2018 3146
117 177 165 208 ’137

748 174 951 207 ANNALIUM
970 176 1043 206 LIB.
1066 176 1120 206 ιχ.

1694 171 1745 205 Ἠδ

115 231 239 265 πρᾶγμα.
263 229 342 255 Ἐπεὶ
355 229 409 265 γὰρ
423 230 478 261 τοῖς
494 230 523 257 ἒν
539 230 571 265 τῇ
587 228 691 265 Σαλπίᾳ
705 229 738 255 δι’
753 229 905 265 αὐτομόλου

962 229 1110 257 scientibus
1129 233 1264 261 uteretur,
1292 233 1322 256 ut
1348 236 1397 264 pro
1414 228 1544 256 Romanis
1561 229 1746 263 haberentur;

114 275 189 311 δῆθεν
203 273 238 310 ἦν
254 275 411 307 ἐπιστείλας
428 276 466 307 ὡς
499 277 513 302 ό
538 275 697 311 Μάρκελλος
712 275 807 304 νυκτὸς
826 284 909 310 προσ-

115 322 152 357 ﬁat
177 323 237 351 τοῖς
262 322 378 356 τείχεσι,
405 323 438 356 τῇ
471 330 500 347 τε
526 322 581 348 τῶν
597 322 721 348 Λατίνων
738 322 908 356 κεχρημένος

117 359 190 402 nivi;
211 368 262 393 σὺν
280 367 372 398 ἄλλοις
388 368 583 402 ἐπισταμένοις
601 367 697 403 αὐτὴν,
713 368 757 394 ἵνα
778 368 908 402 Ῥωμαῖοι

115 413 226 444 εὸξωσιν
245 410 328 439 εἶναι.
353 413 493 444 Μαθόντες
512 413 540 438 δὲ
558 414 582 439 ol
598 413 737 448 Σαλπηνοὶ
753 414 801 448 τὴν
815 413 908 439 ἐπιτέ-

115 467 209 493 χνησιν
222 459 317 490 αὑτοῦ,
329 459 562 494 ἀντετεχνήσαντο
575 459 713 486 πιστεύειν
727 459 812 491 ὅπως
825 467 909 494 προσ-

116 504 183 529 ιέναι
229 504 275 529 τὸν
322 504 494 538 Μάρκελλον.
529 505 583 531 Καὶ
619 505 829 538 ἀνασπάσαντες
863 507 910 533 τὸν

116 548 481 582 καταρρἁτην,εισήγαγον
494 549 575 579 ὅσους
589 549 680 581 αὐτοῖς
696 549 785 583 ἔδοξεν
799 551 909 582 ἱκανοὺς

116 593 185 619 εἶναι
201 594 427 629 κατεργασθῆναι
445 595 509 630 παρ’
528 595 630 627 αὐτῶν,
653 596 700 622 καὶ
715 598 821 629 πάντας
843 599 910 624 ὸ.πέ-

117 647 240 667 κτειναν.
268 640 298 665 '0
325 640 353 666 δὲ
379 639 506 672 Ἀννίϐας
537 641 644 675 ἀπῆρεν
671 641 782 675 αὐτίκα,
815 641 910 677 μαθὼν

117 685 179 715 τοὺς
207 686 332 718 Λοκροὺς
348 685 598 720 πολιορκουμένους
623 687 698 721 παρὰ
719 686 862 722 Ῥωμαίων
878 691 909 714 ἐκ

118 733 244 764 Σικελίας
259 732 496 758 ἐπιπλευσάντων.
515 732 570 759 Kal
588 732 721 765 Πούπλιος
743 734 772 760 δὲ
797 734 910 761 Σουλπί-

118 787 174 809 κιος
191 777 264 813 μετὰ
280 777 409 804 Αἰτωλῶν
423 777 470 804 καὶ
481 778 634 813 συμμάχων
645 779 748 814 ἑτέρων
761 779 846 807 πολλὰ
859 781 910 814 τῆς

124 824 239 858 ’Ᾱχαῖις
254 823 402 858 ἐπόρθησε.
419 823 473 849 Τοῦ
487 823 515 850 δὲ
530 824 664 851 Φιλίππου
691 824 738 851 τοῦ
753 825 910 858 Μακεδόνος

119 871 174 901 τοῖς
204 870 326 904 ’Ᾱχαιοῖς
357 871 589 906 συμμαχήσαντος
605 891 612 904 ,
641 872 779 904 παντελῶς
802 872 836 900 ἂν
861 874 910 907 τῆς

125 916 254 947 Ἑλλάδος
282 916 457 952 ἐξηλάθησαν
479 918 502 943 οἱ
524 917 665 950 Ῥωμαῖοι,
684 918 708 944 εἰ
726 919 763 953 μὴ
780 918 826 945 τοῦ
842 919 907 953 κρά-

119 971 180 993 νους
197 961 247 988 τοῦ
274 962 408 989 Φιλίππου
426 963 633 998 περιρρυέντος,
646 964 670 990 οἱ
699 965 814 991 Αἰτωλοὶ
830 964 909 990 τοῦτο

121 1008 210 1042 ἔσχον,
229 1009 277 1034 καὶ
289 1010 384 1043 φήμης
397 1009 436 1040 είς
453 1009 516 1040 τοὺς
537 1009 694 1041 Μακεδόνας
709 1011 859 1046 γενομένης
872 1010 910 1042 ὡς

120 1054 247 1088 τέθνηκε,
267 1053 362 1085 στάσις
376 1062 405 1080 τε
419 1055 533 1088 γέγονεν
551 1056 611 1082 ἐκεῖ
626 1077 634 1089 ,
660 1057 708 1083 καὶ
730 1056 851 1092 ἐφοβήθη
873 1057 910 1092 μὴ

119 1099 168 1133 τῆς
182 1099 325 1134 βασιλείας
349 1100 479 1134 στερηθῇ,
499 1100 546 1126 καὶ
564 1102 630 1136 πρὸς
648 1102 819 1128 Μακεδονίαν
833 1102 911 1136 ἠπεί-

120 1144 183 1180 χθη.
205 1144 347 1171 Ἑντεῦθεν
362 1145 386 1171 oi
407 1145 537 1180 Ῥωμαῖοι
549 1148 582 1181 τῇ
599 1147 701 1173 Ἑλλάδι
715 1148 908 1182 προσέμειναν,

121 1191 168 1217 καί
196 1199 281 1217 τινων
307 1191 465 1226 ἐκράτησαν
491 1192 606 1220 πόλεων.
622 1193 667 1228 Τῷ
682 1193 705 1219 δ’
721 1194 825 1220 ἐπιόντι
844 1193 908 1225 ἔτει,

121 1237 157 1267 ὡς
186 1236 201 1262 ὁ
229 1237 398 1272 Ἀσδρούῦας
426 1238 575 1272 ἠγγέλλετο
605 1237 737 1273 προσιὼν,
767 1238 792 1265 οι
821 1241 850 1265 ἐν
876 1239 909 1273 τῇ

128 1282 222 1318 Ῥώμῃ
238 1283 288 1315 τὰς
305 1283 435 1317 δυνάμεις
450 1292 479 1310 τε
499 1283 636 1318 ἤθροιζον,
654 1285 701 1310 καὶ
719 1284 784 1315 τοὺς
800 1284 911 1318 συμμά-

122 1337 185 1362 χους
207 1329 285 1362 σφῶν
313 1328 540 1363 μετεπέμποντο,
567 1330 688 1360 ὑπάτους
718 1329 852 1356 Κλαύδιον
880 1338 910 1357 τε

123 1375 238 1409 Νέρωνα
257 1375 304 1401 καὶ
319 1375 427 1401 Λιούῐον
442 1374 488 1401 τὸν
502 1374 617 1409 Μάρκον
631 1375 764 1409 ἑλόμενοι.
783 1375 840 1402 Καὶ
858 1375 911 1402 Νέ-

126 1428 196 1454 ρωνα
225 1421 275 1454 μὲν
307 1421 352 1445 ὲπὶ
372 1421 417 1446 τὸν
448 1419 585 1452 ’Λννίΰαν,
605 1419 712 1446 Λιούῖον
737 1420 766 1446 δὲ
798 1421 846 1446 επὶ
865 1421 910 1447 τὸν

130 1466 294 1501 ’Λοδροὺὃαν
313 1465 450 1501 ἔπεμψαν,
478 1466 507 1498 ὃς
533 1466 607 1501 αὐτῴ
633 1466 700 1500 πρὸς
724 1467 756 1501 τῇ
788 1466 855 1501 Σένῃ
878 1469 910 1502 τῇ

125 1512 201 1538 πόλει
219 1512 390 1547 ἀπήντησεν,
408 1512 443 1538 Οὐ
469 1513 561 1547 μέντοι
579 1514 625 1538 καὶ
656 1512 696 1543 είς
722 1513 814 1547 χεῖρας
832 1513 911 1543 εὐθὺς

103 1573 106 1575 -
124 1556 218 1593 ἦλθεν,
234 1559 281 1584 ἐπὶ
298 1558 398 1588 πολλὰς
413 1557 443 1584 δὲ
463 1557 569 1593 ἡμέρας
588 1557 659 1584 κατὰ
685 1558 776 1592 χώραν
792 1558 910 1592 ἔμεινεν.

132 1604 200 1629 Ἀλλ’
218 1604 279 1630 οὐδὲ
306 1605 320 1630 ό
350 1603 514 1639 Ἀσδρούῦας
540 1604 589 1638 τὴν
617 1604 708 1638 μάχην
735 1603 910 1639 κατήπειξεν,

126 1650 246 1684 ἡσύχαζε
261 1650 291 1676 δὲ
304 1650 351 1676 τὸν
366 1650 480 1684 ἀδελφὸν
493 1651 650 1683 ἀναμένων.
668 1650 696 1676 ’0
709 1650 805 1684 Νέρων
820 1650 849 1676 δὲ
867 1650 914 1676 καὶ

126 1698 139 1723 ὁ
158 1696 283 1728 Ἀννίϐας
311 1697 351 1728 είς
381 1697 535 1722 Λευκανίαν
563 1697 835 1731 ἐστρατοπεδεύοντο,
866 1697 914 1723 καὶ

126 1743 265 1778 οὐδέτερος
283 1742 351 1777 πρὸς
378 1743 532 1777 παράταξιν
556 1742 696 1777 ὥρμησεν,
722 1742 810 1773 ἄλλως
832 1742 860 1768 δὲ
885 1743 913 1773 ὲς

127 1791 218 1823 χεῖρας
246 1788 371 1823 ἀλλήλοις
398 1788 492 1823 ᾔεσαν.
527 1788 581 1814 Καὶ
613 1789 627 1814 ὁ
663 1788 788 1820 ’Δννίὸας
821 1789 913 1814 πυκνὰ

131 1835 320 1869 μετανίστατο,
339 1835 384 1861 καὶ
399 1836 412 1861 6
429 1834 524 1870 Νέρων
540 1834 662 1869 ἀκριϐῶς
688 1835 768 1860 αὺτὶν
794 1834 914 1870 παρετή-

131 1891 180 1916 ρει.
201 1881 344 1917 Κρείττων
370 1880 417 1907 οὖν
445 1881 490 1907 ἀεὶ
518 1879 600 1906 αὑτοῦ
629 1880 783 1913 γινόμενος,
810 1881 857 1905 καὶ
880 1879 914 1905 τὰ

131 1929 280 1964 γράμματα
309 1927 344 1953 τὰ
374 1927 450 1962 παρὰ
473 1925 521 1953 τοῦ
547 1925 709 1960 ’Δσδρούὸου
738 1925 812 1960 αὐτῷ
842 1933 914 1959 πεμ-

132 1974 230 2008 φθέντα
246 1972 327 2003 ἑλὼν,
342 1972 389 1998 τοῦ
407 1972 456 2007 μὲν
472 1972 592 1998 Ἀννίὸου
608 1970 808 2006 κατεφρόνησε·
823 1971 915 2002 δείσας

131 2020 157 2046 δι
172 2019 211 2054 μὴ
231 2020 277 2045 τὸν
301 2018 411 2046 Λιούῖον
435 2020 448 2044 6
472 2017 638 2054 Ἀσδρούὸας
653 2017 692 2052 τῷ
707 2017 805 2053 πλήθει
828 2025 914 2044 κατα.

131 2065 269 2101 διάσηῑαι,
287 2065 359 2099 μέγα
386 2065 504 2099 πρᾶγμα
532 2063 679 2098 ἐτόλμησε.
706 2064 760 2090 Καὶ
783 2063 914 2090 κατέλιπε

131 2112 176 2146 μὲν
202 2111 302 2146 μοῖραν
331 2111 399 2142 ἐκεῖ,
413 2109 578 2144 ἀποχρῶσαν
597 2109 702 2144 εῐργειν
719 2109 766 2135 τὸν
790 2108 915 2136 ’Δννίεαν

130 2158 154 2183 ετ
166 2166 205 2192 πη
223 2155 362 2191 χινηθείη,
379 2156 569 2190 ἐντειλάμενος
598 2156 688 2182 πάντα
710 2156 786 2182 ποεῖν
807 2154 850 2181 ἶνα
867 2155 916 2181 καὶ

129 2204 207 2236 αὐτὸς
223 2203 363 2238 νομίζοιτο
386 2203 530 2237 ἐνδημεῖν·
553 2202 584 2228 τὸ
610 2202 638 2228 δὲ
656 2201 850 2237 καθαρώτατον
866 2201 913 2228 τοῦ

961 275 1112 309 Salapiaui,
1125 276 1184 311 ejus
1199 276 1316 304 artillcio
1329 277 1449 312 cognito.
1471 278 1521 305 hac
1543 283 1604 305 arte
1626 278 1746 305 vicissim

959 321 1000 348 usi
1021 325 1096 351 sunt.
1118 326 1148 348 ut
1161 329 1190 349 se
1206 322 1366 350 Marcellum
1386 323 1482 351 adesse
1502 323 1615 352 credere
1635 325 1748 352 simula-

958 370 1038 399 rent;
1053 367 1223 402 clathrisque
1237 368 1372 400 attractis,
1390 373 1429 396 tot
1447 370 1474 396 in
1507 370 1602 397 urbem
1629 370 1748 398 admise-

959 417 1034 443 runt,
1049 417 1117 447 quot
1131 412 1274 440 vincendis
1285 421 1314 441 se
1327 412 1406 448 pares
1422 423 1483 442 esse
1513 416 1655 446 rebantur.
1684 424 1747 442 eos-

959 465 1013 491 que
1029 464 1124 484 omnes
1140 456 1312 484 occiderunt.
1327 459 1444 485 Annibal
1457 467 1533 490 Vero,
1553 467 1615 486 cum
1643 459 1747 488 Locros

959 510 974 529 ο
997 502 1128 530 Romanis
1143 510 1177 530 ex
1191 502 1285 530 Sicilia
1311 503 1445 538 profectis
1469 504 1590 532 obsideri
1614 506 1747 537 audisset.

960 550 1053 576 statim
1069 551 1195 578 recessit.
1214 550 1245 578 P.
1262 550 1405 585 Sulpicius
1423 556 1515 578 autent
1531 560 1594 578 cum
1609 552 1707 580 Aitolis
1721 557 1749 580 et

959 596 1022 623 aliis
1043 596 1127 624 sociis
1147 604 1273 631 magnam
1296 597 1406 624 Achaia:
1423 602 1527 631 partem
1543 598 1667 624 vastavit.
1695 599 1748 626 Sed

959 649 1020 668 cum
1034 642 1176 676 Philippus
1192 642 1299 669 Achaeis
1316 650 1396 677 opem
1420 643 1541 673 tulisset.
1557 643 1671 670 Romani
1694 648 1749 671 tota

959 688 1062 715 Graecia
1077 688 1149 722 pulsi
1165 692 1267 719 essent,
1282 688 1336 715 nisi
1347 708 1354 721 ,
1372 689 1470 716 Etolis
1482 691 1557 723 galea
1572 688 1690 723 Philippi
1703 697 1750 723 po-

960 736 1030 768 titis,
1052 736 1086 763 de
1099 736 1161 771 ejus
1177 735 1290 762 interitu
1305 743 1400 763 rumor
1412 736 1483 770 apud
1497 735 1658 763 Macedones
1674 743 1751 771 spar-

960 789 1008 808 sus
1023 786 1105 813 esset,
1134 786 1251 816 ortaque
1268 782 1303 809 ibi
1330 782 1440 809 seditio.
1470 781 1579 809 Veritus
1604 781 1690 813 enim,
1716 789 1750 808 nc

962 835 1046 862 regno
1060 828 1232 862 privaretur,
1250 827 1278 854 in
1307 827 1491 853 Macedoniam
1521 827 1688 861 properavit.
1712 827 1750 854 Ita

962 873 1075 903 factum.
1092 878 1122 900 ut
1134 872 1250 900 Romani
1272 872 1299 898 in
1315 872 1418 899 Graecia
1438 877 1657 906 perseverantes,
1677 872 1752 899 urbi~

928 911 946 936 Β
963 917 1014 944 bus
1026 917 1131 952 aliquot
1146 917 1315 951 potirentur.
1329 916 1460 950 Sequenti
1474 923 1558 945 anno.
1572 923 1634 942 cum
1649 916 1752 942 Asdru-

963 964 1031 991 balis
1048 963 1184 990 adventus
1199 963 1385 994 nuntiaretur,
1405 961 1520 989 Ποιηοηί
1541 962 1663 997 legiones
1684 969 1752 989 cott-

963 1009 1108 1040 vocabant.
1123 1013 1152 1037 et
1174 1009 1266 1036 socios
1282 1016 1347 1036 suos
1360 1009 1549 1040 accersebant,
1567 1007 1682 1035 Claudio
1693 1009 1751 1036 Ne-

963 1062 1029 1082 rone
1043 1059 1071 1082 et
1091 1055 1182 1082 Marco
1209 1054 1287 1082 Livio
1317 1061 1390 1080 coss.
1419 1054 1520 1081 creatis
1558 1057 1596 1081 Ac
1613 1054 1751 1082 Neronem

962 1105 1057 1128 contra
1072 1100 1246 1133 Annibalem,
1262 1099 1369 1127 Livium
1382 1105 1475 1126 contra
1490 1099 1670 1127 Asdrubalem
1699 1101 1750 1127 mi-

962 1151 1070 1178 serunt,
1085 1146 1131 1181 qui
1146 1146 1173 1173 ei
1187 1146 1261 1173 circa
1285 1145 1384 1172 Senam
1411 1147 1507 1173 urbem
1530 1147 1668 1178 occurrit;
1693 1154 1748 1173 non

964 1197 1053 1220 tamen
1077 1192 1167 1219 statim
1182 1192 1216 1219 ad
1238 1200 1335 1219 manus
1352 1192 1438 1222 venit.
1460 1191 1508 1219 sed
1527 1200 1575 1227 per
1591 1193 1650 1220 dies
1671 1200 1748 1220 com-

964 1240 1055 1275 plures
1073 1241 1099 1267 in
1115 1240 1214 1267 castris
1228 1247 1258 1267 sc
1273 1239 1420 1266 continuit.
1438 1239 1533 1274 Neque
1544 1239 1679 1267 Asdrubal
1697 1248 1748 1275 pu-

962 1292 1042 1320 gnam
1057 1285 1137 1315 ursit,
1161 1284 1272 1319 quietus
1296 1284 1410 1311 fratrem
1430 1288 1600 1318 exspectans.
1615 1283 1688 1311 Nero
1703 1292 1751 1311 au-

964 1334 1018 1357 tem
1038 1334 1065 1356 ct
1085 1330 1203 1356 Annibal
1218 1329 1245 1356 in
1270 1329 1390 1356 Lucania
1416 1334 1506 1356 castra
1529 1329 1669 1362 habentes,
1695 1338 1749 1357 non

960 1376 1033 1410 justa
1050 1375 1118 1406 acie,
1134 1374 1181 1401 sed
1210 1373 1399 1400 tumultuariis
1410 1373 1542 1400 duntaxat
1557 1373 1655 1408 pugnis
1686 1379 1751 1401 sunt

963 1421 1115 1456 congressi.
1141 1420 1304 1447 Annibalem
1325 1423 1416 1445 autem
1442 1419 1532 1445 locum
1550 1420 1666 1447 subinde
1692 1428 1752 1447 mu-

964 1472 1078 1497 tantem,
1102 1471 1230 1494 accurate
1258 1465 1413 1492 observavit
1430 1464 1514 1494 Nero.
1534 1472 1642 1499 semper
1656 1473 1688 1492 eo
1703 1473 1749 1493 su-

964 1512 1072 1547 perior;
1091 1517 1119 1539 et
1132 1511 1233 1539 litteris
1250 1511 1342 1538 fratris
1356 1511 1416 1545 ejus
1442 1511 1602 1538 Asdrubalis
1632 1512 1750 1539 interce-

965 1559 1028 1594 ptis,
1044 1558 1177 1585 Annibale
1191 1562 1359 1592 contempto,
1371 1557 1476 1584 veritus
1487 1564 1520 1583 ne
1531 1557 1666 1583 Asdrubal
1681 1557 1751 1584 mul-

966 1605 1085 1632 titudine
1100 1604 1241 1631 hominum
1267 1603 1345 1630 Livio
1365 1603 1421 1630 vim
1439 1603 1552 1632 faceret.
1569 1611 1695 1638 magnum
1711 1603 1751 1631 fa-

964 1651 1043 1677 cinus
1060 1657 1143 1677 ausus
1159 1653 1210 1676 est.
1228 1648 1332 1676 Relicta
1349 1648 1423 1675 enim
1458 1648 1494 1674 ibi
1527 1652 1600 1675 tanta
1632 1649 1748 1676 militum

963 1701 1052 1731 parte.
1068 1700 1171 1731 quanta
1186 1696 1219 1722 ad
1238 1694 1442 1730 reprimendum
1458 1695 1617 1722 Annibalem
1633 1695 1698 1722 satis
1711 1703 1751 1723 es-

963 1747 1014 1772 set,
1029 1742 1052 1769 si
1069 1742 1134 1776 quid
1154 1742 1296 1774 movisset,
1317 1741 1467 1772 mandavit.
1483 1745 1514 1768 ut
1527 1741 1618 1768 omnia
1635 1741 1671 1767 ita
1687 1748 1751 1776 age-

964 1792 1036 1818 rent,
1054 1792 1083 1815 ut
1100 1788 1157 1822 ipse
1169 1794 1291 1822 praesens
1307 1795 1368 1815 esse
1384 1790 1536 1822 putaretur.
1550 1787 1750 1822 Assumptaque

964 1834 1110 1861 lectissima
1123 1839 1201 1867 parte
1210 1835 1359 1867 exercitus,
1373 1833 1450 1868 quasi
1462 1833 1608 1860 lluitimum
1618 1833 1748 1868 oppidum

964 1884 1180 1913 oppugnaturus,
1195 1878 1275 1914 433
1293 1879 1402 1906 nemine
1417 1879 1526 1906 consilii
1546 1880 1669 1911 conscio,
1699 1880 1749 1907 ad-

964 1933 1060 1953 versus
1073 1926 1252 1953 Asdrubalem
1272 1933 1435 1961 properans,
1459 1930 1540 1952 noctu
1559 1926 1594 1953 ad
1618 1926 1750 1961 collegam

964 1973 1051 2002 venit.
1069 1972 1095 1999 in
1109 1972 1225 2007 ejusque
1245 1972 1316 1999 vallo
1333 1971 1521 2006 pernoctavit;
1550 1972 1687 2006 amboque
1721 1980 1751 2000 se

965 2022 1101 2052 parantes,
1117 2022 1147 2044 ut
1161 2017 1266 2044 hostem
1291 2024 1325 2043 ex
1349 2016 1498 2051 improviso
1521 2016 1749 2051 aggrederentur,

966 2062 1148 2089 Asdrubalem
1160 2069 1214 2089 non
1226 2062 1373 2089 latuerunt.
1386 2061 1455 2089 Cum
1470 2062 1542 2088 enim
1559 2066 1673 2096 uterque
1687 2070 1752 2089 con-

965 2109 1007 2135 sul
1025 2108 1125 2135 milites
1138 2115 1205 2135 suos
1220 2107 1336 2135 seorsitn
1359 2107 1561 2139 cohortaretur.
1577 2107 1751 2135 animadver-

966 2155 999 2182 tit
1011 2153 1079 2189 quid
1095 2153 1135 2181 rei
1147 2158 1238 2186 esset;
1256 2158 1285 2180 et
1296 2153 1457 2180 Annibalem
1473 2153 1576 2181 victum
1594 2161 1751 2189 caesumque

966 2207 1027 2227 esse
1040 2199 1197 2234 suspicatus
1211 2199 1269 2234 (illo
1282 2199 1354 2226 enim
1369 2199 1526 2233 superstite,
1537 2200 1674 2227 Neronem
1683 2208 1752 2228 con-

129 2250 244 2285 στρατοῦ
260 2249 407 2282 ἀπολέξας,
424 2249 555 2284 ὥρμησεν
571 2248 608 2279 ὡς
625 2247 808 2283 πλησιοχώρῳ
836 2247 911 2274 πόλει

968 2251 1008 2272 ira
1023 2253 1051 2272 se
1067 2253 1208 2280 nunquam
1225 2246 1327 2272 iturum
1337 2245 1447 2279 fuisse),
1458 2245 1492 2272 ad
1505 2245 1596 2274 Gallos
1606 2246 1682 2274 abire
1694 2251 1752 2287 sta-

126 2298 177 2322 τινὶ
200 2296 374 2331 προσμίξων,
399 2295 452 2321 οὐδ’
468 2294 526 2329 ᾔδει
543 2303 583 2325 τις
607 2294 653 2329 τὴν
670 2294 790 2322 διάνοιαν
816 2293 911 2320 αὑτοῦ.

127 2343 179 2369 Καὶ
197 2341 320 2377 ἠπείχθη
336 2342 383 2368 ἐπὶ
399 2333 445 2367 τὸν
469 2340 644 2376 Ἀσδρούϐαν,
666 2340 712 2366 καὶ
731 2339 846 2374 ἀφίκετο
867 2347 914 2366 νυ-

125 2389 186 2420 κτὸς
205 2387 277 2422 πρὸς
292 2387 338 2413 τὸν
357 2386 536 2421 συνάρχοντα,
556 2385 603 2411 καὶ
622 2385 651 2410 ἐν
679 2385 712 2420 τῇ
739 2385 858 2420 ταφρείᾳ
880 2386 913 2420 τῇ

125 2434 207 2461 αὑτοῦ
223 2433 424 2468 συνεσκήνησε.
442 2432 498 2457 Καὶ
513 2430 750 2465 παρεσκευάζοντο
763 2431 859 2465 ἁμφω,
879 2430 913 2456 ἶν’

125 2481 260 2516 αἰφνίδιον
284 2478 360 2514 αὐτῷ
384 2477 593 2504 συνεπίθωνται.
611 2477 665 2502 Οὐκ
680 2475 775 2502 ἔλαθον
789 2476 829 2508 δὲ,
854 2476 912 2502 ἁλλ’

126 2526 304 2560 ἐτεκμήρατο
318 2523 350 2549 τὸ
365 2523 549 2558 γεγενημένον
561 2523 575 2548 ό
599 2521 763 2556 ’Δσδρούσας
791 2521 845 2548 ἀπὸ
859 2521 912 2548 τῶν

126 2569 345 2607 παραγγέλσεων
358 2567 454 2594 διττῶν
467 2567 628 2601 γινομένων.
654 2567 717 2602 Ὶδίᾳ
730 2567 783 2602 γὰρ
796 2566 912 2599 ἕκαστος

126 2617 177 2643 τῶν
191 2615 310 2642 ὑπάτων
329 2613 502 2649 παρήγγελλε
516 2621 543 2638 τι
556 2613 612 2644 τοῖς
628 2612 738 2640 ἑαυτοῦ.
760 2611 912 2639 ’Υποτιτεὺ-

127 2670 173 2692 σας
188 2660 236 2687 οὖν
248 2658 383 2695 ἡττῆσθαι
397 2658 442 2684 τὸν
456 2657 579 2683 ’Δννίῦαν
602 2658 648 2683 καὶ
663 2657 810 2683 ἀπολέσθαι
824 2658 913 2692 (περι-

128 2707 201 2738 όντος
218 2707 274 2741 γὰρ
299 2705 405 2731 ἐκείνου
432 2705 480 2730 οὑκ
502 2703 535 2729 ἂν
559 2702 601 2728 ἐπ’
619 2702 700 2729 αὺτὸν
716 2701 838 2737 ὁρμῆσαι
865 2702 912 2729 τὸν

129 2753 242 2788 Νέρωνα
258 2751 418 2784 ἐλογίζετο),
433 2751 504 2783 ἔγνω
516 2750 582 2784 πρὸς
593 2749 654 2779 τοὺς
671 2748 793 2779 Γαλάτας
806 2749 913 2776 ἀπανα-

129 2799 262 2834 χωρῆσαι,
287 2797 336 2824 καὶ
359 2797 416 2822 ἐκεῖ
431 2796 466 2822 τὰ.
480 2796 543 2830 περὶ
557 2794 602 2821 τὺν
623 2794 736 2829 ἀδελφὺν
755 2794 913 2829 ἀκριϐώσα-

133 2844 189 2872 σθαι
204 2846 252 2871 καὶ
266 2843 339 2871 οὕτω
354 2842 423 2870 κατὰ
450 2842 548 2878 σχολὴν
565 2842 728 2876 πολεμῆσαι.
744 2843 799 2868 Καὶ
822 2843 836 2868 6
862 2843 912 2877 μὲν

133 2891 316 2927 παραγγείλας
343 2890 382 2925 τῷ
410 2889 595 2925 στρατεύματι
623 2889 784 2923 ἀναστῆναι,
814 2888 911 2920 νυκτὸς

966 2293 1027 2324 tuit,
1049 2296 1076 2319 et
1094 2292 1151 2319 illic
1177 2296 1249 2318 statu
1277 2291 1371 2319 fratris
1387 2293 1540 2327 explorato,
1569 2292 1671 2319 bellum
1700 2300 1752 2328 per

964 2338 1051 2364 otium
1075 2338 1282 2365 administrare.
1300 2337 1395 2373 Itaque
1419 2338 1551 2365 militibus
1575 2338 1674 2366 itinere
1702 2339 1751 2366 de-

964 2385 1102 2417 nuntiato,
1116 2404 1124 2416 ,
1138 2388 1221 2411 noctu
1234 2383 1374 2412 discessit.
1386 2383 1416 2410 Id
1432 2384 1561 2411 consules
1578 2391 1611 2411 ex
1632 2386 1749 2412 tumultu

964 2430 1107 2464 suSpicati,
1121 2437 1176 2456 non
1206 2433 1296 2456 tamen
1317 2433 1431 2464 propter
1460 2429 1588 2455 tenebras
1609 2435 1639 2455 se
1657 2428 1751 2456 statim

964 2481 1190 2508 commoverunt;
1211 2475 1258 2502 sed
1275 2475 1327 2503 sub
1346 2482 1475 2502 auroram
1489 2473 1629 2508 equitibus
1639 2475 1671 2501 ad
1686 2482 1750 2502 eum

964 2522 1185 2558 persequendum
1204 2520 1361 2556 praemissis,
1378 2519 1429 2554 ipsi
1442 2519 1592 2550 subsecuti.
1612 2519 1752 2546 Asdruba-

962 2568 1016 2595 lem
1041 2567 1149 2602 equites
1164 2573 1321 2602 aggressum
1348 2565 1432 2599 (solos
1444 2565 1518 2591 enim
1535 2571 1583 2590 eos
1597 2571 1658 2591 esse
1671 2569 1751 2598 puta-

964 2615 1020 2649 bat)
1036 2618 1206 2648 superventu
1224 2619 1274 2639 suo
1286 2612 1313 2638 in
1325 2611 1416 2646 fugam
1435 2615 1589 2643 verterunt,
1600 2615 1628 2638 et
1643 2610 1750 2645 iugien-

964 2665 1005 2688 tes
1023 2660 1171 2695 persecuti,
1187 2659 1288 2686 multos
1300 2658 1474 2688 occiderunt,
1488 2658 1522 2684 ab
1537 2657 1694 2692 elephantis
1706 2657 1752 2684 ni-

964 2704 1002 2731 hil
1014 2704 1134 2739 adjutos.
1149 2703 1253 2730 Horum
1265 2704 1340 2730 enim
1356 2702 1440 2736 aliqui
1455 2702 1601 2734 vulnerati,
1614 2710 1675 2729 cum
1689 2702 1751 2736 plus

963 2751 1027 2778 mali
1044 2752 1085 2778 cis
1107 2751 1204 2777 darent
1230 2757 1312 2784 quam
1337 2749 1441 2782 hostes,
1466 2749 1599 2776 Asdrubal
1627 2756 1751 2777 sessorcs

963 2806 1060 2827 eorum
1076 2798 1193 2828 monuit.
1218 2801 1248 2824 ut
1259 2796 1418 2823 vulneratos
1432 2795 1524 2823 statim
1539 2795 1709 2827 occiderent,
1722 2794 1750 2821 id

963 2843 1037 2878 quod
1049 2843 1129 2870 facile
1143 2842 1237 2874 ﬁebat,
1250 2849 1312 2869 cum
1323 2841 1414 2868 ferreo
1429 2841 1525 2868 aculeo
1541 2841 1592 2868 sub
1603 2847 1669 2867 aure
1681 2847 1752 2875 pun-

964 2889 1107 2925 gebantur.
1127 2887 1172 2916 Sic
1189 2888 1287 2916 bellua:
1312 2895 1328 2914 ι
1353 2885 1639 2923 Carthaginiensibus,
1652 2884 1706 2913 viri
1735 2893 1750 2913 a
