2018 3146
229 167 244 196 7
251 165 284 196 l3

863 157 1026 190 JOANNIS
1050 157 1214 189 ΖΟΝΑΒΕ

1797 157 1854 189 7H

229 220 400 255 κατέμεινεν.
419 220 450 246 Αἱ
474 218 551 252 νῆσοι
574 217 597 242 δ’
615 214 694 243 αὗται
711 215 743 249 τῇ
761 214 825 249 περὶ
851 215 897 241 τὸν
931 214 1029 250 Ἴϐηρα
1048 214 1156 250 ἠπείρῳ
1173 214 1336 241 ἐπίκεινται.
1357 213 1417 240 Εἰσὶ
1449 213 1478 240 δὲ
1496 215 1579 249 τρεῖς,
1599 214 1633 245 ἃ;
1647 214 1780 250 Ἕλληνες
1805 216 1856 250 μὲν

228 270 273 293 καὶ
290 267 418 301 Ῥωμαῖοι
432 267 507 299 κοινῇ
522 264 677 299 Γυμνησίας
693 262 835 294 καλοῦσιν,
863 262 1015 298 Οὐαλερίας
1033 262 1063 290 δὲ
1091 263 1138 289 καὶ
1169 260 1339 293 Ὑασσούσας
1372 263 1397 288 οι
1417 262 1536 297 Ἴϐηρες,
1551 262 1604 297 ίδίᾳ
1626 261 1649 288 δ’
1663 262 1793 297 ἑκάστην,
1807 263 1859 299 τὴν

231 311 280 345 μὲν
298 310 421 341 Ἐϐεσον,
450 308 499 344 τὴν
512 308 542 334 δὲ
567 308 671 340 Μείζω,
692 307 865 344 Μικροτέραν
892 307 922 334 δὲ
948 309 998 342 τὴν
1020 307 1116 343 τρίτην
1142 307 1377 343 φερωνυμώτατα.
1403 307 1443 334 Τὰ
1466 307 1581 342 Γάδειρα
1606 307 1635 334 δὲ
1664 309 1689 335 οἱ
1726 308 1859 345 Ῥωμαῖοι

228 359 369 392 κατέσχον.

262 404 308 431 Xl.
329 401 470 429 Masinissa
493 408 586 437 porro,
596 400 638 428 vir
666 401 738 428 inter
762 400 1013 436 praestantissimos.

1101 399 1153 427 lA'.
1181 399 1211 426 '0
1225 399 1254 426 δὲ
1272 400 1443 432 Μασινίσσας
1459 399 1527 435 ἀνὴρ
1538 397 1572 436 ἦν
1587 401 1617 426 ὲν
1631 401 1688 432 τοῖς
1699 403 1858 436 κρατίστοις

227 450 256 477 in
270 457 298 477 re
315 449 425 476 militari
449 452 475 476 et
487 447 569 483 436
594 455 678 474 manu
693 452 721 475 et
735 448 851 475 consilio
864 447 1015 482 promptis-

229 495 326 526 simus,
343 494 388 521 tali
403 493 437 521 de
454 501 535 521 causa
548 501 562 520 a
579 492 853 528 Carthaginiensibus
867 493 901 520 ad
917 492 1017 519 Roma-

228 549 280 568 nos
305 540 418 568 defecit.
444 539 591 572 Asdrubal,
616 539 744 574 Gisgonis
760 539 840 571 ﬁlius,
865 538 970 566 amicus
990 537 1016 565 ei

228 594 297 620 erat,
313 591 343 615 et
357 586 559 622 Sophonisbam
576 586 658 613 ﬁliam
673 584 869 620 desponderat.
887 584 940 612 Sed
953 591 1016 611 eum

230 633 383 669 Syphacem
392 633 522 660 Romanis
533 632 644 659 studere
655 631 796 663 sensisset,
804 631 927 658 abdicata
938 629 1019 657 Masi-

229 679 309 705 nissa:
323 677 465 710 afﬁnitate,
483 682 513 703 ut
525 676 674 711 Syphacem
687 673 960 709 Carthaginiensibus
972 680 1018 699 re-

229 725 463 756 conciliaret,non
481 723 599 749 minima:
614 722 742 756 potentia:
759 720 923 755 principem,
942 718 1019 753 adju-

230 774 322 796 mento
333 769 393 801 fuit,
413 773 443 794 ut
455 767 604 794 Masinissae
615 766 780 800 principatu,
797 765 876 800 cujus
888 768 964 799 pater
977 771 1020 791 re-

229 822 294 842 cens
304 815 420 845 obierat,
429 813 563 847 potiretur
574 811 825 846 :etSopbonisbam
838 812 864 838 in
877 809 1019 837 matrimo-

229 861 307 887 nium
318 859 404 891 dedit,
417 858 561 886 excellenti
575 857 662 884 lorma
674 857 828 888 mulierem,
841 857 868 884 in
883 855 982 883 litteris
990 859 1019 882 et

229 906 334 933 musica
353 904 620 933 exercitatissimam.
634 903 703 930 adeo
717 902 862 935 urbanam,
874 901 1019 928 facundam

229 955 257 977 et
266 954 454 981 venustam,ut
464 950 523 976 solo
530 954 642 983 aspectu
651 948 780 974 audituve
791 947 930 974 hominem
936 946 1018 973 etiam

231 996 437 1023 severissimum
466 996 493 1022 in
516 996 558 1022 sui
584 1002 704 1022 amorem
734 993 893 1028 pertrahere
915 996 1018 1028 posset.

231 1043 280 1070 llis
292 1043 326 1069 de
341 1042 431 1069 causis
446 1041 554 1077 Syphax
570 1041 602 1068 ad
617 1041 855 1076 Carthaginienses
876 1047 906 1067 se
920 1044 1020 1066 contu-

231 1089 274 1116 lit.
299 1088 442 1116 Masinissa
466 1088 604 1115 Itomanos
628 1092 668 1114 est
696 1091 817 1118 secutus,
842 1087 943 1120 quibus
969 1092 1018 1120 per

231 1142 340 1161 onmem
363 1138 472 1161 astatem
490 1138 630 1160 strenuam
651 1132 760 1159 navavit
781 1139 904 1167 operam.
925 1130 1018 1166 Scipio

232 1189 295 1208 cum
310 1181 403 1207 omnia
419 1187 479 1214 quae
494 1179 565 1206 intra
580 1179 724 1214 Pyrenatos
739 1182 845 1205 montes
865 1181 941 1210 sunt,
955 1183 1019 1211 par-

233 1227 282 1254 tim
301 1227 337 1258 vi,
355 1225 454 1260 partim
474 1225 615 1252 deditione
628 1225 755 1259 cepisset,
774 1223 899 1258 trajicere
911 1223 938 1249 in
949 1221 1020 1249 Afri—

233 1279 292 1298 cam
313 1270 419 1298 statuit.
435 1270 550 1296 Romani
565 1273 667 1297 autem.
682 1268 781 1302 partim
795 1275 828 1294 ex
840 1266 942 1293 invidia
953 1272 1018 1293 suc-

233 1325 362 1345 tessuum
380 1317 451 1351 eius.
467 1316 566 1350 partim
583 1315 674 1346 veriti,
690 1322 724 1341 ne
738 1321 787 1348 per
804 1312 960 1348 superbiam
975 1319 1020 1339 re-

233 1370 316 1398 gnum
335 1362 485 1393 alrectaret,
497 1361 565 1388 duos
581 1360 606 1387 ei
621 1366 795 1387 successores
812 1358 957 1385 dederunt.
974 1356 1020 1384 Sic

236 1409 328 1443 Scipio
356 1408 503 1442 imperium
530 1406 669 1442 deposuit.
696 1404 835 1439 Sulpicius
850 1409 940 1430 autem
957 1409 1020 1430 cum

233 1453 324 1481 Attalo
337 1453 434 1481 eodem
449 1457 572 1487 tempore
588 1451 689 1479 Oreum
702 1450 868 1485 proditione,
884 1448 1019 1483 Opuntem

235 1501 261 1528 vi
274 1500 429 1535 occupavit.
443 1499 585 1533 Philippus
599 1497 673 1524 enim
688 1497 729 1523 eis
739 1501 845 1523 mature
857 1503 936 1529 opem
949 1495 1021 1521 {erro

235 1554 290 1574 non
305 1546 404 1581 potuit,
431 1545 482 1572 viis
498 1552 550 1579 qua
570 1542 765 1570 transeundum
782 1547 852 1572 erat,
874 1541 909 1567 ab
923 1539 1022 1567 {Etolis

234 1592 360 1620 insessis.
384 1590 437 1618 Sed
451 1597 514 1617 sero
543 1589 651 1616 tandem
664 1595 727 1615 cum
744 1587 874 1617 venisset,
887 1586 979 1612 Attalo
994 1585 1022 1612 in

236 1645 320 1666 naves
335 1644 399 1664 suas
414 1636 568 1670 compulso,
599 1642 692 1669 pacem
707 1641 770 1661 cum
785 1632 917 1660 Romanis
932 1631 1023 1659 facere

236 1683 333 1711 voluit.
351 1682 404 1710 Sed
421 1689 483 1709 cum
499 1686 561 1716 post
573 1681 658 1707 multa
674 1679 758 1707 verba
783 1678 956 1706 conditiones
969 1685 1023 1704 non

237 1729 416 1762 placuissent,
428 1735 495 1762 pace
510 1726 664 1760 repudiata,
683 1724 791 1752 Altolos
806 1732 821 1751 a
835 1724 1021 1751 Romanorum

1066 445 1276 480 ἐξεταζόμενοςν
1297 446 1344 472 καὶ
1360 446 1432 481 χειρὶ
1448 446 1503 481 γὰρ
1522 445 1570 472 καὶ
1595 445 1780 481 βουλεύμασιν
1795 447 1858 482 ἄρι-

1067 500 1129 523 στος
1149 491 1282 526 ἐτύγχανε
1297 491 1331 518 τὰ
1349 491 1478 526 πολέμια.
1502 492 1576 527 Πρὸς
1589 492 1618 518 δὲ
1628 492 1689 523 τοὺς
1705 493 1860 527 Ῥωμαίους

1067 537 1100 564 ὲκ
1109 538 1164 565 τῶν
1178 536 1374 572 Καρχηδονίων
1387 537 1418 570 ἐξ
1437 538 1528 569 αίτὶας
1557 539 1664 565 τοιᾶσδε
1694 540 1859 574 μετήνεκτο.

1073 583 1103 610 ’0
1136 583 1301 618 Ἀσδρούϐας
1312 583 1358 609 τοῦ
1375 583 1509 617 Γίσγωνος
1521 584 1597 618 φίλος
1611 593 1642 611 τε
1657 583 1691 621 ἦν
1708 586 1793 621 αὐτῷ,
1810 587 1860 612 καὶ

1068 628 1207 661 Σοφωνίδα
1229 629 1279 662 τὴν
1296 628 1394 656 ἑαυτοῦ
1419 629 1557 665 θυγατέρα
1589 630 1663 665 αὑτῷ
1689 631 1858 666 ἐνηγγύησε.

1067 674 1113 710 Τῷ
1125 674 1233 710 Σύφακι
1243 675 1272 702 δὲ
1289 676 1500 710 συγγενόμενος,
1514 677 1562 703 καὶ
1576 678 1610 704 τὰ
1628 677 1682 703 τῶν
1711 677 1860 713 Ῥωμαίων

1069 721 1150 748 αὑτὸν
1173 721 1325 755 φρονοῦντα
1353 721 1526 756 αἰσθόμενος,
1547 723 1640 749 οὐκέτι
1662 723 1696 749 τὰ
1715 724 1862 759 ὡμολογη-

1070 766 1138 801 μένα
1151 767 1219 802 πρὸς
1235 767 1281 793 τὸν
1299 767 1473 794 Μασινίσσαν
1497 768 1646 802 ἐφύλαξεν·
1673 769 1741 796 ἀλλᾶ
1773 769 1860 796 θέλων

1068 813 1125 844 τοῖς
1142 813 1341 848 Καρχηδονίοις
1359 813 1405 839 τὸν
1417 813 1531 848 Σύφακα
1544 815 1794 849 προσποιήσασθαι,
1809 817 1860 842 οὐκ

1069 858 1215 893 ἐλαχίστης
1231 858 1373 893 δυνάμεως
1392 859 1522 893 ἄρχοντα.
1558 860 1608 894 τήν
1631 868 1660 886 τε
1681 861 1768 895 ἀρχὴν
1784 860 1860 896 αὐτῷ

1069 903 1306 939 συγκατέπραξαν,
1321 905 1338 940 ἢ
1353 905 1393 939 τῷ
1405 905 1563 941 Μασινίσσᾳ
1579 907 1713 941 προσῆκε,
1728 907 1775 933 τοῦ
1807 915 1861 933 πα-

1068 950 1132 986 τρὸς
1145 950 1229 977 αὑτοῦ
1246 950 1307 977 τότε
1326 950 1465 982 θανόντος,
1481 951 1530 978 καὶ
1548 951 1598 986 τὴν
1614 951 1754 985 Σοφωνίδα
1770 952 1862 986 συνῴ-

1070 1004 1157 1023 κισεν.
1180 995 1211 1022 Ὴ
1225 996 1254 1022 δὲ
1266 996 1296 1023 τό
1310 1004 1339 1022 τε
1359 996 1456 1028 κάλλος
1471 997 1606 1031 ἐπιφανὴς
1620 995 1665 1032 ἦν,
1682 997 1730 1023 καὶ
1745 997 1860 1033 παιδείᾳ

1069 1041 1156 1076 πολλῇ
1165 1041 1213 1068 καὶ
1228 1042 1403 1077 γραμμάτων
1417 1043 1464 1068 καὶ
1474 1043 1608 1077 μουσικῆς
1621 1042 1727 1078 ἤσκητο
1738 1050 1745 1057 ·
1762 1043 1861 1069 ἀστεία

1069 1096 1099 1114 τε
1113 1089 1160 1114 καὶ
1174 1087 1289 1124 αίμύλος
1303 1086 1348 1124 ἦν,
1368 1089 1416 1115 καὶ
1429 1089 1516 1120 οὕτως
1531 1089 1722 1124 ἐπαφρόδιτος,
1751 1088 1788 1120 ὡς
1807 1089 1860 1123 δφο

1069 1134 1147 1161 θεῖσα
1164 1134 1239 1169 ἢκαὶ
1260 1134 1425 1161 ἀκουσθεῖσα
1451 1135 1533 1170 μόνον
1551 1134 1600 1161 καὶ
1617 1134 1665 1161 τὸν
1684 1135 1755 1161 πάνυ
1778 1134 1860 1160 δυσέ-

1070 1189 1143 1215 ρωτα
1157 1180 1393 1216 κατεργάσασθαι.
1412 1181 1441 1207 ’0
1455 1180 1505 1215 μὲν
1530 1178 1577 1207 οὖν
1602 1180 1695 1215 Σύφαξ
1714 1180 1758 1207 διὰ
1771 1180 1861 1207 ταῦτα

1069 1226 1125 1257 τοῖς
1137 1225 1332 1261 Καρχηδονίοις
1347 1225 1509 1260 προσέθετο·
1531 1225 1578 1251 καὶ
1600 1225 1614 1251 ό
1635 1225 1806 1255 Μαοινίσσας
1824 1224 1861 1250 τὰ

1069 1270 1126 1297 τῶν
1146 1271 1290 1306 Ῥωμαίων
1307 1269 1447 1296 ἀνθείλετο
1462 1270 1509 1296 καὶ
1530 1270 1744 1306 χρησιμώτατος
1767 1270 1862 1300 αὑτοῦ

1070 1318 1114 1344 διὰ
1131 1317 1240 1344 πάντων
1251 1317 1371 1351 ἐγένετο.
1383 1316 1503 1343 Σκιπίων
1515 1316 1554 1348 δδ,
1568 1317 1657 1343 πάντα
1671 1316 1706 1342 τὰ
1720 1315 1795 1346 ἐντὸς
1809 1315 1858 1342 τοῦ

1072 1362 1226 1398 Πυρηναίου
1241 1363 1275 1390 τὰ
1288 1362 1340 1397 μὲν
1354 1362 1412 1398 βίᾳ,
1435 1362 1468 1389 τὰ
1484 1362 1513 1388 δὲ
1529 1362 1662 1398 ὁμολογίᾳ
1674 1362 1864 1397 προσποιησά-

1072 1416 1165 1442 μενος,
1192 1408 1220 1438 ἐς
1238 1407 1286 1442 τὴν
1307 1406 1411 1441 Διϐύην
1427 1406 1584 1434 στείλασθαι
1595 1407 1770 1442 ἡτοιμάζετο.
1786 1407 1818 1433 Ol
1839 1406 1863 1434 δ’

1074 1452 1104 1478 ἐν
1120 1453 1153 1487 τῇ
1171 1451 1265 1487 Ῥώμῃ
1278 1452 1314 1478 τὰ
1327 1452 1377 1487 μὲν
1396 1451 1485 1487 φθόνῳ
1496 1452 1550 1478 τῶν
1568 1452 1789 1487 κατορθωμάτων
1811 1453 1863 1480 αὒ-

1071 1497 1130 1529 τοῦ,
1152 1498 1187 1525 τὰ
1202 1498 1231 1524 δὲ
1248 1497 1323 1533 φόϐῳ
1337 1498 1375 1533 μὴ
1387 1498 1601 1534 ὑπερφρονήσας
1614 1499 1785 1534 τυραννήσῃ,
1797 1499 1863 1526 ἀνευ

1072 1545 1224 1572 καλέσαντο
1253 1545 1346 1577 αὐτὸν,
1370 1545 1427 1572 δύω
1456 1545 1511 1572 τῶν
1535 1545 1698 1581 στρατηγῶν
1720 1545 1865 1580 διαδόχους

1073 1591 1150 1625 αὐτῷ
1159 1590 1329 1626 πέμψαντες.
1349 1592 1403 1618 Καὶ
1412 1593 1426 1618 δ
1442 1591 1492 1626 μὲν
1505 1590 1577 1618 οὕτω
1587 1592 1638 1626 τῆς
1648 1592 1736 1627 ἀρχῆς
1744 1592 1864 1626 ἐπαύθη.

1079 1636 1110 1663 ’0
1124 1636 1154 1663 δι
1167 1644 1198 1670 γε
1210 1636 1372 1668 Σουλπίκιος
1399 1637 1470 1672 μετὰ
1498 1638 1546 1664 τοῦ
1572 1638 1700 1665 Ἀττάλου
1717 1638 1789 1665 κατὰ
1816 1638 1865 1664 τὸν

1073 1682 1155 1710 αὑτὸν
1169 1682 1267 1718 χρόνον
1288 1683 1381 1717 Ὠρεὸν
1398 1683 1447 1718 μὲν
1458 1683 1601 1719 προδοσίᾳ,
1627 1683 1761 1710 Ὀποῦντα
1774 1684 1804 1711 δδ
1820 1684 1865 1710 ισ-

1074 1727 1120 1764 χύῖ
1134 1727 1279 1763 κατέσχεν.
1300 1728 1330 1755 ’0
1347 1728 1401 1764 γὰρ
1412 1729 1545 1760 Φίλιππος
1561 1729 1611 1756 οὐκ
1621 1729 1742 1765 ἠδυνήθη
1770 1730 1865 1760 acroi;

237 1774 359 1800 amicitia
385 1774 417 1800 ad
446 1779 475 1800 se
500 1772 629 1798 traduxit.
652 1770 771 1798 Annibal
799 1774 889 1809 autem
917 1768 1022 1796 interea

1074 1772 1215 1807 ἐπαμῦναι
1227 1773 1272 1800 διὰ
1283 1774 1402 1808 ταχέων,
1417 1773 1467 1804 τὰς
1486 1774 1591 1806 διόδους
1615 1775 1865 1810 προκατασχόντων

236 1820 351 1854 quievit,
385 1826 435 1846 sua
455 1818 526 1845 tueri
552 1824 592 1844 sat
610 1817 731 1844 habens:
746 1824 834 1850 neque
855 1823 869 1842 a
887 1822 957 1842 coss.
982 1818 1024 1840 est

237 1866 390 1896 lacessitus,
413 1872 477 1892 eum
501 1864 571 1891 citra
596 1863 801 1890 dimicationem
826 1862 970 1888 subactum
990 1859 1024 1887 iri

238 1911 407 1945 putantibus.
433 1909 563 1945 Sequenti
583 1916 655 1936 anno
677 1909 708 1936 P.
735 1908 827 1942 Scipio
848 1912 876 1935 et
901 1906 1024 1934 Licinius

236 1958 351 1985 Crassus
367 1964 439 1984 coss.
465 1956 530 1983 facti
546 1965 553 1982 :
573 1963 690 1990 quorum
707 1955 752 1982 hic
776 1955 803 1981 in
819 1954 892 1981 Italia
913 1953 1022 1985 mansit,

238 2003 324 2030 altero
341 2001 369 2029 iu
384 2001 506 2029 Siciliam
522 2005 550 2028 et
563 2000 682 2028 Africam
699 2001 739 2027 ire
755 2001 851 2035 jusso:
874 2003 903 2026 ut
921 1999 943 2025 si
959 1997 1024 2026 Car-

239 2048 378 2082 thaginem
395 2055 451 2074 non
465 2052 586 2082 caperet,
604 2047 700 2074 saltem
721 2045 884 2073 Annibalem
898 2053 931 2072 ex
948 2044 1024 2072 Italia

238 2099 377 2121 avocaret.
404 2094 457 2121 Sed
479 2101 530 2121 nec
541 2094 633 2129 justus
653 2093 802 2125 exercitus,
828 2100 880 2120 nec
899 2096 1025 2127 sumptus

238 2140 271 2167 ad
288 2140 436 2174 parandam
461 2139 588 2171 classem,
611 2147 644 2166 ex
659 2139 699 2166 rei
718 2139 788 2166 bene
812 2142 894 2173 gesta:
910 2137 1024 2170 invidia,

238 2186 319 2212 datus
332 2190 385 2217 est,
403 2185 447 2211 vix
462 2192 569 2213 suntme
585 2185 749 2212 necessariis
771 2183 962 2218 suppeditatis.
978 2182 1026 2210 Ni-

239 2231 389 2258 hilominus
412 2237 502 2258 tamen
525 2239 587 2258 cum
603 2231 690 2258 classe
709 2230 856 2260 sociorum,
872 2233 899 2256 et
911 2228 1026 2263 quibus-

239 2277 301 2304 dam
315 2284 347 2303 ex
362 2277 463 2311 populo
477 2276 638 2303 voluntariis
649 2275 786 2303 discessit.
801 2274 877 2310 Mago
890 2282 924 2302 ex
937 2274 1026 2302 insula

239 2323 266 2349 in
293 2323 432 2356 Liguriam
459 2322 608 2356 profectus,
630 2329 792 2349 cxscensum
815 2321 891 2348 fecit.
911 2320 1026 2348 Crassus

237 2367 318 2403 437
334 2368 360 2394 in
378 2367 479 2394 Brutiis
501 2367 664 2394 Annibalem
691 2367 860 2395 observavit.
883 2367 1026 2400 Philippus

239 2422 301 2441 cum
317 2414 348 2441 P.
363 2413 557 2448 Sempronium
569 2421 631 2440 cum
644 2414 749 2448 magnis
759 2413 845 2448 copiis
853 2413 1024 2447 Apolloniam

239 2467 349 2486 venisse
369 2459 521 2489 didicisset,
534 2459 631 2493 cupide
649 2466 743 2493 pacem
761 2458 833 2485 fecit.
851 2458 943 2493 Scipio
961 2465 1026 2485 vero

240 2512 303 2532 cum
318 2513 351 2532 ex
370 2505 448 2532 ltalia
466 2505 602 2537 solvisset,
634 2512 663 2532 se
679 2509 707 2531 ut
726 2505 753 2531 in
776 2504 896 2532 Siciliam
919 2504 1027 2539 trajice-

240 2556 282 2578 ret
297 2559 408 2586 parans,
435 2552 462 2578 id
488 2551 577 2578 facere
591 2546 762 2586 non'potuit,
778 2550 851 2585 quod
866 2551 1026 2585 necjustas,

241 2603 292 2622 nec
308 2597 472 2624 exercitatas
495 2596 588 2631 copias
614 2596 737 2623 haberet.
752 2595 842 2628 Quare
859 2600 941 2622 totam
966 2595 1027 2622 bie-

242 2647 313 2666 mem
335 2640 374 2667 ibi
394 2642 495 2676 exegit,
511 2647 539 2668 ut
556 2645 583 2668 et
600 2640 700 2668 milites
718 2647 787 2675 quos
803 2640 921 2667 habebat
947 2647 1027 2666 exer-

242 2691 328 2718 ceret,
342 2691 371 2713 et
386 2695 471 2714 novos
486 2688 609 2715 delectus
635 2687 759 2714 haberet.
778 2686 939 2721 Trajecturo
956 2693 1029 2712 nun-

244 2731 341 2758 tiatum
357 2737 399 2759 est
411 2740 427 2758 a
443 2733 588 2768 ltheginis,
604 2733 753 2760 Locrenses
777 2732 910 2767 quosdam
931 2731 1027 2759 urbem

243 2776 403 2811 prodituros
415 2785 486 2804 esse.
503 2778 570 2805 Nam
582 2787 643 2806 cum
655 2779 688 2806 ab
703 2778 837 2806 Annibale
850 2783 944 2805 contra
960 2785 1030 2812 prae-

243 2822 307 2850 sidii
322 2823 481 2859 praefectum
499 2825 690 2858 vociferantes,
702 2825 915 2860 negligerentur,
929 2825 962 2851 ad
977 2823 1031 2851 Ro-

243 2875 338 2897 manos
358 2868 536 2898 inclinarunt.
561 2871 640 2898 Missa
663 2870 748 2906 igitur
771 2875 848 2906 parte
877 2871 1030 2906 cepiarum,

1073 1820 1128 1848 τῶν
1141 1820 1281 1848 Δίτωλῶν.
1305 1821 1370 1855 Ὀψὲ
1385 1821 1413 1848 δέ
1429 1830 1494 1848 ποτε
1520 1822 1652 1855 ἐπελθὼν,
1672 1823 1713 1855 είς
1725 1822 1775 1854 τὰς
1796 1823 1865 1855 ναῦς

1074 1866 1158 1893 αὑτοῦ
1169 1866 1216 1894 τὸν
1235 1867 1370 1895 ’Δττσλον
1383 1869 1550 1903 καταφυγεῖν
1564 1868 1702 1896 ἐϐιάσατο.
1729 1868 1759 1896 '0
1772 1869 1866 1904 μέντοι

1074 1910 1211 1942 Φίλιππος
1223 1911 1388 1938 σπείσασθαι
1408 1913 1464 1943 τοῖς
1487 1912 1631 1947 Ῥωμαίοις
1649 1913 1766 1949 ἠθέλησε
1777 1921 1786 1930 ο
1816 1913 1865 1941 καί

1073 1965 1155 1984 τινων
1163 1957 1251 1991 λόγων
1267 1957 1361 1990 αὐτοῖς
1370 1959 1538 1994 γενομένων,
1559 1960 1594 1986 τὰ
1618 1960 1667 1995 μὲν
1683 1961 1733 1995 τῆς
1753 1961 1867 1996 εἰρήνης

1074 2003 1185 2037 ἀφείθη,
1198 2005 1261 2036 τοὺς
1276 2003 1299 2030 δ’
1314 2004 1453 2037 Αίτωλοὺς
1474 2005 1529 2032 ἀπὸ
1546 2005 1594 2032 τοῦ
1625 2007 1784 2042 συμμαχεῖν
1807 2008 1866 2038 τοῖς

1080 2047 1229 2083 Ῥωμαίοις
1255 2050 1452 2085 μεταθέμενος,
1470 2050 1564 2085 φίλους
1584 2051 1681 2078 ἑαυτοῦ
1704 2052 1865 2086 ἐποιήσατο.

1081 2094 1110 2120 ’0
1121 2095 1143 2121 δ’
1156 2094 1280 2127 Ἀννίϐας
1310 2096 1380 2127 τέως
1395 2097 1512 2132 ἡσυχίαν
1525 2094 1604 2132 ἦγεν,
1631 2097 1747 2131 ἀγαπῶν
1773 2099 1799 2125 εἰ
1830 2098 1866 2125 τὰ

1076 2141 1234 2176 ὑπάρχοντα
1246 2141 1455 2170 οἱδιασώσαιτο.
1472 2143 1527 2170 Καὶ
1542 2144 1567 2170 al
1584 2143 1684 2170 ὕπατοι
1706 2144 1867 2179 νομίζοντες

1076 2187 1157 2214 αὑτὸν
1174 2188 1221 2214 καὶ
1232 2187 1298 2214 ἄνευ
1315 2189 1407 2223 μάχης
1421 2189 1638 2224 ἑκτρυχωθῆναι,
1668 2191 1787 2226 ἀνεῖχον.
1819 2190 1868 2226 Τῷ

1074 2233 1097 2259 δ’
1105 2233 1208 2260 ἐπιόντι
1217 2233 1283 2266 ἔτει,
1294 2234 1308 2260 ὃ
1318 2242 1348 2260 τε
1361 2234 1482 2262 Σκιπίων
1492 2236 1506 2262 ό
1519 2236 1656 2267 Πούπλιος
1669 2237 1717 2263 καὶ
1727 2237 1868 2268 Λικίννιος

1077 2279 1203 2314 Κράσσος
1214 2279 1382 2307 ὑπάτευσαν.
1399 2281 1478 2308 Καὶό
1495 2281 1545 2316 μὲν
1562 2283 1591 2308 ἐν
1605 2283 1638 2317 τῇ
1657 2282 1761 2317 Ἰταλίᾳ
1787 2282 1868 2317 ιμιι-

1078 2333 1131 2356 νεν,
1146 2325 1160 2350 ό
1172 2323 1200 2350 δὲ
1218 2324 1340 2352 Σκιπίων
1357 2326 1386 2357 ὲς
1402 2326 1528 2354 Σικελίαν
1542 2326 1672 2353 ἀπελθεῖν
1688 2328 1734 2354 καὶ
1755 2328 1784 2359 ὲς
1816 2329 1869 2354 Δι-

1077 2370 1146 2405 ϐύην
1160 2370 1366 2406 προσετέτακτο
1378 2391 1385 2404 ,
1409 2372 1464 2406 ῐνα,
1479 2373 1504 2399 εί
1522 2373 1559 2408 μὴ
1575 2374 1626 2408 τὴν
1641 2374 1804 2409 Καρχηδόνα
1826 2375 1870 2400 al-

1078 2417 1167 2449 ρήσει,
1190 2415 1237 2442 τόν
1253 2424 1285 2449 γε
1302 2415 1429 2443 Ἀννίϐαν
1445 2417 1514 2448 τέως
1534 2418 1588 2445 ἀπὸ
1605 2419 1655 2453 τῆς
1673 2419 1791 2451 Ἰταλίας
1820 2420 1870 2446 ἀν-

1077 2459 1206 2497 θελκύσῃ.
1229 2460 1299 2487 Οὔτε
1309 2461 1337 2488 δὲ
1353 2462 1514 2497 στράτευμα
1538 2463 1679 2497 ἀξιόλογον
1709 2464 1771 2491 οὔτε
1797 2465 1869 2500 πρὸς

1076 2506 1200 2541 τριήρεις
1214 2506 1345 2541 ἀνάλωμα
1360 2507 1451 2540 ἔλαϐε,
1464 2507 1508 2534 διὰ
1520 2510 1570 2540 τὰς
1584 2509 1725 2543 ἀριστείας
1755 2509 1871 2544 φθονούο

1080 2558 1173 2586 μενος·
1194 2551 1270 2586 μόλις
1287 2551 1316 2578 δὲ
1332 2553 1379 2579 καὶ
1393 2552 1428 2579 τὰ
1452 2554 1523 2580 πάνυ
1553 2554 1694 2587 ἀναγκαῖα
1728 2554 1870 2589 παρέσχον

1080 2597 1164 2633 αὐτῷ.
1180 2598 1236 2624 Kal.
1251 2597 1266 2623 ό
1295 2597 1344 2632 μὲν
1371 2598 1420 2625 σὺν
1435 2598 1474 2634 τῷ
1489 2600 1608 2634 ναυτικῷ
1638 2600 1693 2626 τῶν
1717 2599 1872 2634 συμμάχων

1080 2644 1128 2670 καί
1141 2652 1211 2670 τισιν
1226 2643 1378 2675 ἐθελονταῖς
1408 2645 1441 2670 ὲκ
1467 2644 1515 2671 τοῦ
1538 2645 1626 2680 δήμου
1647 2647 1753 2680 ἀπῆρεν
1768 2654 1775 2661 ο
1801 2645 1816 2672 δ
1842 2646 1872 2672 δὲ

1080 2689 1193 2723 Μάγων,
1205 2690 1237 2716 ἐκ
1247 2690 1295 2724 τῆς
1310 2691 1392 2724 νήσου
1405 2690 1611 2725 παραπλεύσας,
1627 2692 1664 2722 εί,
1677 2691 1726 2725 τὴν
1741 2692 1873 2724 Λιγυστι-

1080 2735 1132 2766 κὴν
1147 2734 1248 2769 ἀπέϐη.
1271 2734 1300 2761 '0
1330 2735 1458 2770 Κράσσος
1471 2736 1494 2763 δ’
1515 2737 1544 2763 ἔν
1567 2737 1601 2772 τῇ
1614 2737 1731 2773 Βρεττίᾳ
1755 2737 1793 2772 τῷ
1809 2737 1873 2763 Ἀν-

1080 2781 1143 2815 νίϐᾳ
1157 2780 1352 2816 προσήδρευεν.
1378 2781 1409 2808 '0
1437 2783 1531 2816 μέντοι
1553 2783 1688 2814 Φίλιππος
1709 2783 1872 2818 κατηλλάγη

1087 2825 1243 2860 Ῥωμαίοις.
1260 2826 1392 2854 Πούπλιον
1409 2829 1463 2862 γὰρ
1472 2828 1649 2864 Σεμπρώνιον
1665 2830 1706 2860 είς
1734 2828 1872 2855 Ἀπολλω-

1083 2873 1143 2899 νίαν
1162 2872 1273 2899 ἐλθόντα
1292 2872 1341 2901 σὺν
1356 2873 1442 2909 πολλῇ
1461 2873 1575 2910 δυνάμει
1596 2875 1772 2911 αἰσθόμενος,
1782 2874 1873 2911 depl-
