2027 3150
257 168 307 202 831

286 228 334 256 XI.
355 228 487 256 Extremo
508 228 561 255 hoc
585 227 660 256 bello
686 233 763 264 gesto
780 229 896 256 Romam
913 234 1042 256 reversus
1056 227 1079 255 Α

252 274 355 306 Caesar,
372 275 491 301 dictator
504 279 655 309 perpetuus
670 279 713 302 est
727 279 838 303 creatus
852 284 859 301 :
880 283 941 310 qua:
954 276 1043 302 mani-

254 318 323 345 l'csta
349 318 473 353 tyrannis
499 317 561 350 fuit,
591 323 689 353 praeter
713 320 879 347 monarchim
905 328 1042 348 summam

198 384 203 388 .
252 366 417 397 potestatem
435 370 596 390 successore
611 371 720 399 quoque
734 372 839 392 carens.
855 365 934 392 Solus
949 373 1041 393 rerum

252 407 369 442 potitus,
386 408 489 436 multos
505 410 551 443 qui
571 418 647 437 arma
670 415 766 438 contra
788 411 920 441 tulerant.
949 411 1042 439 absol-

251 450 301 476 vit.
317 450 463 479 Nonnullis
479 453 655 489 magistratus
669 459 696 482 et
724 455 843 483 honores
860 456 956 484 dedit:
976 464 1044 491 quo-

253 502 314 521 rum
330 503 345 521 e
363 503 479 524 numero
497 496 610 526 fuerunt
625 498 725 526 Brutus
738 505 767 527 et
781 500 901 528 Cassius.
919 499 1042 535 Pompeii

254 545 362 569 statuas
387 543 509 578 dejectas
535 545 667 572 restituit.
691 545 810 573 Monitus
836 546 870 573 ab
891 546 997 576 amicis.
1014 551 1044 574 ut

254 587 389 616 satellites
406 588 440 615 ad
465 590 619 617 custodiam
636 592 761 626 corporis
791 592 946 624 adhiberet,
961 600 1043 619 recu-

253 633 325 660 savit
338 643 345 661 :
368 633 464 662 Melius
480 637 549 662 enim
564 644 619 663 esse
633 641 744 663 mortem
759 638 839 664 semel
855 643 987 672 appetere,
1003 638 1044 665 di-

253 686 329 711 cens,
345 688 425 713 quam
439 686 563 715 perpetua
581 683 736 716 formidare.
751 683 781 710 In
802 685 936 717 majorum
951 692 1043 711 rerum

253 724 347 751 studio
360 729 389 752 et
401 733 479 753 nova:
492 725 585 760 gloria:
599 728 778 762 appetitione,
796 728 823 755 in
843 728 935 756 animo
948 729 1045 756 habuit

254 768 363 798 Partitis
379 771 481 799 inferre
498 772 612 806 bellum,
631 779 658 800 et
676 781 724 808 per
744 773 907 809 Hyrcaniam
934 775 961 802 in
979 775 1045 811 Scy-

254 815 342 842 thiam
358 816 449 843 l'acere
464 817 685 852 impressionem.
703 818 801 846 Odium
817 821 910 855 populi
926 820 1043 848 Romani

256 869 319 888 eum
344 862 405 889 aliis
433 862 468 889 de
484 864 586 896 causis,
615 870 671 891 tum
697 865 733 892 ob
762 866 837 901 regni
853 875 976 894 amorem
1000 868 1044 895 vel

255 906 339 943 490
355 909 472 936 maxime
498 911 629 945 suscepit.
645 911 722 939 Unde
746 912 896 940 familiares
922 915 983 948 ejus
998 922 1044 940 ru-

255 961 361 981 morem
382 955 410 982 in
425 955 524 991 vulgus
540 963 713 991 sparserunt.
729 959 869 994 Sibyllinis
885 960 964 987 libris
980 968 1046 988 con-

255 1001 348 1031 tineri.
362 1003 478 1031 Parthos
491 1013 544 1032 non
562 1005 614 1032 nisi
626 1013 688 1041 rege
703 1006 774 1034 duce
792 1014 806 1033 a
821 1007 951 1034 Romanis
964 1015 1045 1041 posse

255 1047 339 1074 vinci.
355 1047 388 1074 Et
404 1048 473 1076 Alba
490 1049 604 1077 Romam
631 1050 819 1085 proﬁciscens,
843 1059 857 1079 a
880 1053 1044 1087 quihusdam

257 1099 304 1118 rex
328 1093 490 1128 appellatus,
517 1103 579 1122 cum
597 1103 628 1123 ea
655 1105 683 1123 re
706 1097 835 1131 populum
853 1098 1045 1132 perturbatum

255 1137 382 1171 vidisset,
417 1147 446 1167 se
462 1148 516 1167 non
536 1149 639 1176 regem,
664 1143 712 1170 sed
729 1142 864 1170 Caesarem
889 1151 950 1171 esse
965 1144 1044 1171 dixit.

255 1182 372 1211 Cmsaris
397 1190 488 1212 autem
507 1195 606 1214 nomen
629 1188 672 1222 (ut
691 1188 803 1223 quidam
822 1189 982 1224 opinantur)
997 1190 1047 1217 ha-

257 1228 327 1261 buit,
354 1230 426 1265 quod
453 1237 541 1259 matre
567 1238 675 1261 mortua
698 1241 732 1261 ex
749 1241 829 1262 utero
851 1243 937 1263 caesus
952 1241 1044 1266 esset;

257 1277 331 1308 quod
355 1275 452 1303 falsum
470 1283 533 1305 est:
555 1283 671 1308 matrem
696 1281 770 1308 enim
787 1280 820 1308 ad
837 1281 942 1308 virilem
961 1289 1046 1316 usque

256 1325 365 1348 aetatem
382 1322 510 1351 habuisse
530 1324 670 1352 scribitur.
686 1326 793 1361 Aliquis
807 1331 897 1354 autem
913 1335 947 1354 ex
963 1328 1048 1362 majo-

256 1367 335 1394 ribus
349 1368 409 1403 ejus
425 1377 458 1396 eo
477 1370 558 1397 modo
575 1376 668 1404 natus,
693 1378 908 1408 cognomentum
925 1373 952 1400 id
967 1374 994 1401 in
1008 1373 1048 1401 l'a-

257 1414 362 1442 miliam
387 1418 557 1452 propagavit.
585 1419 651 1446 Cum
679 1419 824 1454 aliquando
845 1420 1006 1448 consulibus
1020 1425 1047 1448 et

256 1461 423 1495 prmtoribus
436 1463 470 1490 ad
488 1471 516 1490 se
532 1465 738 1498 accedentibus,
763 1470 820 1493 toto
832 1471 929 1493 senatu
959 1468 1048 1494 comi-

258 1511 343 1538 tante,
362 1514 416 1534 non
433 1510 640 1542 assurrexisset,
654 1519 709 1538 non
721 1516 848 1539 senatum
864 1517 981 1545 tantum,
997 1514 1045 1541 sed

899 167 1061 199 IOANNlS
1080 167 1241 197 ZONAR.‘E

1127 226 1180 254 lA'.
1198 223 1370 252 Ἐπανελθὼν
1389 223 1412 250 δ’
1426 223 1468 254 εἰς
1486 221 1595 257 Ῥώμην
1607 221 1746 256 δικτάτωρ
1761 219 1806 247 διὰ
1821 219 1882 256 βίου

1093 273 1239 307 ἐψήφιστο,
1257 271 1272 298 ὃ
1286 271 1414 305 τυραννὶς
1437 269 1586 304 ἐτύγχανεν
1601 268 1746 303 ἄντικρυς,
1763 267 1803 302 τῷ
1815 267 1882 294 ἀνυ-

1092 318 1219 352 πευθύνῳ
1235 318 1284 351 τῆς
1297 316 1447 352 μοναρχίας
1461 315 1655 351 προσλαϐοῦσα
1681 314 1711 340 τὸ
1726 313 1883 347 ἀδιὰδοχον.

1092 363 1172 390 Οὕτω
1182 363 1210 390 δὲ
1228 362 1367 394 καταστὰς
1390 363 1430 393 εἰς
1451 361 1613 396 μοναρχίαν,
1648 360 1767 391 πολλοὺς
1788 359 1882 393 ἀφῆκε

1093 409 1147 435 τῶν
1163 407 1395 443 πεπολεμηκότων
1407 407 1492 442 αὐτῷ.
1510 407 1606 437 Ἐνίοις
1620 405 1648 432 δὲ
1666 405 1712 432 καὶ
1729 405 1818 439 ἀρχᾶς
1833 404 1884 430 καὶ

1092 454 1175 489 τιμὶις
1187 454 1299 486 ἔδωκεν,
1316 451 1353 480 ὧν
1376 451 1446 487 ἦσαν
1463 453 1510 479 καὶ
1528 451 1649 488 Βροῦτος
1673 451 1721 478 καὶ
1746 451 1883 481 Κάσσιος.

1094 501 1149 527 Καὶ
1164 500 1213 531 τὰς
1227 500 1372 534 Πομπηΐου
1391 499 1420 526 δὲ
1436 500 1537 534 στήλας
1553 497 1801 531 καταϐεϐλημένας
1818 496 1885 523 ἀνέ-

1095 553 1204 579 στησεν.
1230 544 1390 577 ’Δξιούντων
1422 545 1450 571 δὲ
1482 544 1537 571 τῶν
1554 544 1640 578 φίλων
1671 542 1885 578 δορυφορεῖσθαι

1095 592 1188 623 αὑτὸν,
1198 592 1386 626 παρῃτήσατο,
1412 590 1538 617 Butth
1556 590 1651 621 ἐστιν,
1677 588 1774 620 εἰπὼν,
1799 587 1884 618 ἅπαξ

1094 637 1268 668 ἀποθανεῖν,
1283 636 1302 671 ἦ
1321 636 1369 663 ἀεὶ
1398 634 1584 670 προσδοκᾷν.
1607 634 1749 665 Μειζόνων
1771 633 1794 659 δ’
1810 632 1886 668 ἐρῶν

1095 683 1268 718 πραγμάτων
1277 683 1324 709 καὶ
1332 682 1495 717 καινοτέρας
1502 681 1593 716 δόξης,
1603 680 1717 715 γνώμην
1728 680 1792 715 ἑσχι
1803 688 1887 714 στρα-

1094 730 1184 756 τεύειν
1194 730 1240 756 ἐπὶ
1253 729 1388 764 Πάρθους,
1402 728 1450 755 καὶ
1466 728 1501 755 δι’
1520 726 1670 761 Ύρκανέας
1685 727 1725 757 εἰς
1743 727 1794 760 τὴν
1809 727 1886 752 Σκυ-

1095 776 1173 810 θικὴν
1188 774 1329 809 ἐμϐαλεῖν.
1343 774 1430 803 Mitto;
1446 773 1541 807 μέντοι
1566 772 1623 802 τοῖς
1639 770 1797 804 ἀνθρώποις
1820 770 1887 796 κατ’

1094 821 1179 848 αὑτοῦ
1196 820 1244 848 καὶ
1260 821 1343 855 ἕτερα
1358 819 1534 853 ἐνεποίησαν,
1549 817 1581 844 τὺ
1592 817 1621 844 δέ
1634 825 1666 850 γε
1696 816 1789 851 μεῖζον
1804 817 1818 842 ὁ
1833 816 1887 850 τῆς

1096 868 1236 902 βασιλείας
1252 867 1322 902 ἔρως
1338 866 1497 901 εἰργάσατο,
1517 864 1551 891 δι’
1566 864 1597 891 ὃν
1617 865 1641 890 οἰ
1655 863 1720 897 περὶ
1735 863 1818 890 αὐτὸν
1833 864 1886 890 καὶ

1095 915 1175 948 λόγον
1189 915 1258 950 πρὸς
1274 914 1320 941 τὸν
1337 914 1422 948 δῆμον
1445 912 1621 947 ὲνέσπειραν,
1640 911 1677 942 ὡς
1692 912 1726 937 ὲκ
1749 909 1888 945 γραμμα-

1095 972 1149 990 των
1163 961 1328 988 Σιϐυλλείων
1343 961 1478 994 φαίνοιτο,
1497 958 1534 994 μὴ
1544 958 1632 989 ἄλλως
1641 957 1754 984 ἔσεσθαι
1767 957 1801 983 τὰ
1814 956 1888 991 Πάρ-

1096 1011 1150 1037 θων
1175 1009 1323 1044 Ῥωμαιοις
1335 1007 1473 1041 ἁλώσιμα,
1488 1007 1513 1033 εἰ
1531 1005 1568 1040 μὴ
1581 1004 1709 1040 βασιλεὺς
1722 1004 1813 1034 αὐτοῖς
1839 1012 1889 1029 συ-

1097 1056 1302 1090 στρατεύσοιτο.
1319 1053 1376 1081 Καὶ
1390 1054 1422 1079 ἐκ
1441 1051 1492 1086 τῆς
1509 1051 1611 1085 ’Δλδης
1630 1050 1659 1077 δὲ
1682 1050 1752 1085 πρὸς
1770 1050 1887 1085 Ῥώμην

1098 1101 1172 1127 ἰόντα
1185 1102 1230 1127 τὸν
1241 1100 1368 1134 Καίσαρα
1383 1097 1540 1132 ἐτόλμησάν
1562 1105 1634 1128 τινες
1654 1097 1816 1131 προσειπεῖν
1834 1096 1888 1130 βα-

1097 1147 1184 1173 σιλέα.
1205 1146 1259 1172 Τοῦ
1275 1145 1303 1171 δὲ
1317 1144 1406 1179 δήμου
1434 1142 1645 1178 ϐορυσηθέντος,
1666 1143 1772 1173 ἐκεῖνος
1786 1143 1889 1177 οὐ-βα-

1097 1192 1187 1223 σιλεὺς
1197 1191 1265 1218 ἀλλὰ
1281 1191 1390 1225 Καῖσαρ
1401 1189 1453 1225 ἔφη
1470 1189 1624 1216 καλεῖσθαι.
1637 1189 1763 1222 Ἐλὲγετο
1773 1188 1801 1214 δὲ
1815 1189 1890 1215 Καῖ-

1097 1247 1150 1274 σαρ
1166 1238 1214 1272 (ὦς
1229 1246 1300 1268 τινες
1315 1235 1428 1271 οἴονται)
1442 1234 1486 1262 οἶα
1499 1235 1531 1270 δὴ
1544 1235 1615 1270 τάχα
1638 1235 1690 1269 τῆς
1715 1235 1819 1269 μητρὸς
1834 1235 1890 1260 αὺ-

1096 1284 1145 1311 τοῦ
1160 1285 1190 1310 ἐν
1208 1282 1248 1317 τῷ
1261 1283 1364 1309 τίκτειν
1374 1280 1520 1315 Θανούσης,
1531 1280 1579 1307 καὶ
1596 1280 1679 1307 αὑτοῦ
1695 1281 1729 1306 δι’
1744 1280 1890 1314 ἀνατομῆς

1097 1329 1281 1365 προαχθέντος
1294 1329 1334 1359 εις
1352 1328 1419 1362 φῶς.
1430 1327 1487 1354 Οὐκ
1499 1326 1600 1362 ἀληθὲς
1613 1327 1641 1352 δὲ
1653 1326 1732 1352 τοῦτὰ
1743 1327 1813 1352 ἔστι.
1828 1326 1889 1361 Τὴν

1096 1376 1151 1411 γὰρ
1165 1375 1270 1410 μητέρα
1279 1373 1362 1402 αὑτοῦ
1386 1373 1436 1409 ζῇν
1453 1374 1479 1399 oi
1513 1373 1577 1408 περὶ
1597 1373 1680 1400 αὑτοῦ
1712 1373 1889 1408 γεγράψασιν

1098 1423 1292 1457 ἱστορήσαντες
1311 1421 1357 1447 καὶ
1382 1419 1466 1447 αὑτοῦ
1481 1419 1675 1454 ἀνδρωθέντος,
1688 1420 1725 1445 τὸ
1738 1419 1760 1445 δ’
1774 1419 1806 1451 ἐξ
1819 1419 1891 1446 ἀνα-

1097 1469 1188 1504 τομῆς
1203 1468 1349 1503 παρελθεῖν
1361 1468 1402 1499 εις
1415 1467 1461 1493 τὸν
1478 1466 1535 1501 βίον
1548 1466 1598 1492 οὐκ
1614 1465 1657 1492 ἐπ’
1674 1465 1748 1499 αὐτῷ
1760 1465 1885 1499 γέγονεν,

1097 1515 1155 1541 ἀλλ’
1169 1514 1217 1540 ἐπί
1232 1522 1286 1540 τινι
1302 1513 1357 1540 τῶν
1386 1512 1528 1547 προγόνων
1555 1510 1652 1543 αὑτοῦ,
1669 1510 1715 1537 καὶ
1733 1509 1763 1542 ἐξ
1777 1510 1888 1536 ὲκείνπυ

258 1554 390 1586 populum
407 1555 488 1581 etiam
507 1555 640 1584 oll'endit:
662 1558 738 1591 quasi
756 1566 804 1593 per
818 1565 942 1586 senatum
964 1564 1047 1587 totam

1099 1560 1148 1594 τὴν
1164 1559 1260 1595 κλῆσιν
1275 1559 1355 1594 ἔσχον
1371 1559 1395 1586 οε
1421 1559 1528 1584 ἐκείνου
1550 1557 1693 1591 ἀπόγονοι.
1712 1557 1890 1593 Προσιόντων

259 1600 455 1634 rempublicam
473 1597 604 1629 ’ludibrio
620 1602 743 1636 haberet,
767 1612 798 1632 ac
814 1604 938 1640 plerique
954 1606 1046 1633 statim

259 1645 350 1671 mmsti
376 1651 561 1674 recesserunt.
590 1647 630 1675 Ad
649 1648 699 1675 has
719 1649 839 1677 oll‘ensas
862 1651 945 1678 etiam
961 1651 1050 1679 tribu-

259 1697 356 1717 norum
381 1691 469 1725 plebis
494 1694 611 1720 accessit
638 1695 818 1723 contumelia.
842 1696 910 1723 Nam
938 1705 1001 1725 cum
1020 1698 1047 1726 in

260 1734 341 1767 festo,
359 1735 385 1762 in
397 1736 461 1763 sella
474 1745 556 1765 aurea
574 1739 734 1774 triumphali
748 1740 843 1768 habitu
859 1742 976 1774 sederet.
992 1744 1048 1771 An-

261 1780 354 1808 tonius
369 1783 463 1809 consul
481 1784 506 1810 ln
523 1784 612 1811 lorum
637 1785 747 1820 irrupit,
767 1787 892 1815 diadema
907 1789 986 1816 lauro
1000 1789 1050 1818 im-

259 1828 369 1862 plexum
386 1829 486 1858 C:esari
501 1831 631 1860 oll‘erens.
647 1833 687 1861 0b
703 1841 762 1861 eam
777 1843 834 1862 rem
848 1836 959 1870 plausus
975 1837 1047 1864 haud

260 1882 327 1902 sane
342 1874 456 1902 illustris
478 1877 557 1903 datus
578 1883 630 1910 est,
647 1887 662 1906 a
679 1879 837 1908 subornatis
867 1881 1026 1911 hominibus
1040 1893 1047 1910 :

259 1918 307 1947 sed
322 1928 383 1946 cum
398 1921 423 1947 id
437 1921 526 1949 Caesar
541 1929 706 1957 recusasset,
721 1926 806 1953 totius
817 1927 910 1962 populi
922 1927 1047 1962 plausum

260 1965 333 1992 tulit.
349 1966 387 1993 lta
405 1967 445 1995 bis
462 1969 557 2004 populi
574 1972 683 1998 animos
697 1976 838 2006 expertus,
858 1975 990 2002 surrexit.
1007 1976 1046 2003 Ad

260 2011 319 2038 haec
344 2013 432 2048 regias
450 2014 554 2043 facsias
567 2017 665 2044 statuis
690 2018 750 2052 ejus
775 2018 919 2053 impositas
946 2021 1046 2049 tribuni

259 2057 349 2092 plebis
366 2059 556 2095 detraxerunt,
572 2068 599 2090 et
614 2071 663 2092 eos
677 2064 725 2099 qui
748 2073 840 2100 regem
857 2067 933 2094 illum
947 2069 1049 2096 saluta-

260 2109 333 2136 rant,
354 2105 381 2133 in
398 2114 537 2136 carcerem
556 2109 715 2138 duxerunt:
735 2112 918 2146 applaudcnte
936 2115 1047 2149 populo,

259 2154 289 2176 et
304 2151 403 2180 Brutos
416 2161 463 2180 eos
477 2156 641 2189 appellante.
667 2157 701 2184 Ut
719 2157 792 2184 enim
808 2165 890 2191 supra
907 2165 950 2187 est
964 2168 1049 2195 expo-

260 2196 355 2230 situm,
372 2199 472 2227 Brutus
497 2201 583 2235 pulsis
599 2202 757 2237 Tarquiniis
775 2205 941 2233 monarchiae
971 2212 1048 2241 pote-

261 2247 360 2272 statem
377 2245 410 2272 ad
427 2247 558 2280 populum
574 2249 724 2277 transtulit.
745 2249 852 2283 Quibus
862 2252 945 2279 rebus
958 2252 1049 2281 Caesar

261 2289 396 2321 irritatus,
412 2292 537 2320 tribunos
547 2298 682 2327 potestate
693 2295 829 2330 privavit:
846 2302 873 2325 et
887 2298 919 2325 iis
929 2300 1050 2334 graviter

260 2336 416 2371 increpitis,
437 2340 569 2374 populum
591 2342 673 2369 etiam
686 2351 734 2378 per
744 2345 938 2372 contumeliam
949 2346 1050 2375 Brutos

260 2383 417 2418 appellavit.
439 2386 479 2413 Ex
490 2393 523 2413 eo
534 2388 648 2423 populus
663 2390 696 2416 ad
713 2390 750 2416 Μ.
770 2390 883 2418 Brutum
903 2393 1048 2426 spectavit,

261 2429 308 2463 qui
323 2438 338 2456 ει
352 2435 444 2459 vetere
456 2432 540 2460 Bruto
551 2442 638 2468 genus
654 2435 756 2470 dueere
770 2437 934 2470 putabatur:
957 2438 991 2465 ab
1003 2447 1050 2466 eo-

262 2483 317 2510 que
324 2477 384 2504 solo
392 2478 434 2506 vel
448 2479 535 2513 primo
547 2481 712 2515 pendebant,
725 2483 771 2516 qui
783 2483 962 2511 mutationem
974 2485 1048 2512 desi-

263 2521 406 2551 derabant.
421 2524 489 2557 Quia
499 2533 566 2553 vero
584 2526 673 2561 ipsum
697 2528 798 2562 alloqui
824 2536 878 2556 non
896 2529 1046 2563 audebant,

262 2572 346 2596 noctu
367 2569 474 2598 litteras
485 2571 558 2599 circa
575 2573 692 2600 tribunal
710 2578 737 2601 et
750 2574 857 2607 sellam,
876 2575 903 2602 in
915 2582 969 2610 qua
978 2583 1048 2611 prae-

263 2614 362 2648 torius
375 2615 495 2650 dicebat,
511 2619 690 2652 spargebant:
712 2619 739 2646 in
754 2620 855 2654 quibus
869 2621 1002 2656 scriptum
1018 2630 1047 2650 e-

264 2663 317 2689 rat,
334 2658 423 2694 Brute,
438 2662 560 2690 dormis?
575 2669 613 2696 et,
631 2665 690 2692 Non
710 2673 736 2692 es
747 2665 843 2692 Brutus
853 2666 866 2693 .’
881 2666 1048 2695 incitabatur

1097 1606 1126 1633 es
1138 1614 1202 1633 ποτε
1213 1605 1268 1632 τῶν
1285 1605 1397 1631 ὑπάτων
1425 1603 1500 1638 αὐτῷ
1511 1603 1559 1629 καὶ
1578 1604 1632 1630 τῶν
1657 1603 1818 1638 στρατηγῶν
1836 1603 1890 1630 καὶ

1098 1651 1147 1686 τῆς
1164 1650 1262 1685 βουλῆς
1275 1650 1384 1685 ἁπάσης
1401 1649 1548 1683 ἑπομένης,
1563 1649 1605 1675 ὅτι
1633 1649 1670 1682 μὴ
1687 1648 1819 1683 ἐξανέστη
1834 1657 1891 1674 κα-

1100 1696 1229 1731 θήμενος,
1244 1696 1274 1722 οὐ
1292 1695 1372 1729 μόνον
1384 1694 1504 1728 ἐλύπησε
1513 1693 1563 1728 τὴν
1576 1693 1685 1727 βουλὴν,
1700 1693 1769 1720 ἀλλὰ
1783 1695 1829 1720 καὶ
1840 1694 1890 1720 τὸν

1098 1742 1196 1777 δῆμον,
1211 1741 1248 1773 ὡς
1263 1742 1292 1767 ἐν
1308 1742 1342 1775 τῇ
1362 1741 1444 1776 βουλῇ
1474 1739 1754 1775 προπηλακιζομένης
1767 1741 1818 1775 τῆς
1836 1741 1891 1768 πό-

1098 1788 1177 1819 λεωξ,
1200 1788 1248 1814 καὶ
1262 1787 1331 1822 μετὰ
1345 1786 1499 1822 κατηφείας
1526 1787 1552 1813 οἱ
1567 1786 1677 1817 πλείους
1704 1786 1826 1822 ἀπῆλθον
1839 1788 1889 1813 εὑ-

1099 1833 1158 1864 ὓὺς.
1181 1833 1351 1866 Ἐπιγίνεται
1366 1832 1394 1858 δὲ
1407 1833 1463 1863 τοῖς
1477 1833 1707 1867 προσκρούσμασι
1717 1834 1825 1863 τούτοις
1839 1834 1890 1861 καὶ

1098 1881 1114 1906 ό
1124 1880 1177 1907 τῶν
1192 1880 1343 1915 δημάρχων
1357 1878 1598 1913 προπηλακισμός.
1620 1879 1752 1906 Ἐτελείτο
1769 1878 1820 1914 μὲν
1831 1879 1890 1914 γὰρ

1098 1927 1131 1961 τῇ
1149 1925 1224 1952 πόλει
1240 1925 1331 1960 ἑορτή·
1353 1926 1465 1959 Καῖσαρ
1480 1925 1503 1950 δ’
1517 1926 1564 1952 ἐπὶ
1577 1925 1674 1960 δίφρου
1692 1925 1822 1961 χρυσέων
1833 1935 1890 1952 κα-

1100 1972 1228 2008 θήμενος,
1250 1971 1345 2006 κόσμῳ
1373 1972 1570 2004 κατεκοσμεῖτο
1592 1971 1761 2006 θριαμὸικῷ.
1785 1971 1891 1998 ’Λντώ-

1100 2027 1155 2049 νιος
1169 2018 1197 2044 δὲ
1207 2017 1347 2045 ὑπατεύων
1363 2019 1404 2048 εἰς
1413 2017 1516 2051 ἀγορὰν
1531 2017 1653 2050 ὲνέὃαλε,
1663 2017 1754 2052 φέρων
1765 2017 1890 2052 διάδημα

1101 2066 1225 2100 στεφάνῳ
1239 2064 1343 2098 δάφνης
1362 2063 1631 2098 περιπεπλεγμένον,
1657 2063 1705 2089 καὶ
1734 2063 1821 2090 ἐδίδου
1847 2063 1890 2098 τῷ

1100 2110 1229 2144 Καίσαρι,
1247 2110 1295 2136 καὶ
1311 2108 1416 2142 γίνεται
1441 2108 1538 2142 κρότος
1552 2109 1583 2135 οὐ
1593 2108 1722 2142 λαμπρὸς
1735 2110 1767 2135 ὲκ
1794 2117 1892 2144 παρα-

1101 2156 1213 2190 σκευῆς.
1236 2155 1431 2189 ’Λπωσαμένου
1455 2155 1484 2181 δὲ
1514 2155 1561 2181 τοῦ
1587 2155 1738 2190 Καίσαρος,
1769 2156 1845 2187 ἄπας
1874 2157 1891 2182 ό

1099 2203 1185 2238 δῆμος
1200 2203 1368 2236 ἁνεκρᾶτησε
1385 2210 1392 2216 ·
1425 2201 1474 2228 καὶ
1491 2201 1587 2228 τούτου
1620 2202 1662 2233 δὶς
1686 2202 1844 2236 γεγονότος,
1870 2205 1889 2239 ἡ

1101 2250 1183 2284 πεῖρα
1197 2248 1358 2283 ἐξηλέγχετο
1373 2247 1442 2283 (69),
1454 2248 1502 2274 καὶ
1519 2249 1533 2274 ὁ
1546 2249 1656 2283 Καῖσαρ
1682 2248 1794 2284 ἀνέστη.
1809 2249 1891 2276 Ἐπεὶ

1100 2296 1128 2322 δὲ
1143 2295 1190 2322 καὶ
1207 2294 1367 2329 ἀνδριάντες
1387 2293 1470 2321 αὐτοῦ
1483 2291 1646 2329 διαδήμασιν
1671 2293 1802 2329 ὤφθησαν
1819 2296 1890 2322 ἀνα-

1099 2340 1237 2376 δεδεμένοι
1249 2339 1413 2375 βασιλικοῑςτ
1426 2339 1590 2366 ἀπέσπασαν
1599 2340 1688 2366 ταῦτα
1697 2340 1722 2366 oi.
1734 2340 1887 2375 δήμαρχοι,

1101 2387 1150 2414 καὶ
1160 2387 1225 2418 τοὺς
1242 2386 1444 2420 προσειπόντας
1472 2385 1555 2412 αὐτὸν
1577 2385 1692 2420 βασιλέα
1717 2386 1826 2420 ἀπῆγον
1846 2387 1888 2417 εἰς

1100 2433 1296 2468 δεσμωτήριον.
1311 2432 1365 2458 Καὶ
1379 2433 1392 2458 ὁ
1402 2432 1487 2466 δῆμος
1508 2431 1554 2457 ἐπὶ
1567 2431 1674 2463 τούτοις
1696 2432 1817 2467 ἐκρότει,
1835 2433 1888 2459 καὶ

1099 2479 1235 2514 Βρούτους
1249 2478 1341 2505 ἐκάλει
1360 2477 1423 2509 τοὺς
1445 2477 1555 2512 ἄνδρας.
1571 2477 1690 2512 Βροῦτος
1715 2478 1769 2513 γὰρ
1785 2475 1831 2513 ἦν,
1848 2478 1888 2510 ὡς

1099 2526 1243 2560 ἱστόρηται
1268 2523 1364 2557 amor,
1385 2523 1400 2549 ὁ
1421 2523 1578 2555 καταλύσας
1603 2524 1759 2558 Ταρκύνιον
1793 2524 1842 2550 καὶ
1855 2523 1888 2550 τὸ

1098 2573 1200 2607 κράτος
1217 2572 1256 2603 εἰς
1278 2571 1309 2597 τὸ
1335 2569 1425 2596 κοινὸν
1458 2571 1629 2605 περιστήσας
1654 2571 1686 2597 ἐκ
1719 2571 1886 2605 μοναρχίας.

1105 2620 1166 2647 Ἐπὶ
1182 2618 1288 2648 τούτοις
1304 2618 1319 2643 ὁ
1330 2616 1438 2651 Καῖσαρ
1454 2615 1646 2651 παροξυνθεὶς,
1661 2617 1712 2652 τὴν
1727 2617 1777 2652 μὲν
1795 2618 1887 2652 ἀρχὴν

1101 2667 1164 2698 τοὺς
1179 2664 1336 2700 δημάρχους
1350 2662 1476 2698 ἀφειλετο
1487 2669 1494 2677 ³
1507 2662 1536 2689 ἐν
1552 2662 1580 2690 δὲ
1598 2662 1637 2698 τῷ
1654 2665 1819 2699 κατηγορεῖν
1835 2664 1886 2691 air

836 2724 936 2755 Varia;
949 2726 1102 2757 lectiones
1123 2731 1152 2756 et
1176 2727 1270 2755 noue.

303 2779 313 2810 (
317 2778 362 2814 69)
377 2779 433 2820 [ζαὶ
449 2782 558 2820 τούτου
575 2784 622 2816 δὶς
634 2786 792 2818 γεγονότος
805 2786 822 2819 ἠ
838 2785 924 2819 πεῖρα
934 2786 1054 2820 ἐξηλέγ-

267 2821 348 2855 χετο.
375 2813 519 2850 Conveni,
545 2813 643 2856 inquit:
664 2813 803 2856 Wolﬁus:
816 2813 871 2847 vlta
884 2813 939 2848 ὀἱς
956 2813 1054 2856 ’βορήιὶ

267 2850 665 2890 gaimosAequrtusLsurrexit.
683 2855 736 2883 Sed
752 2856 799 2886 τὸ,
814 2856 863 2890 τὴν
879 2850 977 2890 πεῖραν
996 2850 1054 2888 ἒξε-

270 2882 428 2921 λέγχεσθαιζ
447 2882 562 2924 intelligi
578 2894 678 2924 potest,
693 2890 735 2918 vel
748 2882 969 2918 animadversum
984 2882 1055 2923 esse,

1103 2788 1236 2814 Caesarem
1271 2783 1420 2819 periclitari
1450 2782 1571 2810 voluisse
1605 2783 1758 2818 populum,
1792 2788 1886 2811 utrum

1104 2821 1190 2856 :cquis
1209 2818 1308 2859 animis
1328 2818 1432 2859 regium
1449 2824 1574 2845 ornatum
1588 2819 1693 2845 laturus
1709 2825 1784 2845 esset
1801 2827 1808 2844 :
1823 2820 1886 2859 _vel,

1106 2854 1239 2884 Caesarem
1253 2854 1489 2884 animadvertisse.
1503 2858 1631 2881 conatum
1648 2861 1729 2880 suum
1742 2861 1803 2881 esse
1822 2854 1886 2881 irri-

1108 2898 1178 2925 tum,
1197 2891 1299 2925 populo
1315 2897 1330 2916 a
1347 2888 1420 2924 regia
1437 2896 1535 2924 pompa
1554 2889 1729 2916 abhorrente.
