2027 3150
134 170 186 203 889

783 176 985 208 ANNALIUM
1004 177 1080 211 LIB.
1100 179 1136 211 Χ.

1709 190 1764 221 590

135 225 175 257 εἰς
189 224 273 252 αὒτδν
288 225 471 261 ἐμϐάλλοντος
494 227 680 262 γλυκαίνεται.
694 224 829 256 Κάκςϊθεν
843 231 883 262 είς
897 230 920 257 τί

977 230 1048 259 Cum
1063 240 1145 262 nemo
1164 239 1264 270 contra
1283 236 1397 264 classem
1414 238 1555 274 educeret,
1571 248 1662 277 neque
1686 244 1767 278 quid-

136 272 248 299 Ἄκτιον
263 271 352 300 Ιπλιι.
376 272 420 304 Ὦ;
433 273 457 299 δ’
476 273 563 305 οὐδεὶς
578 273 640 301 οὔτε
663 275 800 306 άντέπλει,
817 275 878 302 obs:
894 278 922 308 ἐς

135 319 231 354 λόγους
248 318 295 355 an
323 319 410 354 αὐτῷ,
428 319 444 356 ἢ
460 321 528 356 πρὶς
545 320 635 356 μάχην
650 320 666 356 ἢ
682 320 752 356 πρὸς
776 321 922 356 ὁμολογίαν

133 363 333 400 διὰλουμὲνῳ
347 365 411 397 τοὺς
440 366 590 398 ιναντίους,
614 366 746 393 κατέλασι
772 367 802 394 τὸ
824 368 924 402 χωρίον

133 411 214 439 τοῦτο
227 412 260 439 ἐν
273 407 297 446 ᾦ
313 410 362 438 νῦν
372 414 444 439 ιστιν
459 413 476 448 ἡ
497 412 656 445 Νικόπολις,
675 414 729 440 κάκ
743 414 840 440 τούτου
855 414 924 448 toi]-

134 458 214 493 δρσυι
226 457 269 494 τῷ
288 456 391 494 ’Δκτίῳ
407 458 478 485 κατὰ
492 460 546 494 γῆν
559 467 589 485 τε
604 459 652 486 καὶ
671 459 821 486 θάλασσαν.
847 460 884 486 Τὸ
895 459 925 485 δὲ

134 504 246 531 Ἄκτιον
271 504 298 530 οι
331 504 381 531 τοῦ
417 504 566 532 Ἀντωνίου
598 505 854 541 προκατελάϐοντο,
878 505 925 532 καὶ

132 549 251 586 πῦργοις
275 549 428 586 ὠχύρωσαν
447 550 628 586 ἑκατέρωθεν.
659 551 737 578 Ἐπεὶ
757 551 785 577 δὲ
813 551 863 587 τὴν
877 552 924 578 τοῦ

133 595 275 631 Καίσαρος
304 594 398 630 ἄφιξιν
424 595 540 622 ὲπὺθιτο
567 597 582 623 6
614 597 776 630 Ἀντώνιος,
804 597 924 632 ἠπείχθη

133 640 206 676 μετὰ
227 640 285 668 τῶν
302 641 367 677 περὶ
385 642 469 671 αὐτὸν
496 643 537 675 εἰς
552 642 582 669 τὸ
609 643 738 669 Ἄκτιον·
770 643 821 669 οὐκ
844 643 926 675 εὐθὺς

133 686 226 720 pls-nt
239 687 290 714 ml
306 687 471 722 ἠγωνίσατο,
491 687 581 715 καίτοι
610 688 657 716 τοῦ
681 688 821 723 Καίσαρος
843 689 926 715 παντὶ

130 732 208 768 τόπῳ
218 733 262 765 sic
276 733 370 767 ἀγῶνα
382 733 477 760 τοῦτον
490 733 641 768 ἐνάγοντος
651 742 657 749 ·
682 734 891 770 ἀκροσολισμοί;
903 734 926 760 δ’

131 779 177 807 ιιι
193 779 305 812 πλιίους
317 781 425 817 ἡμίρας
436 781 592 816 ἐχρήσατο,
610 782 691 817 μέχρι
715 782 876 817 συνήθροισε
892 781 926 807 τὰ

131 825 337 862 στρατεύματα.
357 827 386 854 '0
401 827 430 854 δὲ
444 828 553 862 Καῖσαρ
574 829 614 859 είς
630 829 681 862 τὴν
698 827 812 855 Ἐλλάδα
828 828 880 862 τήν
895 835 925 853 τε

131 871 304 900 Malm
330 873 439 909 ἔπεμψε
459 874 602 910 στρατιὰν,
630 875 705 906 ὅπως
734 875 803 909 πρὸς
833 875 926 900 ἐκεῖνα

979 286 1062 313 quam
1080 280 1121 307 vel
1151 282 1184 308 ad
1208 289 1326 318 pugnam
1355 284 1397 312 vel
1423 285 1457 313 ad
1486 285 1654 315 deditionem
1672 288 1766 319 hostes

976 326 1139 369 provocanti
1164 328 1384 362 responderent:
1405 337 1468 358 eum
1493 333 1639 368 occupavit
1659 335 1763 369 locum,

975 368 1002 396 ln
1021 377 1077 405 qun
1103 379 1177 398 nunc
1202 377 1245 400 est
1267 374 1414 410 Nicopolis,
1443 377 1536 412 ibique
1557 379 1630 408 circa
1654 380 1763 410 Aetium

975 417 1049 442 terra
1063 416 1188 451 marique
1200 419 1332 447 stationes
1345 421 1450 449 habuit.
1467 423 1534 450 Nam
1550 424 1638 459 ipsum
1653 425 1762 455 Aetium

975 460 1124 489 Autoniani
1139 471 1357 499 praeoccupatum
1375 468 1498 496 turribus
1511 471 1640 505 utrinque
1656 473 1766 500 munieo

977 511 1048 534 rant.
1066 508 1203 538 Antonius
1219 510 1339 538 adventu
1358 511 1473 542 Casaris
1488 516 1607 550 cognito.
1625 525 1687 545 cum
1706 520 1765 548 suis

975 553 1083 600 Actium
1100 556 1278 590 properavit:
1307 557 1387 593 525
1405 560 1452 587 sed
1470 568 1524 588 non
1539 563 1632 590 statim
1660 571 1766 600 pugna—

977 599 1026 632 vit,
1044 601 1170 635 quamvis
1193 609 1207 628 a
1229 602 1335 631 Cmsare
1354 605 1442 632 modis
1468 607 1598 636 omnibus
1613 599 1764 639 lacessere<

976 649 1040 675 tur:
1062 647 1249 675 tumultuariis
1265 653 1356 677 tamen
1382 652 1482 686 pugnis
1500 659 1550 687 per
1564 653 1624 681 dies
1640 657 1765 691 complu-

976 698 1022 718 res
1034 693 1161 725 certavit,
1179 693 1270 721 donec
1289 695 1467 724 conduxisset
1483 705 1549 725 suos
1565 699 1713 728 exercitus.
1730 702 1766 728 At

975 736 1066 764 Caesar
1082 738 1108 765 in
1123 738 1255 767 Graeciam
1273 746 1299 768 et
1317 741 1504 770 Macedoniam
1518 743 1594 771 misit
1617 746 1721 780 copias,
1736 751 1766 773 ut

977 783 1126 812 Antonium
1145 786 1186 812 vel
1204 786 1319 814 invitum
1346 787 1411 815 illuc
1435 789 1618 823 pertraheret.
1645 791 1766 827 Agrippa

976 829 1069 856 subito
1088 837 1199 858 accessu
1212 831 1338 859 Leucade
1355 837 1382 860 et
1394 834 1511 862 navibus
1537 835 1611 863 illius
1626 836 1679 864 loci
1695 838 1768 872 poti-

979 878 1023 902 tus
1035 879 1087 904 cst,
1115 875 1211 903 Patras
1237 877 1321 911 cepit,
1346 877 1512 907 Corinthum
1537 881 1570 908 ad
1597 882 1765 911 deditionem

132 917 287 956 μικτιγκῃ
302 918 351 946 καὶ
363 919 467 946 ἄκοντα
477 920 524 947 τὸν
535 920 689 947 Ἄντώνιον.
706 921 761 947 Καὶ
780 920 793 946 6
806 919 920 954 Ἀγρίπ-

977 921 1119 955 compulit.
1137 921 1217 950 Titus
1239 923 1347 951 Marcus
1369 929 1397 952 et
1412 925 1519 954 Taurus
1534 926 1666 961 Statilius,
1686 930 1765 964 equi-

131 970 187 994 ’τις
197 962 250 998 τῆς
263 970 294 991 τι
304 963 440 997 Λευκάδος
455 966 502 992 καὶ
515 966 570 992 τῶν
585 966 615 992 ιν
638 965 725 1001 ταύτῃ
748 966 861 999 σκαφῶν
879 966 922 992 αξ-

130 1009 244 1043 ιρνιιδεως
255 1009 424 1043 ιπιπλεύσας
439 1011 587 1047 ἐκράτησε,
607 1012 654 1038 καὶ
669 1012 780 1047 Πάτρας
802 1009 858 1038 εἷλε
876 1012 924 1038 καὶ

129 1054 181 1086 τὴν
197 1054 330 1090 Κόρινθον
346 1058 548 1091 παρεστῇσατο.
564 1058 620 1084 Καὶ
636 1058 650 1082 6
671 1057 754 1089 Τῖτος
771 1058 784 1084 6
799 1058 922 1093 Μάρκος,

130 1099 239 1135 ταῦμς
268 1109 298 1128 τι
313 1102 482 1133 samem;
509 1102 541 1129 τὸ
565 1103 678 1130 ἱππικὸν
700 1103 748 1130 τοῦ
781 1103 923 1130 ’Δντωνίου

130 1145 231 1180 ἁθρόον
249 1146 433 1182 ἐκδραμόντες
450 1147 590 1183 συνέσχον,
607 1150 654 1175 καὶ
666 1149 830 1184 Φιλάδελφον
845 1150 924 1184 βασι-

131 1192 183 1219 λέα
196 1193 389 1229 Παφλαγονίας
403 1195 648 1230 προσιποιήσαντο.
667 1195 724 1222 Καὶ
735 1196 749 1222 ό
764 1195 890 1230 Δομίτιος
907 1195 922 1221 6

132 1238 283 1270 Μςκαὶ
298 1239 375 1267 ἄλλοι
386 1239 426 1275 τῷ
447 1241 567 1275 Καίσαρι
582 1241 810 1277 προσεχώρησαν.
835 1241 923 1275 (b0611-

133 1284 191 1316 θεὶς
202 1285 280 1313 οὖνο
295 1286 452 1319 Ἀντώνιος,
469 1287 506 1323 μὴ
534 1287 589 1314 ὅσοι
618 1289 646 1319 ἐς
673 1288 724 1323 τὴν
753 1287 923 1314 Μακεδονίαν

135 1331 182 1358 καὶ
192 1331 358 1368 τὴνθρᾴκην
375 1333 554 1368 ἐπέμφθησαν
566 1333 632 1368 παρ’
647 1333 741 1367 αὑτοῦ,
755 1333 793 1368 τῷ
804 1333 922 1367 Καίσαρι

135 1377 317 1414 Ws,
330 1379 445 1415 ὥρμησε
462 1379 531 1415 πρὸς
546 1379 663 1410 αὐτούς.
688 1379 747 1405 Κάν
758 1378 847 1414 τούτῳ
859 1387 924 1405 ναυ-

135 1423 220 1460 μαχία
234 1432 276 1456 τις
293 1425 421 1459 συνέστη,
444 1426 493 1452 καὶ
517 1426 593 1460 παρὰ
608 1425 657 1459 μὲν
672 1426 704 1460 τῇ
725 1424 822 1460 πρώτῃ
840 1432 924 1458 προσ-

133 1469 197 1507 σοι
217 1469 368 1507 δτρόψαντο
388 1472 413 1498 οί
435 1471 481 1498 τοῦ
515 1471 660 1498 Ἀντωνίου
693 1472 756 1502 τοὺς
782 1471 922 1505 Καίσαρος

132 1514 242 1551 ὗεν-ις
271 1516 364 1547 ὂντας.
393 1515 447 1543 Τοῦ
476 1517 504 1544 6's
527 1517 693 1553 Ἀγρίππου,
718 1513 740 1551 ᾧ
758 1517 812 1543 πᾶν
833 1517 923 1543 ἀνεῖτο

133 1560 225 1591 τετοῦ
239 1562 379 1598 Καίσαρος
396 1563 532 1596 ναυτικὸν,
554 1563 625 1590 κατὰ
637 1565 723 1598 τύχην
735 1563 813 1599 ἑπιδη
819 1564 922 1598 μήσαν-

132 1612 186 1639 ως,
197 1607 229 1634 οὐ
242 1608 322 1642 μόνον
333 1608 409 1635 οὐδδν
422 1609 472 1644 τῆς
482 1609 560 1645 νίκης
574 1610 598 1636 ot
612 1610 660 1636 τοῦ
681 1610 825 1637 Ἀντωνίου
841 1609 920 1637 ὰπὼ·

133 1650 222 1687 νᾶντα,
235 1653 303 1681 ἀλλὰ
321 1655 368 1681 καὶ
379 1655 528 1682 ἀπώλοντο.
548 1656 603 1683 Καὶ
614 1656 658 1682 διὰ
672 1657 752 1684 τοῦτο
764 1657 921 1684 ἐπανελθὼν

133 1698 147 1724 6
164 1697 309 1731 'Atmimo;
325 1700 483 1735 ίππομαχία
499 1701 554 1727 τιν¹ι
564 1702 634 1736 πρὸς
651 1702 701 1737 τὴν
716 1702 764 1728 τοῦ
780 1703 921 1738 Καίσαρος

132 1742 310 1778 προφυλακὴν
323 1744 440 1779 ἡττήθη.
456 1744 511 1770 Καὶ
529 1745 592 1770 ἐπεὶ
611 1745 645 1771 τά
670 1745 815 1780 ἐπιτήδεια
839 1746 920 1771 αὑτὸν

131 1787 250 1823 ἤρξαντο
261 1789 424 1821 ιπιλιίπιιν,
437 1790 538 1826 βουλὴν
550 1791 702 1826 ἐποιήσατο
721 1791 835 1826 πότερον
849 1791 921 1817 κατὰ

130 1833 223 1871 χώραν
240 1835 385 1870 μείναντες
400 1835 678 1870 διακινδυνεὺσουσιν,
701 1836 717 1871 ἢ
737 1837 920 1871 μεταστάντες

130 1882 218 1917 χρύνῳ
229 1881 278 1910 τὸν
297 1883 416 1918 πόλεμον
428 1883 599 1917 διενέγκωσι.
618 1884 674 1910 Καὶ
687 1883 766 1910 ἄλλοι
784 1884 834 1918 μὲν
852 1883 920 1910 άλλα

130 1927 355 1961 συνεϐούλευσαν,
380 1930 398 1965 ἡ
415 1929 444 1956 δέ
467 1938 498 1963 γε
521 1929 697 1965 Κλεοπάτρα,
714 1929 748 1955 τὰ
775 1928 919 1963 ἐπικαιρό-

128 1982 196 2003 τατα
214 1974 272 2002 τῶν
286 1974 394 2011 χωρίων
409 1976 542 2010 φρουραῖς
578 1975 777 2010 παραδοθῆναι,
794 1976 842 2001 καὶ
857 1975 920 2006 τοὺς

127 2019 239 2052 λοιποὺς
253 2021 408 2055 συναπᾶραι
423 2021 515 2052 αὐτοῖς
529 2022 569 2052 είς
585 2021 637 2055 τὴν
649 2021 787 2054 Αἴγυπτον
802 2019 920 2055 συμΰου-

128 2066 262 2100 λούσασα,
275 2067 399 2103 ινίκησι.
426 2067 473 2099 Εἰς
490 2067 518 2093 δὲ
532 2067 635 2102 ταύτην
650 2064 716 2099 ἦλθε
732 2067 781 2100 τὴν
807 2066 920 2100 γνώμην

127 2113 180 2141 ὕπο
196 2113 321 2150 σημείων
346 2113 540 2148 θορυϐηθεῖσα,
553 2113 601 2140 καὶ
615 2113 647 2140 ὲκ
663 2112 713 2147 τῆς
727 2112 774 2138 τοῦ
790 2111 920 2146 στρατεύ-

127 2169 212 2195 ματος
223 2160 346 2196 ἀθυμίας
367 2161 416 2187 καὶ
430 2159 587 2196 ἀρρωστίας
600 2159 722 2191 δείσασα,
734 2160 781 2185 καὶ
794 2157 839 2184 τὸν
860 2158 919 2184 Ἀν-

126 2206 223 2234 τῶνιον
249 2206 425 2241 ἐξεφόϐησεν.
449 2207 486 2233 οὑ
518 2206 610 2241 μέντοι
639 2205 739 2240 λάθρα,
773 2203 834 2230 οὐδὲ
865 2204 918 2238 μὴν

977 968 1062 991 tatum
1076 966 1188 994 Antonii
1214 968 1305 996 subita
1319 972 1484 999 excursione
1503 979 1646 1007 ceperunt,
1662 980 1689 1002 et
1702 975 1764 1003 Phi.

975 1011 1132 1046 ladelphum
1151 1013 1342 1049 Paphlagoniae
1361 1023 1453 1051 regem
1477 1017 1504 1045 in
1520 1025 1583 1046 suas
1602 1024 1692 1053 partes
1709 1024 1764 1048 tra-

974 1057 1122 1085 duxerunt.
1139 1058 1190 1086 Cn.
1207 1060 1272 1087 item
1288 1061 1422 1090 Domitius
1437 1068 1465 1090 et
1480 1063 1524 1091 alii
1538 1064 1571 1091 ad
1588 1063 1722 1093 Ctesarem
1735 1074 1764 1094 se

974 1104 1161 1132 contulerunt.
1188 1106 1299 1134 Veritus
1323 1107 1408 1143 igitur
1431 1109 1579 1143 Antonius,
1607 1119 1642 1138 ne
1660 1111 1678 1138 ii
1693 1119 1764 1147 quos

975 1149 1003 1176 in
1027 1150 1212 1179 Macedoniam
1235 1157 1263 1179 et
1286 1153 1432 1181 Thraciam
1454 1154 1583 1186 misisset.
1603 1155 1675 1183 idem
1689 1156 1763 1184 face—

974 1200 1046 1229 rent,
1060 1197 1094 1224 ad
1109 1205 1157 1225 eos
1170 1200 1338 1233 properavit.
1356 1200 1464 1228 luterea
1483 1201 1630 1229 conflictus
1649 1203 1763 1237 quidam

974 1244 1042 1271 mari
1067 1244 1155 1272 factus
1173 1250 1215 1273 est
1230 1254 1237 1272 :
1261 1250 1289 1273 et
1303 1246 1465 1280 Cmsariani,
1490 1249 1570 1283 pauci
1587 1256 1713 1280 numero.
1728 1249 1763 1276 ab

973 1287 1138 1316 Antonianis
1161 1290 1298 1325 principio
1319 1292 1401 1325 pulsi.
1427 1292 1480 1319 Sed
1508 1293 1624 1321 fortuito
1638 1294 1764 1329 Agrippa:

973 1340 1153 1368 superventu.
1171 1336 1217 1369 qui
1231 1337 1279 1363 toti
1293 1336 1454 1365 Casarianae
1468 1339 1547 1366 classi
1566 1345 1693 1374 praeerat,
1726 1339 1765 1366 fa-

973 1384 1047 1407 ctum
1056 1385 1109 1412 est,
1121 1385 1150 1407 ut
1165 1381 1203 1408 illi
1219 1389 1272 1408 non
1289 1382 1372 1410 modo
1387 1384 1493 1410 nullum
1511 1384 1630 1412 victoriae
1644 1385 1762 1413 fructum

973 1432 1114 1460 caperent,
1127 1427 1174 1454 sed
1187 1427 1269 1454 etiam
1286 1427 1443 1456 interirent.
1457 1430 1516 1462 Qua
1531 1429 1564 1457 de
1575 1438 1658 1457 causa
1669 1437 1763 1457 rever-

973 1479 1020 1499 sus
1035 1472 1181 1506 Antonius,
1196 1474 1316 1508 equestri
1338 1474 1490 1502 certamine
1509 1483 1573 1502 cum
1593 1475 1690 1510 primis
1702 1475 1763 1503 Czeo

973 1520 1042 1547 saris
1055 1520 1179 1548 excubiis
1191 1528 1364 1556 congressus.
1380 1522 1536 1549 succubuit.
1558 1522 1591 1549 Et
1608 1524 1674 1557 quia
1685 1530 1763 1550 com-

974 1570 1079 1593 meatus
1101 1567 1217 1600 penuria
1247 1567 1373 1595 laborare
1399 1568 1556 1602 incipiebat,
1580 1567 1697 1595 concilio
1719 1569 1762 1595 in—

973 1613 1056 1640 ducto
1078 1613 1252 1645 deliberavit.
1281 1622 1315 1641 an
1343 1614 1523 1648 manendum,
1549 1619 1577 1642 et
1593 1614 1688 1641 martis
1702 1614 1761 1641 alea

972 1659 1172 1693 periclitanda:
1199 1667 1233 1686 an
1259 1667 1326 1686 vero
1348 1660 1403 1687 alio
1429 1659 1599 1693 abeundum,
1613 1664 1642 1686 et
1657 1660 1760 1687 bellum

973 1704 1127 1731 ducendum
1143 1710 1226 1732 esset.
1251 1705 1321 1733 Aliis
1335 1705 1410 1733 aliud
1437 1705 1624 1738 censentibus,
1643 1706 1760 1741 Cleopa-

972 1754 1020 1776 trze
1040 1751 1176 1778 sententia
1198 1751 1274 1783 vicit,
1293 1755 1323 1778 ut
1346 1751 1590 1786 opportunissimis
1603 1751 1672 1778 locis
1688 1759 1760 1786 pra:-

971 1796 1040 1823 sidia
1058 1797 1277 1831 imponerentur,
1291 1798 1383 1825 caeteri
1397 1805 1491 1825 secum
1508 1798 1534 1824 in
1550 1797 1695 1832 Egyptum
1709 1805 1762 1824 na-

971 1842 1107 1876 vigarent.
1122 1842 1151 1869 ld
1165 1848 1256 1869 autem
1274 1843 1383 1871 consilii
1401 1843 1485 1878 cepit,
1504 1847 1560 1870 tum
1576 1843 1649 1878 quod
1666 1843 1761 1878 prodi-

971 1888 1022 1922 giis
1036 1888 1201 1922 quibusdam
1218 1889 1384 1920 terrebatur,
1397 1893 1454 1916 tum
1468 1889 1531 1924 quia
1557 1890 1696 1917 exercitus
1708 1889 1759 1916 de-

972 1934 1158 1968 sperationem
1175 1939 1203 1961 et
1219 1935 1345 1962 morbum
1361 1935 1474 1962 timebat
1488 1944 1494 1961 :
1513 1935 1634 1962 Antonio
1649 1943 1759 1970 quoque

972 1983 1105 2007 terrorem
1132 1980 1258 2007 incussit.
1286 1980 1338 2008 Sed
1356 1981 1419 2015 quia
1445 1988 1535 2015 neque
1558 1981 1640 2011 clam.
1669 1988 1759 2015 neque

971 2025 1053 2052 etiam
1070 2029 1165 2059 aperte
1178 2030 1308 2060 tanquam
1326 2026 1462 2060 fugientes
1477 2026 1552 2053 abire
1567 2026 1706 2058 volebant,
1725 2034 1758 2053 ne

970 2071 1055 2098 sociis
1072 2074 1207 2098 terrorem
1232 2072 1399 2105 incuterent,
1425 2072 1473 2099 sed
1504 2077 1633 2106 tanquam
1657 2072 1689 2098 ad
1707 2080 1758 2106 pu-

970 2124 1050 2151 gnam
1079 2117 1167 2152 parati
1195 2118 1312 2145 navibus
1341 2118 1453 2152 optimis
1477 2117 1608 2149 delectis,
1637 2122 1665 2145 et
1693 2118 1758 2151 quia

970 2163 1068 2191 morbo
1084 2168 1113 2191 et
1129 2164 1286 2199 transfugiis
1298 2165 1431 2200 remigum
1449 2164 1611 2192 imminutus
1627 2168 1687 2191 erat
1704 2172 1757 2191 nu-

971 2218 1075 2242 merus,
1102 2210 1217 2245 reliquis
1243 2211 1383 2243 crematis,
1409 2215 1436 2237 et
1451 2215 1533 2237 noctu
1550 2210 1759 2245 pretiosissimis

130 2253 256 2289 φανερῶς
268 2253 419 2280 ἔκπλεῦσαι
435 2252 473 2284 ὡς
489 2252 636 2287 φεύγοντες
655 2250 862 2282 ἐϐουλεύσαντο,
873 2250 918 2275 ἴνα

972 2256 1128 2292 quibusque
1156 2257 1240 2284 rebus
1262 2257 1331 2283 clam
1359 2256 1452 2289 illatis,
1479 2257 1512 2284 ad
1533 2257 1714 2291 navigandum
1729 2264 1758 2284 se

130 2300 166 2336 μὴ
180 2301 222 2333 είς
248 2300 309 2332 δέος
334 2300 399 2331 τοὺς
423 2299 585 2334 συμμάχους
607 2297 784 2333 ἐμϐάλωσιν·
802 2295 860 2322 ἀλλ’
879 2295 918 2326 ὡς

126 2347 172 2374 ἰπὶ
197 2346 354 2381 ναυμαχίαν
386 2344 671 2381 παρασκευαζόμενοι,
703 2342 850 2370 κάντεῦθεν
884 2341 918 2369 τά

126 2394 224 2430 ἇριστα
239 2393 294 2420 τῶν
305 2392 417 2426 σκαφῶν
427 2391 613 2426 ἐκλεξάμενοι,
627 2390 668 2417 ὅτι
690 2390 722 2416 ὲκ
747 2389 797 2424 τῆς
814 2388 918 2423 φθορᾶς

127 2449 156 2466 τε
171 2441 219 2468 καὶ
233 2441 284 2475 τῆς
295 2439 461 2474 αὐτομολίας
483 2439 507 2465 οί
531 2438 625 2473 ἐρέται
641 2436 810 2471 ὴλάττωντο,
833 2434 914 2461 κατέ-

130 2494 243 2522 πρησαν
255 2485 289 2512 τὰ
301 2485 394 2517 λοιπὰ,
409 2485 457 2511 καὶ
476 2483 585 2519 νύκτωρ
605 2483 694 2510 πάντα
710 2482 744 2508 τὰ
761 2481 918 2516 τιμιώτατα

126 2533 265 2569 λαθραίως
285 2532 452 2568 ἐμϐαλόντες
484 2532 588 2563 αὐτοῖς,
617 2530 716 2564 ἕτοιμα
745 2529 784 2559 είς
800 2527 917 2554 ἔκπλουν

125 2579 271 2616 ἐποίησαν.
285 2578 339 2606 Καὶ
354 2578 418 2609 τοὺς
441 2576 611 2612 στρατιώτας
637 2574 830 2610 παρεθάρρυνε
849 2573 918 2609 πρὸς

125 2626 174 2661 τὴν
186 2624 356 2661 ναυμαχίαν,
371 2623 527 2659 διαλεχθεὶς
546 2623 636 2654 αὐτοῖς
655 2622 669 2647 6
691 2620 845 2652 Ἀντώνιος.
863 2621 917 2647 Καὶ

125 2669 210 2702 οὕτως
225 2669 333 2700 πάντας
347 2669 398 2704 μὲν
408 2669 472 2700 τοὺς
485 2668 611 2703 πρώτους
626 2667 680 2694 τῶν
696 2667 830 2693 συνόντων
842 2665 917 2701 αὐτῷ

125 2714 163 2746 εἷς
174 2714 226 2747 τὰς
238 2713 306 2746 ναῦς
318 2713 487 2744 ἐνεϐίϐασεν,
501 2713 544 2739 ἱνα
560 2714 595 2748 μή
609 2722 634 2739 τι
649 2713 861 2748 νεωτερίσωσιν,
875 2712 914 2743 ὡς

125 2761 140 2788 6
156 2761 265 2793 Δέλλιος
278 2762 325 2788 καὶ
337 2760 412 2787 ἄλλοι
430 2761 501 2791 τινὲς
516 2759 753 2794 αὐτομολήσαντες
766 2767 773 2774 ν
784 2759 916 2793 παμπλη-

126 2807 181 2839 θεῖς
194 2807 224 2834 δδ
240 2807 289 2834 καὶ
311 2807 425 2839 τοξότας
447 2807 494 2833 καὶ
520 2806 705 2841 σφενδονήτας
728 2805 775 2831 καὶ
801 2804 915 2837 ὁπλίτας

126 2852 278 2880 ινισίθασε.
312 2852 442 2888 Τριήρεις
473 2851 524 2887 μὲν
550 2851 605 2887 γὰρ
622 2851 716 2885 ὀλίγας
735 2848 817 2885 εἶχεν,
842 2850 871 2877 at!
886 2850 915 2877 δὲ

127 2897 216 2935 λοιπαὶ
230 2899 376 2935 τετρήρεις
393 2898 438 2925 καὶ
453 2897 581 2934 δεκήρεις
597 2895 668 2933 ἦσαν
685 2897 770 2933 αὐτῷ.
803 2897 913 2933 Καῖσαρ

972 2300 1172 2327 instruxerunt.
1199 2301 1335 2328 Antonius
1358 2301 1460 2328 milites
1485 2309 1535 2335 pro
1565 2302 1697 2328 concione
1722 2301 1757 2328 ad

970 2354 1088 2381 pugnam
1104 2347 1240 2379 incitavit,
1257 2351 1337 2381 atque
1360 2347 1397 2374 ita
1415 2347 1549 2381 primores
1565 2355 1661 2375 omnes
1675 2348 1757 2374 fami-

968 2393 1078 2420 liarium
1098 2401 1213 2421 suorum
1237 2393 1264 2420 in
1291 2400 1375 2421 naves
1391 2394 1533 2428 imposuit.
1550 2401 1585 2421 ne
1604 2394 1672 2428 quid
1691 2394 1755 2421 novi

969 2439 1152 2466 molirentur:
1174 2443 1204 2466 ut
1226 2439 1330 2466 Dellius
1345 2443 1373 2466 et
1396 2439 1443 2466 alii
1460 2439 1606 2474 transfuga:
1623 2439 1755 2466 fecerant.

968 2484 1054 2518 Quam
1070 2485 1205 2519 plurimos
1218 2485 1300 2512 etiam
1319 2484 1483 2517 funditores,
1499 2485 1656 2520 sagittarios
1672 2488 1699 2511 et
1710 2492 1756 2511 ar-
1804 2479 1807 2481 ’

968 2534 1057 2556 tnatos
1080 2528 1222 2563 imposuit.
1249 2528 1390 2556 Triremes
1402 2528 1484 2564 526
1497 2529 1570 2556 enim
1588 2536 1689 2564 paucas
1704 2529 1755 2556 ba-

968 2575 1061 2606 bcbat,
1088 2579 1195 2602 caetera
1221 2574 1412 2608 quadriremes
1433 2578 1461 2600 et
1489 2573 1641 2600 deciremes
1664 2578 1754 2601 erant.

967 2619 1058 2647 Caesar
1070 2626 1166 2647 eorum
1185 2619 1368 2646 instructione
1382 2619 1449 2649 visa.
1464 2624 1560 2646 contra
1576 2626 1605 2646 se
1621 2618 1754 2653 parabat:

967 2665 1015 2693 sed
1030 2672 1125 2693 eorum
1141 2665 1258 2692 consilio
1273 2670 1329 2691 tum
1345 2672 1378 2691 ex
1394 2664 1466 2698 aliis,
1483 2668 1540 2691 tum
1556 2671 1588 2691 ex
1604 2663 1689 2690 Dellio
1707 2671 1755 2690 co-

967 2713 1053 2747 gnito,
1071 2711 1223 2738 exercitum
1250 2710 1432 2738 convocavit:
1461 2717 1542 2745 quem
1571 2709 1634 2737 dum
1650 2709 1683 2736 ad
1702 2717 1754 2744 pu-

966 2765 1046 2792 gnam
1065 2757 1236 2787 cohortatur.
1255 2756 1358 2791 ingenti
1374 2756 1455 2783 imbri
1472 2760 1500 2783 et
1516 2755 1624 2783 turbine
1641 2755 1667 2782 in
1683 2755 1754 2782 clas-

965 2812 1022 2832 sem
1047 2804 1159 2831 Antonii
1192 2805 1278 2835 illato,
1297 2807 1435 2838 resumpta
1451 2802 1564 2832 ﬁducia.
1582 2809 1678 2830 eorum
1695 2801 1754 2828 abi-

966 2855 1024 2878 tum
1051 2849 1215 2877 observavit.
1243 2849 1368 2883 Cumque
1391 2847 1539 2875 Antoniani
1562 2847 1589 2874 in
1609 2846 1752 2882 procinctu

967 2900 1082 2931 starent,
1104 2904 1154 2924 nec
1177 2900 1266 2924 tamen
1290 2894 1444 2930 prodirent,
1472 2894 1499 2922 in
1525 2893 1618 2922 animo
1643 2891 1752 2924 habuit,
