2027 3150
156 156 208 188 εςθ

805 164 1006 195 ANNAIJUM
1026 165 1064 196 Ll
1070 166 1102 198 Β.
1122 167 1157 199 Χ.

1732 179 1786 210 890

157 211 198 242 εἰς
212 210 296 238 αὐτὸν
311 211 493 247 ἐμϐάλλοντος
516 213 701 248 γλυκαίνεται.
716 215 851 244 Κάκεῖθεν
865 218 904 249 είς
919 218 940 243 τι

1000 218 1069 246 Cum
1085 227 1166 249 nemo
1186 226 1281 250 contra
1305 224 1419 253 classem
1436 226 1576 262 educeret,
1593 237 1684 266 neque
1707 233 1788 267 quid—

158 258 270 284 ’Δκτιον
286 258 374 286 ἐπλιι.
399 258 442 290 '0;
455 259 479 285 δ’
498 259 584 292 οὐδεὶς
599 260 661 287 οὔτε
685 261 821 293 άντέπλει,
838 262 899 289 οὗτε
915 265 944 295 ἐς

157 304 252 339 λόγους
272 304 317 340 ᾔει
346 305 432 340 αὐτῷ,
450 306 466 342 ἢ
482 307 550 342 πρῦς
566 306 657 342 μάχην
672 306 687 342 ἢ
704 307 773 342 πρὸς
797 308 944 343 ὁμολογίαν

157 350 355 386 ἐκκαλουμένη.»
370 351 432 383 τοὺς
463 352 611 384 ἐναντίους.
635 353 768 380 κατέλαϐε
793 354 823 380 τὸ
844 355 945 389 χωρίον

156 398 235 424 τοῦτο
251 398 281 424 ἐν
296 394 318 432 ᾧ
335 397 383 424 νῦν
393 400 466 425 ἐστιν
481 399 497 434 ή
519 399 678 432 Νικόπολις,
696 400 751 426 κὰκ
765 400 861 427 τούτου
875 401 944 435 ἐφή-

157 443 236 479 δρευε
249 443 290 479 τῷ
311 443 413 480 ’Δκτίῳ
428 445 499 471 κατὰ
514 446 567 480 γῆν
580 453 610 472 τε
625 446 673 472 καὶ
693 445 842 474 θάλασσαν,
868 446 904 473 Τὸ
915 446 946 473 δὲ

157 490 268 517 ’Δκτιον
293 490 319 516 οῑ
354 490 403 517 τοῦ
438 490 587 518 Ἀντωνίου
619 491 875 527 προκατελάϐοντο,
899 492 946 519 καὶ

155 535 272 571 πύργοις
297 536 449 572 ὠχύρωσαν
468 537 649 572 ἑκατέρωθεν.
680 537 757 564 Ἑπεὶ
777 537 806 564 δὲ
834 537 883 574 τὴν
898 539 945 565 τοῦ

156 581 296 616 Καίσαρος
327 581 418 615 ἄφιξιν
446 582 562 609 ἐπύθετο
588 583 603 609 ό
635 583 797 616 Ἀντώνιος,
825 583 944 619 ἠπείχθη

156 627 227 661 μετά
250 627 306 653 τῶν
324 627 388 662 περὶ
406 628 490 656 αὐτὸν
517 629 558 660 εἰς
572 628 603 656 τδ
630 629 759 656 Ἄκτιον
791 630 841 656 οὐκ
865 630 947 662 εὐθὺς

157 671 248 706 μέντοι
263 673 311 699 καὶ
328 673 492 708 ἠγωνίσατο,
512 674 602 701 καίτοι
631 674 678 702 τοῦ
702 675 841 710 Καίσαρος
864 676 946 702 παντὶ

153 718 229 753 τόπῳ
242 720 282 750 είς
298 719 392 753 ἀγῶνα
403 719 498 746 τοῦτον
512 719 662 754 ἐνάγοντος
672 729 678 736 ·
703 720 912 756 ἀκροϐολισμοῖς
923 721 946 747 δ’

153 765 198 792 ἐπὶ
215 766 326 798 πλείους
339 767 445 802 ἡμέρας
458 767 613 802 ἐχρήσατο,
630 768 712 803 μέχρι
736 768 896 804 συνήθροισε
913 768 947 794 τὰ

154 811 358 847 στρατεύματα.
378 813 407 839 Ὁ
423 813 451 840 δὲ
465 814 573 848 Καῖσαρ
594 815 634 845 είς
650 815 701 848 τὴν
718 814 832 841 Ἐλλάδα
849 815 901 849 τήν
916 822 945 840 τε

153 858 325 885 Μακεδονίαν
352 858 460 895 ἔπεμψε
480 860 623 895 στρατιάν,
650 861 726 892 ὅπως
755 861 823 896 πρὸς
853 861 946 887 ἐκεῖνα

1001 273 1084 300 quam
1101 268 1143 294 vel
1172 270 1205 295 ad
1229 277 1347 305 pugnam
1377 272 1418 299 vel
1445 274 1478 301 ad
1508 274 1676 304 deditionem
1695 277 1787 308 hostes

998 313 1160 357 provocanti
1185 316 1406 350 responderent:
1426 325 1489 346 eum
1515 322 1660 357 occupavit
1682 323 1785 357 locum,

996 355 1024 382 in
1043 364 1098 391 qun
1125 366 1198 386 nunc
1223 365 1266 388 est
1289 361 1435 398 Nicopolis,
1464 365 1557 401 ibique
1578 355 1652 396 circa
1675 355 1784 398 Actium

997 405 1070 429 terra
1085 404 1209 438 marique
1221 406 1353 434 stationes
1366 409 1472 437 habuit.
1489 411 1555 439 Nam
1571 412 1659 448 ipsum
1675 414 1784 444 Actium

996 447 1145 476 Antoniani
1160 458 1379 487 prmoccnpatum
1396 456 1519 484 turribus
1531 459 1661 494 utrinque
1677 462 1786 489 munieo

997 498 1070 521 rant.
1088 495 1224 524 Antonius
1240 497 1360 526 adventu
1379 499 1494 530 Czesaris
1509 505 1628 538 cognito.
1645 514 1708 534 cum
1727 509 1786 536 suis

996 540 1104 589 Actium
1121 544 1299 577 properavit:
1328 544 1408 580 525
1426 547 1473 574 scd
1491 556 1545 576 non
1560 551 1653 578 statim
1680 561 1787 589 pugna-

998 586 1046 620 vit,
1065 589 1191 622 quamvis
1214 596 1228 616 a
1250 589 1356 618 (ἔπειτα
1375 592 1463 620 modis
1489 595 1618 624 omnibus
1634 586 1785 628 lacessere-

997 636 1061 662 tur:
1083 634 1270 662 tumultuariis
1287 641 1377 665 tamen
1403 640 1502 673 pugnis
1521 647 1571 674 per
1585 641 1645 669 dies
1661 646 1786 680 complu-

997 685 1043 706 res
1055 681 1182 712 certavit,
1200 681 1291 709 donec
1310 683 1488 712 conduxisset
1504 693 1569 712 suos
1585 688 1733 716 exercitus.
1751 691 1786 717 At

995 723 1087 752 Caesar
1103 725 1129 752 in
1145 726 1276 755 Greciam
1293 734 1320 756 et
1338 729 1524 758 Macedoniam
1539 731 1615 760 misit
1638 734 1742 768 copias,
1756 739 1786 762 ut

997 771 1147 799 Antonium
1165 773 1207 800 vel
1225 773 1339 801 invitum
1366 775 1431 802 illuc
1456 777 1638 811 pertraheret.
1666 779 1786 815 Agrippa

997 816 1089 844 subito
1108 825 1220 845 accessu
1233 818 1359 848 Leucade
1375 825 1403 848 et
1415 822 1531 850 navibus
1557 823 1632 851 illius
1647 824 1700 852 loci
1717 827 1788 860 poti-

999 865 1044 889 tus
1055 866 1107 890 cst.
1136 863 1232 891 Patras
1257 865 1341 899 cepit,
1366 865 1532 895 Corinthum
1557 869 1591 896 ad
1618 870 1785 899 deditionem

154 903 309 941 μενετᾶγκη
324 905 372 932 καὶ
385 905 487 932 ἄκοντα
499 906 545 933 τδν
555 906 709 933 Ἄντώνιον.
726 906 781 933 Καὶ
800 906 814 932 6
827 906 940 940 Ἀγρίπ-

997 908 1140 942 compulit.
1158 909 1237 937 Titus
1260 910 1367 939 Marcus
1389 917 1418 939 et
1433 913 1539 942 Taurus
1554 915 1687 950 Statilius.
1707 919 1786 952 equi-

153 956 208 980 παις
218 948 271 985 τῆς
283 957 316 976 τε
325 949 461 983 Λευκάδος
475 952 523 978 καὶ
535 952 591 978 τῶν
606 952 635 978 ἐν
658 951 745 988 ταύτῃ
769 953 882 986 σκαφῶν
900 953 943 979 αἱ-

152 995 266 1028 trum
276 995 445 1029 ἐπιπλεύσας
460 997 608 1033 ἐκράτησε,
627 999 674 1025 καὶ
690 999 800 1033 Πάτρας
823 995 879 1024 εἷλε
897 999 945 1025 καὶ

151 1040 203 1072 τὴν
218 1041 350 1076 Κόρινθον
367 1044 568 1077 παρεστῇσατο.
585 1044 641 1071 Καὶ
657 1045 671 1070 ό
692 1044 774 1076 Τῖτος
791 1045 805 1071 ὁ
820 1045 943 1080 Μάρκος,

152 1085 260 1121 ταῦρός
289 1095 318 1114 τε
334 1088 348 1114 ό
362 1088 502 1119 Στατίλιος
530 1089 561 1115 τὸ
585 1090 698 1116 ἱππικὸν
720 1090 768 1117 τοῦ
801 1090 944 1117 ’Δντωνίου

151 1131 252 1166 ἁθρόον
269 1132 454 1168 ἐκδραμόντες
470 1134 611 1169 συνέσχον,
627 1136 675 1162 καὶ⁸
686 1136 850 1171 Φιλάδελφον
865 1137 944 1171 βασι-

153 1177 202 1204 λέα
216 1179 410 1214 Παφλαγονίας
423 1181 668 1216 προσεποιήσαντο.
688 1182 744 1209 Καὶ
755 1184 770 1209 ό
784 1182 910 1218 Δομίτιος
927 1182 942 1208 ό

153 1224 247 1256 Γνατος
257 1227 304 1251 καὶ
319 1225 396 1252 ἄλλοι
407 1226 446 1261 τῷ
467 1227 587 1262 Καίσαρι
602 1227 830 1263 προσεχώρησαν.
855 1228 944 1262 Φοϐη-

153 1269 210 1302 οεὶς
223 1271 271 1298 οὖν
286 1272 300 1298 6
315 1271 472 1306 ’Δντώνιος,
489 1273 526 1309 μὴ
554 1274 609 1301 ὅσοι
638 1275 667 1306 ἐς
693 1274 744 1309 τὴν
773 1274 943 1302 Μακεδονίαν

155 1317 203 1343 καὶ
213 1317 379 1353 τὴνΘρᾴκην
395 1319 574 1354 ἐπέμφθησαν
587 1320 652 1354 παρ’
667 1319 762 1354 αὑτοῦ,
775 1319 814 1355 τῷ
824 1319 943 1354 Καίσαρι

155 1363 338 1399 πρόσοωνται,
350 1365 465 1401 ὥρμησε
483 1365 551 1401 πρὸς
566 1365 683 1397 αὐτούς.
708 1366 767 1392 Κάν
778 1365 867 1401 τούτῳ
880 1374 944 1392 ναυ-

154 1409 241 1446 μαχία
254 1418 297 1442 τις
313 1411 441 1445 συνίστη,
464 1411 513 1438 καὶ
536 1412 612 1446 παρὰ
628 1411 676 1446 μὶν
692 1413 725 1447 τῇ
745 1411 842 1446 πρώτῃ
860 1419 944 1446 προσ·

152 1453 217 1492 ϐολῇ
238 1455 388 1492 ἐτριψαντο
409 1458 434 1484 ot
454 1457 500 1484 τοῦ
534 1457 680 1484 Ἀντωνίου
713 1459 776 1489 τοὺς
801 1457 942 1492 Καίσαρος

151 1500 262 1536 ὀλίγους
291 1502 384 1533 ὄντας.
412 1501 466 1529 Τοῦ
496 1503 524 1530 δὲ
547 1503 713 1539 ’Δγρίππου,
737 1500 760 1537 ᾧ
777 1504 832 1530 πᾶν
852 1504 943 1530 ἀνεῖτο

153 1547 245 1577 ἠτοῦ
259 1548 398 1584 Καίσαρος
416 1550 551 1582 ναυτικὸν,
573 1550 645 1576 κατὰ
657 1552 743 1585 τύχην
755 1550 832 1585 ἐπιδη
838 1550 942 1585 μήσαν-

151 1599 206 1623 τος.
218 1592 248 1619 οὐ
262 1594 341 1628 μόνον
353 1594 428 1620 οὐδὲν
441 1595 492 1630 τῆς
501 1596 580 1631 νίκης
593 1597 618 1622 oi
632 1595 679 1623 τοῦ
700 1597 845 1624 Ἀντωνίου
861 1597 939 1624 ἀπώ-

151 1646 242 1672 ναντο,
255 1639 322 1666 ἀλλὰ
341 1641 388 1667 καὶ
398 1641 548 1669 ἀπώλοντο.
567 1642 622 1669 Καὶ
633 1642 677 1669 διὰ
691 1643 772 1670 τοῦτο
784 1643 940 1671 ἐπανελθὼν

151 1683 165 1709 δ
184 1683 328 1716 Ἀντώνιος
345 1685 502 1722 ἱππομαχίᾳ
518 1687 573 1713 τινί
583 1688 653 1723 πρὸς
670 1689 720 1724 τὴν
735 1689 783 1715 τοῦ
799 1689 941 1725 Καίσαρος

151 1727 329 1764 προφυλακὴν
342 1729 460 1765 ἡττήθη.
475 1730 530 1757 Καὶ
548 1731 610 1757 ἐπεὶ
630 1731 664 1758 τὰ
689 1732 834 1767 ἐπιτήδεια
858 1733 940 1759 αὑτὸν

149 1773 270 1808 ἤρξαντο
281 1775 443 1807 ἐπιλείπειν,
457 1775 557 1812 βουλήν
568 1778 721 1812 ἐποιήσατο
739 1778 854 1813 πότερον
868 1778 940 1804 κατὰ

148 1819 242 1855 χώραν
260 1821 404 1855 μείναντες
419 1821 697 1856 διακινδυνεὺσουσιν,
720 1823 736 1858 ἦ
756 1824 940 1858 μεταστάντες

147 1868 237 1902 χρόνῳ
249 1868 297 1895 τὸν
316 1868 435 1904 πόλεμον
447 1869 618 1904 διενέγκωσι.
637 1870 693 1897 Καὶ
706 1870 785 1896 ἄλλοι
803 1871 853 1906 μέν
870 1870 939 1897 ἄλλα

147 1913 374 1947 συνεϐούλευσαν,
399 1916 417 1951 ή
434 1916 463 1942 δέ
485 1924 517 1949 γε
540 1915 715 1952 Κλεοπάτρα,
733 1916 767 1942 τὰ
794 1915 938 1951 ἐπικαιρό-

145 1968 216 1988 τατα
234 1960 290 1987 τῶν
305 1960 413 1996 χωρίων
428 1963 562 1996 φρουραῖς
597 1961 796 1997 παραδοθῆναι,
813 1963 860 1988 καὶ
876 1963 939 1993 τοὺς

145 2005 258 2038 λοιποὺς
273 2007 427 2040 συναπᾶραι
442 2007 534 2038 αὐτοῖς
547 2009 588 2039 είς
604 2007 655 2042 τὴν
668 2008 806 2041 Αιγυπτον
821 2007 938 2042 συμϐου-

145 2051 281 2086 λεύσασα,
295 2053 417 2088 ἐνίκησε.
445 2054 492 2085 Et;
508 2053 537 2080 δὲ
550 2054 654 2088 ταύτην
669 2051 735 2086 ἦλθε
750 2054 800 2088 τὴν
825 2053 939 2088 γνώμην

145 2099 200 2126 ὑπὸ
216 2099 340 2135 σημείων
365 2099 558 2134 Θορυϐηθεῐσα,
571 2099 619 2127 καὶ
633 2100 665 2127 ἐκ
681 2099 732 2134 τῆς
745 2099 792 2126 τοῦ
808 2099 939 2134 στρατεύ-

145 2155 230 2180 ματος
243 2146 364 2182 ἀθυμίας
386 2147 435 2173 καὶ
448 2146 606 2182 άρῤωστίας
618 2146 741 2178 δείσασα,
752 2147 799 2172 καὶ
812 2145 857 2171 τὸν
878 2145 938 2172 Ἀν-

144 2192 241 2219 τώνιον
268 2192 444 2227 ἐξεφόϐησεν.
467 2193 505 2219 οὐ
536 2192 629 2227 μέντοι
657 2192 757 2227 λάθρα.
791 2191 852 2218 οὐδὲ
883 2191 937 2226 μὴν

955 1573 976 1602 C

997 955 1082 978 tatum
1096 953 1209 981 Antonii
1235 955 1325 983 subita
1340 959 1504 987 excursione
1523 968 1666 995 ceperunt,
1683 969 1710 990 et
1722 964 1784 991 Phi-

996 998 1153 1033 ladelphum
1172 1000 1363 1036 Paphlagoniae
1381 1011 1473 1038 regem
1498 1005 1524 1032 in
1540 1014 1604 1034 suas
1623 1012 1712 1041 partes
1729 1013 1784 1036 tra-

995 1044 1143 1072 duxerunt.
1160 1045 1210 1073 Cn.
1228 1048 1292 1074 item
1308 1048 1442 1077 Domitius
1457 1055 1486 1078 et
1500 1051 1545 1079 alii
1558 1052 1591 1079 ad
1608 1052 1742 1081 Caesarem
1755 1063 1784 1082 se

994 1091 1182 1120 contulerunt.
1208 1093 1320 1122 Veritus
1343 1095 1428 1130 igitur
1452 1096 1599 1130 Antonius,
1627 1107 1662 1126 ne
1680 1099 1698 1126 ii
1713 1108 1784 1135 quos

995 1136 1024 1163 in
1047 1137 1233 1166 Macedoniam
1255 1144 1284 1167 et
1306 1140 1452 1169 Thraciam
1474 1142 1603 1175 misisset.
1623 1143 1695 1171 idem
1709 1144 1783 1172 face-

994 1187 1066 1216 rent,
1080 1184 1114 1211 ad
1130 1192 1178 1212 eos
1191 1187 1359 1221 properavit.
1376 1188 1484 1216 Interea
1503 1189 1650 1217 conﬂictus
1669 1191 1783 1225 quidam

995 1231 1062 1258 mari
1087 1231 1176 1259 factus
1193 1237 1236 1260 est
1250 1242 1257 1260 :
1281 1238 1309 1260 et
1324 1233 1485 1268 Cmsariani,
1510 1237 1590 1271 pauci
1607 1245 1733 1269 numero,
1748 1237 1783 1265 ab

993 1274 1158 1303 Antonisnis
1182 1278 1319 1312 principio
1339 1279 1421 1313 pulsi.
1447 1279 1500 1307 Sed
1528 1280 1644 1308 fortuito
1657 1282 1784 1317 Agrippae

993 1327 1174 1355 superventu.
1192 1323 1237 1357 qui
1251 1325 1299 1350 toti
1314 1324 1475 1353 Caesariana:
1487 1327 1567 1354 classi
1585 1333 1712 1362 βῖκοι-αι,
1746 1327 1785 1355 fa-

993 1371 1129 1400 ctumest,
1141 1372 1170 1395 ut
1185 1368 1223 1396 illi
1240 1376 1293 1396 non
1310 1369 1392 1397 modo
1407 1372 1514 1398 nullum
1531 1372 1650 1400 victoria:
1664 1373 1783 1402 fructum

993 1419 1134 1448 caperent,
1147 1414 1194 1442 sed
1207 1415 1289 1442 etiam
1306 1415 1463 1444 interirent.
1477 1418 1536 1450 Qua
1550 1417 1584 1445 de
1595 1426 1678 1446 causa
1690 1425 1784 1446 rever—

993 1467 1040 1486 sus
1054 1459 1201 1494 Antonius,
1216 1462 1336 1496 equestri
1358 1462 1510 1490 certamine
1529 1471 1593 1490 cum
1613 1463 1710 1498 primis
1722 1463 1783 1491 Ca;-

993 1507 1062 1534 saris
1075 1507 1199 1536 excubiis
1211 1516 1384 1544 congressus.
1400 1510 1556 1538 succubuit.
1577 1510 1611 1537 Et
1628 1513 1693 1546 quia
1705 1518 1783 1538 com-

993 1557 1099 1580 meatus
1121 1555 1236 1588 penuria
1267 1555 1392 1583 laborare
1419 1556 1576 1591 incipiebat,
1600 1556 1717 1584 concilio
1738 1557 1781 1584 in-

992 1600 1076 1628 ducto
1097 1601 1271 1633 deliberavit,
1300 1610 1335 1630 an
1363 1603 1542 1636 manendum,
1569 1607 1597 1630 et
1613 1603 1707 1630 martis
1722 1603 1781 1630 alca

992 1646 1192 1680 periclitanda:
1219 1655 1252 1675 an
1279 1655 1345 1675 vero
1367 1648 1422 1675 alio
1448 1648 1618 1682 abeundum,
1632 1653 1661 1676 et
1676 1649 1779 1676 bellum

992 1691 1147 1719 ducendum
1162 1698 1245 1720 esset.
1271 1693 1341 1722 Aliis
1354 1694 1429 1721 aliud
1455 1695 1643 1727 censentibus,
1661 1695 1779 1730 Cleopa-

992 1741 1039 1764 tra:
1059 1739 1195 1766 sententia
1217 1739 1293 1771 vicit,
1312 1744 1342 1767 ut
1365 1740 1608 1775 opportunissimis
1622 1741 1690 1768 locis
1707 1748 1779 1776 pne-

991 1784 1059 1811 sidia
1077 1785 1296 1819 imponerentur,
1310 1787 1402 1813 caeteri
1416 1793 1510 1813 secum
1526 1787 1552 1813 in
1568 1785 1714 1822 Egyptum
1728 1794 1780 1813 na-

990 1829 1126 1863 vigarent.
1141 1830 1170 1857 ld
1184 1835 1275 1857 aulem
1293 1831 1402 1859 consilii
1420 1832 1503 1866 cepit,
1522 1836 1579 1859 tum
1594 1833 1667 1867 quod
1685 1832 1780 1867 prodi-

989 1875 1041 1909 giis
1055 1875 1220 1909 quibusdam
1237 1877 1403 1909 terrebatur,
1416 1882 1473 1904 tum
1487 1878 1550 1912 quia
1576 1879 1714 1906 exercitus
1727 1878 1777 1906 de-

991 1921 1177 1955 sperationem
1194 1927 1222 1949 et
1238 1922 1364 1949 morbum
1379 1923 1512 1951 timebat:
1531 1923 1652 1951 Antonio
1667 1932 1778 1958 quoque

991 1971 1124 1995 terrorem
1151 1968 1278 1995 incussit.
1305 1968 1357 1996 Sed
1374 1969 1438 2003 quia
1463 1977 1553 2004 neque
1577 1969 1658 1999 clam,
1688 1977 1777 2004 neque

989 2012 1072 2040 etiam
1089 2017 1184 2047 aperte
1198 2018 1327 2048 tanquam
1345 2014 1480 2049 fugientes
1495 2014 1570 2041 abire
1585 2014 1724 2046 volebant,
1743 2023 1777 2042 ne

989 2058 1074 2086 sociis
1091 2062 1226 2087 terrorem
1251 2060 1418 2093 incuterent,
1444 2061 1491 2088 sed
1523 2065 1652 2094 tanquam
1675 2061 1707 2087 ad
1725 2069 1776 2095 pu-

988 2111 1069 2139 gnam
1098 2105 1186 2140 parati
1213 2106 1330 2133 navibus
1359 2106 1471 2140 optimis
1495 2106 1627 2138 delectis,
1655 2111 1684 2134 et
1711 2107 1776 2140 quia

988 2151 1087 2179 morbo
1103 2156 1131 2179 et
1148 2152 1305 2188 transfugiis
1316 2153 1450 2188 remigum
1467 2153 1629 2180 imminutus
1646 2158 1706 2180 erat
1722 2161 1775 2180 nu-

989 2205 1094 2231 merus,
1121 2198 1235 2233 reliquis
1261 2199 1400 2232 crematis,
1427 2203 1455 2226 et
1469 2204 1551 2226 noctu
1568 2199 1777 2233 pretiosissimis

148 2239 273 2275 φανερῶς
287 2239 437 2265 ἐκπλεῦσαι
453 2239 491 2270 ώς
507 2238 654 2273 φεύγοντες
673 2237 881 2269 ἐϐουλεύσαντο,
891 2237 936 2263 ’ίνα

991 2244 1146 2280 quibusque
1174 2245 1258 2273 rebus
1280 2245 1349 2272 clam
1377 2245 1471 2277 illatis,
1497 2245 1530 2272 ad
1551 2245 1776 2280 navigandumse

148 2286 185 2320 μὴ
199 2287 241 2318 είς
267 2285 327 2318 δέος
353 2286 417 2317 τοὺς
441 2285 603 2320 συμμάχους
625 2283 802 2320 ἐμϐάλωσιν·
821 2282 878 2310 ἀλλ’
897 2282 936 2313 ὡς

144 2332 190 2359 ἐπὶ
216 2332 372 2367 ναυμαχίαν
404 2331 688 2367 παρασκευαζόμενοι,
720 2329 868 2357 κάντεῦθεν
901 2328 936 2356 τὰ

143 2379 242 2414 ἄριστα
258 2378 312 2405 τῶν
323 2378 434 2412 σκαφῶν
444 2377 631 2412 ἐκλεξάμενοι,
645 2377 686 2403 ὅτι
708 2376 739 2403 ἐκ
765 2376 815 2410 τῆς
831 2375 936 2410 φθορᾶς

143 2434 172 2452 τε
189 2427 237 2453 καὶ
252 2427 302 2461 τῆς
313 2425 479 2460 αὐτομολίας
500 2425 524 2451 οι
548 2424 643 2459 ἐρέται
659 2423 828 2458 ήλάττωντο,
851 2421 931 2448 κατέ·

147 2480 260 2507 πρησαν
273 2471 307 2498 τὰ
319 2470 411 2503 λοιπὰ,
427 2471 475 2498 καὶ
493 2469 602 2506 νύκτωρ
622 2469 712 2496 πάντα
727 2469 762 2495 τὰ
778 2468 935 2503 τιμιώτατα

143 2519 282 2554 λαθραίως
303 2518 470 2553 ἐμϐαλόντες
502 2518 605 2549 αὐτοῖς,
634 2516 733 2550 ἐτοιμα
762 2515 801 2546 είς
818 2514 934 2541 ἐκπλουν

143 2565 289 2600 ἐποίησαν.
303 2564 356 2591 Καὶ
371 2564 435 2595 τοὺς
458 2562 628 2599 στρατιώτας
654 2561 846 2597 παρεθάρρυνε
866 2560 935 2596 πρὸς

141 2612 191 2646 τὴν
204 2610 373 2646 ναυμαχίαν,
389 2610 544 2645 διαλεχθεὶς
562 2610 653 2641 αὐτοῖς
672 2609 687 2634 ὀ
707 2607 862 2639 Ἀντώνιος.
880 2608 935 2634 Καὶ

141 2655 228 2687 οῦτως
245 2655 350 2685 πάντας
365 2655 415 2689 μὲν
426 2655 489 2686 τοὺς
502 2655 628 2689 πρώτους
643 2654 697 2681 τῶν
713 2654 848 2680 συνόντων
859 2652 934 2688 αὐτῷ

142 2700 180 2731 είς
192 2700 244 2731 τὰς
257 2699 323 2731 ναῦς
335 2700 504 2730 ἐνεϐίϐασεν,
518 2699 561 2725 ἵνα
576 2700 612 2734 μή
625 2708 651 2726 τι
665 2699 877 2734 νεωτερίσωσιν,
892 2699 932 2730 ώς

142 2747 156 2773 ό
173 2747 282 2778 Δέλλιος
296 2748 343 2773 καὶ
355 2746 429 2773 ἄλλοι
447 2747 518 2777 τινὲς
532 2746 770 2781 αὐτομολήσαντες
783 2755 790 2762 ·
801 2747 933 2781 παμπλη-

142 2793 196 2824 θεῖς
212 2793 241 2820 δέ
257 2793 305 2820 καὶ
329 2792 442 2826 τοξότας
463 2794 511 2819 καὶ
536 2792 721 2827 σφενδονήτας
744 2792 792 2818 καὶ
817 2791 932 2824 ὁπλίτας

141 2838 294 2866 biﬁda”.
329 2838 458 2874 Τριήρεις
489 2838 540 2873 μὲν
566 2837 622 2874 γὰρ
639 2837 732 2872 ὀλίγας
751 2835 834 2874 εἶχεν,
859 2837 888 2865 αί
903 2837 932 2865 δέ

141 2883 231 2922 λοιπαὶ
245 2885 392 2921 τετρήρεις
409 2884 455 2912 καὶ
469 2883 597 2920 δεκήρεις
614 2881 685 2920 ἦσαν
702 2884 787 2921 αὐτῷ.
819 2884 930 2920 Καῖσαρ

989 2287 1191 2316 instruxerunt.
1216 2289 1353 2317 Antonius
1376 2289 1478 2317 milites
1503 2298 1553 2324 pro
1583 2291 1715 2318 concione
1740 2290 1775 2318 ad

988 2341 1107 2369 pugnam
1122 2335 1258 2368 incitavit,
1274 2340 1355 2370 atque
1378 2335 1415 2363 ita
1432 2335 1567 2370 primores
1583 2344 1679 2364 omnes
1693 2337 1775 2364 fami-

987 2381 1097 2408 liarium
1116 2388 1231 2409 suorum
1255 2382 1282 2408 in
1308 2389 1392 2410 naves
1408 2383 1550 2417 imposuit.
1568 2391 1603 2410 ne
1622 2383 1689 2418 quid
1709 2383 1773 2410 novi

986 2426 1170 2453 molirentur:
1191 2431 1222 2454 ut
1243 2427 1347 2454 Dellius
1362 2432 1390 2454 et
1414 2428 1459 2455 alii
1478 2428 1624 2463 transfugae
1641 2428 1773 2455 fecerant.

985 2471 1072 2505 Quam
1088 2472 1223 2507 plurimos
1236 2473 1318 2500 etiam
1336 2472 1500 2506 funditores,
1516 2474 1674 2509 sagittarios
1689 2478 1717 2501 et
1728 2482 1773 2500 ar-

985 2522 1074 2544 matos
1097 2516 1239 2551 imposuit.
1267 2516 1407 2545 Triremes
1420 2517 1501 2553 526
1513 2518 1588 2545 enim
1606 2525 1706 2553 paucas
1722 2518 1772 2545 ha-

985 2561 1078 2594 bebat,
1106 2566 1213 2590 caztera:
1237 2562 1429 2597 quadriremes
1450 2567 1478 2589 et
1506 2562 1658 2590 deciremes
1681 2567 1771 2590 erant.

984 2606 1075 2634 Caesar
1087 2613 1184 2634 eorum
1202 2607 1385 2635 instructions
1399 2607 1466 2638 visa.
1481 2613 1577 2634 contra
1593 2615 1622 2635 se
1638 2607 1771 2642 parabat:

984 2652 1032 2680 sed
1047 2660 1142 2680 eorum
1159 2653 1275 2680 consilio
1290 2657 1346 2680 tum
1362 2661 1395 2680 ex
1411 2652 1483 2687 aliis,
1500 2657 1557 2680 tum
1573 2660 1605 2680 ex
1621 2652 1706 2680 Dellio
1724 2660 1772 2680 co-

984 2699 1070 2734 gnito,
1088 2699 1240 2726 exercitum
1267 2699 1449 2727 convocavit:
1478 2706 1559 2733 quem
1587 2698 1651 2725 dum
1667 2698 1700 2726 ad
1719 2706 1771 2733 pu-

983 2752 1064 2780 gnam
1082 2745 1253 2775 cohortatur.
1271 2745 1374 2780 ingenti
1391 2744 1472 2772 imbri
1489 2749 1517 2771 et
1532 2744 1641 2772 turbine
1657 2744 1684 2771 in
1699 2745 1771 2772 clas-

981 2799 1040 2820 sem
1064 2792 1176 2820 Antonii
1209 2792 1294 2823 illato,
1313 2796 1452 2826 resumpta
1467 2791 1580 2821 ﬁducia.
1598 2798 1694 2819 eorum
1711 2790 1771 2818 abi-

983 2843 1041 2866 tum
1067 2837 1232 2866 observavit.
1259 2837 1384 2872 Cumque
1407 2836 1555 2864 Antoniani
1578 2836 1605 2863 in
1625 2835 1769 2870 procinctu

983 2888 1099 2919 starent,
1120 2891 1171 2912 nec
1194 2887 1283 2912 tamen
1306 2883 1460 2918 prodirent,
1488 2882 1515 2910 in
1541 2882 1635 2911 animo
1659 2881 1768 2914 habuit,
