2027 3150
258 168 313 200 895
894 161 1054 193 JOANNIS

1103 159 1236 191 ΟΝΑΒΛΞ
1828 153 1882 183 896

258 228 409 261 damnavit,
424 228 497 263 quod
516 227 554 255 illi
568 233 646 261 aequa
663 224 772 260 etjusta
792 222 955 258 postulanti,
968 230 1045 250 arro-

1103 220 1194 255 ιῦτὴν,
1217 217 1367 252 παρεκάλει
1392 216 1556 252 κομισθῆναι
1580 214 1650 246 ἐκεῖ,
1670 211 1717 239 καὶ
1737 209 1881 260 misistis-ts

258 281 357 311 ganter
369 280 396 303 et
415 257 534 310 superbe
548 257 710 307 responsum
725 257 864 306 negasset.

1103 267 1202 302 ιιιραῖς
1218 265 1264 292 καὶ
1277 263 1419 295 καλωδίοις
1434 262 1575 289 ἀνείλκετο
1589 259 1655 295 παρ’
1670 258 1754 311 αὐτῆς
1764 257 1812 284 καὶ
1824 257 1882 282 τῶν

485 302 602 354 ἀμφοῖνί
621 302 776 352 Δεξαμένη*
786 315 815 343 δὲ
838 314 921 343 αὐτὸν
946 315 1045 350 αϊματι
1062 313 1241 348 πεφυρμένον
1271 310 1320 337 καὶ
1348 307 1579 338 δυσθανατοῦντα,
1595 305 1660 357 τοὺς
1684 302 1805 357 πέπλους
1829 309 1884 328 πε-

261 350 423 405 ριερρήξατο
438 368 482 394 ἐπ’
502 350 588 401 αυτῷ,
605 350 715 393 καίτἺὰ
731 350 831 400 στέρνα
850 363 966 390 ἔτυπτε·
997 362 1044 390 καὶ
1063 361 1272 396 κατεσπάραττε
1306 359 1365 390 ταῖς
1396 357 1499 392 χερσίν.
1523 356 1553 382 '0
1567 355 1601 406 δέ
1607 352 1686 406 οἶνον.
1695 352 1768 379 πιεῖν
1784 350 1886 406 ῇτηρε,

259 397 310 443 καὶ.
403 415 451 442 καί
467 424 529 442 τινα
544 397 680 451 ὁμιλήσας
695 415 729 449 τῇ
761 397 927 448 Κλεοπάτρᾳ
945 410 1064 444 ἐξέλιπε.
1083 409 1190 444 Καῖσαρ
1219 407 1247 435 δὶ
1263 405 1442 441 ἀγγελθέντος
1457 403 1531 438 αὐτῷ
1556 402 1603 430 τοῦ
1621 401 1740 451 θανάτου
1759 398 1805 451 τοῦ
1822 397 1887 451 Ἁν-

258 464 365 497 τωνίου,
383 447 577 500 ἀπεδάκρυσε,
594 447 704 495 καὶτὰς
716 447 861 494 ἐπιστολὰς
880 447 986 488 ἐκείνου
1004 460 1063 491 τοῖς
1081 458 1168 493 φίλοις
1194 455 1391 491 ἀναγινώσκων
1413 452 1618 487 κατεγίνωσκεν
1644 449 1755 500 ἐαυτοῦ,
1769 448 1807 479 ὡς
1828 447 1888 500 ξὺ-

258 512 388 546 γνὼμονα
412 496 551 543 αἰτοῦντος
569 496 687 539 ’ἐκείνου
717 511 766 538 καὶ
791 510 893 543 δίκαια,
916 507 1000 536 αὑτοῦ
1034 507 1062 535 δέ
1084 505 1222 543 φορτικῶς
1236 505 1284 532 καὶ
1312 502 1496 538 ὑπερηφάνως
1513 500 1640 536 πρδςτάς
1655 498 1816 533 ἀποκρίσεις
1826 496 1891 522 δια-

259 559 398 593 κειμένου.

294 590 391 633 ΪΧΧΙ.
406 605 579 633 Proculeium
597 609 689 632 autem
701 604 735 632 ad
748 604 922 639 Cleopatram
934 603 1046 638 capien-

1138 600 1201 627 ΔΜ.
1218 598 1266 630 Et;
1280 597 1308 624 δέ
1334 596 1386 632 τὴν
1402 594 1582 629 Κλεοπάτραν
1607 590 1714 627 έπεμψε
1743 590 1789 617 τὸν
1817 590 1893 639 Προ-

260 650 335 683 dam,
359 655 388 679 et
413 650 441 678 in
463 650 518 678 vita
540 650 710 678 retinendam
733 636 828 677 ιιιὶεῐῑξ
841 649 915 684 quod
941 636 1047 683 magnae

1103 645 1205 682 κλήϊον,
1224 644 1315 679 ζώσης
1336 642 1422 677 αὐτῆς
1448 641 1586 677 κρατῆσαι
1600 638 1696 670 θέλων,
1731 637 1803 684 μέγα
1820 636 1894 684 πρὸς

261 697 314 724 sibi
331 697 423 731 gloria:
442 696 502 723 fore
519 696 642 730 putabat,
665 695 688 723 si
712 703 772 723 eam
795 695 822 722 in
839 682 980 729 triumpho
990 682 1047 721 du-

1103 692 1177 725 Βόξαν
1193 691 1345 726 ἡγούμενος
1360 689 1505 723 διαγαγεῖν
1522 686 1608 720 αὐτὴν
1623 685 1664 715 εἰς
1676 684 1722 711 τὸν
1741 682 1893 731 θρίαμϐον.

261 746 346 769 ceret.
364 740 410 769 Illa
430 749 496 769 vero
512 741 585 768 intra
608 741 681 768 fores
701 740 811 768 fortiter
831 740 939 767 clausas
960 745 1047 772 stans,

1103 738 1135 765 Ἦ
1149 738 1178 764 δὲ
1201 737 1278 768 ἐντὸς
1310 736 1401 771 θυρῶν
1426 732 1630 768 κεκλεισμένων
1659 729 1778 766 ἰσχυρῶς
1804 730 1895 756 στᾶσα

261 798 324 817 cum
345 797 378 817 eo
399 790 533 817 collocuta
551 793 603 817 est.
619 788 710 816 Caesar
728 788 839 824 cognito
858 787 919 815 loco
944 787 971 814 in
994 793 1049 822 quo

1103 782 1221 818 διελέχθη
1247 780 1333 816 αὐτῷ.
1351 781 1396 812 Ὠς
1412 780 1442 806 δέ
1457 776 1626 812 καταμαθὼν
1642 776 1688 802 τὸν
1705 775 1787 801 τόπον
1800 774 1891 808 ἀπήγ-

261 841 346 868 csset,
361 836 469 864 Gallum
483 837 559 864 misit
570 837 617 872 qui
631 844 693 864 cum
711 843 743 864 ea
757 839 860 871 ageret.
881 835 942 868 Quo
957 834 991 862 de
1006 834 1049 861 in-

262 883 368 910 dustria
385 891 541 911 sermonem
557 883 591 910 ad
605 882 686 918 529
699 882 773 910 fores
787 882 913 910 trahente
924 903 931 914 ,
948 881 1050 909 Proeu-

262 929 333 956 lcius
357 936 420 956 cum
448 924 554 956 duobus
574 929 707 956 ministris
735 929 808 956 scala
834 936 882 963 per
900 929 1047 956 fenestram

262 976 333 1002 clam
357 974 475 1002 scandit.
497 972 566 1002 Cum
594 982 661 1001 vero
685 968 770 1001 altera
797 981 831 1001 ex
854 981 908 1001 una
935 973 1049 1001 inclusis

262 1020 425 1048 mulieribus
438 1020 633 1047 exclamasset:
646 1019 743 1047 Misera
758 1019 913 1054 Cleopatra,
928 1020 986 1046 viva
1006 1027 1051 1046 ca-

263 1067 342 1100 peris,
372 1066 490 1101 pugione
510 1074 565 1101 quo
581 1065 705 1093 accincta
722 1070 797 1098 erat,
815 1074 844 1092 se
866 1064 948 1092 ferire
968 1065 1050 1092 insti-

263 1113 327 1139 tuit.
354 1111 409 1139 Sed
438 1112 599 1140 Proculeius
628 1112 755 1139 celeriter
779 1112 909 1143 accurrit,
934 1118 1050 1146 eamque

263 1158 402 1186 continuit
421 1167 429 1185 :
443 1163 596 1193 ereptoque
622 1158 751 1193 pugione,
766 1157 909 1193 inquisivit
924 1165 958 1185 ne
976 1156 1049 1192 quod

263 1211 400 1231 venenum
426 1204 588 1232 occultaret.
614 1204 705 1231 Caesar
735 1203 926 1238 Epaphrodito
949 1203 1050 1230 liberto

264 1249 401 1276 mandavit
420 1253 450 1276 ut
479 1257 539 1276 eam
554 1249 629 1276 omni
647 1249 790 1284 diligentia
806 1249 944 1277 viventem
960 1256 1051 1275 asser-

264 1300 352 1326 varct,
368 1301 450 1330 atque
471 1295 529 1330 ipse
545 1296 640 1322 urbem
662 1295 803 1330 ingressus
822 1298 875 1322 est.
898 1294 1019 1322 Antonio
1035 1301 1051 1321 ι

263 1341 408 1376 Cleopatra
431 1341 576 1377 magniﬁco
600 1346 628 1368 et
649 1341 725 1376 regio
746 1345 877 1376 apparatu
904 1341 1052 1374 tumulato,

264 1394 327 1413 cum
343 1386 420 1414 febre
434 1386 573 1414 laboraret
592 1386 664 1421 (nam
680 1391 777 1420 pectus
788 1385 849 1421 ejus
861 1385 1050 1412 exulceratum

264 1425 324 1459 erat
335 1436 363 1459 et
378 1431 686 1466 inﬂammatum)inedia
703 1431 756 1458 sibi
770 1438 866 1458 necem
881 1430 1053 1458 consciscere

265 1477 395 1505 instituit.
409 1477 468 1510 Quo
479 1477 571 1505 Caesar
582 1477 785 1509 animadverso,
802 1476 886 1503 minis
901 1480 929 1503 et
947 1480 1052 1503 terrore

266 1522 300 1549 de
315 1522 411 1550 liberis
434 1523 546 1558 injecto.
573 1529 634 1549 eam
665 1521 750 1549 veluti
779 1520 916 1547 machinis
933 1518 1053 1546 admotis

265 1568 444 1603 expugnavit,
468 1573 498 1596 ut
521 1568 613 1596 cibum
636 1573 664 1595 et
688 1567 860 1594 curationem
882 1564 1052 1597 admitteret,
1068 1578 1089 1606 ο

266 1622 298 1640 ae
314 1613 394 1647 paqu
410 1618 471 1647 post
484 1614 542 1648 ipse
557 1613 591 1640 ad
608 1621 668 1640 eam
688 1612 881 1647 alloquendam
895 1611 982 1639 venit.
1004 1610 1053 1638 Illa

266 1667 332 1686 vero
352 1659 380 1686 in
402 1659 478 1686 tenui
503 1659 626 1694 stragulo
643 1658 730 1686 instar
747 1657 919 1693 paupercula:
940 1657 1054 1685 decum-

267 1705 345 1736 bens,
364 1705 522 1733 exsiliit:et
538 1712 599 1732 cum
611 1705 645 1732 ad
658 1706 716 1740 cius
727 1712 816 1740 genua
834 1703 990 1738 provoluta.
1008 1710 1053 1730 re-

268 1750 399 1777 cumbere
416 1750 493 1784 jussa
515 1754 598 1781 esset,
620 1757 682 1777 eum
699 1757 766 1777 voce
786 1749 903 1776 tremula
924 1752 952 1775 et
967 1747 1055 1776 oculis

269 1795 334 1821 lletu
358 1795 491 1822 confectis
519 1795 686 1822 assidentem
711 1794 826 1830 perinde
849 1794 948 1826 oravit,
974 1801 1006 1820 ac
1031 1793 1054 1820 si

268 1842 333 1869 vita:
349 1841 527 1876 cupidissima
542 1845 625 1873 esset,
646 1846 786 1876 postremo
810 1840 934 1876 pecuniae
950 1839 1056 1869 deseri-

269 1888 391 1922 ptionem
406 1888 432 1914 ei
447 1887 560 1915 obtulit.
579 1886 672 1914 Caesar
686 1894 746 1914 eam
760 1887 823 1914 vitae
843 1887 971 1920 cupidam
994 1889 1055 1916 esse

270 1939 355 1965 ratus,
370 1934 482 1969 ‘gavisus
496 1937 539 1961 est
553 1942 560 1961 :
572 1941 604 1961 ac
625 1941 654 1960 se
667 1934 742 1960 omni
766 1940 814 1968 spe
834 1933 909 1960 illam
933 1933 1056 1968 splendi-

268 1979 332 2007 dius
344 1984 526 2006 traetaturum
543 1979 699 2014 pollicendo
713 1979 856 2014 decepisse
871 1983 980 2013 putans,
996 1981 1056 2015 ipse

270 2027 356 2062 magis
379 2031 422 2054 est
448 2026 590 2061 deceptus.
614 2025 683 2054 Cum
709 2026 783 2054 enim
811 2027 856 2054 illa
882 2027 1056 2062 cognovisset

269 2080 332 2099 cum
357 2076 430 2099 terra
456 2080 506 2106 per
529 2072 635 2108 Syriam
652 2073 765 2104 iturum,
791 2072 877 2107 ipsam
900 2080 966 2100 vero
994 2076 1056 2107 post

271 2117 392 2144 triduum
417 2117 532 2145 Romam
553 2117 702 2145 missurum
728 2127 736 2144 :
760 2118 860 2150 oravit,
883 2122 914 2145 ut
936 2117 1056 2145 Antonio

270 2168 417 2198 parentare
432 2164 540 2192 liceret.
557 2164 617 2197 Quo
632 2164 778 2199 permisso,
795 2164 828 2191 ad
846 2168 1055 2192 monumentum

270 2210 385 2244 perlata,
408 2217 507 2244 magno
529 2209 604 2237 luctu
625 2209 711 2242 edito,
735 2210 881 2244 loculoque
903 2210 1013 2237 coronis
1029 2214 1057 2237 et

271 2256 378 2283 inferiis
405 2262 513 2290 ornato,
545 2257 674 2285 balneum
698 2257 750 2285 sibi
767 2258 855 2292 parari
871 2257 961 2293 jussit.
985 2258 1054 2285 Dum

269 2303 326 2331 Inta
342 2302 490 2335 accumbit,
512 2303 713 2339 splendideque
730 2304 847 2338 prandet
864 2293 1001 2338 (quidam
1022 2311 1056 2331 ex

269 2356 337 2383 agro
360 2356 409 2376 vas
434 2349 546 2384 plenum
571 2348 678 2376 ﬁcubus
701 2354 830 2384 portans,
854 2357 869 2376 a
893 2349 1056 2378 custodibus

269 2396 336 2430 quid
352 2395 437 2422 ferret
449 2399 572 2430 rogatus,
594 2395 714 2423 ostensis
726 2395 833 2423 ilcubus
849 2395 1056 2430 ingredijussus

272 2445 322 2469 est.
346 2441 413 2469 Post
435 2440 581 2476 prandium
607 2440 753 2476 Cleopatra
776 2440 883 2468 litteras
899 2440 1057 2475 obsignatas

272 2487 371 2515 Cmsari
388 2487 474 2520 misit,
488 2487 589 2522 quibus
601 2487 699 2514 orabat
722 2492 752 2514 ut
764 2495 826 2514 cum
840 2486 960 2514 Antonio
976 2493 1055 2520 sepe-

270 2533 379 2561 liretur.
396 2531 474 2560 Unde
490 2533 536 2560 ille
553 2533 645 2560 statim
662 2532 798 2560 intellexit
826 2532 893 2566 quid
906 2536 998 2559 aetum
1011 2539 1056 2558 es—

271 2584 323 2611 set,
335 2587 367 2607 ac
383 2587 439 2606 rem
457 2579 598 2614 explorari
612 2579 705 2615 jussit.
722 2579 774 2612 Qui
794 2579 871 2606 missi
887 2583 977 2610 erant,
994 2586 1055 2606 cum

273 2633 389 2658 propere
403 2626 600 2657 aecurrissent,
617 2630 753 2652 mortuam
773 2632 833 2652 eam
850 2625 875 2651 in
892 2631 976 2651 aureo
987 2624 1057 2651 lecto

274 2671 401 2704 regaliter
419 2677 542 2699 ornatam
564 2672 746 2702 invenerunt,
772 2671 859 2698 altera
879 2671 941 2704 ejus
957 2670 1058 2697 ancilla

272 2715 351 2742 trade
370 2716 404 2743 ad
420 2718 503 2751 pedes
516 2718 590 2746 illius
605 2718 774 2753 exspirantc,
791 2717 876 2744 altera
889 2716 1057 2744 Charmonio

271 2770 304 2788 cx
320 2762 467 2797 gravedine
486 2764 585 2798 capitis
600 2764 657 2798 jam
679 2763 855 2795 labescente,
880 2767 909 2790 et
932 2762 1057 2790 diadema

271 2808 425 2842 Cleepatraa
444 2816 607 2837 exornantc.
631 2810 681 2838 Cui
706 2817 768 2837 cum
783 2808 895 2843 quidam
917 2808 1032 2836 dixisset
1049 2817 1056 2835 :

276 2853 390 2880 Pulchra
407 2862 468 2881 vero
489 2854 540 2880 ista
561 2859 633 2887 sunt,
658 2854 739 2889 530
756 2854 968 2882 Charm‘onium?
991 2854 1056 2880 illa:

275 2899 470 2934 Pulcherrima,
485 2899 586 2935 inquit,
600 2905 623 2927 et
643 2901 737 2928 decora
752 2905 789 2927 Iul
807 2900 912 2936 regibus
926 2899 1056 2928 oriundu‘.

1097 829 1172 864 γειλε
1189 828 1320 863 Καίσαρι,
1338 827 1440 857 Γάλλος
1455 825 1505 860 μὲν
1522 822 1653 858 ἐπέμφθη
1678 821 1747 856 αὐτῇ
1764 819 1897 852 ἐντευξό-

1101 884 1192 911 μενος,
1208 874 1238 906 ὃς
1256 874 1379 908 ἐμήκυνε
1403 871 1472 907 πρὸς
1490 871 1552 901 ταῖς
1567 870 1665 903 θύραις
1675 868 1721 894 τὸν
1736 867 1816 900 λόγον
1830 866 1898 892 ἐπί-

1065 908 1190 956 Βίτηδες,
1209 920 1360 955 Προκλήϊος
1385 917 1413 945 δὲ
1445 917 1561 952 κλίμακι
1586 914 1632 942 διὰ
1659 913 1768 949 θυρίδος
1783 912 1898 946 εἰσῆλθε

1100 967 1190 994 λαθὼν
1205 966 1273 1001 μετὰ
1287 965 1342 992 δύω
1359 962 1516 999 ὑπηρετῶν.
1544 962 1601 996 Τῆς
1626 960 1655 987 δέ
1672 960 1738 995 μιᾶς
1753 959 1808 985 τῶν
1823 958 1899 993 αὐτῇ

1102 1009 1364 1046 συγκαθειργμέιων
1379 1008 1519 1042 γυναικῶν
1528 1004 1750 1041 ἀνακραγούσης,
1764 1003 1900 1031 Τάλιιινα

1101 1057 1288 1090 Κλεοπάτρα,
1306 1054 1411 1090 ζωγρῇ,
1439 1053 1555 1088 ὥρμησε
1577 1053 1628 1088 μέν
1656 1052 1757 1085 ἑαυτὴν
1773 1049 1900 1082 πατάξαι

1101 1103 1282 1140 (παρέζωστο
1293 1102 1348 1137 γάρ
1359 1110 1386 1128 τι
1399 1100 1531 1135 ξιφίδιον)
1550 1097 1736 1132 προσδραμὼν
1748 1097 1777 1124 δέ
1792 1097 1861 1131 αὐτῇ
1885 1097 1902 1122 ὁ

1101 1151 1264 1186 Προκλήϊος,
1273 1149 1403 1182 συνέσχεν
1414 1147 1509 1182 αὐτὴν,
1521 1146 1567 1173 καὶ
1581 1144 1707 1178 ἀφείλετο
1717 1143 1749 1169 τδ
1767 1142 1901 1175 ξιφίδιον,

1102 1198 1145 1224 καῖ
1167 1197 1204 1232 μή
1221 1205 1246 1223 τι
1262 1194 1371 1231 κρύπτῃ
1385 1194 1531 1229 φάρμακον
1552 1191 1746 1227 ἐξηρεύνησεν.
1765 1189 1798 1216 Ἐ
1806 1189 1903 1223 ,τεμψε

1102 1245 1131 1270 δέ
1162 1244 1271 1276 Καῖσαρ
1303 1240 1502 1276 Ἐπαφρόδιτον
1538 1237 1733 1272 ἀπελεύθερον,
1763 1235 1903 1265 κελεύσας

1103 1289 1196 1322 ζῶσαν
1212 1289 1306 1323 τηρεῖν
1319 1287 1389 1313 πάνυ
1403 1284 1631 1319 ἐπιμελούμενον,
1645 1281 1726 1313 αὐτὸς
1740 1281 1768 1308 δέ
1785 1281 1903 1314 Καῖσαρ

1103 1335 1248 1371 εἰσήλασεν
1264 1333 1304 1365 εἰς
1314 1332 1364 1366 τὴν
1378 1331 1465 1358 πόλιν.
1485 1330 1564 1358 Καὶὸ
1583 1328 1729 1360 ’Δντώνιος
1746 1328 1824 1362 παρὰ
1844 1328 1903 1361 τῆς

1104 1380 1284 1415 Κλεοπάτρας
1301 1379 1390 1412 ἐτάφη
1415 1376 1571 1408 πολυτελῶς
1598 1375 1647 1402 καὶ
1663 1374 1821 1410 βασιλικῶς.
1841 1373 1904 1399 Πυ-

1105 1426 1192 1463 ρετῶν
1204 1426 1231 1452 δέ
1247 1426 1318 1460 αὐτῇ
1331 1424 1486 1459 γενομένων
1505 1423 1514 1458 (
1526 1421 1682 1456 ἐφλέγμηνε
1692 1421 1748 1456 γὰρ
1763 1420 1851 1454 αὐτῆς
1863 1419 1902 1446 τὰ

1105 1472 1204 1508 στέρνα
1221 1471 1269 1498 καὶ
1293 1469 1415 1506 ἧλκωτο)
1428 1469 1533 1504 τροφῆς
1555 1467 1696 1502 ἀπείχετο,
1713 1466 1751 1499 ὡς
1768 1465 1903 1492 ἐντεῦθεν

1104 1518 1277 1554 λυθησομένη
1293 1516 1341 1543 τοῦ
1361 1515 1422 1551 ζῇν.
1441 1515 1474 1541 Ὃ
1485 1513 1639 1548 ὑπονοήσας
1656 1513 1670 1539 ό
1687 1513 1798 1546 Καῖσαρ
1812 1512 1902 1538 ἀπει-

1104 1561 1155 1594 λὰς
1170 1562 1238 1596 αὐτῇ
1250 1561 1299 1587 καὶ
1317 1560 1416 1595 φόσους
1432 1559 1498 1594 περὶ
1514 1558 1569 1584 τῶν
1584 1557 1688 1584 τέκνων
1710 1556 1901 1592 προσέϐαλεν,

1104 1605 1146 1639 οἷς
1169 1607 1261 1642 ἐκείνη
1291 1605 1418 1641 καθάπερ
1444 1605 1641 1640 μηχανήμασιν
1651 1603 1829 1637 ὑπερείπετο,
1847 1603 1904 1630 καὶ

1102 1653 1208 1689 τροφήν
1229 1661 1259 1678 τε
1287 1651 1335 1679 καὶ
1354 1650 1507 1687 θεραπείαν
1523 1650 1666 1685 προσίετο.
1687 1646 1760 1675 Ἦκε
1774 1649 1803 1675 δέ
1835 1649 1903 1684 μετ’

1103 1698 1193 1732 ὀλίγον
1204 1698 1252 1724 καὶ
1266 1697 1280 1724 6
1294 1698 1403 1733 Καῖσαρ
1411 1697 1479 1732 αὐτῇ
1495 1696 1698 1731 ἐντευξόμενος.
1710 1695 1744 1721 'H
1757 1695 1798 1728 δέ,
1812 1695 1905 1727 λιτῶς

1103 1745 1133 1771 ἐν
1147 1744 1252 1771 στιϐάδι
1264 1743 1453 1778 κατακειμένη
1466 1743 1562 1778 ὥσπερ
1577 1743 1737 1778 μονοχίτων,
1752 1742 1904 1777 ἀναπηδή-

1105 1800 1176 1818 σασα
1204 1790 1372 1826 προσπίπτει
1401 1790 1486 1825 αὺτῷ,
1513 1790 1669 1824 ὑπότρομος
1684 1791 1717 1824 τῇ
1746 1789 1834 1823 φωνῇ,
1850 1790 1904 1815 καὶ

1106 1838 1286 1872 συντετηκυῖα
1299 1838 1361 1868 ταῖς
1376 1836 1465 1871 ὂψεσι.
1482 1836 1670 1866 Κελεύσαντος
1682 1835 1709 1861 δὲ
1724 1834 1772 1861 τοῦ
1789 1835 1903 1861 Καισα-

1106 1891 1153 1919 ρος
1164 1883 1345 1917 ἀνακλιθῆναι
1362 1882 1411 1910 καὶ
1422 1881 1507 1908 αὐτοῦ
1519 1881 1796 1917 παρακαθισαμένου,
1810 1881 1905 1908 ἐδεῖτο

1104 1927 1187 1955 αὑτοῦ
1202 1928 1241 1960 ὡς
1269 1928 1389 1962 μάλιστα
1417 1927 1464 1954 τοῦ
1479 1926 1529 1963 ζῇν
1554 1927 1753 1966 περιεχομένη·
1779 1926 1857 1958 τέλος
1869 1927 1904 1954 δὲ

1104 1974 1158 2001 τῶν
1172 1975 1323 2010 χρημάτων
1341 1973 1504 2009 ἀναγραφὴν
1519 1973 1595 2008 αὐτῷ
1623 1973 1798 2008 ἐνεχείρισεν.
1821 1973 1853 2000 '0
1869 1973 1904 2000 δὲ

1106 2019 1264 2055 φιλοψυχεῖν
1279 2019 1365 2053 αὐτὴν
1379 2018 1503 2051 οἰόμενος
1516 2018 1608 2053 ἥδετο,
1624 2018 1672 2044 καὶ
1684 2017 1771 2044 είπὼν
1785 2017 1827 2043 ὅτι
1845 2017 1906 2044 πά-

1106 2075 1157 2101 σης
1172 2065 1279 2096 ἐλπίδος
1292 2065 1360 2100 αὐτῇ
1374 2064 1565 2098 λαμπρότερον
1581 2063 1727 2098 χρήσεται,
1751 2063 1903 2097 ὴπατηκέ-

1105 2123 1149 2141 ναι
1175 2114 1225 2148 μὲν
1245 2113 1331 2148 αὐτὴν
1357 2113 1441 2148 ᾤετο·
1461 2111 1561 2146 μᾶλλον
1584 2111 1608 2138 δ’
1629 2111 1712 2142 αὐτὸς
1728 2111 1902 2145 ἐξηπάτητο.

1105 2161 1237 2187 Μαθοῦσα
1253 2161 1308 2194 γὰρ
1323 2160 1360 2190 ὡς
1384 2160 1399 2186 ὸ
1415 2160 1525 2194 Καῖσαρ
1544 2159 1593 2194 μὲν
1610 2150 1693 2192 ’πεζῇ
1724 2157 1769 2184 διὰ
1794 2157 1905 2191 Συρίας

1107 2207 1226 2241 ἔγνωκεν
1255 2207 1377 2238 ἀπιέναι,
1405 2205 1491 2240 αὐτὴν
1507 2206 1529 2231 δ’
1544 2206 1573 2236 ἐς
1587 2204 1636 2239 τὴν
1657 2204 1767 2238 Ῥώμην
1790 2203 1904 2229 στέλλει

1073 2249 1096 2279 ο
1112 2252 1180 2287 μετὰ
1193 2251 1289 2286 τρίτην
1302 2251 1419 2286 ἡμέραν,
1435 2250 1534 2286 ἐδεήθη
1547 2250 1688 2284 Καίσαρος
1704 2249 1778 2279 ὅπως
1795 2249 1903 2283 ἐνέγκῃ

1107 2298 1147 2334 τῷ
1161 2297 1296 2333 Ἀντωνίῳ
1307 2297 1382 2332 χοάς.
1397 2297 1453 2323 Καὶ
1462 2295 1675 2331 ἐπιτρέψαντος,
1691 2294 1739 2320 ἐπὶ
1754 2295 1799 2319 τὸν
1811 2294 1904 2328 τάφον

1108 2344 1270 2380 κομισθεῖσα
1295 2343 1382 2370 πολλὰ
1409 2341 1581 2378 ὠλοφύρατο,
1610 2339 1671 2367 εἶτα
1698 2340 1821 2375 στέψασα
1851 2341 1903 2366 καὶ

1108 2390 1345 2425 κατασπασαμένη
1365 2389 1415 2424 τὴν
1431 2390 1523 2424 σορὸν,
1536 2387 1682 2414 ἐκέλευσεν
1698 2387 1767 2420 αὐτῇ
1782 2385 1902 2420 λουτρὸν

1107 2436 1244 2471 γενέσθαι.
1263 2434 1428 2470 Λουσαμένη
1442 2434 1470 2461 δὲ
1485 2433 1534 2461 καὶ
1547 2432 1758 2464 κατακλιθεῖσα,
1784 2431 1902 2466 ἄριστον

1107 2483 1208 2518 ἠρίστα
1230 2481 1368 2516 λαμπρόν.
1401 2480 1456 2508 Καί
1471 2489 1513 2511 τις
1525 2478 1592 2516 ἧκεν
1605 2478 1654 2505 ἀπ’
1672 2478 1757 2513 ἀγροῦ
1773 2476 1902 2512 κομίζων

1108 2530 1218 2564 ἀγγεῖον
1230 2529 1322 2555 σύκων
1336 2527 1446 2562 μεστόν.
1475 2526 1537 2553 Τῶν
1560 2526 1589 2552 δέ
1615 2525 1745 2559 φυλάκων
1759 2524 1785 2550 τί
1814 2524 1900 2558 φέροι

1107 2576 1319 2611 ἀνακρινόντων,
1355 2574 1460 2605 ἐκεῖνος
1481 2573 1517 2599 τὰ
1544 2572 1616 2600 σῦκα
1644 2569 1798 2602 ὑπέδειξεν
1827 2569 1899 2596 υίδέ

1108 2622 1229 2655 εἰσάγειν
1241 2620 1376 2647 ἐκέλευον.
1389 2619 1466 2646 Μετὰ
1478 2619 1507 2645 δέ
1521 2619 1552 2645 τὸ
1564 2619 1677 2653 ἄριστον
1693 2617 1710 2652 ἡ
1731 2615 1901 2649 Κλεοπάτρα

1108 2667 1198 2694 δέλτον
1213 2664 1500 2700 κατασεσημασμένην
1515 2662 1554 2698 τῷ
1566 2662 1685 2697 Καίσαρι
1700 2660 1815 2687 ἔστειλε.
1827 2660 1902 2686 Καῖ-

1109 2722 1162 2749 σαρ
1175 2713 1215 2746 δὲ,
1231 2712 1269 2744 ὡς
1285 2712 1397 2746 ἐνέτυχε
1411 2711 1498 2741 λιταῖς
1512 2710 1643 2744 δεομένης
1659 2708 1743 2742 αὐτῆς
1757 2705 1901 2740 συνταφῆ-

1108 2768 1152 2786 ναι
1165 2758 1205 2794 τῷ
1221 2757 1367 2793 Ἀντωνίῳ,
1382 2757 1450 2792 ταχὺ
1464 2757 1565 2790 συνῆκε
1578 2755 1609 2782 τὸ
1625 2752 1833 2789 πεπραγμένον,
1845 2753 1900 2778 καὶ

1108 2805 1178 2832 κατὰ
1186 2804 1268 2839 τάχος
1278 2804 1341 2835 τοὺς
1357 2802 1543 2838 σκεψομένους
1553 2801 1583 2828 τὸ
1593 2800 1741 2836 γενόμενον
1757 2799 1897 2833 επεμψεν.

1110 2851 1141 2879 Οἳ
1152 2851 1245 2886 δρόμῳ
1261 2850 1462 2881 καταλαὸόντες
1490 2846 1570 2884 εὖρον
1583 2848 1668 2882 αὐτὴν
1681 2846 1845 2881 τεθνηκυῖαν
1861 2845 1900 2871 ἐν

1109 2900 1196 2935 χρυσῇ
1213 2898 1290 2934 κλίνῃ
1307 2896 1520 2932 κεκοσμημένην
1529 2894 1686 2931 βασιλικῶς.
1703 2893 1765 2921 Τῶν
1776 2892 1804 2920 δὲ
1815 2891 1894 2927 erga.
