2027 3150
257 158 310 191 903

891 149 1014 182 JOANN
1020 149 1055 180 IS
1075 149 1237 180 ZONAR/E

1826 147 1882 180 9M

253 217 309 244 τῶν
326 217 416 252 νόμων
431 214 509 247 ἐδόθη
525 213 630 244 αὐτοῖς,
650 208 790 237 τουτέστιν
808 207 970 242 ἐλευθέρους
1001 205 1056 232 ἀπὸ
1075 205 1165 240 πάσης
1195 204 1250 233 τῶν
1264 203 1355 240 νόμων
1372 201 1496 239 ἀνάγκη(
1507 201 1588 236 εῖναι,
1601 202 1650 230 καὶ
1667 202 1762 239 μηδενὶ
1777 203 1882 230 τούτων

256 264 408 300 ἐνέχεσθαι.

432 307 492 340 Quo
508 305 553 332 die
570 304 662 332 Caesar
677 302 818 337 Augustus
833 300 1046 337 cognominatus

1134 296 1196 323 Al".
1219 295 1284 321 Ὅτε
1309 293 1338 321 δὲ
1366 293 1523 328 Αὔγουστος
1551 284 1693 328 ἐπεκλήθη
1723 294 1736 320 ὁ
1764 294 1884 329 Καῖσαρ,

254 363 307 389 est,
339 359 422 382 noctu
450 359 578 387 magnum
611 349 769 385 prodigium
789 348 905 376 exstitit.
935 346 1044 374 Tiberis

255 403 328 431 enim
343 400 434 428 omnia
450 399 578 425 Romanae
595 396 670 423 urbis
686 395 766 431 plana
784 395 842 422 loca
861 394 900 422 sic
921 393 1044 420 inunda—

254 448 303 479 vit,
324 450 353 473 ut
368 439 573 479 navigarentur.
592 441 652 476 Quo
670 446 746 468 vates
773 440 900 476 portendi
926 439 1045 467 atlirma-

254 496 319 520 runt
348 492 406 518 fore
438 494 468 516 ut
495 489 593 516 urbem
623 487 814 522 ampliﬁcaret,
847 490 876 513 et
906 489 991 512 totam
1016 484 1044 511 in

255 541 390 572 potestate
406 543 454 563 sua
476 534 603 561 haberet.
619 533 645 560 ls
659 539 723 559 vero
740 539 802 558 cum
825 530 878 557 alia
899 529 932 556 ad
958 529 1044 563 impe-

255 583 329 610 rium
359 581 535 617 pertinentia,
568 583 600 606 ut
627 578 675 613 qui
703 576 859 604 volentibus
883 576 1043 610 imperaret,

255 629 373 656 alacrius
402 626 606 654 administravit
633 632 640 650 :
669 629 726 651 tum
761 623 838 657 leges
866 622 966 653 sanxit,
993 627 1044 647 nec

255 679 348 701 tamen
364 676 460 707 suapte
474 670 637 698 auctoritate
652 676 748 696 omnes
759 688 766 700 ,
793 667 841 695 sed
859 667 991 702 quasdam
1010 665 1043 692 ad

258 720 390 756 populum
404 718 479 749 tulit,
498 722 529 743 ut
543 724 603 750 quze
617 715 805 750 displicerent,
820 721 852 741 ea
868 712 1017 747 corrigeret
1035 719 1042 738 :

257 765 370 791 hortans
390 770 497 794 omnes,
522 766 553 788 ut
573 760 653 796 5341
677 761 699 788 si
716 759 782 794 quid
808 759 906 786 melius
929 758 1042 790 scirent,

257 813 412 837 monerent.
425 808 559 836 Consules
572 807 636 834 item
651 810 679 834 et
692 814 707 833 e
721 806 828 833 caateris
840 805 1044 840 magistratibus

257 856 397 891 singulos,
414 859 442 882 et
458 862 472 881 e
488 858 645 880 scutatorum
663 860 779 880 numero
796 860 830 879 xv
855 852 889 879 ad
912 856 1044 879 semestre

258 901 285 928 in
299 900 444 928 consilium
458 895 594 931 adhibuit,
610 903 640 924 ut
655 905 704 932 per
719 904 767 924 eos
779 896 907 924 omnibus
920 903 951 924 ea
967 903 1043 923 com—

259 947 424 976 municaret.
457 953 518 979 qua:
548 942 723 971 deliberanda
755 946 867 975 essent,
904 941 1042 969 interdum

258 993 342 1019 etiam
355 992 400 1026 jus
414 998 475 1018 cum
490 991 531 1017 eis
544 989 620 1016 dixit.
634 990 701 1017 Nam
715 993 827 1016 senatus
846 988 929 1015 etiam
949 995 998 1022 per
1015 995 1044 1015 se

259 1038 387 1072 suﬂ'ragia
418 1036 548 1064 ferebat:
569 1036 664 1070 legatis
693 1043 802 1070 quoque
826 1039 854 1062 ct
881 1034 1044 1062 caduceato-

260 1083 338 1109 ribus
355 1082 507 1117 respondit.
522 1081 645 1115 Populus
659 1080 783 1115 quamvis
795 1080 829 1107 ad
851 1080 960 1108 comitia
976 1088 1044 1108 con-

260 1128 377 1161 veniret,
394 1128 463 1154 nihil
482 1132 572 1154 tamen
589 1128 746 1160 gerebatur,
761 1126 834 1160 quod
859 1126 897 1153 illi
914 1126 1043 1161 displice-

260 1178 313 1200 ret.
343 1173 516 1208 Magistratus
543 1172 643 1207 partim
672 1172 731 1207 ipse
756 1171 921 1206 designavit,
944 1173 1044 1207 partim

261 1219 378 1246 arbitrio
398 1219 491 1254 populi
519 1217 703 1253 designandos
728 1218 853 1253 permisit
878 1218 929 1245 :in
949 1218 975 1245 id
1003 1218 1047 1245 in-

260 1268 364 1296 tentus,
383 1272 417 1291 ne
435 1263 533 1298 inepti,
546 1271 615 1290 neve
631 1270 680 1298 per
695 1263 829 1290 ambitum
847 1266 874 1290 et
889 1262 1046 1298 largitiones

260 1308 345 1344 aliqui
367 1313 537 1335 crearentur.
561 1307 662 1335 Gentes
684 1307 815 1342 quasdam
841 1315 890 1343 per
914 1308 1045 1343 semetip-

259 1361 332 1386 sum,
352 1355 450 1388 partim
471 1361 520 1388 per
542 1353 610 1380 alios
634 1353 757 1380 Romano
782 1353 896 1389 imperio
916 1353 1045 1388 subjecit.

260 1400 294 1425 At
308 1399 413 1434 [Egypti
429 1403 528 1433 pr:etor
539 1399 627 1426 [Elius
639 1398 733 1426 Gallus
745 1399 920 1433 expeditione
936 1399 963 1426 in
979 1400 1047 1426 Ara-

260 1445 331 1472 biam
352 1444 481 1476 Felicem,
498 1444 543 1471 cui
563 1444 648 1472 Sabas
665 1444 826 1479 imperabat,
842 1450 978 1480 suscepta,
995 1445 1047 1473 etsi

260 1492 286 1519 ei
305 1491 451 1518 resistebat
468 1498 560 1521 nemo,
578 1498 631 1517 non
650 1495 741 1518 tamen
761 1491 830 1519 citra
841 1499 993 1518 aerumnam
1006 1496 1047 1519 est

261 1544 434 1572 progressus.
451 1535 517 1562 Nam
535 1540 563 1562 et
578 1536 736 1567 solitudine,
753 1540 781 1563 et
803 1536 868 1563 solis
884 1537 994 1569 ardore,
1020 1541 1048 1564 et

261 1590 332 1621 aqua
362 1581 499 1610 insalubri
525 1581 627 1609 milites
659 1583 780 1617 graviter
805 1586 869 1609 sunt
895 1582 997 1614 atllicti,
1019 1586 1048 1610 ut

1096 344 1211 379 σημεῖον
1238 342 1268 369 οὐ
1299 341 1399 377 μικρὸν
1426 342 1486 368 τότε
1514 341 1585 368 κατὰ
1601 341 1649 377 τὴν
1674 341 1759 368 νύκτα
1775 342 1886 376 ἐκείνην

1094 391 1215 425 ἐγένετο.
1246 389 1276 415 '0
1304 388 1357 423 γὰρ
1385 388 1507 423 Τίϐερις,
1530 387 1693 422 πελαγίσας,
1720 388 1809 414 πᾶσαν
1836 389 1888 423 τὴν

1094 436 1207 463 πεδιάδα
1221 435 1272 470 τῆς
1287 434 1396 470 Ῥώμης
1412 433 1562 461 κατέλαὸεν
1576 434 1648 461 ὥστε
1667 434 1812 461 πλεῖσθαι·
1836 435 1888 462 καὶ

1094 482 1117 508 ol
1134 481 1246 516 μάντεις
1265 480 1306 506 ὅτι
1323 487 1352 505 τε
1373 479 1419 505 ἐπὶ
1436 479 1508 513 μέγα
1522 477 1647 513 αὐξήσει,
1667 480 1714 504 καὶ
1727 478 1770 504 ὅτι
1791 479 1886 504 πᾶσαν

1093 527 1143 562 τὴν
1172 526 1251 553 πόλιν
1281 524 1443 560 ὑποχειρίαν
1469 524 1537 557 ἕξει,
1557 525 1588 551 ἐκ
1619 524 1716 550 τούτου
1737 526 1888 559 προεῖπον.

1100 572 1130 598 '0
1145 572 1172 598 δὲ
1192 572 1226 599 τά
1244 580 1273 598 τε
1289 571 1358 599 ἄλλα
1371 571 1405 597 τὰ
1427 571 1460 606 τῇ
1486 571 1558 605 ἀρχῇ
1584 571 1759 605 προσήκοντα
1782 570 1888 606 προθυ-

1096 617 1211 654 μότερον
1234 617 1382 652 ἔπραττεν,
1407 616 1444 647 ὼς
1470 616 1615 643 ἐθελόντων
1632 616 1735 652 ἄρχων.
1753 617 1801 643 καὶ
1828 618 1889 643 ἐνο-

1097 663 1268 698 μοθέτειόύ
1295 663 1386 698 μέντοι
1419 663 1508 688 πάντα
1528 661 1753 696 ἐθελογνωμονῶν
1786 663 1884 697 ἐνομο·

1096 709 1180 741 θέτει,
1196 707 1252 735 ἀλλ’
1270 707 1344 734 ἐστιν
1365 707 1383 734 ἃ
1407 707 1455 733 καὶ
1479 707 1509 738 ἐς
1525 705 1555 732 τδ
1577 706 1709 741 δημόσιον
1733 706 1888 741 προετίθει,

1094 755 1168 786 ὅπως
1186 754 1218 780 ἄν
1228 762 1255 780 τι
1272 754 1309 788 μὴ
1327 753 1423 788 ἀρέσῃ,
1434 752 1624 788 ἐπανορθώσῃ,
1641 753 1688 778 καὶ
1700 752 1891 788 προετρέπετο

1097 800 1189 827 πάντα
1215 798 1411 834 συμϐουλεύειν
1436 797 1510 833 αὐτῷ
1527 797 1555 824 εῑ
1568 797 1610 829 τίς
1626 806 1652 824 τι
1668 797 1779 832 ἄμεινον
1803 797 1888 832 γνοίη

1095 845 1190 874 αὐτοῦ.
1218 846 1273 872 Καὶ
1293 844 1357 876 τοὺς
1385 844 1505 876 ὑπάτους
1530 845 1578 871 καὶ
1599 844 1631 870 ἐκ
1651 843 1706 871 τῶν
1726 844 1813 870 ἄλλων
1835 844 1890 879 ἅρ-

1095 893 1198 928 χόντων
1212 892 1261 919 ἕνα
1274 892 1340 926 παρ’
1356 891 1494 923 ἑκάστων,
1514 891 1562 917 καὶ
1581 891 1617 923 ἐκ,
1634 890 1681 917 τοῦ
1702 890 1756 917 τῶν
1771 890 1891 925 βουλευ-

1095 938 1150 965 τῶν
1167 937 1290 972 πλήθους
1306 936 1505 963 πεντεκαίδεκα
1521 935 1691 971 συμϐούλους
1706 936 1733 968 ἐς
1749 936 1889 971 ἑξάμηνον

1096 983 1320 1019 παρελάμϐανεν,
1331 981 1402 1008 ὥστε
1417 982 1450 1008 δι’
1467 981 1558 1008 αὐτῶν
1573 982 1620 1008 καὶ
1639 982 1706 1008 πᾶσι
1725 982 1890 1008 κοινοῦσθαι

1095 1030 1129 1057 τὰ
1148 1029 1342 1064 βουλευέμενα.
1360 1028 1437 1054 Ἐστι
1461 1026 1484 1053 δ’
1507 1028 1550 1053 ὅτε
1567 1027 1613 1053 καὶ
1628 1026 1736 1058 ἐδίκαζε
1754 1027 1812 1061 μετ’
1835 1027 1890 1053 αὐ-

1095 1075 1159 1102 τῶν.
1179 1074 1292 1109 Ἐκρινε
1321 1072 1372 1108 μὲν
1399 1072 1453 1107 γὰρ
1477 1071 1524 1098 καὶ
1554 1071 1617 1098 καθ’
1639 1071 1741 1107 ἐαυτὴν
1755 1073 1772 1107 ὴ
1790 1072 1890 1107 βουλή.

1101 1120 1156 1147 Καὶ
1169 1118 1331 1154 πρεσὸείαις
1346 1118 1394 1144 καὶ
1410 1117 1572 1153 κηρυκείαις
1589 1117 1784 1152 ἐχρημάτιζεν.
1801 1117 1836 1144 '0
1854 1126 1890 1143 τε

1095 1164 1187 1201 δῆμοξ
1206 1165 1247 1197 εἰς
1266 1164 1315 1196 τὰς
1339 1163 1519 1199 ἀρχαιρεσίας
1544 1163 1716 1196 συνελέγετο,
1735 1164 1764 1189 οὺ
1791 1163 1890 1198 μέντοι

1096 1211 1247 1247 ἐπράττετό
1264 1219 1290 1236 τι
1307 1210 1321 1236 δ
1341 1210 1379 1245 μὴ
1402 1210 1501 1244 ἐκείνῳ
1532 1208 1646 1243 ἤρεσκε.
1675 1208 1729 1234 Καὶ
1750 1209 1812 1240 τοὺς
1833 1209 1891 1244 ἆρ-

1097 1258 1193 1290 ξοντας
1211 1257 1273 1288 τοὺς
1299 1256 1349 1290 μὲν
1364 1255 1446 1286 αὐτὸς
1463 1253 1661 1290 προεϐάλλετο,
1679 1254 1741 1286 τοὺς
1755 1254 1784 1281 δέ
1803 1255 1833 1285 ἐς
1851 1254 1888 1280 τὸ

1097 1304 1186 1332 κοινὸν
1209 1303 1338 1334 ἐποιεῖτο,
1359 1301 1574 1337 ἐπιμελούμενος
1597 1301 1668 1327 ὥστε
1698 1299 1761 1335 μήτ’
1785 1301 1887 1327 ἀνεπι-

1096 1351 1196 1386 τήδειοι
1215 1349 1278 1385 μήτ’
1291 1349 1322 1376 ἐκ
1343 1346 1605 1383 παρακελεύσεωςῆ
1623 1348 1671 1373 καὶ
1693 1347 1725 1373 ἐκ
1744 1347 1890 1382 δεκασμοῦ

1097 1395 1319 1422 ἀποδείκνυνται.
1343 1394 1396 1420 Καὶ
1411 1393 1474 1428 ἔθνη
1489 1392 1524 1419 τὰ
1541 1393 1591 1428 μὲν
1617 1392 1651 1419 δι’
1663 1391 1774 1425 ἑαυτοῦ,
1798 1392 1834 1418 τὰ
1855 1392 1890 1418 δὲ

1097 1439 1130 1466 δι’
1145 1440 1246 1475 ἐτέρων
1268 1441 1302 1474 τῇ
1321 1436 1467 1474 Ῥωμαίων
1484 1437 1620 1474 ἡγεμονίᾳ
1641 1438 1787 1470 ὑπέταξεν.
1810 1437 1839 1464 '0
1854 1437 1890 1463 δὲ

1097 1484 1148 1520 τῆς
1168 1484 1307 1518 Αἰγύπτου
1331 1483 1424 1519 άρχων
1441 1483 1533 1515 Αἴλιος
1554 1483 1655 1515 Γάλλος
1677 1483 1724 1509 ἐπί
1751 1483 1889 1517 Ἀραῦίαν

1099 1530 1150 1565 τὴν
1174 1530 1337 1564 Εὐδαίμονα,
1359 1528 1394 1567 ἧς
1417 1529 1504 1561 Σάὸος
1524 1529 1694 1562 ἐὸασίλευεν,
1720 1531 1891 1565 ἐστράτευσε

1098 1577 1169 1608 τότε,
1187 1576 1235 1603 καὶ
1249 1577 1336 1606 οὐδεὶς
1353 1576 1403 1611 μὲν
1418 1575 1536 1602 ἐνώπιον
1549 1575 1632 1602 αὐτοῦ
1652 1576 1719 1610 ἔστη
1735 1578 1789 1603 τῶν
1804 1578 1892 1603 πολε-

261 1627 378 1654 maxima
396 1634 460 1662 pars
474 1627 610 1654 exercitus
624 1635 657 1654 ex
675 1627 772 1654 tnorbo
785 1635 840 1662 quo
856 1628 944 1663 eapila
960 1629 1045 1655 exsic-

1101 1621 1179 1656 μίων,
1194 1621 1225 1647 ού
1242 1621 1295 1656 μὴν
1317 1620 1426 1652 ἀπόνως
1443 1620 1599 1656 προύχώρει
1613 1629 1620 1636 ·
1636 1621 1653 1656 ἦ
1669 1630 1698 1647 τε
1711 1622 1766 1656 γὰρ
1779 1622 1893 1657 ἐρημία

261 1673 408 1705 cabantur,
435 1673 571 1699 interiret.
598 1673 623 1700 ls
649 1673 751 1701 multus
771 1674 863 1701 statim
885 1675 1046 1708 perimebat.

263 1719 292 1746 Si
308 1719 354 1753 qui
373 1726 437 1746 vere
451 1718 614 1750 evadebant,
632 1720 660 1746 in
677 1727 772 1746 eorum
788 1720 888 1755 pedes,
904 1725 959 1747 toto
984 1721 1048 1747 reli-

263 1772 318 1798 quo
335 1772 450 1799 corpore
466 1764 607 1797 incolumi,
627 1764 778 1798 desidebat,
791 1773 893 1800 eosque
911 1766 1046 1794 vexabat:

262 1817 315 1836 nec
334 1809 420 1836 ullum
436 1814 495 1836 erat
512 1809 664 1836 remedium
681 1810 766 1843 aliud,
782 1810 836 1838 nisi
860 1815 889 1838 ut
902 1811 962 1838 oleo
984 1812 1047 1839 vino

262 1858 415 1889 temperato
437 1855 644 1890 inungerentur.
667 1855 697 1883 Id
719 1863 784 1884 vero
810 1858 957 1892 perpaucis
980 1866 1047 1893 sup-

263 1900 373 1935 petebat
389 1909 397 1928 :
413 1908 476 1927 nam
493 1907 525 1927 ea
548 1901 622 1936 regio
643 1906 770 1929 neutrum
785 1902 881 1938 gignit,
905 1911 993 1938 neque
1009 1903 1047 1931 illi

263 1952 388 1979 magnam
410 1945 515 1979 copiam
537 1950 732 1980 praepararant.
755 1945 784 1973 ln
809 1954 841 1974 ea
865 1947 911 1976 lue
938 1948 1046 1976 barbari

263 1996 384 2024 quoque,
402 1990 520 2025 receptis
534 1991 603 2019 locis
616 1999 676 2026 qua:
692 1991 855 2027 amiSerant,
872 2001 967 2021 eorum
984 1994 1048 2022 reli-

264 2035 342 2069 quias
357 2036 468 2070 regione
480 2036 655 2070 expulerunt.
672 2038 811 2073 Augustus
823 2047 890 2066 vero
903 2039 1048 2068 undecimo

264 2083 406 2108 consulatu
421 2081 480 2108 sine
499 2082 554 2108 ulla
569 2090 616 2116 spe
633 2083 728 2110 Salutis
740 2088 893 2118 aegrotans,
914 2089 944 2111 ut
962 2085 1047 2112 mori-

264 2131 342 2153 turus
366 2131 560 2153 testamentum
580 2127 663 2160 fecit,
683 2135 734 2155 nec
756 2128 865 2163 imperii
890 2137 1048 2158 successore

263 2171 320 2198 ullo
337 2171 433 2199 relicto
449 2180 456 2199 :
472 2171 595 2198 libellum
611 2173 638 2199 in
656 2180 710 2207 quo
735 2173 856 2208 legiones
874 2178 901 2201 et
926 2174 1048 2208 publicos

262 2214 368 2241 reditus
381 2215 591 2250 perscripserat,
609 2216 701 2243 Pisoni
717 2217 840 2250 tradidit,
857 2218 984 2254 Agrippae
1001 2228 1049 2247 an-

263 2258 360 2285 nulum
380 2261 512 2293 porrexit.
535 2260 589 2287 Sed
610 2261 644 2288 ab
658 2261 778 2290 Antonio
801 2263 876 2290 Musa
900 2263 1049 2293 lotionibus

1099 1667 1145 1693 καὶ
1159 1666 1173 1691 ὁ
1186 1666 1261 1701 ἥλιος
1275 1665 1311 1692 τά
1331 1673 1361 1691 τε
1373 1665 1469 1698 ὐδατα,
1485 1665 1566 1700 φύσιν
1580 1667 1684 1693 ἄτοπον
1699 1666 1803 1702 ἔχοντα,
1817 1668 1893 1701 σφδο

1097 1711 1149 1747 δρα
1173 1711 1272 1742 αὐτοὺς
1294 1710 1530 1746 ἐταλαιπώρησεν,
1547 1711 1616 1737 ὥστε
1639 1712 1671 1738 τὸ
1693 1713 1787 1739 πλεῖον
1811 1713 1892 1748 φθα-

1099 1757 1178 1792 ρῆναι
1209 1756 1258 1791 τῆς
1280 1757 1427 1791 στρατιᾶς·
1455 1757 1487 1783 τὸ
1514 1757 1542 1783 δὲ
1569 1758 1688 1792 νόσημα,
1717 1760 1750 1793 τῇ
1778 1759 1892 1795 κεφαλῇ

1098 1802 1262 1837 ἐνσκῆπτον,
1276 1802 1419 1838 ἐξήραινεν
1437 1803 1534 1839 αὐτὴν,
1550 1804 1598 1831 καὶ
1622 1804 1737 1836 πολλοὺς
1761 1805 1811 1840 μὲν
1833 1806 1891 1832 αὑ-

1097 1848 1161 1875 τίκα
1176 1849 1302 1875 ἀπώλλυε
1313 1856 1320 1864 ·
1337 1849 1392 1876 τῶν
1407 1849 1434 1876 δὲ
1457 1851 1678 1885 περιγενομένων
1700 1852 1729 1883 ἐς
1744 1852 1778 1879 τὰ
1799 1852 1892 1888 σκέλη

1098 1893 1206 1929 κατῄει,
1221 1893 1295 1920 ἅπαν
1310 1893 1342 1920 τὺ
1362 1894 1465 1929 μεταξὺ
1493 1895 1540 1922 τοῦ
1559 1895 1686 1930 σώματος
1706 1897 1892 1931 ὑπερόαἰνον,

1098 1940 1146 1967 καὶ
1161 1941 1253 1972 αὐτοῖς
1280 1940 1444 1976 ἐλυμαίνετο
1457 1949 1463 1955 ·
1482 1941 1552 1976 ἴσμά
1571 1950 1602 1969 τε
1623 1943 1700 1970 οὐδὲν
1716 1941 1750 1980 ἦν
1765 1943 1780 1978 ἢ
1802 1944 1829 1970 εἴ
1843 1954 1892 1978 τις

1098 1987 1187 2014 ἔλαιον
1202 1989 1266 2022 οῐνῳ
1283 1988 1454 2023 μεμιγμένον
1469 1988 1608 2024 ἠλείψατο.
1625 1990 1664 2016 Τὰ
1687 1990 1716 2017 δέ
1741 1991 1810 2017 πάνυ
1828 1992 1893 2018 ὀλε-

1098 2042 1157 2068 γοις
1172 2032 1217 2070 ἦν.
1235 2034 1272 2060 ’Ἡ
1296 2043 1324 2060 τε
1347 2036 1402 2069 γὰρ
1424 2034 1501 2069 χώρα
1518 2035 1661 2070 οὐδετερον
1680 2036 1772 2063 αὐτῶν
1795 2037 1891 2073 φέρει,

1099 2080 1236 2112 κάκείνοις
1251 2081 1300 2107 οὐκ
1311 2081 1416 2116 ἄφθονα
1433 2082 1520 2109 ταῦτα
1537 2085 1810 2118 προπαρεσκεύαστο.
1826 2087 1893 2113 Κάν

1097 2125 1138 2160 τῷ
1154 2126 1226 2161 πόνῳ
1241 2126 1328 2161 τούτῳ
1343 2128 1389 2153 καὶ
1400 2128 1424 2153 οί
1438 2127 1572 2163 βάρϐαροι
1596 2129 1688 2163 σφίσιν
1700 2131 1893 2165 ἐπιτιθέμενοι

1098 2171 1133 2196 τά
1146 2178 1177 2196 τε
1197 2171 1285 2206 χωρία
1302 2171 1319 2197 ἃ
1334 2172 1398 2206 πρὶν
1412 2172 1553 2208 ἀφῄρηντο
1569 2175 1745 2210 ἐκομίσαντο,
1759 2177 1805 2203 καὶ
1821 2179 1893 2207 τοὺς

1099 2216 1328 2250 περιλειφθέντας
1355 2218 1387 2243 ὲκ
1417 2218 1466 2253 τῆς
1501 2219 1596 2254 χώρας
1629 2220 1776 2255 ἐξήλασαν.
1810 2221 1840 2248 '0
1863 2223 1892 2248 δ’

1100 2261 1257 2295 Αὔγουστος
1287 2261 1430 2289 ἑνδέκατον
1459 2264 1614 2297 ὑπατεύσας
1645 2267 1784 2302 ἐνόσησεν,
1813 2267 1891 2294 ὥστε

263 2306 292 2329 et
311 2304 468 2339 potionibus
483 2304 589 2340 frigidis
603 2310 645 2334 est
660 2312 810 2336 recreatus.
833 2308 890 2342 Qua
909 2310 944 2337 de
967 2318 1046 2338 causa

1102 2307 1164 2342 μηδ’
1189 2307 1286 2334 ἐλπίδα
1306 2309 1381 2344 σχεῖν
1406 2309 1556 2346 σωτηρίας,
1583 2312 1630 2337 καὶ
1652 2311 1689 2343 ὼς
1713 2312 1893 2347 τελευτήσων

263 2350 389 2376 medicus
411 2354 439 2377 et
466 2350 500 2378 ab
519 2351 566 2378 illo
580 2355 608 2379 et
627 2360 642 2379 a
658 2359 756 2381 senatu
779 2356 935 2390 pecuniam,
958 2361 987 2384 et
1003 2357 1049 2392 jus

263 2396 339 2423 aurei
355 2396 461 2430 annuli,
479 2398 605 2432 quamvis
622 2398 785 2433 libertinus,
802 2401 908 2436 accepit
926 2411 932 2428 :
948 2402 1049 2430 immu-

262 2441 348 2469 nitate
361 2445 389 2468 et
403 2441 454 2476 ipsi
469 2447 496 2469 et
510 2443 626 2471 medicis
641 2444 769 2472 omnibus
782 2450 809 2473 et
827 2450 883 2473 tum
895 2451 923 2475 et
952 2448 979 2475 in
992 2456 1049 2483 .po-

263 2491 366 2514 sterum
380 2487 453 2515 data.
470 2488 508 2516 lla
523 2495 713 2521 conservatus.
731 2495 920 2520 testamentum
939 2494 967 2520 in
983 2501 1050 2521 con-

263 2532 355 2560 cilium
380 2533 485 2560 illatum
524 2534 631 2561 recitari
653 2536 747 2570 jussit,
774 2541 804 2564 ut
831 2539 989 2566 ostenderet
1019 2547 1049 2568 se

263 2579 368 2606 nullum
387 2587 574 2608 successorem
599 2582 744 2616 scripsisse
762 2591 769 2610 :
785 2583 831 2611 sed
846 2584 872 2611 id
897 2592 913 2612 a
938 2586 1049 2613 nemine

263 2622 364 2651 lectum
378 2630 430 2652 est.
444 2626 524 2654 Anno
540 2629 666 2662 sequenti
684 2637 745 2656 cum
763 2635 839 2664 peste
865 2636 894 2658 et
917 2631 988 2659 fame
1000 2641 1049 2667 per

266 2674 347 2695 lotam
364 2671 468 2698 Italiam
485 2673 668 2706 laboraretur,
690 2675 804 2702 Romani
826 2677 971 2711 opinantes
992 2686 1048 2706 non

265 2713 343 2761 alium
368 2715 447 2751 535
461 2726 556 2746 eorum
582 2721 714 2748 malorum
735 2729 796 2749 esse
819 2730 939 2756 causam,
963 2732 1046 2759 quam

265 2761 338 2794 quod
358 2761 496 2796 Augustus
522 2770 578 2792 tmn
605 2775 714 2802 quoque
739 2769 834 2795 consul
860 2777 914 2797 non
939 2775 1047 2798 creatus

265 2810 353 2839 esset,
369 2807 530 2849 dictatorem
549 2819 611 2838 eum
629 2813 720 2840 dicere
736 2813 881 2842 voluerunt
897 2824 903 2842 :
920 2820 946 2843 et
966 2824 1046 2844 sena-

265 2853 323 2878 tum
338 2851 364 2879 in
379 2853 455 2880 curia
472 2854 630 2883 conclusum
647 2858 698 2885 hoc
717 2858 866 2888 decernere
885 2867 1045 2895 coegerunt,

1100 2352 1214 2386 διέθετο,
1243 2354 1290 2380 καὶ
1323 2354 1448 2391 διάδοχον
1473 2356 1524 2390 μὲν
1551 2356 1648 2384 οὐδένα
1676 2358 1815 2391 ἀπέδειξε,
1845 2359 1890 2395 τῷ

1103 2400 1221 2427 Πείσωνι
1243 2400 1272 2427 δὲ
1291 2401 1340 2433 τάς
1355 2410 1385 2428 τε
1406 2402 1537 2438 δυνάμεις
1551 2403 1597 2430 καὶ
1610 2404 1659 2435 τὰς
1682 2405 1777 2436 κοινὰς
1799 2413 1892 2440 προσ-

1101 2446 1178 2478 όδους
1207 2448 1247 2479 είς
1275 2447 1379 2482 βιϐλίον
1400 2449 1511 2484 γράψας
1531 2449 1628 2481 ἐδωκι,
1646 2450 1685 2484 τῷ
1700 2450 1722 2476 δ’
1744 2451 1892 2486 Ἀγρίππᾳ.

1098 2494 1145 2520 τὶν
1158 2493 1302 2520 δακτύλιον
1316 2494 1492 2530 ἐνεχείρισεν.
1511 2495 1656 2528 Ἀντώνιος
1670 2495 1698 2522 δέ
1712 2505 1754 2527 τις
1772 2497 1890 2529 Μούσας

1102 2539 1173 2566 οὓτω
1194 2541 1288 2572 κακῶς
1304 2541 1386 2567 αὐτὸν
1409 2541 1585 2576 διακείμενον
1603 2542 1817 2577 ψυχρολουσῐαις
1841 2545 1892 2570 καὶ

1101 2586 1299 2621 ψυχροποσίαις
1332 2585 1484 2621 ἀνέρρωσε.
1510 2586 1556 2613 Διὸ
1583 2588 1629 2613 καὶ
1661 2588 1793 2622 χρήματα
1820 2588 1893 2623 παρ’

1102 2631 1186 2658 αὐτοῦ
1205 2639 1234 2657 τε
1253 2632 1302 2658 καὶ
1316 2632 1393 2666 παρὰ
1416 2631 1466 2666 τῆς
1493 2632 1592 2668 βουλῆς
1614 2632 1705 2665 ἔλασε,
1726 2635 1772 2660 καὶ
1789 2633 1891 2660 δακτυ-

1101 2678 1168 2709 λίοις
1195 2678 1316 2712 χρυσοῖς,
1342 2677 1526 2713 ἀπελεύθερος
1551 2677 1598 2711 ὢν,
1618 2679 1761 2713 ἐπετράπη
1786 2679 1890 2714 κεχρῆ-

1103 2724 1176 2756 σθαι,
1201 2723 1327 2750 ἀτέλειαν
1346 2731 1376 2749 τε
1400 2723 1476 2758 αὐτῷ
1502 2725 1550 2750 καὶ
1564 2725 1620 2756 τοῖς
1646 2725 1803 2759 ὀμοτέχνοις
1829 2718 1890 2755 τοῖς

1101 2770 1160 2797 οὖσι
1175 2771 1223 2797 καὶ
1238 2771 1293 2801 τοῖς
1308 2770 1448 2805 ἐσομένοις
1460 2771 1642 2805 παρέσχοντο.
1657 2770 1734 2797 Οὕτω
1748 2771 1776 2797 δὲ
1789 2770 1890 2801 σωθεὶς

1102 2817 1142 2848 είς
1158 2816 1190 2843 τὸ
1208 2816 1346 2851 συνέδριον
1368 2817 1418 2848 τὰς
1435 2816 1571 2851 διαθήκας
1583 2817 1741 2851 εἰσήνεγκε,
1756 2816 1803 2842 καὶ
1819 2816 1888 2842 ἁνα-

1102 2861 1262 2897 γνωσθῆναι
1273 2862 1435 2897 ἐπέτρεπεν,
1451 2862 1658 2898 ἐνδεικνύμενος
1671 2863 1712 2888 ὁτι
1728 2862 1824 2889 οὐδένα
1836 2861 1888 2896 τῆς
