2027 3150
261 155 316 186 895
897 153 1059 184 JOANNIS
1078 152 1238 184 ZONAIUB
1830 151 1887 181 896

261 216 412 248 damnavit,
426 216 499 251 quod
518 215 556 243 illi
570 221 648 250 aqua
665 219 694 242 et
703 214 774 249 iusta
795 213 957 249 postulanti,
970 221 1044 242 arro-

1097 213 1196 249 αὓτήν,
1218 211 1369 246 παρεκάλει
1394 211 1558 247 κομισθῆναι
1581 211 1651 242 licet,
1672 209 1719 236 καὶ
1740 207 1885 259 remedii;

260 268 359 297 ganter
371 268 398 290 et
417 262 536 297 superbe
550 267 712 296 responsum
727 264 866 296 negasset.

1097 260 1204 294 σειραῖς
1219 259 1266 286 καὶ
1278 257 1420 290 καλωδίοις
1435 258 1576 284 ἀνείλκετο
1590 255 1657 292 παρ’
1671 255 1756 290 αὐτῆς
1766 255 1814 281 καὶ
1826 255 1885 280 τῶν

261 308 460 344 θεραπαινίδων
487 308 599 342 ἀμφοῖν.
623 306 764 342 Δεξαμένη
787 306 816 333 δὲ
839 306 923 334 αὑτὸν
948 306 1046 342 αῖματι
1064 306 1242 341 πεφυρμένον
1273 304 1322 332 καὶ
1349 302 1580 334 δυσθανατοῦντα,
1596 302 1662 333 τοὺς
1686 300 1806 331 πέπλους
1831 307 1886 326 πε-

262 355 425 392 ριερρήξατο
439 356 484 382 ιπ⁹
503 355 589 390 αὐτῷ,
606 355 654 382 καὶ
680 355 716 382 τὰ
732 354 832 390 στέρνα
850 354 967 382 ἐτυπτε·
998 354 1045 382 καὶ
1064 354 1273 390 κατεσπάραττε
1306 354 1366 384 ταῖς
1397 353 1501 388 χερσίν.
1524 352 1554 378 '0
1568 351 1597 378 δὲ
1608 349 1678 377 οἶνον
1696 350 1769 376 πιεῖν
1785 348 1887 384 ᾔτησε,

260 405 307 430 καὶ
324 403 394 430 πιὼν
404 403 452 430 καί
468 412 529 430 τινα
544 403 681 440 ὁμιλήσας
696 405 729 439 τῇ
763 403 928 439 Κλεοπάτρᾳ
946 403 1065 436 ιξέλιπε.
1083 402 1190 438 Καῖσαρ
1219 401 1248 428 δὲ
1263 400 1443 436 ἀγγελθέντος
1458 399 1532 434 αὐτῷ
1557 399 1604 426 τοῦ
1622 398 1739 426 θανάτου
1760 396 1807 423 τοῦ
1822 395 1887 422 ‘Av-

258 451 366 484 τωνίου,
384 451 577 488 ἀπεδάκρυσε,
595 453 642 480 καὶ
654 453 705 485 τὰς
717 452 862 485 ἐπιστολὰς
880 452 986 479 ἐκείνου
1005 453 1063 484 τοῖς
1081 451 1168 486 φίλοις
1194 449 1391 484 ἀναγινώσκω
1414 448 1619 482 κατεγίνωσκεν
1644 446 1753 478 ἑαυτοῦ,
1770 446 1808 477 ὥς
1842 445 1888 472 εὑ-

257 499 388 533 γνώμονα
412 500 551 532 αἰτοῦντος
581 501 687 528 ἑκείνου
717 501 767 529 καὶ
791 501 893 534 δίκαια,
915 499 1000 528 αὐτοῦ
1033 499 1062 528 δέ
1084 499 1222 536 φορτικῶς
1235 499 1284 526 καὶ
1312 497 1496 533 ὑπερηφάνως
1514 496 1640 532 πρὸςτὰς
1655 495 1815 531 ἀποκρίσεις
1827 494 1890 521 δια-

258 553 289 570 κε
294 555 301 572 ι
305 546 398 580 μένου.

294 591 390 621 XXXI.
406 593 579 621 Proculeium
597 599 688 622 autem
700 594 734 622 ad
747 594 922 630 Cleopatram
933 594 1044 630 capien-

1136 593 1200 621 ΛΝ.
1217 591 1308 624 Είςδὲ
1333 591 1385 627 τὴν
1402 590 1582 625 Κλεοπάτραν
1606 587 1714 623 έπεμψε
1742 587 1789 615 τὸν
1816 587 1891 623 Προ-

258 637 334 670 dant,
358 643 387 666 et
412 638 440 666 in
462 639 517 667 vita
539 639 710 667 retinendam
732 640 914 675 misit:quod
940 647 1044 676 magna:

1099 638 1205 675 κλήῖον,
1222 638 1314 673 ζώσης
1335 636 1421 672 αὐτῆς
1447 636 1585 673 κρατῆσαι
1598 635 1695 667 θέλων,
1729 635 1802 670 μέγα
1819 635 1891 670 πρὸς

260 684 313 710 sibi
330 684 422 719 gloria:
442 684 501 712 fore
518 685 641 719 putabat,
663 685 687 713 si
711 693 772 713 eam
794 686 821 712 in
838 686 978 720 triumpho
993 686 1044 713 du-

1094 685 1175 718 δόξαν
1191 684 1344 720 ἡγούμενος
1359 684 1504 718 διαγαγεῖν
1521 683 1607 717 αὐτὴν
1622 682 1663 713 είς
1674 681 1721 708 τὸν
1739 680 1890 716 θρίαμϐον.

260 733 345 757 ceret.
362 728 408 757 illa
428 737 494 757 vero
510 729 583 757 intra
606 730 680 757 l'ores
699 730 809 758 l'ortiter
830 731 938 758 clausas
959 737 1044 764 stans,

1101 731 1176 758 Ἦδὶ
1200 731 1276 762 ἐντος
1308 731 1400 766 θυρῶν
1424 729 1628 764 κεκλεισμένων
1657 727 1777 763 ίσχυρῶς
1803 728 1891 754 στᾶσα

260 785 322 804 cum
343 785 376 804 eo
396 777 531 805 collocuta
549 782 601 805 est.
617 778 708 806 Caesar
725 779 837 814 cognito
856 779 917 806 loco
942 779 970 806 in
992 786 1044 814 quo

1094 776 1219 811 διελέχθη
1245 775 1331 811 αὐτῷ.
1350 775 1394 806 Ὠς
1410 774 1440 801 δὲ
1454 772 1624 809 καταμαθὼν
1640 772 1685 799 τὸν
1703 772 1785 798 τόπον
1798 772 1887 807 ἀπήγ-

259 828 344 856 esset,
359 824 467 852 Gallum
481 825 556 853 misit
568 826 614 861 qui
628 833 690 853 cum
709 833 741 853 ea
755 830 858 862 ageret.
879 826 939 860 Quo
955 826 989 854 de
1004 826 1047 853 in-

259 870 364 897 dustria
383 878 538 899 sermonem
554 872 588 899 ad
602 872 683 908 529
696 872 770 900 fores
785 873 911 901 trahente
922 894 929 906 ,
945 873 1047 902 Procu-

259 915 329 943 leius
354 924 417 943 cum
444 913 551 945 duobus
571 918 705 946 ministris
733 919 805 946 scala
831 927 879 954 per
897 919 1044 947 fenestram

258 962 329 989 clam
354 962 471 990 scandit.
494 960 562 990 Cum
591 971 658 991 vero
681 958 767 992 altera
794 972 827 991 ex
851 972 906 992 una
932 965 1046 993 inclusis

259 1007 422 1035 mulieribus
435 1008 630 1036 exclamasset:
643 1009 741 1036 Misera
755 1009 909 1045 Cleopatra,
924 1012 983 1038 viva
1003 1019 1047 1038 ca-

259 1054 338 1087 peris.
367 1054 486 1088 pugione
506 1062 561 1089 quo
578 1055 701 1082 accincta
718 1061 792 1088 erat,
811 1064 841 1083 se
862 1056 945 1084 ferire
964 1056 1046 1084 insti-

259 1099 322 1126 tuit.
350 1099 404 1126 Sed
434 1100 594 1129 Proculeius
623 1102 751 1129 celeriter
776 1103 905 1134 accurrit,
929 1110 1046 1138 eamque

258 1145 398 1173 continuit
417 1154 424 1173 :
438 1151 591 1182 ereptoque
618 1148 747 1183 pugione,
762 1148 904 1184 inquisivit
920 1156 953 1176 ne
971 1149 1045 1184 quod

259 1198 394 1218 venenum
421 1192 583 1220 oecultaret.
609 1193 700 1220 Caesar
730 1194 921 1228 Epaphrodito
945 1194 1046 1222 liberto

258 1237 396 1264 mandavit
415 1241 444 1264 ut
473 1245 533 1265 eam
549 1238 624 1265 omni
643 1239 786 1274 diligentia
801 1239 939 1267 viventem
955 1247 1046 1267 asser-

259 1287 347 1313 varct,
363 1288 444 1318 atque
466 1284 524 1318 ipse
540 1285 635 1311 urbem
656 1285 798 1320 ingressus
817 1289 870 1313 est.
893 1285 1013 1313 Antonio
1030 1293 1045 1313 ι

257 1327 403 1363 Cleopatra
425 1329 571 1365 magnilico
594 1335 622 1357 et
643 1331 720 1366 regio
741 1336 871 1366 apparatu
899 1332 1046 1366 tumulato,

258 1380 321 1400 cum
337 1373 414 1401 febre
428 1374 567 1402 laboraret
585 1375 657 1410 (nam
674 1381 771 1410 pectus
782 1376 842 1411 ejus
854 1376 1044 1404 exulceratum

257 1422 317 1445 erat
328 1423 356 1446 et
371 1419 580 1455 inﬂammatum)
590 1420 680 1448 inedia
697 1421 749 1448 sibi
764 1428 859 1449 necem
874 1421 1046 1449 consciscere

259 1464 388 1492 instituit.
402 1465 462 1498 Quo
472 1465 564 1494 Caesar
575 1467 778 1499 animadverso,
795 1467 879 1494 minis
894 1471 922 1494 et
940 1471 1045 1494 terrore

258 1509 292 1536 de
308 1509 404 1537 liberis
427 1511 539 1546 injecto.
566 1518 627 1538 eam
657 1511 743 1538 veluti
772 1511 909 1538 machinis
926 1510 1046 1537 admotis

257 1556 436 1591 expugnavit,
460 1561 491 1584 ut
513 1557 605 1584 cibum
628 1562 657 1584 et
680 1557 852 1584 curationem
875 1556 1045 1589 admitteret,
1060 1570 1081 1598 ρ

258 1609 290 1628 ac
306 1601 386 1635 paulo
402 1606 463 1635 post
477 1602 534 1637 ipse
550 1602 583 1629 ad
600 1610 661 1630 eam
681 1603 873 1637 alloquendam
888 1603 974 1630 venit.
996 1602 1045 1630 Illa

258 1653 324 1673 vero
344 1647 372 1673 in
394 1647 470 1674 tenui
495 1648 618 1682 stragulo
635 1649 722 1676 instar
739 1648 910 1683 paupercula;
932 1649 1046 1676 decum—

259 1692 337 1723 bens,
354 1692 457 1720 exsiliit
468 1702 475 1720 :
486 1698 514 1721 et
529 1701 591 1721 cum
603 1694 636 1721 ad
649 1696 708 1729 eius
719 1702 807 1730 genua
826 1695 982 1729 provoluta.
999 1702 1045 1722 re-

259 1737 390 1765 cumbere
408 1737 485 1772 jussa
506 1743 589 1770 esset,
611 1747 673 1766 eum
690 1747 757 1767 voce
777 1740 894 1767 tremula
915 1744 943 1767 et
958 1739 1046 1768 oculis

260 1783 325 1809 llctu
348 1783 482 1810 confectis
509 1784 677 1811 assidentem
702 1785 818 1820 perinde
840 1786 939 1818 oravit,
965 1793 997 1812 ac
1022 1785 1044 1812 si

259 1829 324 1856 vitze
340 1829 517 1864 cupidissima
533 1834 615 1862 esset,
636 1836 776 1866 postremo
800 1832 925 1866 pecuniae
941 1831 1046 1861 descri-

259 1875 381 1909 ptionem
396 1875 422 1902 ei
437 1875 549 1903 obtulit.
569 1875 662 1904 Caesar
677 1884 736 1904 eam
751 1878 813 1904 vitae.
833 1878 961 1911 cupidam
984 1881 1045 1908 esse

259 1925 345 1952 ratus,
359 1922 472 1956 ’gavisus
486 1926 528 1950 est
543 1932 549 1950 :
562 1930 593 1950 ac
614 1930 644 1950 se
657 1923 732 1950 omni
755 1932 804 1958 spe
824 1924 899 1952 illam
923 1926 1046 1960 splendi-

258 1966 321 1994 dius
334 1972 515 1994 tractaturum
532 1968 688 2002 pollicendo
702 1969 846 2005 decepisse
860 1975 970 2005 putans,
986 1973 1045 2007 ipse

259 2014 345 2049 magis
368 2019 412 2042 est
437 2015 579 2050 deceptus.
604 2014 672 2043 Cum
699 2017 772 2044 enim
800 2017 845 2045 illa
871 2019 1045 2054 cognOvissct

258 2066 321 2086 cum
346 2064 419 2087 terra
445 2068 495 2095 per
518 2061 625 2097 Syriam
641 2062 754 2094 iturum,
780 2063 866 2098 ipsam
889 2071 955 2091 vero
984 2069 1045 2099 post

259 2104 381 2131 triduum
405 2105 520 2133 Romam
542 2107 691 2134 tnissurum
717 2117 724 2135 :
749 2109 848 2141 oravit,
872 2113 903 2136 ut
925 2109 1044 2137 Antonio

259 2156 405 2185 parentare
420 2152 528 2180 liceret.
545 2153 605 2187 Quo
621 2155 766 2188 permisso,
783 2155 817 2182 ad
834 2160 1044 2184 monumentum

258 2197 373 2231 perlata,
397 2205 495 2233 magno
517 2198 592 2226 luctu
613 2199 699 2232 edito,
723 2200 869 2235 loculoque
892 2203 1001 2229 coronis
1017 2206 1045 2230 et

259 2243 366 2271 inferiis
393 2250 501 2278 ornato,
533 2246 661 2274 balneum
685 2247 737 2275 sibi
755 2249 843 2283 parari
858 2249 949 2284 jussit.
972 2250 1042 2277 Dum

257 2289 313 2318 lota
329 2291 477 2323 accumbit,
499 2292 700 2328 splendideque
718 2294 834 2329 prandet
851 2284 988 2330 {quidam
1009 2303 1043 2323 ex

257 2343 325 2370 agro
347 2344 396 2363 vas
421 2337 533 2371 plenum
559 2338 666 2366 licubus
688 2344 817 2374 portans,
841 2348 856 2367 a
880 2341 1043 2369 custodibus

256 2383 323 2417 quid
339 2382 423 2410 l‘errct
436 2388 558 2418 rogatus,
581 2385 700 2413 ostensis
712 2385 820 2413 ilcubus
835 2386 1043 2422 ingredijussus

231 2447 234 2450 .
259 2432 308 2456 est.
332 2428 399 2456 Post
422 2429 567 2464 prandium
593 2429 740 2466 Cleopatra
762 2431 869 2459 litteras
886 2431 1043 2467 obsignatas

259 2473 357 2502 Cmsari
375 2475 460 2508 misit,
474 2475 575 2510 quibus
587 2477 685 2504 orabat
708 2482 738 2504 ut
750 2485 812 2505 eum
826 2478 946 2505 Antonio
962 2485 1041 2512 sepe-

256 2520 365 2548 liretur.
382 2519 460 2548 Unde
476 2521 522 2549 ille
538 2522 631 2549 statim
648 2522 784 2550 intellexit
811 2523 877 2558 quid
892 2528 983 2550 actutn
997 2531 1041 2551 es—

257 2571 308 2598 set,
320 2574 353 2594 ac
369 2575 425 2594 rem
443 2568 583 2602 explorari
597 2569 691 2604 jussit.
707 2569 760 2602 Qui
779 2570 856 2597 missi
872 2575 962 2602 erant,
979 2578 1041 2598 cum

257 2619 374 2646 propere
388 2614 585 2646 accurrissent,
602 2619 738 2642 mortuam
758 2622 818 2642 eam
835 2617 860 2642 in
877 2623 961 2643 aureo
971 2616 1042 2643 lecto

258 2658 386 2692 regaliter
404 2665 527 2688 ornatam
549 2661 731 2693 invenerunt,
757 2661 843 2688 altera
864 2662 926 2695 ejus
942 2662 1042 2690 ancilla

257 2703 335 2730 lrade
355 2704 388 2731 ad
404 2706 488 2738 pedes
501 2706 574 2734 illius
590 2707 759 2742 exspirantc,
775 2708 860 2735 altera
873 2708 1042 2736 Citarmonio

255 2758 288 2776 cx
304 2750 450 2785 gravedine
470 2753 569 2786 capitis
584 2753 642 2788 jam
664 2753 839 2785 labescente.
864 2758 893 2781 et
916 2754 1042 2782 diadema

255 2795 409 2830 Cleopatrae
428 2805 590 2826 exornante.
615 2799 665 2827 Cui
689 2807 752 2827 cum
767 2799 879 2834 quidam
901 2799 1016 2828 dixisset
1033 2809 1039 2828 :

259 2841 373 2868 Pulchra
391 2850 451 2869 vero
472 2843 523 2869 ista
545 2848 616 2877 sunt,
641 2844 722 2879 53o
739 2844 951 2872 Charm‘onium?
974 2845 1039 2873 illa:

258 2886 453 2922 Pulcherrima,
468 2888 568 2924 inquit,
583 2895 606 2916 et
626 2891 720 2918 decora
734 2895 772 2918 (ut
790 2891 895 2926 regibus
909 2891 1039 2919 oriunda'.

1095 822 1169 857 γειλε
1186 822 1318 857 Καίσαρι,
1336 821 1438 853 Γάλλος
1453 820 1503 856 μὲν
1520 818 1650 854 ἐπέμφθη
1675 819 1745 854 αὐτῇ
1762 818 1891 850 ἐντευξό-

1099 877 1190 904 μενος,
1206 868 1235 900 ὃς
1254 868 1376 902 ἐμήκυνε
1400 867 1470 902 πρὸς
1488 867 1550 897 ταῖς
1565 866 1662 900 θύραις
1672 865 1719 891 τὸν
1733 864 1814 898 λόγον
1827 864 1891 890 ἐπί-

1062 901 1083 928 B
1097 901 1187 949 τηδες,
1206 901 1358 949 Προκλήϊος
1382 912 1410 940 δὲ
1425 901 1429 902 7
1442 912 1559 947 κλίμακι
1583 910 1629 938 διὰ
1656 910 1765 946 θυρίδος
1779 910 1891 944 εἰσῆλθε

1097 960 1187 987 λαθὼν
1201 960 1270 994 μετὰ
1284 959 1339 986 δύω
1355 958 1512 994 ὑπηρετῶν.
1541 958 1598 992 Τῆς
1622 957 1651 984 δέ
1668 957 1735 992 μιᾶς
1749 956 1805 982 τῶν
1819 956 1891 991 αὐτῇ

1099 1003 1361 1039 συγκαθειργμένων
1376 1003 1515 1037 γυναικῶν
1525 1001 1746 1037 ἀνακραγούσης,
1761 1001 1892 1028 Τάλων-α

1097 1050 1284 1084 Κλεοπάτρα,
1301 1048 1407 1085 ζωτρῇ,
1436 1048 1551 1084 ὥρμησε
1573 1049 1624 1084 μὲν
1652 1049 1753 1083 ἑαυτὴν
1769 1048 1891 1079 πατάξαι

1097 1096 1278 1132 (παρέζωστο
1289 1096 1343 1132 γάρ
1355 1105 1382 1122 τι
1395 1095 1527 1130 Ειφίδιον)
1546 1094 1732 1128 προσδραμὼν
1744 1094 1772 1121 δὲ
1787 1095 1856 1129 αὐτῇ
1877 1095 1893 1121 6

1097 1144 1260 1179 Προκλήϊος,
1269 1143 1399 1177 συνέσχεν
1410 1142 1504 1177 αὐτὴν.
1516 1142 1563 1168 καὶ
1576 1140 1703 1175 ἀφείλετο
1713 1139 1744 1167 τδ
1762 1139 1892 1173 ξιφίδιον,

1097 1191 1141 1217 καῖ
1162 1190 1198 1226 μή
1216 1199 1242 1217 τι
1257 1189 1366 1225 κρύπτῃ
1380 1189 1526 1224 φάρμακον
1548 1187 1741 1223 ὲξηρεύνησεν.
1760 1187 1894 1221 Ἔ.τεμψε

1097 1237 1125 1263 δὲ
1157 1237 1265 1270 Καῖσαρ
1298 1235 1497 1270 Ἐπαφρόδιτον
1533 1233 1728 1268 ἀπελεύθερον,
1759 1232 1893 1264 κελεύσας

1098 1282 1190 1314 ζῶσαν
1207 1282 1301 1317 τηρεῖν
1313 1281 1384 1307 πάνυ
1397 1279 1625 1314 ἐπιμελούμενον,
1639 1278 1721 1310 αὐτδς
1734 1278 1763 1305 δὲ
1779 1278 1892 1312 Καῖσαρ

1097 1328 1242 1363 εἰσήλασεν
1258 1327 1298 1359 εἰς
1308 1327 1359 1361 τὴν
1372 1326 1460 1353 πόλιν.
1478 1326 1558 1353 Καὶὸ
1578 1325 1723 1357 ’Δντώνιος
1740 1326 1818 1360 παρὰ
1837 1326 1892 1359 τῆς

1097 1373 1278 1408 Κλεοπάτρας
1295 1373 1384 1406 ἐτάφη
1409 1371 1565 1404 πολυτελῶς
1592 1371 1640 1398 καὶ
1657 1370 1815 1406 βασιλικῶς.
1835 1372 1892 1397 Πυ-

1098 1419 1186 1455 ρετῶν
1197 1419 1225 1446 δὲ
1241 1419 1311 1454 αὐτῇ
1324 1419 1480 1454 γενομένων
1499 1418 1508 1454 (
1519 1417 1675 1453 ἐφλέγμηνε
1686 1418 1741 1454 γὰρ
1757 1418 1845 1452 αὐτῆς
1856 1417 1891 1444 τὰ

1098 1465 1197 1500 στέρνα
1214 1464 1262 1491 καὶ
1285 1464 1409 1500 ἦλκωτο)
1421 1464 1526 1499 τροφῆς
1548 1464 1689 1499 ἀπείχετο,
1707 1463 1745 1497 ὡς
1761 1463 1892 1490 ἐντεῦθεν

1097 1511 1269 1547 λυθησομένη
1286 1510 1334 1537 τοῦ
1353 1510 1414 1546 ζῇν.
1434 1511 1467 1536 ‘0
1478 1509 1632 1544 ὑπονοήσας
1649 1509 1664 1535 ὀ
1681 1510 1792 1544 Καῖσαρ
1805 1509 1890 1535 ἀπει-

1097 1554 1148 1586 λὰς
1163 1554 1230 1589 αὐτῇ
1242 1554 1292 1581 καὶ
1309 1554 1409 1589 φόϐους
1425 1554 1490 1590 περὶ
1506 1554 1562 1580 τῶν
1576 1554 1681 1581 τέκνων
1703 1553 1888 1589 προσέϐαλεν,

1096 1597 1137 1632 οἷς
1162 1601 1253 1636 εκείνη
1283 1599 1410 1635 καθάπερ
1436 1601 1633 1635 μηχανήμασιν
1644 1600 1821 1634 ὑπερείπετο,
1839 1601 1891 1628 καὶ

1094 1646 1200 1682 τροφήν
1220 1654 1251 1672 τε
1279 1645 1327 1673 καὶ
1347 1645 1499 1682 θεραπείαν
1515 1646 1658 1681 προσίετο.
1679 1643 1752 1673 Ἧκε
1766 1646 1795 1672 δὲ
1826 1647 1890 1682 μετ’

1094 1691 1184 1726 ὀλίγον
1196 1692 1243 1718 καὶ
1257 1691 1271 1718 ὁ
1286 1692 1394 1728 Καῖσαρ
1403 1692 1471 1728 αὐτῇ
1486 1692 1690 1727 ἐντευξόμενος.
1702 1692 1735 1718 Ἦ
1749 1693 1790 1726 δὲ,
1804 1693 1891 1725 λιτῶς

1094 1738 1124 1764 ὲν
1138 1737 1243 1764 στιϐάδι
1255 1738 1444 1773 κατακειμένη
1457 1738 1553 1774 ὥσπερ
1567 1739 1728 1774 μονοχίτων,
1743 1739 1889 1775 ἀναπηδή-

1096 1793 1167 1811 σασα
1195 1785 1363 1820 προσπίπτει
1392 1785 1476 1820 αὺτῷ,
1504 1785 1660 1821 ὑπότρομος
1675 1788 1708 1821 τῇ
1737 1788 1825 1821 φωνῇ⁹
1841 1788 1889 1813 καὶ

1096 1832 1276 1866 συντετηκυῖα
1290 1832 1352 1863 ταῖς
1367 1831 1455 1866 ὕψεσι.
1473 1831 1660 1863 Κελεύσαντος
1672 1831 1700 1858 δὲ
1715 1832 1763 1859 τοῦ
1780 1833 1889 1860 Καίσα-

1096 1884 1144 1912 ρος
1154 1876 1335 1911 ἀνακλιθῆναι
1353 1877 1401 1904 καὶ
1413 1877 1497 1904 αὐτοῦ
1509 1878 1787 1914 παρακαθισαμένου,
1801 1879 1890 1906 ἐδεῖτο

1094 1921 1177 1948 αὑτοῦ
1193 1922 1231 1954 ὥς
1259 1922 1379 1956 μάλιστα
1407 1922 1454 1949 τοῦ
1468 1922 1519 1958 ζῇν
1544 1924 1743 1958 περιεχομένη·
1769 1924 1847 1956 τέλος
1857 1925 1888 1952 δὲ

1093 1967 1148 1994 τῶν
1162 1968 1313 2003 χρημάτων
1330 1968 1494 2003 ἀναγραφὴν
1509 1969 1584 2004 αὐτῷ
1612 1970 1788 2005 ἐνεχείρισεν.
1811 1971 1843 1998 '0
1857 1971 1888 1998 δὲ

1095 2012 1253 2048 φιλοψυχεῖν
1268 2013 1355 2048 αὑτήν
1368 2013 1492 2046 οἰόμενος
1505 2013 1597 2049 ἥδετο,
1614 2015 1661 2041 καὶ
1674 2014 1761 2041 εἰπὼν
1774 2015 1816 2041 ὅτι
1835 2015 1889 2042 πά-

1095 2067 1145 2094 σης
1161 2059 1268 2090 ἐλπίδος
1281 2059 1349 2094 αὐτῇ
1364 2059 1554 2094 λαμπρότερον
1570 2059 1716 2095 χρήσεται,
1740 2061 1887 2095 ἠπατηιέ-

1093 2116 1138 2134 νσι
1164 2107 1214 2142 μὲν
1233 2107 1319 2142 αὐτὴν
1346 2108 1430 2143 ῷετο·
1449 2107 1550 2142 μᾶλλον
1573 2107 1596 2134 δ’
1618 2109 1701 2140 αὐτὸς
1717 2108 1886 2143 ὲξηπάτητο.

1093 2153 1225 2181 Μαθοῦσα
1242 2155 1297 2188 γὰρ
1311 2154 1349 2185 ὡς
1373 2155 1387 2181 ὁ
1403 2155 1513 2190 Καῖσαρ
1532 2155 1582 2190 μὲν
1599 2147 1681 2189 ’πεζῇ
1713 2155 1757 2181 διὰ
1783 2155 1888 2189 Συρίας

1095 2200 1214 2234 ἔγνωκεν
1243 2201 1365 2233 ἀπιέναι,
1393 2201 1479 2236 αὐτὴν
1495 2201 1517 2227 δ’
1532 2202 1561 2232 ἐς
1575 2201 1624 2236 τὴν
1645 2200 1755 2235 Ῥώμην
1778 2201 1888 2227 στέλλει

1060 2242 1084 2271 Ι)
1099 2245 1168 2280 μετὰ
1181 2245 1276 2280 τρίτην
1290 2245 1407 2281 ἡμέραν,
1422 2245 1521 2281 ἐδεήθη
1535 2246 1676 2281 Καίσαρος
1692 2246 1766 2277 ὅπως
1784 2246 1886 2282 ἐνέγκῃ

1094 2291 1134 2327 τῷ
1148 2291 1284 2327 Ἀντωνίῳ
1294 2291 1369 2327 χοάς.
1385 2292 1440 2319 Καὶ
1450 2291 1662 2326 ἑπιτρέψαντος,
1679 2291 1727 2317 ἐπὶ
1741 2292 1787 2317 τὸν
1798 2291 1888 2326 τάφον

1095 2337 1256 2373 κομισθεῖσα
1282 2337 1369 2364 πολλὰ
1395 2337 1568 2373 ὠλοφύρατο,
1597 2335 1658 2364 εἶτα
1685 2337 1808 2372 στέψασα
1838 2340 1887 2365 καὶ

1095 2384 1331 2419 κατασπασαμένη
1351 2384 1402 2418 τὴν
1418 2385 1509 2419 σορὸν,
1523 2383 1669 2410 ἐκέλευσεν
1685 2384 1754 2418 αὐτῇ
1769 2383 1886 2418 λουτρὸν

1094 2429 1231 2464 γενέσθαι.
1249 2429 1414 2464 Δουσαμένη
1428 2429 1457 2456 δὲ
1472 2429 1520 2456 καὶ
1534 2429 1744 2461 κατακλιθεῖσα,
1770 2429 1886 2463 ἄριστον

1093 2476 1194 2511 ἠρίστα
1216 2475 1354 2510 λαμπρόν.
1387 2475 1442 2503 καί
1457 2484 1499 2507 τις
1511 2473 1578 2512 ἧκεν
1592 2475 1640 2502 ἀπ’
1657 2475 1744 2510 ἀγροῦ
1759 2475 1886 2509 κομίζων

1093 2524 1204 2557 ἀγγεῖον
1216 2522 1307 2548 σύκων
1322 2522 1431 2556 μεστόν.
1461 2522 1523 2548 Τῶν
1545 2521 1574 2548 δὲ
1600 2521 1731 2556 φυλάκων
1745 2521 1772 2548 τί
1800 2522 1884 2556 φέροι

1093 2569 1305 2604 ἀνακρινόντων,
1341 2569 1445 2600 ἐκεῖνος
1467 2568 1502 2595 τὰ
1530 2568 1601 2596 σῦκα
1630 2567 1784 2599 ὑπέδειξεν·
1813 2568 1883 2594 οἱδὶ

1093 2615 1214 2649 εἰσάγειν
1226 2614 1361 2641 ἐκέλευον.
1374 2615 1451 2642 Μετὰ
1464 2614 1492 2641 δὲ
1506 2615 1536 2641 τὸ
1550 2615 1662 2649 ἄριστον
1678 2615 1695 2649 ή
1716 2613 1884 2647 Κλεοπάτρα

1093 2660 1183 2687 δέλτον
1198 2659 1485 2694 κατασεσημασμένην
1499 2658 1539 2694 τῷ
1551 2658 1670 2694 Καίσαρι
1685 2658 1801 2684 ἔστειλε.
1812 2658 1884 2684 Καῖ-

1094 2715 1147 2742 σαρ
1160 2706 1199 2739 δὲ,
1216 2705 1253 2738 ὡς
1270 2706 1382 2741 ἐνέτυχε
1395 2706 1483 2737 λιταῖς
1497 2706 1627 2740 δεομένης
1643 2705 1728 2739 αὐτῆς
1742 2704 1883 2739 συνταφῆ-

1092 2761 1136 2779 ναι
1150 2751 1189 2787 τῷ
1205 2751 1351 2787 Ἀντωνίῳ,
1366 2752 1433 2786 ταχὺ
1448 2753 1549 2786 συνῆκε
1562 2751 1593 2778 τὸ
1610 2750 1818 2786 πεπραγμένον,
1831 2752 1882 2777 καὶ

1092 2798 1162 2825 κατὰ
1170 2798 1252 2832 τάχος
1262 2798 1325 2829 τοὺς
1341 2798 1527 2833 σκεψομένους
1537 2797 1567 2824 τὸ
1577 2797 1725 2832 γενόμενον
1741 2796 1879 2831 επεμψεν.

1093 2844 1125 2872 Οἵ
1135 2844 1228 2880 δρόμῳ
1245 2845 1446 2876 καταλαόὁντες
1474 2841 1554 2880 εὗρον
1566 2844 1652 2879 αὐτὴν
1665 2844 1831 2878 τεθνηκυῖαν
1847 2845 1881 2870 ὲν

1092 2893 1179 2934 χρυσῇ
1196 2892 1273 2928 κλίνῃ
1290 2891 1503 2928 κεκοσμημένην
1512 2890 1670 2927 βασιλικῶς.
1687 2891 1748 2918 Τῶν
1759 2890 1787 2918 δὲ
1798 2890 1875 2926 θερα.
