2050 3154
264 163 318 195 903

898 153 1061 186 JOANNIS
1082 153 1243 184 ΖΟΝΑΒᾹΞ

1833 150 1892 183 905

261 221 316 248 τῶν
333 221 423 256 νόμων
438 219 517 252 ἐδόθη
532 217 637 249 αὐτοῖς,
657 213 797 241 τουτέστιν
815 211 976 246 ἐλευθέρους
1007 209 1062 236 ἀπὸ
1082 209 1171 245 πάσης
1202 208 1256 236 τῶν
1271 207 1362 243 νόμων
1379 205 1502 243 ἀνάγκης
1514 204 1596 239 εἷναι,
1609 205 1657 233 καὶ
1675 205 1769 242 μηδενὶ
1783 206 1892 234 τούτων

263 269 416 304 ἐνέχεσθαι.

296 296 418 343 ίΧΧΙΙΙ.
440 312 499 345 Quo
515 310 561 337 die
577 308 669 337 Caesar
684 307 825 342 Augustus
840 304 1053 341 cognominatus

1141 300 1202 327 Al".
1225 299 1290 325 Ὅτε
1316 297 1345 325 δέ
1373 296 1530 331 Αὔγουστος
1558 296 1701 332 ἐπεκλήθη
1730 297 1743 324 ὁ
1771 298 1894 332 Καῖσαρ,

262 367 316 393 est,
347 363 429 387 noctu
457 364 586 392 magnum
619 354 775 390 prodigium
796 353 913 380 exstitit.
942 351 1050 379 Tiberis

263 408 336 435 enim
350 405 441 432 omnia
457 404 585 430 Romanae
602 401 677 428 urbis
694 400 774 435 plana
791 399 849 426 loca
868 398 907 426 sic
928 398 1051 424 inunda—

262 452 311 484 vit,
331 454 361 477 ut
376 444 581 484 navigarcntnr.
599 447 660 481 Quo
677 451 753 474 vates
780 444 906 480 portendi
933 444 1052 471 allirma-

262 501 327 524 runt
356 496 413 523 fore
446 499 476 522 ut
503 494 600 521 urbem
630 492 822 527 ampliﬁcaret,
854 495 882 518 et
913 493 998 516 totam
1023 489 1051 515 in

262 546 397 577 potestate
413 548 462 567 sua
484 539 610 566 haberet.
626 538 652 565 Is
667 544 731 564 vero
747 543 809 563 cum
832 535 884 562 alia
906 534 940 561 ad
965 534 1052 567 impe-

263 588 337 615 rium
367 586 543 622 pertinentia,
575 588 607 611 ut
635 583 682 618 qui
710 581 866 609 volentibus
891 581 1050 615 imperaret,

263 634 381 661 alacrius
410 631 614 659 administravit
641 638 648 655 :
677 634 734 656 tum
768 628 846 662 leges
874 626 974 658 sanxit,
1000 631 1052 651 nec

263 684 356 706 tamen
372 682 468 712 suapte
482 675 644 704 auctoritate
660 681 755 701 omnes
766 693 774 704 ,
800 671 848 700 sed
866 671 998 706 quasdam
1017 669 1051 696 ad

265 725 397 760 populum
413 723 487 754 tulit,
506 727 536 748 ut
551 729 611 755 quae
624 719 812 754 displicerent,
827 725 859 745 ea
875 716 1024 751 corrigeret
1042 723 1049 742 :

265 770 378 796 hortans
398 775 504 800 omnes,
530 771 560 793 ut
580 765 661 801 534
684 765 706 792 si
723 763 790 799 quid
815 762 914 790 melius
937 762 1050 794 scirent,

265 817 419 841 monerent.
433 813 566 841 Consules
579 812 644 838 item
658 815 686 838 et
700 818 714 838 e
728 811 835 838 caeteris
847 809 1051 844 magistratibus

264 861 405 896 singulos,
421 864 450 887 et
465 867 479 886 e
496 862 652 885 senatorum
671 864 787 884 numero
803 864 837 882 xv
863 855 896 883 ad
919 860 1051 883 semestre

265 906 292 932 in
306 904 452 932 consilium
466 899 602 935 adhibuit,
617 907 648 929 ut
663 909 712 936 per
727 908 774 928 eos
787 900 914 928 omnibus
927 907 958 927 ea
975 907 1051 927 com—

266 951 431 980 municaret,
465 957 525 984 qua:
555 947 731 976 deliberanda
762 950 875 979 essent,
911 945 1050 973 interdum

266 997 349 1023 etiam
362 996 408 1030 jus
422 1003 483 1022 cum
498 995 538 1022 eis
551 994 628 1021 dixit.
641 994 709 1021 Nam
723 997 834 1020 senatus
854 991 937 1019 ctiam
956 999 1005 1026 per
1022 999 1052 1019 se

267 1042 394 1076 sull‘ragia
425 1041 530 1068 ferebat
548 1049 556 1067 :
576 1040 672 1075 legatis
700 1047 809 1074 quoque
833 1043 862 1066 et
888 1038 1052 1066 caduceato-

268 1087 346 1114 ribus
363 1086 514 1121 respondit.
530 1085 652 1120 Populus
667 1084 791 1119 quamvis
803 1084 837 1111 ad
859 1084 968 1112 comitia
983 1091 1052 1111 con-

268 1133 385 1165 veniret,
402 1132 471 1159 nihil
490 1136 580 1159 tamen
597 1132 754 1165 gerebatur,
769 1130 842 1164 quod
867 1130 905 1157 illi
922 1129 1051 1164 displice-

268 1183 321 1205 ret.
351 1177 524 1213 Magistratus
552 1176 651 1212 partim
680 1177 738 1211 ipse
764 1175 929 1210 designavit,
952 1176 1052 1211 partim

269 1224 386 1250 arbitrio
406 1223 499 1258 populi
527 1222 710 1258 designandos
736 1222 861 1257 permisit
886 1222 938 1249 :in
956 1222 983 1249 id
1011 1222 1054 1248 in-

268 1273 372 1300 tentus,
391 1276 425 1295 ne
444 1267 541 1302 inepti,
554 1275 623 1294 neve
639 1275 688 1302 per
703 1267 836 1294 ambitum
855 1270 882 1293 et
896 1266 1054 1302 largitiones

268 1313 353 1348 aliqui
375 1317 545 1339 crearentur.
569 1312 670 1339 Gentes
692 1311 823 1346 quasdam
849 1320 898 1346 per
922 1312 1053 1347 semetip-

268 1365 339 1390 sum,
361 1359 458 1392 partim
479 1365 528 1392 per
550 1357 618 1384 alios
642 1357 765 1384 Romano
789 1358 903 1392 imperio
924 1357 1053 1392 subjecit.

268 1404 302 1429 At
315 1403 422 1438 Egypti
437 1408 536 1438 praetor
547 1403 635 1430 Elius
647 1402 740 1430 Gallus
753 1402 928 1437 expeditione
944 1403 971 1430 in
987 1404 1055 1430 Ara-

268 1450 340 1476 biam
360 1449 489 1480 Felicem,
506 1448 551 1475 cui
571 1448 656 1476 Sabas
673 1448 834 1484 imperabat,
850 1454 986 1484 suscepta,
1002 1449 1055 1476 etsi

268 1496 294 1523 ei
313 1495 459 1522 resistebat
476 1502 568 1525 nemo,
585 1503 640 1522 non
658 1499 749 1522 tamen
769 1495 838 1522 citra
849 1502 1000 1522 aerumnam
1014 1499 1055 1522 est

269 1548 442 1576 progressus.
460 1539 526 1566 Nam
543 1544 571 1566 et
586 1540 744 1572 solitudine,
761 1544 789 1567 et
811 1540 876 1567 solis
892 1541 1002 1573 ardore,
1028 1545 1055 1568 et

269 1595 340 1624 aqua
370 1586 507 1614 insalubri
533 1585 635 1613 milites
667 1587 788 1621 graviter
813 1590 877 1613 sunt
903 1586 1006 1618 atllicti,
1027 1591 1056 1613 ιιι

1103 349 1217 384 σημεῖον
1245 346 1275 373 οὐ
1306 345 1406 380 μικρὸν
1433 345 1493 372 τότε
1522 345 1593 372 κατὰ
1608 344 1657 380 τὴν
1681 344 1767 372 νύκτα
1783 346 1895 379 ἐκείνην

1100 395 1222 430 ἐγένετο.
1252 393 1283 418 '0
1311 392 1364 427 γὰρ
1392 392 1515 427 Τίϐερις,
1537 391 1700 426 πελατῐσας,
1727 392 1816 418 πᾶσιν
1843 393 1896 427 τὴν

1101 440 1214 467 πεδιάδα
1229 439 1278 474 τῆς
1294 437 1404 474 Ῥώμης
1419 437 1569 465 κατέλαϐεν
1584 437 1656 464 ὥστε
1675 438 1801 464 πλεῖσθαι
1812 445 1820 453 ·
1844 439 1895 466 καὶ

1100 486 1124 512 oi
1141 485 1253 520 μάντεις
1272 484 1313 510 ὅτι
1330 491 1360 509 τε
1380 483 1426 509 ἐπὶ
1443 482 1515 517 μέγα
1529 481 1654 516 αὐξήσει,
1674 483 1721 507 καὶ
1734 481 1778 508 ὅτι
1799 482 1894 508 πᾶσαν

1100 531 1150 566 τὴν
1179 530 1258 556 πόλιν
1288 528 1450 563 ὑποχειρίαν
1476 527 1545 561 ἔξει,
1564 528 1596 554 ἐκ
1626 527 1723 554 τούτου
1744 529 1895 562 προεῖπον.

1107 577 1137 602 '0
1152 576 1179 602 δὲ
1200 576 1233 603 τά
1251 584 1280 601 τε
1296 575 1364 602 ἄλλα
1379 574 1413 601 τὰ
1434 575 1468 609 τῇ
1493 574 1565 608 ἀρχῇ
1591 574 1767 608 προσήκοντα
1789 574 1895 610 προθυ-

1103 621 1218 658 μότερον
1241 621 1389 656 ἔπραττεν,
1414 619 1452 651 ὡς
1477 619 1623 646 ἐθελόντων
1640 620 1742 655 ἄρχων,
1761 620 1808 646 καὶ
1835 621 1896 647 ἐνο-

1103 668 1232 702 μοθέτει·
1245 667 1275 694 οὐ
1302 667 1393 702 μέντοι
1427 666 1516 692 πάντα
1535 664 1761 699 ἐθελογνωμονῶν
1793 666 1890 700 ἐνομο⁴

1103 713 1187 744 θέτει,
1202 711 1259 739 ἀλλ’
1277 711 1351 738 ἐστιν
1372 710 1390 738 ἃ
1414 710 1462 737 καὶ
1487 710 1516 741 ἐς
1532 709 1562 736 τὸ
1585 710 1717 745 δημόσιον
1741 709 1894 745 προετίθει,

1101 759 1175 790 ὃπως
1194 758 1226 784 ἂν
1236 766 1262 784 τι
1279 757 1316 792 μὴ
1334 756 1431 791 ἀρέσῃ,
1441 755 1632 791 ὲπανορθώσῃ,
1649 757 1696 782 καὶ
1708 756 1896 791 προετρέπετο

1105 804 1197 831 πάντα
1223 801 1419 838 συμϐουλεύειν
1443 801 1518 836 αὐτῷ
1535 801 1563 828 εῑ
1576 801 1618 832 τίς
1633 809 1660 828 τι
1676 800 1787 836 ἄμεινον
1811 801 1893 836 γνοίη

1103 849 1197 877 αὑτοῦ.
1226 850 1281 876 Kal.
1301 847 1364 880 τοὺς
1392 848 1512 880 ὑπάτους
1538 849 1585 874 καὶ
1606 847 1639 874 ἐκ
1659 847 1714 874 τῶν
1734 847 1821 874 ἄλλων
1843 847 1895 882 ἀρ-

1102 897 1205 932 χόντων
1219 895 1269 922 ἕνα
1281 895 1348 930 παρ’
1363 895 1501 926 ἑκάστων,
1522 895 1570 921 καὶ
1589 895 1625 927 ἐκ,
1642 893 1689 921 τοῦ
1710 893 1765 920 τῶν
1779 893 1895 928 βουλευ-

1103 942 1158 968 τῶν
1175 941 1297 976 πλήθους
1313 939 1513 967 πεντεκαίδεκα
1529 939 1699 974 συμϐούλους
1714 940 1741 971 ἐς
1757 939 1894 975 ἑξάμηνον

1103 987 1327 1023 παρελάμϐανεν,
1339 985 1409 1012 ὥστε
1424 985 1458 1012 δι’
1475 985 1566 1011 αὐτῶν
1581 986 1628 1012 καὶ
1647 986 1714 1011 πᾶσι
1733 985 1894 1012 κοινοῦσθαι

1103 1034 1137 1061 τὰ
1156 1033 1350 1068 βουλευόμενα.
1368 1032 1446 1058 Ἔστι
1469 1029 1492 1057 δ’
1514 1031 1558 1057 ὅτι
1575 1031 1621 1057 καὶ
1636 1030 1744 1062 ἐδίκαζε
1762 1030 1820 1064 μετ’
1843 1031 1895 1056 αὑ-

1103 1078 1168 1105 τῶν.
1187 1078 1299 1113 Ἔκρινε
1329 1076 1380 1112 μὲν
1407 1076 1461 1111 γὰρ
1484 1075 1532 1102 καὶ
1562 1075 1625 1102 καθ’
1647 1075 1779 1111 ἐαυτὴνή
1798 1075 1894 1111 βουλή.

1109 1124 1164 1150 Kal.
1177 1122 1338 1158 πρεσϐείαις
1354 1122 1402 1148 καὶ
1418 1120 1579 1157 κηρυκείαις
1597 1120 1792 1155 ἐχρημάτιζεν.
1809 1121 1844 1147 '0
1862 1129 1895 1146 τε

1103 1167 1195 1204 δῆμοξ
1214 1169 1255 1200 εἰς
1274 1167 1323 1200 τὰς
1348 1166 1527 1202 ἀρχαιρεσίας
1552 1166 1724 1200 συνελέγετο,
1743 1167 1772 1192 οὺ
1799 1166 1895 1201 μέντοι

1104 1215 1256 1250 ἐπράττετό
1272 1223 1298 1240 τι
1316 1214 1330 1240 δ
1349 1214 1386 1248 μὴ
1411 1213 1510 1247 ἐκείνῳ
1540 1211 1654 1247 ἧρεσκε.
1683 1212 1736 1238 Καὶ
1758 1212 1820 1243 τοὺς
1841 1212 1896 1247 ἄρ-

1105 1262 1201 1294 ξοντας
1219 1261 1281 1292 τοὺς
1308 1259 1357 1294 μὲν
1372 1259 1454 1290 αὐτος
1470 1257 1668 1293 προεϐάλλετο,
1686 1258 1750 1289 τοὺς
1764 1258 1792 1284 δέ
1812 1258 1841 1288 ἐς
1859 1257 1893 1284 τὸ

1105 1308 1194 1336 κοινὸν
1217 1307 1346 1338 ἐποιεῖτο,
1367 1305 1583 1340 ἐπιμελούμενος
1605 1304 1676 1330 ὥστε
1706 1303 1769 1339 μήτ’
1793 1304 1892 1330 ἀνεπι-

1104 1354 1205 1389 τήδειοι
1223 1353 1286 1389 μήτ’
1299 1353 1330 1380 ἐκ
1351 1350 1613 1387 παρακελεύσεωςῆ
1631 1351 1679 1377 καὶ
1701 1351 1733 1377 ἐκ
1752 1350 1894 1385 δεκασμοῦ

1105 1399 1326 1425 ἀποδείκνυνται.
1350 1397 1405 1424 Kal.
1419 1396 1482 1432 ἐθνη
1498 1396 1533 1423 τὰ
1549 1397 1599 1431 μέν
1625 1395 1659 1422 δι’
1672 1395 1782 1428 ἑαυτοῦ,
1806 1396 1842 1422 τὰ
1864 1396 1895 1422 δὲ

1105 1443 1138 1470 δι’
1153 1444 1254 1478 ἐτέρων
1276 1444 1310 1478 τῇ
1329 1440 1475 1477 Ῥωμαίων
1491 1441 1628 1477 ἡγεμονίᾳ
1649 1441 1795 1474 ὑπέταξεν.
1818 1441 1847 1467 '0
1863 1441 1894 1467 δὲ

1105 1488 1156 1524 τῆς
1176 1487 1315 1522 Αἰγύπτου
1339 1487 1432 1522 ἄρχων
1449 1487 1541 1518 Αἴλιος
1561 1487 1664 1518 Γάλλος
1686 1486 1732 1512 ἐπὶ
1759 1487 1893 1521 Ἀραϐίαν

1106 1534 1158 1569 τὴν
1182 1533 1345 1568 Εὐδαίμονα,
1368 1531 1402 1570 ἧς
1425 1533 1512 1564 Σάϐος
1532 1533 1702 1566 ἐϐασίλευεν,
1728 1534 1894 1568 ἐστράτευσε

1106 1580 1177 1612 τότε,
1195 1580 1243 1606 καὶ
1257 1580 1344 1609 οὐδεὶς
1361 1580 1412 1615 μὲν
1426 1579 1544 1606 ἐνώπιον
1557 1579 1640 1606 αὐτοῦ
1661 1580 1728 1614 ἔστη
1743 1581 1798 1607 τῶν
1812 1581 1895 1607 πολε-

270 1631 387 1658 maxima
404 1639 468 1666 pars
482 1631 618 1659 exercitus
632 1639 666 1658 ex
682 1631 780 1658 morbo
794 1639 849 1666 quo
863 1632 952 1667 capita
968 1632 1053 1659 exsic-

1109 1625 1187 1660 μίων,
1202 1625 1233 1651 οὐ
1250 1624 1303 1659 μὴν
1325 1624 1434 1655 ἀπόνως
1451 1624 1607 1660 προύχώρει
1621 1633 1628 1640 '
1644 1625 1661 1659 ἦ
1677 1633 1706 1651 τε
1720 1625 1774 1660 γὰρ
1788 1626 1896 1661 ἐρημία

270 1677 417 1709 cabantnr,
443 1677 578 1703 interiret.
606 1677 631 1704 Is
657 1678 759 1705 multos
780 1678 871 1705 statim
893 1678 1054 1712 perimebat.

272 1722 300 1750 Si
317 1723 363 1757 qui
381 1731 445 1750 vere
459 1723 623 1754 evadebant,
640 1724 668 1750 in
685 1731 781 1750 eorum
796 1724 896 1760 pedes,
912 1728 968 1751 t0to
993 1724 1056 1751 reli-

271 1776 326 1803 quo
343 1776 458 1803 corpore
474 1768 615 1802 incolumi,
635 1768 786 1802 desidebat,
799 1777 901 1804 eosque
919 1770 1054 1798 vexabat:

270 1821 323 1841 nec
343 1813 428 1841 ullum
444 1818 503 1841 erat
520 1814 672 1841 remedium
689 1814 774 1847 aliud,
790 1814 843 1842 nisi
868 1819 897 1842 ut
910 1816 970 1843 oleo
992 1816 1055 1844 vino

271 1862 423 1893 temperato
446 1859 653 1894 inungerentur.
676 1860 705 1887 ld
727 1867 793 1888 vero
818 1862 965 1896 perpaucis
988 1870 1055 1897 sup-

272 1904 381 1939 petebat
397 1913 405 1932 :
421 1912 484 1932 nam
501 1911 533 1931 ea
556 1905 631 1941 regio
651 1911 778 1933 neutrum
793 1907 890 1942 gignit,
913 1915 1001 1942 neque
1017 1908 1055 1935 illi

271 1956 397 1983 magnam
418 1950 524 1984 copiam
545 1955 741 1985 prazpararant.
763 1950 792 1977 ln
817 1958 849 1978 ea
873 1952 919 1979 lue
946 1952 1054 1980 barbari

272 2001 392 2029 quaque,
411 1995 529 2030 receptis
542 1995 611 2023 locis
624 2003 685 2031 qua:
700 1996 864 2031 amiSerant,
881 2005 975 2026 eorum
992 1998 1057 2026 reli-

273 2040 351 2074 quias
365 2041 475 2075 regione
489 2041 663 2075 expulerunt.
680 2041 820 2077 Augustus
832 2051 898 2070 vero
911 2043 1056 2072 undecimo

272 2088 414 2113 consulatu
430 2086 489 2113 sine
508 2087 562 2112 ulla
578 2094 625 2121 spe
641 2087 737 2114 Salutis
748 2092 901 2122 aegrotans,
922 2093 953 2116 ut
970 2090 1055 2116 mori-

273 2135 350 2157 turus
373 2136 568 2158 testamentum
588 2131 671 2164 fecit,
692 2140 743 2159 nec
764 2132 873 2167 imperii
898 2141 1056 2162 successore

272 2176 328 2203 ullo
345 2176 441 2203 relicto
458 2185 465 2202 :
480 2176 604 2203 libellum
619 2177 647 2203 in
664 2184 718 2211 quo
744 2177 864 2213 legiones
882 2183 909 2205 et
934 2179 1057 2213 publicos

270 2218 377 2246 reditus
390 2219 599 2254 perscripserat,
617 2220 709 2248 Pisoni
726 2221 848 2254 tradidit,
865 2222 992 2258 Agrippae
1009 2232 1057 2251 an-

272 2263 369 2289 nulum
387 2265 520 2297 porrexit.
544 2264 597 2291 Sed
618 2265 652 2292 ab
666 2265 786 2294 Antonio
809 2267 884 2294 Musa
908 2268 1057 2297 lotionibus

271 2311 301 2334 et
320 2309 477 2343 potionibus
492 2309 597 2345 frigidis
612 2315 654 2338 est
668 2317 818 2340 recreatus.
841 2313 898 2346 Qua
918 2314 952 2341 de
975 2322 1057 2342 causa

272 2354 398 2381 medicus
419 2359 447 2382 et
474 2355 508 2382 ab
527 2356 574 2383 illo
589 2360 616 2383 et
636 2365 650 2384 a
667 2363 764 2385 senatu
787 2360 944 2394 pecuniam,
966 2365 996 2387 et
1011 2361 1057 2396 jus

272 2401 348 2427 aurei
364 2401 469 2434 annuli,
487 2403 614 2436 quamvis
630 2403 794 2437 libertinus,
811 2405 916 2440 accepit
934 2415 940 2432 :
956 2406 1057 2434 immu-

271 2446 357 2473 nitate
369 2449 398 2473 et
412 2446 463 2481 ipsi
477 2451 505 2474 et
519 2447 633 2475 medicis
649 2449 778 2476 omnibus
789 2454 817 2477 et
836 2454 892 2478 tum
904 2455 932 2478 et
961 2452 988 2479 in
1001 2460 1057 2487 .po-

271 2495 374 2519 sterum
389 2492 462 2519 data.
478 2492 516 2520 lla
532 2499 721 2526 conservatus,
739 2499 929 2524 testamentum
948 2498 976 2524 in
992 2505 1059 2525 con-

272 2537 363 2564 cilium
388 2538 493 2565 illatum
533 2539 640 2566 recitari
662 2540 756 2575 jussit,
783 2546 813 2568 ut
839 2543 997 2571 ostenderet
1028 2552 1057 2572 se

272 2583 377 2610 nullum
396 2592 583 2612 successorem
608 2587 752 2621 scripsisse
770 2596 777 2614 :
793 2588 840 2615 sed
855 2589 880 2615 id
906 2596 922 2616 a
947 2590 1058 2617 nemine

272 2627 372 2656 lectum
387 2635 438 2657 est.
453 2630 533 2658 Anno
549 2633 675 2667 sequenti
692 2641 754 2660 cum
771 2639 848 2669 peste
874 2641 902 2662 et
926 2635 996 2663 fame
1009 2645 1058 2671 per

275 2678 356 2700 totam
372 2676 476 2703 Italiam
494 2677 677 2711 laboraretur,
699 2679 813 2707 Romani
835 2681 979 2716 opinantes
1000 2690 1056 2710 nou

274 2718 352 2746 aliam
377 2720 455 2756 535
470 2731 565 2750 eorum
591 2725 723 2752 malorum
743 2733 805 2754 esse
828 2735 948 2760 causam,
972 2736 1055 2763 quam

274 2766 346 2798 quod
367 2766 505 2801 Augustus
530 2775 586 2797 tum
613 2779 723 2806 quoque
748 2773 842 2800 consul
869 2781 923 2801 non
948 2779 1056 2802 creatus

273 2816 361 2844 esset,
378 2812 539 2854 dictatorem
558 2823 620 2843 enm
637 2817 729 2845 dicere
744 2818 890 2846 voluerunt
906 2829 912 2846 :
928 2824 955 2847 et
974 2828 1055 2848 sena-

274 2858 332 2884 tum
346 2856 373 2884 in
388 2858 464 2886 curia
481 2859 638 2888 conclusum
655 2862 707 2890 hoc
726 2862 875 2892 decernere
894 2870 1054 2900 coegerunt,

1107 1670 1153 1696 καὶ
1167 1670 1181 1695 ὁ
1193 1669 1269 1705 ἥλιος
1284 1669 1320 1695 τά
1340 1677 1369 1695 τε
1381 1668 1477 1702 ὕδατα,
1493 1669 1574 1703 φύσιν
1588 1670 1692 1697 άτοπον
1707 1670 1811 1705 ἔχοντα,
1826 1672 1895 1705 σφό-

1105 1715 1156 1750 δρα
1181 1715 1281 1746 αὐτοὺς
1302 1713 1538 1750 ἐταλαιπώρησεν,
1555 1715 1625 1742 ὥστε
1647 1716 1679 1742 τὸ
1702 1717 1796 1743 πλεῖον
1821 1717 1895 1751 φθα-

1108 1761 1186 1796 ρῆναι
1217 1760 1267 1795 τῆς
1288 1761 1436 1795 στρατιᾶςο
1464 1761 1495 1786 τὸ
1522 1761 1550 1787 δὲ
1577 1762 1696 1796 νόσημα,
1726 1763 1758 1797 τῇ
1787 1763 1895 1798 κεφαλῇ

1106 1806 1271 1841 ἐνσκῆπτον,
1284 1806 1428 1842 ἐξήραινεν
1445 1807 1543 1842 αὐτὴν,
1558 1808 1607 1834 καὶ
1630 1808 1746 1839 πολλοὺς
1770 1808 1819 1843 μέν
1841 1809 1894 1836 αὑ-

1105 1853 1169 1879 τίκα
1184 1853 1328 1879 ἀπώλλυε·
1346 1853 1400 1880 τῶν
1415 1853 1443 1879 δέ
1465 1855 1686 1889 περιγενομένων
1708 1856 1737 1886 ἐς
1752 1856 1787 1882 τὰ
1808 1856 1895 1891 σκέλη

1106 1897 1214 1933 κατῄει,
1229 1897 1304 1924 ἅπαν
1318 1897 1350 1924 τδ
1370 1897 1473 1933 μεταξὺ
1501 1899 1549 1925 τοῦ
1567 1899 1695 1934 σώματος
1715 1901 1895 1935 ὑπερϐαἰνον,

1106 1944 1154 1971 καὶ
1169 1945 1261 1976 αὐτοῖς
1288 1944 1452 1980 ἐλυμαίνετο
1465 1952 1472 1959 ·
1491 1945 1560 1980 ἵσμά
1580 1953 1611 1972 τε
1632 1946 1708 1973 οὐδὲν
1724 1944 1758 1983 ἧν
1773 1947 1789 1982 ἦ
1811 1948 1838 1974 εἴ
1852 1957 1896 1981 τις

1107 1991 1196 2018 Ελαιον
1211 1993 1274 2026 οίνῳ
1291 1992 1462 2027 μεμιγμένον
1478 1992 1616 2028 ἠλείψατο.
1633 1994 1672 2020 Τὰ
1695 1993 1724 2020 δὲ
1749 1995 1819 2021 πάνυ
1836 1995 1896 2022 ὀλί-

1107 2046 1166 2072 γοις
1180 2036 1225 2074 ἦν.
1244 2038 1281 2064 Ἦ
1304 2047 1333 2064 τε
1355 2039 1411 2073 γὰρ
1433 2038 1509 2073 χώρα
1527 2039 1670 2074 οὐδετερον
1688 2039 1780 2066 αὐτῶν
1803 2041 1895 2076 φέρει,

1108 2084 1245 2116 κάκείνοις
1260 2085 1308 2111 οὐκ
1320 2085 1425 2119 ἄφθονα
1442 2086 1529 2114 ταῦτα
1546 2088 1819 2122 προπαρεσκεύαστο.
1835 2090 1898 2116 Κάν

1106 2129 1146 2164 τῷ
1162 2130 1234 2165 πόνῳ
1249 2130 1337 2165 τούτῳ
1352 2132 1398 2157 καὶ
1408 2132 1432 2157 οί
1447 2131 1581 2167 βάρϐαροι
1604 2133 1696 2166 σφίσιν
1708 2135 1898 2168 ἐπιτιθέμενοι

1106 2175 1141 2201 τά
1155 2182 1186 2200 τε
1205 2175 1294 2210 χωρία
1310 2175 1328 2202 ἃ
1343 2176 1406 2210 πρὶν
1421 2176 1562 2212 ἀφῄρηντο
1578 2179 1754 2213 ἐκομίσαντο,
1767 2181 1813 2207 καὶ
1829 2183 1898 2210 τοὺς

1107 2220 1336 2255 περιλειφθέντας
1363 2222 1396 2247 ἐκ
1425 2222 1474 2256 τῆς
1510 2223 1604 2258 χώρας
1638 2224 1784 2259 ἐξήλασαν.
1818 2225 1849 2252 '0
1872 2226 1897 2252 δ’

1108 2265 1265 2299 Αὔγουστος
1295 2266 1438 2293 ἑνδέκατον
1467 2268 1623 2300 ὑπατεύσας
1655 2270 1793 2305 ἐνόσησεν,
1822 2271 1897 2298 ὥστε

1073 2306 1095 2334 D
1111 2311 1172 2346 μηδ’
1198 2311 1295 2338 ἐλπίδα
1315 2314 1390 2348 σχεῖν
1415 2313 1565 2350 σωτηρίας,
1591 2315 1639 2341 καὶ
1660 2315 1698 2347 ὡς
1721 2315 1898 2351 τελευτήσων

1109 2356 1223 2390 διέθετο,
1251 2358 1299 2384 καὶ
1332 2358 1456 2394 διάδοχον
1482 2360 1533 2394 μὲν
1559 2360 1657 2387 οὐδένα
1685 2361 1824 2395 ἀπέδειξε,
1854 2363 1897 2398 τῷ

1111 2404 1230 2431 Πείσωνι
1252 2404 1281 2431 δέ
1299 2405 1349 2437 τάς
1364 2414 1393 2432 τε
1414 2406 1545 2442 δυνάμεις
1559 2407 1668 2439 καὶτὰς
1691 2409 1786 2440 κοινὰς
1808 2417 1899 2444 προσ-

1109 2450 1186 2482 όδους
1215 2451 1256 2482 είς
1284 2451 1387 2486 βιϐλίον
1409 2453 1520 2488 γράψας
1540 2453 1637 2485 ἔδωκε,
1655 2453 1731 2488 τῷδ’
1753 2455 1900 2490 Ἀγρίππᾳ

1107 2498 1153 2524 τὶν
1167 2497 1311 2524 δακτύλιον
1325 2498 1501 2534 ἐνεχείρισεν.
1520 2499 1664 2531 Ἀντώνιος
1679 2499 1707 2525 δέ
1721 2509 1763 2531 τις
1780 2501 1899 2532 Μούσας

1110 2543 1182 2570 οὕτω
1202 2544 1297 2575 κακῶς
1313 2544 1394 2571 αὑτὸν
1417 2545 1594 2580 διακείμενον
1612 2545 1826 2581 ψυχρολουσὶαις
1849 2548 1902 2574 καὶ

1110 2590 1308 2625 ψυχροποσίαις
1340 2589 1492 2625 ἀνέρρωσε.
1519 2590 1565 2617 Διὸ
1591 2592 1638 2617 καὶ
1670 2592 1801 2626 χρήματα
1828 2592 1902 2627 παρ’

1111 2635 1194 2662 αὑτοῦ
1214 2643 1243 2661 τε
1262 2636 1310 2661 καὶ
1324 2636 1401 2670 παρὰ
1424 2635 1475 2670 τῆς
1502 2636 1600 2671 βουλῆς
1622 2636 1714 2669 ἔλαϐε,
1735 2638 1781 2664 καὶ
1798 2637 1901 2664 δακτυ-

1110 2682 1177 2713 λίοις
1203 2682 1324 2716 χρυσοῖς,
1351 2680 1535 2717 ἀπελεύθερος
1560 2681 1608 2715 ὣν,
1627 2683 1770 2717 ἐπετράπη
1795 2682 1900 2718 κεχρῆ-

1111 2728 1185 2759 σθαι,
1209 2727 1336 2754 ἀτέλειαν
1355 2735 1384 2753 τε
1408 2727 1484 2761 αὐτῷ
1511 2728 1629 2759 καὶτοῖς
1655 2728 1812 2763 δμοτέχνοις
1839 2722 1899 2759 τοῖς

1110 2774 1168 2801 οὖσι
1184 2775 1231 2800 καὶ
1247 2775 1302 2805 τοῖς
1317 2774 1457 2809 ἐσομένοις
1469 2774 1651 2809 παρέσχοντο.
1666 2774 1743 2801 Οὕτω
1757 2774 1786 2801 δέ
1799 2774 1899 2805 σωθεὶς

1111 2821 1150 2852 είς
1167 2820 1198 2847 τί)
1217 2819 1355 2855 συνέδριον
1377 2821 1427 2852 τὰς
1443 2820 1579 2855 διαοήκας
1591 2820 1750 2855 εἰσήνεγκε,
1765 2820 1812 2846 καὶ
1829 2819 1899 2846 ava-

1111 2866 1270 2901 γνωσθῆναι
1282 2865 1443 2901 ἐπέτρεπεν,
1460 2866 1666 2901 ἐνδεικνύμενος
1680 2867 1721 2892 ὁτι
1737 2865 1834 2892 οὐδένα
1846 2866 1898 2900 τῆς
