2050 3154
161 157 214 188 839

810 164 1011 196 ANNAIJUM
1032 166 1106 198 LIB.
1127 168 1163 199 X.

1737 179 1791 210 890

163 212 202 243 είς
218 211 300 238 αὒτδν
316 212 499 247 ἐμϐάλλοντος
521 214 707 249 γλυκαίνεται.
722 215 856 244 Κάκεῖθεν
870 218 910 250 είς
924 218 945 244 τί

1005 218 1074 247 Cum
1090 228 1172 250 nemo
1191 227 1291 259 contra
1310 224 1424 253 classem
1441 227 1582 263 educeret,
1599 238 1689 266 neque
1713 234 1794 267 quid-

164 258 276 285 Ἄκτιον
291 258 379 286 ἔπλει.
404 259 447 291 Ὠς
461 259 484 286 δ’
503 260 590 292 οὐδεὶς
604 260 666 288 οὔτε
691 261 827 291 ἁντέπλιι.
844 263 904 290 οὔτε
920 265 949 296 ὲς

163 305 258 339 λόγους
277 305 323 341 ᾔει
351 305 437 341 αὐτῷ,
455 307 471 342 ἢ
487 307 555 342 πρδς
571 307 662 342 μάχην
677 307 693 342 ἢ
709 307 778 343 πρὸς
803 308 949 343 ὁμολογίαν

162 351 360 386 ῑκκαλουμὲνῳ
375 351 438 384 τοὺς
467 353 617 384 ἐναντίους.
641 353 773 380 κατέλαϐε
798 355 829 381 τὸ
850 355 950 390 χωρίον

162 398 241 425 τοῦτο
257 399 287 424 ὲν
301 395 324 432 ᾧ
340 397 388 424 νῦν
399 400 471 425 ἐστιν
486 400 503 434 ἡ
524 399 683 432 Νικόπολις,
701 400 756 427 κάκ
770 400 866 427 τούτου
881 401 950 435 ἐφή-

162 444 241 479 δρευε
255 444 295 479 τῷ
316 443 417 480 Ἀκτίῳ
433 445 505 471 κατά
519 446 573 480 γῆν
586 454 616 472 τε
630 446 679 472 καὶ
698 445 847 474 θάλασσαν.
873 447 910 473 Τὸ
921 446 951 473 δὲ

162 490 274 517 ’Δκτιον
298 491 324 516 οί
359 490 407 517 τοῦ
443 491 592 518 Ἀντωνίου
625 492 880 528 προκατελάϐοντο,
904 492 951 519 καὶ

161 535 278 571 πύργοις
302 536 454 572 ὠχύρωσαν
474 537 654 572 ἑκατέρωθεν.
685 538 763 565 Ἐπεὶ
783 538 812 565 δι
839 538 889 574 τὴν
903 539 950 566 τοῦ

161 581 302 616 Καίσαρος
331 581 424 615 ἄφιξιν
451 582 567 609 ἐπύθετο
593 583 609 610 6
641 584 802 617 Ἀντώνιος,
830 584 950 620 ἠπείχθη

161 626 232 661 μετὰ
256 627 312 653 τῶν
329 627 394 663 περὶ
411 628 496 657 αὐτὸν
523 629 563 661 εἰς
578 628 609 656 τὺ
636 629 765 656 Ἄκτιον·
797 630 847 656 οὐκ
871 630 953 662 εὐθὺς

161 672 253 706 μέντοι
268 674 316 700 καὶ
332 673 497 708 ἠγωνίσατο,
517 674 607 701 καίτοι
636 674 683 702 τοῦ
707 675 847 710 Καίσαρος
869 676 952 702 παντὶ

158 718 234 753 τόπῳ
247 720 288 750 είς
303 720 397 753 ἀγῶνα
408 720 503 746 τοῦτον
517 720 667 754 ἐνάγοντος
677 729 684 736 ο
708 720 917 756 ἀκροϐολισμοῖς
929 721 952 748 δ’

159 766 204 792 ἐπὶ
220 766 331 798 πλείους
344 767 450 803 ἡμέρας
463 768 618 802 ἐχρήσατο.
636 768 717 803 μέχρι
742 768 902 804 συνήθροισε
919 769 953 795 τὰ

160 812 363 847 στρατεύματα.
384 813 412 840 '0
428 813 456 840 δὲ
470 814 579 849 Καῖσαρ
600 815 640 846 εἰς
656 815 707 849 τὴν
724 814 838 842 Ἐλλάδα
854 815 906 849 τήν
921 823 951 841 τε

159 858 330 886 Μακεδονίαν
357 859 465 895 ἔπεμψε
485 861 628 896 στρατιὰν,
656 861 731 893 ὅπως
760 861 829 896 πρὸς
859 861 951 887 ὲκεῐνα

1006 273 1089 300 quam
1107 268 1148 294 vel
1178 270 1210 296 ad
1235 277 1353 306 pugnam
1383 273 1424 300 vel
1450 274 1484 301 ad
1513 275 1681 304 deditioncm
1699 278 1793 308 hostcs

1003 313 1166 345 provocanti
1191 316 1411 350 responderent:
1432 326 1495 346 eum
1521 323 1666 357 occupavit
1687 324 1790 358 locum,

1002 355 1029 383 ln
1048 365 1103 392 quo
1130 366 1203 386 nunc
1228 365 1271 388 est
1294 362 1440 398 Nicopolis,
1469 365 1563 401 ibique
1584 355 1657 396 circa
1681 355 1790 399 Actium

1002 405 1075 429 terra
1090 404 1215 439 marique
1227 407 1359 435 stationes
1372 409 1478 437 habuit.
1494 412 1561 439 Nam
1577 413 1664 448 ipsum
1681 415 1789 444 Actium

1001 448 1151 477 Antoniani
1165 458 1384 487 praeoccupatum
1401 457 1525 484 turribus
1537 460 1667 494 utrinque
1683 462 1792 490 munie-

1003 499 1074 521 rant.
1093 495 1229 525 Antonin
1245 498 1365 526 adventu
1384 499 1500 530 Caesaris
1515 505 1634 539 cognito.
1651 514 1714 534 cum
1733 509 1792 537 suis

1001 540 1110 589 Actium
1127 544 1304 578 properavit:
1333 545 1413 581 525
1431 548 1479 575 scd
1496 557 1550 576 non
1565 551 1659 578 statim
1686 561 1792 589 pugna-

1003 587 1052 620 vit,
1071 589 1196 622 quamvis
1219 597 1234 616 a
1256 589 1361 619 Caesare
1380 593 1469 620 modis
1494 595 1624 624 omnibus
1639 587 1791 628 lacessere-

1002 636 1066 662 tur:
1088 634 1275 663 tumultuariis
1292 641 1382 665 tamen
1408 640 1508 674 pugnis
1527 648 1576 675 per
1591 641 1650 670 dies
1667 646 1792 680 complu-

1002 685 1048 706 res
1060 681 1188 712 certavit.
1205 681 1296 709 donec
1315 683 1494 712 conduxisset
1509 693 1575 714 suos
1591 688 1740 716 exercitus.
1757 691 1792 717 At

1001 724 1093 752 Caesar
1108 726 1134 752 in
1150 726 1281 755 Greciam
1299 734 1325 756 et
1343 729 1530 758 Macedoniam
1544 732 1620 760 misit
1643 735 1748 768 copias,
1762 739 1792 762 ut

1003 771 1152 799 Antonium
1171 773 1212 800 vel
1230 774 1345 801 invitum
1372 775 1437 802 illuc
1462 777 1644 812 pertraheret.
1671 779 1792 816 Agrippa

1002 816 1094 844 subito
1114 825 1225 845 accessu
1238 818 1364 848 Leucade
1381 825 1408 848 et
1421 822 1537 850 navibus
1563 823 1637 852 illius
1652 825 1705 852 loci
1722 827 1794 860 poti-

1004 865 1049 889 tus
1061 867 1113 891 est.
1141 863 1237 891 Patras
1263 865 1347 899 cepit,
1372 865 1538 895 Corinthum
1563 869 1596 896 ad
1623 870 1791 899 deditionem

159 903 314 941 μικτὲγκῃ
329 905 376 932 καὶ
390 905 493 932 ἄκοντα
504 906 550 933 τὸν
560 907 715 934 Ἀντώνιον.
731 907 786 933 Καὶ
806 907 820 933 6
832 906 945 941 Ἀγρίπ-

1002 908 1145 942 compulit.
1163 909 1242 937 Titus
1265 910 1372 939 Marcus
1395 917 1423 940 et
1438 913 1545 943 Taurus
1559 915 1693 950 Statilius,
1713 919 1791 952 equi-

159 956 214 980 πις
223 948 276 984 τῆς
290 956 320 976 τι
330 950 466 983 Λευκάδος
480 952 528 978 καὶ
541 952 596 978 τῶν
611 953 641 979 ἑν
664 952 751 989 ταύτῃ
774 953 887 986 σκαφῶν
905 953 947 979 αξ-

158 995 270 1028 φνιδίως
281 995 451 1029 ὶπιπλεὺσας
465 997 613 1033 ἐκράτησε,
633 999 680 1025 καὶ
695 999 806 1033 Πάτρας
828 996 885 1025 εἷλε
902 999 950 1026 καὶ

156 1040 208 1072 τὴν
224 1041 355 1076 Κόρινθον
372 1044 573 1078 παρεστῄσατο.
591 1044 646 1071 Καὶ
662 1045 677 1069 6
697 1044 780 1076 τῖτος
797 1045 810 1072 6
825 1045 948 1080 Mdpxo:,

157 1085 265 1121 Ταῦρος
295 1096 324 1113 τε
340 1088 354 1114 6
368 1088 507 1119 Στατίλιος
535 1089 567 1116 τὸ
591 1090 704 1116 [mttbe
726 1090 773 1116 τοῦ
806 1090 949 1117 ’Δντωνίου

156 1131 256 1166 ἁθρόον
275 1133 459 1168 ἐκδραμόντες
476 1134 616 1170 συνέσχον,
633 1137 680 1162 καὶ
691 1136 856 1170 Φιλάδελφον
871 1136 950 1171 βασι-

157 1178 207 1204 λέα
222 1179 415 1214 Παφλαγονίας
429 1182 674 1216 προσιποιήσαντο.
693 1182 749 1209 K-al.
761 1183 775 1209 6
789 1182 915 1217 Δομίτιος
933 1182 948 1208 6

157 1224 253 1256 Γναῖος
263 1227 309 1252 καὶ
324 1226 401 1253 ἄλλοι
412 1226 451 1261 τῷ
473 1227 593 1262 Καίσαρι
608 1227 836 1263 προσεχώρησαν.
861 1227 949 1262 Φοϐηυ

158 1270 216 1302 οεὶς
229 1271 278 1298 οὖν
292 1273 305 1298 6
321 1272 477 1306 Ἀντώνιος,
495 1274 532 1310 μὴ
559 1274 615 1301 ὅσοι
643 1275 672 1306 ἐς
699 1275 750 1310 τὴν
778 1274 949 1302 Μακεδονίαν

159 1317 208 1343 καὶ
218 1317 384 1353 τὴνθρᾴκην
400 1319 580 1354 ἐπέμφθησαν
592 1320 658 1354 παρ’
672 1319 767 1354 αὑτοῦ,
781 1320 819 1355 τῷ
829 1320 948 1355 Καίσαρι

159 1363 343 1399 πρόσοωνται,
356 1365 470 1401 ὥρμησε
488 1366 556 1401 πρὸς
572 1365 688 1397 αὐτούς.
713 1366 772 1392 Κάν
783 1365 872 1402 τούτῳ
886 1374 950 1392 ναυ-

158 1409 246 1445 μαχία
260 1419 302 1442 τις
318 1411 446 1445 συνέστη,
469 1412 518 1438 καὶ
542 1412 618 1446 παρὰ
633 1412 682 1446 μὶν
697 1413 730 1448 τῇ
750 1411 847 1446 πρώτῃ
865 1420 950 1446 προσι

157 1454 223 1492 ϐολῇ
243 1456 393 1492 ἐτρέψαντο
414 1458 438 1484 οί
460 1457 506 1484 τοῦ
540 1458 685 1484 Ἀντωνίου
719 1459 782 1490 τοὺς
807 1458 948 1492 Καίσαρος

154 1500 267 1536 “huc
297 1502 389 1533 ὄντας.
418 1502 471 1529 Τοῦ
501 1503 530 1530 δὲ
552 1503 718 1540 Ἀγρίππου,
743 1500 765 1538 ᾧ
783 1505 837 1530 πᾶν
857 1504 948 1531 ἀνεττο

157 1547 250 1576 ιδςῶ
265 1548 404 1584 Καίσαρος
421 1550 557 1583 ναυτικὸν,
579 1550 650 1577 κατὰ
662 1552 748 1586 τύχην
760 1551 947 1586 ιπιδημήσαν-

155 1598 212 1624 τος,
223 1592 254 1620 οὐ
267 1594 347 1628 μόνον
358 1594 434 1621 οὑδιν
447 1595 496 1630 τῆς
506 1596 586 1631 νίκης
599 1597 623 1622 οι
637 1596 684 1623 τοῦ
705 1597 850 1624 Ἀντωνίου
866 1597 945 1624 ἀπώ-

156 1635 247 1672 νὶιντο,
261 1640 327 1667 ἀλλὰ
346 1641 393 1667 καὶ
404 1641 553 1669 ἀπώλοντο.
573 1642 628 1670 Καὶ
639 1642 682 1670 διὰ
697 1643 776 1670 τοῦτο
789 1644 946 1671 ἐπανελθὼν

156 1683 171 1709 6
190 1683 333 1716 ’Δντώνιος
350 1685 508 1722 ἱππομαχία
523 1688 578 1714 τινὶ
588 1689 658 1724 πρὸς
675 1689 725 1724 τὴν
740 1689 788 1716 τοῦ
804 1690 946 1725 Καίσαρος

156 1728 334 1764 προφυλακὴν
347 1730 465 1765 ἡττήθη.
480 1731 536 1757 Καὶ
553 1731 615 1757 ἐπεὶ
635 1732 669 1758 τὰ
694 1732 839 1767 ἐπιτήδεια
863 1733 945 1759 αὐτὸν

154 1774 275 1808 ἡρξαντο
286 1775 448 1807 ἐπιλείπειν,
462 1776 562 1813 βουλὴν
573 1778 726 1813 ἐποιήσατο
744 1778 859 1813 πότερον
872 1777 945 1804 κατὰ

153 1819 247 1856 χώραν
266 1821 410 1855 μείναντες
424 1822 702 1857 διακινδυνεύσουσιν,
725 1823 741 1858 ἢ
761 1825 945 1858 μεταστάντες

154 1869 242 1902 χρόνῳ
254 1867 302 1895 τον
322 1869 440 1904 πόλεμον
452 1869 623 1904 διενέγκωσι.
642 1871 698 1897 Καὶ
711 1870 789 1897 ἄλλοι
808 1871 858 1906 μὲν
875 1870 943 1898 ἄλλα

154 1913 379 1947 συνεϐούλευσαν,
405 1916 422 1951 ἠ
439 1915 468 1942 δέ
491 1924 523 1950 γε
545 1916 720 1952 Κλεοπάτρα,
737 1916 772 1943 τὰ
799 1916 944 1951 ἐπικαιρό-

151 1968 221 1988 τατα
239 1960 296 1987 τῶν
311 1960 418 1996 χωρίων
433 1963 566 1996 φρουραῖς
602 1962 801 1998 παραδοθῆναι,
818 1963 865 1989 καὶ
881 1963 944 1994 τοὺς

151 2005 263 2037 λοιποὺς
278 2007 432 2041 συναπᾶραι
446 2007 539 2039 αὐτοῖς
553 2008 593 2039 si;
608 2008 660 2042 τὴν
672 2009 811 2042 Αιγυπτον
825 2007 943 2042 συμϐου-

151 2052 286 2085 λεύσασα,
300 2053 422 2088 ἐνίκησε.
450 2053 497 2086 Εἰς
513 2053 542 2080 δὲ
556 2054 659 2089 ταύτην
674 2051 740 2087 ἦλθε
754 2054 804 2088 τὴν
830 2053 943 2089 γνώμην

151 2099 206 2126 ὑπὸ
221 2099 345 2134 σημείων
370 2099 564 2135 Θορυϐηθεῖσα,
577 2099 624 2126 καὶ
638 2100 671 2127 ἐκ
686 2099 736 2134 τῆς
750 2099 797 2126 τοῦ
812 2099 943 2134 στρατεύ-

151 2155 236 2180 ματος
248 2146 369 2181 ἀθυμίας
391 2147 439 2173 καὶ
454 2146 611 2182 ἀρρωστίας
623 2146 745 2179 δείσασα,
757 2147 803 2173 καὶ
816 2145 862 2172 τὸν
883 2145 943 2172 ‘Av-

151 2192 246 2219 τώνιον
272 2192 449 2227 ἐξεφόϐησεν.
472 2193 510 2219 οὐ
541 2192 634 2227 μέντοι
662 2192 762 2227 λάθρα,
796 2191 857 2218 οὺδὶ
887 2192 941 2227 μὴν

961 1573 981 1602 C

1002 955 1088 979 tatutn
1101 954 1214 981 Antonii
1239 956 1330 984 subita
1345 959 1510 987 excursione
1529 968 1671 996 ceperunt,
1688 969 1716 990 et
1728 964 1790 991 Phi-

1001 998 1158 1033 ladelphum
1177 1000 1367 1037 Paphlagonia
1387 1011 1479 1038 regem
1503 1006 1529 1033 in
1546 1014 1609 1034 suas
1627 1012 1718 1042 partes
1735 1013 1790 1036 tra-

1000 1044 1148 1072 duxerunt.
1165 1045 1215 1073 Cn.
1233 1048 1297 1075 item
1313 1049 1447 1078 Domitius
1463 1056 1490 1078 et
1505 1051 1550 1078 alii
1563 1052 1596 1079 ad
1613 1052 1748 1081 Caesarem
1760 1063 1790 1082 sa

999 1092 1187 1119 contulerunt.
1214 1094 1325 1122 Veritus
1349 1095 1433 1130 igitur
1457 1097 1604 1131 Antonius,
1633 1107 1668 1127 ne
1686 1100 1703 1127 ii
1719 1108 1789 1135 quos

1000 1136 1029 1163 in
1052 1137 1238 1166 Macedoniam
1261 1145 1288 1167 et
1311 1141 1457 1169 Thraciam
1479 1143 1609 1175 misisset,
1629 1144 1700 1171 idem
1714 1145 1789 1173 face-

999 1187 1072 1216 rent,
1085 1184 1119 1212 ad
1134 1192 1183 1213 eos
1195 1187 1364 1221 properavit.
1380 1188 1489 1216 interea
1508 1190 1655 1218 conﬂictus
1675 1191 1788 1226 quidam

1000 1231 1067 1258 mari
1092 1232 1180 1260 factus
1198 1238 1262 1260 est:
1286 1238 1314 1260 et
1329 1234 1490 1268 Cmsariani,
1515 1237 1596 1271 pauci
1613 1245 1738 1269 numero,
1754 1238 1789 1265 ab

998 1275 1164 1304 Antonianis
1187 1278 1324 1313 principio
1345 1280 1426 1313 pulsi.
1453 1280 1505 1308 Sed
1533 1281 1649 1309 fortuito
1663 1283 1789 1317 Agrippae

999 1327 1179 1356 superventu.
1197 1323 1243 1358 qui
1256 1325 1304 1351 toti
1319 1324 1480 1354 Caesarianae
1493 1327 1572 1355 classi
1591 1333 1718 1363 praerat.
1751 1328 1790 1355 fa-

999 1371 1073 1394 ctum
1081 1372 1134 1400 est,
1146 1373 1176 1395 ut
1191 1369 1229 1396 illi
1245 1377 1298 1397 non
1315 1370 1396 1398 modo
1412 1372 1519 1399 nullum
1536 1373 1656 1401 victoriae
1669 1374 1788 1402 fructum

998 1419 1140 1448 caperent,
1152 1415 1199 1442 sed
1212 1415 1295 1442 etiam
1311 1416 1468 1445 interirent.
1483 1419 1541 1451 Qua
1556 1418 1590 1446 de
1600 1426 1683 1446 causa
1695 1427 1789 1447 rever-

998 1467 1045 1487 sus
1060 1459 1206 1494 Antonius,
1221 1462 1341 1496 equestri
1364 1463 1515 1491 certamine
1535 1472 1598 1491 cum
1618 1465 1716 1500 primis
1727 1464 1789 1492 Cae-

998 1508 1067 1534 saris
1080 1508 1204 1536 excubiis
1216 1517 1390 1545 congressus,
1405 1511 1562 1538 succubuit.
1583 1511 1616 1538 Et
1634 1514 1699 1547 quia
1710 1519 1788 1539 com-

999 1558 1104 1581 meatus
1126 1555 1242 1588 penuria
1272 1555 1398 1584 laborare
1424 1556 1582 1592 incipiebat,
1605 1557 1722 1585 concilio
1744 1558 1787 1585 in-

997 1601 1081 1628 ducto
1103 1601 1276 1634 deliberavit.
1306 1611 1340 1630 an
1368 1603 1547 1637 manendum,
1574 1608 1602 1631 et
1618 1604 1712 1631 martis
1727 1603 1786 1631 alea

996 1647 1197 1680 periclitanda:
1224 1656 1258 1675 an
1284 1655 1351 1675 vero
1373 1648 1428 1676 alio
1453 1649 1624 1683 abeundum,
1638 1654 1666 1676 et
1681 1650 1784 1677 bellum

997 1691 1152 1720 ducendum
1167 1698 1250 1721 esset.
1276 1694 1346 1722 Aliis
1360 1694 1435 1721 aliud
1461 1695 1648 1727 censentibus,
1667 1695 1784 1730 Cleopa-

996 1742 1044 1764 tnc
1064 1739 1200 1767 sententia
1222 1739 1298 1772 vicit,
1317 1744 1347 1768 ut
1371 1740 1614 1775 opportunissimis
1627 1741 1695 1768 locis
1712 1749 1784 1776 prae-

996 1783 1064 1811 sidia
1082 1785 1301 1819 imponerentur,
1315 1787 1407 1814 caeteri
1421 1794 1515 1814 secum
1532 1787 1558 1814 in
1573 1786 1719 1822 .‘Egyptum
1733 1795 1786 1814 na-

995 1829 1131 1864 vigarent.
1146 1831 1175 1857 ld
1189 1836 1280 1858 autem
1299 1832 1407 1860 consilii
1425 1833 1508 1868 cepit,
1527 1837 1584 1860 tum
1599 1833 1673 1868 quod
1690 1833 1785 1868 prodi-

994 1875 1046 1910 giis
1060 1876 1225 1910 quibusdam
1242 1878 1408 1910 terrebatur,
1421 1883 1478 1906 tum
1492 1879 1555 1914 quia
1581 1879 1719 1907 exercitus
1732 1879 1783 1907 de-

995 1921 1183 1956 sperationem
1199 1927 1227 1950 et
1243 1924 1369 1951 morbum
1385 1925 1497 1952 timebat
1511 1934 1517 1951 :
1536 1925 1657 1952 Antonio
1673 1933 1783 1960 quoque

996 1971 1130 1996 terrorem
1156 1969 1282 1996 incussit.
1310 1969 1363 1997 Sed
1379 1970 1443 2004 quia
1468 1978 1558 2005 neque
1582 1971 1663 2001 clam.
1693 1979 1783 2006 neque

994 2013 1077 2040 etiam
1094 2017 1189 2048 aperte
1202 2018 1332 2049 tanquam
1349 2015 1486 2050 fugientes
1500 2015 1576 2043 abire
1590 2016 1730 2048 volebant,
1749 2024 1782 2044 ne

993 2058 1079 2086 sociis
1096 2063 1230 2088 terrorem
1255 2061 1423 2094 incuterent,
1448 2062 1497 2089 sed
1527 2066 1657 2096 tanquam
1680 2063 1712 2089 ad
1730 2070 1781 2097 pu-

993 2112 1074 2140 gnam
1103 2106 1191 2140 parati
1218 2107 1336 2134 navibus
1364 2108 1477 2142 optimis
1500 2108 1631 2140 delectis,
1660 2113 1689 2136 et
1717 2109 1781 2142 quia

993 2151 1092 2179 morbo
1108 2156 1136 2180 et
1153 2153 1310 2188 transfugiis
1320 2154 1455 2189 remigum
1472 2154 1635 2182 imminutus
1651 2159 1711 2181 erat
1727 2163 1780 2182 nu-

994 2206 1098 2231 merus,
1125 2198 1240 2233 reliquis
1266 2200 1405 2232 crematis,
1432 2204 1459 2227 et
1474 2205 1556 2228 noctu
1573 2200 1782 2235 pretiosissimis

154 2239 279 2274 φανερῶς
291 2239 442 2265 ἐκπλεῦσαι
458 2239 495 2270 ὡς
512 2238 659 2273 φεύγοντες
678 2237 885 2270 ιϐουλεύσαντο,
896 2237 940 2264 ἵνα

996 2244 1151 2280 quibusque
1179 2245 1263 2273 rebus
1285 2245 1354 2272 clam
1381 2245 1476 2278 illatis,
1503 2247 1535 2274 ad
1556 2247 1738 2281 navigandum
1751 2254 1781 2274 se

153 2286 190 2320 μὴ
203 2287 246 2318 είς
272 2285 332 2318 δέος
357 2286 422 2317 τοὺς
446 2285 609 2320 συμμάχους
630 2283 807 2320 ἐμϐάλωσιν·
825 2283 883 2310 ἀλλ’
902 2283 940 2314 ὡς

149 2333 195 2359 ἐπὶ
221 2331 378 2366 ναυμαχίαν
409 2331 694 2367 παρασκευαζόμενοι,
725 2329 873 2357 κάντεῦθεν
906 2329 940 2356 τὰ

148 2379 247 2414 ἄριστα
262 2378 316 2405 τῶν
328 2378 440 2412 σκαφῶν
450 2377 636 2412 ἐκλεξάμενοι,
650 2377 690 2403 ὅτι
713 2376 745 2403 ἐκ
770 2376 820 2411 τῆς
837 2375 940 2410 φθορᾶς

148 2434 177 2452 τε
194 2427 242 2453 καὶ
257 2426 307 2461 τῆς
318 2425 484 2460 αὐτομολίας
505 2425 530 2451 oi
553 2424 648 2459 ἐρέται
664 2422 832 2457 ἡλάττωντο,
856 2421 936 2448 κατέ-

151 2480 265 2507 πρησαν
278 2471 312 2497 τὰ
324 2471 416 2502 λοιπὰ,
432 2471 479 2497 καὶ
498 2469 607 2505 νύκτωρ
627 2469 717 2496 πάντα
732 2469 767 2495 τὰ
783 2467 940 2503 τιμιώτατα

147 2519 287 2554 λαθραίως
307 2518 475 2552 ἐμϐαλόντες
507 2518 610 2549 αὐτοῖς,
639 2516 739 2550 ἕτοιμα
767 2516 806 2546 είς
823 2514 940 2541 ἔκπλουν

146 2565 294 2600 ἐποίησαν.
308 2564 362 2591 Καὶ
377 2564 440 2595 τοὺς
463 2562 633 2598 στρατιώτας
659 2561 852 2597 παρεθάρρυνε
871 2560 939 2596 πρὸς

145 2612 196 2646 τὴν
209 2610 378 2646 ναυμαχίαν,
394 2609 549 2645 διαλεχθεὶς
568 2609 658 2640 αὐτοῖς
677 2608 692 2635 6
712 2607 867 2639 Ἀντώνιος.
884 2608 940 2634 Καὶ

145 2655 233 2687 οὕτως
249 2655 355 2685 πάντας
370 2655 420 2689 μὲν
430 2655 494 2686 τοὺς
507 2654 633 2689 πρώτους
648 2654 702 2680 τῶν
718 2653 852 2680 συνόντων
864 2652 939 2688 αὐτῷ

145 2701 184 2732 εἰς
197 2700 248 2732 τὰς
261 2700 328 2732 ναῦς
340 2699 509 2731 ἐνεϐίϐασεν,
523 2699 566 2726 ἶνα
581 2700 617 2734 μή
630 2708 655 2726 τι
670 2700 883 2735 νεωτερίσωσιν,
897 2699 936 2730 ὡς

144 2747 159 2774 6
177 2747 287 2779 Δέλλιος
300 2749 347 2774 καὶ
359 2747 434 2773 ἄλλοι
451 2747 522 2778 τινὲς
537 2746 775 2781 αὐτομολήσαντες
787 2754 795 2762 ο
806 2747 938 2780 παμπλη-

145 2793 201 2825 θεῖς
216 2793 246 2820 δὲ
261 2794 309 2820 καὶ
333 2792 446 2826 τοξότας
468 2794 516 2820 καὶ
542 2792 727 2827 σφενδονήτας
750 2792 797 2818 καὶ
822 2791 937 2824 ὁπλίτας

145 2838 298 2866 ινεϐίϐασε.
333 2839 463 2874 Τριήρεις
494 2838 545 2873 μὲν
571 2837 627 2874 γὰρ
644 2838 738 2872 ὀλίγας
756 2835 840 2872 εἶχεν,
864 2838 893 2864 αἱ
908 2837 937 2864 δὲ

145 2883 236 2922 λοιπαὶ
250 2885 397 2921 τετρήρεις
414 2884 459 2912 καὶ
474 2884 602 2920 δεκήρεις
619 2881 689 2920 ἦσαν
707 2883 792 2920 αὐτῷ.
825 2884 935 2920 Καῖσαρ

994 2287 1196 2316 instruxerunt.
1221 2289 1358 2317 Antonius
1381 2290 1483 2318 milites
1508 2299 1558 2325 pro
1588 2292 1720 2319 concione
1745 2291 1780 2319 ad

992 2342 1111 2369 pugnam
1127 2335 1262 2368 incitavit,
1280 2339 1360 2370 atque
1383 2335 1419 2363 ita
1437 2336 1572 2371 primores
1588 2345 1684 2365 omnes
1698 2338 1779 2365 fami-

991 2381 1102 2409 liarium
1121 2389 1236 2409 suorum
1260 2382 1287 2408 in
1313 2389 1398 2410 naves
1414 2383 1555 2418 imposuit,
1572 2391 1608 2411 ne
1627 2384 1694 2418 quid
1713 2385 1778 2411 novi

991 2427 1174 2454 molirentur:
1196 2431 1227 2454 ut
1248 2427 1352 2455 Dellius
1368 2433 1395 2455 et
1419 2428 1465 2456 alii
1482 2429 1629 2464 transfugae
1645 2429 1777 2457 fecerant.

990 2472 1077 2506 Quam
1093 2473 1228 2507 plurimos
1241 2473 1323 2501 etiam
1341 2473 1505 2507 funditores,
1521 2475 1679 2510 sagittarios
1694 2479 1722 2502 et
1733 2483 1778 2502 ar-

991 2522 1079 2545 matos
1102 2517 1244 2552 imposuit.
1271 2517 1412 2545 Triremes
1425 2518 1506 2553 526
1519 2519 1592 2546 enim
1610 2527 1711 2554 paucas
1727 2519 1776 2546 ba-

990 2562 1083 2594 bebat,
1111 2567 1217 2590 caetera
1243 2563 1434 2598 quadriremes
1455 2567 1483 2590 et
1511 2563 1662 2591 decircmes
1686 2569 1776 2591 erant.

989 2606 1080 2635 Caesar
1092 2613 1188 2634 eorum
1207 2607 1390 2636 instructioue
1404 2608 1471 2639 visa.
1486 2614 1582 2635 contra
1598 2616 1627 2636 se
1643 2609 1776 2643 parabat:

989 2652 1037 2680 sed
1052 2660 1147 2680 eorum
1163 2653 1280 2680 consilio
1296 2658 1350 2681 tum
1367 2662 1400 2681 ex
1416 2654 1488 2688 aliis,
1505 2658 1562 2681 tum
1578 2661 1610 2681 ex
1625 2653 1711 2681 Bellio
1729 2661 1777 2680 co-

988 2699 1075 2734 gnito,
1093 2699 1245 2726 exercitum
1272 2700 1454 2727 convocavit:
1483 2708 1564 2735 quem
1592 2700 1656 2727 dum
1672 2699 1705 2726 ad
1725 2707 1776 2734 pu-

988 2752 1069 2780 gnam
1086 2745 1258 2775 cohortatur,
1277 2745 1380 2780 ingenti
1396 2745 1477 2772 imbri
1494 2751 1522 2773 οι
1537 2745 1646 2773 turbine
1662 2745 1689 2772 in
1705 2745 1776 2773 clas—

986 2799 1045 2820 aem
1069 2791 1181 2819 Antonii
1213 2792 1299 2823 illato,
1318 2797 1457 2826 resumpta
1473 2792 1585 2822 ﬁducia.
1603 2800 1700 2820 eorum
1717 2791 1776 2819 abi-

988 2842 1046 2866 tum
1073 2836 1236 2865 observavit.
1265 2836 1389 2871 Cumque
1413 2837 1560 2864 Antoniani
1583 2837 1610 2864 in
1630 2837 1774 2872 procinctu

988 2887 1104 2918 starent,
1125 2891 1176 2912 nec
1199 2887 1288 2911 tamen
1311 2882 1466 2918 prodirent,
1493 2882 1520 2910 in
1546 2882 1640 2911 animo
1664 2882 1773 2915 habuit,
