2050 3154
263 158 319 189 895
900 156 1062 188 JOANNIS
1082 156 1242 187 ZONABA!
1834 154 1891 184 896

263 219 415 252 damnavit.
429 220 503 254 quod
521 219 559 246 illi
573 225 651 253 aqua
669 221 697 245 et
706 217 778 252 justa
797 216 960 252 postulanti,
973 224 1048 245 arro-

1101 216 1199 252 αὒτήν,
1222 215 1373 250 παρεκάλει
1397 215 1562 250 κομισθῆναι
1585 214 1654 245 ἐκεῖ,
1675 211 1723 239 καὶ
1743 210 1889 262 unicae};

263 272 362 300 (taliter
374 271 402 293 et
420 265 539 301 superbe
553 271 715 299 responsum
731 267 868 299 negasset.

1101 263 1207 298 σειραῖς
1223 262 1269 288 καὶ
1281 260 1424 293 καλωδίοις
1439 261 1580 287 άνείλκετο
1594 259 1660 294 παρ’
1674 258 1760 293 αὐτῆς
1770 258 1818 284 καὶ
1830 258 1890 283 τῶν

264 312 464 347 θεραπαινίδων
491 311 603 345 ἀμφοῖν.
626 309 767 345 Δεξαμένη
790 309 820 336 δὲ
843 309 926 337 αὐτὸν
951 309 1050 345 αῖματι
1067 309 1246 344 πεφυρμένον
1276 307 1326 334 καὶ
1353 305 1584 338 δυσθανατοῦντα,
1600 304 1665 336 τοὺς
1689 303 1810 334 πέπλους
1835 310 1890 328 πε-

265 359 428 395 ριερρήξατο
442 359 487 385 ἐπ’
506 358 592 393 αὐτῷ,
609 359 657 385 καὶ
683 358 719 385 τὰ
736 357 835 393 στέρνα
854 357 970 385 ἔτυπτε·
1001 357 1048 385 καὶ
1067 357 1277 392 κατεσπάραττε
1310 357 1369 387 ταῖς
1400 356 1504 390 χερσιν.
1527 355 1558 380 '0
1571 354 1600 381 δὲ
1611 352 1682 380 οἶνον
1699 353 1773 378 πιεῖν
1789 351 1891 387 ᾔτησε,

262 409 310 433 καὶ
327 406 397 433 πιὼν
407 406 455 434 καί
471 415 533 434 τινα
547 406 684 443 ὁμιλήσας
699 408 732 442 τῇ
766 406 931 442 Κλεοπάτρᾳ
949 405 1068 439 ἐξέλιπε.
1087 405 1194 441 Καῖσαρ
1223 404 1251 431 δὶ
1267 403 1447 439 ἀγγελθέντος
1462 402 1536 437 αὐτῷ
1560 401 1607 429 τοῦ
1625 401 1742 428 Θανάτου
1764 399 1810 426 τοῦ
1826 398 1892 425 ’Δν-

261 454 369 487 τωνίου,
387 454 580 491 ἀπεδάκρυσε,
597 456 708 488 καὶτὰς
721 455 865 488 ἐπιστολὰς
883 455 990 482 ἐκείνου
1008 455 1067 486 τοῖς
1084 454 1172 489 φίλοις
1198 452 1395 487 ἀναγινώσκων
1418 451 1622 485 κατεγίνωσκεν
1647 449 1757 481 ἑαυτοῦ,
1773 449 1811 480 ὡς
1845 448 1892 474 εὖ-

261 502 391 536 γνώμονα
415 503 555 535 αἰτοῦντος
584 504 690 531 ἐκείνου
721 505 770 532 καὶ
794 504 897 538 δίκαια,
919 502 1003 531 αὐτοῦ
1037 502 1066 530 δδ
1087 501 1226 539 φορτικῶς
1239 502 1287 529 καὶ
1316 500 1500 536 ὑπερηφάνως
1517 499 1644 535 «pana;
1658 498 1819 534 ἀποκρίσεις
1830 497 1894 524 δια.-

262 555 292 574 κε
297 558 304 574 ι
309 549 401 583 μένου.

297 595 393 624 XXXI.
409 596 582 625 Proculeium
600 602 692 625 autem
703 597 737 626 ad
751 597 925 633 Cleopatram
937 597 1048 633 capien-

1140 596 1204 624 ΔΝ.
1221 594 1269 627 El;
1283 594 1311 621 δὲ
1337 594 1389 630 τὴν
1405 593 1586 628 Κλεοπάτραν
1610 591 1717 627 ἔπεμψε
1746 590 1792 617 τῦν
1819 591 1895 625 [lpo-

262 640 337 673 dam,
361 646 390 670 et
416 641 444 669 in
465 642 520 670 vita
542 642 713 670 retinendam
735 643 918 678 misit:quod
944 650 1048 679 magna

1103 642 1208 678 κλήῖον,
1226 641 1318 676 ζώσης
1339 639 1425 675 αὐτῆς
1450 639 1588 676 κρατῆσαι
1602 637 1699 670 θέλων,
1733 637 1805 672 μέγα
1823 637 1895 673 πρὸς

263 687 316 713 sibi
333 687 425 722 gloriae
444 687 504 715 fore
521 688 644 722 putabat,
667 688 690 716 si
714 696 775 716 eam
798 689 825 716 in
841 689 982 724 triumpho
996 689 1048 716 du-

1098 688 1179 721 δόξαν
1195 687 1348 723 ἡγούμενος
1363 687 1508 721 διαγαγεῖν
1524 685 1611 720 αὐτὴν
1625 685 1666 715 είς
1678 684 1724 711 τὸν
1743 683 1893 719 θρίαμόον.

263 736 347 760 ceret.
366 732 412 760 Illa
432 740 497 760 vero
513 732 586 760 intra
609 733 683 760 fores
703 733 813 761 fortiter
833 734 941 762 clausas
963 740 1048 767 stans,

1104 734 1137 761 Ἦ
1151 734 1180 761 δι
1203 734 1279 765 ὲντδς
1311 733 1403 769 θυρῶν
1428 731 1632 767 κεκλεισμένων
1661 730 1780 766 ίσχυρῶς
1806 731 1895 757 στᾶσα

263 788 325 807 cum
346 788 380 808 eo
400 781 535 808 collocuta
552 785 604 808 est.
621 781 712 809 επιστ
729 782 841 817 cognito
860 782 921 810 loco
946 782 973 809 in
996 789 1048 817 quo

1098 779 1223 814 διελέχθη
1249 778 1335 814 αὐτῷ.
1354 779 1397 810 Ὧς
1413 778 1443 804 δὲ
1458 775 1627 812 καταμαθὼν
1643 775 1689 802 τὸν
1706 775 1789 802 τόπον
1801 775 1890 810 ἀπήγ-

262 832 347 858 esset,
362 827 471 855 Gallum
484 828 559 856 misit
571 829 617 864 qui
632 836 694 856 cum
713 837 744 857 ea
759 833 862 865 ageret.
883 829 943 863 Quo
959 829 992 857 de
1007 829 1050 856 in-

262 873 368 900 dustria
386 881 542 902 sermonem
558 875 592 902 ad
605 875 687 911 529
699 875 774 903 fores
789 876 914 904 trahente
925 897 932 909 ,
949 876 1051 905 Procu—

262 918 333 946 lrius
358 927 421 947 cum
448 916 555 948 duobus
574 921 708 949 ministris
736 923 809 950 scala
835 930 883 957 per
900 923 1047 951 fenestram

262 965 332 992 clam
357 965 475 993 scandit.
497 963 566 993 Cum
595 974 661 994 vero
685 962 771 994 altera
798 975 831 994 ex
854 976 908 995 una
936 968 1050 996 inclusis

262 1010 425 1038 mulieribus
438 1011 633 1039 exclamasset:
646 1012 744 1040 Misera
758 1012 913 1048 Cleopatra,
928 1015 987 1041 uiua
1006 1022 1051 1041 ca-

262 1057 342 1090 peris.
371 1057 490 1092 pugione
510 1065 565 1092 quo
581 1058 705 1085 accincta
722 1064 796 1091 erat,
815 1067 844 1086 se
866 1059 948 1087 ferire
968 1059 1050 1088 insti~

263 1102 326 1129 tuit.
353 1102 408 1130 Sed
437 1103 598 1132 Proculeius
627 1105 755 1132 celeriter
779 1106 909 1137 accurrit,
933 1113 1050 1141 eamque

262 1148 401 1176 continuit
420 1158 428 1176 :
442 1155 595 1185 ereptoque
622 1151 750 1186 pugione,
765 1151 908 1186 inquisivit
923 1160 957 1180 ne
975 1152 1049 1187 quod

263 1201 398 1221 venenum
424 1195 586 1223 oceuitaret.
613 1196 704 1224 Caesar
734 1197 924 1232 Epaphrodito
949 1197 1049 1225 liberto

262 1239 400 1267 mandavit
418 1245 448 1267 ut
477 1249 537 1268 eam
553 1241 628 1268 omni
646 1242 789 1277 diligentia
805 1243 942 1270 viventem
959 1250 1049 1270 asser-

262 1290 350 1315 varet.
366 1291 448 1321 atque
469 1287 527 1322 ipse
544 1288 639 1314 urbem
660 1288 801 1322 ingressus
821 1292 874 1316 est.
897 1289 1017 1316 Antonio
1033 1296 1049 1316 ι

261 1330 406 1366 Cleopatra
429 1333 574 1368 magniﬁco
598 1338 626 1361 et
647 1334 723 1369 regio
744 1339 875 1369 apparatu
902 1335 1050 1369 tumulato,

261 1384 324 1403 cum
340 1377 417 1404 febre
431 1377 571 1405 laboraret
589 1378 662 1413 (nam
677 1385 775 1413 pectus
786 1379 846 1414 ejus
858 1379 1048 1406 exulceratum

261 1425 360 1450 eratet
375 1422 584 1458 inﬂammatum)
594 1423 684 1451 inedia
701 1424 753 1451 sibi
768 1432 863 1452 necem
879 1424 1050 1452 consciscere

262 1467 392 1495 instituit.
405 1468 465 1501 Quo
476 1469 568 1496 (ἱκεσι-
579 1470 782 1502 animadverso,
800 1470 883 1497 minis
898 1474 926 1497 et
944 1475 1049 1497 terrore

262 1512 297 1539 de
311 1512 407 1540 liberis
430 1514 543 1549 injecto.
570 1521 631 1542 eam
661 1515 747 1542 veluti
776 1514 913 1541 machinis
930 1513 1049 1540 admotis

261 1559 439 1594 expugnavit,
464 1564 495 1587 ut
517 1560 609 1587 cibum
632 1565 661 1587 et
684 1560 856 1587 curationem
879 1559 1048 1592 admitteret,
1064 1573 1085 1602 ο

262 1611 294 1630 ac
309 1604 390 1637 paulo
406 1609 467 1638 post
480 1605 537 1639 ipse
554 1605 587 1632 ad
604 1613 665 1633 eam
684 1605 877 1640 alloquendam
892 1605 979 1633 venit.
999 1605 1049 1633 Illa

262 1657 328 1676 vero
348 1650 376 1676 in
397 1650 473 1677 tenui
499 1651 622 1686 stragulo
639 1652 726 1679 instar
742 1652 914 1686 paupercula:
936 1651 1050 1679 decum-

263 1694 341 1726 bens,
359 1695 461 1723 exsiliit
473 1705 479 1723 :
489 1701 518 1724 et
533 1703 595 1723 eum
607 1697 640 1724 ad
653 1699 712 1732 cjus
723 1705 812 1733 genua
830 1698 986 1732 provoluta.
1003 1705 1049 1725 re-

263 1740 394 1768 cumbere
411 1741 489 1776 jussa
510 1746 593 1773 esset.
615 1750 677 1769 eum
694 1750 761 1770 voce
781 1742 898 1770 tremula
919 1747 947 1770 et
962 1742 1050 1770 oculis

264 1785 328 1812 iictu
353 1786 486 1814 confectis
513 1787 681 1814 assidentem
707 1787 821 1823 perinde
844 1789 943 1821 oravit,
969 1795 1001 1815 ac
1026 1788 1048 1815 si

263 1832 327 1859 vitm
344 1832 521 1867 cupidissima
537 1838 619 1866 esset,
640 1839 780 1868 postremo
804 1835 929 1870 pecuniae
945 1834 1051 1864 descri-

263 1878 384 1912 ptionem
400 1879 426 1906 ei
441 1878 554 1906 obtulit.
573 1879 666 1906 Caesar
681 1887 741 1907 earn
755 1881 817 1908 vitae
837 1881 965 1914 cupidam
988 1884 1050 1911 esse

263 1929 349 1956 ratus.
362 1925 476 1959 ’gavisus
490 1929 533 1952 est
547 1935 553 1953 :
566 1933 598 1953 ac
619 1933 648 1953 se
661 1926 736 1953 omni
760 1934 808 1961 spe
828 1927 902 1954 illam
927 1928 1050 1963 splendi-

262 1969 326 1997 dius
338 1975 519 1998 tractaturum
536 1971 692 2005 pollicendo
707 1972 849 2007 decepisse
865 1978 974 2008 putans,
990 1975 1049 2010 ipse

263 2017 350 2052 magis
372 2023 416 2045 est
441 2018 583 2053 deceptus.
608 2017 676 2046 Cum
703 2019 776 2047 enim
804 2021 849 2047 illa
875 2022 1050 2056 cognovisset

262 2070 325 2089 eum
350 2067 423 2090 terra
449 2071 499 2098 per
521 2065 628 2100 Syriam
644 2065 758 2097 iturum,
784 2065 870 2101 ipsam
893 2074 959 2094 vero
987 2071 1049 2102 post

263 2108 385 2135 triduum
409 2109 525 2136 Romam
545 2110 695 2137 missurum
721 2120 728 2137 :
753 2112 853 2144 oravit,
876 2116 907 2139 ut
929 2111 1048 2140 Antonio

263 2159 409 2188 parentare
424 2156 532 2183 liceret.
549 2156 609 2190 Quo
624 2157 769 2191 permisso,
787 2158 821 2185 ad
838 2163 1047 2186 monumentum

262 2200 377 2234 perlata,
400 2208 499 2236 magno
521 2201 596 2229 luctu
617 2202 703 2234 edito,
726 2203 873 2238 iaculoque
895 2205 1005 2232 coronis
1021 2209 1049 2232 et

1099 825 1173 860 γειλε
1190 825 1322 860 Καίσαρι,
1339 824 1442 856 Γάλλος
1456 823 1507 858 μὲν
1523 821 1654 857 ἐπέμφθη
1679 821 1748 856 αὐτῇ
1766 821 1895 853 ἐντευξό-

1102 880 1194 907 μενος,
1210 871 1239 903 δς
1257 871 1380 905 ἐμήκυνε
1403 869 1473 905 πρὸς
1491 870 1553 900 ταῖς
1568 869 1666 903 Οὐραις
1676 868 1722 894 τδν
1737 867 1817 901 λόγον
1830 867 1895 893 ὲπὶ-

1066 904 1087 931 Β
1101 904 1191 953 τηδες,
1209 904 1362 952 Προκλήϊος
1385 915 1414 942 δὲ
1429 904 1433 905 7
1446 915 1562 951 κλίμακι
1587 913 1633 941 διὰ
1660 912 1769 949 θυρίδος
1783 913 1896 947 εἰσῆλθε

1101 963 1191 990 λαθὼν
1205 963 1274 997 μετὰ
1288 962 1343 989 δύω
1359 961 1516 997 ὑπηρετῶν.
1544 961 1601 996 Τῆς
1626 960 1655 987 δὲ
1672 960 1738 995 μιᾶς
1753 959 1809 986 τῶν
1823 959 1895 994 αὐτῇ

1103 1006 1364 1042 συγκαθειργμένων
1380 1005 1519 1040 γυναικῶν
1528 1004 1750 1040 ἀνακραγούσης,
1765 1003 1896 1031 Τάλων-α

1101 1054 1288 1087 Κλεοπάτρα,
1306 1051 1411 1088 ζωγρῇ,
1439 1051 1555 1087 ὥρμησε
1577 1052 1628 1086 μὲν
1655 1052 1757 1086 ἑαυτὴν
1773 1050 1896 1082 πατάξαι

1101 1100 1110 1135 (
1121 1099 1282 1135 παρέζωστο
1293 1099 1347 1134 γάρ
1359 1108 1385 1126 τι
1398 1098 1531 1133 ξιφίδιον)
1549 1097 1736 1132 προσδραμὼν
1748 1097 1776 1124 δὲ
1791 1097 1860 1132 αὐτῇ
1881 1098 1897 1124 6

1100 1147 1264 1182 Προκλήϊος,
1272 1146 1402 1179 συνέσχεν
1414 1145 1508 1180 αὐτὴν,
1519 1145 1567 1171 καὶ
1580 1143 1706 1178 ἀφείλετο
1717 1143 1748 1169 τδ
1766 1142 1896 1176 ξιφίδιον,

1101 1194 1145 1220 καῖ
1165 1194 1203 1229 μή
1220 1201 1245 1219 τι
1261 1192 1370 1228 κρύπτῃ
1383 1191 1530 1226 φάρμακον
1551 1190 1745 1226 ἑξηρεύνησεν.
1763 1189 1897 1224 Ἔ.τεμψε

1100 1240 1129 1267 δὲ
1160 1240 1269 1273 Καῖσαρ
1301 1238 1501 1273 Ἐπαφρόδιτον
1537 1236 1732 1271 ἀπελεύθερον,
1762 1235 1897 1267 κελεύσας

1102 1285 1194 1317 ζῶσαν
1211 1285 1305 1319 τηρεῖν
1317 1284 1387 1310 πάνυ
1401 1282 1629 1317 ἐπιμελούμενον,
1643 1281 1724 1312 αὐτὸς
1738 1281 1766 1308 δὲ
1783 1281 1897 1315 Καῖσαρ

1101 1331 1246 1367 εἰσήλασεν
1262 1330 1302 1362 είς
1312 1330 1363 1364 τὴν
1377 1329 1463 1356 πόλιν.
1483 1329 1537 1356 Καὶ
1548 1329 1562 1355 6
1582 1327 1727 1359 Ἀντώνιος
1744 1329 1821 1363 παρὰ
1841 1329 1896 1362 τῆς

1101 1376 1282 1411 Κλεοπάτρας
1299 1376 1387 1409 ἐτάφη
1413 1374 1568 1406 πολυτελῶς
1596 1374 1644 1402 καὶ
1661 1374 1818 1409 βασιλικῶς.
1838 1374 1896 1400 Πυ-

1103 1422 1190 1458 ρετῶν
1201 1422 1229 1449 δὲ
1245 1422 1315 1457 αὐτῇ
1328 1422 1484 1457 γενομένων
1502 1421 1512 1456 (
1523 1421 1679 1456 ὲφλέγμηνε
1690 1421 1745 1457 γὰρ
1761 1421 1848 1455 αὐτῆς
1860 1420 1895 1447 τὰ

1102 1468 1201 1504 στέρνα
1218 1467 1266 1495 καὶ
1289 1467 1413 1503 ἦλκωτο)
1425 1467 1530 1502 τροφῆς
1552 1466 1693 1501 ἀπείχετο,
1711 1466 1749 1499 ὡς
1765 1466 1895 1493 ἐντεῦθεν

1101 1514 1273 1550 λυθησομένη
1290 1513 1338 1540 τοῦ
1358 1513 1419 1548 ζῇν.
1438 1513 1471 1539 '0
1481 1512 1636 1547 ὑπονοήσας
1653 1512 1668 1538 ὸ
1685 1512 1795 1546 Καῖσαρ
1808 1512 1894 1538 ἀπει-

1100 1557 1151 1590 λὰς
1167 1558 1234 1592 αὐτῇ
1247 1557 1295 1584 καὶ
1313 1557 1413 1592 φόϐους
1429 1557 1494 1592 περὶ
1510 1557 1566 1583 τῶν
1581 1556 1685 1583 τέκνων
1707 1556 1892 1591 προσέϐαλεν,

1100 1601 1141 1635 οἷς
1166 1604 1257 1639 ἐκείνη
1287 1603 1414 1638 καθάπερ
1440 1603 1637 1638 μηχανήμασιν
1648 1603 1824 1637 ὑπερείπετο,
1843 1604 1894 1631 καὶ

1098 1649 1204 1684 τροφήν
1224 1658 1255 1675 τε
1283 1649 1331 1676 καὶ
1350 1648 1503 1684 θεραπείαν
1520 1649 1662 1684 προσίετο.
1683 1645 1756 1675 Ἧκε
1770 1649 1799 1676 δὲ
1830 1650 1894 1684 μετ’

1098 1694 1189 1729 ὀλίγον
1200 1695 1247 1721 καὶ
1261 1694 1276 1721 ὁ
1290 1695 1398 1731 Καῖσαρ
1407 1695 1474 1730 αὐτῇ
1490 1695 1694 1730 ἐντευξόμενος.
1706 1695 1740 1721 Ἦ
1753 1695 1794 1729 δὲ,
1807 1695 1894 1728 λιτῶς

1099 1741 1128 1767 ἑν
1143 1741 1248 1768 στιϐάδι
1259 1741 1448 1776 κατακειμένη
1461 1741 1557 1776 ὥσπερ
1571 1742 1732 1776 μονοχίτων,
1747 1742 1893 1778 ἀναπηδή-

1100 1795 1171 1814 σασα
1199 1787 1367 1823 προσπίπτει
1396 1787 1480 1823 αὒτῷ,
1508 1788 1664 1823 ὑπότρομος
1679 1790 1712 1824 τῇ
1741 1790 1828 1824 φωνῇ,
1845 1790 1892 1816 καὶ

1100 1835 1280 1869 συντετηκυῖα
1294 1835 1356 1865 ταῖς
1371 1833 1460 1869 ὂψεσι.
1477 1834 1664 1865 Κελεύσαντος
1676 1834 1704 1861 δὲ
1719 1834 1767 1861 τοῦ
1784 1835 1892 1862 Καίσα-

1100 1887 1147 1914 ρος
1158 1879 1339 1914 ἀνακλιθῆναι
1356 1880 1405 1907 καὶ
1417 1880 1501 1906 αὑτοῦ
1513 1881 1791 1916 παρακαθισαμένου,
1805 1882 1893 1909 ἐδεῖτο

1098 1924 1181 1950 αὑτοῦ
1197 1925 1235 1957 ὡς
1263 1926 1383 1959 μάλιστα
1411 1925 1458 1952 τοῦ
1473 1925 1523 1961 ζῇν
1548 1927 1747 1961 περιεχομένη·
1773 1926 1892 1958 τέλοςδὶ

1097 1969 1152 1996 τῶν
1166 1971 1317 2006 χρημάτων
1334 1971 1498 2006 ἀναγραφὴν
1513 1972 1589 2007 αὐτῷ
1616 1973 1793 2008 ἐνεχείρισεν.
1815 1973 1846 2000 '0
1860 1973 1892 2000 δὲ

1099 2015 1257 2051 φιλοψυχεῖν
1272 2016 1359 2051 αὐτὴν
1372 2016 1496 2049 οἰόμενος
1509 2016 1601 2051 ἥδετο,
1618 2017 1664 2043 καὶ
1677 2016 1765 2044 εἰπὼν
1778 2017 1821 2043 ὅτι
1839 2017 1893 2044 πά-

1099 2071 1150 2096 σης
1165 2062 1272 2093 ἐλπίδος
1285 2062 1354 2097 αὐτῇ
1368 2062 1558 2097 λαμπρότερον
1574 2062 1719 2098 χρήσεται,
1744 2064 1890 2097 ἠπατηκέ-

1098 2119 1142 2136 ναι
1168 2110 1218 2145 μὲν
1238 2110 1323 2145 αὐτὴν
1350 2110 1434 2146 ᾤετο·
1454 2110 1554 2144 μᾶλλον
1577 2110 1600 2137 δ’
1622 2111 1705 2142 αὐτὸς
1721 2111 1890 2146 ἐξηπάτητο.

1097 2156 1229 2184 Μαθοῦσα
1247 2157 1301 2191 γὰρ
1315 2157 1353 2188 ὡς
1376 2158 1391 2184 ὁ
1407 2158 1517 2193 Καῖσαρ
1537 2157 1586 2193 μὲν
1603 2149 1685 2192 ’πεζῇ
1717 2157 1762 2184 διὰ
1787 2157 1892 2192 Συρίας

1099 2203 1218 2237 ἔγνωκεν
1247 2204 1370 2236 ἀπιέναι,
1397 2203 1483 2238 αὐτὴν
1499 2204 1521 2230 δ’
1536 2204 1565 2234 ὲς
1579 2203 1628 2238 τὴν
1649 2203 1759 2238 Ῥώμην
1783 2203 1891 2230 στέλλει

263 2246 370 2274 inferiis
397 2253 504 2281 ornato,
537 2249 665 2277 balneum
689 2251 741 2278 sibi
758 2252 847 2286 parari
862 2252 953 2296 jussit.
976 2253 1045 2280 Dum

1104 2248 1171 2283 μετὰ
1185 2247 1280 2283 τρίτην
1294 2249 1411 2283 ἡμέραν,
1426 2248 1525 2284 ἐδεήθη
1539 2249 1679 2283 Καίσαρος
1696 2249 1770 2280 ὅπως
1788 2249 1890 2284 ἐνέγκῃ

260 2293 317 2320 lota
333 2293 481 2326 accumbit,
503 2295 704 2331 splendideque
722 2297 838 2332 prandet
855 2293 992 2333 {quidam
1013 2305 1048 2326 ex

261 2346 328 2373 agro
351 2346 399 2366 vas
425 2340 537 2374 plenum
563 2340 670 2369 licubns
692 2347 821 2377 portans.
845 2351 860 2370 a
884 2344 1047 2372 custodibus

260 2386 327 2420 quid
343 2385 427 2413 ferret
440 2391 562 2421 rogatus,
584 2389 704 2416 ostensis
717 2388 824 2416 ﬁcubus
839 2389 944 2424 ingredi
952 2391 1047 2425 jussus

235 2451 238 2453 ›
263 2435 312 2459 est.
336 2431 403 2459 Post
426 2432 571 2467 prandium
597 2432 744 2468 Cleopatra
766 2433 873 2462 litteras
890 2434 1047 2470 obsignatas

263 2477 361 2505 Caesari
379 2478 465 2511 misit,
478 2478 579 2513 quibus
591 2479 689 2507 orabat
712 2484 742 2507 ut
754 2488 816 2508 cum
830 2481 950 2507 Antonio
965 2488 1045 2515 sepe-

260 2523 369 2552 liretur.
386 2522 464 2551 Unde
480 2524 526 2551 ille
543 2525 635 2551 statim
653 2525 788 2552 intellexit
815 2526 882 2560 quid
895 2530 987 2553 actum
1000 2534 1045 2554 es-

261 2574 313 2602 set,
325 2577 357 2597 ac
373 2577 429 2597 rem
447 2571 587 2605 explorari
601 2571 695 2606 jussit.
711 2572 764 2605 Qui
784 2573 860 2600 missi
876 2577 967 2604 erant.
983 2581 1044 2600 cum

262 2622 379 2648 propere
392 2617 590 2650 accurrissent,
606 2623 742 2645 mortuam
762 2625 822 2645 eam
839 2619 864 2645 in
881 2626 965 2646 aureo
975 2619 1046 2646 lecto

262 2661 390 2694 regaliter
409 2668 531 2691 ornatam
553 2664 735 2696 invenerunt,
761 2664 847 2692 altera
868 2665 930 2698 ejus
946 2665 1046 2692 ancilla

261 2705 339 2732 lrade
359 2707 392 2734 ad
409 2709 493 2742 pedes
505 2710 579 2738 illius
593 2710 762 2746 exspirantc,
779 2711 864 2738 altera
877 2710 1045 2739 Charmonio

259 2759 293 2778 cx
308 2753 455 2787 gravedine
475 2756 574 2790 capitis
589 2756 645 2790 jam
667 2756 844 2789 labcscente,
868 2761 897 2784 et
920 2757 1045 2785 diadema

260 2797 414 2833 Cleopatrae
432 2807 595 2829 exornante.
620 2802 669 2830 Cui
694 2811 756 2830 cum
771 2802 883 2838 quidam
905 2803 1020 2831 dixisset
1036 2812 1043 2831 :

264 2843 378 2871 Pulchra
396 2853 456 2871 vero
477 2845 528 2872 ista
549 2850 622 2880 sunt,
646 2847 726 2882 530
743 2847 955 2875 Charm‘onium?
978 2848 1043 2876 illa:

264 2888 458 2925 Pulcherrima,
473 2891 573 2927 inquit,
588 2897 611 2919 et
631 2893 724 2921 decora
739 2898 776 2920 (ut
794 2895 899 2929 regibus
913 2894 1043 2922 oriuudrr.

1098 2294 1138 2329 τῷ
1152 2294 1288 2330 ’Δντωνιῳ
1298 2294 1373 2329 χοάς.
1389 2294 1444 2321 Καὶ
1454 2294 1667 2329 ἒπιτρέψαντος,
1683 2294 1731 2319 ἐπὶ
1746 2295 1791 2320 τὸν
1802 2294 1891 2328 τάφον

1099 2340 1261 2376 κομισθεῖσα
1286 2340 1373 2367 πολλὰ
1400 2340 1572 2376 ὠλοφύρατο,
1601 2338 1662 2366 εἷτα
1689 2340 1812 2375 στέψασα
1841 2342 1891 2367 καὶ

1099 2387 1336 2422 κατασπασαμένη
1356 2386 1406 2421 τὴν
1422 2388 1513 2421 σορὸν,
1527 2386 1673 2413 ἐκέλευσεν
1689 2386 1758 2420 αὐτῇ
1773 2386 1890 2420 λουτρὸν

1097 2432 1235 2466 γενέσθαι.
1253 2432 1418 2467 Λουσαμένη
1432 2432 1461 2458 δὲ
1475 2432 1524 2459 καὶ
1537 2431 1749 2464 κατακλιθεῖσα,
1774 2432 1889 2466 ἄριστον

1097 2479 1198 2514 ῂρίστα
1220 2478 1358 2513 λαμπρόν.
1391 2478 1447 2505 Καί
1461 2487 1503 2510 τις
1515 2476 1582 2515 ἧκεν
1596 2478 1644 2504 ἀπ’
1662 2478 1747 2512 ἀγροῦ
1763 2477 1889 2512 κομίζων

1097 2526 1208 2560 ἀγγεῖον
1220 2525 1311 2551 σύκων
1326 2525 1435 2559 μεστόν.
1465 2525 1527 2551 Τῶν
1550 2525 1578 2551 δὲ
1605 2524 1735 2558 φυλάκων
1749 2524 1775 2550 τί
1804 2524 1887 2558 φέροι

1097 2571 1309 2607 ἁνακρινόντων,
1345 2572 1449 2603 ἐκεῖνος
1471 2571 1506 2598 τὰ
1534 2571 1606 2599 σῦκα
1634 2569 1788 2602 ὑπέδειξεν·
1817 2570 1886 2596 οίδὲ

1097 2618 1218 2652 εἰσάγειν
1231 2617 1365 2644 ἐκέλευον.
1378 2617 1456 2644 Μετὰ
1468 2617 1496 2643 δὲ
1510 2617 1540 2643 to
1554 2617 1666 2651 ἄριστον
1683 2617 1699 2651 ή
1720 2615 1887 2650 Κλεοπάτρα

1096 2663 1187 2690 δέλτον
1202 2661 1489 2697 κατασεσημασμένην
1504 2660 1543 2696 τῷ
1555 2661 1674 2696 Καίσαρι
1689 2661 1804 2687 ἔστειλε.
1815 2661 1889 2686 Καῖ-

1098 2717 1151 2745 σαρ
1164 2709 1203 2743 δὲ,
1220 2708 1257 2740 ὡς
1274 2708 1386 2743 ἐνέτυχε
1399 2708 1487 2740 λιταῖς
1501 2708 1631 2743 δεομένης
1647 2707 1732 2741 αὐτῆς
1746 2706 1887 2741 συνταφῆ-

1095 2763 1140 2782 ναι
1154 2754 1193 2789 τῷ
1209 2754 1355 2790 Ἀντωνίῳ,
1370 2755 1438 2789 ταχὺ
1452 2755 1553 2789 συνῆκε
1567 2754 1597 2780 τὸ
1614 2752 1822 2788 πεπραγμένον,
1835 2754 1886 2779 καὶ

1095 2801 1166 2828 κατὰ
1174 2801 1256 2835 τάχος
1265 2800 1330 2832 τοὺς
1346 2800 1531 2835 σκεψομένους
1541 2800 1571 2826 τὸ
1581 2799 1730 2835 γενόμενον
1746 2798 1884 2834 ἐπεμψεν.

1097 2847 1128 2874 Οῖ
1139 2847 1232 2882 δρόμῳ
1249 2847 1450 2878 καταλασόντες
1478 2844 1557 2883 εὖρον
1570 2847 1656 2881 αὐτὴν
1669 2846 1835 2881 τεθνηκυῖαν
1851 2847 1886 2872 ἐν

1095 2895 1183 2936 χρυσῇ
1200 2894 1277 2930 κλίνῃ
1294 2894 1507 2930 κεκοσμημένην
1516 2892 1674 2930 βασιλικῶς.
1691 2893 1752 2921 Τῶν
1763 2892 1792 2920 δὲ
1802 2892 1880 2928 θεραι
