2050 3154
144 163 192 196 891

769 165 974 198 ΑΝΝΑιιωι
992 167 1068 199 LI-B.
1088 167 1125 198 Χ.

1721 171 1773 201 επ

143 220 246 251 ⁴καινῶν
262 221 280 257 ἡ
298 221 350 257 μὲν
360 220 446 258 Είρὰς
462 220 532 257 πρὸς
548 222 606 254 τοῖς
615 222 697 250 ποσὶν
712 223 900 259 ἀπέθνησκεν,
917 225 934 260 ἡ

990 223 1034 252 His
1045 224 1139 257 dictis,
1156 228 1183 253 et
1199 224 1258 260 ipsa
1269 224 1349 260 juxta
1365 225 1471 254 lectum
1487 225 1624 254 exanimis
1637 226 1771 255 concidit.

143 270 169 296 δὲ
185 268 343 304 Χαρμόνιον
368 268 420 304 ἤδη
452 268 652 305 καρηὸαροῦσα
680 271 727 296 καὶ
757 271 934 306 σφαλλομένη

144 313 309 348 κατεκόσμει
323 313 354 340 τὺ
371 313 436 348 περὶ
460 314 582 348 κεφαλὴν
600 314 707 350 ἐκείνης
724 315 854 351 διάδημα.
887 316 935 342 Εἱ-

148 360 237 390 κόντος
252 359 281 386 δέ
299 367 383 391 τινος.
396 359 482 387 Καλὰ
498 360 602 392 ταῦτα,
618 360 786 395 Χαρμάνιον
800 370 810 394 ;
826 362 935 389 Κάλλι-

144 412 199 432 o’m
220 404 282 439 μὲν
305 401 375 436 οὖν.
404 404 468 440 ἔφη,
491 406 539 433 καί
559 406 714 440 πρέποντα
726 407 763 441 τῇ
780 408 935 435 τοσούτων

143 451 282 486 ἀπογόνῳ
294 449 464 482 βασιλέων.
479 452 535 478 Καὶ
548 452 635 478 ταῦτα
651 452 767 479 εἰποῦσα
791 454 868 488 παρὰ
884 453 935 488 τὴν

144 498 237 532 κλίνην
253 496 334 523 [suae
349 497 397 523 καὶ
411 497 492 533 αὐτή.
508 498 624 531 Λέγεται
641 498 670 525 δὲ
686 499 799 531 ἀσπίδος
814 500 934 535 δήγματι

146 544 233 570 θανεῖν
252 543 434 579 κομισθείσης
449 545 520 578 μετά
531 544 585 570 τῶν
600 544 702 571 σύκων.
724 546 755 572 οι
771 546 792 572 δ’
809 547 838 572 ἐν
855 546 934 583 ὑδρίᾳ

144 590 287 626 τηρεῖσθαι
302 591 352 625 τὴν
367 590 469 616 ἀσπίδα
484 590 577 625 φασιν,
592 590 718 627 ἠλακάτῃ
730 592 758 618 δὲ
780 594 868 628 χρυσῇ
884 595 934 629 τῆς

146 637 323 671 Κλεοπάτρας
337 636 546 671 ἐκκαλουμένης
565 637 652 672 αὐτὴν
674 639 722 664 καὶ
739 639 934 673 ἀγριαινοὺσης

145 683 306 718 ὁρμήσασαν
322 683 442 718 ἐμφῦναι
461 683 546 717 αὐτῆς
562 683 602 718 τῷ
617 684 750 719 βραχίονι.
773 686 890 719 Λέγεται
905 686 932 712 δὲ

145 729 190 756 καὶ
202 729 352 765 φάρμακον
380 730 466 764 αὐτὴν
490 729 564 764 ἔχειν
590 730 620 756 ἐν
640 731 764 765 κνήστιδι
781 732 869 766 κοίλῃ,
887 732 934 758 καὶ

145 773 191 809 τὴν
204 774 338 810 κνηστίδα
352 774 486 809 κρύπτειν
497 776 529 809 τῇ
547 775 630 810 κόμῃ.
650 775 679 801 Ὀ
692 775 720 802 δὲ
743 776 811 802 Δίων
822 776 934 811 βελόνην

145 819 228 855 αὐτὴν
241 817 314 846 εἶναί
330 828 424 855 φησιν,
472 820 521 852 τὰς
536 821 632 855 τρίχας
645 822 762 856 ἁνεϊρεν,
779 822 810 857 ἰῷ
821 831 934 857 περικε-

145 866 309 901 χρισμὶνην,
335 865 452 900 δύναμιν
465 865 565 900 ἔχοντι,
581 865 614 892 ἂν
639 866 755 901 αἵματος
769 867 883 902 ἅψηται,
896 868 933 899 ὠς

985 271 1083 298 Fertur
1105 276 1197 298 autem
1219 271 1365 306 Cleopatra
1387 280 1479 300 morsu
1506 273 1610 307 aspidis
1635 274 1774 308 serpentis

985 316 1119 350 periisse,
1137 324 1190 343 una
1216 325 1278 344 cum
1301 318 1409 346 ﬁcubus
1431 319 1535 345 allata:
1553 319 1599 346 alii
1626 320 1651 346 in
1677 319 1773 355 hydria

984 366 1150 388 asservatam
1166 362 1280 389 tradunt
1297 364 1434 398 aspidem,
1449 369 1477 391 et
1491 364 1552 391 colu
1566 372 1649 391 aurea
1662 364 1775 391 lacessi-

985 411 1040 434 tam
1056 413 1084 434 et
1113 407 1249 434 irritatam
1282 409 1341 444 ejus
1366 409 1509 436 brachium
1535 411 1675 438 mordicus
1703 412 1772 438 arri-

984 451 1088 486 puisse.
1111 451 1218 479 Dicitur
1238 457 1267 479 et
1288 461 1425 480 venenum
1453 455 1480 481 iu
1500 455 1612 483 cultello
1634 462 1703 483 cavo
1725 456 1773 483 ha-

985 497 1089 529 buisse,
1106 505 1187 532 quem
1204 499 1304 533 capillo
1321 500 1512 527 occultaverit.
1532 501 1600 529 Dion
1621 507 1713 529 autem
1729 510 1771 528 rc-

983 542 1036 570 fert
1060 551 1139 570 acum
1166 552 1219 579 qua
1243 545 1371 580 capillum
1401 546 1629 579 discriminaret,
1666 555 1773 575 veneno

985 588 1126 616 inunctam
1140 589 1225 617 fuisse
1237 599 1244 617 :
1258 591 1338 625 cujus
1354 591 1453 617 veneni
1466 598 1498 618 ea
1511 592 1552 618 vis
1565 597 1650 624 esset,
1667 597 1696 619 ut
1709 601 1772 621 cum

984 635 1145 670 sanguinem
1169 637 1323 671 attigisset.
1350 637 1496 664 celerrime
1519 642 1547 664 et
1573 638 1687 664 minima
1709 646 1771 665 cum

985 681 1110 708 molestia
1127 681 1240 709 exitium
1254 682 1376 710 aﬂerret.
1389 683 1535 718 Utcunque
1547 683 1592 715 sit,
1605 683 1650 710 illa
1663 684 1745 717 periit
1763 692 1770 710 :

984 728 1087 755 veritas
1107 727 1260 762 ignoratur,
1284 729 1337 755 nisi
1354 730 1427 764 quod
1447 730 1474 756 in
1499 730 1559 765 ejus
1584 730 1697 756 brachio
1712 730 1772 757 dua

985 773 1090 800 vibices
1105 777 1201 801 tenues
1217 779 1245 801 et
1264 775 1389 802 obscura:
1402 780 1598 810 apparuerunt.
1616 776 1644 803 in
1656 783 1772 810 corpore

985 818 1060 844 nulla
1091 819 1190 845 veneni
1220 819 1321 846 iudicia
1348 825 1410 847 sunt
1440 820 1629 847 animadversa
1652 828 1659 847 ε
1683 827 1772 854 neque

985 870 1100 897 serpens
1116 863 1173 898 ipse
1192 870 1318 899 repertus
1334 870 1388 898 est,
1403 866 1455 893 nisi
1470 866 1542 901 quod
1559 866 1685 893 nonnulli
1699 865 1773 893 dixe-

144 913 260 948 τάχιστα
271 912 320 940 καὶ
333 911 494 939 ἀλυπότατα
512 912 646 948 φθείρειν.
684 914 717 939 'ﬂ
736 914 785 948 μὲν
797 913 845 940 οὖν
856 914 933 941 ἀπώ-

990 913 1060 941 ruut,
1079 916 1108 935 se
1130 914 1234 937 tractus
1257 911 1332 939 illius
1346 912 1480 946 quosdam
1504 912 1581 947 juxta
1605 919 1691 943 mare,
1717 919 1773 945 quo

144 957 220 985 λιτο’
252 957 286 984 τὸ
313 957 337 984 δ’
362 958 461 993 ἀληθὲς
489 958 539 985 οὐκ
555 958 691 993 ἐγνώσθη,
716 959 789 994 ἢότι
807 961 872 994 περὶ
887 961 933 986 τὸν

144 1004 251 1040 ἐμίγης
265 1004 396 1041 βραχίονα
410 1005 457 1032 δύο
470 1005 576 1039 νυγμαὶ
589 1004 722 1040 ὤφθησαν
739 1006 837 1033 λεπταί
847 1015 875 1032 τε
887 1007 934 1033 καὶ

143 1050 275 1086 ἀμυδραὶ,
290 1051 353 1078 οὐδὲ
365 1051 393 1077 δέ
403 1051 552 1086 φαρμάκου
567 1059 592 1077 τι
605 1054 719 1085 σημεῖον
730 1052 795 1087 περὶ
810 1053 840 1078 τὺ
853 1053 934 1087 σῶμα

143 1097 250 1131 ἐκείνης
281 1096 440 1132 ἐξήνθησεν,
468 1096 529 1123 οὔτε
550 1097 581 1123 τὸ
597 1097 690 1132 θηρίον
721 1098 832 1134 εὑρέθη,
857 1100 881 1125 εἰ
896 1100 932 1134 μή

143 1152 219 1176 τινας
239 1145 362 1179 συρμοὺς
373 1143 457 1171 αὖτοῦ
471 1144 546 1179 παρὰ
560 1144 711 1176 θάλασσαν,
753 1145 782 1171 τὸ
797 1146 934 1180 δωμάτιον

144 1190 258 1225 ἀφεώρα
275 1193 323 1216 καὶ
341 1190 449 1225 θυρίδες
465 1187 551 1225 ἦσαν,
574 1191 637 1216 εδεῖν
654 1190 784 1224 ἔφασκον.
801 1192 933 1218 Ετχασται

144 1236 172 1263 δδ
183 1236 213 1269 ἐξ
223 1235 337 1265 ἀσπίδος
349 1235 433 1271 αὐτὴν
445 1236 548 1268 θανεῖν,
565 1237 605 1262 ὅτι
621 1237 708 1264 novi
725 1238 820 1272 πρώην
835 1238 933 1273 συνῆγε

145 1281 286 1317 θανάσιμα
302 1281 452 1317 φάρμακα.
468 1282 515 1307 καὶ
532 1281 620 1308 ταῦτα
639 1283 696 1312 τοῖς
722 1282 934 1317 κατεψηφισμέ-

144 1333 200 1357 νοις
215 1325 333 1352 θάνατον
347 1325 517 1361 προῦὃαλλεο
533 1327 581 1352 καὶ
599 1326 632 1352 τὰ
652 1327 701 1360 μέν
717 1326 850 1362 ὠκύμορα
867 1335 934 1354 κατ-

146 1369 313 1406 ελάμϐανεν,
340 1371 469 1406 ὀδυνηρὸν
491 1371 514 1397 δ’
547 1372 685 1405 ἐπάγοντα
711 1372 837 1404 θάνατον,
862 1374 896 1399 τὰ
906 1373 935 1400 δὲ

146 1418 287 1452 apud-up:
316 1416 378 1451 μὲν,
404 1416 448 1443 διὰ
472 1418 567 1452 χρόνον
594 1417 622 1443 δέ
640 1426 672 1452 γε
692 1419 935 1454 κατεργαζόμεναο

147 1462 228 1498 μόνον
239 1463 263 1490 δ’
274 1463 384 1499 εὕρισκε
397 1463 426 1489 τὸ
437 1463 530 1498 δῆγμα
545 1464 593 1498 τῆς
606 1464 718 1495 ἀσπίδος
729 1464 794 1491 άνευ
808 1464 935 1500 σπασμοῦ

146 1509 231 1544 κάρον
247 1509 360 1545 ὑπνώδη
373 1510 556 1544 ἐφελκόμενον
571 1510 665 1545 ἱδρῶτι
682 1511 806 1545 μαλακῷ,
820 1511 867 1538 καὶ
882 1511 936 1537 τῶν

146 1554 334 1590 αἰσθητηρίων
348 1554 513 1590 ἀμαυρώσει
532 1555 631 1590 ῥᾳδίως
648 1556 936 1591 ἁπονεκρούν.’Λκού-

146 1609 195 1632 σας
206 1601 260 1627 διὸ
277 1602 383 1636 Καῖσαρ
398 1601 447 1637 τὴν
465 1600 593 1637 τελευτὴν
609 1601 705 1636 αὐτῆς,
721 1602 869 1636 ἐξεπλάγη,
888 1603 934 1629 καὶ

144 1647 286 1683 φάρμακα
297 1647 336 1682 τῷ
364 1646 471 1681 σώματι
490 1647 537 1673 καὶ
551 1646 667 1681 ψύλλους
679 1648 840 1682 ἐπήνεγκεν.
857 1649 889 1674 Οί
906 1649 935 1675 δὲ

143 1693 240 1728 ψύλλοι
261 1693 358 1729 ἄνδρες
375 1695 428 1720 είσὶ
444 1694 532 1729 (γυνὴ
550 1694 604 1729 γὰρ
620 1695 669 1732 τὴν
693 1694 807 1729 δύναμιν
832 1695 935 1730 ταύτην

144 1741 220 1776 ἔχειν
231 1740 264 1767 οὐ
279 1741 428 1776 πέφυκεν),
458 1740 623 1768 δύνανταιδὲ
654 1740 744 1768 πάντα
771 1742 810 1768 ίὺν
835 1743 935 1773 παντὸς

145 1785 278 1823 ἑρπετοῦ,
296 1787 360 1822 πρὶν
372 1787 463 1813 θανεῖν
475 1786 520 1812 τὸν
535 1786 700 1821 δεδηγμένον
718 1786 734 1821 ἢ
752 1783 935 1822 τετρωμένον,

146 1832 287 1869 ἑκμυζᾷν,
299 1834 347 1860 καὶ
362 1832 441 1860 αὐτοί
458 1841 488 1859 τε
505 1832 544 1868 μὴ
560 1832 740 1868 βλάπτεσθαι,
755 1834 802 1859 καὶ
829 1834 874 1859 τὸν
886 1841 936 1859 πε-

146 1879 349 1916 φαρμαγμένον
373 1878 548 1914 θεραπεύειν.
566 1878 681 1905 1ῡύονιιταψ
695 1878 725 1905 δὲ
750 1878 780 1910 ἐξ
800 1878 935 1913 ἀλλήλων,

146 1925 198 1952 καὶ
216 1925 394 1961 δοκιμάζουσι
411 1925 445 1951 τὰ
460 1924 639 1960 γεννηθέντα,
656 1924 672 1960 ἢ
691 1924 761 1959 μετὰ
779 1924 868 1958 ὄφεων
888 1926 938 1958 ipp-

147 1972 297 2007 ὗληθέντα,
315 1971 333 2006 ἢ
347 1971 395 1998 καὶ
421 1970 476 1997 τῶν
489 1971 657 2006 σπαργάνων
672 1970 762 1996 αὐτῶν
777 1969 938 2004 ἐπιϐληθέν-

147 2028 204 2046 των
223 2018 339 2047 ίοὸόλοις
353 2018 439 2044 τισίν·
456 2017 517 2044 οὔτε
535 2018 589 2052 γὰρ
608 2017 647 2050 τῷ
662 2016 736 2043 παιδὶ
748 2016 936 2050 λυμαίνονται,

149 2065 198 2092 καὶ
224 2065 277 2092 ὑπὸ
300 2065 350 2100 τῆς
377 2064 488 2099 ἐσθῆτος
504 2063 587 2090 αὐτοῦ
619 2063 765 2097 ναρκώσιν.
783 2062 812 2088 '0
829 2062 878 2096 μὲν
892 2060 938 2088 οὖν

150 2113 262 2147 Καῖσαρ
277 2110 324 2138 ἐπὶ
337 2112 369 2146 τῇ
384 2109 434 2150 τῆς
451 2109 579 2143 γυναικὸς
594 2109 708 2143 τελευτῇ
742 2107 874 2143 ἠχθέσθη,
892 2108 940 2133 καὶ

133 2179 136 2181 .
151 2158 202 2194 τὴν
218 2156 327 2191 ἐκείνης
339 2156 480 2189 εὐγένειαν
493 2153 643 2188 ἐθαύμαζε,
657 2154 704 2179 καὶ
716 2152 886 2187 συνταφῆναι
901 2152 939 2185 τῷ

159 2202 297 2238 ’Δντωνίῳ
310 2201 440 2227 ἐκέλευσε
455 2199 610 2231 πολυτελῶς
622 2199 670 2225 καὶ
682 2199 839 2234 βασιλικῶς.
855 2198 941 2225 Ἐντί-

153 2255 204 2282 μου
227 2246 257 2273 δὲ
281 2245 329 2272 καὶ
354 2245 381 2271 αἱ
409 2244 574 2279 θεράπαιναι
601 2244 689 2279 ταφῆς
717 2243 823 2278 ἔτυχον,
836 2244 939 2270 ἐκείνου
958 2259 980 2286 D

153 2292 369 2328 προστάξαντος.
381 2290 562 2325 Ἐτελεύτησε
587 2289 615 2316 δὲ
633 2290 797 2324 Κλεοπάτρα
822 2290 871 2324 μὶν
882 2298 942 2316 τεσ-

154 2337 379 2374 σαρακοντοῦτις,
395 2337 454 2368 tvo;
469 2336 588 2368 δέοντος,
602 2335 705 2362 τούτων
731 2335 779 2362 δύο
793 2335 842 2362 καὶ
857 2336 944 2362 εἴκοσι

155 2384 354 2420 βασιλεύσασα,
367 2382 453 2409 πλείω
467 2382 496 2408 δέ
511 2382 565 2408 τῶν
581 2382 792 2417 δεκατεσσάρων
810 2382 944 2416 Ἀντωνίῳ

156 2431 324 2466 συνάρξασα.
355 2427 499 2456 Ἀντώνιον
528 2428 557 2454 δέ
581 2427 673 2461 οἱμὲν
697 2427 738 2460 ἒξ,
764 2428 788 2453 οι
813 2427 841 2453 δὲ
855 2428 945 2462 τρισὶν

156 2476 324 2511 ὑπερϐαλεῖν
336 2483 402 2510 φασι
420 2475 455 2502 τὰ
471 2475 651 2509 πεντήκοντα.
669 2473 720 2499 Τὸν
735 2473 763 2499 δὲ
778 2472 824 2499 τοῦ
845 2472 946 2498 Ἀντω-

156 2526 215 2553 νίου
231 2525 289 2551 υἱὸν
301 2523 432 2550 Ἀντυλον
444 2522 489 2549 τὸν
504 2524 535 2548 ἐκ
548 2522 597 2555 τῆς
610 2520 754 2553 Φουλϐίας,
771 2520 818 2546 καὶ
839 2520 884 2546 τὸν
896 2520 947 2554 τῆς

159 2571 342 2606 Κλεοπάτρας
359 2570 405 2596 τὴν
416 2569 593 2604 Καισαρίωνα
613 2568 627 2593 ὁ
647 2568 756 2602 Καῖσαρ
776 2567 946 2594 ἀπέκτεινεν.

157 2620 302 2650 Ἀντώνιος
316 2618 366 2653 μὲν
377 2614 423 2644 οὖν
434 2617 482 2643 καὶ
495 2615 661 2650 Κλεοπάτρα
676 2614 764 2646 οὕτως
776 2613 946 2649 ἀπήλλαξαν.

159 2667 272 2701 Καῖσαρ
287 2664 317 2691 δὲ
331 2664 377 2690 τὸν
390 2663 437 2689 τοῦ
452 2662 628 2696 Ἀλεξάνδρου
646 2661 691 2687 τοῦ
707 2660 839 2695 βασιλέως
853 2660 948 2694 νεκρὸν

161 2712 216 2740 εῐδι
240 2712 287 2739 καὶ
310 2709 471 2746 προσήψατο
485 2708 579 2735 αὑτοῦ.
599 2707 638 2733 Τὰ
663 2706 690 2732 δὲ
705 2706 759 2732 τῶν
772 2706 948 2741 Πτολεμαίων

162 2759 290 2795 σώματα,
315 2758 403 2784 καίτοι
430 2755 484 2782 τῶν
503 2752 702 2788 Ἀλεξανδρέων
736 2752 822 2784 δεῖξαί
854 2752 878 2778 οί
901 2752 949 2778 καὶ

161 2807 250 2834 ταῦτα
265 2803 462 2841 βουληθέντων,
480 2802 543 2828 ίδεῖν
554 2802 604 2826 οὐκ
621 2799 765 2834 ἠθέλησεν,
796 2800 880 2825 ειπων
908 2799 949 2824 ὅτι

161 2851 307 2884 Βασιλέα,
322 2848 390 2876 ἀλλ’
401 2848 437 2874 οὐ
452 2846 579 2880 νεκροὺς
591 2844 664 2872 ἰδεῖν
678 2844 862 2878 ἐπεθύμησα.
882 2844 949 2870 Οὐδὲ

160 2898 201 2934 τῷ
214 2897 307 2925 ’Δπιδι
323 2896 444 2930 ἐντυχεῖν
459 2893 584 2928 ἐπείσθη,
604 2892 691 2927 λέγων
715 2893 755 2919 ὅτι
771 2892 865 2925 Θεοὺς,
893 2891 950 2918 ἀλλ’

985 957 1118 984 conclave
1152 956 1331 990 aspectabat,
1360 962 1387 984 et
1415 957 1544 985 fenestra:
1573 960 1671 989 erant,
1705 965 1772 985 con-

985 1004 1118 1038 spexisse.
1137 1003 1273 1031 Caeterum
1295 1004 1454 1038 conjectura
1480 1004 1542 1037 fuit,
1570 1013 1631 1034 eam
1667 1008 1772 1042 aspidis

986 1057 1079 1076 morsu
1096 1050 1223 1084 periisse,
1235 1049 1308 1084 quod
1324 1050 1410 1077 multa
1421 1051 1534 1079 lethalia
1546 1060 1651 1080 venena
1664 1053 1771 1088 pridem

985 1095 1157 1131 collegerat,
1185 1103 1273 1130 eaque
1297 1096 1434 1124 damnatis
1457 1097 1556 1132 capitis
1581 1101 1771 1134 proponebat,

985 1148 1104 1175 quorum
1118 1141 1171 1168 alia
1190 1146 1306 1169 mortem
1322 1142 1441 1169 celerem
1456 1150 1518 1169 cum
1534 1151 1634 1178 magno
1647 1145 1771 1172 cruciatu

986 1186 1138 1220 afferrent,
1167 1187 1220 1214 alia
1246 1188 1355 1214 mitiora
1376 1188 1536 1217 tardiorem.
1564 1189 1657 1217 Solum
1681 1196 1771 1218 autem

987 1240 1109 1259 morsum
1124 1232 1227 1267 aspidis
1240 1232 1413 1265 observarat,
1427 1238 1572 1262 veternum
1588 1235 1772 1270 soporiferum

987 1285 1050 1305 cum
1068 1278 1142 1304 molli
1158 1278 1260 1306 sudore
1274 1280 1345 1306 citra
1363 1280 1572 1308 convulsionem
1591 1281 1732 1313 inducere,
1745 1288 1772 1310 et

987 1323 1117 1351 sensibus
1134 1323 1271 1351 hebetatis
1287 1324 1386 1351 leviter
1400 1325 1585 1359 exstinguere.
1603 1326 1694 1353 (ἰτείη-
1713 1328 1773 1362 ejus

988 1368 1102 1396 interitu
1119 1369 1214 1396 audito
1231 1369 1384 1403 obstupuit,
1401 1375 1429 1398 et
1449 1371 1576 1398 cadaveri
1603 1372 1723 1399 remedia
1746 1378 1773 1400 ct

987 1414 1090 1448 psyllos
1105 1414 1240 1442 adhibuit.
1256 1415 1337 1450 Psylli
1351 1421 1443 1443 autem
1457 1416 1509 1442 viri
1522 1420 1587 1443 sunt
1600 1417 1685 1451 (nulla
1698 1419 1771 1444 enim

988 1459 1087 1486 mulier
1103 1467 1136 1486 ea
1159 1459 1185 1486 vi
1208 1460 1322 1494 praedita
1348 1461 1401 1494 est)
1424 1461 1470 1495 qui
1495 1462 1612 1496 quodvis
1636 1470 1772 1490 venenum

987 1505 1110 1539 cujusvis
1135 1506 1284 1540 serpentis.
1302 1506 1462 1541 priusquam
1488 1508 1511 1534 is
1534 1507 1580 1542 qui
1603 1515 1710 1535 morsus
1726 1514 1773 1536 aut

991 1552 1149 1579 vulneratus
1165 1557 1218 1585 est,
1234 1553 1377 1585 moriatur,
1395 1554 1562 1589 exsugendo,
1585 1562 1635 1582 nec
1657 1556 1706 1590 ipsi
1724 1557 1771 1582 be-

989 1597 1104 1630 duntur,
1123 1602 1151 1625 et
1162 1599 1277 1626 venenis
1292 1599 1394 1626 infecto
1411 1600 1527 1627 salutem
1552 1600 1683 1628 aﬂ'erunt.
1707 1602 1775 1628 Pro-

989 1649 1123 1679 pagantur
1147 1645 1192 1671 alii
1214 1652 1247 1671 ex
1265 1645 1336 1676 aliis,
1358 1650 1387 1672 et
1410 1646 1492 1673 iustus
1508 1646 1662 1681 explorant,
1683 1648 1725 1674 vel
1747 1648 1773 1674 iu

989 1695 1134 1724 serpentes
1148 1691 1300 1726 conjectos,
1317 1692 1358 1719 vel
1377 1700 1473 1719 eorum
1488 1692 1580 1720 fasciis
1600 1694 1775 1728 serpentibus

990 1736 1100 1771 injectis
1117 1746 1123 1764 :
1143 1738 1189 1772 qui
1205 1746 1257 1766 nec
1273 1746 1389 1773 puerum
1406 1739 1518 1771 ltedunt,
1541 1744 1569 1766 et
1594 1740 1716 1767 vestibus
1741 1740 1775 1767 il~

989 1782 1044 1810 lius
1059 1783 1124 1811 tecti
1141 1788 1313 1818 torpescunt.
1329 1785 1422 1812 Caesar
1434 1786 1518 1820 igitur
1533 1786 1685 1820 Cleopatm
1696 1787 1774 1814 obltu

990 1827 1088 1860 doluit,
1104 1837 1266 1864 generosam
1279 1831 1339 1866 ejus
1350 1831 1470 1859 indolem
1483 1832 1646 1866 admiratus,
1659 1841 1775 1868 eamque

990 1874 1135 1909 magniﬁce
1148 1876 1333 1910 regaliterque
1345 1884 1407 1904 cum
1420 1877 1539 1905 Antonio
1554 1879 1665 1912 sepeliri
1681 1880 1775 1914 jussit.

991 1921 1061 1949 Sunt
1072 1925 1100 1948 et
1112 1922 1219 1949 ancillae
1230 1922 1308 1956 jussu
1322 1922 1396 1949 illius
1409 1922 1590 1950 honoriﬁcam
1605 1925 1775 1958 sepulturam

991 1971 1133 1995 assecuta.
1156 1967 1232 1995 Obiit
1246 1967 1390 2002 Cleopatra
1411 1975 1498 1995 annos
1513 1969 1585 1996 unde
1610 1978 1642 1996 xi.
1664 1976 1738 2004 nata,
1760 1979 1776 1998 e

992 2012 1093 2047 quibus
1106 2020 1125 2039 ιι
1139 2017 1163 2039 ει
1179 2021 1213 2040 xx
1240 2013 1375 2048 regnavit,
1394 2014 1512 2048 amplius
1526 2022 1569 2041 xiv
1582 2023 1644 2041 cum
1656 2016 1777 2043 Antonio

992 2059 1148 2093 imperavit.
1161 2060 1312 2087 Antonium
1326 2068 1391 2088 vero
1404 2061 1449 2087 alii
1462 2068 1503 2092 Ill,
1516 2061 1562 2087 alii
1576 2067 1639 2089 vtet
1650 2070 1665 2088 ι.
1677 2062 1777 2090 vixisse

993 2112 1079 2132 annos
1096 2106 1216 2132 tradunt.
1233 2106 1310 2140 531
1327 2106 1392 2141 Ejus
1404 2114 1436 2133 ex
1451 2106 1545 2133 Fulvia
1567 2107 1653 2134 tilium
1679 2108 1777 2144 Antyl-

993 2150 1061 2183 lum,
1074 2156 1102 2177 et
1121 2150 1273 2185 Cleopatrae
1300 2151 1385 2179 lilium
1402 2151 1598 2184 Caesarionem,
1623 2151 1714 2179 Caesar
1737 2153 1779 2179 iu—

994 2196 1111 2223 terfecit.
1129 2196 1274 2231 Cleopatra
1289 2202 1373 2232 atque
1388 2199 1508 2226 Antonio
1524 2199 1557 2226 ad
1574 2199 1647 2225 hunc
1666 2199 1778 2226 modum

994 2241 1120 2273 Sublatis,
1137 2243 1284 2270 Alexandri
1309 2245 1380 2278 regis
1395 2251 1495 2278 corpus
1516 2244 1584 2270 vidit
1605 2249 1633 2271 et
1648 2249 1779 2271 attrecta-

995 2288 1044 2314 vit.
1070 2288 1280 2315 Ptolemaeorum
1309 2289 1392 2314 etiam
1413 2289 1606 2316 Alexandrinis
1631 2290 1779 2316 ostendere

994 2333 1160 2366 volentibus,
1176 2334 1313 2361 recusavit
1326 2342 1333 2360 :
1346 2333 1379 2360 Se
1392 2335 1463 2361 enim
1490 2343 1576 2369 regem
1602 2335 1689 2361 videre
1708 2335 1780 2368 cupi-

995 2379 1072 2411 viua,
1088 2388 1141 2406 non
1166 2379 1304 2406 cadauera.
1323 2379 1417 2414 Neque
1439 2380 1553 2414 Apidem
1570 2380 1646 2407 adire
1672 2381 1778 2407 voluit:

996 2424 1069 2459 quod
1087 2425 1164 2458 deos,
1186 2433 1241 2452 non
1263 2425 1347 2453 boves
1365 2426 1481 2453 adorare
1494 2425 1779 2460 consuevissetJEgy-

995 2475 1073 2506 ptum
1093 2471 1264 2499 tributariam
1275 2471 1349 2504 fecit,
1365 2476 1393 2499 et
1405 2471 1548 2506 pecuniam
1562 2479 1682 2503 omnem,
1699 2479 1776 2505 quam

998 2517 1035 2544 ibi
1061 2517 1207 2545 maximam
1235 2519 1349 2553 reperit,
1375 2525 1469 2545 secum
1500 2517 1601 2544 avexit.
1631 2517 1725 2544 Rebus
1753 2517 1781 2544 in

997 2561 1112 2598 Egypto
1135 2571 1186 2590 suo
1210 2563 1346 2590 arbitratu
1376 2563 1520 2596 ordinatis,
1547 2570 1596 2597 per
1623 2562 1729 2598 Syriam
1754 2562 1781 2588 in

998 2609 1089 2637 Asiam
1114 2609 1193 2640 abiit,
1217 2609 1309 2644 ibique
1333 2609 1501 2637 hibernavit.
1525 2608 1642 2636 Romani
1665 2615 1731 2635 vero
1754 2612 1782 2635 et

1000 2659 1068 2688 tum,
1085 2660 1113 2682 et
1134 2656 1212 2690 prius
1234 2656 1329 2688 etiam,
1349 2655 1488 2683 Actiacam
1511 2655 1654 2683 victoriam
1682 2654 1782 2688 adepto

999 2702 1133 2736 plurimos
1160 2701 1278 2728 honores
1298 2701 1490 2730 decreverunt.
1522 2701 1578 2729 Sub
1607 2705 1728 2728 aestatem
1754 2700 1782 2727 in

999 2746 1130 2774 διωρίσω
1146 2752 1174 2774 et
1189 2747 1293 2774 Italiam
1312 2747 1429 2782 trajecit.
1453 2747 1492 2774 Eo
1512 2747 1625 2773 Romam
1647 2746 1781 2779 ingresso,

1000 2793 1119 2827 populus
1136 2793 1317 2824 sacriﬁcavit,
1334 2797 1362 2819 et
1376 2793 1471 2820 consul
1487 2792 1585 2819 bovem
1606 2790 1758 2819 immolavit
1773 2798 1781 2817 :

1000 2839 1074 2874 quod
1098 2839 1165 2865 nulli
1189 2839 1264 2873 prius
1288 2839 1436 2866 acciderat.
1458 2838 1639 2872 Triumphum
1664 2844 1712 2871 per
1735 2836 1785 2862 tri-

1001 2887 1087 2914 duum
1108 2886 1173 2921 egit,
1198 2893 1303 2921 pompae
1320 2894 1416 2914 omnes
1433 2886 1552 2912 illustres
1570 2885 1682 2912 fuerunt
1698 2893 1703 2910 :
1723 2887 1786 2909 tan-

1792 2935 1839 2964 ἐν
