2050 3154
255 159 309 193 903

889 149 1052 183 JOANNIS
1072 149 1234 180 ZONABE

1823 146 1882 179 904

252 218 307 245 τῶν
325 217 414 252 νόμων
429 216 508 248 ἐδόθη
523 214 628 245 αὐτοῖς,
648 209 788 238 τουτέστιν
806 208 967 243 ἐλευθέρους
998 206 1053 232 ἀπὸ
1073 205 1162 240 πάσης
1193 204 1247 232 τῶν
1262 203 1353 239 viuum
1369 201 1493 239 ἀνάγκης
1505 200 1586 235 εἶναι,
1599 201 1648 230 καὶ
1666 201 1760 238 μηδενὶ
1775 202 1882 229 sonitum

254 265 406 301 ἐνέχεσθαι.

430 308 490 341 Quo
506 307 552 334 die
568 305 660 333 Cassar
675 304 816 338 Augustus
831 300 1044 341 cognominatus

1132 296 1193 323 AI".
1216 295 1281 321 Ὅτε
1307 293 1335 321 δὲ
1364 292 1521 327 Αὔγουστος
1549 283 1692 328 ἐπεκλήθη
1720 293 1734 320 ὀ
1762 293 1884 328 Καῖσαρ,

253 364 306 390 est.
338 360 420 383 noctu
448 360 577 388 magnum
609 351 767 386 prodigium
787 349 903 377 exstitit.
933 347 1041 375 Tiberis

254 404 327 432 enim
341 401 432 428 omnia
448 400 576 427 Romana:
592 397 668 424 urbis
685 397 764 432 plana
782 396 840 423 loca
859 394 898 422 sic
919 394 1042 421 inunda-

253 449 303 480 vit,
323 451 352 474 ut
367 440 571 481 navigarentur.
590 443 650 478 Quo
668 447 744 470 vates
771 441 897 476 portendi
924 440 1043 467 al'lirma-

253 497 318 521 runt
347 493 404 520 fore
437 496 467 518 ut
493 484 591 518 urbem
621 488 813 523 atnplilicaret,
845 491 874 514 et
904 490 989 512 totam
1014 485 1042 511 in

253 543 388 574 potestate
405 544 453 564 sua
475 536 601 563 haberet.
617 534 643 562 Is
657 541 721 560 vero
738 540 800 560 cum
823 531 876 558 alia
897 530 931 557 ad
956 530 1043 564 impe-

255 585 328 612 rium
359 582 533 618 pertinentia,
566 584 598 608 ut
625 579 673 614 qui
701 577 857 606 volentibus
882 577 1041 611 imperaret,

254 630 372 658 alacrius
401 627 604 656 administravit
632 634 638 652 :
667 630 724 653 tum
759 624 837 658 leges
865 622 965 654 sanxit,
992 627 1043 647 nec

254 681 347 702 tamen
363 678 459 708 suapte
472 671 636 700 auctoritate
651 677 746 697 omnes
758 689 765 700 ,
791 668 839 696 sed
858 667 990 702 quasdam
1008 665 1042 692 ad

257 721 388 757 populum
403 719 478 750 tulit,
497 723 527 745 ut
542 725 602 752 quae
615 716 803 750 displicerent,
818 722 851 741 ea
866 712 1015 747 corrigeret
1033 719 1040 738 :

256 767 369 793 hortans
389 772 496 796 omnes,
521 767 551 790 ut
571 761 652 797 534
675 762 697 788 si
715 759 781 795 quid
807 759 905 786 melius
927 758 1041 790 scirent,

256 814 410 838 monerent.
424 809 557 837 Consules
570 809 635 835 item
650 811 677 834 et
691 814 706 834 e
719 807 826 834 caeteris
839 806 1043 840 magistratibus

255 857 396 892 singulos,
413 860 440 884 et
456 863 470 882 e
487 859 643 881 senatorum
662 861 778 880 numero
795 860 829 879 xv
854 852 888 879 ad
910 856 1042 879 semestre

257 902 283 929 in
297 901 442 928 consilium
457 896 593 931 adhibuit,
609 903 639 926 ut
654 906 703 932 per
718 905 766 925 eos
778 896 905 924 omnibus
918 904 949 924 ea
966 904 1042 923 com-

257 947 423 976 municaret.
456 954 517 980 qua:
546 943 722 972 deliberanda
753 946 866 975 essent,
902 941 1041 969 interdum

257 994 340 1020 etiam
353 993 399 1027 jus
413 999 474 1018 cum
489 992 529 1018 eis
543 990 619 1017 dixit.
632 990 700 1018 Nam
714 993 826 1017 senatus
845 988 928 1015 etiam
947 995 996 1022 per
1014 995 1043 1015 se

258 1039 385 1072 suﬂragia
417 1037 521 1065 terebat
540 1046 547 1064 :
568 1037 663 1071 legatis
691 1043 801 1070 quoque
825 1039 853 1063 et
879 1035 1044 1062 caduceato-

259 1084 337 1110 ribus
355 1083 506 1118 respondit.
522 1082 644 1116 Populus
658 1081 782 1116 quamvis
795 1080 828 1107 ad
851 1080 959 1108 comitia
975 1087 1043 1107 con-

258 1130 376 1162 veniret,
394 1129 463 1155 nihil
482 1133 571 1155 tamen
588 1128 745 1161 gerebatur,
760 1126 833 1161 quod
859 1126 896 1153 illi
913 1126 1042 1161 displice-

260 1179 312 1201 ret.
342 1174 516 1209 Magistratus
543 1173 642 1208 partim
671 1173 730 1207 ipse
755 1171 920 1206 designavit,
944 1172 1043 1207 partim

260 1220 378 1247 arbitrio
397 1220 490 1255 populi
518 1218 702 1254 designandos
727 1218 852 1253 permisit
878 1218 929 1245 :in
948 1218 974 1245 id
1002 1218 1046 1245 in-

259 1269 363 1296 tentus,
382 1273 417 1291 ne
435 1264 532 1298 inepti,
546 1271 614 1290 neve
630 1271 679 1298 per
694 1263 828 1290 ambitum
846 1266 873 1290 et
887 1262 1045 1298 largitiones

259 1310 344 1344 aliqui
366 1313 537 1336 crearentur.
560 1308 662 1336 Gentes
683 1307 814 1342 quasdam
840 1315 889 1343 per
913 1308 1044 1343 semetip-

259 1362 331 1387 sum,
352 1356 450 1389 partim
470 1361 519 1389 per
541 1354 610 1380 alios
633 1353 757 1380 Romano
781 1353 895 1388 imperio
916 1353 1044 1388 subjecit.

259 1400 294 1426 At
307 1399 413 1435 Egypti
428 1404 527 1434 prastor
538 1399 626 1426 Elius
639 1399 732 1427 Gallus
744 1399 920 1433 expeditione
935 1399 962 1426 in
978 1400 1046 1426 Ara-

260 1446 331 1472 biam
351 1445 481 1477 Felicem,
498 1445 542 1472 cui
563 1444 648 1472 Sabas
665 1445 826 1480 imperabat,
841 1450 977 1480 suscepta,
994 1445 1046 1472 etsi

260 1493 285 1519 ei
305 1492 451 1519 resistebat
467 1498 560 1522 nemo,
577 1499 631 1518 non
649 1495 741 1518 tamen
760 1491 829 1518 citra
840 1499 992 1518 aerumnam
1006 1496 1047 1519 est

261 1545 433 1573 progressus.
451 1536 517 1563 Nam
535 1541 563 1563 et
577 1536 736 1568 solitudine,
753 1541 781 1564 et
802 1536 868 1563 solis
884 1537 994 1569 ardore,
1019 1541 1047 1564 et

261 1591 331 1618 aqua
361 1582 498 1610 insalubri
524 1582 626 1609 milites
658 1583 779 1617 graviter
805 1586 869 1609 sunt
895 1582 997 1614 alllicti,
1018 1586 1047 1609 ut

1094 345 1208 380 σημεῖον
1236 342 1266 369 οὐ
1297 341 1397 377 μικρὸν
1424 341 1484 368 τότε
1512 341 1584 368 κατὰ
1599 340 1648 376 τὴν
1671 340 1758 367 νύκτα
1774 341 1886 374 ἐκείνην

1091 391 1213 426 ἐγένετο.
1243 389 1274 415 '0
1301 388 1355 423 γὰρ
1383 387 1506 423 Τίϐερις,
1528 387 1691 422 πελαγίσας,
1718 388 1807 414 πᾶσαν
1834 389 1886 423 τὴν

1092 436 1205 463 πεδιάδα
1219 434 1270 470 τῆς
1284 433 1394 469 Ῥώμης
1410 433 1560 461 κατέλαϐεν
1574 433 1646 460 ὥστε
1666 433 1792 460 πλεῖσθαι
1803 441 1810 448 ·
1834 435 1886 461 καὶ

1092 482 1115 508 ol
1132 481 1244 516 μάντεις
1263 480 1303 506 ὅτι
1321 487 1350 505 τε
1371 479 1417 504 ἐπὶ
1434 478 1506 512 μέγα
1520 477 1645 512 αὐξήσει,
1665 480 1712 503 καὶ
1725 477 1768 503 ὅτι
1790 478 1884 503 πᾶσαν

1091 527 1141 562 τὴν
1170 526 1249 552 πόλιν
1279 524 1441 559 ὑποχειρίαν
1467 524 1536 557 ἔξει,
1555 524 1586 550 ἐκ
1617 523 1714 550 τούτου
1735 525 1885 558 προεῖπον.

1098 572 1128 599 '0
1143 572 1170 598 δέ
1190 572 1224 599 τά
1243 580 1271 597 τε
1288 570 1356 598 ἄλλα
1369 571 1404 597 τὰ
1425 571 1459 605 τῇ
1485 570 1556 605 ἀρχῇ
1582 570 1758 604 προσήκοντα.
1780 570 1886 605 προθυ-

1094 618 1210 654 μότερον
1233 617 1380 651 ἔπραττεν,
1405 615 1443 647 ὡς
1468 615 1614 642 ἐθελόντων
1631 615 1734 651 ἄρχων,
1751 615 1799 642 καὶ
1827 617 1886 642 tvo-

1095 663 1266 698 μοθέτει·ού
1293 663 1384 698 μέντοι
1417 662 1506 688 πάντα
1526 660 1752 696 ἐθελογνωμονῶν
1784 661 1882 696 ἐνομο·

1094 708 1179 740 θέτει,
1194 707 1251 735 ἀλλ’
1268 707 1342 734 ἔστιν
1363 707 1381 734 ἃ
1405 706 1453 733 καὶ
1478 706 1507 737 ἐς
1523 705 1553 732 τὸ
1576 706 1708 741 δημόσιον
1732 705 1886 740 προετίθει,

1092 755 1167 786 ὅπως
1185 754 1217 780 ἄν
1227 762 1253 780 τι
1270 753 1307 788 μὴ
1325 752 1422 787 ἀρέσῃ,
1432 751 1624 787 ὲπανορθώσῃ,
1640 752 1687 778 καὶ
1699 751 1887 787 προετρέπετο

1096 800 1188 827 πάντα
1214 797 1410 834 συμϐουλεύειν
1434 797 1509 833 αὐτῷ
1526 797 1554 823 ετ
1567 797 1608 828 τίς
1624 805 1651 823 τι
1667 796 1778 832 ἄμεινον
1802 796 1884 831 γνοίη

1094 845 1188 874 αὐτοῦ.
1217 846 1272 872 Καὶ
1292 843 1356 876 τοὺς
1383 844 1504 875 ὑπάτους
1529 844 1576 870 καὶ
1598 843 1630 870 ἐκ
1650 843 1705 870 τῶν
1725 843 1812 870 ἄλλων
1834 843 1886 877 άρ-

1093 893 1196 928 χόντων
1210 891 1260 919 ἕνα
1273 891 1338 926 παρ’
1354 891 1492 922 ἑκάστων,
1513 890 1561 917 καὶ
1579 890 1616 922 ιιι¹
1633 889 1680 916 τοῦ
1701 889 1755 916 τῶν
1770 889 1887 924 βουλευ-

1094 938 1149 965 τῶν
1166 937 1288 972 πλήθους
1304 935 1504 963 πεντεκαίδεκα
1520 934 1690 970 συμϐούλους
1705 935 1732 967 ἐς
1748 935 1885 970 ἑξάμηνον

1095 983 1319 1019 παρελάμϐανεν,
1330 981 1400 1008 ὥστε
1416 982 1450 1008 δι’
1466 981 1557 1007 αὐτῶν
1572 981 1619 1008 καὶ
1638 982 1705 1007 πᾶσι
1724 980 1886 1007 κοινοῦσθαι

1094 1031 1128 1057 τὰ
1147 1029 1340 1065 βουλευέμενα.
1359 1027 1437 1054 Ἐστι
1460 1025 1483 1053 δ’
1505 1027 1549 1053 ὅτι
1565 1026 1612 1053 καὶ
1627 1025 1735 1057 ἐδίκαζε
1754 1026 1812 1060 μετ’
1834 1026 1887 1052 αὑ-

1094 1075 1159 1101 τῶν.
1178 1074 1290 1108 Ἐκρινε
1320 1072 1371 1108 μὲν
1398 1072 1452 1106 γὰρ
1476 1071 1524 1098 καὶ
1553 1071 1616 1098 καθ’
1638 1070 1740 1106 ἑαυτὴν
1755 1072 1771 1106 ἡ
1789 1071 1885 1106 βουλή.

1100 1120 1155 1146 Καὶ
1168 1118 1329 1154 πρεσϐείαις
1345 1118 1393 1144 καὶ
1408 1116 1571 1152 κηρυκείαις
1588 1116 1784 1151 ἐχρημάτιζεν.
1801 1116 1835 1143 '0
1854 1125 1886 1142 τε

1094 1163 1187 1201 δῆμοξ
1205 1165 1246 1196 εἰς
1265 1164 1314 1195 τὰς
1338 1162 1518 1199 ἀρχαιρεσίας
1543 1162 1715 1196 συνελέγετο,
1733 1163 1763 1188 οὺ
1790 1162 1886 1196 μέντοι

1095 1211 1247 1246 ἐπράττετό
1264 1219 1289 1236 τι
1307 1210 1321 1236 δ
1341 1210 1378 1244 μὴ
1402 1209 1501 1243 ἐκείνῳ
1531 1207 1645 1243 ἤρεσκε.
1674 1208 1728 1233 Καὶ
1749 1207 1812 1239 τοὺς
1832 1208 1887 1243 ἆρ-

1097 1258 1193 1290 ξοντας
1210 1256 1272 1288 τοὺς
1299 1255 1348 1290 μὲν
1363 1255 1446 1286 αὐτὸς
1462 1253 1660 1290 προεϐάλλετο,
1678 1253 1741 1285 τοὺς
1755 1253 1783 1280 δὲ
1803 1254 1832 1284 ἐς
1850 1253 1884 1280 τὸ

1096 1304 1185 1332 κοινὸν
1208 1303 1338 1334 ἐποιεῖτο,
1359 1300 1575 1336 ἐπιμελούμενος
1596 1300 1667 1327 ὥστε
1697 1299 1760 1334 μήτ’
1784 1300 1883 1326 ἀνεπι-

1095 1350 1196 1386 τήδειοι
1215 1349 1277 1385 μήτ’
1291 1349 1322 1375 ἐκ
1343 1346 1604 1383 παρακελεύσεωςῆ
1622 1347 1670 1372 καὶ
1693 1347 1725 1372 ἐκ
1744 1345 1885 1381 Saxas-p.06

1097 1394 1318 1421 ἀποδείκνυνται.
1341 1393 1396 1419 Καὶ
1411 1392 1474 1428 ἔθνη
1489 1392 1524 1419 τὰ
1541 1392 1591 1426 μὲν
1616 1391 1650 1418 δι’
1663 1391 1773 1424 ἑαυτοῦ,
1797 1391 1833 1417 τὰ
1855 1391 1886 1417 δὲ

1097 1439 1129 1466 δι’
1144 1440 1245 1474 ἑτέρων
1268 1440 1301 1474 τῇ
1321 1436 1467 1473 Ῥωμαίων
1483 1437 1620 1473 ἡγεμονίᾳ
1641 1436 1786 1470 ὑπέταξεν.
1809 1436 1839 1462 Ὀ
1854 1436 1885 1462 δὲ

1097 1484 1148 1520 τῆς
1168 1483 1307 1518 Αἰγύπτου
1331 1483 1423 1518 ἄρχων
1441 1482 1532 1514 Αἴλιος
1553 1483 1655 1514 Γάλλος
1677 1482 1724 1508 ἐπὶ
1751 1482 1884 1516 Ἀραϐίαν

1098 1530 1150 1565 τὴν
1174 1529 1337 1564 Εὐδαίμονα,
1359 1527 1394 1566 ἧς
1418 1529 1503 1560 Σαϐος
1524 1528 1694 1561 ἐϐασίλευεν,
1719 1530 1886 1565 ἐστράτευσε

1097 1577 1168 1607 τότε,
1187 1576 1234 1602 καὶ
1249 1576 1336 1606 οὐδεὶς
1353 1576 1403 1610 μὲν
1418 1575 1535 1602 ἐνώπιον
1549 1575 1631 1602 αὑτοῦ
1652 1576 1720 1610 ἔστη
1734 1577 1788 1602 τῶν
1805 1577 1886 1602 πολε-

261 1628 378 1655 maxima
396 1635 459 1662 pars
474 1628 609 1655 exercitus
624 1636 657 1654 ex
674 1627 771 1654 morbo
785 1635 840 1662 quo
855 1629 943 1663 capita
959 1628 1045 1655 exsic-

1101 1621 1179 1656 μίων,
1193 1621 1224 1646 ού
1242 1620 1295 1655 μὴν
1317 1619 1426 1651 ἀπόνως
1442 1619 1599 1655 προύχώρει
1613 1628 1620 1635 '
1635 1621 1652 1655 ἦ
1669 1629 1698 1646 τε
1711 1621 1766 1655 γὰρ
1779 1621 1887 1656 ἐρημία

261 1673 408 1706 cabantur,
435 1673 570 1700 interiret.
598 1673 623 1700 ls
649 1674 751 1702 multos
771 1674 862 1701 statim
885 1675 1046 1709 perimebat.

263 1719 292 1747 Si
308 1719 354 1754 qui
373 1727 437 1746 vere
450 1719 614 1751 evadebant,
632 1720 660 1746 in
677 1727 772 1746 eorum
788 1720 887 1756 pedes,
904 1724 960 1747 toto
984 1721 1048 1747 reli-

262 1773 317 1799 quo
334 1772 450 1799 corpore
466 1764 606 1798 incolumi,
626 1765 778 1798 desidebat,
790 1774 893 1800 eosque
910 1766 1046 1794 vexabat:

262 1818 315 1837 nec
334 1810 420 1837 ullum
436 1814 495 1837 erat
512 1810 664 1837 remedium
681 1811 766 1844 aliud,
782 1811 835 1838 nisi
860 1815 889 1838 ut
902 1812 962 1838 oleo
984 1812 1047 1839 vino

262 1859 415 1890 temperato
437 1855 644 1891 inungerentur.
667 1856 697 1883 ld
718 1864 785 1884 vero
810 1859 957 1892 perpaucis
980 1866 1047 1893 sup-

263 1900 373 1936 petebat
389 1909 396 1928 :
413 1908 476 1928 nam
492 1908 525 1928 ea
548 1902 622 1936 regio
643 1906 770 1929 neutrum
785 1903 881 1938 gignit,
905 1911 993 1938 neque
1009 1904 1047 1931 illi

263 1952 388 1979 magnam
410 1946 516 1980 copiam
536 1951 732 1981 praepararant.
754 1946 784 1973 ln
809 1954 841 1974 ea
865 1947 910 1976 lue
938 1948 1046 1976 barbari

263 1998 384 2025 quoque,
402 1991 521 2026 receptis
534 1991 603 2019 locis
616 1999 676 2027 qum
692 1992 855 2027 amiSerant,
872 2001 967 2021 eorum
984 1994 1048 2022 reli-

265 2036 342 2070 quias
357 2037 467 2071 regione
481 2037 655 2071 expulerunt.
672 2037 811 2073 Augustus
823 2047 890 2066 vero
903 2039 1048 2068 undecimo

264 2083 406 2109 consulatu
422 2082 480 2109 sine
500 2083 554 2108 ulla
570 2090 617 2117 spe
633 2083 728 2110 Salutis
740 2088 893 2118 mgrotans,
914 2089 945 2111 ut
962 2085 1047 2112 mori-

265 2131 343 2154 turus
366 2132 560 2154 testamentum
579 2127 663 2160 fecit,
684 2135 734 2155 nec
757 2128 865 2163 imperii
890 2137 1048 2158 successore

264 2172 320 2199 ullo
337 2172 433 2200 relicto
450 2181 457 2199 :
472 2172 595 2199 libellum
611 2174 638 2199 in
656 2180 710 2207 quo
735 2173 856 2208 legiones
874 2178 902 2201 et
926 2174 1049 2209 publicos

262 2215 369 2242 reditus
382 2216 591 2251 perscripserat,
609 2216 701 2243 Pisoni
718 2217 840 2250 tradidit,
857 2218 984 2254 Agrippa:
1001 2227 1050 2247 an-

263 2259 361 2286 nulum
379 2261 512 2293 porrexit.
535 2261 589 2288 Sed
610 2261 644 2288 ab
658 2262 778 2290 Antonio
801 2263 876 2290 Musa
900 2264 1049 2293 lotionibus

263 2308 292 2331 et
311 2305 469 2340 potionibus
484 2306 589 2341 frigidis
603 2311 646 2334 est
660 2312 810 2336 recreatus.
833 2308 890 2342 Qua
910 2309 944 2337 de
967 2317 1049 2338 causa

264 2351 389 2377 medicus
411 2355 439 2378 et
467 2350 500 2378 ab
519 2352 566 2379 illo
581 2356 608 2380 et
627 2361 642 2380 a
658 2359 756 2381 senatu
779 2355 936 2390 pecuniam,
958 2360 988 2383 et
1003 2357 1049 2392 jus

264 2397 340 2424 aurei
356 2397 461 2430 annuli,
480 2399 606 2432 quamvis
622 2399 786 2433 libertinus,
803 2401 908 2436 accepit
926 2411 932 2429 :
948 2401 1049 2430 immu-

263 2442 349 2470 nitate
361 2446 390 2469 et
404 2442 455 2477 ipsi
470 2447 497 2470 et
510 2443 626 2471 medicis
641 2444 770 2472 omnibus
782 2450 809 2473 et
829 2450 884 2473 tum
896 2451 924 2475 et
952 2447 980 2475 in
993 2456 1049 2483 .po-

263 2492 366 2515 sterum
381 2488 453 2515 data.
470 2489 508 2516 lta
524 2495 714 2521 conservatus,
731 2495 921 2519 testamentum
940 2493 968 2520 in
984 2501 1051 2521 con-

263 2533 355 2561 cilium
380 2533 486 2561 illatum
525 2535 632 2562 recitari
654 2536 748 2571 jussit,
775 2541 805 2564 ut
831 2538 990 2566 ostenderet
1020 2547 1049 2568 se

264 2580 369 2606 nullum
388 2588 575 2608 successorem
600 2583 745 2617 scripsisse
762 2592 769 2610 :
785 2584 832 2610 sed
847 2584 873 2611 id
898 2592 913 2612 a
939 2586 1050 2613 nemine

264 2623 365 2652 lectum
379 2631 431 2653 est.
445 2627 525 2655 Anno
541 2629 667 2663 sequenti
685 2637 746 2656 cum
763 2635 840 2664 peste
866 2636 894 2658 et
917 2631 988 2659 fame
1000 2640 1050 2667 per

267 2675 348 2696 totam
365 2672 469 2699 Italiam
486 2673 669 2707 laboraretur,
691 2675 805 2703 Romani
827 2677 971 2711 opinantes
993 2686 1049 2706 non

265 2715 344 2742 aliam
369 2716 448 2752 535
462 2726 557 2746 eorum
583 2721 716 2748 malorum
735 2729 796 2749 esse
820 2730 940 2756 causam,
964 2732 1046 2759 quam

266 2762 339 2794 quod
359 2762 497 2797 Augustus
523 2771 579 2792 tum
606 2775 715 2802 quoque
740 2769 835 2795 consul
861 2777 915 2796 non
939 2775 1048 2798 creatus

266 2812 354 2840 esset,
370 2807 531 2850 dictatorem
550 2819 612 2839 eum
629 2813 721 2841 dicere
736 2814 883 2842 voluerunt
898 2824 904 2842 :
921 2820 947 2843 et
967 2824 1048 2844 sena-

266 2854 324 2880 tum
339 2852 366 2880 in
380 2854 457 2881 curia
473 2855 631 2884 conclusum
647 2859 699 2886 hoc
719 2858 867 2888 decernere
886 2866 1046 2896 coegerunt,

1099 1666 1145 1692 καὶ
1159 1665 1172 1691 ό
1185 1665 1260 1700 ἣλιος
1275 1665 1311 1691 τά
1331 1673 1360 1691 τε
1372 1665 1468 1697 ὕδατα,
1484 1665 1565 1699 φύσιν
1580 1666 1684 1692 ἄτοπον
1699 1665 1803 1701 ἔχοντα,
1817 1667 1886 1700 σφό-

1097 1711 1148 1746 δρα
1173 1710 1273 1741 αὐτοὺς
1293 1709 1530 1745 ἐταλαιπώρησεν,
1547 1710 1616 1737 ὥστε
1639 1711 1671 1738 τὸ
1693 1712 1787 1739 πλεῖον
1812 1712 1886 1747 φθει-

1099 1757 1178 1792 ρῆναι
1209 1756 1259 1791 τῆς
1280 1756 1427 1791 στρατιᾶςο
1456 1756 1487 1782 τὸ
1514 1756 1541 1782 δὲ
1569 1757 1688 1792 νόσημα,
1717 1759 1750 1792 τῇ
1778 1759 1886 1794 κεφαλῇ

1098 1802 1262 1837 ὲνσκῆπτον,
1275 1802 1420 1838 ὲξήραινεν
1437 1802 1534 1838 αὐτὴν,
1550 1804 1598 1830 καὶ
1622 1804 1738 1835 πολλοὺς
1761 1804 1811 1839 μὲν
1833 1805 1885 1832 αὐ-

1097 1849 1161 1875 τίκα
1176 1848 1302 1875 ἀπώλλυε
1313 1856 1320 1863 ·
1338 1849 1391 1875 τῶν
1407 1848 1435 1875 δὲ
1457 1851 1677 1885 περιγενομένων
1700 1851 1729 1882 ἐς
1744 1851 1778 1878 τὰ
1800 1851 1886 1886 σκέλη

1098 1893 1206 1929 κατῄει,
1221 1893 1295 1920 ἇπαν
1310 1893 1342 1920 τδ
1362 1894 1465 1929 μεταξὺ
1493 1894 1540 1921 τοὺ
1559 1894 1686 1930 σώματος
1707 1896 1886 1930 ὑπερϐαῖνον,

1098 1940 1146 1967 καὶ
1161 1941 1253 1972 αὐτοῖς
1280 1940 1444 1976 ἐλυμαίνετο
1457 1948 1464 1955 ”
1482 1941 1552 1976 ίσμά
1571 1949 1603 1968 τε
1624 1942 1700 1970 οὐδὲν
1716 1940 1749 1979 ἦν
1765 1943 1780 1977 ἢ
1802 1943 1829 1969 εἴ
1844 1953 1887 1976 τις

1099 1987 1188 2013 ἔλαιον
1203 1989 1266 2022 οῐνῳ
1283 1988 1454 2023 μεμιγμένον
1469 1987 1608 2023 ἠλείψατο.
1625 1989 1664 2015 Τὰ
1687 1989 1716 2016 δὲ
1741 1990 1811 2017 πάνυ
1828 1991 1887 2017 ὀλί-

1098 2042 1157 2068 γοις
1172 2032 1217 2069 ἦν.
1235 2034 1272 2060 Ἦ
1296 2042 1324 2060 τε
1347 2035 1403 2069 γὰρ
1425 2033 1501 2069 χώρα
1518 2035 1661 2070 οὑδετερον
1680 2035 1772 2062 αὐτῶν
1795 2037 1887 2072 φέρει,

1099 2079 1236 2112 κάκείνοις
1252 2081 1300 2107 οὐκ
1312 2081 1417 2115 ἄφθονα
1434 2081 1520 2109 ταῦτα
1538 2084 1811 2118 προπαρεσκεύαστο.
1827 2086 1889 2112 Κάν

1098 2125 1138 2160 τῷ
1154 2126 1226 2161 πόνῳ
1241 2126 1329 2162 τούτῳ
1343 2127 1390 2153 καὶ
1400 2128 1425 2153 οί
1439 2127 1573 2163 βάρϐαροι
1596 2128 1688 2162 σφίσιν
1700 2130 1889 2164 ἐπιτιθέμενοι

1098 2171 1133 2196 τά
1146 2178 1178 2196 τε
1197 2170 1285 2206 χωρία
1302 2170 1320 2197 ἃ.
1335 2172 1399 2205 πρὶν
1412 2172 1554 2208 ἀφῄρηντο
1570 2174 1746 2209 ἐκομίσαντο,
1759 2175 1805 2202 καὶ
1821 2178 1889 2206 τοὺς

1099 2215 1328 2250 περιλειφθέντας
1355 2217 1388 2243 ὲκ
1417 2218 1466 2252 τῆς
1501 2218 1596 2254 χώρας
1630 2220 1776 2254 ἐξήλασαν.
1810 2220 1841 2248 '0
1864 2222 1888 2248 δ’

1100 2260 1257 2295 Αὔγουστος
1287 2261 1430 2289 ἑνδέκατον
1459 2263 1614 2296 ὑπατεύσας
1646 2266 1784 2301 ἐνόσησεν,
1814 2266 1889 2293 ὥστε

1064 2302 1088 2330 1)
1103 2306 1164 2342 μηδ’
1189 2307 1287 2334 ἐλπίδα
1307 2309 1382 2343 σχεῖν
1407 2309 1557 2345 σωτηρίας,
1583 2311 1630 2336 καὶ
1652 2310 1690 2342 ὡς
1714 2311 1890 2347 τελευτήσων

1100 2352 1214 2385 διέθετο,
1243 2353 1291 2380 καὶ
1324 2353 1449 2390 διάδοχον
1474 2355 1525 2389 μὲν
1551 2356 1650 2383 οὐδένα
1676 2357 1816 2390 ἀπέδειξε,
1846 2357 1888 2394 τῷ

1103 2399 1222 2426 Πείσωνι
1244 2400 1273 2426 δὲ
1292 2401 1341 2432 τάς
1356 2409 1385 2427 τε
1407 2402 1537 2437 δυνάμεις
1551 2403 1660 2434 καὶτὰς
1683 2403 1778 2435 κοινὰς
1799 2412 1890 2439 προσ-

1101 2446 1178 2478 όδους
1207 2447 1248 2478 είς
1275 2446 1379 2482 βιϐλίον
1401 2448 1512 2483 γράψας
1532 2449 1629 2480 ἔδωκε,
1647 2449 1723 2483 τῷδ’
1745 2450 1891 2485 Ἀγρίππᾳ.

1099 2493 1145 2519 τὶν
1159 2492 1303 2520 δακτύλιον
1317 2494 1493 2530 ἐνεχείρισεν.
1512 2494 1656 2527 Ἀντώνιος
1670 2495 1699 2521 δέ
1713 2504 1755 2526 τις
1772 2496 1890 2527 Μούσας

1102 2539 1174 2566 οὓτω
1194 2540 1288 2571 κακῶς
1305 2540 1386 2566 αὑτὸν
1409 2540 1586 2576 διακείμενον
1604 2541 1818 2576 ψυχρολουσίαις
1841 2543 1892 2569 καὶ

1102 2586 1300 2621 ψυχροποσίαις
1332 2586 1484 2621 ἀνέρρωσε.
1511 2586 1557 2612 Διὸ
1583 2587 1630 2613 καὶ
1662 2587 1793 2622 χρήματα
1820 2587 1893 2622 παρ’

1102 2631 1186 2657 αὑτοῦ
1206 2639 1235 2657 τε
1254 2632 1302 2657 καὶ
1316 2632 1394 2666 παρᾶ
1417 2631 1467 2665 τῆς
1494 2631 1592 2667 βουλῆς
1614 2631 1706 2664 ἔλαϐε,
1727 2633 1774 2659 καὶ
1790 2633 1892 2659 δακτυη

1102 2678 1169 2709 λίοις
1196 2678 1316 2712 χρυσοῖς,
1343 2676 1527 2712 ἀπελεύθερος
1552 2677 1599 2711 ὢν,
1619 2678 1762 2712 ἐπετράπη
1787 2678 1891 2713 κεχρῆα

1103 2724 1178 2755 σθαι,
1202 2723 1328 2750 ἀτέλειαν
1347 2732 1376 2749 τε
1401 2723 1476 2757 αὐτῷ
1503 2724 1620 2755 καὶτοῖς
1646 2724 1803 2759 ὁμοτέχνοις
1830 2718 1890 2754 τοῖς

1102 2770 1161 2796 οὖσι
1176 2770 1224 2796 καὶ
1239 2771 1294 2801 τοῖς
1309 2770 1450 2805 ἐσομένοις
1461 2770 1642 2804 παρέσχοντο.
1657 2770 1735 2797 Οὕτω
1750 2770 1778 2796 δὲ
1790 2770 1890 2801 σωθεὶς

1103 2817 1142 2848 είς
1159 2815 1191 2843 τὸ
1209 2815 1347 2850 συνέδριον
1369 2817 1420 2847 τὰς
1436 2816 1571 2851 διαθήκας
1583 2816 1741 2850 εἰσήνεγκε,
1757 2815 1805 2842 καὶ
1821 2815 1890 2841 άνα-

1103 2861 1262 2896 γνωσθῆναι
1274 2861 1436 2897 ἐπέτρεπεν,
1452 2862 1659 2897 ἐνδεικνύμενος
1672 2862 1713 2888 ὅτι
1729 2861 1825 2888 οὐδένα
1838 2861 1889 2896 τῆς
