2050 3154
245 182 297 216 931

876 171 1040 203 JOANNIS
1058 172 1219 203 ΖΟΝΑΒΑΞ

1818 165 1872 197 932

245 235 316 270 quod
327 233 449 261 funditus
458 240 520 261 cum
529 231 617 266 patria
627 234 655 257 et
663 235 746 264 regno
756 226 909 255 interisset.
917 225 1035 253 Senato-

1093 226 1214 261 τατρίδος
1238 225 1286 253 καὶ
1307 227 1356 260 τῆς
1373 224 1514 260 βασιλείας
1535 222 1670 250 ἀπώλετο.
1692 220 1828 248 Τοσοῦτον
1842 218 1872 248 δι

247 289 307 308 rum
315 285 390 308 certe
404 279 515 314 quidem
525 282 553 303 et
565 277 682 303 aliorum
693 278 771 301 tanta
786 272 934 300 multitudo
947 272 1032 299 inter-

247 328 316 355 fecta
326 332 379 358 est.
393 331 485 353 utnon
496 326 590 351 essent
603 321 652 356 qui
662 319 864 356 provinciarum
871 317 1034 353 praesidibus

247 379 422 401 successores
444 370 505 397 dari
528 373 653 403 possent.
674 368 712 394 Ae
727 366 775 394 alii
798 365 866 393 alias
887 364 923 392 ob
938 371 1035 391 causas

249 425 300 446 tam
315 419 396 445 falsas
409 424 491 452 quam
505 423 584 442 veras
600 414 811 443 occidebantur.
827 412 956 439 Aﬂmiiius
970 417 1035 438 vero

248 465 368 492 Scaurus
391 463 427 490 ob
442 463 555 489 Atreum
575 460 746 495 tragmdiam,
776 459 803 486 in
828 465 882 493 qua
907 457 1036 484 monebat

248 510 395 545 quemdam
410 513 439 535 ut
453 508 586 543 principis
601 507 785 534 temeritatem
809 504 905 535 ferret,
922 501 1036 530 interfe-

247 559 309 582 ctus
329 559 381 582 est.
396 554 464 580 Nam
482 553 609 580 Tiberius
622 552 666 578 iila
688 555 782 578 contra
802 557 831 577 se
848 548 963 576 conﬁcta
976 547 1036 575 exi—

249 601 376 632 stimans,
386 599 470 626 dixit:
484 600 538 634 Ego
553 607 612 625 vero
629 597 706 624 illum
716 597 822 631 Ajacem
835 595 943 630 faciam.
960 600 1038 620 eum-

249 654 302 681 que
330 646 382 673 sibi
401 653 499 673 manus
520 644 619 672 atl'crre
642 643 740 677 coegit.
763 642 836 669 Inter
867 640 924 666 haec
942 638 1037 666 adole-

249 699 330 719 scens
345 691 454 725 quidam
466 690 492 716 in
500 689 602 716 Graecia
618 692 645 715 et
660 687 733 714 lonia
750 695 779 713 se
794 687 913 713 Drusum
924 691 985 712 esse
997 687 1038 718 12‘-

251 740 342 766 ctans,
358 734 458 770 cupide
481 742 495 760 a
515 733 673 760 civitatibus
696 737 738 759 est
761 734 907 764 susceptus
926 737 933 755 :
955 736 987 756 ac
1010 729 1038 755 in

252 781 358 817 Syriam
374 787 461 814 usque
482 785 656 813 progressus,
673 778 795 812 legiones
815 777 899 804 etiam
915 776 1037 810 accepis-

251 833 304 859 set,
317 826 370 854 nisi
384 827 493 861 agnitus
509 834 525 852 τι
539 825 657 859 quodam
678 828 706 851 et
722 829 830 858 captus.
845 823 880 850 ad
894 823 1036 850 Tiberium

251 873 308 900 Caii
325 871 517 906 nuptiasAntii
530 872 714 897 celebrantem
739 871 887 904 perductus
902 873 984 897 esset.
1001 868 1038 895 Eo

1084 271 1188 307 πλῆθος
1202 272 1258 298 τῶν
1272 280 1307 298 τι
1316 271 1468 306 βουλευτῶν
1482 271 1528 296 καὶ
1542 269 1598 295 τῶν
1610 268 1698 295 ἄλλων
1712 268 1872 302 διέφθαρτο,

1084 318 1156 345 ὥστε
1173 318 1238 350 τοὺς
1253 318 1304 349 τὰς
1325 317 1475 352 ἡγεμονίας
1498 315 1553 342 τῶν
1572 315 1658 342 ἐθνῶν
1674 315 1787 350 ἔχοντας
1802 316 1874 340 ἀπο-

1085 365 1133 400 ρίᾳ
1157 364 1211 390 τῶν
1231 364 1331 394 αὐτοὺς
1346 362 1543 397 διαδεξαμένων
1559 360 1718 395 ἁδιαδόχους
1734 358 1815 387 εἶναι.
1841 360 1874 386 οι

1087 411 1137 446 μὲν
1151 408 1198 437 οὖν
1213 410 1289 437 ἄλλοι
1304 410 1338 436 δι’
1352 409 1436 440 ἄλλας
1451 408 1542 439 αἰτίας
1556 408 1603 433 καὶ
1619 407 1726 440 ψευδεῖς
1745 406 1793 434 καὶ
1807 405 1876 440 ἀλη-

1086 456 1144 488 θεῖς
1166 455 1353 483 ἑκτιννύοντυ.
1368 454 1494 490 Αἰμίλιος
1511 454 1540 480 δὲ
1565 453 1688 488 Σκαῦρος
1702 453 1748 479 διὰ
1762 459 1877 487 τραγῳ-

1085 503 1146 529 δὲαν
1168 502 1316 530 ἀπέθανεν.
1343 501 1456 537 ’Δτρεὺς
1480 500 1530 535 μὲν
1558 500 1612 534 γὰρ
1637 500 1668 526 τὺ
1697 499 1804 534 ποίημα
1829 496 1878 533 ἦν,

1087 548 1207 584 παρῄνει
1223 548 1251 574 δὲ
1266 548 1323 574 τῶν
1337 546 1500 582 ἀρχομένων
1513 547 1574 578 τινὶ,
1587 545 1636 581 τὴν
1649 547 1696 572 τοῦ
1709 544 1878 581 κρατοῦντος

1088 595 1217 621 ἀϐουλίαν
1232 595 1337 628 φέρειν.
1355 592 1457 620 Μαθὼν
1474 590 1521 619 οὖν
1534 592 1621 618 ταῦτα
1648 591 1662 617 ὁ
1681 591 1818 625 Τιϐέριος.
1832 589 1878 616 ἐπ’

1088 641 1171 668 αὐτὸν
1187 639 1352 674 πεποιῆσθαι
1365 639 1396 665 τὸ
1411 638 1478 669 ἔπος
1487 638 1610 672 ἐνόμισε,
1628 639 1676 664 καὶ
1688 635 1748 663 εἷπε
1758 645 1767 653 ⁸
1789 636 1879 670 Κάγὼ

1088 684 1146 714 οὖν
1161 686 1273 712 Αίαντα
1293 684 1387 711 αὐτὸν
1402 683 1530 716 ποιήσω,
1556 683 1603 709 καὶ
1622 682 1754 717 αὑθεντίᾳ
1777 681 1878 708 ἀπολέ-

1089 732 1152 759 σθαι
1169 731 1251 758 αὑτὸν
1273 731 1439 765 ἠνάγκασεν.
1462 730 1507 756 Ἐν
1532 730 1638 761 τούτοις
1661 730 1805 759 νεανίσκος
1833 736 1879 760 τις

1088 779 1208 813 Δροῦσος
1223 776 1296 804 εἷναι
1312 777 1410 809 λέγων,
1424 777 1490 812 περί
1502 785 1531 802 τε
1548 776 1596 811 τὴν
1615 775 1730 802 Ἐλλάδα
1754 775 1801 801 καὶ
1826 775 1877 808 τὴν

1096 825 1201 857 Ἰωνίαν
1213 823 1303 858 ὤφθη.
1319 823 1374 850 Καὶ
1398 823 1524 855 ἐδέξαντο
1539 822 1621 849 αὑτὸν
1639 822 1768 856 ἁσμένως
1787 822 1816 847 αί
1829 821 1880 847 πό-

1089 871 1158 902 λεις,
1174 870 1291 896 καὶκᾶν
1308 870 1338 900 ές
1354 869 1404 903 τὴν
1428 869 1529 903 Συρίαν
1556 869 1740 903 προχωρήσας
1760 865 1878 901 κατέσχε

253 926 324 956 anno
339 917 448 944 Tiberis
462 916 552 952 multa
563 916 641 942 urbis
658 917 716 942 loca
728 915 768 942 sic
778 914 932 946 inundavit,
947 918 977 940 ut
990 920 1038 940 na-

1093 917 1124 942 τὰ
1144 915 1324 950 στρατόπεδα,
1344 916 1368 941 εί
1385 916 1423 949 μή
1441 923 1484 946 τις
1505 915 1631 948 ἐπιγνοὺς
1647 914 1729 940 αὑτὸν
1746 913 1878 940 συνέλαϐε

254 963 419 997 rigarcutur,
438 966 466 988 et
483 961 537 996 igni
555 961 672 994 plurima
685 959 799 986 aedificia
812 963 876 986 sunt
886 962 1036 992 assumpta.

251 1007 329 1041 Quod
358 1007 379 1033 si
396 1006 461 1041 quid
483 1006 645 1041 Egyptiaca
669 1005 703 1032 ad
726 1005 862 1032 Romanos
887 1003 1037 1037 pertinent,

253 1053 365 1089 phoenix
381 1061 414 1080 eo
431 1059 503 1079 anno
520 1056 685 1086 conspectus
706 1055 750 1078 est
764 1059 771 1078 :
795 1057 855 1084 qua:
874 1057 918 1076 res
934 1048 1037 1075 Tiberii

256 1103 372 1126 mortem
402 1097 568 1133 portendere
592 1097 767 1124 videbantur.
789 1095 841 1128 Qui
863 1103 926 1123 cum
952 1094 1039 1121 multo

254 1151 317 1173 ante
337 1149 481 1180 aegrotaret
495 1164 502 1177 ,
519 1151 609 1178 neque
627 1144 715 1171 vietus
737 1142 871 1169 rationem
898 1141 1039 1172 mutabat.

253 1200 342 1227 neque
353 1191 467 1218 medicis
488 1191 615 1217 utebatur
639 1193 752 1224 propter
770 1187 915 1222 Thrasyllii
931 1186 1014 1213 verba
1031 1194 1038 1212 :

252 1238 298 1273 qui
321 1245 383 1264 cum
408 1242 437 1264 et
461 1236 533 1263 diem
547 1240 576 1263 et
591 1236 684 1262 horam
703 1234 800 1261 mortis
827 1234 887 1268 ejus
904 1232 1040 1267 exquisite

254 1287 356 1314 nosset,
380 1283 404 1309 ei
421 1282 529 1309 dixerat
546 1281 710 1309 decennium
734 1280 824 1307 adhuc
839 1279 989 1310 victurum,
1011 1282 1041 1305 ut

253 1338 301 1364 spe
313 1327 496 1356 diuturnioris
514 1328 576 1355 vita:
596 1327 687 1354 minus
707 1326 808 1352 multos
824 1324 974 1352 occideret.
993 1322 1040 1351 Uti

253 1383 344 1404 autem
369 1376 398 1403 iit
424 1376 450 1403 in
466 1375 544 1403 senio
566 1379 593 1402 et
615 1374 712 1401 morbo
728 1381 781 1400 non
797 1377 891 1406 acuto,
909 1373 977 1400 alias
994 1371 1042 1399 de-

253 1422 413 1454 cumbebat,
431 1422 498 1448 alias
516 1421 735 1449 convalescebat.
756 1419 832 1447 Unde
845 1418 928 1446 Caius
946 1422 974 1445 et
993 1417 1041 1444 alii

255 1477 329 1496 nunc
343 1474 372 1495 ut
389 1476 422 1495 co
434 1468 568 1494 morituro
595 1467 770 1498 izetabantur,
789 1472 861 1491 nunc
876 1469 906 1490 ut
921 1470 1041 1491 evasuro

255 1514 419 1541 rnmrehanl.
438 1514 476 1539 Ac
493 1512 598 1539 veritus
609 1511 701 1540 Caius,
714 1517 747 1536 ue
758 1509 945 1536 valetudinem
961 1508 1042 1543 552

260 1563 449 1593 recuperaret.
461 1565 511 1584 nec
527 1557 619 1583 cibum
642 1555 746 1590 petenti
764 1555 856 1584 dabat.
871 1554 949 1588 quasi
964 1553 986 1580 is
1000 1553 1042 1580 in-

256 1604 480 1632 commodaturus
503 1602 528 1629 ci
553 1606 636 1633 esset,
651 1607 678 1628 et
694 1601 787 1628 multis
806 1607 838 1627 ac
853 1599 946 1626 densis
968 1603 1040 1626 stra-

256 1650 327 1684 gulis
350 1649 469 1683 injectis,
495 1648 574 1683 quasi
595 1647 776 1674 calefactione
791 1653 860 1680 opus
873 1649 958 1678 esset,
977 1651 1041 1672 eum

256 1694 411 1725 suﬁ‘ocavit,
442 1700 529 1720 annos
550 1700 587 1718 vn
603 1697 631 1719 et
651 1699 701 1718 ιιι(
723 1695 827 1722 natum,
843 1697 952 1716 menses
971 1693 1044 1721 iv,et

257 1739 317 1766 dies
347 1747 385 1767 ix.
408 1745 527 1773 quorum
556 1745 574 1763 ιι
605 1742 633 1763 et
657 1744 691 1763 xx
721 1736 876 1770 imperavit,
906 1743 938 1762 ac
965 1742 1043 1762 men-

257 1793 301 1813 ses
315 1790 344 1811 et
360 1786 419 1812 dies
441 1793 489 1815 vn,
506 1783 583 1810 Obiit
604 1791 653 1810 xm
679 1782 737 1810 Kal.
757 1782 867 1816 Aprilis.
889 1781 968 1809 Auno
985 1782 1044 1816 ejus

258 1831 367 1866 imperii
383 1839 416 1858 xv
439 1830 572 1858 Dominus
585 1834 679 1856 uoster
689 1829 768 1856 Jesus
785 1828 911 1856 Christus
923 1827 1046 1862 baptiza-

259 1883 303 1905 tus
317 1882 378 1910 est;
412 1885 488 1909 xvm,
506 1876 625 1903 traditus
648 1881 676 1903 et
688 1875 855 1907 cruciﬁxus,
878 1874 1044 1901 resurrexit.

258 1925 356 1952 Narrat
379 1923 526 1952 Eusebius.
550 1922 668 1949 Pilatum
691 1920 791 1948 Judmaa
807 1924 864 1947 tum
883 1919 1039 1954 praesidem.

259 1969 364 1996 Domini
379 1974 439 1996 acta
460 1969 493 1995 ad
517 1968 660 1995 Tiberium
687 1966 831 2001 scripsisse
846 1986 854 1998 ,
878 1972 941 1993 cum
956 1965 1041 1992 moris

258 2020 350 2047 63511,
370 2020 400 2041 ut
417 2014 622 2048 provinciarum
639 2011 771 2046 praefecti,
788 2011 811 2038 si
826 2010 893 2045 quid
912 2010 977 2037 novi
996 2018 1043 2038 ac—

256 2060 379 2092 cidissct,
413 2060 439 2086 id
464 2058 583 2094 principi
605 2057 801 2092 signiﬁcarent,
830 2064 866 2083 ne
888 2056 973 2083 ullius
1003 2056 1042 2083 rei

258 2114 319 2141 qua
337 2105 408 2140 apud
429 2110 544 2138 exteros;
559 2108 722 2138 gereretur,
748 2103 859 2137 ignarus
876 2107 958 2130 esset.
975 2101 1044 2129 Cum

257 2152 344 2183 enim,
361 2150 459 2184 inquit,
473 2149 630 2177 Servatoris
647 2150 735 2176 nostri
751 2156 766 2176 e
791 2149 908 2175 mortuis
922 2156 1046 2176 resurre-

257 2197 314 2224 ctio
338 2204 386 2230 per
400 2200 483 2222 totam
502 2194 674 2223 Palaestinam
691 2194 830 2222 celebrata
849 2199 931 2227 esset,
941 2194 1045 2221 Pilatus

1090 962 1137 988 καὶ
1151 963 1220 996 πρδς
1233 961 1279 987 τὸν
1294 957 1422 996 Τιϐέριον
1437 961 1543 996 ἢγαγεν
1555 968 1563 976 ·
1577 962 1592 987 ὁ
1604 960 1633 987 δὲ
1652 961 1680 986 ὲν
1699 959 1798 995 Ἀντίῳ
1813 960 1880 990 τοὺς

1089 1007 1137 1033 τοῦ
1158 1007 1239 1033 Γαΐου
1263 1000 1371 1041 γάμους
1396 1006 1545 1042 ἑώρταζεν.
1570 1006 1599 1033 '0
1624 1005 1736 1039 Τίϐερις
1759 1005 1788 1031 δὲ
1816 1005 1879 1030 τότε

1090 1052 1178 1080 πολλὰ
1204 1053 1255 1088 τῆς
1277 1053 1388 1088 Ῥώμης
1412 1053 1575 1085 ἐπέκλυσεν,
1599 1052 1669 1079 ὥστε
1697 1051 1878 1086 πλευσθῆναι,

1091 1101 1138 1127 καὶ
1154 1100 1222 1135 πυρὶ
1241 1100 1326 1135 μυρία
1351 1100 1469 1134 ἐφθάρη.
1488 1100 1520 1126 Εἰ
1532 1099 1561 1125 δέ
1575 1107 1601 1125 τι
1625 1100 1671 1126 καὶ
1686 1098 1721 1125 τὰ
1740 1098 1881 1132 Αἰγύπτια

1091 1147 1159 1182 πρὸς
1177 1147 1241 1177 τοὺς
1263 1146 1416 1181 Ῥωμαίους
1429 1146 1576 1180 προσήκει,
1589 1146 1604 1172 ὁ
1618 1145 1706 1179 φοῖνιξ
1727 1145 1825 1179 ἐκείνῳ
1840 1143 1880 1178 τῷ

1092 1193 1148 1219 ἔτει
1165 1192 1256 1228 ὢφθη’
1269 1193 1316 1219 καὶ
1327 1192 1402 1224 ἔδοξε
1417 1192 1506 1218 ταῦτα
1520 1192 1567 1218 τὸν
1583 1191 1699 1218 Θάνατον
1710 1190 1749 1225 τῷ
1759 1190 1882 1226 Τιϐερίῳ

1092 1239 1302 1273 προσημαίνειν.
1320 1238 1370 1269 ’ος
1388 1238 1506 1272 ’ὲνόσησι
1526 1237 1574 1272 μὲν
1600 1237 1654 1272 πρὸ
1675 1237 1797 1267 πλείονος
1813 1235 1882 1271 χρό-

1092 1292 1152 1316 νου,
1179 1283 1242 1310 οὔτε
1267 1284 1296 1310 δὲ
1322 1284 1372 1319 τὴν
1397 1283 1504 1310 δίαιταν
1529 1282 1716 1318 παρήλλαξεν,
1733 1281 1797 1308 οὕτε
1823 1281 1883 1312 τοῖς

1094 1330 1197 1365 ίατροις
1221 1329 1369 1365 ἐκέχρητο,
1393 1329 1437 1356 διὰ
1451 1329 1497 1356 τον
1512 1329 1559 1356 τοῦ
1575 1329 1719 1364 Θρασύλον
1742 1329 1834 1362 λόγον,
1851 1328 1882 1359 ὃς

1093 1376 1164 1402 πάνυ
1192 1375 1241 1410 μὲν
1266 1374 1390 1409 ἀκριϐῶς
1414 1374 1472 1409 ᾔδει
1492 1375 1540 1401 καὶ
1557 1375 1608 1408 τὴν
1633 1373 1741 1409 ἡμέραν
1762 1376 1811 1400 καὶ
1830 1373 1882 1408 τὴν

1093 1422 1174 1458 ὤραν.
1202 1420 1264 1447 καθ’
1284 1421 1319 1456 ἢν
1345 1420 1521 1454 τεθνήξεσθαι
1551 1419 1664 1454 ἔμελλεν
1691 1420 1706 1446 ό
1742 1419 1881 1454 Τιϐέριος,

1093 1468 1190 1502 ἱκείνῳ
1215 1467 1243 1493 δὲ
1258 1467 1323 1493 δέκα
1343 1466 1484 1497 ἐνιαυτοὺς
1499 1466 1539 1492 ἔτι
1554 1465 1701 1500 βιώσεσθαι
1724 1465 1830 1500 ἔλεγεν,
1848 1465 1883 1492 ἶν’

1094 1514 1132 1544 ὡς
1158 1514 1205 1540 ἐπὶ
1227 1513 1396 1548 μακρότερον
1426 1511 1528 1546 ζήσων,
1560 1512 1598 1546 μὴ
1622 1512 1738 1546 ὲπειχθῇ
1766 1511 1885 1542 πολλοὺς

1094 1559 1264 1585 ἀποκτεῖναι.
1280 1556 1331 1585 οἷα
1342 1558 1366 1584 δ’
1381 1559 1410 1583 ἐν
1423 1557 1498 1592 γήρᾳ
1517 1557 1565 1584 καὶ
1577 1558 1648 1592 νόσῳ
1662 1559 1699 1593 μὴ
1714 1557 1802 1592 ὀξείᾳ,
1819 1557 1884 1583 τοτὲ

1096 1605 1145 1639 μὲν
1164 1605 1354 1637 κατεπονεῖτο,
1372 1603 1434 1630 τοτὲ
1451 1603 1479 1630 δὲ
1503 1603 1704 1638 ἁνεῤῥώννυτο.
1724 1601 1885 1629 Κάντεῦθεν

1094 1650 1180 1676 ἐνίοτε
1199 1650 1248 1685 μὲν
1266 1649 1363 1685 ἥδοντο
1385 1649 1412 1675 οἴ
1435 1657 1465 1675 τε
1484 1649 1586 1681 λοιποὶ,
1616 1649 1664 1675 καὶ
1688 1649 1702 1675 ὸ
1731 1649 1822 1679 Γαῖος,
1843 1648 1883 1679 ὡς

1093 1696 1313 1730 τελευτήσοντος.
1336 1694 1437 1721 Ἐνίοτε
1456 1695 1484 1722 δὲ
1500 1695 1537 1726 ὡς
1554 1696 1602 1722 καὶ
1619 1694 1772 1730 ζησομένου
1797 1694 1884 1727 πεφό-

1095 1742 1189 1776 ϐηντο,
1205 1741 1303 1773 Δείσας
1320 1741 1366 1768 οὖν
1389 1742 1403 1767 ὸ
1422 1742 1501 1773 Γαῖος
1527 1742 1564 1776 μὴ
1589 1742 1636 1769 καὶ
1654 1741 1796 1776 ἀιιασωῦῇ,
1819 1741 1884 1768 οὔτε

1095 1789 1193 1822 φαγεῖν
1217 1788 1360 1823 αἰτήσαντι
1383 1788 1494 1820 ἔδωκεν,
1513 1787 1549 1818 ὡς
1570 1787 1641 1822 τάχα
1672 1787 1884 1822 βλαϐησομένῳ,

1095 1833 1143 1859 καὶ
1159 1833 1253 1868 ιμάτια
1269 1832 1354 1860 πολλά
1368 1833 1416 1859 καὶ
1435 1833 1525 1867 παχέα
1544 1833 1580 1864 ὼς
1595 1833 1747 1868 θερμασίας
1762 1833 1887 1867 δεομένῳ

1096 1878 1268 1913 προσέϐαλε·
1296 1879 1343 1905 καὶ
1359 1878 1446 1910 οὕτως
1463 1877 1614 1910 ἀπέπνιξεν
1641 1879 1733 1908 αὑτὸν.
1759 1879 1885 1914 ζήσαντα

1095 1925 1143 1960 ἔτη
1159 1925 1229 1951 ἑπτὰ
1243 1924 1311 1959 πρὸς
1329 1925 1388 1955 τοῖς
1404 1923 1593 1958 ἑϐδομήκοντα
1613 1923 1659 1950 καὶ
1680 1924 1769 1959 μῆνας
1785 1923 1886 1951 τέσσα-

1097 1980 1156 2006 ρας,
1181 1971 1229 1997 καὶ
1257 1970 1363 2005 ἡμέρας
1388 1970 1475 2002 ἐννέα,
1504 1969 1553 2003 ἀφ’
1568 1967 1606 1997 ὧν
1632 1969 1688 1996 δύω
1715 1971 1761 1996 καὶ
1780 1970 1887 1996 εἴκοσιν

1096 2016 1238 2046 ἐνιαυτοὺς
1263 2015 1437 2050 ὲμονάρχησε
1459 2014 1507 2041 καὶ
1530 2015 1618 2049 μῆνας
1631 2015 1700 2041 ἑπτὰ
1715 2015 1762 2042 καὶ
1777 2015 1886 2050 ἡμέρας,

1096 2062 1166 2088 ἑπτά
1177 2070 1184 2076 ·
1202 2060 1352 2096 μετήλλαξε
1370 2060 1398 2086 δὲ
1414 2061 1447 2096 τῇ
1463 2061 1574 2095 εἰκοστῇ
1589 2060 1634 2087 τοῦ
1648 2060 1770 2095 Μαρτίου
1783 2061 1885 2097 ἡμέρᾳ.

1097 2108 1197 2134 Τούτου
1213 2107 1250 2141 τῷ
1267 2106 1503 2141 πεντεκαιδεκάτῳ
1519 2105 1574 2132 έτει
1588 2106 1742 2141 ἐϐαπτίσθη
1754 2107 1767 2132 ὀ
1783 2107 1888 2141 Κύριος

1095 2153 1174 2187 ἡμῶν
1197 2152 1299 2188 Ἰησοῦς
1326 2152 1462 2187 Χριστός·
1491 2152 1520 2178 ἐν
1544 2152 1572 2178 δὲ
1600 2151 1639 2187 τῷ
1655 2152 1888 2188 ὀκτωκαιδεκάτῳ

1097 2199 1231 2234 παρεδόθη
1255 2199 1302 2225 καὶ
1325 2198 1486 2234 ἐσταυρώθη
1504 2199 1550 2224 καὶ
1566 2198 1676 2233 ἀνέστη.
1700 2198 1812 2233 Ἰστορεί
1831 2199 1860 2226 δὲ
1873 2200 1890 2225 ὀ

257 2250 318 2270 eam
335 2249 393 2269 rem
412 2242 524 2268 Tiberio
545 2241 707 2275 imperatori
723 2241 941 2268 communicavit
957 2249 964 2267 :
996 2240 1040 2275 qui

1098 2245 1226 2281 Εὐσέϐιος
1243 2266 1250 2278 ,
1277 2245 1322 2271 τὸν
1345 2244 1463 2271 Πιλᾶτον
1490 2244 1539 2278 τῆς
1573 2244 1704 2276 Ἰουδαίας
1734 2244 1889 2279 τηνικαῦτα

257 2294 322 2315 cum
347 2287 454 2314 caneris
474 2287 534 2320 ejus
570 2286 710 2314 miraculis
732 2286 855 2318 auditis,
886 2290 943 2312 tum
970 2285 1042 2320 quod

258 2337 322 2368 post
333 2333 565 2360 resurrectionem
578 2340 593 2359 e
608 2332 723 2359 mortuis
735 2340 750 2358 a
769 2332 895 2366 plurimis
913 2332 984 2358 Deus
1000 2339 1044 2358 es-

257 2386 289 2406 se
305 2378 478 2409 crederetur,
491 2377 526 2404 ad
546 2382 672 2405 senatum
681 2378 715 2405 de
729 2385 764 2405 eo
778 2378 880 2405 retulit.
893 2377 917 2405 Is
928 2384 993 2404 vero
1002 2385 1044 2404 re-

258 2427 381 2460 tragatus
405 2429 458 2456 est,
483 2424 557 2458 quod
580 2424 639 2459 ipse
662 2424 688 2451 id
708 2431 763 2451 non
789 2425 867 2459 prius
889 2423 1042 2458 probasset.

256 2472 324 2500 Nam
339 2471 426 2498 veteri
443 2470 502 2505 lege
515 2469 652 2497 sancitum
665 2474 734 2502 erat,
758 2477 792 2497 ne
805 2469 867 2504 quis
882 2469 961 2496 aliter
973 2469 1043 2504 apud

259 2518 396 2545 Romanos
423 2517 451 2543 in
477 2516 591 2544 deorum
609 2523 756 2543 numerum
776 2515 937 2546 referretur,
953 2515 981 2541 ni
1001 2522 1045 2542 se-

260 2568 341 2590 natus
359 2563 487 2598 iussisset
501 2569 533 2589 ac
544 2561 721 2589 decrevisset.
734 2560 802 2588 Cum
821 2566 911 2588 autem
927 2560 1044 2588 Romani

259 2609 429 2644 rogationem
449 2608 482 2635 de
493 2608 640 2636 Servatore
656 2612 750 2634 nostro
767 2607 980 2642 improbassent.
997 2608 1045 2633 Ti-

260 2655 367 2682 berium
386 2656 414 2682 in
431 2655 547 2690 pristina
567 2654 602 2681 de
624 2661 658 2681 eo
679 2653 813 2681 sententia
827 2659 1043 2688 permanentem,

259 2701 329 2727 nihil
353 2702 463 2735 gravius
490 2700 519 2727 in
547 2701 701 2728 doctrinam
728 2699 912 2727 Christianam
940 2700 1044 2728 consti-

260 2746 345 2773 tuisse
364 2756 369 2772 :
387 2753 419 2772 ac
435 2750 532 2773 testem
545 2746 639 2773 laudat
652 2745 870 2777 Tertullianum.
891 2746 1045 2774 Romanum

260 2792 424 2826 scriptorem
451 2796 479 2818 et
491 2791 594 2818 clarum
606 2792 709 2824 virum,
723 2792 802 2827 cujus
827 2793 886 2820 haec
910 2800 942 2820 ea
960 2793 994 2821 de
1016 2802 1046 2822 re

260 2840 342 2865 verba
365 2842 499 2865 exstant:
531 2837 608 2865 Velut
634 2842 765 2866 statutum
783 2839 844 2874 fuit,
870 2848 903 2867 ne
927 2841 984 2875 qui:
1013 2842 1044 2868 ab

261 2883 315 2909 ullo
336 2884 398 2910 deus
410 2888 620 2916 consecraretur,
635 2885 788 2916 priusquam
800 2885 827 2912 id
840 2894 856 2912 a
871 2890 965 2914 senatu
983 2895 1045 2914 oro-

1097 2290 1322 2326 ὲπιτροττεύοντα,
1336 2292 1441 2325 γράψαι
1458 2290 1492 2316 τὰ
1515 2289 1580 2325 περὶ
1603 2290 1649 2316 τοῦ
1666 2290 1766 2324 Κυρίου
1782 2291 1822 2325 τῷ
1837 2291 1889 2317 Τι-

1096 2337 1190 2371 ϐερίῳ,
1204 2336 1280 2368 ἔθους
1292 2335 1368 2367 evre;
1394 2336 1450 2367 τοῖς
1464 2335 1518 2362 τῶν
1531 2336 1617 2362 ἐθνῶν
1630 2336 1746 2371 ἄρχουσι
1759 2337 1793 2363 τὰ
1807 2337 1888 2372 παρὰ

1097 2381 1173 2415 σφίσι
1201 2379 1436 2414 καινοτομούμενα
1461 2380 1557 2415 δηλοῦν
1581 2381 1620 2416 τῷ
1653 2379 1703 2416 τὴν
1731 2383 1887 2416 μοναρχίαν

1099 2425 1224 2458 ίθὺνοντι,
1242 2425 1275 2452 ἵν’
1292 2425 1366 2461 αὐτῷ
1387 2426 1470 2461 μηδὲν
1497 2427 1629 2461 ἀγνοῆται
1656 2427 1710 2453 τῶν
1737 2427 1802 2461 παρ’
1819 2429 1889 2455 ἑκά-

1099 2479 1171 2503 στοις
1193 2471 1249 2497 τῶν
1267 2471 1351 2498 ὲθνῶν
1369 2473 1530 2506 γινομένων.
1549 2473 1618 2508 Ἤδη
1643 2472 1709 2509 γὰρ.
1737 2474 1815 2508 φησὶ,
1832 2474 1887 2508 τῆς

1099 2519 1131 2545 ἐκ
1165 2518 1270 2552 νεκρῶν
1302 2518 1476 2548 ἀναστάσεως
1503 2518 1550 2544 τοῦ
1580 2519 1706 2554 Σωτῆρος
1734 2519 1812 2554 ἡμῶν
1842 2521 1888 2551 εἰς

1099 2564 1224 2595 ἅπαντας
1241 2565 1270 2589 ὲν
1287 2564 1361 2600 πάσῃ
1377 2565 1408 2599 τῇ
1427 2563 1590 2598 Παλαιστίνῃ
1606 2563 1833 2598 διαϐεϐοημένης,
1848 2564 1887 2590 τὰ

1099 2610 1164 2645 περὶ
1185 2610 1270 2643 αὐτῆς
1294 2610 1308 2636 ὀ
1329 2609 1443 2640 Πιλᾶτος
1460 2608 1624 2635 ἐκοινώσατο
1641 2609 1760 2644 Τιϐερίῳ
1779 2609 1818 2643 τῷ
1834 2610 1889 2636 αὑ-

1099 2657 1244 2691 τοκράτορι
1266 2655 1294 2686 ὃς
1309 2657 1342 2682 τὰ
1364 2655 1446 2682 λοιπά
1463 2664 1491 2681 τε
1514 2655 1597 2681 αὖτοῦ
1615 2655 1797 2690 ἡνωτισμὲνο;
1815 2656 1886 2682 θαυ-

1101 2701 1197 2735 μάσια,
1221 2702 1268 2728 καὶ
1291 2701 1329 2733 ὡς
1347 2702 1417 2736 μετὰ
1441 2702 1555 2728 θάνατον
1580 2701 1611 2727 ἐκ
1637 2703 1741 2735 νεκρῶν
1761 2702 1887 2734 ἀναστὰς

1099 2746 1165 2779 Θεὸς
1188 2744 1257 2773 εἴναι
1279 2746 1355 2781 παρὰ
1380 2747 1517 2778 πλείστοις
1542 2746 1592 2783 ἤδη
1628 2747 1816 2779 πεπίστευται,
1834 2748 1886 2774 ἀν-

1100 2793 1201 2828 ήνεγκε
1220 2790 1256 2828 τῇ
1271 2792 1413 2828 συγκλήτῳ
1435 2792 1531 2820 ταῦτα.
1555 2793 1662 2827 Ἐκείνη
1683 2792 1712 2819 δὲ
1735 2793 1781 2820 τὸν
1804 2793 1887 2828 λόγον

1100 2840 1240 2870 ἀπώσατο,
1267 2839 1309 2865 ὅτι
1328 2838 1366 2874 μὴ
1383 2839 1516 2873 πρότερον
1533 2839 1601 2873 αὑτὴ
1616 2839 1695 2866 τοῦτο
1710 2839 1886 2873 δοκιμάσασα

1098 2884 1144 2921 ἦν,
1170 2885 1285 2913 παλαιοῦ
1310 2885 1394 2920 νόμου
1409 2885 1549 2921 κειμένου,
1570 2885 1609 2922 μὴ
1623 2885 1712 2916 άλλως
1726 2884 1790 2912 τινὰ
1805 2885 1885 2921 παρὰ
