2050 3154
148 177 197 209 9'33

780 185 984 216 ANNALIUM
1005 187 1077 218 LIB.
1099 188 1149 218 Χί.

1726 190 1779 222 934

151 235 299 269 Ῥωμαίοις
319 236 514 269 Οεοποιείσοαι,
538 239 574 273 μὴ
600 239 662 274 οὐχὶ
687 240 770 276 ψὴςῳ
796 242 844 277 τῆς
870 251 933 276 συγ-

986 244 1077 270 batum
1094 248 1169 271 esset.
1187 244 1316 272 Tiberius
1332 245 1425 279 igitur,
1447 252 1509 272 cum
1527 252 1628 273 nomen
1644 245 1777 275 Christia~

147 281 245 316 κλήτου
271 282 321 308 καὶ
348 282 477 318 δόγματι.
498 284 609 320 Ταύτης
635 285 657 312 δ’
673 285 719 312 οὖν
749 287 940 323 ἀπωσαμένης

147 327 189 353 τὸν
205 327 332 363 περὶτοῦ
351 329 478 363 Σωτῆρος
490 330 571 365 ἡμῶν
585 331 676 365 λόγον,
691 332 738 358 τὸν
761 333 889 368 Τιϐέριον
905 334 939 369 ἦν

147 373 191 399 καὶ
208 374 307 408 πρώην
333 372 391 409 εἶχε
407 376 523 411 γνώμην
540 377 712 412 τηρήσαντα,
732 378 817 414 μηδέν
837 380 939 406 ἄτοπον

147 419 215 445 κατὰ
234 419 285 454 τῆς
300 421 420 455 Χριστοῦ
435 422 613 454 διδασκαλίας
629 425 782 459 ἐπινοῆσαι.
799 426 936 461 Μάρτυρα

145 465 165 491 δ’
177 466 223 491 ἐπὶ
237 466 344 497 τούτοις
364 467 484 502 παράγει
494 469 691 504 Τερτουλιανδν
707 472 721 497 ὁ
736 471 877 504 Εὐσέϐιος,
892 472 940 498 ἄν·

147 510 195 546 δρα
217 512 355 546 Ῥωμαῖον
372 514 420 539 καὶ
435 513 484 541 ἱνα
499 514 554 541 τῶν
578 515 608 541 ἐν
628 516 662 551 τῇ
683 516 776 551 Ῥώμῃ
792 517 937 552 λαμπρῶν,

146 559 173 584 ἑν
194 561 344 595 συγγραφῇ
365 569 419 586 τινι
440 561 506 596 παρ’
524 561 607 588 αὐτοῦ
632 562 774 598 ἑκτεθείσῃ
793 563 936 600 Ῥωμαῖκῇ

146 604 291 639 διαλέκτῳ,
318 606 520 644 μεταϐληθείσῃ
536 608 559 635 δ’
575 610 615 640 εἰς
631 609 680 643 τὴν
702 609 817 636 Ἐλλάδα
836 612 938 644 φωνὴν,

145 650 257 683 λέγοντα
270 651 358 678 ταῦτα
371 661 377 668 ·
396 654 531 680 Παλαιὸν
546 652 585 687 ἥν
607 656 712 689 δόγμα,
727 655 845 689 μηδένα
864 656 938 683 Θεὸν

144 697 203 722 ὑπό
224 705 277 722 του
295 699 513 731 καθιεροῦσθαι,
528 702 600 733 πρὶν
612 701 671 728 ὑπὸ
687 701 742 736 τῆς
761 702 938 736 συγκλήτου

988 296 1088 315 norum
1109 288 1137 315 in
1157 288 1290 316 mu'ndum
1306 290 1460 325 ingressum
1482 296 1574 323 esset,
1591 291 1617 318 id
1635 291 1778 319 decretum

987 340 1021 362 ex
1033 335 1191 368 Palaestina,
1204 337 1251 364 ubi
1268 337 1387 372 primum
1400 342 1491 364 ortum
1507 343 1578 369 erat,
1598 338 1650 364 sibi
1668 339 1780 364 nuntia—
1828 364 1833 368 _

989 385 1058 412 tum,
1072 387 1134 408 cum
1154 386 1251 407 senatu
1272 382 1489 409 communicavit
1510 403 1518 415 ,
1548 383 1620 409 haud
1649 382 1780 410 dissim-

987 425 1059 457 laus,
1094 426 1206 461 probari
1223 427 1275 453 sibi
1294 427 1319 453 id
1338 429 1518 462 praeconium.
1540 428 1599 462 Quo
1625 435 1640 455 a
1667 433 1777 460 senatu,

989 470 1119 505 quoniam
1138 471 1163 498 id
1181 472 1241 505 ipse
1256 479 1311 498 non
1332 472 1488 506 probasset,
1503 473 1660 508 repudiato,
1677 473 1779 500 nihilo-

988 517 1081 544 minus
1097 517 1124 544 in
1141 517 1238 544 eadem
1269 518 1405 545 sententia
1433 519 1593 553 permansit,
1609 518 1779 546 Christiano-

990 570 1051 590 rum
1069 564 1281 590 accusatoribus
1299 569 1416 591 mortem
1437 566 1631 592 comminatus.
1648 564 1710 592 Haec
1731 564 1778 591 'l‘i-

988 609 1095 636 berimn
1120 609 1220 636 fecisse
1232 609 1380 642 Eusebius,
1399 609 1544 637 divinitate
1559 610 1713 637 Servatoris
1729 617 1778 635 no-

989 657 1037 683 stri
1067 659 1094 683 et
1116 657 1322 683 resurrectione
1350 664 1383 683 ex
1399 656 1516 683 mortuis
1533 656 1652 691 cognita,
1677 663 1692 682 ε
1709 655 1775 683 Ter-

990 701 1098 728 tulliani
1114 702 1227 736 scriptis
1244 707 1455 729 commemorat.

143 743 324 778 δοκιμασθῇ.
354 745 383 772 ’0
401 745 525 780 ’Τιϐέριος
564 745 620 781 οὖν,
656 748 698 782 ἐφ’
729 745 760 775 οὗ
784 749 814 776 τὸ
837 750 892 776 τῶν
919 749 1091 784 Χριστιανῶν
1116 748 1201 783 ὄνομα
1219 750 1259 780 είς
1283 749 1328 775 τὸν
1353 749 1457 783 κόσμον
1479 748 1657 782 είσεληλύθει,
1678 748 1777 782 ἀγγελ-

144 788 236 821 θέντος
258 790 332 824 αὺτίι
358 791 391 817 ἐκ
416 792 602 827 Παλαιστένης
624 794 670 820 τοῦ
692 794 827 831 δὸγμπιτος
855 794 950 822 τούτου
971 795 1035 820 ἔνθα
1061 794 1169 830 πρῶτον
1193 794 1305 829 ἤρξατο,
1340 796 1372 829 τῇ
1398 794 1541 829 συγκλήτῳ
1566 794 1777 833 ἀνεκοινώσατο,

143 834 220 869 δῆλος
235 835 274 862 ὣν
299 835 415 868 ἐκείνοις
431 837 468 868 ὡς
484 838 633 872 ἀρέσκεται
667 839 705 874 τῷ
727 841 895 876 κηρύγματι.
940 839 972 866 Ἦ
992 839 1020 866 δὲ
1049 839 1200 874 σύγκλητος
1227 839 1289 865 ἐπεὶ
1317 839 1366 865 οὒκ
1397 839 1465 874 αὑτὴ
1493 839 1668 872 δεδοκιμάκει
1693 839 1778 865 ’τοῦτο

144 882 282 909 ἀπώσατο.
307 882 336 908 ’0
359 882 387 909 δὲ
399 883 429 909 ιν
444 885 477 918 τῇ
495 884 562 920 αὐτῇ
580 885 685 921 γνώμῃ·
699 885 808 921 εμεινεν
837 885 988 920 ἀπειλήσας
1023 885 1138 912 θάνατον
1167 886 1225 917 τοῖς
1250 885 1305 911 τῶν
1321 885 1491 920 Χριστιανῶν
1503 885 1676 919 κατηγόροις·
1691 885 1778 912 ταῦτα

144 928 157 954 ὁ
182 928 313 960 Εὐσέϐιος
331 930 442 964 ποιῆσαι
464 930 510 956 τὸν
527 931 653 965 Τιϐέριον
675 932 787 968 ἱστορεῖ,
812 933 932 968 μαθόντα
953 933 1017 968 περὶ
1054 933 1104 967 τῆς
1127 931 1255 967 θεὸτητος
1279 931 1326 958 τοῦ
1361 932 1486 967 Σωτῆρος
1509 932 1589 968 ήμῶν
1613 932 1658 958 καὶ
1681 934 1730 969 τῆς
1746 934 1777 960 ὲκ

143 975 247 1011 νεκρῶν
266 976 350 1002 αὐτοῦ
366 976 553 1011 ἀλαστάσεως,
568 979 600 1005 ἐκ
616 979 666 1014 τῆς
681 979 727 1006 τοῦ
753 979 932 1016 Ἱέρτυλιανοῦ
954 981 1117 1015 συγγραιεῆς
1135 981 1204 1008 αὐτὰ
1216 981 1404 1014 ἐκλεξάμενος.

177 1023 214 1048 Δ¹.
229 1022 284 1048 Καὶ
298 1024 311 1048 ὁ
330 1022 380 1056 μὲν
398 1023 523 1058 Τιϐέριος
545 1024 632 1057 οὓτως
656 1026 772 1053 ἀπεϐίω.
798 1025 933 1058 Διεδέξατ(

1026 1026 1070 1054 IV.
1093 1026 1207 1053 Tiberio
1227 1027 1260 1053 ad
1292 1026 1365 1054 hunc
1395 1027 1506 1054 modum
1531 1028 1671 1060 defuncto,
1694 1027 1778 1056 Caius

144 1068 172 1095 δὲ
186 1069 271 1095 αὑτὸν
287 1069 301 1095 ὁ
318 1069 398 1100 Γαῖος
412 1070 426 1096 ὁ
440 1069 488 1096 τοῦ
505 1070 678 1106 Γερμανικοῦ
700 1072 746 1099 καὶ
757 1074 805 1108 τῆς
821 1073 934 1108 Ἀγριπ-

145 1115 222 1149 πίνης
251 1116 328 1146 παῖς,
357 1115 389 1141 ὃν
416 1116 464 1142 καὶ
492 1116 664 1152 Γερμανικὸν
693 1118 740 1144 καὶ
763 1118 933 1152 Καλλιγόλαν

144 1161 329 1195 ἐπωνύμαςον.
351 1161 383 1187 El
411 1161 466 1198 γὰρ
491 1163 539 1188 καὶ
567 1163 587 1188 ο
601 1163 727 1198 Τιϐέριος
752 1164 798 1191 καὶ
814 1165 852 1200 τῷ
875 1165 933 1200 ἰδίῳ

145 1207 247 1242 ἑγγόνῳ
262 1207 300 1242 τῷ
317 1207 437 1242 Τιϐερίῳ
455 1207 504 1243 τὴν
523 1208 676 1244 αὐταρχίαν
699 1210 854 1243 κατέλιπεν,
873 1210 932 1237 ἀλλ’

142 1254 156 1278 ό
170 1253 249 1285 Γάϊος
268 1254 319 1284 τὰς
337 1253 470 1289 διαθήκας
493 1255 576 1281 αὑτοῦ
596 1257 635 1288 είς
653 1256 682 1282 τὸ
703 1257 841 1292 συνέδριον
865 1256 933 1292 πέμ-

143 1299 205 1333 ᾥας,
217 1299 339 1334 ἀκύρους
365 1300 555 1334 παρεσκεύασε
577 1301 714 1335 γενέσθαι,
732 1301 770 1333 ὡς
787 1310 932 1337 παραφρο-

143 1346 291 1380 νήσαντος,
317 1343 361 1372 οἵα
383 1345 461 1373 παιδὶ
481 1343 502 1380 ᾧ
524 1347 586 1381 μηδ’
602 1347 732 1374 εἰσελθεῖν
757 1347 820 1382 ἐξῆν
845 1348 884 1379 εἰς
903 1347 933 1374 τὸ

145 1393 345 1427 ιΐοιιιιλευτήριον,
367 1393 463 1427 ἄρχειν
478 1393 534 1419 τῶν
554 1393 699 1427 Ῥωμαίων
725 1394 930 1429 ἐπιτρέψαντος.

146 1439 197 1472 Τῆς
221 1439 271 1472 μὲν
294 1436 341 1464 οὖν
363 1439 450 1472 ἀρχῆς
466 1439 547 1465 αὒτὺν
564 1438 650 1471 οὕτως
665 1440 763 1466 αὐτίκα
780 1441 931 1476 παρέλυσε,

144 1485 188 1509 καὶ
213 1483 285 1518 μετὰ
304 1484 384 1510 τοῦτο
406 1485 636 1519 εἰσποιησάμενος
653 1486 823 1517 ἀπέκτεινεν,
837 1486 874 1517 ὡς
889 1495 930 1512 τε-

143 1528 270 1562 λευτῆσαι
285 1529 368 1555 αὑτὸν
385 1529 546 1564 εὐξάμενον.
567 1530 706 1565 Χρήματα
721 1530 748 1556 δὲ
764 1531 850 1558 πολλὰ
874 1533 931 1564 τοῖς

145 1573 325 1608 στρατιώταις
342 1575 389 1600 καὶ
408 1574 448 1609 τῷ
472 1575 552 1611 δήμῳ
569 1575 699 1611 διένειμε,
718 1577 750 1603 τὰ
769 1577 820 1610 μὲν
835 1578 866 1604 ἐκ
879 1578 931 1604 τῶν

143 1621 267 1654 Τιϐερίου
295 1620 442 1655 διαθηκῶν,
465 1622 500 1647 τὰ
515 1622 543 1648 δὲ
559 1623 590 1648 ὲκ
615 1623 669 1648 τῶν
683 1622 732 1658 τῆς
756 1623 861 1656 Λιϐίας,
877 1623 894 1651 ἃ
917 1625 932 1651 ὁ

143 1667 268 1701 Τιϐέριος
281 1667 312 1693 οὐ
328 1668 461 1702 παρέσχε.
479 1668 533 1694 Καὶ
549 1669 629 1704 εἰπερ
645 1670 691 1695 καὶ
706 1670 739 1696 τὰ
754 1669 835 1696 λοιπὰ
858 1670 931 1697 δεόν-

143 1721 192 1743 τως
221 1712 362 1747 ἀνήλισκε,
391 1713 556 1748 μεγαλόνους
582 1715 615 1741 ἂν
641 1715 688 1741 καὶ
715 1716 928 1752 μεγαλοπρεπὴς

142 1757 222 1790 ἔδοξε.
243 1757 301 1785 Νῦν
325 1759 354 1786 δὲ
385 1760 431 1785 καὶ
457 1759 496 1790 είς
522 1760 661 1795 ὀρχηστὰς
689 1761 735 1787 καὶ
755 1761 856 1793 ἵππους
881 1760 928 1789 καὶ

144 1805 323 1839 μονομάχους,
340 1806 386 1830 καὶ
401 1806 596 1841 τοιουτότροπα
616 1806 696 1840 ἕτερα
716 1807 861 1841 ἀπλήστως
880 1807 927 1834 δα-

142 1850 244 1883 πανῶν,
259 1851 308 1876 καὶ
322 1850 385 1882 τοὺς
398 1850 553 1886 θησαυροὺς
575 1853 710 1886 μεγάλους
726 1854 870 1886 γεγονότας
883 1853 928 1880 διὰ

143 1896 266 1931 βραχέος,
279 1896 441 1930 ἐξεκένωσε,
460 1899 506 1924 καὶ
530 1898 626 1925 ἑαυτὸν
641 1898 866 1934 προσεξήλεγξεν,
887 1900 928 1927 ὅτι

142 1942 267 1977 εὔχερεὶα
283 1944 332 1968 καὶ
354 1943 467 1978 ἀκρισίᾳ
493 1944 609 1970 κάκεῖνα
635 1945 780 1977 πεποίηκε.
798 1946 852 1972 Καὶ
873 1946 930 1972 οὐδ’

142 1989 169 2019 ἐς
187 1987 280 2023 τρίτον
293 1988 352 2020 ἔτος
371 1989 454 2024 μέρος
471 1989 560 2015 αὐτῶν
577 1997 604 2016 τι
621 1989 760 2021 διέσωσεν,
775 1990 831 2016 ἀλλ’
847 1991 928 2023 εὐθὺς

142 2033 308 2068 παμπόλλων
326 2034 509 2070 προσεδεήθη.
523 2035 567 2068 Τῷ
584 2034 606 2061 δ’
619 2035 694 2070 αὐτῷ
713 2036 808 2071 τρόπῳ
832 2038 879 2062 καὶ
898 2038 928 2069 ἐς

142 2080 174 2106 τὰ
191 2080 259 2107 ἄλλα
283 2081 429 2116 ἐκέχρητο.
455 2081 662 2116 Μοιχικώτατός
688 2090 718 2107 τε
743 2082 798 2117 γὰρ
820 2082 926 2117 ἀνδρῶν

143 2126 296 2161 γενόμενος,
322 2127 370 2153 καὶ
385 2127 503 2160 γυναῖκα
523 2127 587 2162 μίαν
615 2127 664 2162 μὲν
680 2128 807 2162 ἀρπάσας
827 2129 928 2155 ἐκδιδο-

144 2172 228 2206 μένην
251 2172 341 2206 ἀνδρὶ,
359 2172 442 2203 ἄλλας
467 2172 495 2198 δὲ
513 2173 563 2208 ήδη
578 2173 757 2208 ὲκδεδομένας
773 2175 820 2200 καὶ
841 2182 929 2200 συνοι-

144 2218 242 2248 κούσας
270 2219 343 2244 τισὶν
373 2219 554 2251 ἀποσπάσας,
581 2219 650 2253 πλὴν
680 2221 744 2254 μιᾶς
769 2219 818 2252 τὰς
844 2219 926 2252 ἄλλοις

142 2264 274 2298 titiones"
302 2265 411 2295 πάντως
427 2265 485 2299 (90)
499 2264 521 2290 δ’
536 2265 570 2292 ἂν
594 2266 723 2300 κάκείνην
739 2267 881 2301 ἐμίσησεν,
902 2268 926 2293 εἰ

141 2310 186 2336 ἐπὶ
209 2310 291 2337 πλέον
312 2309 465 2336 ὲϐεϐιώκει.
480 2311 534 2337 Καὶ
550 2311 580 2343 ἐς
595 2311 643 2346 τὴν
674 2312 790 2347 μητέρα,
808 2314 854 2339 καὶ
876 2313 925 2344 τὰς

141 2356 269 2390 ἀδελφὰς,
285 2359 335 2391 τήν
357 2365 386 2383 τε
403 2356 489 2392 τήθην
512 2357 562 2392 τὴν
581 2358 725 2384 Ἀντωνίαν
749 2359 836 2385 πολλὰ
849 2360 928 2386 εὑσε-
945 2368 966 2395 ι)

141 2402 193 2434 ϐὡς
208 2403 398 2437 ἐνδειξάμενος
410 2411 417 2417 ’
441 2404 512 2438 μετὰ
528 2403 614 2430 ταῦτα
630 2404 680 2438 τὴν
702 2405 751 2439 μὲν
766 2405 814 2440 τήο
821 2415 851 2440 ην
865 2407 927 2432 επι-

139 2449 295 2483 τιμήσασὰν
320 2457 346 2475 τι
368 2449 442 2484 αὐτῷ
465 2451 506 2481 εἰς
527 2450 650 2484 ἀνάγκην
669 2451 795 2477 ἑκουσίου
810 2450 927 2478 θανάτου

141 2495 303 2529 κατέστησε.
331 2495 386 2527 Τὰς
413 2494 533 2529 ἀδελφὰς
556 2495 584 2521 δὲ
612 2496 725 2531 φθείρας
743 2496 861 2528 ἁπάσας,
887 2498 927 2529 είς

141 2540 222 2574 νῆσον
236 2541 286 2572 τὰς
304 2539 359 2566 δύω
376 2541 563 2567 κατέκλεισεν·
589 2542 604 2576 ἠ
629 2543 683 2575 γὰρ
704 2543 783 2577 τρίτη
811 2550 926 2577 προετε-

140 2586 245 2621 θνήκει,
271 2586 319 2612 καὶ
339 2586 407 2613 ἄλλα
430 2587 517 2614 πολλὰ
541 2587 655 2613 τοιαῦτα
674 2587 797 2621 ἐποίησε.
813 2588 868 2614 Καὶ
881 2588 927 2614 τὸν

141 2633 266 2665 Τιϐέριον
286 2633 323 2664 ὡς
342 2633 445 2667 ἀσελγῆ
470 2634 517 2659 καὶ
532 2634 675 2668 μιαιφόνον
691 2633 840 2665 διέϐαλλεν,
856 2633 926 2660 ὥστε

143 2681 188 2706 καὶ
200 2680 299 2711 ἄλλους
310 2680 343 2706 ὲκ
358 2680 455 2706 τούτου
469 2679 625 2714 χαριεῑσθαί
639 2680 663 2706 οἱ
679 2680 843 2714 νομίσαντας
857 2688 925 2715 προ-

143 2727 293 2761 πετεστέρᾳ
307 2726 450 2762 παρρησίᾳ
463 2725 628 2760 χρήσασθαι.
644 2723 711 2752 Εἶτα
722 2726 816 2761 ἐπῄνει
833 2735 864 2753 τε
880 2728 926 2752 καὶ

143 2772 300 2807 ἐσέμνυνεν,
313 2770 383 2797 ὥστε
401 2773 448 2798 καὶ
460 2775 572 2797 κολάσαι
585 2770 659 2802 τινὰς
677 2771 720 2804 ἐφ’
731 2769 771 2802 οἷς
786 2772 846 2797 κατ’
857 2772 928 2798 ὲκεί-

985 1071 1138 1098 Germanici
1153 1075 1178 1098 et
1191 1072 1348 1107 Agrippinae
1360 1071 1441 1103 ﬁlius,
1452 1073 1497 1106 qui
1514 1072 1733 1101 etGermanieus
1748 1079 1777 1101 et

985 1116 1067 1152 553
1089 1117 1200 1152 Calgula
1222 1118 1448 1152 cognominatur,
1462 1119 1606 1146 successit.
1628 1119 1683 1146 Etsi
1701 1119 1776 1147 enim

985 1162 1127 1196 Tiberius,
1144 1163 1227 1190 etiam
1249 1163 1362 1190 Tiberio
1389 1164 1482 1198 nepoti
1508 1164 1658 1199 reliquerat
1688 1165 1776 1200 impe—

984 1209 1066 1241 rium,
1093 1214 1183 1236 tamen
1210 1209 1293 1236 Caius
1321 1215 1485 1237 testamento
1511 1211 1571 1242 ejus
1595 1214 1625 1237 ut
1651 1210 1730 1238 deliri
1747 1211 1775 1238 in

984 1255 1090 1282 curiam
1110 1256 1205 1287 misso,
1221 1256 1323 1288 eﬂ'ecit,
1351 1262 1380 1283 ut
1397 1256 1566 1288 aboleretur,
1587 1257 1659 1292 quod
1676 1265 1775 1292 puero,

983 1300 1027 1327 cui
1044 1308 1092 1336 per
1105 1305 1213 1328 :etatem
1229 1301 1347 1328 necdum
1365 1301 1470 1336 ingredi
1487 1301 1590 1329 curiam
1605 1302 1776 1337 liceret,|llo-

984 1355 1094 1374 manum
1113 1348 1257 1382 imperium
1277 1348 1442 1382 reliquisset.
1461 1350 1550 1383 Atque
1578 1349 1614 1375 ita
1632 1349 1774 1384 principa-

985 1399 1041 1420 tum
1057 1393 1082 1420 ei
1097 1394 1187 1420 statim
1201 1393 1313 1420 ademit.
1332 1394 1405 1426 Post,
1420 1395 1578 1428 adoptatum
1606 1395 1747 1422 interfecit
1761 1416 1770 1428 ,

983 1446 1010 1466 ut
1027 1439 1072 1474 qui
1089 1439 1176 1474 ipsum
1194 1440 1263 1466 mori
1281 1444 1411 1474 optasset.
1437 1440 1559 1475 Magnam
1585 1441 1729 1476 pecuniam
1745 1447 1775 1469 et

983 1484 1116 1511 militibus
1132 1489 1159 1510 et
1175 1484 1286 1518 popttlo,
1306 1486 1404 1519 partim
1421 1494 1454 1512 ex
1473 1485 1589 1516 Tiberii,
1611 1489 1708 1521 partim
1737 1494 1771 1513 ex

984 1531 1066 1557 Livia
1082 1533 1246 1557 testamento
1263 1531 1384 1557 nomium
1409 1539 1423 1557 a
1439 1531 1550 1558 Tiberio
1576 1536 1747 1558 numeratam
1763 1552 1771 1563 ,

983 1576 1134 1604 distribmt.
1156 1575 1235 1610 Quod
1251 1577 1273 1603 si
1292 1577 1424 1610 reliquam
1443 1576 1526 1603 etiam
1543 1596 1550 1609 ,
1581 1575 1617 1603 ita
1631 1581 1661 1603 ut
1688 1576 1771 1604 dece-

983 1622 1038 1653 bat.
1058 1623 1259 1659 insumpsisset,
1278 1622 1468 1657 magnanimus
1492 1627 1520 1649 et
1545 1622 1707 1657 magniﬁcus
1726 1630 1772 1650 es-

982 1672 1024 1695 set
1044 1668 1163 1697 habilus.
1179 1669 1256 1696 Nunc
1271 1668 1386 1695 inﬁnitis
1410 1667 1542 1703 impensis
1561 1669 1587 1695 in
1605 1669 1749 1696 saltatores
1763 1689 1772 1701 ,

983 1721 1080 1748 equos,
1095 1715 1272 1750 gladiatores.
1291 1719 1319 1741 et
1339 1714 1365 1740 id
1379 1721 1465 1749 genus
1480 1714 1532 1740 alia
1547 1714 1627 1741 lactis
1643 1735 1649 1747 ,
1669 1719 1696 1741 et
1714 1715 1772 1742 the-

984 1767 1082 1787 sauros
1099 1761 1233 1788 maximos
1247 1760 1384 1791 exhausit,
1399 1765 1427 1787 et
1442 1760 1487 1787 illa
1508 1768 1617 1795 quoque
1633 1769 1663 1788 se
1686 1765 1772 1788 teme-

985 1806 1065 1833 ritate
1080 1810 1107 1833 et
1126 1806 1236 1833 levitate
1251 1806 1370 1841 quadam
1389 1806 1487 1833 fecisse
1515 1806 1676 1833 declaravit.
1703 1806 1772 1833 Nam

983 1852 1099 1886 publica?
1116 1852 1239 1887 pecuniae
1262 1859 1313 1880 nec
1339 1851 1366 1878 in
1393 1852 1505 1879 tertium
1532 1860 1636 1879 annum
1667 1858 1771 1887 partem

984 1898 1067 1924 ullam
1086 1898 1211 1931 retinuit,
1229 1897 1276 1925 sed
1292 1897 1383 1924 statim
1396 1898 1489 1924 multis
1502 1905 1583 1932 egere
1613 1898 1707 1933 cmpit.
1724 1899 1767 1926 lis-

983 1942 1044 1969 dem
1066 1942 1188 1969 moribus
1213 1942 1296 1969 etiam
1320 1942 1382 1968 aliis
1407 1941 1435 1968 in
1463 1941 1567 1974 rebus,
1588 1946 1615 1969 et
1637 1942 1771 1970 maximus

982 1988 1090 2015 adulter
1122 1988 1196 2015 iuit:
1220 1992 1248 2015 et
1272 1995 1334 2015 cum
1363 1987 1508 2015 mulierem
1533 1987 1680 2022 quamdam
1710 1988 1770 2016 viro

982 2034 1145 2068 desponsam
1173 2034 1331 2068 rapuisset,
1363 2033 1430 2061 alias
1457 2034 1512 2068 jam
1541 2034 1658 2061 elocatas
1682 2039 1709 2061 et
1741 2034 1770 2062 in

981 2080 1108 2115 coniugio
1129 2080 1252 2107 viventes
1278 2086 1293 2106 a
1319 2080 1425 2107 maritis
1439 2079 1618 2106 abstraxisset
1634 2100 1640 2112 ,
1657 2086 1771 2108 caeteras

982 2132 1078 2151 omnes
1090 2124 1154 2151 odio
1171 2129 1335 2158 prosecutus
1359 2128 1420 2155 est,
1443 2131 1496 2150 una
1521 2127 1655 2157 excepta:
1684 2132 1768 2158 quam

980 2176 1008 2198 et
1023 2172 1108 2206 ipsam
1136 2171 1230 2206 utique
1252 2178 1353 2198 osurus
1375 2171 1444 2202 fuit,
1471 2171 1493 2198 si
1522 2169 1626 2198 diutius
1644 2170 1769 2198 vixisset.

981 2218 1050 2252 Erga
1067 2223 1191 2248 matrem,
1207 2223 1316 2243 sorores
1338 2220 1366 2242 et
1395 2216 1484 2243 aviam
1509 2215 1657 2243 Antoniam
1682 2216 1768 2243 multa

981 2263 1025 2299 pie
1044 2263 1109 2290 fecit
1128 2274 1132 2290 ;
1151 2266 1222 2296 post,
1237 2262 1325 2289 aviam
1346 2270 1360 2289 a
1377 2270 1430 2297 qua
1451 2262 1613 2297 obiurgatus
1631 2266 1710 2293 erat,
1730 2263 1764 2289 ad

980 2316 1077 2336 necem
1095 2308 1278 2335 voluntariam
1295 2308 1435 2342 compulit.
1457 2307 1573 2335 Sorores
1586 2315 1683 2334 omnes
1701 2315 1766 2334 cor-

979 2355 1064 2390 rupit,
1080 2360 1107 2381 et
1127 2355 1193 2381 duas
1221 2354 1247 2381 in
1268 2355 1386 2382 insulam
1414 2355 1544 2389 relegavit
1562 2363 1569 2381 :
1592 2362 1653 2381 nam
1684 2354 1765 2381 tertia

979 2402 1057 2437 prius
1076 2401 1195 2428 obierat.
1213 2401 1252 2428 Ac
1268 2401 1352 2428 multa
1373 2401 1397 2427 id
1411 2409 1497 2436 genus
1520 2401 1595 2428 fecit.
1623 2400 1690 2428 Cum
1718 2400 1768 2427 Ti-

978 2448 1084 2475 berium
1100 2452 1129 2474 ut
1145 2448 1315 2474 luxuriosum
1329 2451 1356 2473 et
1373 2447 1538 2473 homicidam
1555 2446 1764 2478 criminaretur,

977 2494 1023 2521 alii
1037 2501 1146 2528 quoque
1174 2501 1204 2520 se
1220 2493 1258 2520 illi
1276 2499 1381 2528 gratum
1400 2493 1522 2520 facturos
1548 2493 1621 2526 rati,
1650 2493 1767 2520 liberius

978 2540 1005 2567 in
1019 2548 1081 2567 cum
1100 2545 1164 2567 sunt
1179 2537 1289 2567 in'vecti.
1309 2539 1413 2567 Deinde
1431 2541 1559 2567 eumdem
1586 2540 1710 2566 laudavit
1738 2543 1767 2567 et

977 2586 1135 2617 celebravit,
1153 2591 1180 2613 et
1194 2593 1288 2620 poenas
1307 2585 1340 2612 de
1357 2586 1390 2612 iis
1402 2585 1520 2620 sumpsit
1545 2586 1590 2620 qui
1615 2585 1654 2612 illi
1682 2585 1760 2612 male-

979 2632 1116 2659 dixerant.
1137 2632 1204 2659 Male
1224 2632 1257 2659 de
1274 2639 1307 2658 eo
1326 2633 1471 2665 loquentes
1490 2631 1685 2666 vituperabat,
1702 2631 1763 2657 lau-

979 2679 1075 2705 dantes
1088 2677 1203 2709 oderat,
1225 2682 1254 2704 ut
1270 2678 1373 2704 amicos
1396 2677 1480 2704 illius.
1507 2677 1630 2713 Magnam
1657 2677 1763 2704 turbam

977 2731 1073 2751 eorum
1094 2724 1141 2758 qui
1164 2723 1306 2750 Tiberium
1334 2728 1427 2751 contra
1443 2729 1548 2758 patrem
1562 2743 1569 2756 ,
1596 2727 1711 2750 matrem
1737 2728 1764 2750 et

978 2769 1078 2797 fratres
1088 2770 1148 2805 ejus
1162 2769 1313 2803 irritarant,
1327 2769 1427 2797 occidit
1439 2778 1445 2796 :
1456 2769 1579 2805 quamvis
1591 2777 1620 2797 se
1627 2769 1763 2804 placatum

732 2849 832 2880 Vatia;
846 2849 999 2880 lectiones
1021 2852 1052 2879 et
1069 2853 1163 2880 notae.

175 2910 228 2945 (90)
246 2909 379 2942 Πάντως.
395 2909 432 2936 lta
457 2918 520 2938 :uss.
545 2909 624 2937 codd.
641 2910 756 2938 Wolﬁus
773 2911 874 2943 πάντας
891 2909 1025 2940 ediderat.
