2050 3154
147 191 200 223 ρον

761 192 965 224 ANNALIUM
988 193 1061 224 LlB.
1090 195 1145 224 Χῐ.

1722 191 1777 235 970

148 260 190 282 τις
220 250 281 277 καθ’
310 250 426 277 ἕκαστον
453 249 544 277 αὐτῶν
564 250 731 284 καταλέγοι;
757 251 838 278 ὁπότε
868 251 934 286 πρὸς

987 251 1030 278 bis
1055 252 1165 284 millies,
1191 253 1316 284 centies,
1344 254 1524 289 quinquagies
1552 260 1666 285 cenlena
1691 258 1774 285 millia

151 297 263 324 πάντων
283 296 458 332 ὡμολόγηται
502 296 549 323 δύο
576 297 709 332 μυριάδας
736 297 874 332 μυριάδων
893 297 939 323 καὶ

149 343 240 378 χιλίας
256 342 443 373 παντακοοίας
455 342 493 377 (6)
504 343 532 369 ἐν
542 342 581 379 τῷ
590 343 638 377 τῆς
649 343 735 378 ἀρχῆς
748 343 831 369 αὑτοῦ
851 343 939 378 χρόνῳ

147 389 177 418 ἐς
191 388 225 415 τὰ
239 388 340 415 δεῖπνα
357 388 439 414 αὐτὸν
455 388 684 422 δεδαπανηκέναι.
709 387 840 418 Πολλάκις
853 388 880 414 δὲ
893 388 940 414 καὶ

147 434 213 470 παρ’
227 435 316 466 ἄλλοις
335 435 464 465 εἱστιᾶτο,
481 435 529 460 καὶ
550 434 599 469 τῆς
623 434 709 469 αὐτῆς
738 434 845 470 ἡμέρας
863 434 938 461 ἄλλοι

149 480 198 515 μὲν
215 480 418 514 ἀχρατίσασθαι
439 480 568 515 παρεῖχον
589 479 674 515 αὐτῷ,
686 479 762 507 ἄλλοι
784 480 812 506 δὲ
825 480 938 514 ἀριστῆ-

148 535 203 558 σαι,
228 527 318 562 ἕτεροι
334 527 492 559 δὲδείπνον,
507 527 554 553 καὶ
578 526 667 561 ἕτεροι
688 526 856 561 μεταδόρπιά
877 535 938 552 τινα

147 572 308 607 πλησμονῆς
327 572 500 607 παραμύθια.
518 572 598 599 Οὕτω
611 572 640 599 δὲ
658 572 744 608 βιοὺς,
761 573 812 599 οὐκ
825 572 938 607 ἄμοιρος

145 615 180 653 ἦν
216 618 377 644 παντάπασι
404 618 452 644 καὶ
477 618 568 644 καλῶν
596 618 696 653 ἔργων.
719 618 756 644 Τό
773 627 802 644 τε
821 618 876 653 γὰρ
891 618 938 644 ltiti.

145 664 283 698 Νέρωνος,
300 665 347 690 καὶ
363 664 392 691 τὸ
404 664 450 690 ἐπὶ
470 663 585 695 ramos,
602 664 649 691 τοῦ
667 673 698 690 τε
717 664 840 696 Ὄθωνος
853 664 938 691 κοπὲν

145 708 269 743 νόμισμα
295 709 440 743 ἐτήρησεν,
472 709 523 736 οὐκ
556 709 721 743 ἀγανακτῶν
746 710 808 740 ταῖς
833 709 937 735 εἰκόσιν

144 754 237 780 αὐτῶν
252 763 258 770 ·
276 755 324 781 καὶ
337 755 388 781 ὃσα
398 755 469 781 τισὶν
486 754 664 790 ἐδεδώρηντο,
689 754 816 789 ἐφύλαξε,
835 754 937 790 μηδένα

145 801 229 836 μηδὲν
244 800 422 836 ἀφελόμενος.
443 801 498 827 Καὶ
512 800 574 827 οὔτε
605 801 640 828 τὰ
655 801 687 827 ἐκ
701 801 755 828 τῶν
775 799 936 826 συντελειῶν

144 847 339 882 ἀποφληθέντα
362 846 515 882 ἀπῄτησεν,
536 847 598 874 οὕτε
625 847 720 874 οὐσίαν
735 847 806 878 τινὸς
822 847 937 882 ἐδήμευ-

146 902 202 924 σεν.
216 893 326 927 ὀλίγους
353 893 402 928 μὲν
417 892 489 919 πάνυ
503 893 558 919 τῶν
576 893 611 919 τὰ
627 893 747 924 Ὄθωνος
773 892 936 927 πραξάντων

146 938 324 970 ἀποκτείνας,
349 938 416 973 μηδὲ
440 937 489 969 τὰς
512 937 625 964 ἐκείνων
648 937 740 972 μέντοι
763 936 858 968 οὐσίας
872 936 935 967 τοὺς

143 985 338 1020 προσήκοντας
364 984 439 1017 σφῶν
464 984 669 1019 ἀποστερήσας.
685 983 740 1010 Καὶ
754 984 811 1015 τοῖς
824 983 935 1014 οἰκείοις

141 1029 172 1057 δὲ
201 1030 256 1056 ⁸τῶν
285 1029 419 1065 πρότερόν
444 1038 509 1056 ποτε
525 1029 738 1056 θανατωθέντων
774 1029 935 1063 ἐδωρήσατο

145 1077 234 1102 πάντα
249 1076 300 1102 ὅσα
315 1077 344 1102 ἐν
362 1075 401 1110 τῷ
423 1075 546 1110 δημοσίῳ
574 1074 702 1110 εὕρηντο.
725 1074 796 1101 Ἀλλ’
809 1075 870 1101 οὐδὲ
885 1075 935 1105 τὰς

141 1121 276 1156 διαθήκας
286 1121 340 1148 τῶν
362 1120 638 1156 ἀντιπολεμησάντων
668 1119 743 1154 αὐτῷ
766 1121 813 1146 καὶ
833 1120 862 1146 ὲν
874 1120 934 1150 ταῖς

142 1168 246 1202 μάχαις
262 1167 398 1193 πεσόντων
411 1167 543 1202 ᾐτιάσατο
561 1175 568 1183 δ
583 1167 757 1202 ἀπηγόρευσε
773 1166 801 1192 δὲ
816 1166 864 1192 καὶ
877 1167 934 1196 τοῖς

144 1213 313 1247 βουλευταῖς,
331 1214 378 1239 καὶ
393 1215 449 1246 τοῖς
466 1213 580 1240 ἱππεῦσι
601 1213 766 1248 μονομαχεῖν
781 1212 797 1248 ἢ
810 1212 839 1237 ὲν
850 1212 933 1247 ὀρχή-

143 1264 211 1292 στρᾳ
228 1257 294 1284 θέαν
310 1259 371 1284 τινὰ
389 1257 620 1292 παρασχεῖνλίαὶ
633 1257 678 1283 διὰ
691 1256 778 1283 ταῦτα
796 1257 932 1292 ἐπῃνεῖτο.

149 1303 211 1329 Ἐπὶ
225 1302 331 1333 τούτοις
355 1303 476 1338 ἠγγέλθη
499 1303 574 1338 αὐτῷ
589 1304 606 1338 ἡ
626 1303 655 1329 ὲν
678 1302 794 1337 Ἰουδαίᾳ.
810 1302 870 1328 κατ’
884 1301 933 1328 αὐ-

142 1348 189 1375 τοῦ
215 1349 416 1380 ἐπανάστασις.
446 1349 500 1376 Καὶ
523 1349 618 1379 δεινῶς
643 1348 784 1375 κατέδεισε
795 1347 829 1374 δι’
848 1346 933 1381 αὐτὴν

142 1395 230 1421 ἄλλων
243 1403 272 1420 τε
283 1394 445 1429 συμϐάντων
460 1395 591 1429 σημείων.
603 1394 705 1428 καὶ-τῆς
717 1393 833 1429 σελήνης
858 1393 932 1427 παρὰ

143 1441 176 1467 τὸ
189 1441 360 1477 καθεστηκὸς
373 1441 413 1472 δὶς
425 1440 611 1467 ἐκλελοιπέναι
625 1440 811 1474 δοξάσης.1(αι
825 1440 879 1474 γὰρ
886 1448 932 1465 τε·

141 1486 261 1521 ταρταία
276 1487 323 1513 καὶ
341 1486 472 1522 ὲὸδομαία
487 1486 621 1520 ὲσκιάσθη
632 1493 640 1500 ·
654 1486 746 1521 ἡλίους
756 1493 786 1511 τε
800 1485 859 1520 ἄμα
871 1486 932 1511 τότε

140 1531 213 1560 εἶδον
227 1533 259 1559 εκ
274 1542 304 1560 τε
325 1533 380 1559 τῶν
401 1533 540 1560 ἀνατολῶν
565 1534 612 1560 καὶ
625 1533 658 1559 ὲκ
675 1532 729 1559 τῶν
744 1532 867 1567 δυσμῶν,
886 1532 933 1558 τὸν

143 1577 195 1612 μὲν
207 1578 309 1613 ἀσθενῆ
321 1579 367 1605 καὶ
380 1579 481 1614 ὠχρὸν,
504 1577 550 1605 τὸν
574 1577 596 1604 δ’
610 1577 640 1611 ἐξ
653 1577 792 1604 ἀνατολῶν
809 1578 930 1612 ἰσχυρόν.
946 1594 968 1623 c

149 1625 291 1661 Ἐπράχοη
307 1626 334 1652 δὲ
350 1626 385 1653 τὰ
394 1627 443 1661 τῆς
460 1625 673 1657 ἐπαναστάσεως
687 1623 745 1652 ὦδε.
761 1626 931 1652 Οὐεσπασια-

143 1671 188 1703 νὸς
209 1672 239 1697 ὲν
264 1671 379 1707 Ἰουδαία
404 1672 561 1706 διατρίσων,
576 1672 624 1707 (ὡς
646 1671 699 1706 γὰρ
712 1671 764 1706 ἥδη
779 1670 930 1706 ιστόρηται,

142 1717 219 1752 παρὰ
239 1717 366 1752 Νέρωνος
384 1716 418 1752 ἦν
432 1718 520 1743 ἐκεῖσε
543 1717 649 1748 σταλεὶς
671 1716 715 1743 διὰ
726 1717 775 1751 τὴν
792 1715 846 1742 τῶν
863 1716 932 1741 Ὶιυ-

140 1763 227 1790 δαίων
242 1764 424 1797 ἀποστασίαν)
436 1762 476 1798 τῷ
498 1763 547 1797 μὲν
561 1762 651 1797 Γάλὸει
665 1762 868 1797 αὐταρχήσαντι
886 1762 932 1788 τὶν

142 1811 200 1836 υἱὸν
225 1809 332 1844 ἔπεμψε
358 1809 436 1835 Τῖτον
462 1807 650 1844 προσεροῦντα
675 1808 757 1834 αὐτόν
778 1816 785 1822 ·
815 1807 932 1834 ἐπανελ-

143 1857 236 1887 θόντος
250 1856 278 1882 δὲ
294 1855 341 1882 τοῦ
351 1855 443 1887 Τίτου,
464 1855 526 1881 ἐπεὶ
541 1855 602 1881 καθ’
618 1854 676 1881 ὁδὸν
693 1853 865 1889 ἐμεμαθήκει
882 1853 931 1887 τὴν

142 1902 190 1928 τοῦ
209 1901 365 1928 Οὐϊτελλίου
378 1902 425 1928 καὶ
448 1901 495 1928 τοῦ
513 1901 634 1932 Ὄθωνος
649 1901 846 1931 ἐπανάστασιν,
864 1899 931 1934 πρὶς

144 1948 297 1982 μοναρχίαν
312 1948 359 1974 καὶ
376 1947 460 1978 αὐτὸς
473 1947 592 1982 ὡρμήθη
619 1946 689 1973 κατὰ
710 1946 757 1972 τὸν
773 1945 871 1972 Δίωνα.
887 1945 932 1975 Ὠς

143 1995 166 2020 δ’
182 1995 197 2020 ό
218 1994 349 2028 Ἰώσηπος
363 1994 392 2020 ὲν
408 1995 442 2029 τῇ
457 1994 505 2028 τῆς
521 1993 651 2024 ἁλώσεως
671 1992 776 2027 ῑστορίᾳ
792 1992 887 2027 φησὶν,
906 1992 932 2018 ol

144 2039 204 2074 μετ’
219 2040 303 2066 αὑτοῦ
334 2039 512 2075 στρατιῶται,
547 2039 678 2074 μαθόντες
697 2038 761 2069 τοὺς
782 2037 831 2072 μὶν
854 2037 883 2063 ὲν
897 2038 929 2072 τῇ

144 2085 262 2120 Εὐρώπῃ
278 2085 404 2117 Γαλάτας
430 2085 633 2115 στασιάσαντας
660 2083 766 2110 Γάλὸαν
791 2083 931 2118 προχειρί-

144 2131 243 2158 σασθαι
260 2131 459 2167 αὐτοκράτορα,
473 2132 536 2163 τοὺς
548 2130 571 2156 δ’
587 2131 616 2157 ὲν
629 2130 769 2166 Γερμανίᾳ
785 2137 931 2164 στρατευο-

146 2177 242 2212 μένους
268 2176 433 2203 ἀνθελέσθαι
461 2176 507 2204 τδν
529 2177 693 2209 Οὐϊτέλλιον,
720 2176 782 2208 τοὺς
798 2176 822 2202 δ’
844 2176 873 2202 ὲν
896 2176 930 2210 τῇ

149 2223 243 2259 Ῥώμῃ
264 2222 489 2258 προχειρίσασθαι
501 2222 619 2254 Ὄθωνα,
635 2222 682 2248 καὶ
697 2221 773 2248 αὐτοὶ
790 2221 840 2256 τὴν
865 2230 931 2257 μον-

992 296 1184 324 drachmarum
1207 298 1234 324 in
1257 305 1350 325 ccenas
1382 299 1570 333 insumpsisse.
1602 301 1678 337 Saepe
1693 304 1774 332 etiam

990 342 1063 376 apud
1085 342 1154 369 alios
1170 343 1334 371 convivatus
1350 349 1392 371 est
1406 353 1411 371 :
1432 345 1584 380 eodemque
1607 347 1651 374 die
1667 348 1737 376 alius
1750 352 1776 377 ci

987 386 1170 421 jentaculum,
1191 388 1262 415 alius
1287 389 1442 423 prandium,
1464 390 1535 416 alitis
1563 398 1680 424 coenant,
1706 394 1776 421 alius

990 432 1103 459 bellaria
1119 438 1180 468 post
1198 441 1316 464 comam,
1332 434 1365 460 ad
1380 435 1535 462 leniendam
1551 437 1691 470 crapulam
1707 445 1776 472 prae-

989 479 1119 506 buerunt.
1140 479 1212 506 luler
1228 480 1285 507 hmc
1297 481 1362 507 vitia
1378 481 1493 508 virtutes
1509 482 1533 508 ei
1548 490 1601 509 non
1618 483 1775 510 defuerunt.

989 525 1128 551 Monetam
1144 525 1218 552 enim
1232 525 1284 553 sub
1299 525 1417 558 Nerone,
1436 527 1533 559 Galba,
1548 527 1655 555 Othone
1665 537 1778 563 percus-

989 578 1046 598 sam
1065 571 1190 602 retinuit,
1206 572 1372 607 imaginibus
1389 581 1484 599 eorum
1500 573 1567 600 nihil
1584 573 1705 601 oil'rnsus
1719 583 1724 600 :
1749 579 1778 601 et
1789 567 1795 572 ’

988 624 1049 651 quae
1064 617 1205 651 aliquibus
1217 617 1318 644 donata
1341 617 1459 649 fuerant,
1485 618 1576 645 omnia
1597 623 1655 646 rata
1670 619 1776 651 habuit,

989 669 1078 696 neque
1095 662 1222 696 cuiquam
1251 662 1401 697 quidquam
1423 663 1538 698 eripuit.
1557 663 1650 698 Neque
1670 672 1702 691 ea
1716 672 1778 699 quae

987 715 1021 734 ex
1036 708 1289 735 contributionibus
1313 708 1486 736 debebantur
1504 711 1605 746 exegit,
1620 719 1711 746 neque
1725 720 1776 739 cu-

985 754 1113 789 jusquam
1137 754 1208 781 bona
1230 754 1403 788 publicavit:
1429 755 1524 789 paucis
1545 756 1778 784 duntaxatOtho-

987 798 1076 826 nianze
1101 798 1230 826 factionis
1253 799 1361 832 occisis,
1380 806 1470 834 neque
1487 804 1575 827 tamen
1591 808 1687 828 eorum
1706 801 1777 828 bona

987 845 1111 879 cognatis
1125 845 1239 879 cripttit.
1266 845 1368 872 Eorum
1394 846 1460 873 item
1483 846 1617 881 cognatis,
1638 847 1684 881 qui
1700 847 1777 881 prius

987 889 1070 918 occisi
1098 891 1218 923 fuerant,
1243 899 1275 918 ea
1299 893 1420 918 restituit
1446 892 1549 923 omnia,
1567 901 1628 927 qua:
1645 893 1735 921 adhuc
1749 894 1777 921 in

989 936 1100 971 publico
1114 937 1336 972 reperiebantur.
1359 938 1453 972 Neque
1476 943 1638 966 testamenta
1650 939 1778 967 adversa-

989 982 1105 1014 riorum,
1132 983 1179 1017 qui
1195 983 1222 1010 in
1243 983 1314 1010 bello
1330 983 1500 1017 ceciderant,
1519 985 1708 1019 reprehendit.
1726 985 1777 1013 Ve-

988 1029 1042 1057 tuit
1064 1037 1099 1056 ne
1121 1033 1263 1057 senatores
1285 1034 1314 1057 et
1331 1030 1440 1065 equites
1460 1030 1487 1057 in
1515 1038 1597 1058 arena
1613 1035 1775 1066 pugnarent.

987 1079 1034 1101 aut
1050 1074 1076 1101 in
1086 1074 1227 1102 orchestra
1240 1082 1269 1102 se
1280 1075 1444 1109 spectandos
1458 1075 1614 1109 prmberent
1626 1084 1633 1102 :
1648 1081 1731 1110 atque
1741 1076 1778 1103 ob

987 1119 1046 1148 haec
1060 1120 1236 1147 laudabatur.
1252 1120 1385 1148 Nuntiato
1399 1126 1474 1148 motu
1488 1121 1614 1154 Iudaico,
1632 1121 1658 1149 in
1678 1129 1778 1157 magno

987 1170 1093 1193 terrore
1109 1166 1170 1196 fuit,
1187 1174 1248 1193 cum
1264 1166 1299 1193 ob
1315 1166 1366 1193 alia
1392 1167 1528 1201 prodigia,
1551 1172 1608 1194 tum
1623 1167 1696 1202 quod
1713 1168 1777 1195 luna

986 1212 1029 1239 bis
1044 1212 1178 1239 defecisse
1202 1217 1301 1246 praeter
1323 1212 1436 1239 solitutn
1454 1213 1612 1245 videbatur,
1634 1218 1662 1240 et
1677 1218 1777 1248 quarto

985 1262 1013 1284 et
1029 1257 1148 1292 septimo
1164 1257 1210 1284 die
1223 1257 1379 1284 obscurata.
1409 1258 1497 1284 Simul
1524 1259 1606 1285 etiam
1631 1259 1686 1286 duo
1702 1260 1777 1286 soles

985 1303 1048 1336 visi,
1068 1303 1137 1330 alter
1151 1303 1186 1330 ab
1200 1311 1313 1334 occasu,
1333 1304 1403 1330 alter
1426 1304 1461 1331 ab
1474 1305 1602 1332 oriente:
1631 1305 1677 1332 ille
1699 1305 1777 1332 infir-

986 1357 1047 1376 mus
1061 1353 1088 1376 et
1103 1349 1231 1383 pallidus,
1257 1349 1337 1384 575
1366 1349 1411 1376 hic
1428 1350 1570 1377 robustus.
1599 1350 1687 1377 Motus
1702 1351 1778 1378 illius

986 1394 1044 1422 haec
1067 1395 1138 1421 ratio
1162 1394 1223 1422 fuit.
1239 1395 1423 1429 Vespasianus
1438 1396 1465 1422 in
1482 1396 1575 1423 .ludaza
1591 1396 1704 1432 degens,
1721 1389 1777 1432 quo

985 1448 1049 1468 eum
1066 1448 1081 1467 a
1098 1441 1206 1468 Nerone
1218 1445 1331 1475 propter
1341 1441 1497 1468 Judteorum
1509 1442 1694 1470 defectionem
1709 1443 1776 1470 mis-

986 1494 1046 1514 sttm
1064 1486 1149 1513 fuisse
1170 1487 1225 1521 jam
1251 1486 1381 1518 diximus,
1408 1486 1493 1513 filium
1509 1487 1600 1515 Titum
1615 1488 1647 1514 ad
1663 1488 1776 1515 Galbam

985 1531 1163 1560 salutandutn
1178 1531 1263 1559 misit.
1277 1531 1341 1558 Tito
1357 1537 1450 1559 autem
1469 1541 1581 1560 reverso
1599 1534 1672 1561 (nam
1688 1535 1714 1561 in
1733 1535 1777 1562 via

986 1577 1150 1605 seditionem
1175 1576 1292 1604 Othonis
1319 1582 1347 1604 et
1374 1578 1474 1605 Vitellii
1499 1579 1644 1614 didicerat)
1665 1584 1694 1607 et
1718 1581 1777 1615 ipso

985 1624 1027 1658 (ut
1041 1624 1109 1651 Dion
1127 1623 1221 1657 refert)
1245 1631 1358 1658 regnum
1386 1624 1536 1652 affectavit.
1564 1624 1685 1660 .losepho
1713 1634 1777 1654 vero

983 1675 1096 1698 auctore
1118 1671 1146 1697 in
1171 1669 1278 1698 excidio
1291 1669 1415 1702 Iudaico,
1435 1671 1536 1698 milites
1560 1672 1620 1706 ejus
1633 1679 1695 1699 cum
1722 1681 1776 1700 au-

985 1717 1102 1749 dissent,
1117 1725 1131 1744 a
1148 1716 1234 1744 Gallis
1253 1716 1396 1750 Europads
1412 1715 1524 1744 Galbam
1543 1725 1592 1752 per
1611 1719 1775 1746 seditionem

986 1764 1181 1798 imperatorem
1195 1770 1256 1790 esse
1275 1767 1410 1794 creatum,
1429 1770 1442 1789 a
1470 1763 1640 1791 Germanicis
1663 1765 1777 1800 legioni-

985 1808 1037 1836 bus
1057 1809 1207 1840 Vitellium,
1234 1817 1248 1836 a
1270 1810 1402 1836 Romanis
1420 1809 1578 1837 Othonem:
1598 1811 1647 1845 ipsi
1666 1819 1776 1846 quoque

986 1862 1036 1881 suo
1050 1854 1112 1881 duci
1132 1854 1279 1889 imperium
1307 1855 1512 1888 decreverunt,
1534 1861 1616 1890 atque
1631 1856 1693 1884 aliis
1707 1857 1776 1885 alios

986 1900 1200 1932 concitantibus,
1232 1901 1427 1935 Vespasianunt
1456 1902 1649 1935 imperatorem
1674 1904 1777 1930 saluta-

985 1952 1072 1978 runt.
1094 1946 1196 1974 hortati
1228 1951 1258 1973 ut
1271 1946 1437 1981 periclitanti
1463 1947 1622 1981 reipublicae
1641 1948 1775 1976 subveni-

986 1998 1040 2021 ret.
1069 1992 1225 2028 Refraganti
1258 1993 1361 2020 tribuni
1390 1993 1551 2020 institerunt
1577 2002 1585 2020 :
1617 1998 1646 2021 et
1672 1995 1776 2022 milites

985 2038 1089 2066 strictis
1110 2038 1224 2065 ensibus
1246 2038 1456 2065 circumstantes
1469 2058 1475 2069 ,
1507 2043 1622 2065 mortem
1641 2045 1705 2066 sunt
1724 2039 1776 2066 mi-

984 2084 1055 2112 nati.
1070 2084 1152 2111 Paret
1169 2083 1262 2118 igitur,
1278 2087 1306 2110 et
1321 2083 1439 2118 primum
1454 2083 1486 2110 ad
1501 2083 1610 2118 Egypti
1629 2088 1773 2118 praetorem

985 2130 1096 2162 scribit,
1112 2137 1167 2165 quo
1193 2129 1255 2156 loco
1271 2137 1315 2156 res
1331 2136 1386 2156 sua:
1400 2129 1456 2156 sint
1471 2137 1477 2155 :
1497 2136 1512 2156 a
1527 2137 1582 2163 quo
1596 2129 1687 2156 statim
1704 2131 1776 2157 salu-

986 2181 1059 2205 tatus
1074 2181 1116 2204 est
1139 2176 1299 2211 imperator.
1317 2175 1421 2203 Deinde
1437 2175 1589 2202 Mutianutu
1603 2175 1689 2210 Syria:
1705 2183 1774 2210 prm-

987 2227 1075 2249 torem
1089 2222 1117 2249 in
1137 2222 1242 2249 Italiam
1255 2226 1350 2248 contra
1365 2221 1504 2249 Vitellium
1522 2220 1615 2248 mittit.
1632 2219 1691 2255 Quo
1705 2226 1775 2247 tem-

144 2268 242 2303 αρχίαν
257 2267 296 2302 τῷ
321 2267 444 2301 σφετέρῳ
459 2266 603 2302 στρατηγῴ
621 2266 798 2301 ἐψηφίσαντο,
818 2266 867 2292 καὶ
879 2274 931 2291 πα-

985 2275 1052 2302 pore
1074 2267 1225 2302 Josephum
1252 2266 1407 2298 Hebraeum,
1435 2274 1526 2301 quem,
1553 2267 1663 2294 vivente
1684 2267 1776 2295 adhuc

144 2315 365 2350 ρσκροτήσαντες
382 2314 524 2350 ἀλλήλους,
534 2314 722 2350 ἀνηγόρευσαν
740 2315 785 2340 τὸν
807 2315 930 2341 Οὐεσπα-

145 2361 236 2388 σιανὸν
248 2361 449 2396 αὐτοκράτορα,
463 2360 511 2387 καὶ
528 2359 625 2393 σώζειν
650 2360 698 2396 τὴν
713 2360 767 2386 τῶν
785 2360 930 2396 Ῥωμαίων

145 2407 296 2442 ἠγεμονίαν
315 2406 525 2433 κινδυνεύουσαν
543 2405 728 2441 παρεκάλουν.
749 2406 930 2441 ’Δρνουμένου

143 2452 166 2478 δ’
181 2452 298 2484 ἐκείνου,
308 2452 334 2478 οι
355 2452 404 2487 μὲν
416 2452 549 2487 ἡγεμόνες
564 2453 750 2488 προσέκειντο,
763 2453 788 2478 οί
805 2452 834 2479 δὲ
847 2461 930 2487 στραο

142 2498 240 2525 τιῶται
270 2498 466 2534 περιχυθέντες
499 2498 623 2533 ξιφήρεις
659 2498 764 2525 ἀνελεῖν
800 2498 930 2533 ἠπείλουν

144 2545 237 2571 αὐτόν.
255 2544 385 2571 Πείθεται
400 2541 457 2576 οὖν⁹
477 2544 525 2570 καὶ
540 2545 648 2578 πρῶτον
661 2543 700 2579 τῷ
718 2543 768 2579 τὴν
784 2544 870 2579 ἀρχὴν
885 2545 934 2580 τῆς

143 2590 285 2625 Αἰγύπτου
301 2589 421 2617 ὶθύνοντι
438 2590 591 2616 ἐπιστέλλει
605 2590 669 2625 περὶ
695 2589 749 2616 τῶν
761 2591 822 2616 κατ’
839 2590 932 2624 αὑτὸν,

140 2640 190 2663 και
226 2636 255 2667 ὓς
280 2635 362 2667 εὐθὺς
399 2635 588 2671 ἀνηγόρευσεν
620 2635 702 2662 αὑτὸν
731 2635 932 2671 αὐτοκράτορα.

141 2681 349 2713 οὐεσπασιανὺς
363 2680 406 2712 δὲ.
425 2681 505 2708 τοῦτο
523 2680 627 2717 μαθὼν,
641 2681 685 2707 τὶν
701 2682 751 2717 μὲν
769 2682 818 2717 τῆς
833 2682 932 2717 Συρίας

141 2728 296 2764 ἡγούμενον
326 2726 482 2755 Μουκιανὸν
512 2728 552 2759 εις
574 2727 624 2762 τὴν
657 2726 774 2754 Ἰταλίαν
816 2728 862 2754 ἐπὶ
885 2728 931 2755 τδν

983 2313 1102 2345 Nerone,
1131 2313 1326 2347 imperatorem
1349 2320 1377 2340 se
1400 2313 1538 2347 appellare
1554 2320 1663 2345 ausum,
1683 2314 1773 2348 capti-

983 2367 1049 2387 vum
1069 2359 1161 2387 adhuc
1176 2359 1204 2386 in
1218 2359 1339 2386 vinculis
1356 2359 1477 2390 tenebat,
1493 2359 1529 2386 ob
1550 2367 1611 2386 eam
1627 2359 1775 2386 divinatio-

982 2413 1045 2433 nem
1068 2405 1137 2433 solv“:
1162 2404 1254 2440 jussit.
1284 2404 1347 2432 Tito
1373 2411 1438 2432 vero
1458 2404 1597 2436 hortante,
1627 2409 1658 2431 ιιι
1672 2404 1697 2431 ei
1718 2411 1773 2431 una

982 2460 1044 2480 cum
1058 2452 1132 2479 ferro
1145 2452 1229 2479 etiam
1247 2450 1396 2486 ignominia
1409 2451 1569 2478 demeretur
1579 2450 1662 2486 (quod
1678 2450 1770 2482 ﬂebat,

982 2505 1043 2525 cum
1063 2497 1173 2525 vincula
1189 2504 1245 2524 non
1260 2497 1449 2528 solvebantur,
1468 2496 1517 2524 sed
1534 2496 1745 2524 disseeabautur
1762 2503 1769 2522 :

983 2548 1066 2578 atque
1081 2543 1109 2570 in
1127 2550 1176 2570 eos
1193 2541 1390 2576 usurpabatur,
1406 2541 1454 2576 qui
1471 2548 1521 2575 per
1539 2540 1668 2575 injuriam
1686 2540 1771 2567 vincti

983 2589 1098 2625 essent),
1114 2589 1285 2624 approbante
1304 2587 1481 2622 Vespasiano,
1496 2586 1608 2622 quidam
1619 2586 1708 2613 securi
1726 2593 1773 2613 ca-

984 2640 1076 2662 tenam
1100 2634 1243 2661 dissecuit.
1269 2633 1405 2668 Josephus
1419 2632 1492 2659 enim
1512 2632 1555 2666 (ut
1579 2631 1636 2666 ipse
1656 2633 1771 2664 narrat),

980 2689 1043 2708 cum
1063 2682 1091 2708 in
1107 2680 1193 2707 sacris
1208 2679 1320 2707 Litteris
1339 2677 1481 2705 oraculum
1493 2676 1653 2711 reperisset,
1667 2676 1725 2703 fore
1742 2680 1773 2703 ut

980 2726 1093 2761 quidam
1104 2734 1136 2754 ex
1149 2725 1243 2753 Judaea
1255 2724 1315 2752 orbi
1330 2728 1466 2752 terrarum
1482 2722 1646 2757 imperaret,
1663 2721 1690 2750 id
1705 2728 1768 2749 ora-

722 2806 823 2838 Variee
846 2807 998 2838 lecliones
1022 2809 1053 2838 et
1070 2810 1165 2838 notua.

181 2873 220 2908 (6)
237 2872 302 2899 Δύω
315 2871 462 2906 μυριάδας
474 2869 807 2908 μυριάδῳνᾴκαίλωιζας
822 2878 931 2908 πεντα-

144 2905 266 2942 κοσίας.
285 2905 332 2935 Sic
348 2905 413 2935 mss.
448 2907 514 2941 Reg.
532 2910 560 2932 et
588 2905 664 2932 Colb.
693 2905 776 2934 Wolf.
791 2906 935 2942 legendum

313 2959 446 2987 ΡΑτιιοι..
471 2958 528 2986 (in.
553 2955 721 2986 CXXXIV.

985 2870 1099 2905 putabat
1126 2869 1186 2904 δισχ
1199 2870 1269 2903 λίας,
1290 2875 1321 2897 ut
1346 2877 1379 2897 ea
1405 2877 1511 2897 summa
1524 2867 1668 2902 conflelur,
1689 2873 1772 2903 quam

991 2906 1103 2932 Tacitus
1119 2910 1206 2940 potnt.

1574 2952 1610 2982 31
