2050 3154
134 135 190 168 985

750 142 950 173 ANNALIUM
971 144 1045 174 LIB.
1064 145 1118 176 Xl.

1712 150 1767 182 986

135 193 274 227 Eii-praise,
295 191 423 228 δεύτερος
450 194 497 220 καὶ
521 193 598 227 οὗτος
622 195 691 230 μετὰ
729 196 775 223 τον
805 199 924 232 συγγενῆ

986 199 1050 230 .ulit,
1068 207 1102 227 ne
1121 199 1184 234 quis
1198 199 1226 227 in
1250 201 1374 229 Romano
1394 201 1511 238 imperio
1524 208 1673 238 castretur.
1697 212 1768 234 neve

150 239 285 267 Ἰάκωϐον
308 241 354 267 τὸν
373 240 487 274 ἀδελφὺν
508 241 554 268 τοῦ
580 242 683 277 Κυρίου
706 243 853 278 λεγόμενον
877 245 927 280 τὴν

136 286 296 319 ἐπισκοπὴν
314 286 461 321 λελογχώς.
478 287 556 322 Παρὰ
574 288 670 315 τούτου
692 289 740 315 τοῦ
757 291 926 324 αὐτοκράτο-

139 340 188 365 ρος
202 332 229 357 αἰ
256 332 422 366 μονομαχίαι
445 331 493 358 καὶ
509 333 525 366 ἡ
539 332 642 359 τούτων
663 333 712 360 θέα
729 334 928 371 ἀπηγορεύθη-

139 386 202 404 σαν.
232 377 372 412 Ἐπραττε
392 377 421 402 δὲ
436 377 511 403 οὐδὲν
529 377 641 412 γνώμης
663 379 729 414 ἄτερ
758 380 811 406 τῶν
829 380 928 416 ὲξόχων

136 424 194 449 τῶν
208 424 259 457 τῆς
276 423 382 459 βουλῆς.
399 419 484 454 Οὗτος
500 425 681 459 ἐνομοθέτησε
697 425 742 451 καὶ
757 425 786 451 τὸ
809 426 846 461 μή
864 434 927 452 τινα

138 471 174 497 τὰ
192 470 342 504 παιδογόνα
360 470 442 506 μόρια
464 471 540 505 παρὰ
570 471 717 505 Ῥωμαίοις
736 472 929 507 ἐκτέμνεσθαι,

140 516 213 551 μήτε
231 515 283 550 μὴν
300 515 416 549 ἄγεσθαι
442 517 510 550 πρὸς
523 517 612 551 γάμον
624 517 768 552 ἀδελφιδῆν
784 518 806 553 (l
814 518 852 552 8).
873 518 931 544 Φω-

141 562 230 596 ράσας
259 562 288 587 δὲ
319 562 365 588 τὸν
390 561 578 595 Καλπούρνιον
607 562 734 598 Κράσσον
756 563 804 590 καὶ
834 563 930 595 ἄλλους

138 605 371 636 ἐπιϐουλεύοντάς
379 607 414 636 οι,
427 606 456 632 ἐν
466 614 519 633 τινι
535 606 586 642 Θέᾳ
597 607 709 642 πλησίον
723 607 804 634 αὑτοῦ
817 608 932 640 καθίσας

139 651 242 682 αὐτοὺς
258 651 343 686 μήπω
357 652 471 685 γνόντας
491 652 532 678 ὅτι
548 652 738 687 πεφώρανται,
755 653 821 688 ξίφη
837 654 932 686 αὐτοῖς

141 696 322 730 ἐνεχείρισεν,
339 695 383 722 ῑνα
395 697 466 731 τάχα
483 696 566 723 ῐδοιεν
580 697 650 723 αὐτὰ
668 697 692 723 εί
709 696 739 723 εὖ
754 697 932 733 ἐξείργασταί

140 752 173 769 τε
196 744 242 770 καὶ
258 744 400 778 τέθηκται·
419 746 452 779 τῇ
471 744 493 770 δ’
508 744 632 782 ἀληθείᾳ,
645 744 688 770 ἴνα
699 745 788 778 γνοῖεν
801 743 838 775 ὼς
849 753 933 770 κατα-

141 789 317 823 πειρςρόνηταί
342 790 367 815 οῐ
393 790 407 815 ὸ
427 789 551 821 θάνατος.
582 789 680 823 Ἔλεγε
706 789 735 816 δὲ
763 789 804 815 ὁτι
836 788 933 821 Οὕτως

140 834 222 870 ἦρξα
239 835 318 862 ὥστε
337 836 487 864 δύνασθαι
503 835 553 863 καὶ
568 836 626 870 τὴν
639 835 739 869 ἀρχὴν
754 835 930 866 ἀποθέσθαι,

979 245 1092 272 fratrum
1112 249 1161 272 aut
1186 253 1311 273 sororum
1333 246 1403 275 ﬁlias
1426 248 1527 277 ducere
1551 250 1642 278 liccat.
1659 251 1726 279 Cum
1752 260 1768 280 a

977 290 1127 325 Calpurnio
1141 291 1251 325 Crasso,
1273 297 1301 320 et
1324 293 1385 320 aliis
1403 294 1517 322 insidias
1533 296 1592 323 ﬁeri
1607 297 1765 332 deprehen-

979 335 1075 369 disset,
1093 337 1134 364 eis
1148 337 1174 364 in
1193 339 1350 373 spectaculo
1364 340 1482 374 quodam
1500 343 1624 376 proxime
1636 350 1665 370 se
1682 343 1765 379 584

980 381 1134 414 collocatis,
1147 390 1228 411 enses
1247 384 1274 411 in
1293 392 1389 412 manus
1406 386 1529 417 tradidit.
1557 387 1659 422 ignaris
1676 389 1769 416 adhuc

980 426 1086 459 indicii,
1102 432 1132 454 ut
1154 428 1280 456 viderent
1304 429 1409 456 scilicot
1424 438 1458 457 an
1474 431 1584 464 :aﬂ‘abre
1604 431 1667 459 facti
1685 423 1769 466 atque

980 474 1052 500 acuti
1066 480 1179 502 essent:
1196 483 1258 502 Cllln
1275 484 1370 504 revera
1395 478 1534 510 innueret,
1560 485 1677 506 mortem
1703 489 1718 507 ³
1741 487 1771 508 SC

980 520 1129 546 contemni.
1143 520 1240 548 Aiebat
1255 527 1346 549 autem
1361 531 1389 549 se
1406 524 1444 550 ita
1457 529 1624 558 temperasse,
1642 530 1671 552 ut
1690 526 1771 552 etiam

980 564 1097 599 deposito
1118 566 1228 601 imperio
1249 569 1330 594 vitam
1346 569 1482 603 priuatam
1509 574 1564 596 luta
1581 575 1665 605 posset
1681 579 1772 605 agere.

982 611 1034 638 Sed
1051 619 1113 639 cum
1130 612 1165 639 ob
1179 621 1285 640 morum
1308 614 1450 642 lenitatem
1470 621 1497 642 et
1514 621 1620 643 aetatem
1646 621 1772 643 contem-

980 661 1103 690 neretur,
1116 658 1250 693 Capitolio
1259 667 1420 693 conscenso,
1432 662 1610 689 exclamavit:
1624 662 1699 695 Quod
1708 663 1773 694 felix

982 702 1149 738 faustumque
1167 705 1200 731 sit
1217 707 1321 732 senatui
1335 706 1493 742 populoque,
1512 708 1549 734 ll.
1574 707 1680 742 Ulpium
1701 707 1773 734 Ner-

981 755 1042 773 vam
1055 747 1201 782 Trajamtnt
1215 749 1320 784 adopto.
1340 750 1407 777 Dein
1428 750 1564 778 Caesarem
1583 759 1692 786 quoque
1709 758 1774 779 eum

982 793 1142 826 appellavit,
1158 794 1240 829 eique
1255 802 1304 822 sua
1321 802 1404 822 manu
1424 795 1600 823 Germaniam
1623 800 1682 823 tum
1698 796 1774 824 obti-

984 837 1060 864 nenti
1072 838 1183 873 scripsit
1197 849 1203 866 :

140 884 193 911 καὶ
211 884 355 918 ἀσφαλῶς
367 884 546 912 ἰδιωτεῦσαι.
564 885 613 911 Διὰ
629 885 656 911 δὲ
676 885 784 920 τρόπων
800 883 971 919 χρηστότητα
990 886 1037 911 καὶ
1057 886 1146 920 γῆρας
1172 887 1239 922 βαθὺ
1263 888 1530 923 καταφρονούμενος,
1556 888 1659 919 ἁναδὰς
1673 889 1713 919 τις
1743 887 1777 914 τὸ

142 932 322 959 Καπιτώλιον
348 932 509 968 ἐξεϐόησεν-
529 931 640 967 Ἀγαθῇ
655 932 729 966 τύχῃ
758 930 811 964 τῆς
831 939 861 957 τε
884 931 1004 964 βουλῆς
1031 933 1079 959 καὶ
1121 933 1174 960 τοῦ
1205 934 1302 968 δήμου
1336 935 1458 970 Μάρκον
1485 936 1617 962 00.1mm-
1641 934 1778 968 Νερούαν·

144 982 296 1016 Τραϊανὸν
312 981 513 1016 εἰσποιεῦμαι.
530 979 595 1008 Εἶτα
611 982 659 1008 καὶ
674 981 804 1015 Καίσαρα
838 981 952 1008 ἀνεῖπεν
968 980 1062 1013 αὑτὸν,
1091 981 1137 1008 καὶ
1152 983 1317 1019 αὐτοχείρως
1337 984 1477 1011 ἐπέστειλε
1492 983 1531 1018 τῷ
1551 983 1628 1018 ἀνδρὶ
1640 983 1690 1018 τῆς
1703 982 1774 1018 Γερ-

145 1029 246 1064 μανίας
259 1029 371 1064 ἄρχοντι
389 1029 451 1055 τότε
469 1035 475 1043 ·

184 1089 304 1116 Τίσειαν
318 1087 426 1114 Δαναοὶ
442 1087 498 1122 ἐμὰ
507 1086 624 1120 δάκρυα
642 1085 726 1112 σοῖσι
736 1083 898 1117 βέλεσσιν.

181 1146 288 1181 Ἀρξας
301 1145 347 1172 οὖν
364 1144 486 1178 Νερούας
501 1144 544 1178 ἐφ’
561 1143 611 1170 ἕνα
629 1143 751 1170 ἐνιαυτὸν
767 1143 813 1169 καὶ
841 1141 934 1177 μηνῶν

144 1193 311 1228 τετρακτὺν,
349 1190 499 1226 μετήλλαξε
529 1189 579 1225 τὴν
611 1189 684 1224 ζωὴν
712 1189 850 1223 νοσήσας,
886 1189 935 1215 καὶ

145 1236 336 1271 αὐτοκράτορα
351 1236 398 1262 τὸν
412 1235 547 1269 Τραϊανὸν
566 1234 796 1270 προεαλλόμενος.

183 1284 250 1309 ΚᾹ¹.
279 1282 414 1316 Τραϊανὸς
438 1282 465 1307 δὲ
488 1281 518 1307 τὸ
536 1281 613 1314 γένος
637 1278 727 1307 εἷλκεν
753 1280 784 1313 ἑξ
800 1280 934 1315 Ἰϐηρίας,

145 1328 276 1363 δεύτερον
290 1327 350 1359 ἑτος
358 1327 432 1360 ἄγων
444 1327 490 1354 ἐπὶ
507 1326 720 1360 τεσσαρακοστῷ
735 1326 789 1353 ἀπὸ
801 1326 936 1360 γενέσεως

147 1375 193 1401 ὅτε
210 1373 259 1408 τῆς
273 1373 424 1408 αὐταρχίας
437 1372 599 1408 τετύχηκεν,
622 1371 687 1398 ὥστ’
704 1372 733 1398 ἐν
757 1372 833 1406 ἀκμῇ
854 1371 936 1398 αὐτὸν

149 1419 221 1446 εἶναι
238 1421 287 1446 καὶ
309 1420 358 1454 τῆς
386 1419 474 1453 ψυχῆς
495 1419 542 1444 καὶ
561 1417 609 1444 τοῦ
633 1417 770 1452 σώματος,
791 1417 839 1444 καὶ
867 1418 936 1452 μήτε

149 1467 268 1500 Θράσους
285 1465 338 1492 ὑπὸ
351 1465 476 1498 νεότητος
490 1464 673 1498 πίμπλασθαι,
692 1463 754 1499 μήτ’
769 1464 821 1490 ὑπὸ
834 1464 936 1498 γήρους

148 1511 349 1546 ἀμϐλύνεσθαι.
389 1511 488 1545 Ἐτίμα
519 1511 548 1537 δὲ
574 1511 638 1540 τοὺς
665 1510 795 1544 ἀγαθοὺς,
831 1511 878 1537 καὶ
905 1509 936 1536 εὖ

147 1561 219 1595 πρὸς
249 1559 354 1590 πάντας
377 1557 578 1592 διατιθέμενος,
611 1557 669 1583 οὔτ’
701 1557 830 1584 ἑδεδοίκει
848 1557 935 1589 τινὰς,

148 1606 213 1633 οὕτε
230 1606 285 1640 μὴν
297 1604 478 1639 ἀπηχθάνετο,
493 1602 555 1630 οὔτε
571 1604 697 1638 προσεῖχε
709 1604 765 1634 τοῖς
777 1602 936 1629 διαῆἀλλου-

150 1662 206 1685 σιν,
223 1652 280 1678 οὒτ’
294 1649 328 1687 ἦν
345 1651 495 1686 ὀξύρροπος
513 1651 580 1684 πρὸς
597 1650 694 1684 ὀργὴν,
709 1650 763 1675 τῶν
781 1658 812 1676 τε
826 1649 936 1684 χρημά-

148 1707 205 1726 των
231 1698 287 1724 τῶν
316 1696 462 1731 ἀλλοτρίων
492 1696 538 1722 ἶσα
559 1696 608 1722 καὶ
639 1695 728 1730 φόνων
752 1695 806 1721 τῶν
834 1695 936 1721 ἀδίκων

950 1087 973 1115 Β
1022 1083 1125 1112 Sentiat
1139 1088 1169 1112 ob
1183 1085 1315 1121 lacrymas
1332 1091 1435 1114 nostras
1451 1092 1496 1112 tua
1510 1084 1612 1120 spicula
1630 1084 1739 1111 Graius.

986 1142 1061 1170 Obiit
1090 1150 1123 1169 ex
1155 1143 1281 1170 morbo:
1309 1143 1455 1178 imperavit
1486 1150 1588 1169 annum
1619 1149 1716 1174 unum,
1746 1145 1776 1169 et

987 1196 1095 1216 menses
1114 1197 1152 1222 Iv,
1168 1188 1284 1224 Trajano
1301 1189 1468 1224 imperatore
1484 1189 1638 1223 designato.

1022 1287 1093 1315 XXI.
1110 1287 1246 1322 Trajanus
1262 1294 1349 1322 genus
1361 1294 1394 1314 ex
1409 1285 1540 1320 Hispania
1563 1283 1679 1316 ducens,
1703 1288 1777 1310 anno

986 1333 1075 1360 aetatis
1090 1341 1143 1360 xui
1161 1333 1277 1367 imperio
1293 1332 1397 1367 potitus
1409 1336 1461 1362 est,
1483 1331 1510 1357 in
1531 1331 1591 1365 ipso
1607 1329 1692 1356 animi
1710 1336 1775 1356 cor-

987 1379 1117 1415 porisque
1143 1378 1246 1414 vigore,
1270 1383 1298 1406 et
1323 1385 1337 1404 a
1359 1377 1475 1412 juvenili
1499 1376 1625 1407 audacia.
1649 1380 1678 1402 et
1694 1374 1777 1402 senili

987 1425 1113 1454 socordia
1139 1425 1257 1452 alienus.
1281 1423 1364 1451 Bonis
1384 1423 1518 1450 honorem
1544 1421 1682 1448 habebat:
1704 1420 1775 1448 bene

987 1472 1102 1499 allectus
1120 1478 1186 1506 erga
1207 1477 1312 1501 omnes,
1335 1470 1472 1496 neminem
1495 1467 1618 1497 timebat,
1638 1466 1776 1493 neminem

987 1517 1094 1545 oderat:
1107 1516 1244 1544 delatores
1258 1514 1462 1546 contemnebat,
1472 1521 1526 1541 non
1537 1513 1665 1548 proclivis
1673 1516 1732 1539 erat
1743 1512 1776 1538 ad

988 1563 1157 1591 iracundiam
1168 1571 1174 1590 :
1185 1562 1274 1589 aliena
1287 1561 1400 1596 pecunia
1410 1567 1487 1595 atque
1497 1567 1528 1587 ac
1538 1559 1659 1587 caedibus
1669 1558 1778 1593 injustis

988 1610 1145 1638 abstinebat
1159 1619 1166 1636 :
1185 1608 1310 1644 quamvis
1327 1614 1424 1642 magno
1440 1606 1543 1638 animo,
1567 1611 1718 1640 magnoque
1732 1603 1777 1630 in-

988 1657 1069 1692 genio
1083 1655 1223 1690 praeditus,
1248 1653 1275 1680 in
1295 1653 1364 1684 vias,
1387 1656 1493 1686 portus,
1513 1657 1651 1685 operaque
1668 1648 1778 1683 publica

989 1708 1102 1735 magnos
1114 1704 1239 1734 sumptus
1249 1698 1360 1725 faceret.
1370 1697 1438 1724 Cum
1448 1697 1550 1724 circum
1558 1699 1714 1730 equestrem
1724 1693 1779 1721 col-

148 1744 293 1779 ἁπείχετο·
313 1743 401 1770 καίτοι
427 1742 606 1777 μεγαλόφρων
635 1741 682 1767 καὶ
708 1740 932 1775 μεγαλογνώμων

989 1747 1095 1782 lapsum
1122 1746 1312 1775 instaurasset,
1340 1743 1528 1778 majoremque
1551 1746 1579 1768 et
1594 1739 1778 1775 pulchriorem

150 1791 312 1826 γενόμενος,
325 1790 372 1816 καὶ
386 1790 415 1815 ὲν
434 1788 503 1818 ὁδοῖς
517 1788 565 1814 καὶ
593 1788 621 1813 ὲν
633 1787 725 1821 λιμέσι
741 1787 788 1812 καὶ
809 1787 838 1812 ὲν
851 1786 937 1820 δημο-

152 1837 221 1868 σίοις
235 1835 451 1870 οἰκοδομήμασιν
466 1834 588 1860 ἐδαπάνα
600 1832 696 1859 πολλά.
716 1832 771 1858 Καὶ
782 1831 876 1866 ἐπειδὴ
891 1832 937 1857 τὸν

151 1885 182 1910 ὲν
194 1885 226 1918 τῇ
245 1882 341 1917 Ῥώμῃ
363 1881 530 1915 ἱππόδρομον
546 1880 684 1914 φθαρέντα
704 1878 833 1912 ἀνήγειρε
853 1876 938 1911 μείζω

151 1938 183 1955 τε
200 1930 247 1955 καὶ
261 1927 519 1962 περικαλλέστερον,
536 1924 693 1959 ἐπέγραψεν
713 1923 789 1957 αὐτῷ
798 1923 840 1949 ὅτι
858 1922 938 1956 ἐξαρ-

154 1974 254 2001 κοῦντα
268 1973 307 2008 τῷ
324 1972 378 1999 τῶν
399 1971 541 2006 Ῥωμαίων
559 1971 638 2005 δήμῳ
661 1969 783 2004 ἐποίησε.
800 1969 854 1994 Καὶ
872 1968 936 2002 μᾶλ-

153 2021 199 2047 λον
211 2021 306 2055 ἔχαιρε
322 2019 484 2054 φιλούμενος
501 2017 517 2053 ἥ
534 2017 702 2051 τιμώμενος,
729 2017 775 2041 καὶ
795 2014 939 2048 ἀγαπητὸς

153 2067 250 2102 ἤθελεν
260 2064 395 2095 εἶναιτοῖς
407 2064 548 2098 ὑπηκόοις,
562 2064 618 2094 τοῖς
630 2061 770 2096 πολεμίοις
779 2060 807 2087 δὲ
813 2059 938 2095 φοῦερός.

154 2114 209 2147 Τῆς
222 2113 273 2147 μὲν
298 2109 345 2137 οὖν
364 2113 392 2137 ὲν
415 2110 504 2144 λόγοις
523 2108 649 2140 παιδείας
676 2108 706 2134 οὐ
725 2108 890 2142 μετέσχηκε,
908 2105 938 2132 τδ

154 2159 176 2184 δ’
198 2157 280 2193 ιργον
294 2157 378 2192 αὐτῆς
399 2157 446 2182 καὶ
475 2155 610 2189 ἠπίστατο
627 2155 674 2181 καὶ
688 2153 844 2187 εἰργάζετο.
858 2152 938 2178 Οῐνου

154 2206 176 2232 δ’
193 2205 350 2240 ἡττώμενος
364 2205 456 2238 νήφων
473 2201 519 2239 ἦν·
540 2202 587 2229 καὶ
610 2201 779 2236 ἐπτοημένος
799 2200 864 2234 περὶ
880 2207 940 2234 μει-

157 2252 250 2287 ράκια,
271 2251 367 2276 οὐδένα
383 2249 514 2283 ἐλύπησε.
548 2247 732 2283 Φιλοπόλεμος
758 2247 786 2273 δὲ
807 2244 939 2280 γεγονὼς,

157 2299 204 2323 καὶ
223 2297 337 2324 πλεῖστα
353 2295 556 2330 κατωρθωκὼς,
579 2295 629 2321 οὐκ
641 2294 687 2321 εἴα
696 2295 758 2325 τοὺς
770 2292 941 2328 στρατιώτας

158 2343 351 2377 ὑπερφρονεῖν,
376 2341 461 2373 οὕτως
486 2341 630 2376 ἐγκρατῶς
642 2341 732 2367 αὐτῶν
742 2338 837 2376 ἦρχεν.
856 2337 910 2365 Ἦν
919 2339 941 2365 δ’

156 2387 229 2421 αὐτῷ
243 2386 312 2421 γυνὴ
327 2386 459 2412 Πλωτίνα.
476 2385 659 2420 Ἐστράτευσε
683 2385 774 2420 μέντοι
786 2386 832 2412 ἐπὶ
841 2384 941 2416 Δάκας,

990 1793 1110 1824 fecisset.
1125 1791 1273 1825 inscripsit,
1283 1797 1311 1817 se
1322 1789 1419 1816 fecisse
1430 1791 1545 1818 tantum,
1558 1791 1588 1813 ut
1599 1785 1716 1820 populus
1725 1785 1781 1812 Ro-

991 1846 1088 1866 manus
1094 1838 1159 1864 satis
1167 1835 1247 1871 spatii
1257 1835 1382 1862 haberet.
1391 1833 1475 1869 Magis
1486 1833 1594 1868 gavisus
1604 1835 1646 1860 est
1654 1839 1683 1859 sc
1693 1830 1778 1858 amari

991 1891 1072 1919 quam
1088 1881 1216 1912 honorari
1228 1891 1234 1908 ι
1247 1880 1365 1908 subditis
1382 1880 1492 1911 charus.
1506 1878 1630 1905 hostibus
1647 1876 1779 1905 terribilis

991 1937 1052 1957 esse
1067 1927 1163 1955 voluit.
1179 1927 1308 1960 Quamvis
1326 1925 1470 1959 disciplina
1482 1925 1636 1951 litterarum
1652 1922 1778 1950 eruditus

993 1983 1048 2002 non
1063 1977 1134 2001 esset
1145 1992 1153 2005 ,
1174 1980 1231 1999 rem
1250 1972 1336 2006 ipsam
1353 1975 1445 1998 tamen
1461 1974 1489 1997 et
1505 1969 1582 1996 novit
1598 1972 1626 1995 et
1641 1967 1779 1994 exercuit.

992 2021 1054 2048 Vini
1071 2020 1122 2047 fuit
1141 2019 1258 2050 avidior,
1275 2017 1322 2045 sed
1339 2017 1407 2045 citra
1427 2016 1589 2044 ebrietatem
1605 2024 1610 2041 :
1627 2020 1779 2048 puerorum

993 2073 1108 2101 magnus
1122 2068 1239 2095 amator,
1257 2063 1305 2090 sed
1333 2063 1403 2090 citra
1428 2062 1589 2096 cujusquam
1612 2059 1776 2086 molestiam.

993 2112 1060 2139 Cum
1075 2111 1118 2137 vir
1131 2110 1280 2137 bellicosus
1296 2112 1380 2140 esset,
1396 2111 1425 2135 et
1437 2115 1481 2134 res
1498 2113 1609 2141 magnas
1623 2104 1754 2140 gessisset
1767 2112 1776 2130 :

993 2163 1024 2182 ea
1049 2153 1194 2188 disciplina
1220 2154 1320 2180 milites
1347 2151 1517 2182 continebat.
1545 2158 1580 2178 ne
1607 2157 1655 2177 eos
1683 2149 1779 2176 etlerri

993 2201 1094 2228 animis
1110 2204 1262 2235 pateretur.
1280 2199 1398 2227 Uxorem
1415 2198 1550 2225 Plotinam
1569 2195 1678 2223 habuit.
1702 2195 1779 2222 Bello

993 2252 1136 2280 aggressus
1146 2248 1188 2271 est
1198 2244 1294 2276 Dacas,
1312 2251 1359 2271 seu
1369 2243 1466 2274 Dacos,
1477 2243 1627 2269 secundum
1644 2241 1733 2273 Iones,
1749 2244 1780 2267 ut

993 2289 1134 2324 Appianus
1151 2289 1190 2316 ait
1204 2297 1269 2316 um
1282 2289 1410 2315 Romana:
1421 2287 1548 2315 llistorize
1557 2287 1629 2314 libro
1641 2293 1648 2313 ι
1662 2285 1735 2321 quod
1751 2289 1780 2312 et

994 2343 1085 2362 annua
1101 2335 1205 2362 tributa
1222 2335 1345 2370 pendere
1367 2334 1522 2365 recusabat,
1548 2337 1577 2360 ct
1595 2340 1691 2360 eorum
1707 2331 1779 2358 facta

995 2382 1090 2409 ulcisci
1110 2381 1249 2416 cupiebat.
1262 2381 1346 2415 Cujus
1360 2380 1507 2407 adventum
1525 2379 1677 2407 Decebalus
1690 2377 1779 2412 gentis

157 2431 173 2465 ἢ
188 2432 305 2462 Δακοὺς,
330 2432 400 2458 κατὰ
417 2430 524 2462 Ἴωνας,
549 2430 586 2461 ὡς
603 2431 617 2457 ό
632 2429 783 2461 ’Δππιανος
796 2430 824 2455 ὲν
844 2428 884 2463 τῷ
899 2429 935 2455 sl-

992 2428 1053 2463 ejus
1076 2427 1206 2461 princeps
1223 2426 1315 2453 timuit
1329 2434 1336 2452 :
1353 2433 1407 2452 non
1431 2425 1552 2459 ignarus,
1572 2424 1720 2458 Trajanum
1734 2422 1778 2448 vi--

160 2477 248 2511 κοστῷ
264 2476 347 2512 τρίτῳ
368 2476 440 2511 λόγῳ
457 2477 507 2510 τῆς
532 2477 689 2510 Ῥωμαῖκῆς
707 2475 840 2510 Ἱστορίας
860 2475 939 2509 φησὶ,

161 2523 230 2557 μήτε
246 2523 378 2557 χρήματα
391 2522 409 2549 ὃ.
426 2522 554 2553 ὲπετείως
571 2521 722 2556 ἐλάμϐανον
735 2521 834 2547 διδόναι
848 2521 940 2552 αὐτοῖς

160 2567 334 2601 ἀνεχόμενος,
352 2567 399 2593 καὶ
419 2566 496 2598 δίκας
519 2566 718 2601 εἰσπράξασθαι
733 2566 786 2592 τῶν
813 2573 942 2600 πεπραγ·

162 2613 250 2647 μένων
277 2613 369 2644 αὐτοῖς
393 2613 575 2648 ίμειςὸμενος.
592 2613 746 2647 Πυθόμενος
762 2610 809 2639 οὖν
832 2613 846 2638 ὁ
863 2612 944 2638 Δεκέ-

161 2659 250 2691 6αλος,
261 2659 291 2690 ὂς
306 2659 403 2685 Δακῶν
424 2657 504 2694 ἦρχε,
520 2660 569 2694 τὴν
585 2659 633 2685 τοῦ
649 2658 786 2694 Τραϊανοῦ
810 2658 882 2686 κατὰ
897 2658 944 2684 τοῦ

162 2705 251 2737 ἔθνους
265 2705 364 2741 ὁρμὴν,
381 2705 494 2738 ἔδεισεν,
508 2705 585 2737 εἰδὼς
599 2704 645 2731 τὸν
659 2705 742 2739 ἄνδρα
756 2703 947 2740 στρατηγικώ-

995 2481 1056 2502 rum
1081 2481 1141 2501 esse
1160 2473 1199 2499 rei
1217 2471 1321 2499 bellica
1348 2471 1558 2506 peritissimum.
1585 2470 1678 2504 Pugna
1701 2475 1779 2495 com-

995 2521 1087 2552 missa,
1108 2519 1222 2546 Romani
1249 2510 1349 2546 multos
1373 2518 1466 2544 hostes
1490 2515 1663 2546 occiderunt,
1691 2512 1772 2548 585

992 2574 1043 2594 nec
1071 2565 1215 2600 pauciores
1240 2572 1274 2591 ex
1302 2563 1369 2598 ipsis
1388 2561 1525 2590 vulnerati
1553 2565 1638 2588 sunt:
1656 2566 1776 2594 quorum

994 2614 1069 2639 tanta
1100 2611 1248 2638 multitudo
1275 2610 1337 2641 fuit,
1363 2613 1394 2636 ut
1420 2616 1483 2636 cum
1512 2607 1604 2635 fascias
1632 2605 1774 2637 deessent,

994 2658 1128 2692 Traianus
1153 2664 1188 2684 ne
1215 2663 1271 2683 sua;
1288 2655 1398 2690 quidem
1425 2654 1494 2682 vesti
1513 2652 1680 2688 pepercerit.
1706 2651 1777 2678 Cum

995 2703 1110 2732 summis
1124 2702 1316 2731 cacuminibus
1330 2709 1428 2737 magno
1444 2701 1539 2729 labore
1553 2698 1707 2735 occupatis,
1725 2697 1780 2732 ipsi

758 2781 857 2812 Varim
875 2779 1028 2810 lectiones
1047 2783 1076 2810 ct
1094 2784 1189 2810 notae.

195 2845 251 2881 (I8)
273 2827 710 2879 ‘A6sttgot61jr.VideCujacium,
739 2842 789 2870 lib.
807 2849 867 2875 vui,
893 2840 933 2869 Ob

986 2850 1008 2869 ι’.
1026 2849 1086 2876 cep.
1107 2839 1154 2868 28.
