2050 3154
104 153 158 185 993

752 154 952 185 ANNALIUM
974 155 1038 184 LIB
1071 155 1120 185 Χῖ.

1677 159 1728 190 991

104 211 152 236 κέιν
173 208 259 236 αὑτοῦ
285 209 333 236 ml.
350 210 367 244 ὴ
383 209 531 245 ἐπιμέλεια
554 208 601 235 καὶ
624 208 654 235 τι
681 209 891 245 μεγαλοπρεπὲς

947 210 1110 244 incipiebat,
1127 215 1216 245 cmp'a
1235 210 1366 244 scdabat,
1386 218 1452 246 opes
1472 211 1576 239 nemini
1593 220 1643 248 per
1659 214 1731 250 inju-

103 255 151 281 καὶ
179 255 197 289 ἠ
222 254 347 290 δεξιότης
361 262 368 269 '
393 255 439 281 καὶ
462 255 493 281 τὸ
516 254 578 290 μήτ’
594 253 676 289 ἄρξαι
691 254 813 289 πολέμου
844 256 891 281 καὶ

102 300 167 330 τοὺς
201 299 360 334 ἡργμένους
400 299 597 325 καταπαῦσαι·
627 298 676 325 καὶ
710 299 751 325 ὅτι
783 299 891 331 οὐδενὸς

101 346 202 376 ἀδίκως
216 345 345 378 ἀφείλετο
359 345 501 380 χρήματα,
518 345 587 372 ἀλλὰ
612 345 660 371 καὶ
676 345 785 376 πολλοῖς
803 345 891 380 παρέ-

103 399 194 425 σχετο,
217 390 335 425 μάλιστα
354 391 534 425 αὑθοριιὴτως
559 391 606 417 καὶ
631 391 694 426 μηδ’
717 390 889 424 αἰτούμενος,

103 437 152 463 καὶ
165 436 260 462 πόλεσι
289 435 460 470 συμμάχοισι
484 444 513 462 τε
536 436 584 462 καὶ
605 435 754 470 ὑποφόροις
775 436 890 466 πάσαις,

101 481 140 512 ὡς
156 482 256 512 εἰπεῖν,
275 480 457 516 ἐπεκούρησε,
471 483 530 512 ταῖς
547 481 598 515 μὲν
615 480 690 516 ὕδωρ
707 480 887 515 καταγαγὼν,

102 529 164 558 ταῖς
190 527 219 554 δὲ
236 528 350 562 λιμένας
368 528 563 562 οἰκοδομήσας,
591 529 653 559 ταῖς
680 528 711 554 δὲ
740 529 812 554 σῖτον
844 529 892 554 καὶ

102 573 176 608 ἔργα
203 574 250 599 καὶ
278 573 410 608 χρήματα
441 575 489 600 καὶ
520 574 603 608 τιμὰς
634 573 695 604 δούς
712 574 788 609 (ὶΔ)·
805 574 844 608 τῷ
860 582 892 600 τε

101 620 185 653 δήμῳ
196 619 251 645 τῶν
266 619 409 653 Ῥωμαίων
425 619 455 646 οὺ
474 620 664 652 θωπευτικῶς,
679 620 737 646 ἀλλ’
752 620 893 655 ἐμὸριθῶς

102 665 304 700 προσεφέρετο.
329 665 385 692 Καί
412 665 477 692 ποτέ
505 674 531 692 τι
562 665 683 693 αἰτοῦντι
712 666 892 701 θρασύτερον,

101 712 154 737 οὐκ
171 711 290 746 ἔνειμεν,
307 711 366 738 ἀλλ’
384 713 472 738 εἰπεῖν
493 711 622 738 ἐκέλευσε
646 712 686 747 τῷ
703 713 804 747 κήρυκι
819 714 892 739 Σιω-

103 758 244 791 :njcrata'
260 757 298 789 ὡς
322 757 344 784 δ’
364 757 440 784 οὐδὲν
462 758 587 789 εἰπόντος
608 758 727 789 ἐκείνου,
747 758 797 793 τὴν
813 759 893 792 χεῖρα

104 804 132 830 δὲ
163 803 366 834 ἀνατείναντος,
390 803 562 837 ἐσιώπησαν,
589 803 619 830 οὺ
644 804 725 838 μόνον
751 804 822 831 κατὰ
845 803 893 830 τοῦ

103 850 230 885 κήρυκος
258 850 309 876 οὐκ
337 849 500 885 ὲξώργιστο,
517 849 555 881 ὡς
585 849 622 885 μὴ
655 850 837 884 πεποιηκότος
862 850 893 876 τὸ

103 896 264 929 κελευσθὲν,
278 895 347 922 ἀλλὰ
360 897 408 922 καὶ
425 895 509 930 τιμῆς
532 896 579 921 τὸν
592 895 677 930 ἄνδρα
700 895 828 931 ἠξίωσεν,
853 896 893 921 ὅτι
911 886 932 914 Β

107 942 121 967 ὃ
134 940 173 976 ἦν
190 941 265 976 αὑτῷ
281 941 443 975 βουλόμενον
457 941 549 976 ῆνυσε,
568 940 607 976 μὴ
622 942 742 975 ἐκφήνας
757 941 786 967 τὸ
808 941 894 975 τραχὺ

103 988 156 1014 τοῦ
184 987 382 1022 κελεύσματος.
413 988 449 1014 Οὐ
475 988 530 1023 γὰρ
556 988 719 1022 ἠγανάκτει,
740 988 766 1013 εἷ
792 996 818 1013 τι
849 988 896 1014 καὶ

105 1034 189 1068 παρὰ
221 1033 336 1067 γνώμην
363 1031 447 1058 αὐτοῦ
481 1032 550 1067 πρός
587 1040 661 1063 τινος
693 1032 809 1066 ἐγίνετο,
834 1030 895 1058 τὸδ’

104 1079 227 1114 ἀφεώρα
243 1078 312 1114 προς
336 1078 420 1105 αὑτοῦ
445 1077 620 1105 λισιτέλειαν.
638 1079 791 1112 Παριόντας
806 1078 828 1104 δ’
845 1078 895 1104 αὒ-

103 1126 158 1153 τοῦ
176 1134 244 1152 ποτε
264 1125 333 1159 γυνή
357 1132 400 1154 τις
432 1124 531 1156 ἐδέετο,
560 1124 607 1151 καὶ
633 1124 757 1156 εἰπόντος
788 1124 826 1155 ὡς
854 1125 896 1151 οὺ

104 1171 261 1206 σχολάζω,
286 1170 470 1206 ἁνέκραξενή
493 1170 573 1205 γυνὴ,
600 1170 653 1198 Kal
675 1170 718 1205 μὴ
735 1171 894 1203 βασίλευε.

110 1219 143 1245 Ὀ
162 1219 191 1244 δέ
203 1218 302 1244 αὐτίκα
316 1226 346 1244 τε
361 1217 497 1251 ἐστράφη,
511 1217 557 1243 καὶ
571 1217 706 1252 προσέσχε
719 1218 752 1252 τῇ
769 1217 895 1252 δεομένῃ.

105 1267 165 1292 Καὶ
183 1265 271 1292 πάντα
285 1265 319 1291 τὰ
341 1265 448 1300 μεγάλα
461 1265 507 1291 καὶ
524 1265 660 1298 ἀναγκαῖα
674 1265 725 1290 οὐκ
745 1264 811 1298 ἰδίᾳ,
826 1264 896 1291 ἀλλὰ

107 1312 182 1346 μετὰ
196 1312 251 1338 τῶν
268 1311 418 1346 βουλευτῶν
436 1311 566 1346 ἐπραττε.
583 1310 637 1336 Καὶ
653 1310 724 1345 μετὰ
743 1309 798 1336 τῶν
819 1309 897 1344 πρώ-

104 1366 164 1384 των
179 1357 304 1388 ἐδίκαζεν
320 1358 374 1383 ἀπὸ
398 1357 528 1391 βήματος,
545 1356 616 1382 ὥττε
634 1355 845 1390 δημοσιεύεσοαι
862 1356 897 1382 τὰ

106 1403 261 1437 γινόμενα·
275 1403 321 1429 καὶ
340 1403 396 1434 τοϊς
416 1402 530 1433 ὑπάτοις
549 1401 737 1432 συνδικάζουσι
753 1401 809 1436 (25)
827 1409 899 1435 mp-

106 1449 226 1483 εγενετο,
245 1449 289 1476 ἀεί
320 1457 351 1475 τε
369 1449 433 1483 περὶ
455 1447 537 1474 αὑτὸν
553 1448 617 1478 τοὺς
631 1447 759 1482 ἀρίστους
776 1445 833 1482 εἶχε
850 1447 898 1473 καὶ¹

106 1496 168 1526 τοῖς
187 1495 309 1530 ἀρίστοις
326 1494 503 1520 συνεδείπνει.
519 1494 572 1520 Καὶ
589 1491 623 1528 ἦν
638 1493 712 1528 αὐτῷ
733 1492 836 1528 πλῆρες
855 1492 898 1518 λό-

106 1549 168 1575 γων
187 1540 369 1566 παντοδαπῶν
393 1539 425 1566 τὸ
445 1539 593 1566 συσσίτιον.
611 1539 680 1570 Teii;
704 1547 733 1564 τε
758 1539 829 1565 πάνυ
852 1547 897 1564 νο-
911 1557 934 1587 C

108 1584 228 1616 σοῦντας
251 1585 306 1610 τῶν
330 1579 418 1618 ὶρίλων
442 1584 638 1615 ἐπεσκέπτετο,
662 1581 710 1609 καὶ
739 1582 898 1617 συνδιῃτᾶτο

106 1631 165 1658 τῶν
179 1631 304 1666 συνήθων
316 1631 373 1662 τοῖς
388 1629 574 1665 ἑορτάζουσιν.
593 1628 671 1656 Ἐπεὶ
687 1628 710 1655 δ’
722 1629 752 1661 ἐς
765 1628 814 1664 τὴν
834 1627 900 1654 Ῥώ-

108 1685 168 1712 μην
183 1674 247 1712 ἧκε,
260 1676 427 1712 χρεοκοπίαν
444 1675 562 1711 ἐκήρυξε
585 1676 641 1706 τοῖς
659 1674 772 1709 δφλουσι
788 1674 844 1709 (26)
860 1673 898 1708 τῷ

109 1723 248 1758 βασιλικῷ
259 1722 365 1757 ταμείῳ
378 1722 425 1748 καὶ
436 1721 475 1757 τῷ
485 1721 606 1756 δημοσίῳ
618 1721 657 1756 τῷ
668 1721 722 1747 τῶν
739 1720 897 1755 Ῥωμαίων.

109 1766 185 1795 Εἶτα
197 1768 237 1799 είς
253 1768 337 1803 ἄλλην
352 1767 381 1800 ἐξ
399 1767 482 1802 ἄλλης
497 1767 598 1800 φοιτῶν
619 1766 768 1801 ἐπαρχίαν,
783 1767 830 1792 καὶ
847 1766 898 1796 τὰς

107 1813 207 1849 χώρας
220 1814 415 1844 ἐπεσκέπτετο,
426 1813 473 1840 καὶ
487 1813 535 1843 τὰς
549 1813 651 1844 πόλεις,
665 1812 712 1838 καὶ
732 1810 900 1846 μετεσκεύα-

109 1859 160 1891 ζεν
173 1859 291 1885 ἕκαστον
311 1857 381 1893 πρὸς
397 1857 427 1884 τδ
444 1857 558 1892 βέλτιον.
573 1856 627 1883 Καὶ
647 1856 678 1882 οὐ
695 1856 730 1882 τὰ
752 1855 830 1882 κοινὰ
845 1854 900 1881 τῶν

110 1905 306 1941 στρατοπέδων
325 1904 421 1939 ιφώρα
435 1904 470 1930 δι’
484 1902 581 1930 ἑαυτοῦ
599 1903 644 1928 καὶ
665 1901 779 1936 ἐξήταζε
806 1901 898 1935 μόνον,

109 1952 183 1979 ἀλλὰ
193 1953 240 1978 καὶ
257 1951 292 1978 τὰ
309 1951 356 1978 τοῦ
378 1950 438 1977 καθ’
461 1950 588 1977 ικαστον.
620 1949 674 1976 Καὶ
688 1948 767 1979 ὅσους
785 1947 852 1982 πρὸς
870 1947 900 1973 τὸ

110 1999 265 2034 ἁδρότερον
279 1997 407 2034 εὕρισκεν
422 1996 675 2033 ἐκδεδιῃτημένους,
688 1994 757 2029 πρὸς
772 1994 805 2021 τὸ
819 2001 901 2028 στρα-

110 2043 314 2078 τιωτικώτερον
346 2042 448 2077 μετῆγε
477 2041 523 2068 καὶ
535 2038 748 2075 μετερρύθμιζε,
771 2040 819 2066 καὶ
845 2039 901 2065 ἐδί-

110 2089 215 2115 δασκεν
234 2088 306 2122 ἅπερ
321 2087 375 2114 ἔδει
400 2087 498 2114 ποιεῖν.
512 2086 568 2112 Καὶ
580 2085 644 2115 τοὺς
660 2084 710 2119 μὲν
730 2084 824 2118 ἐτίμα,
837 2085 901 2115 τοὺς

111 2134 145 2160 δέ
160 2134 308 2165 ἐνουθέτει,
323 2133 369 2159 καὶ
382 2133 502 2169 διῃτᾶτσ
512 2131 708 2166 σκληρότερον,
728 2130 762 2156 ἵν’
777 2130 852 2165 ὁρώῃ
867 2130 898 2156 τὸ

113 2179 315 2214 στρατιωτικὸν
337 2179 430 2210 αὑτὸν,
448 2178 494 2204 καὶ
510 2177 582 2204 οὕτω
605 2177 763 2204 διαιτᾶσθαι
788 2177 900 2203 κάκεῖνο

113 2225 147 2251 ὲθ
152 2225 243 2257 ίζοιτο.

112 2271 257 2305 ἐποίησεν,
271 2271 309 2301 ὡς
330 2270 378 2296 καὶ
403 2269 524 2296 ιπποτῶν
544 2269 604 2303 ἴλην
619 2268 667 2295 σύν
685 2277 716 2302 γε
739 2269 794 2299 τοῖς
809 2268 902 2300 ὅπλοις

111 2316 162 2342 τὸν
177 2316 284 2351 Ἴστρον
300 2315 429 2351 εὐμαρῶς
443 2314 633 2350 διανήξασθαι,
650 2314 698 2341 καὶ
718 2315 782 2345 τοὺς
798 2313 904 2349 βαρϐά-

947 254 1015 280 riatn
1029 254 1163 288 eripiebat
1176 275 1184 287 ,
1204 255 1250 282 sed
1264 257 1353 287 potius
1367 257 1469 287 multis,
1487 257 1559 284 ultro
1575 260 1728 293 praesertim

943 306 997 324 non
1013 303 1132 332 rogatus.
1147 299 1276 327 donabat.
1290 300 1409 328 Urbibus
1420 302 1559 334 omnibus,
1576 303 1634 330 sive
1646 304 1729 331 sociis

943 343 1001 369 sive
1024 343 1204 378 vectigalibus
1225 352 1304 378 opem
1328 345 1433 373 ferebat
1449 356 1455 373 :
1473 347 1534 374 aliis
1556 355 1626 382 aqua
1643 349 1730 376 intro-

943 387 1086 421 ducenda,
1113 389 1175 415 aliis
1201 391 1337 424 portubus
1362 393 1558 423 cxstruendis.
1592 395 1655 420 aliis
1673 395 1731 421 frn.

943 439 1054 465 mento,
1088 435 1237 469 operibus,
1270 436 1406 470 pecunia,
1437 438 1590 467 honoribus
1620 440 1729 467 dandis.

943 481 1082 509 Adversus
1104 483 1234 516 populum
1262 483 1415 510 Romanum
1440 492 1494 511 non
1514 486 1661 519 submisse,
1681 488 1728 514 sed

943 535 993 562 pro
1012 530 1176 556 auctoritate
1196 537 1224 556 se
1241 530 1356 564 gerebat
1371 539 1377 556 :
1394 531 1438 557 cui
1455 532 1559 566 aliquid
1581 533 1729 567 aliquando

944 574 1076 601 audacius
1093 575 1243 609 postulanti
1261 583 1314 602 non
1331 577 1426 606 cessit,
1441 577 1487 603 sed
1506 584 1657 611 praeconem
1672 579 1726 606 edi-

943 627 1006 647 cere
1019 621 1101 656 jussit
1115 631 1121 647 :
1141 621 1243 649 Tacete.
1253 621 1305 654 Qui
1323 630 1384 649 cum
1400 623 1469 650 nihil
1482 624 1601 656 locutus,
1618 629 1730 651 extenta

945 670 1052 693 tantum
1075 675 1155 694 manu
1181 667 1321 695 silentium
1344 668 1475 695 fecisset:
1497 677 1551 695 non
1573 670 1654 696 modo
1675 678 1730 696 non

944 712 1105 739 succensuit
1137 712 1252 744 homini,
1281 713 1360 747 quasi
1394 713 1469 740 dicto
1498 715 1588 741 minus
1615 715 1731 741 audiens

944 757 1051 790 fuisset,
1070 759 1118 785 sed
1135 763 1162 785 et
1179 759 1311 785 honorem
1330 759 1437 791 habuit,
1451 760 1523 794 quod
1540 760 1566 786 id
1581 760 1729 792 effecisset,

944 803 1018 837 quod
1033 803 1169 835 voluerat,
1186 804 1356 831 dissimulata
1373 805 1480 839 imperii
1501 805 1658 839 asperitate.
1677 806 1732 833 Ne-

945 856 999 883 que
1014 849 1088 876 enim
1112 858 1183 884 mgrc
1203 850 1323 882 ferebat,
1343 850 1365 877 si
1384 851 1449 884 quid
1473 851 1508 877 ab
1525 851 1618 885 aliquo
1636 856 1731 878 contra

945 904 1022 923 suam
1044 896 1209 923 sententiam
1227 895 1319 927 ﬁebat,
1334 897 1416 923 modo
1438 896 1471 923 ad
1490 896 1636 924 utilitatem
1653 905 1731 924 suam

945 947 1093 976 spectaret.
1115 942 1277 969 Praeterieris
1299 942 1458 977 aliquando,
1481 950 1543 969 cum
1566 943 1674 970 mulieri
1692 944 1733 970 in—

946 984 1101 1021 terpellanti
1127 987 1177 1013 sibi
1195 995 1246 1013 non
1267 995 1321 1014 me
1341 989 1423 1014 otium
1440 988 1566 1020 dixisset,
1583 993 1665 1023 atque
1686 988 1731 1015 illa

946 1032 1112 1060 exclamaret
1127 1043 1133 1059 :
1152 1033 1365 1068 Ergoimperare
1382 1033 1449 1066 noli,
1466 1034 1557 1061 statim
1570 1041 1732 1066 conversus,

946 1086 1006 1106 eam
1032 1079 1148 1105 audivit.
1173 1079 1275 1106 Omnes
1305 1087 1350 1106 res
1376 1087 1488 1114 magnas
1513 1085 1541 1107 et
1563 1079 1734 1107 necessarias

947 1131 1001 1151 non
1018 1123 1102 1159 589
1121 1125 1229 1159 privato
1247 1126 1374 1158 consilio,
1391 1127 1438 1153 sed
1454 1127 1630 1154 senatoribus
1650 1126 1732 1152 adbi-

947 1170 1014 1198 bitis
1028 1170 1093 1205 egit.
1106 1170 1174 1198 Cum
1189 1171 1358 1205 primoribus
1369 1172 1414 1206 jus
1432 1179 1480 1206 pro
1500 1172 1630 1199 tribunali
1649 1171 1733 1206 dixit,

948 1220 979 1243 ut
1015 1220 1075 1243 acta
1110 1216 1330 1251 publicarentur.
1359 1215 1527 1244 Consulibus
1557 1218 1584 1244 in
1612 1218 1733 1245 concilio

947 1261 1048 1288 adfuit.
1060 1261 1174 1296 Semper
1191 1262 1338 1296 optimates
1359 1261 1431 1296 apud
1453 1269 1482 1289 se
1500 1262 1606 1294 habuit,
1625 1268 1652 1290 et
1670 1270 1733 1290 cum

948 1306 1119 1341 principibus
1145 1311 1228 1341 atque
1255 1306 1368 1341 optimis
1393 1308 1576 1334 concinnavit.
1600 1307 1732 1335 Convivia

948 1353 1007 1387 ejus
1025 1352 1105 1387 plena
1120 1357 1199 1380 erant
1211 1360 1369 1380 sermonum
1388 1353 1477 1379 onmis
1489 1353 1608 1387 generis.
1623 1353 1734 1380 Amicos

948 1398 1068 1431 graviter
1081 1403 1246 1433 aegrotantes
1263 1398 1409 1430 invisebat,
1426 1398 1601 1425 familiarium
1620 1405 1733 1424 suorum

950 1443 1146 1471 festivitatibus
1159 1444 1293 1471 interesse
1311 1444 1428 1471 solebat.
1446 1444 1561 1471 Romam
1580 1443 1625 1470 ubi
1643 1443 1732 1477 venit,

949 1489 1083 1524 quidquid
1104 1489 1169 1517 fisco
1193 1490 1371 1524 imperatorio
1388 1494 1416 1517 et
1432 1489 1528 1516 aerario
1545 1489 1668 1516 Romano
1684 1489 1734 1515 de-

949 1535 1075 1566 bebatur,
1094 1535 1223 1562 abolevit.
1246 1536 1406 1563 Provincias
1427 1539 1455 1562 et
1475 1535 1558 1562 urbes
1576 1534 1684 1566 invisit,
1705 1538 1735 1561 et

949 1581 1040 1608 omnia
1055 1581 1082 1608 in
1100 1581 1200 1608 melius
1212 1582 1346 1615 provexit.
1361 1581 1421 1608 Non
1439 1581 1578 1608 exercitus
1590 1580 1734 1612 duntaxat,

949 1627 996 1654 sed
1025 1626 1109 1653 etiam
1138 1627 1309 1661 singulorum
1337 1627 1455 1654 militum
1485 1626 1594 1661 negotia
1628 1634 1678 1661 per
1705 1633 1735 1653 se

949 1672 1083 1700 lustrabat
1099 1677 1182 1707 atque
1203 1672 1361 1699 excutiebat
1377 1681 1384 1698 :
1407 1676 1435 1699 et
1451 1679 1521 1706 quos
1535 1671 1569 1698 ad
1587 1671 1731 1698 mollitiem

950 1718 1103 1746 declinasse
1126 1718 1251 1750 videbat,
1271 1717 1336 1752 quid
1359 1717 1495 1752 agendum
1515 1721 1588 1744 esset
1610 1718 1734 1748 etloetos,

950 1765 983 1792 ad
999 1765 1145 1792 militarem
1158 1765 1342 1799 frugalitatem
1356 1764 1516 1796 reducebat,
1532 1763 1600 1790 alios
1615 1763 1738 1790 honora-

949 1811 1007 1844 bat,
1028 1812 1098 1839 alios
1117 1812 1279 1847 castigabat.
1294 1812 1427 1846 Asperius
1443 1818 1471 1840 et
1488 1812 1546 1846 ipse
1564 1811 1686 1844 vivebat,
1705 1817 1737 1839 ut

950 1865 1001 1884 suo
1016 1858 1142 1892 exemplo
1161 1858 1263 1884 milites
1287 1857 1320 1884 ad
1341 1857 1464 1884 eamdem
1488 1857 1579 1884 vietus
1601 1858 1736 1885 rationem

950 1903 1145 1931 assuefaceret.
1176 1903 1216 1930 Eo
1245 1909 1324 1938 pacto
1353 1904 1454 1931 milites
1482 1903 1548 1930 tales
1573 1903 1683 1936 effecit,
1707 1907 1738 1930 nt

952 1953 1042 1975 turma
1075 1948 1198 1982 equitum
1222 1948 1322 1975 Istrum
1344 1949 1372 1975 in
1396 1948 1480 1975 armis
1498 1948 1578 1974 facile
1602 1951 1735 1975 tranaret.

951 1993 1011 2025 Quo
1027 1993 1184 2028 spectaculo
1197 1994 1307 2020 attoniti
1329 1993 1450 2025 barbari,
1465 1993 1490 2020 ei
1505 1993 1648 2020 arbitrium
1663 1992 1738 2020 defe-

953 2038 1052 2065 rebant
1072 2038 1340 2068 controversiarum.
1362 2039 1398 2066 ob
1423 2046 1492 2073 quas
1515 2038 1586 2065 bella
1612 2038 1686 2065 inter
1707 2045 1737 2065 se

951 2083 1093 2119 gerebant.
1119 2083 1183 2111 Fuit
1206 2083 1290 2111 etiam
1314 2084 1454 2110 venationi
1479 2082 1606 2114 deditus,
1631 2082 1659 2109 in
1683 2090 1737 2116 qua

953 2129 1076 2157 membra
1093 2129 1198 2164 aliquot
1213 2129 1313 2164 fregit:
1332 2133 1360 2156 et
1377 2129 1404 2156 in
1424 2129 1508 2165 Mysia
1528 2128 1624 2155 urbem
1641 2127 1737 2155 condi-

953 2177 1004 2209 dit,
1023 2184 1105 2212 quam
1124 2177 1238 2204 Adriani
1259 2177 1420 2205 venationes
1441 2175 1600 2211 appellavit.
1623 2175 1690 2203 Cum
1709 2175 1736 2202 in

283 2224 422 2251 Ἐντεῦθεν
457 2224 521 2255 τοὺς
556 2222 728 2258 στρατιώτας
764 2221 898 2254 τοιούτους

954 2222 1071 2258 [Egypto
1093 2223 1217 2258 Pompeii
1238 2223 1327 2258 Magni
1347 2223 1506 2258 sepulcrum
1521 2222 1672 2256 collapsum
1694 2222 1739 2248 vi-

956 2268 1053 2302 disset,
1070 2269 1201 2297 defuncto
1218 2274 1248 2296 ut
1263 2269 1342 2297 heroi
1358 2269 1512 2297 immolavit
1524 2277 1531 2296 :
1543 2273 1571 2295 et
1587 2268 1640 2295 hoc
1657 2275 1739 2295 versu

954 2315 1146 2349 pronuntiato,

113 2369 182 2396 ρους
195 2361 403 2396 ταῦθ’ὁρῶντας
416 2354 629 2395 ἐκπλήττεσθαι,
639 2359 709 2386 ὥστε
722 2359 769 2386 καὶ
783 2360 902 2395 χρᾶσθαι
920 2359 1071 2395 διαλλακτῇ
1104 2360 1191 2396 τούτῳ
1207 2360 1247 2395 τῷ
1275 2361 1468 2397 αὐτοκράτορι,
1487 2361 1532 2395 ἐφ’
1551 2359 1592 2392 οἷς
1615 2360 1740 2394 ἀλλήλοις

115 2409 359 2444 ικπιπολέμωντο.
379 2407 545 2440 Ἐσπούδαζε
559 2407 588 2434 δέ
601 2407 730 2443 καὶκπερὶ
746 2407 845 2442 θήρας,
862 2407 900 2438 ὡς
919 2408 949 2434 ἐν
973 2407 1088 2439 ταύταις
1108 2407 1156 2434 καί
1191 2409 1254 2436 τινά
1276 2409 1301 2435 οἱ
1337 2409 1406 2444 μέλη
1430 2408 1610 2444 κατεαγῆνιι.
1636 2406 1687 2434 Καὶ
1711 2408 1742 2434 ἐν

753 2496 852 2526 Variae
868 2496 1019 2527 lectiones
1040 2500 1071 2527 et
1091 2499 1189 2527 notia.

155 2598 211 2636 (τι)
223 2598 297 2636 Ταῖς
315 2597 452 2636 afﬂigar
464 2595 514 2636 καὶ
528 2595 611 2630 ἔργα,
629 2592 680 2622 καί
695 2592 904 2636 χρήματαλκαί

118 2627 298 2669 τιρὰέδούςῖ.
325 2632 441 2669 Wolﬁus
458 2627 660 2669 fpyavniunera
678 2628 761 2669 vertit
775 2635 784 2669 ι
813 2627 905 2669 malim

118 2663 212 2704 ορεινᾶ,
229 2674 259 2696 ut
274 2663 383 2703 publica
399 2663 597 2701 intelligantur,
611 2672 672 2699 quae
687 2663 831 2690 civitatum
849 2663 904 2688 uti-

119 2705 191 2731 litati
207 2703 392 2731 eonstruenda
405 2702 518 2730 curabat
529 2701 674 2731 Traianus.

131 2710 191 2730 Ilatl
207 2710 392 2731 construenda
405 2710 518 2730 curabat
537 2710 674 2731 Irajauus.

157 2709 191 2730 all
207 2709 392 2731 construenda
405 2709 518 2730 curabat
537 2709 674 2734 Irajauus.

157 2739 213 2774 (‘25)
228 2737 453 2767 Συνδικὰζσυσι.
478 2736 516 2763 Ita
533 2743 598 2762 mss.
613 2733 704 2774 _codd.
718 2736 745 2760 et
761 2736 905 2774 recte-ne-

119 2767 177 2809 que
190 2767 262 2801 enim
273 2773 355 2801 video
365 2780 415 2809 cur
427 2778 521 2809 vocem
536 2770 670 2809 asterisco
693 2767 796 2809 notarit
821 2769 908 2809 inter-

122 2803 187 2843 pres
203 2817 210 2836 :
224 2810 328 2845 quippe
349 2807 519 2838 συνδικάζειν
527 2805 689 2833 dicebantur
700 2803 756 2831 duo
768 2803 904 2836 consules,

952 2593 998 2627 qui
1008 2593 1328 2628 nnajndiciisprzeerant,
1337 2593 1579 2628 qttihusintererat
1588 2591 1739 2619 Adrianus.

992 2628 1047 2662 (2(5)
1066 2627 1128 2660 Τοῖς
1143 2628 1284 2662 ὄφλουσι.
1301 2627 1464 2662 Spartianus
1483 2639 1488 2655 :
1503 2628 1544 2654 Ad
1567 2627 1741 2662 colligendam

954 2668 1042 2690 autem
1057 2663 1173 2698 gratiam
1192 2663 1256 2689 nihil
1271 2664 1485 2698 pra'lermiuena,
1512 2662 1647 2698 inﬁnitam
1662 2671 1742 2696 pecu-

955 2698 1028 2724 niam
1046 2697 1103 2732 (jure
1115 2698 1177 2731 ﬁsco
1190 2697 1345 2728 debebatur.
1363 2699 1472 2733 privatis
1488 2697 1644 2724 debitoribus
1661 2717 1668 2724 .
1684 2716 1688 2723 .
1707 2715 1714 2723 .
1731 2716 1739 2724 .

954 2733 1064 2759 remisit.
1085 2733 1115 2759 Id
1132 2740 1213 2766 porro
1236 2737 1291 2759 tum
1308 2738 1399 2760 actum
1425 2733 1514 2768 ipnuit
1528 2733 1656 2766 Zonaras,
1678 2740 1740 2759 cum

955 2768 1070 2795 Romam
1086 2768 1170 2800 venit,
1185 2768 1258 2803 quod
1274 2768 1407 2796 hausitex
1424 2768 1521 2796 Dione.
