2050 3154
284 194 338 226 999

912 192 1072 223 IOANNIS
1090 189 1252 222 ZONARE

1830 182 1905 214 10οὓ

282 250 436 279 curiosiore
459 250 547 278 victus
572 247 688 280 ratione,
714 246 784 275 cibis
809 251 836 274 ct
864 247 1022 282 potionibus
1047 246 1072 273 ei

1126 245 1211 277 νείαις
1241 244 1292 279 μέν
1320 251 1385 275 τισι,
1413 243 1460 269 καὶ
1491 240 1632 277 γοητείαις
1661 239 1756 268 ικένου
1780 239 1847 266 ποτὲ
1875 239 1909 265 τὸ

283 297 381 324 morbo
406 296 501 324 alienis
530 294 648 325 utendo,
673 297 788 320 mortem
816 293 970 320 accersivit.
994 292 1070 319 Vixit

286 350 374 370 annos
395 349 459 373 Lm,
476 347 585 367 menses
600 348 627 371 ν,
651 339 710 366 dies
733 347 796 372 XIX;
820 339 966 374 imperavit
984 345 1071 364 annos

285 395 350 419 ut,
377 394 473 414 mense
503 393 559 412 uno
587 385 711 420 dempto.
743 384 801 412 Sub
829 386 889 420 ejus
915 384 1070 418 principatu

285 431 445 459 Alexander
468 430 627 464 pontiﬁcatu
650 430 728 457 urbis
750 430 844 457 Romae
858 438 873 456 x
889 429 968 456 annis
992 429 1071 463 592

284 479 408 507 functus,
430 476 457 502 in
482 476 564 502 vitam
585 476 736 503 senectutis
759 480 899 510 expertem
922 475 1070 510 migravit:

285 521 330 548 cui
342 522 478 548 sueccssit
491 521 604 557 Xystus.
618 522 726 549 Primus
739 521 952 553 Alexandrinus,
966 520 1072 547 duode-

286 566 359 594 cimo
376 566 553 601 episcopatus
573 574 646 593 anno
668 566 826 597 defunctus,
848 566 955 593 Iustum
977 565 1074 592 habuit

287 620 486 639 successorem.
504 612 768 647 llierosolymitanos
780 612 923 646 episcopos
938 619 1024 645 usque
1038 610 1072 637 ad

286 658 429 686 Judaicam
443 659 494 685 sub
506 658 626 685 Adriano
639 658 821 686 defectionem
835 658 919 685 fuisse
929 666 963 684 xv
978 663 1074 684 omnes

285 714 318 733 cx
342 705 479 740 judaismo
502 704 737 732 cbristiauismum
772 703 922 737 amplexos,
951 709 1073 729 comme-

287 756 376 779 morat
401 751 556 779 Eusebius:
581 759 651 785 quos
674 758 729 777 non
751 750 797 776 diu
821 750 924 776 vixisse
945 751 1072 783 apparet.

288 797 389 824 Eorum
406 798 511 831 primus
527 796 579 824 fuit
593 796 722 826 Jacobus.
736 796 783 830 qui
800 795 885 822 frater
907 795 1014 822 Domini
1029 794 1074 820 di-

287 844 376 876 citur;
402 844 472 870 alter
488 843 617 878 Symeon,
643 842 741 869 tertius
756 842 860 873 Justus,
880 846 995 875 quartus
1009 839 1076 867 Zac-

287 887 390 920 chaeus,
407 887 522 922 quintus
535 887 647 917 Tobias.
665 891 759 914 sextus
772 887 924 921 Benjamin,
940 887 1073 920 septimus

287 932 417 966 Joannes,
439 938 552 959 octavus
567 932 705 964 Matthias,
720 939 810 958 nouus
825 932 979 966 Philippus,
997 930 1072 958 deci-

288 986 350 1005 mus
363 979 477 1010 Seneca,
492 978 561 1005 alter
576 978 670 1005 Justus
684 977 856 1009 undecimus,
874 977 955 1004 Levis
967 976 1072 1003 duode-

290 1024 391 1057 cimus,
407 1024 515 1059 Ephres
531 1024 656 1052 decimus
675 1024 783 1055 tertius.
799 1024 935 1058 Iosephus
950 1023 1073 1050 decimus

289 1074 416 1105 quartus,
438 1070 524 1097 .ludas
548 1070 674 1097 decimus
694 1070 821 1104 quintus.
847 1069 933 1103 Xysto
948 1068 1073 1103 p0stde-

289 1116 419 1143 cenninm
445 1116 586 1147 defuncto,
605 1116 697 1143 Romze
721 1115 855 1143 successit
876 1115 1072 1148 Telesphorus,

289 1161 388 1188 ordine
407 1161 552 1196 septimus.
577 1161 768 1188 Alexandrinae
794 1161 922 1188 Ecclesia:
937 1160 1074 1196 guberna-

291 1205 392 1233 tionem
419 1206 572 1237 Eumenes,
596 1213 711 1233 numero
741 1210 853 1237 sextus,
875 1209 917 1233 est
942 1206 1073 1238 sortitus,

290 1251 368 1279 Justo
384 1256 446 1286 post
466 1260 569 1279 annum
594 1252 769 1279 undecimum
790 1253 930 1279 defuncto.
955 1252 1003 1279 llic
1021 1251 1074 1278 im-

290 1302 403 1332 perator
416 1302 529 1332 propter
540 1297 689 1324 seditiones
698 1298 754 1332 jam
765 1302 1000 1330 commemoratas,
1014 1301 1075 1332 post

291 1343 425 1378 insignem
447 1343 522 1371 illum
541 1345 633 1379 populi
656 1344 810 1376 interitum,
834 1342 936 1372 Iudaeis
952 1345 1074 1380 ingressu

291 1388 545 1423 Hierosolymorum
574 1394 602 1416 et
631 1389 716 1416 totius
747 1389 896 1424 provinciae
921 1389 1072 1416 interdixit.

291 1434 395 1462 Deinde
419 1443 481 1462 cum
505 1435 572 1462 urbs
586 1443 601 1462 a
623 1435 774 1470 gentilibus
798 1435 976 1467 incolcretnr.
999 1441 1027 1463 et
1041 1436 1076 1463 de

290 1482 403 1509 nomine
418 1482 529 1509 Adriani
544 1482 614 1509 .IElia
631 1490 779 1510 vocaretur
794 1493 800 1511 :
816 1484 922 1518 primus
932 1483 991 1519 ejus
1007 1490 1076 1518 pon-

293 1528 356 1556 tifex
372 1533 433 1562 post
447 1529 627 1556 circumrisos
641 1529 693 1556 fuit
710 1529 827 1557 Marcus.
842 1530 912 1557 Tum
927 1530 1010 1557 etiam
1027 1529 1076 1557 Sa-

1120 292 1204 326 ὑγρόν
1215 299 1224 308 ⁸
1242 291 1275 318 δι’
1289 291 1381 324 ὀλίγου
1400 290 1423 316 δ’
1438 287 1517 320 αὖθις
1529 287 1670 323 ἠθροίζετο
1685 287 1789 321 ἕτερον,
1807 286 1854 311 καὶ
1868 285 1910 316 ὡς

1120 338 1242 364 ἐπεδίδου
1264 337 1331 372 πρὺς
1352 336 1383 363 τὸ
1407 337 1500 371 χεῖρον
1514 335 1569 367 ἀεὶ,
1586 334 1735 360 ἀποθανεῖν
1755 331 1908 366 ἐπεθύμει,

1120 385 1172 411 οὐκ
1189 383 1306 419 ἠδύνατο
1323 382 1361 414 δὲ,
1387 381 1501 417 μηδενὸς
1521 380 1595 414 αὐτῷ
1617 379 1736 410 διδόντος
1756 379 1794 413 μὴ
1819 377 1910 410 ξίφος,

1124 433 1161 468 μὴ
1188 432 1344 466 φάρμακον.
1367 430 1423 457 Καὶ
1439 430 1516 460 τέλος
1543 428 1580 463 μὴ
1599 426 1655 458 οἷός
1685 435 1715 453 τε
1743 427 1781 452 ὢν
1809 424 1911 451 ἑαυτὸν

1122 478 1332 513 διαχρήσασθαι,
1367 478 1418 511 τῆς
1445 476 1514 502 κατὰ
1545 475 1593 510 τὴν
1625 474 1732 500 δίαιταν
1761 472 1913 506 ἀκριϐείας

1125 525 1227 560 μεθῆκε
1242 531 1249 539 '
1265 524 1313 551 καὶ
1333 523 1371 558 μὴ
1387 524 1573 558 προσήκουσιν
1589 521 1731 554 ὲδωδίμοις
1747 520 1795 545 καὶ
1812 519 1911 548 ποτοῖς

1123 570 1276 605 χρώμενος,
1292 569 1423 596 κατέλυσε
1440 569 1490 603 τὴν
1504 567 1586 602 ζωὴν,
1610 567 1696 600 ζήσας
1721 566 1768 600 ἔτη
1786 564 1842 591 δύω
1861 564 1912 590 καλ¹

1123 613 1266 648 ἑξήκοντα,
1282 612 1349 646 πρὸς
1382 611 1449 646 μησὶ
1465 610 1548 636 πέντε
1570 610 1617 635 καὶ
1632 608 1749 643 ἡμέραις
1763 605 1911 633 ἐννεακαί-

1124 659 1201 690 δεκα,
1219 659 1398 693 μοναρχήσας
1412 657 1441 683 δὲ
1459 657 1506 683 ἐπὶ
1521 656 1605 682 εἴκοσι
1631 655 1678 681 καὶ
1701 654 1749 679 ἕνα
1772 652 1912 683 ἐνιαυτὸν,

1126 703 1212 738 μηνὸς
1230 703 1287 734 ἑνὸς
1302 703 1452 733 λείποντος.
1475 702 1538 728 Ἐπὶ
1551 702 1578 728 δὲ
1593 701 1643 735 τῆς
1657 701 1807 736 ἡγεμονίας
1824 698 1913 726 αὑτοῦ

1130 749 1317 784 Ἀλέξανδρος,
1343 747 1563 784 ἀρχισρατεύσας
1603 749 1633 773 ὲν
1664 746 1758 782 Ῥώμῃ
1795 746 1914 773 δέκατον

1125 796 1195 827 ἔτος,
1212 796 1252 827 είς
1275 796 1325 830 τὴν
1347 796 1446 831 ἀγήρω
1467 795 1568 829 μετέϐη
1597 793 1682 828 ζωήν.
1703 794 1752 819 Ὃν
1773 793 1915 825 διεδέξατο

1125 842 1237 874 Ξύστος.
1256 842 1312 869 Καὶ
1333 842 1437 877 Πριμος
1447 842 1488 875 δὲ,
1503 840 1703 874 Ἀλεξανδρέων
1718 840 1916 873 ὲτιισκοπήσας

1125 889 1277 916 δωδέκατον
1303 888 1437 918 ἐνιαυτὸν,
1459 887 1507 914 καὶ
1538 885 1710 921 μεταλλάξας
1732 885 1781 920 τὴν
1805 885 1914 919 βιοτὴν,

1135 935 1250 962 Ἰοῦστον
1276 934 1338 969 ἔσχε
1355 934 1488 968 διάδοχον.
1513 932 1574 958 Τῶν
1602 932 1625 958 δ’
1653 933 1682 958 ὲν
1710 931 1915 966 Ἰεροσολύμοις

1125 981 1282 1008 ἐπισκόπων
1294 980 1340 1005 τὸν
1349 980 1467 1015 ἀριθμὸν
1480 980 1520 1010 εἷς
1533 978 1731 1004 πεντεκαίδεκα
1747 977 1914 1013 περιστῆναι

1128 1027 1209 1062 μέχρι
1232 1026 1283 1060 τῆς
1309 1026 1380 1052 κατὰ
1404 1024 1545 1060 ’Δδριανδν
1571 1024 1706 1050 Ἰουδαίων
1727 1023 1914 1054 ἀποστασίας,

1127 1071 1333 1108 βραχυϐίων,ῶς
1347 1071 1431 1102 ἔοικε,
1442 1071 1604 1105 γεγονότων,
1620 1072 1634 1096 ὁ
1650 1070 1780 1101 Εὐσέϐιος
1797 1071 1914 1104 ἱστορεῖ,

1127 1118 1232 1149 πάντας
1261 1117 1283 1144 δ’
1311 1118 1341 1149 ἐξ
1364 1117 1503 1144 Ἰουδαίων
1527 1117 1728 1148 πιστεύσαντας
1760 1114 1833 1142 εἶναι
1847 1125 1854 1132 ·
1874 1113 1915 1142 ὧν

1127 1164 1236 1198 πρῶτος
1253 1162 1287 1198 ἦν
1303 1163 1433 1194 Ἰάκωϐος
1448 1164 1461 1189 ὁ
1478 1162 1525 1188 τοῦ
1540 1162 1643 1197 Κυρίου
1662 1162 1809 1196 λεγόμενος
1824 1161 1918 1188 ’Λδελ-

1128 1210 1187 1243 φὺς,
1215 1211 1261 1236 καὶ
1284 1209 1410 1243 δεύτερος
1433 1208 1558 1243 Συμεὼν,
1585 1208 1634 1234 καὶ
1663 1207 1755 1243 τρίτος
1782 1207 1915 1240 Ἰοῦστος,

1129 1254 1263 1290 Ζακχαῖος
1279 1255 1422 1290 τέταρτος,
1440 1254 1540 1285 Τοϐίας
1561 1254 1696 1288 πέμπτος,
1715 1254 1794 1285 ἕκτος
1816 1255 1916 1280 Βενια-

1130 1303 1186 1336 μὶν,
1216 1301 1330 1335 ἕϐδομος
1357 1300 1494 1336 Ἰωάννης,
1519 1300 1611 1334 ὄγδοος
1635 1301 1770 1332 Ματθίας,
1799 1292 1915 1332 ἔννατος

1127 1347 1270 1378 Φίλιππος,
1287 1347 1403 1377 δέκατος
1416 1346 1545 1378 Σενεκᾶς,
1564 1345 1681 1377 Ἰοῦστος
1703 1347 1783 1377 ἀλλος
1798 1346 1915 1373 ἑνδέκα-

1128 1401 1185 1425 τος,
1201 1393 1281 1425 Λευῖς
1308 1393 1337 1419 δὲ
1361 1392 1522 1424 δωδέκατος,
1551 1393 1655 1427 Ἑφρῆς
1675 1392 1914 1426 τρισκαιδέκατος,

1128 1437 1425 1472 τεσσαρεσκαιδέκατος
1444 1436 1556 1471 Ἰωσὴφ,
1579 1438 1627 1463 καὶ
1642 1436 1743 1467 Ἰούδας
1762 1445 1916 1463 πεντεκαι-

1129 1485 1251 1516 δέκατος,
1266 1484 1367 1510 Ξύστον
1393 1483 1422 1510 δὲ
1440 1483 1509 1517 μετὰ
1530 1483 1626 1518 χρόνον
1644 1483 1759 1517 δεκαετῆ
1780 1482 1916 1518 τελευτή-

1131 1540 1215 1558 σαντα
1242 1530 1355 1565 ἕϐδομος
1379 1531 1408 1556 ἐν
1439 1528 1531 1564 Ῥώμῃ
1563 1528 1701 1560 διεδέξατο
1728 1529 1917 1564 Τελεσςιὸρος.

292 1575 436 1606 turninus,
464 1574 671 1607 Antiochenus,
696 1575 828 1602 Basilides
863 1575 1074 1608 Alexandrinus,

1128 1579 1184 1612 Τῆς
1198 1578 1226 1605 δὲ
1244 1578 1298 1604 τῶν
1314 1576 1513 1612 Ἀλεξανδρέων
1536 1575 1702 1610 Ἐκκλησίας
1724 1575 1774 1610 τὴν
1790 1583 1918 1609 προστα-

294 1624 321 1646 et
352 1620 554 1654 Carpocrates,
583 1620 755 1648 diversarum
783 1625 922 1648 sectarum
950 1625 1077 1649 auctores

293 1670 498 1697 nascebantur:
526 1674 554 1696 et
579 1669 747 1704 Hegesippus
777 1669 920 1704 apostolici
949 1670 1079 1704 prmconii

296 1715 473 1742 traditionem
500 1715 622 1750 quinque
645 1715 726 1742 libris
749 1715 947 1750 conscripsisse
970 1716 1076 1743 fertur:

292 1765 321 1788 ct
332 1760 459 1787 Justinus
470 1760 665 1795 Philosophus.
680 1765 742 1795 post
756 1761 836 1788 etiam
854 1767 967 1797 martyr,
980 1770 995 1789 a
1006 1762 1080 1790 Grae-

293 1807 335 1833 cis
357 1805 511 1840 disciplinis
532 1806 566 1832 ad
590 1806 637 1834 Dei
661 1807 766 1834 cultum
791 1807 909 1834 transiit.
930 1808 956 1835 ls
974 1813 1078 1841 narrat,

294 1851 464 1877 llerennium
484 1850 653 1878 Granianum
679 1851 751 1879 Asiae
771 1853 967 1886 proconsulem
1010 1854 1078 1881 scri-

292 1896 381 1931 psisse
404 1896 534 1928 Adriano,
548 1905 602 1923 non
627 1905 688 1924 esse
706 1905 830 1932 tequum,
851 1897 1021 1926 Christianos
1043 1900 1078 1927 ob

294 1942 379 1969 ullum
401 1942 507 1970 facinus
526 1943 631 1977 plecti:
658 1951 721 1970 eum
740 1951 805 1971 vero
826 1945 1012 1979 respondisse.
1028 1953 1078 1973 ne-

292 1989 394 2015 minem
413 1988 467 2015 nisi
490 1989 616 2017 criminis
637 1989 754 2025 alicujus
773 1990 879 2025 judicio
903 1991 1076 2023 damnatum.

293 2034 475 2062 occidendum
492 2042 563 2062 esse.

1126 1626 1188 1653 σίαν
1214 1625 1294 1656 ἕκτος
1323 1624 1448 1658 Εὐμενὴς
1477 1621 1669 1657 ἐκληρώσατο,
1697 1621 1815 1648 Ἰούστου
1841 1622 1916 1655 μετὰ

1126 1672 1268 1699 ἑνδέκατον
1284 1671 1410 1702 θανόντος
1430 1669 1564 1696 ἐνιαυτόν.
1578 1666 1662 1699 Οὗτος
1675 1667 1721 1694 οὖν
1736 1669 1749 1694 ό
1772 1667 1913 1703 αὐτοκρά-

1125 1727 1182 1754 τωρ
1193 1718 1237 1744 διὰ
1250 1717 1299 1748 τὰς
1315 1716 1367 1752 ήδη
1382 1716 1515 1750 ῥηθείσας
1541 1715 1651 1746 στάσεις
1673 1715 1743 1749 μετὰ
1759 1714 1806 1740 τὸν
1825 1714 1912 1740 πολὺν

1124 1765 1180 1792 τῶν
1206 1764 1341 1791 Ἰουδαίων
1361 1762 1472 1797 ὄλεθρον
1493 1762 1541 1788 καὶ
1565 1761 1654 1796 δόγμα
1675 1761 1783 1793 ἐξέθετο
1806 1761 1916 1787 κωλῦον

1126 1813 1156 1838 τὸ
1170 1811 1246 1842 ἔθνος
1267 1809 1358 1837 αὐτῶν
1381 1808 1537 1835 ἐπιϐαίνειν
1563 1807 1617 1834 τῶν
1641 1806 1848 1841 Ἰεροσολύμων,
1867 1806 1920 1833 καὶ

1128 1857 1177 1891 τῆς
1189 1855 1280 1890 χώρας
1298 1854 1388 1881 αὐτῶν
1401 1854 1522 1887 ἁπάσης.
1539 1852 1594 1879 Καὶ
1608 1852 1701 1878 λοιπὸν
1715 1851 1744 1883 ἐξ
1760 1851 1846 1877 ἐθνῶν
1864 1851 1917 1885 τῆς

1129 1902 1234 1933 πόλεως
1247 1900 1427 1934 οἰκισθείσης,
1446 1899 1493 1925 καὶ
1505 1899 1601 1929 Atinia;
1617 1897 1765 1932 κληθείσης
1781 1896 1851 1932 (54),
1877 1896 1917 1927 ὼς

1129 1950 1143 1975 ὁ
1160 1948 1300 1984 ’Δδριανὺς
1311 1945 1491 1982 ἐχρημάτιζε,
1505 1945 1612 1980 πρῶτος
1636 1944 1741 1978 ταύτης
1763 1944 1915 1978 ἀρχιερεὺς

1132 1995 1199 2029 μετὰ
1212 1995 1275 2024 τοὺς
1292 1994 1324 2020 ὲκ
1339 1992 1492 2028 περιτομῆς
1505 1991 1623 2025 κατέστη
1643 1991 1770 2025 Μάρκος·
1786 1990 1848 2015 τότε
1866 1990 1917 2015 καὶ

1130 2041 1289 2075 Σατορνῖνος
1308 2039 1471 2073 Ἀντιοχεῦς,
1481 2038 1528 2064 καὶ
1539 2037 1693 2073 βασιλείδης
1708 2036 1917 2070 ’Δλεεξιινδρεῦς⁹

291 2083 338 2108 καὶ
353 2082 568 2118 Καρποκράτης,
589 2083 722 2118 αἱρέσεων
737 2084 876 2121 διαφόρων
893 2087 1013 2123 πατέρες
1045 2089 1093 2116 καὶ
1112 2089 1232 2124 ἀρχηγοὶ
1265 2087 1457 2122 ὲγνωρίζοντο.
1478 2085 1533 2111 Καὶ
1556 2085 1729 2119 Ἡγήσιππος
1741 2083 1769 2110 δὲ
1782 2083 1844 2109 τότε
1865 2082 1919 2117 τὴν

291 2129 339 2156 τοῦ
360 2130 540 2158 ἀποστολικοῦ
571 2131 749 2168 κηρύγματος
785 2133 935 2167 παράδοσιν
959 2135 988 2161 ἐν
1012 2135 1094 2162 πέντε
1113 2137 1202 2170 λόγοις
1228 2134 1440 2171 συγγράψασθαι
1461 2133 1656 2168 ἀναγράφεται.
1681 2131 1736 2158 Καὶ
1770 2131 1919 2161 Ἰουστίνος

290 2177 476 2212 ὸΦιλόσοφος,
492 2179 520 2210 ὃς
540 2179 685 2214 μετέπειτα
697 2181 745 2207 καὶ¹
760 2181 868 2216 μάρτυς
903 2182 1023 2215 ἐγένετο,
1050 2183 1112 2209 τότε
1131 2184 1199 2219 πρὸς
1237 2182 1393 2209 θεοσέϐειαν
1432 2180 1462 2213 ἐξ
1493 2179 1658 2214 Ἑλληνικῶν
1698 2177 1919 2211 σπουδασμάτων

292 2223 432 2258 μετέθετο.

295 2323 361 2349 ματι
376 2316 409 2342 ἐκ
423 2317 591 2352 κατηγορίας
609 2317 675 2352 ἁλῷ,
693 2317 859 2345 κτείνεσθαι.

480 2226 530 2255 Ὃς
572 2225 675 2260 ἱστορεῖ
701 2226 837 2261 Ἑρέννιον
867 2227 1019 2262 Γρανιανὸν
1049 2229 1098 2264 τῆς
1141 2229 1233 2260 Ἀσίας
1269 2226 1493 2254 ἀνθυπατεύολτα
1523 2226 1675 2252 ἐπιστεῖλαι
1701 2223 1835 2260 Ἀδριανῷ
1878 2224 1920 2259 μὴ

291 2269 394 2295 δίκαιον
410 2268 479 2296 εἶναι
491 2271 536 2297 ἐπ’
549 2271 702 2307 ἐγκλήματι
719 2273 814 2307 μηδενὶ
831 2273 993 2306 κολάζεσθαι
1013 2274 1077 2305 τοὺς
1096 2274 1276 2308 Χριστιανούς
1289 2282 1296 2290 ·

1318 2274 1365 2301 καὶ
1378 2274 1423 2300 τὸν
1443 2272 1581 2307 θεσπίσαι,
1593 2272 1707 2308 μηδένα,
1721 2272 1745 2297 εί
1760 2272 1798 2307 μὴ
1813 2271 1917 2306 ἐγκλή-

1786 2409 1898 2416 .._._._

797 2490 975 2534 LIBER
1013 2489 1426 2536 DUODECIMUS.

328 2585 349 2613 l.
366 2586 504 2613 Antonino
526 2593 617 2613 rerum
632 2585 729 2620 potito,
759 2593 841 2621 quem
858 2586 996 2613 Adrianus
1011 2585 1074 2613 ado-

1163 2584 1203 2613 A’.
1218 2586 1445 2621 Αὐταρχήσαντος
1463 2586 1492 2613 δὲ
1518 2586 1685 2619 ’Λντωνῐνου,
1700 2585 1728 2618 ὃς
1746 2586 1920 2621 εἱσποιηθεὶς

293 2637 400 2666 ptatum
411 2632 582 2659 ethsarcm
599 2638 627 2659 et
641 2631 833 2666 imperatorem
846 2631 1012 2667 designarat,
1033 2639 1075 2659 se-

292 2682 374 2705 natus
388 2679 508 2706 Adriano
524 2679 633 2706 divinos
650 2679 776 2709 honores.
803 2678 839 2705 ob
856 2678 1021 2705 clarissimos
1037 2678 1077 2705 vi-

293 2732 339 2752 ros
351 2725 518 2758 interfectos,
537 2726 687 2754 decernere
701 2725 797 2753 uoluit.
814 2725 872 2759 Qua
885 2725 918 2752 dc
929 2733 1012 2752 causa
1022 2725 1076 2752 An-

1130 2631 1206 2667 παρὰ
1229 2631 1277 2657 τοῦ
1308 2630 1445 2665 Ἀδριανοῦ
1475 2631 1584 2665 Καῖσάρ
1609 2639 1638 2658 τε
1663 2631 1712 2658 καὶ
1737 2631 1918 2667 αὐτοκράτωρ

1131 2677 1249 2711 ὲγένετο,
1273 2678 1289 2712 ὴ
1311 2677 1441 2712 γερουσία
1456 2677 1505 2704 οὐκ
1525 2676 1604 2711 ἠθελε
1621 2677 1670 2708 τὰς
1689 2677 1813 2712 ἡρωῖκὰς
1831 2678 1919 2711 nisi:

1130 2723 1300 2759 ψηφίσασθαι
1322 2723 1361 2758 τῷ
1394 2723 1525 2758 Ἀδριανῴ
1546 2723 1590 2749 διὰ
1612 2723 1708 2757 φόνους
1727 2722 1833 2757 ἀνδρῶν
1852 2724 1910 2750 ἐπι-

888 2803 987 2835 Υδιίω
1005 2802 1157 2833 lectiones
1173 2805 1203 2832 et
1224 2805 1320 2833 noue.

333 2866 389 2902 (54)
408 2866 462 2893 Kal
482 2865 536 2900 τῆς
549 2868 653 2900 Αῐλιάς
670 2868 844 2902 κληθείσης.
867 2868 929 2895 Hice
957 2867 1040 2894 verba
1053 2867 1074 2894 ir

1126 2872 1195 2893 razco
1209 2869 1284 2892 textu
1315 2863 1446 2891 omiserat
1476 2864 1517 2892 vel
1540 2863 1688 2900 interpres,
1718 2864 1760 2893 vel
1790 2869 1922 2901 typogra-

286 2900 377 2939 phus.
