2082 3153
251 192 322 223 Ῑυῗθ

884 191 1048 222 JOANNIS
1068 192 1228 224 ZONARE

1820 191 1890 224 1080

250 248 452 279 cnarlssimus.
485 255 600 284 regnum
629 246 795 279 aﬂ‘ectante.
829 248 889 284 ejus
915 247 1043 276 facinoris

1096 249 1121 276 οἳ
1136 250 1182 277 τὴν
1198 250 1368 286 Αὑρηλιανὺν
1382 250 1429 277 καὶ
1442 251 1487 277 τὸν
1503 251 1621 278 Τάκιτον
1641 250 1811 288 ἀνῃρήκασι.
1827 257 1890 275 σνν-

249 295 334 330 638
355 295 473 322 indicem
499 293 608 321 mentiri
635 298 753 328 putans,
769 294 905 329 supplicio
925 295 1041 322 aﬂ'ccit:

252 342 432 369 Saturninum
454 349 519 367 vero
535 340 637 367 milites
663 340 835 368 occiderunt.
864 341 936 369 Cum
972 342 1043 369 alius

251 388 363 421 quidam
395 387 421 412 in
447 386 598 413 Britanniis
630 386 814 414 defer-tionem
843 388 1041 421 meditaretur,

251 440 334 467 quem
353 433 411 466 ipse
429 432 546 464 Probus,
565 432 700 460 Victorini
725 433 812 460 Mauri
836 433 979 461 familiaris
1000 434 1042 461 sui

251 478 493 504 commendatione
526 478 680 509 adductus,
706 478 739 506 ad
763 479 953 514 magistratum
980 487 1044 507 eve—

251 529 329 551 xerat
346 532 353 550 :
371 532 432 551 cum
453 524 595 552 Victorino
613 525 810 559 expostulavit,
827 525 873 560 qui
898 526 1043 560 impetrata

250 569 284 597 ad
301 570 378 597 illum
396 570 515 597 abeundi
531 575 679 606 potestate,
699 579 728 599 se
742 572 936 606 imperatorem
951 571 1044 607 fugere

251 616 397 648 simulans,
419 621 545 644 amanter
556 625 571 644 a
585 622 702 652 tyranno
717 622 880 652 susceptus,
896 622 980 645 noctu
998 625 1044 645 oc-

250 661 310 689 ciso
336 662 463 694 homine.
489 663 521 690 ad
547 663 668 691 Probum
693 664 790 695 rediit.
816 664 852 690 ob
883 669 1044 692 mansuetu-

252 708 346 735 dinem
362 729 369 740 ,
393 709 608 743 placabilitatcm
634 713 662 736 et
683 709 899 736 muniﬁcentiam
928 710 1042 738 charum

251 754 392 782 omnibus.
410 754 478 782 Cum
493 754 639 782 Germanis
653 756 790 783 Romanas
801 755 929 784 civitates
945 764 1044 783 vexan-

252 801 327 827 tibus
346 801 496 833 rcsisteret,
512 801 585 828 bello
600 801 706 828 diutius
723 801 842 828 durante
853 824 859 834 ,
876 809 908 829 ex
928 802 1044 837 penuria

252 850 423 873 commeatus
436 846 606 880 periclitatus
622 851 673 873 est.
693 845 791 874 Fertur
807 852 898 874 autem
924 848 1044 875 maximo

252 892 333 919 imbri
357 892 383 919 in
395 898 485 920 castra
503 893 564 927 ejus
579 893 680 921 delato.
708 892 825 919 multum
849 899 959 927 quoque
985 893 1041 920 fru-

253 939 336 966 menti
354 939 393 973 (si
408 939 451 966 cui
467 941 579 966 credere
594 939 676 973 libet)
690 939 831 974 depluisse
846 947 853 966 :
873 947 928 974 quo
942 940 1044 967 milites

252 985 368 1012 collecto
382 989 409 1012 et
435 985 517 1012 famis
539 985 694 1019 periculum
719 985 876 1020 eﬂ'ugerint,
900 989 929 1013 et
951 985 1045 1014 hostes

252 1032 434 1067 proﬂigarint.
463 1032 511 1059 Est
534 1037 562 1059 ct
588 1032 640 1058 alia
668 1032 768 1059 seditio
796 1037 891 1059 contra
923 1032 1043 1059 Probum

252 1083 337 1105 mota.
366 1078 434 1106 Nam
460 1077 558 1110 Carus,
587 1077 634 1112 qui
659 1078 730 1113 parti
759 1078 877 1113 Europa:
907 1084 1043 1113 praeerat,

251 1124 448 1152 animadvertit
463 1132 528 1151 suos
544 1125 645 1152 milites
655 1124 690 1151 de
703 1132 732 1151 se
748 1125 913 1159 imperatore
926 1125 1044 1152 creando

252 1170 356 1201 agitare
376 1178 452 1205 :qua
477 1179 506 1198 re
523 1170 613 1198 Probo
632 1171 803 1205 signiﬁcata,
823 1171 903 1206 petiit
926 1176 957 1198 ut
980 1171 1044 1199 inde

253 1223 442 1244 revocaretur.
461 1216 513 1244 Sed
527 1225 588 1244 cum
607 1217 629 1244 is
642 1217 666 1244 ei
689 1224 876 1245 successorem
897 1217 963 1245 dare
986 1217 1045 1244 noi-

250 1262 300 1294 lct,
319 1263 421 1290 milites
443 1271 545 1290 corona
566 1263 638 1291 facta
666 1263 765 1291 Carum
789 1264 832 1291 vel
857 1263 972 1291 invitum
997 1272 1042 1291 su-

252 1309 361 1344 scipere
377 1309 524 1344 imperium
545 1314 706 1344 coegerunt,
724 1312 870 1346 statimque
886 1318 947 1338 cum
965 1318 998 1338 eo
1017 1311 1043 1338 in

252 1355 357 1383 [aliam
373 1360 567 1391 properarunt.
593 1356 654 1389 Quo
670 1357 776 1384 Probus
794 1357 922 1392 cognito,
940 1356 1046 1384 exerci-

252 1406 312 1428 tum
328 1407 357 1429 et
371 1402 481 1434 ducem.
495 1403 542 1438 qui
560 1402 599 1430 illi
615 1403 788 1434 resisterent.
805 1403 892 1430 misit.
908 1403 976 1430 Cum
993 1411 1043 1430 au-

251 1454 306 1476 tent
324 1457 339 1476 a
357 1448 427 1476 Caro
441 1455 527 1484 prope
541 1448 689 1478 abessent.
705 1448 803 1475 ducem
826 1456 906 1476 suum
930 1449 957 1475 in
982 1449 1044 1476 vin-

251 1495 314 1522 cula
330 1494 497 1530 conjectum,
517 1501 603 1528 seque
621 1502 675 1521 una
692 1494 730 1521 illi
747 1494 923 1522 dediderunt.
938 1495 1044 1523 Probus

252 1547 330 1572 vero,
347 1548 380 1567 ea
399 1540 516 1567 militum
533 1539 698 1567 transitione
714 1540 835 1575 cognita,
850 1548 864 1567 a
884 1540 942 1567 suis
963 1541 1043 1568 satel-

1094 298 1219 329 αγαγείν,
1237 297 1283 323 καὶ
1301 297 1387 323 πολλὰ
1415 298 1555 330 ὀνειδίσαι,
1572 299 1619 324 καὶ
1638 298 1799 324 ἀποκτεῖναι
1813 305 1820 311 ·
1833 295 1890 323 Σα-

1093 341 1214 376 τορνίνου
1240 342 1267 369 δὲ
1298 343 1475 376 Μαυρουσίου
1497 343 1635 378 τυραννίδι
1648 343 1890 378 ἐπιχειρήσαντος,

1093 387 1122 418 ὃς
1136 385 1169 423 ἦν
1189 388 1264 423 αὐτῷ
1281 389 1418 423 φίλτατος,
1438 389 1484 416 τὸν
1498 389 1576 416 τοῦτο
1593 389 1771 424 μεμηνυκότα
1785 389 1890 422 ἐτιμω-

1095 435 1208 468 ρήσατο,
1220 436 1253 463 τῆ
1270 435 1385 470 ἀγγελίᾳ
1402 435 1567 462 διαπιστῶν·
1584 436 1598 462 ὁ
1614 435 1642 462 δέ
1658 436 1819 468 Σατορνῖνος
1834 434 1890 460 ὑπὸ

1095 481 1272 515 στρατιωτῶν
1290 481 1423 516 ἀνῃρέθη.
1436 481 1551 515 Ἕτερος
1565 481 1593 507 δέ
1609 490 1651 512 τις
1665 482 1693 507 ἐν
1708 482 1890 516 Βρεττανίαις

1093 526 1265 552 ἀποστασίαν
1284 526 1487 561 διεμελέτησεν,
1500 525 1529 552 ὃν
1547 527 1593 553 ἐπὶ
1609 526 1658 560 τῆς
1673 527 1761 561 ἀρχῆς
1779 527 1793 552 ὁ
1808 525 1890 560 βασι-

1093 571 1157 602 λεὺς
1173 572 1330 606 ἐποιήσατο,
1342 572 1508 606 Βικτωρίνου
1520 572 1694 607 Μαυρουσίου
1710 572 1889 607 ᾠκειωμένου

1094 616 1179 650 αὐτῷ,
1194 615 1274 642 τοῦτο
1291 617 1486 651 αἰτησαμένου.
1504 617 1558 644 Καὶ
1573 616 1651 643 τοῦτο
1678 616 1772 651 μαθὼν
1783 617 1797 643 ό
1815 616 1888 651 Πρόον

1094 662 1152 693 6ος,
1166 663 1262 698 ᾐτιᾶτο
1279 663 1324 689 τὸν
1338 663 1512 698 Βικτωρῖνον.
1533 663 1588 689 Καὶ
1602 663 1631 695 ὃς
1647 663 1804 698 πεμφθῆναι
1818 663 1890 697 πρὸς

1095 709 1199 736 ἐκεῖνον
1229 709 1363 745 ᾐτήσατο,
1389 709 1437 735 καὶ
1452 709 1535 744 ἀπῄει
1561 709 1600 740 ὡς
1617 709 1697 743 δῆθεν
1714 708 1825 742 φεύγων
1840 708 1891 735 τὸν

1094 756 1294 791 αὐτοκράτορα,
1309 755 1357 782 καὶ
1375 755 1519 787 ἀσπασίως
1535 755 1612 790 παρὰ
1633 755 1681 781 τοῦ
1698 755 1890 790 τυραννήσανο

1094 812 1139 834 τος
1154 803 1328 830 ὑπεδέδεκτο.
1356 802 1385 829 'U
1402 803 1431 829 δὲ
1447 802 1491 829 διὰ
1503 802 1552 836 τῆς
1565 802 1661 833 νυκτὸς
1674 800 1780 828 ἀνελὼν
1792 801 1890 834 αὑτὸν,

1094 849 1233 883 ἐπανῆλθε
1249 850 1315 883 πρὸς
1337 848 1453 884 Πρόϐον.
1476 848 1611 882 Ἐφιλεῖτο
1631 848 1659 875 δὲ
1684 849 1761 882 παρὰ
1777 847 1890 874 πάντων

1095 895 1109 921 ὀ
1129 894 1247 930 Πρόὸος.
1275 894 1313 926 ὡς
1342 894 1429 928 πρᾶος
1451 893 1499 919 καὶ
1515 893 1633 928 εὐμενὴς
1652 893 1700 919 καὶ⁵
1727 892 1888 926 φιλόδωρος.

1095 937 1181 972 Οὗτος
1196 939 1235 975 τῷ
1253 939 1325 966 ἔθνει
1352 939 1407 966 τῶν
1432 939 1583 974 Γερμανῶν
1607 938 1806 972 ἐπιτιθεμένων
1826 938 1891 968 ταῖς

1095 988 1148 1014 ὑπὸ
1171 987 1325 1022 Ῥωμαίους
1342 987 1454 1013 πόλεσιν
1477 985 1714 1019 ἀντιταττόμενος,
1732 983 1779 1010 τοῦ
1806 983 1891 1010 πο).ἐ-·

1097 1043 1149 1068 μου
1166 1033 1276 1060 πλείονα
1298 1033 1393 1067 χρόνον
1409 1032 1658 1066 ἐπικρατήσαντος,
1681 1031 1710 1056 ἐν
1725 1030 1891 1064 περιστάσει

1095 1081 1216 1114 ἐγένετο,
1236 1079 1318 1114 λιμοῦ
1335 1077 1544 1113 συμϐεϐηκότος
1558 1077 1605 1103 ἐπὶ
1617 1078 1649 1112 τῇ
1665 1076 1748 1102 αὑτοῦ
1760 1076 1889 1111 στρατιᾷ.

1096 1127 1162 1153 Ὀτε
1189 1125 1291 1161 λαῦρος
1315 1124 1426 1157 λέγεται
1456 1125 1666 1159 καταρραγῆναι
1683 1122 1785 1157 δμῦρος
1807 1122 1892 1156 ἐντῷ

1095 1171 1182 1198 αὐτοῦ
1200 1170 1386 1206 στρατοπέδῳ,
1407 1169 1447 1204 τῷ
1470 1169 1492 1195 δ’
1514 1169 1584 1204 ὑετῷ
1602 1169 1650 1194 καὶ
1665 1169 1737 1194 σῖτον
1753 1176 1891 1200 συγκατε-

1095 1217 1223 1253 νεχθῆναι
1238 1217 1333 1247 πολὺν,
1351 1216 1377 1242 εἴ
1409 1224 1463 1242 τισι
1480 1215 1561 1241 τοῦτο
1585 1214 1759 1240 πιστεύοιτο·
1774 1213 1822 1239 καὶ
1839 1213 1890 1248 τὴν

1097 1263 1228 1299 στρατιὰν
1243 1261 1453 1296 συναγαγοῦσαν
1473 1261 1566 1292 αὐτον,
1591 1261 1626 1286 δι’
1645 1260 1729 1287 αὑτοῦ
1748 1260 1890 1294 τραφῆναι

1095 1309 1143 1335 καὶ
1155 1307 1368 1341 διαπεφευγέναι
1391 1306 1436 1332 τὸν
1452 1306 1586 1337 κίνδυνον,
1607 1306 1654 1331 καὶ
1671 1305 1735 1336 τοὺς
1749 1305 1891 1335 ἐναντίους

1095 1353 1376 1390 κατατροπώσασθαι.
1405 1354 1506 1386 Γέγονε
1530 1353 1567 1383 δὲ,
1580 1353 1641 1378 κατ’
1657 1351 1741 1378 αὐτοῦ
1757 1351 1805 1377 καὶ
1820 1351 1889 1386 ἄλλη

1094 1409 1138 1431 τις
1153 1400 1349 1430 ἐπανάστασις.
1365 1399 1474 1432 Μέρους
1484 1399 1539 1432 γὰρ
1552 1399 1599 1433 τῆς
1615 1399 1750 1433 Εὐρώπης
1767 1398 1780 1424 ὁ
1794 1398 1889 1432 Κάρος

1096 1446 1188 1481 ἄρχων
1204 1445 1276 1478 ἔγνω
1296 1445 1358 1475 τοὺς
1372 1444 1417 1470 ὑπ¹
1440 1443 1521 1470 αὑτὸν
1536 1443 1706 1476 στρατιώτας
1721 1442 1889 1477 βουλιυομέυ

1096 1500 1157 1523 νους
1177 1491 1302 1518 ἀνειπεῖν
1332 1490 1414 1516 αὑτὸν
1438 1490 1640 1524 αὐτοκράτορα,
1675 1489 1723 1515 καὶ
1745 1487 1826 1515 τοῦτο
1847 1488 1889 1522 τῷ

1095 1537 1195 1572 Πρύὸῳ
1211 1536 1341 1570 ἐδήλωσε,
1360 1535 1488 1570 δεόμενος
1512 1534 1619 1562 ἐκεῖθεν
1634 1534 1834 1570 ἀνακληθῆναι.
1858 1535 1890 1560 ’0

251 1587 260 1613 1
276 1587 348 1613 tibus
364 1591 406 1613 est
424 1586 598 1619 interfectus,
614 1593 668 1613 non
687 1585 802 1621 integris
818 1593 846 1613 γι
863 1586 944 1614 annis
956 1586 1043 1621 impe-

1095 1585 1124 1611 δὲ
1140 1584 1190 1610 οὒκ
1202 1583 1299 1618 ἢθελεν
1331 1582 1481 1617 ἀφελέσθαι
1501 1582 1583 1609 αὐτὸν
1611 1582 1661 1616 τὴν
1678 1582 1777 1616 ἀρχήν.
1804 1581 1890 1615 Περι-

252 1631 294 1658 rio
313 1631 435 1659 functus.

1099 1630 1211 1660 στάντες
1226 1627 1273 1656 οὖν
1292 1629 1317 1655 oi
1350 1629 1517 1663 στρατιῶται
1543 1628 1590 1654 τὸν
1604 1628 1708 1663 κάρον,
1727 1627 1773 1654 καὶ
1785 1627 1888 1654 ἄκοντα

251 1678 453 1712 καταδέξασθαι
481 1678 531 1714 τὴν
552 1679 606 1705 τῶν
623 1679 771 1714 Ῥωμαίων
785 1679 873 1716 ἀρχὴν
902 1680 1060 1712 ἐϐιάσαντο,
1078 1679 1125 1705 καὶ
1162 1677 1265 1704 αὐτίκα
1284 1676 1332 1702 σὺν
1346 1676 1420 1710 αὐτῷ
1431 1677 1476 1702 ἐπὶ
1499 1675 1615 1702 Ἰταλίαν
1629 1675 1807 1709 ὡρμήκεσαν.
1829 1674 1888 1700 Καὶ

252 1725 357 1762 Πρόῆος
373 1725 454 1752 τοῦτο
469 1725 563 1761 μαθὼν
576 1725 734 1760 στράτευμα
748 1725 856 1760 ἔπεμψε
887 1727 936 1753 σὺν
968 1726 1078 1761 ἄρχοντι
1096 1724 1257 1758 ἀντιστῆναι
1268 1723 1359 1758 αὐτῷ·
1373 1722 1423 1757 ἤδη
1445 1723 1474 1748 δὲ
1491 1722 1691 1756 πλησιάσαντες
1703 1721 1728 1747 οἱ
1744 1720 1889 1754 πεμφθέν-

251 1782 298 1804 τες
319 1771 357 1807 τῷ
378 1771 476 1807 Κάρῳ,
504 1771 694 1806 δεσμήσαντες
717 1773 763 1798 τὸν
785 1772 905 1808 ἄρχοντα
923 1772 1041 1804 ἑαυτῶν,
1062 1771 1188 1798 κάκεῖνον
1224 1769 1272 1796 καὶ
1304 1769 1418 1800 ἑαυτοὺς
1440 1767 1478 1802 τῷ
1503 1768 1588 1802 Κάρῳ
1600 1766 1836 1802 παραδεδώκασιν.
1856 1765 1889 1792 '0

253 1820 281 1846 δὲ
309 1818 413 1854 Πρόσος
447 1817 499 1844 ὑπὸ
515 1818 570 1844 τῶν
586 1817 697 1844 οἰκείων
719 1818 878 1854 δορυφόρων
899 1818 1038 1853 ἀνῄρητο,
1063 1816 1205 1852 μαθόντων
1237 1815 1352 1850 τὴντῶν
1385 1814 1561 1850 στρατιωτῶν
1576 1813 1644 1849 πρὸς
1656 1813 1749 1848 Κάρον
1758 1812 1890 1848 προσχώ-

254 1873 344 1900 ρησιν.
371 1864 400 1890 Ὀ
416 1863 444 1890 δὲ
455 1863 551 1899 χρόνος
570 1863 621 1898 τῆς
649 1863 798 1899 αὑταρχίας
813 1863 859 1890 τοῦ
874 1863 979 1899 Πρόῦου
993 1863 1042 1898 οὺχ
1059 1862 1202 1896 ὁλόκληροι
1234 1861 1380 1895 γεγόνασιν
1395 1860 1513 1886 ἐνιαυτοὶ
1529 1859 1570 1893 ἓξ.

288 1911 373 1940 XXX.
394 1911 484 1940 Carus
497 1919 590 1939 rerum
606 1911 712 1947 potitus
724 1933 730 1942 ,
746 1911 811 1939 ﬁliis
827 1913 886 1939 suis
900 1911 1003 1939 Carino
1018 1916 1048 1939 et

253 1959 424 1987 Numeriano
447 1958 626 1993 imperatorio
657 1958 811 1986 diademate
842 1957 966 1989 ornatis.
991 1961 1047 1985 sta-

254 2006 303 2033 tim
320 2010 418 2032 contra
434 2005 531 2032 Persas
555 2005 715 2039 profectus,
740 2004 908 2031 Numeriano
931 2002 987 2030 ﬁlio
1000 2010 1046 2030 co-

253 2052 386 2083 mitante,
410 2050 618 2086 Ctesiphontem
634 2054 662 2077 ct
699 2049 852 2077 Seleuciam
886 2051 1043 2084 occupavit.

253 2098 307 2125 Sed
334 2097 452 2125 Romani
479 2104 541 2124 cum
569 2097 596 2123 in
626 2104 694 2123 cavo
717 2096 837 2131 quodam
869 2095 929 2122 loco
956 2099 1044 2122 castra

253 2144 399 2176 haberent,
416 2151 486 2178 pene
503 2142 584 2170 undis
599 2147 692 2170 essent
708 2142 832 2176 oppressi
845 2162 852 2172 ,
875 2141 958 2168 ﬂuvio
976 2149 1045 2176 pra:-

255 2190 400 2216 terﬁuente
414 2197 463 2224 per
479 2189 580 2216 fossam
596 2196 610 2215 a
625 2188 719 2215 Persis
738 2188 764 2215 in
788 2195 836 2215 eos
859 2187 971 2214 emisso.
994 2187 1045 2215 Ve-

254 2244 316 2262 rum
330 2235 417 2263 Carus
434 2235 587 2269 proﬂigatis
602 2234 730 2261 hostibus
754 2242 783 2262 re
799 2234 868 2261 bene
891 2237 966 2268 gesta
980 2241 1043 2260 cum

254 2289 353 2317 magna
375 2281 547 2316 captivorum
567 2280 762 2313 multitudine,
786 2281 932 2315 opimaque
953 2279 1042 2314 praeda

1134 1910 1173 1937 A'.
1194 1909 1284 1944 Κάρος
1300 1909 1328 1935 δὲ
1342 1907 1392 1941 τῆς
1420 1906 1558 1942 βασιλείας
1585 1906 1732 1940 γενόμενος
1747 1904 1889 1940 ἐγκρατὴς

1096 1956 1160 1986 τοὺς
1176 1956 1294 1985 οἰκείους
1317 1953 1393 1984 υἱοὺς
1406 1953 1462 1988 (85)
1480 1953 1600 1988 Καρῖνον
1622 1952 1669 1978 καὶ
1695 1951 1890 1986 Νουμεριανδν

1095 2001 1236 2028 ὲτςιινίωσε
1264 1998 1398 2035 βασιλικῷ
1422 1998 1580 2032 διαδήματι.
1609 1997 1664 2024 Καὶ
1689 1996 1789 2024 αὐτίκα
1815 1996 1888 2023 κατὰ

1096 2047 1210 2082 Περσῶν
1226 2046 1439 2080 ἐξεστράτευσεν
1455 2043 1514 2077 ἅμα
1538 2042 1577 2078 τῷ
1598 2043 1638 2069 ἐνὶ
1654 2042 1710 2069 τῶν
1729 2042 1833 2069 παίδων
1845 2042 1890 2078 τῷ

1094 2092 1278 2126 Νουμεριανῷ
1293 2091 1339 2117 καὶ
1350 2090 1468 2125 κατέσχε
1485 2088 1670 2123 Κτησιφῶντα
1682 2097 1712 2114 τε
1725 2089 1772 2115 καὶ
1789 2088 1889 2115 Σελεύ-

1095 2147 1181 2166 κειαν.
1201 2136 1308 2173 Μικροῦ
1329 2137 1351 2163 δ’
1373 2136 1405 2163 ἂν
1421 2135 1592 2163 ἐκινδύνευσε
1609 2136 1639 2161 το
1656 2135 1814 2170 στράτευμα
1828 2135 1889 2163 τῶν

1100 2185 1255 2220 Ῥωμαίων.
1272 2185 1316 2210 Ἐν
1332 2183 1415 2218 κοίλῳ
1427 2182 1482 2218 γὰρ
1497 2182 1783 2218 ἐστρατοπεδεύσαντο
1794 2181 1886 2216 τόϊεῳ⁸

1094 2231 1108 2258 ὃ
1124 2232 1148 2257 οἱ
1166 2232 1269 2266 Πέρσαι
1284 2229 1503 2264 θεασάμενοιτὺν
1515 2230 1572 2255 ἐκεῖ
1589 2228 1784 2263 παραρρέοντα
1800 2235 1888 2254 ποτα-

1097 2277 1145 2312 μδν
1160 2277 1200 2307 εἰς
1212 2276 1258 2301 τὸν
1273 2275 1365 2302 κοῖλον
1384 2275 1490 2300 ἐκεῖνον
1504 2273 1586 2300 τόπον
1599 2273 1643 2300 διὰ
1668 2272 1803 2307 διώρυγος
1818 2273 1888 2298 ἐπα-

254 2329 370 2356 Romam
398 2327 490 2354 rediit.
529 2327 634 2354 Deinde
669 2327 808 2354 Sarmatas
845 2326 1043 2353 tumultuantes

1096 2310 1211 2356 ιρήκασι.
1226 2321 1287 2352 Τοῖς
1297 2320 1417 2356 Πέρσαις
1429 2320 1458 2346 δὲ
1473 2318 1637 2355 προσϐαλὼν
1653 2319 1667 2344 ὁ
1683 2318 1785 2353 Κάρος,
1803 2317 1888 2344 εὐτύο

254 2375 312 2402 acie
329 2373 404 2403 vicit.
419 2377 447 2400 et
466 2377 575 2409 gentem
588 2372 706 2406 subegit.
721 2372 785 2400 Fuit
807 2372 917 2399 natione
938 2372 1044 2403 Gallus,

254 2421 302 2448 sed
320 2420 363 2447 vir
377 2419 476 2448 fortis.
496 2423 523 2445 et
539 2418 576 2445 rei
603 2418 731 2445 militaris
755 2418 870 2452 peritus.
899 2418 937 2444 De
958 2422 1046 2444 morte

254 2469 314 2502 ejus
331 2474 385 2494 non
398 2467 494 2493 eadem
512 2465 637 2492 historici
653 2465 848 2499 prodiderunt.
864 2464 932 2492 Nam
948 2464 993 2491 alii
1017 2463 1045 2491 in

254 2513 430 2547 expeditione
457 2511 583 2539 Hunnica
609 2511 731 2538 occisum
753 2510 862 2543 ferunt;
893 2510 950 2542 alii,
982 2517 1045 2537 cum

253 2558 336 2593 639
349 2558 382 2586 ad
397 2558 500 2593 Tigrim
512 2557 626 2584 ﬂuvium
647 2562 736 2584 castra
752 2556 883 2586 haberet,
902 2563 955 2582 una
980 2562 1042 2582 cum

256 2605 437 2631 tabernaculo
461 2611 513 2632 suo
535 2602 651 2630 fulmine
681 2602 875 2637 conﬂagrasse.
902 2601 962 2634 Quo
986 2601 1045 2628 sive

256 2649 308 2677 hoc
335 2651 392 2678 sive
416 2651 462 2677 illo
491 2650 573 2678 modo
601 2648 729 2681 sublato,
755 2647 940 2675 Numerianus
974 2646 1046 2673 ﬁlius

1094 2376 1173 2402 χησε,
1190 2367 1237 2393 καὶ
1253 2365 1491 2399 κατετρωπώσατο
1508 2364 1619 2396 αὐτούς.
1634 2365 1689 2390 Καὶ
1702 2363 1888 2396 ὲπιινέζευξεν

1094 2415 1134 2444 είς
1161 2413 1280 2448 Ῥώμην,
1314 2411 1389 2445 ἄγων
1417 2410 1602 2446 αἰχμαλώτων
1617 2410 1724 2443 πληθὺν
1743 2410 1791 2436 καὶ
1805 2410 1886 2436 λεεαν

1096 2460 1207 2495 πολλὴν.
1222 2457 1290 2486 Εἶτα
1303 2457 1351 2484 τοῦ
1371 2457 1466 2488 ἔθνους
1482 2457 1685 2487 ἐπαναστάντος
1703 2455 1758 2482 τῶν
1771 2456 1885 2490 Σαρμα·

1094 2508 1159 2538 τῶν,
1170 2506 1306 2536 κάκείνοις
1319 2504 1474 2539 προσμίξας
1490 2503 1565 2539 νικᾷ,
1579 2503 1626 2529 καὶ
1642 2503 1673 2529 τὸ
1689 2502 1765 2533 ἔθνος
1780 2502 1887 2529 ὑπέτα-

1098 2553 1153 2585 ξεν.
1170 2553 1218 2584 Ὃς
1231 2553 1261 2579 τὸ
1276 2552 1324 2586 μὲν
1338 2552 1414 2585 γένος
1431 2551 1554 2585 Γαλάτης
1571 2551 1628 2585 (86)
1646 2548 1691 2584 ἦν.
1719 2550 1842 2584 ἀνδρεῖος
1855 2549 1886 2576 δὲ

1098 2600 1145 2627 καὶ
1172 2600 1207 2626 τὰ
1231 2599 1349 2633 πολέμια
1379 2598 1476 2629 δεξιός.
1498 2597 1527 2623 Ὀ
1546 2596 1574 2623 δὲ
1606 2597 1670 2630 περὶ
1692 2595 1742 2630 τῆς
1755 2594 1888 2629 τελευτῆς

1099 2645 1182 2671 αὑτοῦ
1203 2644 1282 2679 λόγος
1312 2644 1360 2679 οὐχ
1388 2643 1487 2679 ὁμοίως
1501 2645 1559 2675 τοῖς
1588 2642 1748 2678 ίστορήσασι
1781 2640 1886 2675 συγγέ-

830 2714 931 2744 Varia:
951 2712 1108 2743 lectiones
1122 2715 1152 2742 et
1168 2715 1266 2741 notas.

292 2781 349 2817 (85)
369 2780 443 2813 Τὸὺς
458 2782 590 2814 οἰκείους
602 2781 698 2813 υἱούς.
711 2779 780 2817 [lino
794 2779 821 2805 in
833 2779 922 2817 legum
934 2778 1042 2817 aliquot

256 2814 318 2845 (Ἔτει-ἱ
346 2816 574 2851 inscriptionibus
595 2826 601 2843 :
636 2817 723 2850 Ιηιριι.
747 2814 844 2845 Carus,
875 2814 999 2851 Corinna.
1016 2817 1041 2839 et

256 2849 441 2880 Numerianus
458 2853 491 2878 Α.
505 2852 537 2877 Α.
550 2852 579 2878 Α.
606 2849 684 2886 quod
707 2851 881 2886 observatum
903 2857 917 2875 a
938 2849 1041 2875 Casau-

258 2889 340 2915 bnno.
358 2887 405 2920 qui
424 2887 450 2913 id
477 2885 622 2914 Zonaram’
643 2895 657 2913 a
673 2886 758 2921 probo
790 2885 910 2920 quodam
927 2888 1040 2911 auctore

257 2922 398 2958 accepisse
412 2922 560 2950 existimat.

1132 2776 1188 2811 (86)
1208 2774 1358 2811 Γαλάτης.
1370 2773 1403 2811 Αἶά
1419 2777 1461 2800 est
1478 2771 1581 2811 Galliis.
1600 2771 1688 2806 inquit
1700 2770 1883 2811 pasaulbonus

1096 2805 1295 2843 ad‘Vopiseum
1323 2805 1350 2836 in
1366 2809 1446 2840 Caro,
1473 2809 1518 2842 qui
1536 2808 1610 2834 illius
1636 2805 1752 2843 patriam
1785 2805 1883 2843 incer-

1097 2852 1151 2874 tam
1177 2840 1263 2872 fuisse
1281 2845 1331 2875 ait,
1350 2848 1378 2871 et
1393 2840 1488 2870 Romae
1503 2848 1596 2869 natum
1628 2840 1717 2868 videri
1748 2841 1817 2867 vult.
1844 2840 1884 2867 At

1096 2886 1212 2915 uterque
1245 2879 1339 2915 Victor
1366 2884 1398 2915 et
1424 2878 1562 2915 Sidonius
1589 2876 1718 2904 Narbone
1754 2876 1882 2911 genitum

1095 2913 1230 2944 scribunt.
1247 2914 1362 2943 Wolﬁus
1378 2913 1488 2949 Galam,
1503 2916 1631 2941 verterat.
