2082 3153
257 189 328 221 1083

887 179 1051 213 JOANNIS
1069 177 1230 210 ZONAR/E

1812 173 1882 205 1084

257 250 351 277 mitem
367 249 589 277 domesticormm
614 245 700 273 fuisse
725 243 848 274 tradunt.
874 248 944 277 quos
973 247 1043 268 non-

1097 237 1201 272 ἐγένετο
1213 243 1219 250 ⁵
1232 233 1307 262 ἄλλοι
1317 234 1346 261 δὲ
1360 234 1467 268 κόμητα
1480 233 1649 268 δομεστίκων
1660 232 1743 259 αὑτὸν
1755 232 1882 265 γενέσθαι

257 296 325 322 nulli
340 296 448 330 equites
471 301 531 320 esse
554 295 662 327 putant.
681 290 762 325 Apud
784 289 886 316 milites
910 295 960 323 pro
975 295 1043 314 ron-

256 342 336 369 cione
355 340 510 368 allirmavit.
529 346 558 365 se
584 337 668 364 aedis
693 335 854 364 Numeriani
879 342 934 362 non
958 334 1043 361 fuisse

256 387 396 414 conscium
410 394 417 412 :
433 385 569 419 simulque
583 383 616 410 ad
632 384 735 418 Aprum
753 383 910 418 praefectum
924 382 1042 409 militum

256 439 421 460 conversus:
436 431 501 462 Hoc,
514 430 614 464 inquit,
628 429 701 456 illius
716 437 852 464 percussor
861 434 910 459 est,
923 435 1043 462 eumque

255 485 322 505 ense
343 482 465 511 arrepto,
495 476 646 503 interfecit.
674 476 790 503 Romam
817 482 879 503 cum
911 474 1042 505 venisset,

257 530 349 550 rerum
366 521 635 549 administrationem
651 521 774 555 suscepit
790 529 797 547 :
811 519 1041 553 eonsiderataque

255 568 430 602 principatus
458 567 652 603 amplitudine.
683 567 742 594 sive
769 570 886 601 quarto,
911 565 980 596 sive,
1012 568 1044 591 ut

256 615 302 641 alii
331 615 443 646 docent,
480 613 603 640 secundo
639 613 748 647 imperii
783 620 875 644 anno,
910 612 1042 646 collegam

256 661 447 688 Maximiauum
465 659 626 688 Herculium
640 660 761 691 asciscit,
774 663 855 686 tanta:
870 659 933 685 moli
952 666 1043 686 rerum

255 715 284 734 se
309 715 393 734 unum
420 706 555 741 imparem
572 713 633 733 esse
653 709 740 732 ratus.
766 705 855 732 Ambo
879 705 963 739 igitur
976 711 1043 731 con.

254 752 442 780 sentientibus
461 752 562 779 animis
590 751 813 786 persecutionem
844 755 940 778 contra
963 750 1044 778 Chri.

254 800 360 826 stianos
374 798 566 830 instituerunt,
591 797 783 832 superioribus
802 797 933 824 omnibus
956 796 1043 824 velte-

255 845 419 872 mentiorem
433 849 461 871 et
483 844 686 871 immaniorem.
710 843 824 871 Summo
836 843 911 871 enim
936 843 1043 874 studio,

255 898 288 917 ac
305 890 397 925 potius
414 889 520 922 furore,
537 887 583 917 Dei
601 890 689 917 nostri
707 890 772 917 Jesu
791 890 894 917 Christi
921 890 1042 916 salutare

256 943 356 962 nomen
377 935 403 962 iu
423 936 550 963 emitibus
565 935 658 962 delere
677 936 760 962 terris
777 940 842 962 sunt
863 935 966 962 conati.
983 935 1043 968 Quo

257 987 380 1015 tempore
395 986 469 1008 tanta
486 989 582 1008 eorum
609 981 656 1016 qui
681 989 731 1016 pro
748 981 850 1009 Christi
871 983 1045 1010 confessione

256 1027 283 1054 in
307 1027 439 1054 omnibus
460 1027 622 1054 civitatibus
646 1032 674 1054 et
699 1027 849 1062 provinciis
871 1028 981 1055 fortiter
997 1035 1045 1055 0c-

256 1073 429 1104 cumberent,
457 1073 607 1100 multitudo
633 1073 696 1106 fuit,
722 1078 752 1100 ut
779 1081 875 1102 eorum
900 1074 964 1101 iniri
992 1082 1045 1101 nu-

255 1127 349 1147 merus
366 1127 438 1154 aegre
455 1120 553 1154 possit.
584 1120 659 1147 Hanc
681 1121 754 1148 enim
781 1121 967 1148 carnificinam
994 1129 1042 1149 cae-

256 1165 324 1192 teris
340 1165 423 1193 rebus
436 1167 568 1193 omnibus
583 1166 810 1194 antevertendum
823 1174 885 1194 esse
898 1167 1044 1201 putabant.

258 1210 413 1237 Busiridem
440 1218 507 1238 vero
530 1215 558 1238 et
581 1211 701 1246 Coptum
717 1212 811 1245 urbes,
834 1212 938 1240 Thebis
965 1212 1045 1248 {Egy-

257 1254 354 1288 ptiacis
380 1255 506 1287 vicinas,
538 1263 602 1283 cum
637 1257 824 1290 defecissent,
856 1258 1046 1285 Diocletianus

257 1301 331 1335 repit
360 1305 443 1335 atque
460 1301 572 1328 evertit.
595 1302 670 1332 Post,
698 1302 863 1330 Alexandria
882 1311 994 1338 quoque
1018 1309 1046 1330 et

257 1347 389 1382 Aipyptus
402 1348 509 1374 Achille
523 1348 643 1382 quodam
657 1353 771 1375 auctore
786 1356 862 1376 arma
879 1354 976 1376 contra
990 1349 1045 1376 Ro-

257 1400 354 1420 manos
389 1398 588 1428 sumpserunt:
623 1394 670 1421 sed
701 1395 872 1422 Diocletiano
896 1395 969 1422 haud
998 1396 1046 1423 diu

255 1440 432 1472 restiterunt,
459 1440 594 1475 multique
618 1440 763 1468 seditionis
786 1441 971 1469 concitatores
993 1449 1046 1469 una

257 1494 320 1513 cum
342 1486 450 1513 Achille
466 1494 561 1521 ptenas
577 1486 728 1514 dederunt.
751 1487 938 1514 Diocletianus
963 1495 1046 1522 porro

255 1537 284 1560 et
311 1532 503 1566 Maximianus,
531 1540 612 1560 suum
637 1537 754 1568 uterque
778 1541 910 1568 generum
925 1533 1046 1560 Cmsares

255 1579 454 1606 declararunt:
474 1580 663 1607 Diocletianus
687 1579 864 1607 Maximinum
882 1580 1043 1612 Gallerium,
1061 1596 1082 1624 α

256 1625 301 1652 eui
319 1625 401 1652 ﬁliam
416 1625 553 1652 Valeriam
575 1625 781 1660 desponderat:
799 1625 945 1653 Herculius
959 1625 1046 1652 Maxi-

257 1670 365 1697 mianus
377 1669 579 1702 Constantium,
602 1671 649 1704 qui
672 1678 685 1697 a
703 1671 807 1705 pallore
822 1671 942 1698 Chlorus
966 1679 1048 1698 voca-

257 1715 351 1747 batur,
370 1720 500 1749 nepotem
515 1715 633 1747 Claudii,
647 1717 693 1750 qui
711 1716 792 1751 paulo
806 1722 870 1743 ante
885 1716 1046 1750 imperarat,

258 1766 288 1788 ut
299 1761 354 1795 jam
371 1761 496 1796 exposui.
511 1761 646 1796 desponsa
663 1762 717 1789 [ilia
733 1762 890 1790 Theodora.
915 1763 1048 1796 Quamvis

257 1810 349 1833 autem
366 1806 446 1833 ambo
460 1806 583 1834 Ctesares
606 1815 705 1835 uxores
721 1808 868 1840 haberent,
889 1812 980 1836 tamen
1002 1817 1047 1837 re-

258 1851 378 1886 pudiatis
388 1851 453 1884 illis,
465 1851 664 1886 imperatorum
679 1853 839 1880 afﬁnitatem
852 1855 1047 1888 praetulerunt.

258 1896 440 1924 Maximianus
469 1897 496 1925 in
522 1897 624 1926 Gallias
641 1898 721 1934 64],
748 1899 899 1933 profectus,
929 1899 1047 1928 Amandi

259 1943 406 1977 cujusdam
431 1949 535 1971 motum
554 1945 696 1979 repressit.
718 1945 859 1977 Crassum,
877 1946 924 1980 qui
940 1947 1049 1973 Britan-

258 1989 332 2016 niam
363 1997 411 2023 per
435 1990 586 2017 triennium
602 1997 762 2024 occuparat,
783 1991 930 2026 praefectus
957 1991 1049 2019 Ascle-

258 2035 388 2071 piodotus
401 2037 524 2063 sustulit.
540 2037 834 2072 Quinque-Gentianos
855 2038 902 2072 qui
927 2038 1047 2066 Africam

258 2086 448 2115 occuparant,
486 2082 632 2110 Herculius
668 2083 828 2111 debellavit.
870 2084 1049 2113 Constantius

262 2126 353 2153 Caesar
367 2127 394 2153 in
414 2127 509 2154 Galliis
525 2128 658 2155 adversus
683 2129 849 2156 Alamannos
876 2129 978 2157 bellqu
1000 2138 1048 2165 ge—

259 2179 333 2204 rens,
350 2173 449 2200 eodem
464 2173 509 2200 die
528 2178 556 2201 et
573 2174 663 2202 victus
676 2179 728 2207 est,
752 2179 782 2202 et
805 2175 881 2202 vicit.
900 2175 967 2203 Nam
992 2176 1049 2210 pri-

259 2226 335 2246 mum
351 2227 413 2246 cum
426 2220 569 2247 Alemanni
586 2228 686 2256 magno
705 2221 808 2256 impetu
826 2221 853 2248 in
865 2222 924 2256 ejus
939 2222 1048 2249 exerci-

1094 283 1170 318 φασί.
1185 280 1368 316 Δομεστίκους
1388 280 1416 307 δέ
1433 289 1506 310 τινες
1529 280 1592 310 τοὺς
1609 278 1710 307 ίππέας
1727 277 1880 312 νομίζουσι.

1093 328 1289 362 Διαλεγόμενος
1307 326 1335 352 δὲ
1364 327 1420 357 τοῖς
1447 325 1629 360 στρατιώταις
1657 323 1812 350 διεὸεὸαίου
1843 322 1884 358 μὴ

1093 374 1256 409 κοινωνῆσαι
1279 373 1318 408 τῷ
1344 372 1418 408 φόνῳ
1440 372 1486 398 τοῦ
1510 370 1700 406 Νουμεριανοῦ
1714 378 1720 386 ·
1737 370 1785 396 καὶ
1801 370 1829 395 ὲν
1843 369 1885 402 τῷ

1092 420 1180 447 ταῦτα
1201 420 1292 454 λέγειν
1316 419 1447 453 στραφεὶς
1478 418 1546 452 πρὸς
1569 417 1614 443 τδν
1636 418 1740 452 Ἀπρον
1763 416 1886 450 ἔπαρχην

1093 467 1158 493 ὕντα
1183 465 1230 492 τοῦ
1258 465 1475 500 στρατεύματος,
1505 461 1609 496 οὗτος,
1638 463 1701 498 ἔφη,
1729 463 1745 489 o'
1765 462 1885 488 ἐκείνου

1093 512 1214 547 φονεύς.
1234 510 1290 538 Καὶ
1307 511 1407 537 αὐτίκα
1434 510 1473 545 τῷ
1504 510 1575 544 μετὰ
1599 511 1692 544 χεῖρας
1710 508 1784 542 ξίφει
1802 508 1886 534 αὐτὸν

1093 558 1209 584 ἀνεῖλεν.
1233 558 1277 583 ‘Ev
1288 557 1317 583 δὲ
1332 557 1364 592 τῇ
1387 556 1481 592 Ῥώμῃ
1493 557 1640 591 γενόμενος
1655 555 1711 581 τῶν
1726 555 1776 589 τῆς
1796 554 1888 588 ἀρχῆς

1094 603 1267 638 πραγμάτων
1292 603 1504 637 ἀντεποιήσατο,
1530 602 1577 628 καὶ
1598 601 1650 636 τῆς
1672 601 1775 627 τούτων
1794 600 1887 635 ἥψατο

1093 649 1265 684 διοικήσεως.
1303 648 1423 675 Ἀπιδὼν
1447 649 1476 675 δὲ
1500 648 1570 684 πρὸς
1599 647 1629 674 τὸ
1660 648 1709 681 τῆς
1744 646 1888 682 βασιλείας

1094 695 1258 730 ὑπέρογκον,
1283 695 1411 721 κοινωνὸν
1437 695 1521 729 αὐτῆς
1544 694 1788 730 προσλαμϐάνεται
1816 693 1890 720 κατὰ

1093 743 1124 768 τὸ
1138 743 1269 778 τέταρτον
1298 742 1358 773 ἔτος
1387 742 1437 776 τῆς
1469 741 1619 777 ἡγεμονίας
1654 740 1749 772 αὑτοῦ,
1781 739 1796 772 ἦ
1825 739 1890 765 καθ’

1095 789 1204 823 ἑτέρους
1230 788 1300 814 κατὰ
1325 788 1353 814 τὸ
1369 787 1495 822 δεύτερον
1521 787 1694 822 Μαξιμιανὸν
1709 787 1755 812 τὸν
1774 785 1891 820 Ἐρκοΰ-

1095 836 1163 866 λων,
1190 835 1227 869 μὴ
1247 834 1345 860 ἑαυτὸν
1373 834 1451 869 μόνον
1483 833 1620 868 ἀρκοῦντα
1649 833 1719 867 πρὸς
1751 833 1890 865 τοσαύτης

1096 881 1183 916 ἀρχῆς
1207 880 1342 915 διοίκησιν
1367 880 1559 914 λογισάμενος.
1586 879 1687 913 ’Ἄμφω
1709 878 1802 905 τοίνυν
1815 887 1890 912 συμ-

1095 927 1265 958 πνεύσαντες
1294 926 1416 960 διωγμὸν
1441 925 1580 961 ἐγείρουσι
1607 925 1677 951 κατὰ
1702 925 1890 958 Χριστιανῶν,

1096 973 1150 999 τῶν
1171 974 1237 1008 πρὶν
1262 974 1416 1007 γεγονότων
1440 972 1569 998 ἁπάντων
1588 972 1769 1006 σφοδρότερόν
1787 980 1817 998 τε
1838 971 1890 997 καὶ

1096 1018 1278 1053 ἀγριώτερον.
1295 1016 1440 1051 Ἐκθὺμως
1460 1015 1526 1050 γὰρ,
1543 1015 1644 1050 μᾶλλον
1670 1014 1698 1041 δὲ
1727 1014 1893 1050 περιμανῶς

1096 1063 1126 1090 τδ
1141 1062 1188 1090 τοῦ
1203 1063 1270 1088 Θεοῦ
1291 1062 1370 1097 ἡμῶν
1387 1062 1476 1097 Ἰησοῦ
1490 1062 1610 1097 Χριστοῦ
1628 1061 1760 1088 ἔσπευδον
1786 1062 1818 1088 ἐκ
1835 1062 1891 1088 πά-

1097 1119 1147 1144 σης
1174 1110 1226 1144 γῆς
1255 1109 1397 1144 ἐξαλεῖψαι
1431 1109 1566 1144 σωτήριον
1593 1108 1689 1142 ὄνομα.
1717 1108 1786 1134 ’ῦτε
1817 1109 1892 1134 κατὰ

1096 1159 1186 1184 πᾶσαν
1213 1158 1291 1184 πόλιν
1321 1158 1368 1184 καὶ
1401 1157 1495 1192 χώραν
1521 1157 1643 1183 τοσοῦτοι
1672 1156 1743 1191 ὑπὲρ
1771 1156 1821 1190 τῆς
1848 1158 1893 1188 είς

1096 1205 1216 1239 Χριστὸν
1245 1204 1393 1238 ὁμολογίας
1427 1203 1600 1238 ὴνδρίσαντσ,
1622 1204 1660 1235 ὡς
1689 1204 1753 1238 μηδ’
1778 1203 1892 1238 ἀριθμῷ

1098 1250 1190 1285 σχεδον
1210 1249 1310 1281 αὐτοὺς
1334 1250 1491 1284 ὑπαχθῆναι
1513 1249 1605 1284 ῥᾴδιον
1629 1248 1717 1276 εἶναι·
1737 1251 1817 1285 ἔργον
1833 1252 1892 1286 γὰρ

1099 1296 1181 1323 τοῦτο
1201 1295 1256 1322 τῶν
1276 1295 1365 1322 ἄλλων
1379 1296 1509 1322 ἁπάντων
1527 1295 1649 1322 ἐτίθεντο
1669 1296 1891 1331 σπουδαιότερον.

1097 1341 1257 1376 Βουσίρεως
1289 1340 1316 1367 δὲ
1349 1341 1397 1368 καὶ
1423 1340 1534 1368 Κοτττοῦ
1560 1341 1665 1368 πόλεων
1694 1341 1895 1375 Αἰγυπτιακῶν

1097 1387 1163 1422 περὶ
1184 1387 1234 1419 τὰς
1260 1387 1318 1413 ἐκεῖ
1345 1386 1436 1422 Θήϐας
1460 1387 1627 1421 οἰκουμένων
1652 1387 1692 1418 εἰς
1719 1388 1894 1414 ἀποστασίαν

1097 1432 1278 1463 ὲκκλινασῶν.
1312 1433 1326 1460 ὁ
1356 1432 1550 1467 Διοκλητιανὸς
1589 1434 1794 1467 ἐκστρατεύσας
1827 1434 1894 1460 κατ’

1096 1479 1185 1505 αὐτῶν
1206 1476 1262 1505 εἷλέ
1279 1487 1308 1505 τε
1330 1481 1378 1506 καὶ
1395 1479 1480 1510 αὐτὰς
1498 1479 1546 1506 καὶ
1564 1480 1752 1514 κατέσκαψεν.
1768 1479 1825 1506 Εἶτ’
1844 1478 1894 1507 αὗ-

1097 1526 1138 1555 θις
1153 1525 1341 1561 Ἀλεξάνδρεια
1358 1526 1404 1552 καὶ
1414 1526 1430 1561 ἡ
1441 1526 1578 1559 Αἴγυπτος
1594 1527 1714 1562 ἀντῆραν
1730 1529 1809 1562 χεῖρα
1823 1528 1894 1554 Ῥω-

1101 1572 1203 1607 μαίοις,
1220 1572 1367 1607 Ἀχιλλέως
1384 1573 1456 1604 tivo;
1470 1574 1510 1605 εἰς
1531 1572 1612 1599 τοῦτο
1631 1575 1696 1606 τοὺς
1718 1574 1889 1608 Αἰγυπτίους

1100 1619 1308 1652 ὑπαγαγόντος·
1333 1619 1401 1645 ἀλλὰ
1425 1619 1571 1654 Ῥωμαίων
1600 1619 1692 1650 αὐτοῖς
1719 1619 1892 1646 ἐπελθόντων

1099 1664 1147 1690 σὺν
1171 1663 1368 1699 Διοκλητιανῷ,
1384 1664 1435 1690 οὐκ
1449 1665 1582 1699 ἀντέσχον
1597 1664 1643 1691 ἐπὶ
1660 1664 1741 1696 πολὺ,
1759 1665 1806 1692 καὶ
1825 1666 1893 1692 πολ-

1098 1710 1139 1736 λοὶ
1158 1708 1212 1736 τῶν
1226 1709 1322 1737 αἰτῖων
1335 1709 1385 1745 τῆς
1404 1710 1527 1742 στάσεως
1541 1710 1729 1746 ἀνῃρέθησαν,
1746 1711 1794 1738 καὶ
1807 1712 1894 1743 αὺτὺς

1104 1754 1256 1790 Ἀχιλλεύς.
1271 1754 1463 1789 Διοκλητιανὸς
1481 1755 1509 1782 δὲ
1527 1756 1573 1782 καὶ
1588 1755 1762 1790 Μιξιμιανδς
1784 1757 1893 1783 Καίσα-

1101 1810 1150 1836 ρας
1177 1801 1389 1836 ἐχειροτόνησαν
1416 1802 1480 1833 τοὺς
1505 1802 1612 1828 ἑαυτῶν
1640 1802 1816 1836 χηδεστὰς,ὂ
1841 1803 1893 1839 μὲν

1099 1846 1294 1882 Διοκλητιανὸς
1311 1847 1465 1882 Μαξιμῖνον
1480 1849 1524 1874 τὸν
1537 1848 1698 1884 Γαλλέριον,
1717 1850 1765 1885 τὴν
1785 1850 1893 1876 οίκείαν

1099 1893 1239 1928 θυγατέρα
1256 1893 1389 1925 συζεύξας
1409 1893 1485 1929 αὑτῷ
1506 1894 1637 1929 Βαλερίαν
1662 1904 1668 1910 ”
1694 1895 1708 1922 ὁ
1730 1895 1753 1922 δ’
1774 1896 1896 1930 Ἐριού-

1099 1940 1156 1972 λιος
1180 1940 1354 1975 Μαξιμιανὸς
1385 1941 1554 1967 Κώνσταντα
1583 1941 1669 1975 (88),
1697 1942 1726 1973 ὃς
1748 1942 1891 1977 ἐπεκλήθη

1099 1985 1211 2021 Χλωρὸς
1224 1986 1268 2013 διὰ
1284 1986 1332 2021 τὴν
1348 1986 1502 2022 ὠχρότητα,
1518 1986 1698 2022 θυγατριδοῦν
1711 1986 1777 2015 ὄντα
1797 1987 1893 2014 Κλαυ-

1099 2031 1156 2058 δίου
1180 2032 1226 2058 τοῦ
1257 2032 1311 2068 πρὸ
1333 2033 1434 2068 μικροῦ
1466 2033 1690 2067 βασιλεύσαντος,
1708 2033 1745 2064 ὡς
1768 2033 1819 2069 ἤδη
1846 2043 1894 2068 μοι

1099 2079 1220 2114 εἴρηται,
1251 2080 1298 2106 καὶ
1329 2079 1412 2111 αὐτὸς
1438 2079 1526 2115 τούτῳ
1554 2078 1603 2114 τὴν
1630 2079 1727 2106 ἑαυτοῦ
1753 2078 1894 2114 θυγατέρα

1100 2125 1241 2160 Θεοδώραν
1265 2126 1473 2160 κατεγγυήσας.
1499 2125 1554 2152 Καὶ
1570 2124 1653 2160 ἄμφω
1669 2125 1696 2151 δὲ
1714 2125 1752 2152 τὼ
1771 2125 1896 2160 Καίσαρε

1099 2171 1188 2198 τούτω
1211 2171 1338 2206 γαμετὰς
1366 2171 1490 2206 εἰχέτην·
1516 2170 1584 2197 ἀλλὰ
1599 2171 1643 2197 διὰ
1672 2171 1703 2196 τὸ
1734 2171 1802 2204 πρὸς
1827 2171 1895 2203 τοὺς

1102 2217 1221 2252 βασιλεῖς
1242 2217 1325 2252 κῆδος
1354 2218 1404 2248 τὰς
1435 2217 1485 2252 μὲν
1517 2217 1674 2250 ἀπώσαντο,
1690 2218 1751 2248 ταῖς
1781 2217 1808 2244 ἓ
1836 2217 1893 2243 τῶν

260 2267 318 2290 tum
337 2265 484 2297 irruerent,
501 2269 577 2300 terga
597 2273 695 2293 omnes
710 2266 855 2298 dederunt,
883 2275 954 2302 quos
981 2267 1046 2294 dum

1102 2263 1236 2298 βασιλέων
1252 2263 1405 2298 θυγατράσι
1427 2263 1600 2298 συνῴκησαν.
1620 2263 1755 2297 Ἀμάνδου
1775 2263 1803 2289 δέ
1818 2271 1895 2295 τινος

260 2307 441 2337 Constantius
469 2308 531 2344 fuga
555 2314 713 2344 postremus
737 2312 928 2345 consequitur,
953 2319 1049 2346 parum

261 2353 352 2383 abfuit
368 2353 435 2388 quin
453 2354 541 2389 portis
552 2355 608 2389 jam
621 2356 723 2383 clausis
738 2361 904 2391 caperetur:
920 2365 952 2384 ac
970 2357 1051 2392 plane

261 2399 295 2426 ab
307 2399 435 2427 hostibus
446 2400 663 2435 comprehensus
673 2406 756 2434 esset,
769 2402 795 2428 in
808 2410 870 2429 eum
887 2403 1050 2438 capiendum

260 2446 387 2478 intentis,
403 2447 456 2474 nisi
476 2447 592 2475 funibus
606 2455 640 2475 ex
669 2456 748 2475 tnuro
763 2448 893 2476 demissis
917 2455 1051 2477 attractus

260 2499 344 2521 esset.
372 2494 410 2522 lta
436 2499 628 2526 conservatus,
645 2499 728 2529 atque
750 2495 776 2521 in
799 2495 893 2522 urbem
913 2501 1050 2530 receptus,

261 2546 411 2568 convocato
430 2541 523 2568 statim
544 2542 682 2571 exercitu.
709 2542 835 2569 oratione
861 2541 966 2574 habita,
997 2550 1050 2577 qua

263 2585 380 2612 militum
399 2587 498 2614 animis
516 2586 685 2614 alacritatem
698 2587 731 2613 ad
750 2595 806 2614 rem
823 2592 935 2614 strenue
949 2596 1051 2623 geren-

262 2630 324 2657 dam
345 2632 447 2664 attulit,
472 2641 504 2660 ac
524 2632 652 2660 fiduciam
679 2633 825 2667 quamdam
854 2633 932 2667 quasi
964 2633 1051 2668 inspi-

264 2678 346 2710 ravit,
363 2680 455 2706 statim
474 2680 554 2707 duxit
569 2685 664 2707 contra
686 2681 804 2711 hostem,
834 2685 917 2714 atque
948 2680 1050 2708 illustri

263 2723 378 2750 victoria
396 2725 497 2758 potitus
513 2732 565 2759 est,
587 2727 697 2754 circiter
727 2735 758 2753 1.x
784 2726 906 2754 millibus
921 2726 1052 2754 Aleman-

1100 2309 1316 2344 νεωτερίσαντος
1356 2310 1383 2335 ἐν
1415 2309 1554 2340 Γαλλίαις,
1587 2309 1762 2344 Μαξιμιανὺς
1799 2310 1895 2336 ἐκεῖσε

1100 2356 1247 2391 γενόμενος
1261 2356 1307 2382 τον
1322 2355 1508 2390 νεωτερισμὸν
1529 2355 1697 2382 κατέστειλε.
1713 2355 1842 2390 Κράσσον
1855 2364 1886 2382 τε

1101 2402 1268 2437 Βρεττανίαν
1302 2401 1494 2437 κατεσχηκότα
1523 2402 1569 2428 ἐπὶ
1604 2403 1747 2433 ἐνιαυτοὺς
1776 2404 1852 2437 τρεῖς
1880 2404 1895 2429 ὁ

1100 2447 1222 2482 ἔπαρχος
1249 2447 1355 2473 ἀνεῖλεν
1376 2446 1619 2480 Ἀσκληπ-ιόδοτος·
1647 2448 1695 2472 καὶ
1714 2446 1794 2472 πέντε
1810 2446 1896 2471 τινῶν

1101 2492 1254 2520 Γεντιανῶν
1274 2492 1330 2528 (89)
1345 2492 1394 2527 τὴν
1412 2492 1550 2526 Ἀφρικὴν
1570 2492 1774 2526 κατασχόντων,
1793 2492 1806 2517 ὁ
1829 2491 1894 2525 Ἑρ-

1101 2540 1208 2570 κοὺλιος
1234 2540 1347 2570 τούτους
1368 2538 1589 2572 κατηγωνίσατο,
1613 2538 1643 2564 '0
1665 2538 1695 2565 δέ
1720 2546 1753 2572 γε
1781 2540 1894 2572 Καῖσαρ

1100 2586 1233 2617 limi/sta;
1250 2587 1279 2612 ὲν
1295 2585 1356 2616 ταῖς
1369 2585 1496 2616 Γαλλίαις
1511 2585 1579 2619 πρὸς
1600 2584 1787 2619 ’Λλαμαννοὺς
1803 2585 1893 2619 μαχό-

1103 2642 1182 2668 μενος
1211 2633 1260 2667 τῆς
1292 2632 1378 2664 αὐτῆς
1404 2631 1510 2666 ἡμέρας
1535 2631 1638 2666 ἥττητο
1673 2631 1721 2658 καὶ
1751 2630 1892 2665 νενίκηκε.

1101 2680 1240 2715 Πρότερον
1271 2679 1319 2714 μὲν
1346 2677 1401 2714 γὰρ
1430 2679 1485 2704 τῶν
1514 2677 1692 2712 ’Ᾱλαμαννῶν
1739 2679 1774 2712 τῇ
1806 2678 1893 2704 αὑτοῦ

1102 2727 1216 2762 στρατιᾷ
1239 2725 1309 2760 μετὰ
1337 2724 1428 2760 ῥύμης
1455 2723 1674 2758 ἑφορμησάντων
1703 2723 1834 2758 σφοδρᾶς,
1853 2724 1895 2755 εἰς

873 2785 975 2816 Varia)
991 2785 1148 2816 lectiones
1172 2789 1203 2814 et
1227 2788 1321 2814 notae.

302 2837 358 2869 (88)
377 2835 567 2864 Κώνσταν-τα.
586 2838 623 2865 Ita
643 2839 765 2866 Zonaras
791 2837 959 2864 Constantem
987 2846 1048 2872 per—

265 2881 348 2906 pe'tm
366 2877 454 2901 rorat.
467 2880 548 2906 quem
565 2873 610 2899 alii
633 2873 826 2900 Constantium
843 2881 849 2899 ε
868 2873 1049 2905 quemadmo-

264 2909 330 2934 dum
345 2907 427 2937 etiatn
443 2908 640 2936 Constantinus
655 2909 823 2941 l'oroliyrog.
852 2908 900 2935 lib.
914 2907 952 2934 De
976 2907 1047 2938 adut,

1103 2839 1168 2867 imp.
1184 2843 1245 2869 cap.
1265 2836 1316 2862 ult.
1333 2839 1360 2861 et
1373 2833 1473 2869 Menas?
1485 2833 1515 2859 ’ΞΙ
1533 2833 1605 2860 Maii.

1140 2872 1196 2905 (89)
1214 2867 1305 2898 Τινῶν
1323 2867 1501 2905 Γενζζιιιιῖῷν.
1521 2869 1587 2895 Vide.
1599 2869 1768 2903 St'aligerum
1783 2867 1815 2894 aii
1839 2867 1892 2894 1λύ-

1104 2902 1224 2940 scbium,
1241 2914 1267 2940 p.
1290 2905 1353 2936 “213,
1374 2904 1400 2930 ll
1416 2902 1484 2929 edit.
