2082 3153
214 186 283 215 1087

847 183 1007 213 JOANNIS
1026 183 1188 213 ZONARA!

1765 183 1832 215 1088

212 250 281 270 vat-te
297 251 361 270 vero
378 242 545 270 conditionis
565 241 703 271 homines.
720 241 747 266 in
763 240 924 267 servitutem
941 240 999 275 rapi

1056 241 1122 271 Τοὺς
1144 241 1168 268 δ’
1189 241 1277 268 ἄλλων
1296 241 1358 271 τοὺς
1382 241 1472 274 ἀξίαις
1492 241 1508 275 ἢ
1533 241 1688 276 στρατείαις
1713 241 1836 267 κατειλε-

212 299 246 316 λτ(
260 298 333 317 anno
353 290 458 324 imperii
483 287 647 315 Diocletiani
671 291 780 318 exacto,
804 287 884 314 ambo
911 288 998 320 impe-

213 342 321 363 ratores
347 334 590 363 consentientibus
614 333 714 360 animis
735 333 850 367 imperio
871 341 900 360 se
924 333 1000 359 abdi-

213 386 322 412 carunt,
343 381 451 414 publice
475 379 648 413 proﬁtentes,
673 387 702 406 se
733 379 797 406 moli
824 379 998 413 negotiarum

215 427 419 454 succumbere:
437 427 484 452 sed
505 425 575 459 apttd
593 432 642 451 eos
660 424 760 458 quibus
780 432 877 451 arcana
895 424 937 451 sui
954 432 1000 458 pe-

215 473 300 499 ctoris
311 471 470 503 credebant,
486 472 511 498 id
532 479 565 498 ex
577 471 768 505 desperatione
781 471 872 498 facere
888 479 917 498 se
931 471 1002 498 fate-

216 519 326 544 bantur.
344 518 412 550 Quia
433 518 505 544 enim
532 525 584 545 nec
605 517 777 544 Christianos
796 524 927 550 superare
951 524 1002 543 nec

214 565 381 598 praeconium
393 564 543 591 Christiani
557 565 677 591 nominis
690 564 867 596 exstinguere
877 566 999 596 possent,

214 617 244 635 se
266 617 317 636 nec
351 609 469 644 imperio
505 609 575 636 velle
610 609 676 636 frui.
701 609 770 636 Cum
800 613 892 634 autem
919 607 1001 634 ambo

214 653 311 680 eodem
333 654 379 681 die
393 655 510 688 imperio
525 662 554 681 se
574 662 607 680 ex
636 654 790 688 composito
815 653 1000 684 abdicassent,

214 700 400 728 Diocletianus
431 700 609 733 Nicomediat,
632 701 814 727 Maximianus
833 699 999 727 Mediolani:

216 745 262 772 ille
291 745 403 773 Salonis
426 746 452 773 in
479 746 624 777 Dalmatia,
641 754 709 780 quas
732 746 847 780 patriam
871 745 1001 777 habebat,

216 791 262 817 hic
279 791 306 818 in
324 791 443 818 Lucania
458 791 539 818 vitam
564 792 629 826 egit.
657 792 736 819 Prius
754 796 844 818 tamen
861 791 894 818 de
910 790 1002 818 Persis

218 837 310 864 ltomte
346 837 564 870 triumpharunt,
602 838 629 864 in
660 845 715 872 quo
742 837 882 870 triumpho
909 836 1004 863 Narsis

216 889 330 912 uxores.
355 882 457 909 liberos
481 887 509 909 et
537 890 658 913 sorores,
683 883 855 916 aliarumque
878 881 1002 915 gentium

217 927 303 955 duces
317 927 465 959 duxerunt,
479 935 629 962 omnesque
651 928 761 954 divitias
786 936 819 954 ex
845 928 937 954 Persia
955 935 1004 961 ap-

218 977 351 1007 portatas.
368 973 442 1000 Haud
460 981 527 1000 vero
543 974 594 1001 abs
615 982 644 1001 re
661 974 744 1001 fuerit
763 973 906 1006 explicari.
929 973 1002 1000 unde

219 1019 351 1052 triumphi
377 1027 475 1046 nomen
503 1025 643 1053 sutnptutn
664 1020 709 1049 sit,
735 1027 768 1046 ac
799 1020 825 1046 id
855 1019 965 1053 quidem
989 1026 1005 1045 a

223 1065 328 1096 Thriis,
358 1073 420 1100 quae
450 1066 549 1092 ﬁculna
576 1066 641 1093 folia
666 1071 741 1098 sunt,
769 1065 871 1092 factum
897 1069 1004 1099 putant.

221 1111 384 1145 Priusquam
413 1112 486 1138 enim
509 1119 642 1146 personas
665 1112 766 1139 scenici
791 1112 1005 1146 excogitassent,

221 1156 328 1184 ﬁeulnis
345 1157 418 1184 foliis
439 1157 524 1184 facies
550 1158 641 1190 velati,
661 1157 775 1184 dicteria
790 1157 917 1185 versibus
938 1158 1006 1183 iatn-

219 1203 289 1230 bicis
304 1204 490 1238 proferebant.
508 1204 637 1230 Eamdem
659 1208 686 1230 et
712 1204 814 1230 milites
836 1203 861 1230 in
882 1203 1006 1230 victoriae

220 1248 370 1276 festivitate
384 1250 521 1277 licentiam
534 1250 630 1277 eodem
642 1255 740 1277 ornatu
755 1251 783 1276 in
797 1250 914 1277 victores
929 1257 1008 1276 usur-

221 1295 333 1330 pabant,
343 1300 426 1330 atque
437 1296 500 1322 hinc
510 1296 650 1330 triumpho
667 1303 766 1323 nomen
777 1304 837 1323 esse
847 1295 946 1322 factum
957 1303 1007 1322 an-

222 1345 336 1367 tumant.
352 1341 404 1367 Alii
421 1349 486 1368 vero
501 1349 535 1368 ex
549 1349 592 1372 eo,
605 1341 677 1376 quod
689 1342 778 1369 tribus
787 1347 894 1369 constet
905 1341 1009 1368 ordini-

222 1385 284 1419 bus,
297 1387 493 1422 seuatu,6&,3
505 1389 615 1422 populo,
624 1388 803 1420 etmilitibus,
817 1396 870 1415 una
880 1387 1009 1415 inceden-

222 1430 307 1463 tibus,
325 1431 479 1459 litterarum
496 1433 523 1460 in
535 1433 629 1460 Graeco
642 1434 775 1461 vocabulo
790 1434 923 1469 Θρίαμϐος
941 1442 1009 1461 non-

221 1477 297 1504 nulla
322 1478 472 1505 mutatione
493 1478 575 1506 facta.
595 1479 634 1506 Ea
655 1480 745 1514 agitur
761 1480 883 1507 victoria:
902 1479 1009 1507 festivi-

224 1527 278 1550 tate
294 1529 403 1557 peracta
420 1525 623 1559 imperatoriam
648 1530 810 1559 potestatem
837 1526 864 1552 in
889 1526 1010 1554 Caesares

224 1571 433 1601 transtulerunt,
447 1575 474 1596 et
490 1571 582 1604 partiti
596 1571 752 1605 imperium,
767 1572 931 1599 Orientalem
946 1580 1009 1606 par-

223 1619 278 1641 tetn
292 1623 346 1642 una
366 1623 428 1642 eum
455 1616 562 1650 Illyrico
579 1617 698 1644 Gallerio
721 1617 867 1644 Maximino
884 1618 1009 1652 assigna-

223 1665 290 1687 runt
306 1669 313 1687 :
328 1660 491 1687 Constantio
506 1661 607 1689 Chloro
632 1663 787 1696 provincias
811 1663 1008 1696 occidentales,

224 1713 278 1732 una
291 1713 351 1732 cum
365 1704 456 1732 Africa
470 1707 667 1734 attribuerunt.
685 1707 732 1734 His
743 1708 780 1734 ita
792 1709 887 1742 gestis,
907 1709 1009 1735 milites

224 1749 382 1781 przetoriani
407 1750 492 1776 ﬁlium
510 1750 630 1777 Herculii
659 1752 813 1778 Maximiani
841 1753 1008 1780 Maxentium

224 1794 317 1821 Romae
341 1795 537 1829 imperatorem
567 1797 752 1824 declararunt.
786 1799 824 1825 Ex
849 1798 892 1825 liis
921 1799 1010 1827 tribus

224 1840 318 1874 igitur,
330 1840 506 1869 Constantius
519 1843 545 1869 in
559 1842 716 1875 Britanniis,
735 1843 833 1871 Cottiis
850 1845 965 1879 Alpibus
983 1850 1010 1872 et

224 1885 318 1913 Galliis
340 1886 492 1919 dominans.
511 1889 611 1916 Christi
633 1890 757 1917 cultores
776 1891 926 1918 admodum
953 1892 1010 1919 cle-

224 1936 332 1958 menter
344 1934 482 1964 tractavit,
494 1939 576 1969 atque
589 1935 658 1962 adeo
672 1937 798 1963 subditos
813 1945 878 1964 suos
891 1945 988 1964 omnes
1001 1946 1009 1965 ι

225 1982 253 2004 et
267 1979 390 2012 pecunia:
405 1985 578 2015 contemptor
593 1981 653 2008 fuit.
668 1982 719 2009 Sed
733 1983 897 2011 Maximinus
909 1983 1009 2011 Orien-

227 2023 261 2048 tis
272 2022 431 2057 imperator,
443 2029 499 2050 tum
511 2025 683 2053 Christianos
697 2029 831 2055 acerrime
849 2034 1012 2063 persecutus

225 2071 278 2097 est.
302 2071 358 2094 tum
380 2069 487 2096 caeteris
513 2069 632 2096 subditis
653 2071 829 2105 gravissimus
852 2072 913 2099 fuit.
943 2073 1010 2100 Nam

227 2119 290 2139 cum
313 2113 429 2141 libidine
449 2115 568 2147 arderet,
591 2124 622 2143 ae
647 2124 772 2144 summus
794 2118 902 2145 adulter
919 2124 1009 2146 esset:

226 2165 281 2184 non
297 2159 408 2192 privata:
420 2160 588 2187 conditionis
605 2161 693 2188 solum
711 2163 842 2190 mulieres
863 2164 895 2189 ad
916 2169 1010 2198 stupra

228 2203 360 2236 rapiebat,
379 2206 426 2232 sed
440 2206 522 2232 etiam
545 2206 694 2233 illustrium
717 2209 837 2235 virorum
852 2210 981 2244 conjuges
995 2217 1010 2236 a

227 2249 333 2276 maritis
344 2258 392 2284 per
406 2251 458 2277 vim
467 2253 584 2284 avulsas,
593 2254 700 2287 expleta
713 2253 829 2280 libidine
841 2262 889 2281 sua
901 2254 1012 2282 domum

228 2295 402 2322 remittebat:
421 2297 639 2325 divinationibus
661 2299 731 2326 adeo
751 2299 874 2330 deditus,
898 2305 928 2327 ut
953 2301 1011 2327 nul-

227 2340 281 2366 latn
301 2348 357 2367 rem
369 2339 510 2369 minimam
521 2343 554 2370 iis
569 2344 731 2371 inconsultis
745 2346 911 2379 susciperet,
926 2350 954 2372 et
967 2354 1011 2372 ar-

226 2393 357 2413 canorum
379 2387 488 2414 illorutn
513 2390 698 2422 patratoribus
727 2391 860 2418 honorem
884 2392 1010 2418 haberet.

226 2431 276 2458 llic
290 2433 350 2467 pios
371 2433 496 2461 homines
517 2434 550 2461 ad
573 2435 787 2463 internecionem
808 2437 1010 2470 condemnavit,

226 2485 378 2513 eorumque
389 2479 534 2507 facultates
547 2481 706 2515 publicavit,
726 2482 802 2509 nullo
823 2483 877 2509 alio
895 2483 1012 2511 crimine

228 2524 380 2553 insontibus
393 2527 511 2561 objecto,
529 2533 711 2562 praeterquam
735 2528 781 2554 Dei
802 2528 960 2562 cognitione
983 2534 1011 2556 et

228 2569 280 2597 ﬁde
295 2573 321 2598 in
337 2566 488 2600 Christum.

1048 287 1165 322 γμένους
1191 287 1297 321 ἀτίμως
1325 287 1516 319 ἐξελαύνεσθαι
1538 288 1583 313 καὶ
1609 289 1659 320 τῆς
1686 287 1765 319 ἀξίας
1788 287 1837 313 καὶ

1049 333 1098 367 τῆς
1131 333 1292 367 στρατείας,
1327 333 1390 363 τοὺς
1421 333 1450 359 δὲ
1489 332 1574 368 τύχης
1609 333 1738 364 ίδιὼτιδος
1780 333 1836 366 (9|)

1049 379 1129 410 ὄντας
1166 379 1338 406 δουλοῦσθαι.
1370 379 1439 413 Ἤδη
1473 379 1500 405 δὲ
1535 379 1656 405 εἰκοστὸν
1690 379 1838 410 ἀνύσαντος

1050 424 1175 451 ἐνιαυτὸν
1207 424 1400 457 Διοκλητιανοϋ
1431 424 1508 458 παρὰ
1533 426 1566 459 τῇ
1598 425 1679 459 ἀρχῇ,
1708 426 1740 451 ἐκ
1769 433 1839 459 συμ-

1051 471 1139 504 φώνου
1160 470 1244 504 ἄμφω
1272 469 1311 495 τὼ
1337 470 1522 505 αὐτοκράτορε
1547 471 1596 506 τὴν
1625 471 1761 505 βασιλείαν
1787 473 1832 498 ἀπ-

1052 517 1160 549 έθεντο,
1188 517 1306 551 δημοσίᾳ
1335 516 1383 551 μὲν
1417 517 1463 542 τὸν
1488 516 1566 549 ὄχλον
1582 517 1636 543 τῶν
1668 518 1839 551 πραγμάτιον

1051 561 1287 593 ἀποσκευάζεσθαι
1307 562 1432 596 λέγοντες
1448 570 1455 578 '
1476 559 1517 594 οἷς
1530 562 1558 588 δὲ
1582 562 1617 589 τὰ
1644 562 1695 596 τῆς
1722 563 1840 597 καρδίας

1052 607 1234 639 ὲξεκάλυπτον
1251 607 1355 641 κρύφια
1380 608 1410 640 ἐξ
1430 607 1560 639 ἀπονοίας
1586 608 1742 642 ὡμολόγουν
1770 609 1840 634 ἀπο-

1051 653 1172 679 τίθεσθαι
1185 652 1234 688 τὴν
1252 653 1351 688 ἀρχὴν,
1364 653 1405 680 ὅτι
1427 653 1464 688 μὴ
1488 654 1683 688 περιγενέσθαι
1704 655 1838 688 Χριστιαο

1051 699 1104 725 νῶν
1129 699 1311 734 ἠδυνήθησαν,
1331 699 1394 735 μηδ’
1413 699 1565 726 ἀποσϐέσαι
1589 700 1620 726 τὸ
1635 700 1838 736 Χριστώνυμον

1051 745 1193 780 κήρυγμα,
1211 745 1277 780 μηδὲ
1295 745 1343 779 τῆς
1359 745 1498 780 βασιλείας
1523 746 1673 773 ἀπολαύειν
1702 747 1837 782 αἱρούμε-

1052 800 1103 818 νοι.
1130 791 1306 825 Ἀποθέμενοι
1335 792 1363 818 δὲ
1387 791 1436 826 τὴν
1466 793 1553 826 ἀρχὴν
1578 793 1649 819 κατὰ
1676 793 1726 826 τὴν
1751 793 1841 828 αὐτὴν

1053 837 1161 871 ἡμέραν
1179 838 1210 863 ἐκ
1237 837 1422 872 συνθήματος,
1438 839 1452 864 ὁ
1469 839 1517 872 μὲν
1535 840 1563 864 ὲν
1582 839 1751 873 Νικομηδείᾳ
1772 839 1841 872 (9‘2),

1055 883 1068 907 ὁ
1083 883 1111 909 δὲ
1130 883 1302 916 Μιξιμιανδς
1321 884 1349 909 ὲν
1365 883 1534 917 Μεδιολάνῳ,
1556 885 1604 910 καὶ
1624 884 1842 915 ὶδιωτεύοαντες⁸

1056 929 1246 963 Διοκλητιανὸς
1275 929 1323 963 μὲν
1346 929 1376 955 ὲν
1394 929 1498 955 Σάλωνι
1523 929 1600 955 πόλει
1620 930 1670 963 τῆς
1685 930 1843 965 Δαλματίας

1055 975 1159 1008 διῆγεν,
1175 974 1237 1008 ἥτις
1265 971 1299 1008 ἦν
1315 974 1398 1000 αὐτοῦ
1416 973 1463 1000 καὶ
1486 975 1596 1008 πατρὶς,
1611 975 1625 1000 ὁ
1638 975 1661 1000 δ’
1683 975 1843 1009 Ἐρκούλιος

1055 1021 1084 1046 ὲν
1095 1020 1244 1054 Λουκανίᾳ..
1259 1020 1314 1053 Πρὸ
1325 1019 1352 1045 δὲ
1370 1019 1421 1054 τῆς
1438 1019 1595 1051 ἀποθέσεως
1610 1020 1661 1055 τῆς
1688 1021 1776 1056 ἀρχῆς
1796 1022 1844 1047 τὸν

1056 1066 1101 1091 ἐπὶ
1122 1067 1154 1100 τῇ
1171 1065 1233 1099 νίκῃ
1258 1065 1313 1091 τῶν
1342 1065 1454 1100 Περσῶν
1480 1066 1678 1098 ἐπανελθόντες
1693 1067 1722 1092 ἐν
1743 1066 1840 1104 Ῥώμῃ

1056 1111 1215 1144 κατήγαγον
1231 1111 1377 1145 θρίαμϐον,
1398 1111 1427 1136 ὲν
1442 1107 1464 1144 ᾧ
1479 1111 1527 1142 τὰς
1542 1120 1571 1137 τε
1588 1111 1635 1137 τοῦ
1658 1112 1770 1147 Ναρσοῦ
1792 1121 1845 1146 γα-

1058 1156 1142 1191 μετὰς
1155 1157 1201 1183 καὶ
1216 1157 1249 1183 τὰ
1268 1157 1351 1183 τέκνα
1374 1157 1420 1182 καὶ
1435 1156 1485 1188 τὰς
1507 1157 1661 1192 ὁμαίμονας
1677 1158 1845 1193 ἐθριάμϐευ-

1057 1211 1117 1235 σαν,
1142 1204 1188 1229 καὶ
1210 1203 1349 1238 ἀρχηγοὺς
1365 1204 1466 1237 ἐτέρων
1488 1204 1583 1234 ἐθνῶν,
1608 1204 1714 1230 καὶτὸν
1729 1204 1845 1231 πλοῦτον

1056 1249 1125 1275 ὅσων
1141 1250 1173 1274 ὲκ
1195 1249 1305 1283 Περσῶν
1320 1249 1471 1283 ἐληῖσαντο.
1493 1249 1561 1275 ’Δλλ’
1578 1249 1696 1276 ἐνταῦθα
1719 1250 1844 1285 δηλωθῆ-

1058 1303 1101 1320 ναι
1126 1295 1218 1326 καλὸν,
1237 1294 1298 1320 ὅθεν
1326 1295 1421 1321 καὶτὸ
1451 1295 1497 1322 τοῦ
1524 1295 1658 1330 θριάμϐου
1685 1295 1845 1330 ὲξείληπται

1058 1338 1152 1372 ὖνομα.
1167 1339 1251 1364 Φασὶν
1264 1337 1310 1365 οὖν
1323 1338 1458 1373 κληθῆναι
1474 1339 1571 1365 τοῦτον
1591 1340 1622 1365 ἐκ
1645 1340 1699 1366 τῶν
1716 1340 1810 1375 θρίων,
1828 1341 1846 1367 ἆ

1058 1385 1116 1410 ἐστι
1135 1384 1168 1410 τὰ
1185 1384 1234 1418 τῆς
1262 1385 1346 1418 συκῆς
1369 1385 1466 1418 φύλλα.
1489 1385 1544 1420 Πρὸ
1569 1386 1624 1421 γὰρ
1640 1386 1687 1412 τοῦ
1708 1387 1742 1412 τὰ
1759 1395 1846 1421 προσ-

1058 1432 1146 1457 ωπεῖα
1161 1430 1337 1465 ἐπινοηθῆναι
1351 1433 1406 1462 τοῖς
1422 1433 1572 1466 σκηνικοῑς,
1585 1433 1670 1467 συκῆς
1683 1432 1794 1467 φύλλοις
1807 1434 1844 1460 τὰ

1059 1476 1163 1502 ἑαυτῶν
1176 1476 1359 1508 καλύπτοντες
1371 1478 1516 1511 πρόσωπα,
1527 1478 1561 1504 δι’
1577 1478 1684 1512 ἰάμϐων
1700 1478 1850 1506 ἐποιοῦντο

1061 1522 1096 1549 τὰ
1114 1521 1284 1557 σκώμματα·
1302 1524 1348 1550 καὶ
1365 1524 1390 1550 οἱ
1406 1524 1572 1558 στρατιῶται
1586 1525 1614 1550 δὲ
1633 1526 1663 1551 ὲν
1679 1526 1740 1557 ταῖς
1757 1527 1848 1552 ἐπινι-

1023 1579 1044 1607 C
1061 1569 1130 1599 κίοις
1146 1570 1270 1603 πομπαῖς
1285 1569 1372 1603 φύλλα
1389 1570 1475 1604 συκῆς
1494 1571 1553 1601 ταῖς
1571 1571 1677 1597 ἑαυτῶν
1694 1572 1847 1606 ἐπάγοντες

1058 1614 1162 1649 ὄψεσιν,
1176 1616 1216 1646 εἰς
1228 1615 1291 1646 τοὺς
1305 1616 1354 1646 τὰς
1368 1616 1479 1650 πομπὰς
1492 1616 1636 1648 ποιοῦντας
1651 1617 1846 1644 ἀπέσκωπτον·

1059 1660 1208 1687 κάντεῦθεν
1231 1661 1416 1695 ὀνομασθῆναι
1446 1663 1586 1697 νομίζεται
1617 1663 1769 1698 θριάμϐους
1794 1665 1845 1695 τὰς

1059 1705 1210 1736 ιπινικίους
1235 1705 1359 1740 πομπάς.
1377 1706 1484 1741 Ἕτεροι
1505 1707 1532 1733 δέ
1552 1716 1633 1741 φασιν
1660 1709 1846 1743 ὀνομασθῆναι

1059 1749 1105 1776 τὸν
1130 1749 1276 1784 θρίαμϐον,
1294 1751 1334 1777 ὅτι
1354 1752 1386 1777 ἐκ
1408 1752 1494 1786 τριῶν
1519 1753 1543 1778 oi
1569 1754 1618 1788 τὴν
1641 1754 1753 1789 πομπὴν
1775 1754 1844 1789 πλη-

1061 1794 1170 1830 ροῦντες
1184 1795 1345 1822 συνίσταντο
1359 1796 1474 1829 τάξεων,
1486 1796 1534 1823 τοῦ
1548 1798 1645 1832 δήμου,
1657 1798 1706 1833 τῆς
1723 1799 1846 1834 συγκλή-

1058 1849 1117 1872 του,
1138 1842 1185 1867 καὶ
1201 1841 1256 1867 τῶν
1271 1842 1457 1875 στρατιωτῶν,
1471 1843 1566 1869 καὶνὲκ
1585 1843 1632 1870 τοῦ
1650 1843 1753 1878 βαίνειν
1776 1845 1845 1879 ὁμοῦ

1060 1885 1110 1917 τὰς
1138 1885 1229 1917 τάξεις
1261 1887 1310 1917 τὰς
1338 1888 1425 1921 τρεῖς,
1453 1887 1589 1922 τρίαμῦόν
1614 1897 1675 1915 τινα
1702 1890 1847 1924 κληθῆναι,

1060 1931 1121 1957 ἀντὶ
1144 1931 1171 1957 δὲ
1194 1930 1240 1957 τοῦ
1256 1940 1283 1964 τ,
1300 1933 1331 1958 τὸ
1353 1932 1366 1958 0
1385 1934 1598 1968 παραληφθῆναι
1624 1934 1667 1960 διὰ
1683 1934 1713 1961 τὸ
1727 1936 1849 1969 εὐφωνό-

1060 1985 1149 2011 τερον.
1162 1978 1239 2004 Mssa
1262 1978 1290 2003 δὲ
1305 1978 1354 2012 τὴν
1367 1979 1500 2005 ἐπινίκιον
1515 1980 1619 2014 ταύτην
1644 1982 1758 2016 πομπὴν
1772 1982 1847 2008 ἐκεῖ·

1062 2032 1102 2049 νοι
1120 2024 1170 2057 μὲν
1185 2024 1234 2057 τῆς
1256 2023 1380 2056 ἐξουσίας
1396 2025 1567 2060 ἀπέστησαν,
1581 2027 1645 2058 τοὺς
1662 2027 1806 2062 Καίσαρας
1825 2028 1848 2054 δ’

1062 2069 1201 2102 ἀνέδειξαν
1236 2072 1453 2108 αὐτοκράτορας,
1479 2073 1641 2108 μερίσαντες
1675 2074 1766 2105 αὐτοῖς
1796 2075 1849 2109 τὴν

1062 2115 1158 2150 ἀρχὴν,
1179 2117 1226 2142 καὶ
1251 2117 1301 2153 τὴν
1331 2118 1380 2151 μὲν
1402 2117 1490 2152 Ἐῲαν
1519 2119 1616 2153 μοῖραν
1643 2118 1682 2153 τῷ
1709 2119 1849 2155 Γαλλερίῳ

1062 2161 1326 2196 προσκληρώσαντες
1342 2163 1488 2198 Μαξιμίνῳ
1508 2164 1556 2189 σὺν
1575 2163 1614 2198 τῷ
1636 2164 1790 2200 Ἰλλυρικῷ,
1808 2166 1848 2200 τῷ

1062 2207 1168 2242 Χλ‹υρῷ
1197 2207 1224 2233 δὲ
1240 2208 1399 2234 Κώνσταντι
1417 2209 1630 2244 προσνείμαντες
1652 2210 1687 2236 τὰ
1715 2210 1849 2245 Ἐσπέρια

1030 2259 1050 2285 D
1066 2254 1115 2278 σὺν
1141 2254 1174 2287 τῇ
1206 2253 1338 2289 Ἀφρικῇ.
1356 2254 1466 2281 Τούτων
1492 2255 1520 2282 δὲ
1542 2255 1614 2283 οὕτω
1638 2257 1800 2290 γεγονότων,
1823 2257 1850 2283 οἱ

1066 2299 1242 2334 στρατιῶται,
1257 2299 1282 2326 οἶ
1306 2301 1506 2334 πραιτωριανοὶ
1533 2302 1690 2334 ἐκαλοῦντο,
1714 2303 1760 2328 τὸν
1790 2303 1849 2330 υἱον

1064 2345 1111 2371 τοῦ
1131 2345 1288 2380 Ἐρκουλίου
1305 2347 1478 2382 Μαξιμιανοῦ
1493 2348 1538 2375 τὴν
1558 2349 1712 2382 Μαξέντιον
1733 2350 1848 2384 βασιλέα

1062 2391 1091 2416 ὲν
1115 2393 1148 2426 τῇ
1172 2391 1266 2426 Ῥὼμῃ
1284 2393 1406 2419 ἀνεῖπον.
1429 2394 1476 2419 Ἐκ
1497 2395 1588 2421 τοίνυν
1611 2396 1665 2421 τῶν
1686 2396 1769 2431 τριῶν
1785 2396 1850 2422 τού-

1060 2444 1115 2462 των
1135 2438 1148 2463 ὁ
1162 2437 1213 2471 μὲν
1230 2438 1362 2470 Κώνστας
1386 2440 1413 2466 ὲν
1435 2440 1609 2474 Βρεττανίαις
1628 2442 1675 2467 καὶ
1692 2444 1752 2473 ταῖς
1780 2444 1851 2469 Κοτ-

1061 2482 1131 2515 τίαις
1151 2484 1264 2510 ’Ἄλπεσι
1278 2485 1325 2512 καὶ
1345 2487 1404 2517 ταῖς
1429 2487 1556 2518 Γαλλίαις
1585 2489 1704 2522 κρατῶν,
1721 2490 1778 2520 τοῖς
1801 2490 1849 2516 τὸν

1062 2530 1182 2564 Χριστὸν
1207 2531 1366 2566 σεϐομένοις
1391 2533 1462 2567 μάλα
1488 2534 1616 2566 ἐπιεικῶς
1647 2536 1848 2570 προσεφέρετο,

1061 2576 1130 2602 ἀλλὰ
1145 2577 1238 2611 μέντοι
1254 2578 1301 2604 καὶ
1317 2579 1383 2605 πᾶσι
1395 2581 1450 2610 τοῖς
1467 2580 1514 2606 ὑπ’
1528 2581 1621 2613 αὑτὸν,
1631 2581 1679 2607 καὶ
1691 2581 1850 2618 ὑπερόπτης

815 2665 913 2696 νοτία)
928 2665 1082 2696 lectiones
1098 2669 1128 2696 et
1145 2670 1238 2697 notas.

265 2747 320 2781 (9|)
339 2747 411 2780 Τοὺς
427 2747 461 2773 δὲ
492 2749 584 2782 τύχης
609 2749 763 2781 ἰδιώτιδος,
791 2750 938 2782 Eusebius.
958 2751 1007 2778 lib.

229 2790 287 2821 vtu,
302 2789 362 2816 cap.
374 2783 390 2808 ‘2
407 2782 496 2813 :Tob;
506 2783 533 2808 δὲ
544 2785 573 2809 ἐν
592 2785 722 2816 οἰκετίαις
733 2786 890 2820 ἐλευθερίας
903 2787 1008 2821 στερεῖ-

231 2818 320 2884 σοῧῗέι.)
342 2853 393 2878 Ἐν
409 2852 598 2886 Νικομηδείᾳ.
617 2855 666 2882 Ubi
684 2856 781 2886 palatia
798 2860 1011 2882 construxerant

231 2887 412 2919 imperatores
421 2893 482 2915 ante
495 2889 705 2922 Dim-letianunt,
716 2897 744 2917 ut
755 2891 856 2918 iudicat
869 2892 1009 2922 Socrates,

1064 2751 1132 2778 |ib.t
1153 2751 1221 2782 IIisL
1237 2751 1301 2783 (τίει,
1317 2758 1367 2785 cap
1401 2751 1427 2777 6.
1459 2751 1525 2778 Vide
1548 2757 1670 2778 nostram
1695 2752 1853 2778 Constanti-

1062 2786 1179 2820 nopolim
1196 2787 1244 2812 lib.
1257 2794 1293 2814 tv.
1311 2792 1379 2812 seet.
1400 2786 1441 2817 l5,
1456 2794 1483 2814 n.
1498 2788 1523 2812 4.
1543 2787 1622 2812 Aliud
1637 2787 1766 2819 palatium
1779 2792 1852 2820 pra:—

1063 2826 1136 2848 it'l‘Ca
1154 2821 1319 2848 Nicomedia:
1334 2821 1480 2850 aediﬁcavit
1505 2821 1703 2849 Constantinus
1729 2822 1848 2848 lleraclii

1063 2856 1144 2883 lilius.
1163 2855 1275 2890 Niceph.
1289 2856 1341 2889 ΟΡ,
