  <div class='ocr_page' id='page_1' title='image "/cluster/home/n/w/nwhite01/storage/ocr_20150623/134/njp.32101077773099/729.png"; bbox 0 0 2082 3153; ppageno 0'>
   <div class='ocr_carea' id='block_1_1' title="bbox 327 159 396 192">
    <p class='ocr_par' dir='ltr' id='par_1_1' title="bbox 327 159 396 192">
     <span class='ocr_line' id='line_1_1' title="bbox 327 159 396 192; baseline -0.029 0"><span class='ocrx_word' id='word_1_1' title='bbox 327 159 396 192; x_wconf 82' lang='grc'><strong>1119</strong></span> 
     </span>
    </p>
   </div>
   <div class='ocr_carea' id='block_1_2' title="bbox 956 148 1299 182">
    <p class='ocr_par' dir='ltr' id='par_1_2' title="bbox 956 148 1299 182">
     <span class='ocr_line' id='line_1_2' title="bbox 956 148 1299 182; baseline -0.009 0"><span class='ocrx_word' id='word_1_2' title='bbox 956 149 1117 182; x_wconf 74' lang='lat' dir='ltr'><strong>JOANNIS</strong></span> <span class='ocrx_word' id='word_1_3' title='bbox 1136 148 1299 179; x_wconf 67' lang='lat' dir='ltr'><strong>ZONARIE</strong></span> 
     </span>
    </p>
   </div>
   <div class='ocr_carea' id='block_1_3' title="bbox 1878 140 1955 174">
    <p class='ocr_par' dir='ltr' id='par_1_3' title="bbox 1878 140 1955 174">
     <span class='ocr_line' id='line_1_3' title="bbox 1878 140 1955 174; baseline 0.026 -2"><span class='ocrx_word' id='word_1_4' title='bbox 1878 140 1955 174; x_wconf 74' lang='grc' dir='ltr'><strong>11Ξο</strong></span> 
     </span>
    </p>
   </div>
   <div class='ocr_carea' id='block_1_4' title="bbox 322 199 1105 247">
    <p class='ocr_par' dir='ltr' id='par_1_4' title="bbox 322 207 1105 247">
     <span class='ocr_line' id='line_1_4' title="bbox 322 207 1105 247; baseline -0.013 -4"><span class='ocrx_word' id='word_1_5' title='bbox 322 216 520 247; x_wconf 78' lang='lat' dir='ltr'><strong>Constantinus</strong></span> <span class='ocrx_word' id='word_1_6' title='bbox 533 222 595 242; x_wconf 85' lang='lat' dir='ltr'><strong>cum</strong></span> <span class='ocrx_word' id='word_1_7' title='bbox 610 213 761 240; x_wconf 71' lang='lat' dir='ltr'><strong>Constante</strong></span> <span class='ocrx_word' id='word_1_8' title='bbox 787 210 822 238; x_wconf 85' lang='lat' dir='ltr'><strong>ob</strong></span> <span class='ocrx_word' id='word_1_9' title='bbox 842 207 1017 244; x_wconf 90' lang='lat' dir='ltr'><strong>partitionem</strong></span> <span class='ocrx_word' id='word_1_10' title='bbox 1044 213 1105 242; x_wconf 92' lang='lat' dir='ltr'><strong>pro-</strong></span> 
     </span>
    </p>
   </div>
   <div class='ocr_carea' id='block_1_5' title="bbox 1155 199 1950 247">
    <p class='ocr_par' dir='ltr' id='par_1_5' title="bbox 1160 199 1950 239">
     <span class='ocr_line' id='line_1_5' title="bbox 1160 199 1950 239; baseline -0.005 -8"><span class='ocrx_word' id='word_1_11' title='bbox 1160 204 1209 231; x_wconf 80' lang='grc' dir='ltr'><strong>καὶ</strong></span> <span class='ocrx_word' id='word_1_12' title='bbox 1225 204 1294 239; x_wconf 74' lang='grc' dir='ltr'>πρὸς</span> <span class='ocrx_word' id='word_1_13' title='bbox 1308 202 1415 234; x_wconf 77' lang='grc' dir='ltr'><strong>τούτοις</strong></span> <span class='ocrx_word' id='word_1_14' title='bbox 1432 201 1481 236; x_wconf 81' lang='grc' dir='ltr'>τὴν</span> <span class='ocrx_word' id='word_1_15' title='bbox 1500 201 1612 236; x_wconf 76' lang='grc' dir='ltr'>Θρᾴκην</span> <span class='ocrx_word' id='word_1_16' title='bbox 1628 199 1679 227; x_wconf 79' lang='grc' dir='ltr'><strong>σὺν</strong></span> <span class='ocrx_word' id='word_1_17' title='bbox 1696 200 1728 235; x_wconf 77' lang='grc' dir='ltr'><strong>τῇ</strong></span> <span class='ocrx_word' id='word_1_18' title='bbox 1753 199 1832 226; x_wconf 77' lang='grc' dir='ltr'>πόλει</span> <span class='ocrx_word' id='word_1_19' title='bbox 1845 200 1878 235; x_wconf 77' lang='grc' dir='ltr'>τῇ</span> <span class='ocrx_word' id='word_1_20' title='bbox 1894 209 1950 227; x_wconf 77' lang='grc' dir='ltr'>πα-</span> 
     </span>
    </p>
   </div>
   <div class='ocr_carea' id='block_1_6' title="bbox 322 254 1109 294">
    <p class='ocr_par' dir='ltr' id='par_1_6' title="bbox 322 254 1109 294">
     <span class='ocr_line' id='line_1_6' title="bbox 322 254 1109 294; baseline -0.011 -5"><span class='ocrx_word' id='word_1_21' title='bbox 322 261 478 288; x_wconf 85' lang='lat' dir='ltr'><strong>vinciarnm</strong></span> <span class='ocrx_word' id='word_1_22' title='bbox 490 259 654 294; x_wconf 78' lang='lat' dir='ltr'><strong>expastulat,</strong></span> <span class='ocrx_word' id='word_1_23' title='bbox 674 262 790 291; x_wconf 85' lang='lat' dir='ltr'><strong>petens-,</strong></span> <span class='ocrx_word' id='word_1_24' title='bbox 807 261 838 283; x_wconf 91' lang='lat' dir='ltr'><strong>ut</strong></span> <span class='ocrx_word' id='word_1_25' title='bbox 858 260 906 282; x_wconf 89' lang='lat' dir='ltr'><strong>aut</strong></span> <span class='ocrx_word' id='word_1_26' title='bbox 930 260 1007 289; x_wconf 88' lang='lat' dir='ltr'><strong>parte</strong></span> <span class='ocrx_word' id='word_1_27' title='bbox 1033 254 1109 289; x_wconf 65' lang='lat' dir='ltr'><strong>regni</strong></span> 
     </span>
    </p>
   </div>
   <div class='ocr_carea' id='block_1_7' title="bbox 322 299 1110 339">
    <p class='ocr_par' dir='ltr' id='par_1_7' title="bbox 322 299 1110 339">
     <span class='ocr_line' id='line_1_7' title="bbox 322 299 1110 339; baseline -0.01 -5"><span class='ocrx_word' id='word_1_28' title='bbox 322 307 376 335; x_wconf 84' lang='lat' dir='ltr'><strong>sibi</strong></span> <span class='ocrx_word' id='word_1_29' title='bbox 390 307 481 338; x_wconf 75' lang='lat' dir='ltr'><strong>cedat,</strong></span> <span class='ocrx_word' id='word_1_30' title='bbox 494 310 541 332; x_wconf 89' lang='lat' dir='ltr'><strong>aut</strong></span> <span class='ocrx_word' id='word_1_31' title='bbox 554 304 663 339; x_wconf 83' lang='lat' dir='ltr'><strong>partitio</strong></span> <span class='ocrx_word' id='word_1_32' title='bbox 680 303 713 329; x_wconf 90' lang='lat' dir='ltr'><strong>de</strong></span> <span class='ocrx_word' id='word_1_33' title='bbox 727 303 834 337; x_wconf 76' lang='lat' dir='ltr'><strong>integro</strong></span> <span class='ocrx_word' id='word_1_34' title='bbox 858 301 1027 328; x_wconf 79' lang='lat' dir='ltr'><strong>instituatur.</strong></span> <span class='ocrx_word' id='word_1_35' title='bbox 1040 299 1110 327; x_wconf 90' lang='lat' dir='ltr'><strong>Cum</strong></span> 
     </span>
    </p>
   </div>
   <div class='ocr_carea' id='block_1_8' title="bbox 323 349 1110 385">
    <p class='ocr_par' dir='ltr' id='par_1_8' title="bbox 323 349 1110 385">
     <span class='ocr_line' id='line_1_8' title="bbox 323 349 1110 385; baseline -0.006 -6"><span class='ocrx_word' id='word_1_36' title='bbox 323 357 415 380; x_wconf 84' lang='lat' dir='ltr'><strong>autem</strong></span> <span class='ocrx_word' id='word_1_37' title='bbox 447 353 492 379; x_wconf 83' lang='lat' dir='ltr'><strong>ille</strong></span> <span class='ocrx_word' id='word_1_38' title='bbox 527 351 618 385; x_wconf 86' lang='lat' dir='ltr'><strong>priore</strong></span> <span class='ocrx_word' id='word_1_39' title='bbox 645 349 782 377; x_wconf 77' lang='lat' dir='ltr'><strong>divisione</strong></span> <span class='ocrx_word' id='word_1_40' title='bbox 807 349 943 377; x_wconf 83' lang='lat' dir='ltr'><strong>niteretur</strong></span> <span class='ocrx_word' id='word_1_41' title='bbox 961 368 968 381; x_wconf 88' lang='lat'><strong>,</strong></span> <span class='ocrx_word' id='word_1_42' title='bbox 995 353 1023 375; x_wconf 89' lang='lat' dir='ltr'><strong>et</strong></span> <span class='ocrx_word' id='word_1_43' title='bbox 1049 355 1110 382; x_wconf 68' lang='lat' dir='ltr'><strong>quae</strong></span> 
     </span>
    </p>
   </div>
   <div class='ocr_carea' id='block_1_9' title="bbox 322 394 1109 430">
    <p class='ocr_par' dir='ltr' id='par_1_9' title="bbox 322 394 1109 430">
     <span class='ocr_line' id='line_1_9' title="bbox 322 394 1109 430; baseline -0.008 -5"><span class='ocrx_word' id='word_1_44' title='bbox 322 399 491 425; x_wconf 82' lang='lat' dir='ltr'><strong>obvenerant</strong></span> <span class='ocrx_word' id='word_1_45' title='bbox 509 402 653 427; x_wconf 87' lang='lat' dir='ltr'><strong>tueretur,</strong></span> <span class='ocrx_word' id='word_1_46' title='bbox 680 403 769 430; x_wconf 87' lang='lat' dir='ltr'><strong>neque</strong></span> <span class='ocrx_word' id='word_1_47' title='bbox 795 395 873 422; x_wconf 80' lang='lat' dir='ltr'><strong>fratri</strong></span> <span class='ocrx_word' id='word_1_48' title='bbox 896 395 939 422; x_wconf 81' lang='lat' dir='ltr'><strong>vel</strong></span> <span class='ocrx_word' id='word_1_49' title='bbox 964 394 1109 421; x_wconf 89' lang='lat' dir='ltr'><strong>minimum</strong></span> 
     </span>
    </p>
   </div>
   <div class='ocr_carea' id='block_1_10' title="bbox 322 439 1110 474">
    <p class='ocr_par' dir='ltr' id='par_1_10' title="bbox 322 439 1110 474">
     <span class='ocr_line' id='line_1_10' title="bbox 322 439 1110 474; baseline -0.005 -4"><span class='ocrx_word' id='word_1_50' title='bbox 322 442 486 470; x_wconf 80' lang='lat' dir='ltr'><strong>concederet</strong></span> <span class='ocrx_word' id='word_1_51' title='bbox 502 452 508 469; x_wconf 88' lang='lat'>:</span> <span class='ocrx_word' id='word_1_52' title='bbox 524 442 729 473; x_wconf 70' lang='lat' dir='ltr'><strong>Constantinus,</strong></span> <span class='ocrx_word' id='word_1_53' title='bbox 746 442 829 468; x_wconf 83' lang='lat' dir='ltr'><strong>armis</strong></span> <span class='ocrx_word' id='word_1_54' title='bbox 851 439 978 474; x_wconf 80' lang='lat' dir='ltr'><strong>arreptis,</strong></span> <span class='ocrx_word' id='word_1_55' title='bbox 1001 439 1110 472; x_wconf 86' lang='lat' dir='ltr'><strong>provin-</strong></span> 
     </span>
    </p>
   </div>
   <div class='ocr_carea' id='block_1_11' title="bbox 322 487 1108 521">
    <p class='ocr_par' dir='ltr' id='par_1_11' title="bbox 322 487 1108 521">
     <span class='ocr_line' id='line_1_11' title="bbox 322 487 1108 521; baseline -0.004 -6"><span class='ocrx_word' id='word_1_56' title='bbox 322 489 380 516; x_wconf 87' lang='lat' dir='ltr'><strong>cias</strong></span> <span class='ocrx_word' id='word_1_57' title='bbox 395 489 555 516; x_wconf 84' lang='lat' dir='ltr'><strong>Constantis</strong></span> <span class='ocrx_word' id='word_1_58' title='bbox 576 488 689 515; x_wconf 81' lang='lat' dir='ltr'><strong>invadit.</strong></span> <span class='ocrx_word' id='word_1_59' title='bbox 708 487 759 521; x_wconf 86' lang='lat' dir='ltr'><strong>Qui</strong></span> <span class='ocrx_word' id='word_1_60' title='bbox 780 492 836 514; x_wconf 90' lang='lat' dir='ltr'><strong>tum</strong></span> <span class='ocrx_word' id='word_1_61' title='bbox 853 487 880 513; x_wconf 92' lang='lat' dir='ltr'><strong>in</strong></span> <span class='ocrx_word' id='word_1_62' title='bbox 895 487 976 513; x_wconf 81' lang='lat' dir='ltr'><strong>Dacia</strong></span> <span class='ocrx_word' id='word_1_63' title='bbox 1003 493 1087 520; x_wconf 81' lang='lat' dir='ltr'><strong>agens</strong></span> <span class='ocrx_word' id='word_1_64' title='bbox 1101 506 1108 517; x_wconf 90' lang='lat'><strong>,</strong></span> 
     </span>
    </p>
   </div>
   <div class='ocr_carea' id='block_1_12' title="bbox 325 532 1108 568">
    <p class='ocr_par' dir='ltr' id='par_1_12' title="bbox 325 532 1108 568">
     <span class='ocr_line' id='line_1_12' title="bbox 325 532 1108 568; baseline -0.005 -7"><span class='ocrx_word' id='word_1_65' title='bbox 325 539 402 561; x_wconf 90' lang='lat' dir='ltr'><strong>motu</strong></span> <span class='ocrx_word' id='word_1_66' title='bbox 421 534 467 562; x_wconf 89' lang='lat' dir='ltr'><strong>illo</strong></span> <span class='ocrx_word' id='word_1_67' title='bbox 484 535 604 568; x_wconf 75' lang='lat' dir='ltr'><strong>cognito,</strong></span> <span class='ocrx_word' id='word_1_68' title='bbox 646 534 731 561; x_wconf 86' lang='lat' dir='ltr'><strong>duces</strong></span> <span class='ocrx_word' id='word_1_69' title='bbox 765 541 827 560; x_wconf 91' lang='lat' dir='ltr'><strong>cum</strong></span> <span class='ocrx_word' id='word_1_70' title='bbox 857 532 980 559; x_wconf 74' lang='lat' dir='ltr'><strong>exercitu</strong></span> <span class='ocrx_word' id='word_1_71' title='bbox 1014 535 1108 558; x_wconf 88' lang='lat' dir='ltr'><strong>contra</strong></span> 
     </span>
    </p>
   </div>
   <div class='ocr_carea' id='block_1_13' title="bbox 321 576 1108 614">
    <p class='ocr_par' dir='ltr' id='par_1_13' title="bbox 321 576 1108 614">
     <span class='ocr_line' id='line_1_13' title="bbox 321 576 1108 614; baseline -0.006 -8"><span class='ocrx_word' id='word_1_72' title='bbox 321 587 385 606; x_wconf 87' lang='lat' dir='ltr'><strong>eum</strong></span> <span class='ocrx_word' id='word_1_73' title='bbox 403 580 498 612; x_wconf 85' lang='lat' dir='ltr'><strong>mittit,</strong></span> <span class='ocrx_word' id='word_1_74' title='bbox 513 580 570 614; x_wconf 86' lang='lat' dir='ltr'><strong>ipse</strong></span> <span class='ocrx_word' id='word_1_75' title='bbox 587 587 650 606; x_wconf 77' lang='lat' dir='ltr'><strong>mox</strong></span> <span class='ocrx_word' id='word_1_76' title='bbox 669 587 731 606; x_wconf 86' lang='lat' dir='ltr'><strong>cum</strong></span> <span class='ocrx_word' id='word_1_77' title='bbox 756 578 906 613; x_wconf 85' lang='lat' dir='ltr'><strong>majoribus</strong></span> <span class='ocrx_word' id='word_1_78' title='bbox 919 576 1006 611; x_wconf 85' lang='lat' dir='ltr'><strong>copiis</strong></span> <span class='ocrx_word' id='word_1_79' title='bbox 1029 582 1108 602; x_wconf 86' lang='lat' dir='ltr'><strong>secu-</strong></span> 
     </span>
    </p>
   </div>
   <div class='ocr_carea' id='block_1_14' title="bbox 324 619 1109 657">
    <p class='ocr_par' dir='ltr' id='par_1_14' title="bbox 324 619 1109 657">
     <span class='ocr_line' id='line_1_14' title="bbox 324 619 1109 657; baseline -0.004 -7"><span class='ocrx_word' id='word_1_80' title='bbox 324 629 412 651; x_wconf 85' lang='lat' dir='ltr'><strong>turus.</strong></span> <span class='ocrx_word' id='word_1_81' title='bbox 427 625 479 656; x_wconf 83' lang='lat' dir='ltr'><strong>Qui</strong></span> <span class='ocrx_word' id='word_1_82' title='bbox 496 624 572 652; x_wconf 85' lang='lat' dir='ltr'><strong>missi</strong></span> <span class='ocrx_word' id='word_1_83' title='bbox 585 628 674 655; x_wconf 87' lang='lat' dir='ltr'><strong>erant,</strong></span> <span class='ocrx_word' id='word_1_84' title='bbox 689 631 752 651; x_wconf 89' lang='lat' dir='ltr'><strong>cum</strong></span> <span class='ocrx_word' id='word_1_85' title='bbox 775 631 870 657; x_wconf 75' lang='lat' dir='ltr'><strong>parum</strong></span> <span class='ocrx_word' id='word_1_86' title='bbox 892 630 907 649; x_wconf 87' lang='lat' dir='ltr'><strong>a</strong></span> <span class='ocrx_word' id='word_1_87' title='bbox 925 619 1109 649; x_wconf 76' lang='lat' dir='ltr'><strong>Constantino</strong></span> 
     </span>
    </p>
   </div>
   <div class='ocr_carea' id='block_1_15' title="bbox 322 669 1107 704">
    <p class='ocr_par' dir='ltr' id='par_1_15' title="bbox 322 669 1107 704">
     <span class='ocr_line' id='line_1_15' title="bbox 322 669 1107 704; baseline -0.003 -7"><span class='ocrx_word' id='word_1_88' title='bbox 322 670 463 702; x_wconf 87' lang='lat' dir='ltr'><strong>abessent,</strong></span> <span class='ocrx_word' id='word_1_89' title='bbox 478 670 592 698; x_wconf 89' lang='lat' dir='ltr'><strong>insidias</strong></span> <span class='ocrx_word' id='word_1_90' title='bbox 612 671 702 697; x_wconf 81' lang='lat' dir='ltr'><strong>locant</strong></span> <span class='ocrx_word' id='word_1_91' title='bbox 716 678 724 696; x_wconf 69' lang='grc' dir='ltr'><strong>τ</strong></span> <span class='ocrx_word' id='word_1_92' title='bbox 744 677 889 704; x_wconf 79' lang='lat' dir='ltr'><strong>pugnaque</strong></span> <span class='ocrx_word' id='word_1_93' title='bbox 913 669 979 695; x_wconf 88' lang='lat' dir='ltr'><strong>inita</strong></span> <span class='ocrx_word' id='word_1_94' title='bbox 993 689 1000 700; x_wconf 89' lang='lat'><strong>,</strong></span> <span class='ocrx_word' id='word_1_95' title='bbox 1015 669 1107 704; x_wconf 78' lang='lat' dir='ltr'><strong>fugam</strong></span> 
     </span>
    </p>
   </div>
   <div class='ocr_carea' id='block_1_16' title="bbox 322 715 1109 750">
    <p class='ocr_par' dir='ltr' id='par_1_16' title="bbox 322 715 1109 750">
     <span class='ocr_line' id='line_1_16' title="bbox 322 715 1109 750; baseline 0.001 -8"><span class='ocrx_word' id='word_1_96' title='bbox 322 716 463 743; x_wconf 81' lang='lat' dir='ltr'><strong>simulant.</strong></span> <span class='ocrx_word' id='word_1_97' title='bbox 484 716 558 749; x_wconf 86' lang='lat' dir='ltr'><strong>Quos</strong></span> <span class='ocrx_word' id='word_1_98' title='bbox 573 736 580 748; x_wconf 91' lang='lat'><strong>,</strong></span> <span class='ocrx_word' id='word_1_99' title='bbox 602 717 666 743; x_wconf 92' lang='lat' dir='ltr'><strong>dum</strong></span> <span class='ocrx_word' id='word_1_100' title='bbox 693 715 864 743; x_wconf 84' lang='lat' dir='ltr'><strong>Constantini</strong></span> <span class='ocrx_word' id='word_1_101' title='bbox 890 715 992 743; x_wconf 83' lang='lat' dir='ltr'><strong>milites</strong></span> <span class='ocrx_word' id='word_1_102' title='bbox 1015 723 1109 750; x_wconf 88' lang='lat' dir='ltr'><strong>perse-</strong></span> 
     </span>
    </p>
   </div>
   <div class='ocr_carea' id='block_1_17' title="bbox 320 762 1109 796">
    <p class='ocr_par' dir='ltr' id='par_1_17' title="bbox 320 762 1109 796">
     <span class='ocr_line' id='line_1_17' title="bbox 320 762 1109 796; baseline 0 -7"><span class='ocrx_word' id='word_1_103' title='bbox 320 768 455 796; x_wconf 88' lang='lat' dir='ltr'><strong>quuntur,</strong></span> <span class='ocrx_word' id='word_1_104' title='bbox 471 763 517 796; x_wconf 89' lang='lat' dir='ltr'><strong>qui</strong></span> <span class='ocrx_word' id='word_1_105' title='bbox 536 763 563 789; x_wconf 91' lang='lat' dir='ltr'><strong>in</strong></span> <span class='ocrx_word' id='word_1_106' title='bbox 580 763 687 789; x_wconf 80' lang='lat' dir='ltr'><strong>insidiis</strong></span> <span class='ocrx_word' id='word_1_107' title='bbox 703 763 827 789; x_wconf 86' lang='lat' dir='ltr'><strong>collocati</strong></span> <span class='ocrx_word' id='word_1_108' title='bbox 847 762 977 794; x_wconf 84' lang='lat' dir='ltr'><strong>fuerant,</strong></span> <span class='ocrx_word' id='word_1_109' title='bbox 1001 769 1015 789; x_wconf 91' lang='lat' dir='ltr'><strong>a</strong></span> <span class='ocrx_word' id='word_1_110' title='bbox 1033 767 1109 796; x_wconf 75' lang='lat' dir='ltr'><strong>tergo</strong></span> 
     </span>
    </p>
   </div>
   <div class='ocr_carea' id='block_1_18' title="bbox 321 806 1109 842">
    <p class='ocr_par' dir='ltr' id='par_1_18' title="bbox 321 806 1109 842">
     <span class='ocr_line' id='line_1_18' title="bbox 321 806 1109 842; baseline 0.004 -9"><span class='ocrx_word' id='word_1_111' title='bbox 321 806 465 834; x_wconf 88' lang='lat' dir='ltr'><strong>imadunt.</strong></span> <span class='ocrx_word' id='word_1_112' title='bbox 482 807 527 834; x_wconf 91' lang='lat' dir='ltr'><strong>Sic</strong></span> <span class='ocrx_word' id='word_1_113' title='bbox 545 807 711 842; x_wconf 80' lang='lat' dir='ltr'><strong>fugientibus</strong></span> <span class='ocrx_word' id='word_1_114' title='bbox 729 809 779 842; x_wconf 79' lang='lat'><strong>12</strong></span> <span class='ocrx_word' id='word_1_115' title='bbox 802 808 884 835; x_wconf 84' lang='lat' dir='ltr'><strong>etiam</strong></span> <span class='ocrx_word' id='word_1_116' title='bbox 903 809 1044 836; x_wconf 90' lang='lat' dir='ltr'><strong>conversis</strong></span> <span class='ocrx_word' id='word_1_117' title='bbox 1058 829 1065 839; x_wconf 90' lang='lat'><strong>,</strong></span> <span class='ocrx_word' id='word_1_118' title='bbox 1082 808 1109 836; x_wconf 91' lang='lat' dir='ltr'><strong>in</strong></span> 
     </span>
    </p>
   </div>
   <div class='ocr_carea' id='block_1_19' title="bbox 320 852 1107 889">
    <p class='ocr_par' dir='ltr' id='par_1_19' title="bbox 320 852 1107 889">
     <span class='ocr_line' id='line_1_19' title="bbox 320 852 1107 889; baseline 0.003 -10"><span class='ocrx_word' id='word_1_119' title='bbox 320 852 412 879; x_wconf 85' lang='lat' dir='ltr'><strong>medio</strong></span> <span class='ocrx_word' id='word_1_120' title='bbox 425 852 542 880; x_wconf 89' lang='lat' dir='ltr'><strong>duorum</strong></span> <span class='ocrx_word' id='word_1_121' title='bbox 558 854 730 880; x_wconf 68' lang='lat' dir='ltr'><strong>emrcituum</strong></span> <span class='ocrx_word' id='word_1_122' title='bbox 757 854 922 888; x_wconf 79' lang='lat' dir='ltr'><strong>intercepti,</strong></span> <span class='ocrx_word' id='word_1_123' title='bbox 952 862 1049 889; x_wconf 81' lang='lat' dir='ltr'><strong>magna</strong></span> <span class='ocrx_word' id='word_1_124' title='bbox 1074 862 1107 881; x_wconf 84' lang='lat' dir='ltr'><strong>ex</strong></span> 
     </span>
    </p>
   </div>
   <div class='ocr_carea' id='block_1_20' title="bbox 320 897 1105 932">
    <p class='ocr_par' dir='ltr' id='par_1_20' title="bbox 320 897 1105 932">
     <span class='ocr_line' id='line_1_20' title="bbox 320 897 1105 932; baseline 0.004 -9"><span class='ocrx_word' id='word_1_125' title='bbox 320 902 398 931; x_wconf 83' lang='lat' dir='ltr'><strong>parte</strong></span> <span class='ocrx_word' id='word_1_126' title='bbox 417 897 529 929; x_wconf 80' lang='lat' dir='ltr'><strong>cadunt,</strong></span> <span class='ocrx_word' id='word_1_127' title='bbox 550 898 609 932; x_wconf 85' lang='lat' dir='ltr'><strong>ipso</strong></span> <span class='ocrx_word' id='word_1_128' title='bbox 634 899 715 925; x_wconf 85' lang='lat' dir='ltr'><strong>etiam</strong></span> <span class='ocrx_word' id='word_1_129' title='bbox 741 898 922 925; x_wconf 84' lang='lat' dir='ltr'><strong>Constantino</strong></span> <span class='ocrx_word' id='word_1_130' title='bbox 949 899 1105 926; x_wconf 82' lang='lat' dir='ltr'><strong>inlcrfccw.</strong></span> 
     </span>
    </p>
   </div>
   <div class='ocr_carea' id='block_1_21' title="bbox 319 942 1106 978">
    <p class='ocr_par' dir='ltr' id='par_1_21' title="bbox 319 942 1106 978">
     <span class='ocr_line' id='line_1_21' title="bbox 319 942 1106 978; baseline 0.003 -9"><span class='ocrx_word' id='word_1_131' title='bbox 319 942 388 970; x_wconf 83' lang='lat' dir='ltr'><strong>Nam</strong></span> <span class='ocrx_word' id='word_1_132' title='bbox 403 951 475 978; x_wconf 84' lang='lat' dir='ltr'><strong>equo</strong></span> <span class='ocrx_word' id='word_1_133' title='bbox 492 945 647 974; x_wconf 82' lang='lat' dir='ltr'><strong>vulnerato.</strong></span> <span class='ocrx_word' id='word_1_134' title='bbox 666 949 692 972; x_wconf 81' lang='lat' dir='ltr'><strong>et</strong></span> <span class='ocrx_word' id='word_1_135' title='bbox 708 953 741 971; x_wconf 82' lang='lat' dir='ltr'><strong>ex</strong></span> <span class='ocrx_word' id='word_1_136' title='bbox 758 945 873 971; x_wconf 77' lang='lat' dir='ltr'><strong>vulnere</strong></span> <span class='ocrx_word' id='word_1_137' title='bbox 891 945 1016 975; x_wconf 71' lang='lat' dir='ltr'><strong>cﬂerato.</strong></span> <span class='ocrx_word' id='word_1_138' title='bbox 1040 944 1106 971; x_wconf 84' lang='lat' dir='ltr'><strong>sella</strong></span> 
     </span>
    </p>
   </div>
   <div class='ocr_carea' id='block_1_22' title="bbox 319 990 1106 1024">
    <p class='ocr_par' dir='ltr' id='par_1_22' title="bbox 319 990 1106 1024">
     <span class='ocr_line' id='line_1_22' title="bbox 319 990 1106 1024; baseline 0.004 -9"><span class='ocrx_word' id='word_1_139' title='bbox 319 997 462 1022; x_wconf 72' lang='lat' dir='ltr'><strong>excussus,</strong></span> <span class='ocrx_word' id='word_1_140' title='bbox 478 990 572 1017; x_wconf 89' lang='lat' dir='ltr'><strong>multis</strong></span> <span class='ocrx_word' id='word_1_141' title='bbox 581 991 746 1017; x_wconf 87' lang='lat' dir='ltr'><strong>vulneribus</strong></span> <span class='ocrx_word' id='word_1_142' title='bbox 761 990 909 1018; x_wconf 79' lang='lat' dir='ltr'><strong>coniicitur</strong></span> <span class='ocrx_word' id='word_1_143' title='bbox 923 999 928 1017; x_wconf 95' lang='lat'>:</span> <span class='ocrx_word' id='word_1_144' title='bbox 945 998 1036 1024; x_wconf 82' lang='lat' dir='ltr'><strong>neque</strong></span> <span class='ocrx_word' id='word_1_145' title='bbox 1049 991 1106 1018; x_wconf 91' lang='lat' dir='ltr'><strong>voti</strong></span> 
     </span>
    </p>
   </div>
   <div class='ocr_carea' id='block_1_23' title="bbox 319 1035 1107 1072">
    <p class='ocr_par' dir='ltr' id='par_1_23' title="bbox 319 1035 1107 1072">
     <span class='ocr_line' id='line_1_23' title="bbox 319 1035 1107 1072; baseline 0.004 -11"><span class='ocrx_word' id='word_1_146' title='bbox 319 1042 432 1070; x_wconf 87' lang='lat' dir='ltr'><strong>compos</strong></span> <span class='ocrx_word' id='word_1_147' title='bbox 447 1035 547 1068; x_wconf 81' lang='lat' dir='ltr'><strong>factus,</strong></span> <span class='ocrx_word' id='word_1_148' title='bbox 561 1042 588 1064; x_wconf 89' lang='lat' dir='ltr'><strong>et</strong></span> <span class='ocrx_word' id='word_1_149' title='bbox 606 1037 669 1072; x_wconf 89' lang='lat' dir='ltr'><strong>quia</strong></span> <span class='ocrx_word' id='word_1_150' title='bbox 687 1037 797 1072; x_wconf 75' lang='lat' dir='ltr'><strong>injuria:</strong></span> <span class='ocrx_word' id='word_1_151' title='bbox 811 1037 901 1064; x_wconf 85' lang='lat' dir='ltr'><strong>fuerat</strong></span> <span class='ocrx_word' id='word_1_152' title='bbox 915 1041 1024 1069; x_wconf 86' lang='lat' dir='ltr'><strong>auctor,</strong></span> <span class='ocrx_word' id='word_1_153' title='bbox 1039 1045 1107 1072; x_wconf 67' lang='lat' dir='ltr'><strong>prae-</strong></span> 
     </span>
    </p>
   </div>
   <div class='ocr_carea' id='block_1_24' title="bbox 321 1081 1107 1119">
    <p class='ocr_par' dir='ltr' id='par_1_24' title="bbox 321 1081 1107 1119">
     <span class='ocr_line' id='line_1_24' title="bbox 321 1081 1107 1119; baseline 0.008 -13"><span class='ocrx_word' id='word_1_154' title='bbox 321 1084 362 1107; x_wconf 92' lang='lat' dir='ltr'><strong>ter</strong></span> <span class='ocrx_word' id='word_1_155' title='bbox 378 1081 515 1115; x_wconf 85' lang='lat' dir='ltr'><strong>jacturam</strong></span> <span class='ocrx_word' id='word_1_156' title='bbox 530 1083 572 1109; x_wconf 90' lang='lat' dir='ltr'><strong>sui</strong></span> <span class='ocrx_word' id='word_1_157' title='bbox 594 1082 701 1117; x_wconf 84' lang='lat' dir='ltr'><strong>imperii</strong></span> <span class='ocrx_word' id='word_1_158' title='bbox 734 1083 789 1110; x_wconf 88' lang='lat' dir='ltr'><strong>vita</strong></span> <span class='ocrx_word' id='word_1_159' title='bbox 804 1083 888 1110; x_wconf 86' lang='lat' dir='ltr'><strong>etiam</strong></span> <span class='ocrx_word' id='word_1_160' title='bbox 904 1083 1040 1119; x_wconf 85' lang='lat' dir='ltr'><strong>privatus.</strong></span> <span class='ocrx_word' id='word_1_161' title='bbox 1061 1084 1107 1112; x_wconf 87' lang='lat' dir='ltr'><strong>Sic</strong></span> 
     </span>
    </p>
   </div>
   <div class='ocr_carea' id='block_1_25' title="bbox 319 1126 1106 1164">
    <p class='ocr_par' dir='ltr' id='par_1_25' title="bbox 319 1126 1106 1164">
     <span class='ocr_line' id='line_1_25' title="bbox 319 1126 1106 1164; baseline 0.008 -12"><span class='ocrx_word' id='word_1_162' title='bbox 319 1126 485 1154; x_wconf 78' lang='lat' dir='ltr'><strong>occidentali</strong></span> <span class='ocrx_word' id='word_1_163' title='bbox 510 1136 595 1162; x_wconf 74' lang='lat' dir='ltr'><strong>regno</strong></span> <span class='ocrx_word' id='word_1_164' title='bbox 618 1128 651 1155; x_wconf 90' lang='lat' dir='ltr'><strong>ad</strong></span> <span class='ocrx_word' id='word_1_165' title='bbox 665 1137 750 1155; x_wconf 92' lang='lat' dir='ltr'><strong>unum</strong></span> <span class='ocrx_word' id='word_1_166' title='bbox 769 1129 947 1157; x_wconf 87' lang='lat' dir='ltr'><strong>Constantem</strong></span> <span class='ocrx_word' id='word_1_167' title='bbox 963 1130 1106 1164; x_wconf 89' lang='lat' dir='ltr'><strong>devoluto,</strong></span> 
     </span>
    </p>
   </div>
   <div class='ocr_carea' id='block_1_26' title="bbox 319 1172 1106 1211">
    <p class='ocr_par' dir='ltr' id='par_1_26' title="bbox 319 1172 1106 1211">
     <span class='ocr_line' id='line_1_26' title="bbox 319 1172 1106 1211; baseline 0.009 -13"><span class='ocrx_word' id='word_1_168' title='bbox 319 1172 343 1199; x_wconf 83' lang='lat' dir='ltr'><strong>is</strong></span> <span class='ocrx_word' id='word_1_169' title='bbox 356 1175 438 1199; x_wconf 87' lang='lat' dir='ltr'><strong>etiam</strong></span> <span class='ocrx_word' id='word_1_170' title='bbox 456 1174 582 1201; x_wconf 82' lang='lat' dir='ltr'><strong>nefandis</strong></span> <span class='ocrx_word' id='word_1_171' title='bbox 596 1174 739 1202; x_wconf 83' lang='lat' dir='ltr'><strong>amoribus</strong></span> <span class='ocrx_word' id='word_1_172' title='bbox 756 1175 924 1209; x_wconf 78' lang='lat' dir='ltr'><strong>implicatus,</strong></span> <span class='ocrx_word' id='word_1_173' title='bbox 942 1181 970 1204; x_wconf 88' lang='lat' dir='ltr'><strong>et</strong></span> <span class='ocrx_word' id='word_1_174' title='bbox 992 1185 1106 1211; x_wconf 87' lang='lat' dir='ltr'><strong>perver-</strong></span> 
     </span>
    </p>
   </div>
   <div class='ocr_carea' id='block_1_27' title="bbox 318 1218 1108 1257">
    <p class='ocr_par' dir='ltr' id='par_1_27' title="bbox 318 1218 1108 1257">
     <span class='ocr_line' id='line_1_27' title="bbox 318 1218 1108 1257; baseline 0.008 -13"><span class='ocrx_word' id='word_1_175' title='bbox 318 1225 376 1244; x_wconf 76' lang='lat' dir='ltr'><strong>sam</strong></span> <span class='ocrx_word' id='word_1_176' title='bbox 393 1218 454 1245; x_wconf 70' lang='lat' dir='ltr'><strong>vita:</strong></span> <span class='ocrx_word' id='word_1_177' title='bbox 470 1219 604 1246; x_wconf 88' lang='lat' dir='ltr'><strong>rationem</strong></span> <span class='ocrx_word' id='word_1_178' title='bbox 620 1225 742 1250; x_wconf 87' lang='lat' dir='ltr'><strong>secutus.</strong></span> <span class='ocrx_word' id='word_1_179' title='bbox 761 1221 870 1248; x_wconf 85' lang='lat' dir='ltr'><strong>insidiis</strong></span> <span class='ocrx_word' id='word_1_180' title='bbox 890 1222 1040 1257; x_wconf 78' lang='lat' dir='ltr'><strong>Magnentii</strong></span> <span class='ocrx_word' id='word_1_181' title='bbox 1056 1223 1108 1249; x_wconf 80' lang='lat' dir='ltr'><strong>mi-</strong></span> 
     </span>
    </p>
   </div>
   <div class='ocr_carea' id='block_1_28' title="bbox 318 1264 1107 1303">
    <p class='ocr_par' dir='ltr' id='par_1_28' title="bbox 318 1264 1107 1303">
     <span class='ocr_line' id='line_1_28' title="bbox 318 1264 1107 1303; baseline 0.008 -13"><span class='ocrx_word' id='word_1_182' title='bbox 318 1264 476 1292; x_wconf 84' lang='lat' dir='ltr'><strong>serabiliter</strong></span> <span class='ocrx_word' id='word_1_183' title='bbox 489 1266 571 1300; x_wconf 85' lang='lat' dir='ltr'><strong>periit</strong></span> <span class='ocrx_word' id='word_1_184' title='bbox 587 1276 594 1294; x_wconf 86' lang='lat'><strong>:</strong></span> <span class='ocrx_word' id='word_1_185' title='bbox 609 1275 690 1302; x_wconf 86' lang='lat' dir='ltr'><strong>quem</strong></span> <span class='ocrx_word' id='word_1_186' title='bbox 705 1268 890 1303; x_wconf 82' lang='lat' dir='ltr'><strong>Magnentium</strong></span> <span class='ocrx_word' id='word_1_187' title='bbox 905 1275 920 1295; x_wconf 81' lang='grc' dir='ltr'><strong>ο</strong></span> <span class='ocrx_word' id='word_1_188' title='bbox 931 1269 1048 1296; x_wconf 90' lang='lat' dir='ltr'><strong>militum</strong></span> <span class='ocrx_word' id='word_1_189' title='bbox 1063 1276 1107 1296; x_wconf 88' lang='lat' dir='ltr'><strong>se-</strong></span> 
     </span>
    </p>
   </div>
   <div class='ocr_carea' id='block_1_29' title="bbox 317 1309 1107 1350">
    <p class='ocr_par' dir='ltr' id='par_1_29' title="bbox 317 1309 1107 1350">
     <span class='ocr_line' id='line_1_29' title="bbox 317 1309 1107 1350; baseline 0.008 -14"><span class='ocrx_word' id='word_1_190' title='bbox 317 1309 435 1341; x_wconf 86' lang='lat' dir='ltr'><strong>ditione,</strong></span> <span class='ocrx_word' id='word_1_191' title='bbox 459 1312 572 1342; x_wconf 65' lang='lat' dir='ltr'><strong>strictis.</strong></span> <span class='ocrx_word' id='word_1_192' title='bbox 585 1313 641 1348; x_wconf 91' lang='lat' dir='ltr'><strong>jam</strong></span> <span class='ocrx_word' id='word_1_193' title='bbox 666 1314 765 1348; x_wconf 76' lang='lat' dir='ltr'><strong>gladiis</strong></span> <span class='ocrx_word' id='word_1_194' title='bbox 786 1314 813 1341; x_wconf 94' lang='lat' dir='ltr'><strong>in</strong></span> <span class='ocrx_word' id='word_1_195' title='bbox 829 1322 924 1341; x_wconf 89' lang='lat' dir='ltr'><strong>necem</strong></span> <span class='ocrx_word' id='word_1_196' title='bbox 945 1315 1006 1350; x_wconf 84' lang='lat' dir='ltr'><strong>ejus</strong></span> <span class='ocrx_word' id='word_1_197' title='bbox 1024 1323 1107 1342; x_wconf 87' lang='lat' dir='ltr'><strong>ruen-</strong></span> 
     </span>
    </p>
   </div>
   <div class='ocr_carea' id='block_1_30' title="bbox 318 1355 1106 1395">
    <p class='ocr_par' dir='ltr' id='par_1_30' title="bbox 318 1355 1106 1395">
     <span class='ocr_line' id='line_1_30' title="bbox 318 1355 1106 1395; baseline 0.009 -14"><span class='ocrx_word' id='word_1_198' title='bbox 318 1355 398 1387; x_wconf 88' lang='lat' dir='ltr'><strong>tium,</strong></span> <span class='ocrx_word' id='word_1_199' title='bbox 415 1357 567 1391; x_wconf 84' lang='lat' dir='ltr'><strong>eripuerat.</strong></span> <span class='ocrx_word' id='word_1_200' title='bbox 591 1359 658 1386; x_wconf 88' lang='lat' dir='ltr'><strong>Dum</strong></span> <span class='ocrx_word' id='word_1_201' title='bbox 680 1360 739 1388; x_wconf 68' lang='lat' dir='ltr'><strong>haec</strong></span> <span class='ocrx_word' id='word_1_202' title='bbox 761 1366 906 1395; x_wconf 81' lang='lat' dir='ltr'><strong>geruntur,</strong></span> <span class='ocrx_word' id='word_1_203' title='bbox 928 1360 1106 1389; x_wconf 80' lang='lat' dir='ltr'><strong>Constantius</strong></span> 
     </span>
    </p>
   </div>
   <div class='ocr_carea' id='block_1_31' title="bbox 319 1400 1104 1442">
    <p class='ocr_par' dir='ltr' id='par_1_31' title="bbox 319 1400 1104 1442">
     <span class='ocr_line' id='line_1_31' title="bbox 319 1400 1104 1442; baseline 0.009 -15"><span class='ocrx_word' id='word_1_204' title='bbox 319 1400 348 1427; x_wconf 93' lang='lat' dir='ltr'><strong>in</strong></span> <span class='ocrx_word' id='word_1_205' title='bbox 363 1401 486 1434; x_wconf 81' lang='lat' dir='ltr'><strong>Oriente,</strong></span> <span class='ocrx_word' id='word_1_206' title='bbox 505 1412 568 1432; x_wconf 77' lang='lat' dir='ltr'><strong>cum</strong></span> <span class='ocrx_word' id='word_1_207' title='bbox 590 1405 737 1433; x_wconf 82' lang='lat' dir='ltr'><strong>Persarum</strong></span> <span class='ocrx_word' id='word_1_208' title='bbox 764 1414 829 1442; x_wconf 83' lang='lat' dir='ltr'><strong>rege</strong></span> <span class='ocrx_word' id='word_1_209' title='bbox 856 1406 962 1442; x_wconf 88' lang='lat' dir='ltr'><strong>Sapore</strong></span> <span class='ocrx_word' id='word_1_210' title='bbox 989 1412 1104 1442; x_wconf 79' lang='lat' dir='ltr'><strong>pugnat,</strong></span> 
     </span>
    </p>
   </div>
   <div class='ocr_carea' id='block_1_32' title="bbox 319 1447 1103 1488">
    <p class='ocr_par' dir='ltr' id='par_1_32' title="bbox 319 1447 1103 1488">
     <span class='ocr_line' id='line_1_32' title="bbox 319 1447 1103 1488; baseline 0.01 -15"><span class='ocrx_word' id='word_1_211' title='bbox 319 1447 377 1474; x_wconf 82' lang='lat' dir='ltr'><strong>tilio</strong></span> <span class='ocrx_word' id='word_1_212' title='bbox 391 1448 497 1481; x_wconf 86' lang='lat' dir='ltr'><strong>Narsei,</strong></span> <span class='ocrx_word' id='word_1_213' title='bbox 511 1459 606 1478; x_wconf 90' lang='lat' dir='ltr'><strong>verum</strong></span> <span class='ocrx_word' id='word_1_214' title='bbox 627 1460 660 1478; x_wconf 82' lang='lat' dir='ltr'><strong>ex</strong></span> <span class='ocrx_word' id='word_1_215' title='bbox 678 1452 789 1486; x_wconf 73' lang='lat' dir='ltr'><strong>ignobili</strong></span> <span class='ocrx_word' id='word_1_216' title='bbox 816 1454 932 1480; x_wconf 84' lang='lat' dir='ltr'><strong>muliere</strong></span> <span class='ocrx_word' id='word_1_217' title='bbox 950 1459 1103 1488; x_wconf 83' lang='lat' dir='ltr'><strong>procreato.</strong></span> 
     </span>
    </p>
   </div>
   <div class='ocr_carea' id='block_1_33' title="bbox 318 1492 1103 1534">
    <p class='ocr_par' dir='ltr' id='par_1_33' title="bbox 318 1492 1103 1534">
     <span class='ocr_line' id='line_1_33' title="bbox 318 1492 1103 1534; baseline 0.01 -15"><span class='ocrx_word' id='word_1_218' title='bbox 318 1492 386 1519; x_wconf 87' lang='lat' dir='ltr'><strong>Nam</strong></span> <span class='ocrx_word' id='word_1_219' title='bbox 410 1494 432 1521; x_wconf 88' lang='lat' dir='ltr'><strong>is</strong></span> <span class='ocrx_word' id='word_1_220' title='bbox 457 1503 471 1522; x_wconf 90' lang='lat' dir='ltr'><strong>e</strong></span> <span class='ocrx_word' id='word_1_221' title='bbox 495 1496 620 1531; x_wconf 89' lang='lat' dir='ltr'><strong>principe</strong></span> <span class='ocrx_word' id='word_1_222' title='bbox 643 1505 727 1524; x_wconf 72' lang='lat' dir='ltr'><strong>usuro</strong></span> <span class='ocrx_word' id='word_1_223' title='bbox 752 1502 807 1525; x_wconf 88' lang='lat' dir='ltr'><strong>tres</strong></span> <span class='ocrx_word' id='word_1_224' title='bbox 840 1498 910 1526; x_wconf 83' lang='lat' dir='ltr'><strong>filios</strong></span> <span class='ocrx_word' id='word_1_225' title='bbox 933 1503 1103 1534; x_wconf 86' lang='lat' dir='ltr'><strong>susceperat,</strong></span> 
     </span>
    </p>
   </div>
   <div class='ocr_carea' id='block_1_34' title="bbox 1123 873 1146 902">
    <p class='ocr_par' dir='ltr' id='par_1_34' title="bbox 1123 873 1146 902">
     <span class='ocr_line' id='line_1_34' title="bbox 1123 873 1146 902; baseline 0 0"><span class='ocrx_word' id='word_1_226' title='bbox 1123 873 1146 902; x_wconf 88' lang='lat' dir='ltr'><strong>B</strong></span> 
     </span>
    </p>
   </div>
   <div class='ocr_carea' id='block_1_35' title="bbox 1160 246 1951 286">
    <p class='ocr_par' dir='ltr' id='par_1_35' title="bbox 1160 246 1951 286">
     <span class='ocr_line' id='line_1_35' title="bbox 1160 246 1951 286; baseline -0.008 -8"><span class='ocrx_word' id='word_1_227' title='bbox 1160 252 1242 286; x_wconf 76' lang='grc' dir='ltr'>τριχῇ</span> <span class='ocrx_word' id='word_1_228' title='bbox 1259 250 1327 286; x_wconf 78' lang='lat'><strong>(‘29).</strong></span> <span class='ocrx_word' id='word_1_229' title='bbox 1344 249 1423 276; x_wconf 72' lang='grc' dir='ltr'>οὕτω</span> <span class='ocrx_word' id='word_1_230' title='bbox 1437 249 1465 275; x_wconf 84' lang='grc' dir='ltr'><strong>δὲ</strong></span> <span class='ocrx_word' id='word_1_231' title='bbox 1478 248 1526 274; x_wconf 81' lang='grc' dir='ltr'><strong>τοῦ</strong></span> <span class='ocrx_word' id='word_1_232' title='bbox 1546 246 1682 283; x_wconf 76' lang='grc' dir='ltr'><strong>μερισμοῦ</strong></span> <span class='ocrx_word' id='word_1_233' title='bbox 1698 247 1747 280; x_wconf 78' lang='grc' dir='ltr'>τῆς</span> <span class='ocrx_word' id='word_1_234' title='bbox 1761 247 1850 281; x_wconf 83' lang='grc' dir='ltr'>ἀρχῆς</span> <span class='ocrx_word' id='word_1_235' title='bbox 1875 255 1951 281; x_wconf 78' lang='grc' dir='ltr'>προ-</span> 
     </span>
    </p>
   </div>
   <div class='ocr_carea' id='block_1_36' title="bbox 1160 291 1947 330">
    <p class='ocr_par' dir='ltr' id='par_1_36' title="bbox 1160 291 1947 330">
     <span class='ocr_line' id='line_1_36' title="bbox 1160 291 1947 330; baseline -0.011 -6"><span class='ocrx_word' id='word_1_236' title='bbox 1160 297 1268 330; x_wconf 76' lang='grc' dir='ltr'>ϐάντος,</span> <span class='ocrx_word' id='word_1_237' title='bbox 1281 298 1294 323; x_wconf 80' lang='grc'>6</span> <span class='ocrx_word' id='word_1_238' title='bbox 1310 297 1359 330; x_wconf 67' lang='grc' dir='ltr'><strong>μὲν</strong></span> <span class='ocrx_word' id='word_1_239' title='bbox 1375 296 1565 324; x_wconf 76' lang='grc' dir='ltr'>Κωνστάντιος</span> <span class='ocrx_word' id='word_1_240' title='bbox 1582 295 1622 325; x_wconf 78' lang='grc' dir='ltr'>εἰς</span> <span class='ocrx_word' id='word_1_241' title='bbox 1636 294 1686 328; x_wconf 80' lang='grc' dir='ltr'>τὴν</span> <span class='ocrx_word' id='word_1_242' title='bbox 1701 291 1771 327; x_wconf 67' lang='grc' dir='ltr'>ἑῴαν</span> <span class='ocrx_word' id='word_1_243' title='bbox 1796 291 1947 327; x_wconf 71' lang='grc' dir='ltr'>ἐχώρησεν,</span> 
     </span>
    </p>
   </div>
   <div class='ocr_carea' id='block_1_37' title="bbox 1160 337 1950 378">
    <p class='ocr_par' dir='ltr' id='par_1_37' title="bbox 1160 337 1950 378">
     <span class='ocr_line' id='line_1_37' title="bbox 1160 337 1950 378; baseline -0.01 -8"><span class='ocrx_word' id='word_1_244' title='bbox 1160 342 1351 378; x_wconf 83' lang='grc' dir='ltr'>ὲκστρατεύων</span> <span class='ocrx_word' id='word_1_245' title='bbox 1374 341 1444 368; x_wconf 74' lang='grc' dir='ltr'>κατὰ</span> <span class='ocrx_word' id='word_1_246' title='bbox 1472 340 1586 374; x_wconf 83' lang='grc' dir='ltr'>Περσῶν</span> <span class='ocrx_word' id='word_1_247' title='bbox 1609 338 1676 373; x_wconf 79' lang='grc' dir='ltr'><strong>(ΞΟ).</strong></span> <span class='ocrx_word' id='word_1_248' title='bbox 1709 338 1738 364; x_wconf 88' lang='grc' dir='ltr'>Ὀ</span> <span class='ocrx_word' id='word_1_249' title='bbox 1763 339 1818 372; x_wconf 75' lang='grc' dir='ltr'><strong>γὰρ</strong></span> <span class='ocrx_word' id='word_1_250' title='bbox 1843 337 1950 363; x_wconf 76' lang='grc' dir='ltr'>τούτων</span> 
     </span>
    </p>
   </div>
   <div class='ocr_carea' id='block_1_38' title="bbox 1160 383 1949 424">
    <p class='ocr_par' dir='ltr' id='par_1_38' title="bbox 1160 383 1949 424">
     <span class='ocr_line' id='line_1_38' title="bbox 1160 383 1949 424; baseline -0.009 -9"><span class='ocrx_word' id='word_1_251' title='bbox 1160 389 1336 424; x_wconf 83' lang='grc' dir='ltr'><strong>ἡγεμονεύων</strong></span> <span class='ocrx_word' id='word_1_252' title='bbox 1350 387 1487 422; x_wconf 82' lang='grc' dir='ltr'>Σαπώρης</span> <span class='ocrx_word' id='word_1_253' title='bbox 1503 386 1558 420; x_wconf 73' lang='grc'><strong>(51)</strong></span> <span class='ocrx_word' id='word_1_254' title='bbox 1574 385 1621 412; x_wconf 78' lang='grc' dir='ltr'>τὸν</span> <span class='ocrx_word' id='word_1_255' title='bbox 1634 385 1750 411; x_wconf 81' lang='grc' dir='ltr'>θάνατον</span> <span class='ocrx_word' id='word_1_256' title='bbox 1762 383 1808 409; x_wconf 85' lang='grc' dir='ltr'>τοῦ</span> <span class='ocrx_word' id='word_1_257' title='bbox 1826 383 1949 416; x_wconf 75' lang='grc' dir='ltr'>μεγάλου</span> 
     </span>
    </p>
   </div>
   <div class='ocr_carea' id='block_1_39' title="bbox 1160 430 1950 469">
    <p class='ocr_par' dir='ltr' id='par_1_39' title="bbox 1160 430 1950 469">
     <span class='ocr_line' id='line_1_39' title="bbox 1160 430 1950 469; baseline -0.01 -7"><span class='ocrx_word' id='word_1_258' title='bbox 1160 436 1241 469; x_wconf 77' lang='grc' dir='ltr'>γνοὺς</span> <span class='ocrx_word' id='word_1_259' title='bbox 1258 434 1476 464; x_wconf 80' lang='grc' dir='ltr'>Κωνσταντίνου,</span> <span class='ocrx_word' id='word_1_260' title='bbox 1491 432 1562 459; x_wconf 78' lang='grc' dir='ltr'>κατὰ</span> <span class='ocrx_word' id='word_1_261' title='bbox 1585 431 1639 457; x_wconf 85' lang='grc' dir='ltr'>τῶν</span> <span class='ocrx_word' id='word_1_262' title='bbox 1659 431 1711 458; x_wconf 82' lang='grc' dir='ltr'><strong>ὑπὸ</strong></span> <span class='ocrx_word' id='word_1_263' title='bbox 1733 430 1888 464; x_wconf 71' lang='grc' dir='ltr'>Ῥωμαίους</span> <span class='ocrx_word' id='word_1_264' title='bbox 1903 437 1950 455; x_wconf 83' lang='grc' dir='ltr'>τε-</span> 
     </span>
    </p>
   </div>
   <div class='ocr_carea' id='block_1_40' title="bbox 1160 475 1949 514">
    <p class='ocr_par' dir='ltr' id='par_1_40' title="bbox 1160 475 1949 514">
     <span class='ocr_line' id='line_1_40' title="bbox 1160 475 1949 514; baseline -0.009 -6"><span class='ocrx_word' id='word_1_265' title='bbox 1160 482 1279 508; x_wconf 81' lang='grc' dir='ltr'>λούντων</span> <span class='ocrx_word' id='word_1_266' title='bbox 1302 481 1387 507; x_wconf 72' lang='grc' dir='ltr'>ἔπιὼν</span> <span class='ocrx_word' id='word_1_267' title='bbox 1410 480 1458 507; x_wconf 70' lang='grc' dir='ltr'><strong>καὶ</strong></span> <span class='ocrx_word' id='word_1_268' title='bbox 1473 478 1632 514; x_wconf 70' lang='grc' dir='ltr'><strong>ληϊζόμενος</strong></span> <span class='ocrx_word' id='word_1_269' title='bbox 1647 478 1698 504; x_wconf 77' lang='grc' dir='ltr'><strong>οὐκ</strong></span> <span class='ocrx_word' id='word_1_270' title='bbox 1725 476 1853 503; x_wconf 68' lang='grc' dir='ltr'>ἐπαύετο.</span> <span class='ocrx_word' id='word_1_271' title='bbox 1872 475 1904 501; x_wconf 88' lang='lat'><strong>&#39;0</strong></span> <span class='ocrx_word' id='word_1_272' title='bbox 1920 475 1949 501; x_wconf 69' lang='grc' dir='ltr'><strong>δὲ</strong></span> 
     </span>
    </p>
   </div>
   <div class='ocr_carea' id='block_1_41' title="bbox 1160 522 1950 561">
    <p class='ocr_par' dir='ltr' id='par_1_41' title="bbox 1160 522 1950 561">
     <span class='ocr_line' id='line_1_41' title="bbox 1160 522 1950 561; baseline -0.009 -7"><span class='ocrx_word' id='word_1_273' title='bbox 1160 529 1368 558; x_wconf 82' lang='grc' dir='ltr'>Κωνσταντῐνος</span> <span class='ocrx_word' id='word_1_274' title='bbox 1391 527 1429 561; x_wconf 85' lang='grc' dir='ltr'>τῷ</span> <span class='ocrx_word' id='word_1_275' title='bbox 1450 526 1609 553; x_wconf 80' lang='grc' dir='ltr'>Κώνσταντι</span> <span class='ocrx_word' id='word_1_276' title='bbox 1623 523 1768 557; x_wconf 79' lang='grc' dir='ltr'>ἐπεφύετο,</span> <span class='ocrx_word' id='word_1_277' title='bbox 1784 523 1835 557; x_wconf 85' lang='grc' dir='ltr'>τὴν</span> <span class='ocrx_word' id='word_1_278' title='bbox 1858 522 1950 548; x_wconf 81' lang='grc' dir='ltr'>διανέ-</span> 
     </span>
    </p>
   </div>
   <div class='ocr_carea' id='block_1_42' title="bbox 1162 568 1950 608">
    <p class='ocr_par' dir='ltr' id='par_1_42' title="bbox 1162 568 1950 608">
     <span class='ocr_line' id='line_1_42' title="bbox 1162 568 1950 608; baseline -0.008 -9"><span class='ocrx_word' id='word_1_279' title='bbox 1162 581 1244 608; x_wconf 81' lang='grc' dir='ltr'>μησιν</span> <span class='ocrx_word' id='word_1_280' title='bbox 1256 572 1310 599; x_wconf 87' lang='grc' dir='ltr'><strong>τῶν</strong></span> <span class='ocrx_word' id='word_1_281' title='bbox 1324 572 1421 607; x_wconf 82' lang='grc' dir='ltr'>χωρῶν</span> <span class='ocrx_word' id='word_1_282' title='bbox 1436 570 1600 605; x_wconf 84' lang='grc' dir='ltr'>αἰτιώμενος</span> <span class='ocrx_word' id='word_1_283' title='bbox 1613 578 1620 585; x_wconf 91' lang='grc'>·</span> <span class='ocrx_word' id='word_1_284' title='bbox 1645 570 1694 596; x_wconf 72' lang='grc' dir='ltr'><strong>καὶ</strong></span> <span class='ocrx_word' id='word_1_285' title='bbox 1713 569 1729 604; x_wconf 81' lang='grc' dir='ltr'><strong>ἢ</strong></span> <span class='ocrx_word' id='word_1_286' title='bbox 1746 568 1950 602; x_wconf 75' lang='grc' dir='ltr'><strong>παραχωρῆσαι</strong></span> 
     </span>
    </p>
   </div>
   <div class='ocr_carea' id='block_1_43' title="bbox 1162 614 1951 655">
    <p class='ocr_par' dir='ltr' id='par_1_43' title="bbox 1162 614 1951 655">
     <span class='ocr_line' id='line_1_43' title="bbox 1162 614 1951 655; baseline -0.008 -10"><span class='ocrx_word' id='word_1_287' title='bbox 1162 619 1262 655; x_wconf 82' lang='grc' dir='ltr'>μέρους</span> <span class='ocrx_word' id='word_1_288' title='bbox 1275 619 1349 653; x_wconf 81' lang='grc' dir='ltr'>αὐτῷ</span> <span class='ocrx_word' id='word_1_289' title='bbox 1361 620 1411 653; x_wconf 77' lang='grc' dir='ltr'>τῆς</span> <span class='ocrx_word' id='word_1_290' title='bbox 1423 618 1510 653; x_wconf 74' lang='grc' dir='ltr'>ἀρχῆς</span> <span class='ocrx_word' id='word_1_291' title='bbox 1524 616 1683 651; x_wconf 56' lang='lat' dir='ltr'><strong>omnem)</strong></span> <span class='ocrx_word' id='word_1_292' title='bbox 1697 615 1885 642; x_wconf 72' lang='grc' dir='ltr'><strong>ἀναδάσασθαι</strong></span> <span class='ocrx_word' id='word_1_293' title='bbox 1900 614 1951 644; x_wconf 64' lang='grc' dir='ltr'><strong>τὰς</strong></span> 
     </span>
    </p>
   </div>
   <div class='ocr_carea' id='block_1_44' title="bbox 1161 660 1951 701">
    <p class='ocr_par' dir='ltr' id='par_1_44' title="bbox 1161 660 1951 701">
     <span class='ocr_line' id='line_1_44' title="bbox 1161 660 1951 701; baseline -0.011 -8"><span class='ocrx_word' id='word_1_294' title='bbox 1161 666 1300 701; x_wconf 73' lang='grc' dir='ltr'>βασιλείας</span> <span class='ocrx_word' id='word_1_295' title='bbox 1316 665 1400 699; x_wconf 77' lang='grc' dir='ltr'>ἄμφω</span> <span class='ocrx_word' id='word_1_296' title='bbox 1415 664 1515 699; x_wconf 75' lang='grc' dir='ltr'><strong>ζητῶν.</strong></span> <span class='ocrx_word' id='word_1_297' title='bbox 1539 664 1583 694; x_wconf 83' lang='grc' dir='ltr'>Ὧς</span> <span class='ocrx_word' id='word_1_298' title='bbox 1600 663 1622 689; x_wconf 78' lang='grc' dir='ltr'><strong>δ’</strong></span> <span class='ocrx_word' id='word_1_299' title='bbox 1637 663 1741 692; x_wconf 72' lang='grc' dir='ltr'>ἐκεῖνος</span> <span class='ocrx_word' id='word_1_300' title='bbox 1752 661 1801 695; x_wconf 83' lang='grc' dir='ltr'>τῆς</span> <span class='ocrx_word' id='word_1_301' title='bbox 1826 660 1878 695; x_wconf 77' lang='grc' dir='ltr'><strong>ἢδη</strong></span> <span class='ocrx_word' id='word_1_302' title='bbox 1902 668 1951 693; x_wconf 75' lang='grc' dir='ltr'>γε·</span> 
     </span>
    </p>
   </div>
   <div class='ocr_carea' id='block_1_45' title="bbox 1160 705 1951 748">
    <p class='ocr_par' dir='ltr' id='par_1_45' title="bbox 1160 705 1951 748">
     <span class='ocr_line' id='line_1_45' title="bbox 1160 705 1951 748; baseline -0.013 -9"><span class='ocrx_word' id='word_1_303' title='bbox 1160 712 1271 748; x_wconf 77' lang='grc' dir='ltr'>γονυτας</span> <span class='ocrx_word' id='word_1_304' title='bbox 1287 712 1474 745; x_wconf 75' lang='grc' dir='ltr'><strong>διανεμήσεως</strong></span> <span class='ocrx_word' id='word_1_305' title='bbox 1500 710 1599 744; x_wconf 74' lang='grc' dir='ltr'>εἴχετο,</span> <span class='ocrx_word' id='word_1_306' title='bbox 1617 707 1665 734; x_wconf 78' lang='grc' dir='ltr'><strong>καὶ</strong></span> <span class='ocrx_word' id='word_1_307' title='bbox 1688 707 1743 732; x_wconf 83' lang='grc' dir='ltr'>τῶν</span> <span class='ocrx_word' id='word_1_308' title='bbox 1760 705 1835 740; x_wconf 81' lang='grc' dir='ltr'>αὐτῷ</span> <span class='ocrx_word' id='word_1_309' title='bbox 1863 713 1951 739; x_wconf 78' lang='grc' dir='ltr'>τιροσ-</span> 
     </span>
    </p>
   </div>
   <div class='ocr_carea' id='block_1_46' title="bbox 1161 751 1951 794">
    <p class='ocr_par' dir='ltr' id='par_1_46' title="bbox 1161 751 1951 794">
     <span class='ocr_line' id='line_1_46' title="bbox 1161 751 1951 794; baseline -0.014 -8"><span class='ocrx_word' id='word_1_310' title='bbox 1161 759 1358 794; x_wconf 77' lang='grc' dir='ltr'>κληρωθέντων</span> <span class='ocrx_word' id='word_1_311' title='bbox 1383 757 1533 792; x_wconf 81' lang='grc' dir='ltr'>ἀντείχετο,</span> <span class='ocrx_word' id='word_1_312' title='bbox 1562 756 1608 782; x_wconf 70' lang='grc' dir='ltr'><strong>καὶ</strong></span> <span class='ocrx_word' id='word_1_313' title='bbox 1632 754 1694 781; x_wconf 71' lang='grc' dir='ltr'>οὐδὲ</span> <span class='ocrx_word' id='word_1_314' title='bbox 1721 753 1770 779; x_wconf 79' lang='grc' dir='ltr'>τοῦ</span> <span class='ocrx_word' id='word_1_315' title='bbox 1798 751 1951 787; x_wconf 68' lang='grc' dir='ltr'>βραχίστου</span> 
     </span>
    </p>
   </div>
   <div class='ocr_carea' id='block_1_47' title="bbox 1160 796 1952 841">
    <p class='ocr_par' dir='ltr' id='par_1_47' title="bbox 1160 796 1952 841">
     <span class='ocr_line' id='line_1_47' title="bbox 1160 796 1952 841; baseline -0.013 -9"><span class='ocrx_word' id='word_1_316' title='bbox 1160 805 1317 841; x_wconf 77' lang='grc' dir='ltr'>παρεχώρει</span> <span class='ocrx_word' id='word_1_317' title='bbox 1344 804 1384 840; x_wconf 82' lang='grc' dir='ltr'>τῷ</span> <span class='ocrx_word' id='word_1_318' title='bbox 1409 804 1526 837; x_wconf 65' lang='grc' dir='ltr'>ἀδελφῷ,</span> <span class='ocrx_word' id='word_1_319' title='bbox 1554 802 1623 828; x_wconf 80' lang='grc' dir='ltr'>ὅπλα</span> <span class='ocrx_word' id='word_1_320' title='bbox 1648 800 1709 827; x_wconf 79' lang='grc' dir='ltr'>κατ’</span> <span class='ocrx_word' id='word_1_321' title='bbox 1731 799 1813 825; x_wconf 73' lang='grc' dir='ltr'>αὐτοῦ</span> <span class='ocrx_word' id='word_1_322' title='bbox 1842 796 1914 832; x_wconf 78' lang='grc' dir='ltr'>ἦρεν</span> <span class='ocrx_word' id='word_1_323' title='bbox 1937 797 1952 822; x_wconf 85' lang='grc' dir='ltr'>ὁ</span> 
     </span>
    </p>
   </div>
   <div class='ocr_carea' id='block_1_48' title="bbox 1161 844 1956 885">
    <p class='ocr_par' dir='ltr' id='par_1_48' title="bbox 1161 844 1956 885">
     <span class='ocr_line' id='line_1_48' title="bbox 1161 844 1956 885; baseline -0.013 -5"><span class='ocrx_word' id='word_1_324' title='bbox 1161 853 1366 882; x_wconf 82' lang='grc' dir='ltr'>Κωνσταντῖνος</span> <span class='ocrx_word' id='word_1_325' title='bbox 1377 850 1426 876; x_wconf 82' lang='grc' dir='ltr'><strong>καὶ</strong></span> <span class='ocrx_word' id='word_1_326' title='bbox 1439 848 1541 883; x_wconf 71' lang='grc' dir='ltr'>ἐπῆλθε</span> <span class='ocrx_word' id='word_1_327' title='bbox 1554 847 1592 882; x_wconf 84' lang='grc' dir='ltr'>τῷ</span> <span class='ocrx_word' id='word_1_328' title='bbox 1603 847 1682 881; x_wconf 74' lang='grc' dir='ltr'>λάχει</span> <span class='ocrx_word' id='word_1_329' title='bbox 1694 845 1741 871; x_wconf 85' lang='grc' dir='ltr'><strong>τοῦ</strong></span> <span class='ocrx_word' id='word_1_330' title='bbox 1758 844 1956 885; x_wconf 39' lang='grc' dir='ltr'>Κώνσταν-τος..</span> 
     </span>
    </p>
   </div>
   <div class='ocr_carea' id='block_1_49' title="bbox 1166 888 1951 931">
    <p class='ocr_par' dir='ltr' id='par_1_49' title="bbox 1166 888 1951 931">
     <span class='ocr_line' id='line_1_49' title="bbox 1166 888 1951 931; baseline -0.013 -7"><span class='ocrx_word' id='word_1_331' title='bbox 1166 899 1196 924; x_wconf 81' lang='lat'><strong>&#39;0</strong></span> <span class='ocrx_word' id='word_1_332' title='bbox 1221 898 1249 924; x_wconf 81' lang='grc' dir='ltr'><strong>δὲ</strong></span> <span class='ocrx_word' id='word_1_333' title='bbox 1276 898 1305 924; x_wconf 82' lang='grc' dir='ltr'>ὲν</span> <span class='ocrx_word' id='word_1_334' title='bbox 1332 896 1418 931; x_wconf 61' lang='lat' dir='ltr'><strong>laxi;</strong></span> <span class='ocrx_word' id='word_1_335' title='bbox 1434 893 1595 928; x_wconf 77' lang='grc' dir='ltr'>ἀποδημῶν,</span> <span class='ocrx_word' id='word_1_336' title='bbox 1625 893 1672 918; x_wconf 75' lang='grc' dir='ltr'><strong>καὶ</strong></span> <span class='ocrx_word' id='word_1_337' title='bbox 1697 891 1747 926; x_wconf 77' lang='grc' dir='ltr'>τὴν</span> <span class='ocrx_word' id='word_1_338' title='bbox 1772 890 1884 924; x_wconf 81' lang='grc' dir='ltr'>κίνησιν</span> <span class='ocrx_word' id='word_1_339' title='bbox 1903 888 1951 915; x_wconf 81' lang='grc' dir='ltr'>τοῦ</span> 
     </span>
    </p>
   </div>
   <div class='ocr_carea' id='block_1_50' title="bbox 1160 935 1952 975">
    <p class='ocr_par' dir='ltr' id='par_1_50' title="bbox 1160 935 1952 975">
     <span class='ocr_line' id='line_1_50' title="bbox 1160 935 1952 975; baseline -0.013 -5"><span class='ocrx_word' id='word_1_340' title='bbox 1160 941 1368 970; x_wconf 79' lang='grc' dir='ltr'>Κωνσταντίνου</span> <span class='ocrx_word' id='word_1_341' title='bbox 1386 940 1488 975; x_wconf 76' lang='grc' dir='ltr'>μαθὼν,</span> <span class='ocrx_word' id='word_1_342' title='bbox 1502 939 1662 973; x_wconf 76' lang='grc' dir='ltr'>στράτευμα</span> <span class='ocrx_word' id='word_1_343' title='bbox 1677 937 1739 963; x_wconf 81' lang='grc' dir='ltr'>κατ’</span> <span class='ocrx_word' id='word_1_344' title='bbox 1749 935 1832 962; x_wconf 77' lang='grc' dir='ltr'>αὑτοῦ</span> <span class='ocrx_word' id='word_1_345' title='bbox 1843 935 1952 969; x_wconf 75' lang='grc' dir='ltr'>πέμπει</span> 
     </span>
    </p>
   </div>
   <div class='ocr_carea' id='block_1_51' title="bbox 1159 981 1950 1023">
    <p class='ocr_par' dir='ltr' id='par_1_51' title="bbox 1159 981 1950 1023">
     <span class='ocr_line' id='line_1_51' title="bbox 1159 981 1950 1023; baseline -0.014 -7"><span class='ocrx_word' id='word_1_346' title='bbox 1159 990 1206 1016; x_wconf 75' lang='grc' dir='ltr'><strong>καὶ</strong></span> <span class='ocrx_word' id='word_1_347' title='bbox 1229 988 1410 1023; x_wconf 74' lang='grc' dir='ltr'>στρατηγοὺς,</span> <span class='ocrx_word' id='word_1_348' title='bbox 1429 987 1476 1013; x_wconf 78' lang='grc' dir='ltr'>καὶ</span> <span class='ocrx_word' id='word_1_349' title='bbox 1494 986 1575 1016; x_wconf 62' lang='grc' dir='ltr'>αὐτὸς</span> <span class='ocrx_word' id='word_1_350' title='bbox 1589 985 1651 1011; x_wconf 72' lang='grc' dir='ltr'>ὅσον</span> <span class='ocrx_word' id='word_1_351' title='bbox 1666 984 1715 1019; x_wconf 77' lang='grc' dir='ltr'><strong>ἤδη</strong></span> <span class='ocrx_word' id='word_1_352' title='bbox 1736 982 1806 1017; x_wconf 73' lang='grc' dir='ltr'>μετὰ</span> <span class='ocrx_word' id='word_1_353' title='bbox 1824 981 1950 1012; x_wconf 80' lang='grc' dir='ltr'>πλείονος</span> 
     </span>
    </p>
   </div>
   <div class='ocr_carea' id='block_1_52' title="bbox 1159 1028 1952 1071">
    <p class='ocr_par' dir='ltr' id='par_1_52' title="bbox 1159 1028 1952 1071">
     <span class='ocr_line' id='line_1_52' title="bbox 1159 1028 1952 1071; baseline -0.013 -8"><span class='ocrx_word' id='word_1_354' title='bbox 1159 1035 1279 1071; x_wconf 81' lang='grc' dir='ltr'>στρατοῦ</span> <span class='ocrx_word' id='word_1_355' title='bbox 1308 1035 1454 1068; x_wconf 74' lang='grc' dir='ltr'>ἐπιστῆναι</span> <span class='ocrx_word' id='word_1_356' title='bbox 1479 1031 1724 1065; x_wconf 75' lang='grc' dir='ltr'>ἐπαγγειλάμενος.</span> <span class='ocrx_word' id='word_1_357' title='bbox 1743 1029 1775 1055; x_wconf 84' lang='lat' dir='ltr'><strong>0i</strong></span> <span class='ocrx_word' id='word_1_358' title='bbox 1791 1028 1859 1062; x_wconf 84' lang='grc' dir='ltr'>γοῦν</span> <span class='ocrx_word' id='word_1_359' title='bbox 1879 1036 1952 1061; x_wconf 81' lang='grc' dir='ltr'>πεμ-</span> 
     </span>
    </p>
   </div>
   <div class='ocr_carea' id='block_1_53' title="bbox 1159 1073 1951 1115">
    <p class='ocr_par' dir='ltr' id='par_1_53' title="bbox 1159 1073 1951 1115">
     <span class='ocr_line' id='line_1_53' title="bbox 1159 1073 1951 1115; baseline -0.014 -6"><span class='ocrx_word' id='word_1_360' title='bbox 1159 1082 1272 1115; x_wconf 79' lang='grc' dir='ltr'>φθέντες</span> <span class='ocrx_word' id='word_1_361' title='bbox 1290 1081 1374 1114; x_wconf 76' lang='grc' dir='ltr'>ἐγγὺς</span> <span class='ocrx_word' id='word_1_362' title='bbox 1394 1079 1441 1106; x_wconf 80' lang='grc' dir='ltr'>τοῦ</span> <span class='ocrx_word' id='word_1_363' title='bbox 1467 1077 1674 1105; x_wconf 83' lang='grc' dir='ltr'>Κωνσταντίνου</span> <span class='ocrx_word' id='word_1_364' title='bbox 1692 1075 1834 1109; x_wconf 80' lang='grc' dir='ltr'>γενόμενοι</span> <span class='ocrx_word' id='word_1_365' title='bbox 1850 1073 1951 1107; x_wconf 79' lang='grc' dir='ltr'>λόχους</span> 
     </span>
    </p>
   </div>
   <div class='ocr_carea' id='block_1_54' title="bbox 1158 1119 1951 1160">
    <p class='ocr_par' dir='ltr' id='par_1_54' title="bbox 1158 1119 1951 1160">
     <span class='ocr_line' id='line_1_54' title="bbox 1158 1119 1951 1160; baseline -0.013 -5"><span class='ocrx_word' id='word_1_366' title='bbox 1158 1128 1301 1160; x_wconf 78' lang='grc' dir='ltr'>καθίζουσι</span> <span class='ocrx_word' id='word_1_367' title='bbox 1317 1136 1325 1143; x_wconf 79' lang='grc' dir='ltr'><strong>ο</strong></span> <span class='ocrx_word' id='word_1_368' title='bbox 1341 1127 1385 1153; x_wconf 78' lang='grc' dir='ltr'><strong>καὶ</strong></span> <span class='ocrx_word' id='word_1_369' title='bbox 1402 1124 1591 1159; x_wconf 78' lang='grc' dir='ltr'>συμϐαλόντες</span> <span class='ocrx_word' id='word_1_370' title='bbox 1607 1122 1683 1156; x_wconf 84' lang='grc' dir='ltr'>αὐτῴ</span> <span class='ocrx_word' id='word_1_371' title='bbox 1699 1121 1812 1156; x_wconf 78' lang='grc' dir='ltr'>φεύγειν</span> <span class='ocrx_word' id='word_1_372' title='bbox 1827 1119 1951 1154; x_wconf 69' lang='grc' dir='ltr'>ὑπεκρί-</span> 
     </span>
    </p>
   </div>
   <div class='ocr_carea' id='block_1_55' title="bbox 1158 1166 1948 1201">
    <p class='ocr_par' dir='ltr' id='par_1_55' title="bbox 1158 1166 1948 1201">
     <span class='ocr_line' id='line_1_55' title="bbox 1158 1166 1948 1201; baseline -0.013 0"><span class='ocrx_word' id='word_1_373' title='bbox 1158 1173 1312 1201; x_wconf 85' lang='grc' dir='ltr'>νοντο.Τῶν</span> <span class='ocrx_word' id='word_1_374' title='bbox 1325 1172 1354 1199; x_wconf 78' lang='grc' dir='ltr'><strong>δὲ</strong></span> <span class='ocrx_word' id='word_1_375' title='bbox 1371 1172 1418 1199; x_wconf 83' lang='grc' dir='ltr'>τοῦ</span> <span class='ocrx_word' id='word_1_376' title='bbox 1434 1170 1643 1198; x_wconf 82' lang='grc' dir='ltr'>Κωνσταντίνου</span> <span class='ocrx_word' id='word_1_377' title='bbox 1658 1167 1814 1195; x_wconf 81' lang='grc' dir='ltr'>διωκόντων</span> <span class='ocrx_word' id='word_1_378' title='bbox 1834 1166 1948 1197; x_wconf 77' lang='grc' dir='ltr'>αὐτοὺς,</span> 
     </span>
    </p>
   </div>
   <div class='ocr_carea' id='block_1_56' title="bbox 1158 1214 1947 1253">
    <p class='ocr_par' dir='ltr' id='par_1_56' title="bbox 1158 1214 1947 1253">
     <span class='ocr_line' id='line_1_56' title="bbox 1158 1214 1947 1253; baseline -0.013 -5"><span class='ocrx_word' id='word_1_379' title='bbox 1158 1219 1301 1253; x_wconf 62' lang='grc' dir='ltr'>ἐξόπισθεν</span> <span class='ocrx_word' id='word_1_380' title='bbox 1330 1218 1421 1246; x_wconf 77' lang='grc' dir='ltr'>αὐτῶν</span> <span class='ocrx_word' id='word_1_381' title='bbox 1446 1218 1471 1244; x_wconf 81' lang='grc' dir='ltr'>οι</span> <span class='ocrx_word' id='word_1_382' title='bbox 1497 1216 1635 1251; x_wconf 79' lang='grc' dir='ltr'>λοχῶντες</span> <span class='ocrx_word' id='word_1_383' title='bbox 1661 1214 1761 1245; x_wconf 74' lang='grc' dir='ltr'>αὐτοὺς</span> <span class='ocrx_word' id='word_1_384' title='bbox 1791 1214 1947 1247; x_wconf 74' lang='grc' dir='ltr'>γενόμενοι,</span> 
     </span>
    </p>
   </div>
   <div class='ocr_carea' id='block_1_57' title="bbox 1157 1259 1948 1296">
    <p class='ocr_par' dir='ltr' id='par_1_57' title="bbox 1157 1259 1948 1296">
     <span class='ocr_line' id='line_1_57' title="bbox 1157 1259 1948 1296; baseline -0.014 -1"><span class='ocrx_word' id='word_1_385' title='bbox 1157 1268 1230 1295; x_wconf 81' lang='grc' dir='ltr'>κατά</span> <span class='ocrx_word' id='word_1_386' title='bbox 1244 1267 1337 1294; x_wconf 85' lang='grc' dir='ltr'>νώτων</span> <span class='ocrx_word' id='word_1_387' title='bbox 1351 1266 1443 1296; x_wconf 79' lang='grc' dir='ltr'>αὐτοῖς</span> <span class='ocrx_word' id='word_1_388' title='bbox 1468 1263 1646 1290; x_wconf 73' lang='grc' dir='ltr'>ἐπιτίθενται.</span> <span class='ocrx_word' id='word_1_389' title='bbox 1666 1262 1720 1288; x_wconf 74' lang='grc' dir='ltr'><strong>Καὶ</strong></span> <span class='ocrx_word' id='word_1_390' title='bbox 1746 1261 1771 1287; x_wconf 81' lang='grc' dir='ltr'>οἱ</span> <span class='ocrx_word' id='word_1_391' title='bbox 1796 1259 1948 1294; x_wconf 75' lang='grc' dir='ltr'>φεύγοντες</span> 
     </span>
    </p>
   </div>
   <div class='ocr_carea' id='block_1_58' title="bbox 1157 1304 1947 1347">
    <p class='ocr_par' dir='ltr' id='par_1_58' title="bbox 1157 1304 1947 1347">
     <span class='ocr_line' id='line_1_58' title="bbox 1157 1304 1947 1347; baseline -0.013 -7"><span class='ocrx_word' id='word_1_392' title='bbox 1157 1313 1384 1347; x_wconf 72' lang='grc' dir='ltr'>ἐπιστραφέντες,</span> <span class='ocrx_word' id='word_1_393' title='bbox 1407 1310 1487 1344; x_wconf 80' lang='grc' dir='ltr'>μέσον</span> <span class='ocrx_word' id='word_1_394' title='bbox 1503 1309 1652 1344; x_wconf 74' lang='grc' dir='ltr'>περιέσχον</span> <span class='ocrx_word' id='word_1_395' title='bbox 1672 1306 1782 1337; x_wconf 77' lang='grc' dir='ltr'>αὐτούς.</span> <span class='ocrx_word' id='word_1_396' title='bbox 1806 1305 1864 1332; x_wconf 75' lang='grc' dir='ltr'><strong>Καὶ</strong></span> <span class='ocrx_word' id='word_1_397' title='bbox 1882 1304 1947 1331; x_wconf 83' lang='grc' dir='ltr'>πολὺ</span> 
     </span>
    </p>
   </div>
   <div class='ocr_carea' id='block_1_59' title="bbox 1156 1351 1946 1394">
    <p class='ocr_par' dir='ltr' id='par_1_59' title="bbox 1156 1351 1946 1394">
     <span class='ocr_line' id='line_1_59' title="bbox 1156 1351 1946 1394; baseline -0.015 -8"><span class='ocrx_word' id='word_1_398' title='bbox 1156 1359 1207 1394; x_wconf 83' lang='grc' dir='ltr'>τῆς</span> <span class='ocrx_word' id='word_1_399' title='bbox 1220 1358 1267 1385; x_wconf 83' lang='grc' dir='ltr'><strong>τοῦ</strong></span> <span class='ocrx_word' id='word_1_400' title='bbox 1283 1356 1489 1384; x_wconf 82' lang='grc' dir='ltr'>Κωνσταντινου</span> <span class='ocrx_word' id='word_1_401' title='bbox 1501 1354 1649 1389; x_wconf 72' lang='grc' dir='ltr'>διέφθαρτο</span> <span class='ocrx_word' id='word_1_402' title='bbox 1664 1353 1805 1388; x_wconf 75' lang='grc' dir='ltr'>στρατιᾶς,</span> <span class='ocrx_word' id='word_1_403' title='bbox 1818 1351 1946 1379; x_wconf 71' lang='grc' dir='ltr'>κάκεῖνος</span> 
     </span>
    </p>
   </div>
   <div class='ocr_carea' id='block_1_60' title="bbox 1157 1395 1946 1437">
    <p class='ocr_par' dir='ltr' id='par_1_60' title="bbox 1157 1395 1946 1437">
     <span class='ocr_line' id='line_1_60' title="bbox 1157 1395 1946 1437; baseline -0.014 -5"><span class='ocrx_word' id='word_1_404' title='bbox 1157 1405 1249 1434; x_wconf 72' lang='grc' dir='ltr'>αὑτός.</span> <span class='ocrx_word' id='word_1_405' title='bbox 1265 1404 1318 1430; x_wconf 78' lang='grc' dir='ltr'><strong>Τοῦ</strong></span> <span class='ocrx_word' id='word_1_406' title='bbox 1330 1403 1385 1437; x_wconf 76' lang='grc' dir='ltr'>γὰρ</span> <span class='ocrx_word' id='word_1_407' title='bbox 1409 1403 1494 1429; x_wconf 78' lang='grc' dir='ltr'>ἵππου</span> <span class='ocrx_word' id='word_1_408' title='bbox 1510 1401 1664 1437; x_wconf 81' lang='grc' dir='ltr'>τρωθέντος</span> <span class='ocrx_word' id='word_1_409' title='bbox 1680 1397 1764 1425; x_wconf 84' lang='grc' dir='ltr'>αὐτοῦ</span> <span class='ocrx_word' id='word_1_410' title='bbox 1782 1398 1830 1424; x_wconf 71' lang='grc' dir='ltr'><strong>καὶ</strong></span> <span class='ocrx_word' id='word_1_411' title='bbox 1855 1397 1903 1422; x_wconf 70' lang='grc' dir='ltr'><strong>διὰ</strong></span> <span class='ocrx_word' id='word_1_412' title='bbox 1917 1395 1946 1422; x_wconf 74' lang='grc' dir='ltr'><strong>τὸ</strong></span> 
     </span>
    </p>
   </div>
   <div class='ocr_carea' id='block_1_61' title="bbox 1155 1443 1945 1486">
    <p class='ocr_par' dir='ltr' id='par_1_61' title="bbox 1155 1443 1945 1486">
     <span class='ocr_line' id='line_1_61' title="bbox 1155 1443 1945 1486; baseline -0.013 -9"><span class='ocrx_word' id='word_1_413' title='bbox 1155 1449 1268 1486; x_wconf 77' lang='grc' dir='ltr'>τραῦμα</span> <span class='ocrx_word' id='word_1_414' title='bbox 1285 1449 1465 1484; x_wconf 73' lang='grc' dir='ltr'>σφαδάζοντος</span> <span class='ocrx_word' id='word_1_415' title='bbox 1478 1447 1525 1474; x_wconf 78' lang='grc' dir='ltr'><strong>καὶ</strong></span> <span class='ocrx_word' id='word_1_416' title='bbox 1539 1445 1771 1481; x_wconf 80' lang='grc' dir='ltr'>ἀνασκιρτῶντος,</span> <span class='ocrx_word' id='word_1_417' title='bbox 1780 1443 1945 1469; x_wconf 75' lang='grc' dir='ltr'>ἐκπέπτωκε</span> 
     </span>
    </p>
   </div>
   <div class='ocr_carea' id='block_1_62' title="bbox 1156 1489 1947 1532">
    <p class='ocr_par' dir='ltr' id='par_1_62' title="bbox 1156 1489 1947 1532">
     <span class='ocr_line' id='line_1_62' title="bbox 1156 1489 1947 1532; baseline -0.011 -9"><span class='ocrx_word' id='word_1_418' title='bbox 1156 1498 1206 1532; x_wconf 75' lang='grc' dir='ltr'>τῆς</span> <span class='ocrx_word' id='word_1_419' title='bbox 1223 1497 1304 1531; x_wconf 76' lang='grc' dir='ltr'>ἕδρας</span> <span class='ocrx_word' id='word_1_420' title='bbox 1317 1497 1330 1522; x_wconf 76' lang='grc' dir='ltr'><strong><em>ὁ</em></strong></span> <span class='ocrx_word' id='word_1_421' title='bbox 1346 1495 1549 1525; x_wconf 76' lang='grc' dir='ltr'>Κωνσταντῖνος</span> <span class='ocrx_word' id='word_1_422' title='bbox 1565 1493 1611 1520; x_wconf 60' lang='grc' dir='ltr'><strong>καὶ¹</strong></span> <span class='ocrx_word' id='word_1_423' title='bbox 1627 1491 1759 1527; x_wconf 75' lang='grc' dir='ltr'>ἀνῃρέθη,</span> <span class='ocrx_word' id='word_1_424' title='bbox 1770 1490 1855 1516; x_wconf 83' lang='grc' dir='ltr'>πολλά</span> <span class='ocrx_word' id='word_1_425' title='bbox 1871 1489 1947 1521; x_wconf 74' lang='grc' dir='ltr'>δεξά-</span> 
     </span>
    </p>
   </div>
   <div class='ocr_carea' id='block_1_63' title="bbox 317 1536 1105 1579">
    <p class='ocr_par' dir='ltr' id='par_1_63' title="bbox 317 1538 1103 1579">
     <span class='ocr_line' id='line_1_63' title="bbox 317 1538 1103 1579; baseline 0.008 -14"><span class='ocrx_word' id='word_1_426' title='bbox 317 1538 498 1574; x_wconf 80' lang='lat' dir='ltr'><strong>Adanarsem,</strong></span> <span class='ocrx_word' id='word_1_427' title='bbox 525 1541 710 1576; x_wconf 75' lang='lat' dir='ltr'><strong>iiormisdam,</strong></span> <span class='ocrx_word' id='word_1_428' title='bbox 736 1549 765 1570; x_wconf 88' lang='lat' dir='ltr'><strong>et</strong></span> <span class='ocrx_word' id='word_1_429' title='bbox 796 1544 908 1571; x_wconf 90' lang='lat' dir='ltr'><strong>tertium</strong></span> <span class='ocrx_word' id='word_1_430' title='bbox 946 1546 1103 1579; x_wconf 75' lang='lat' dir='ltr'><strong>quemdam.</strong></span> 
     </span>
    </p>
   </div>
   <div class='ocr_carea' id='block_1_64' title="bbox 1155 1536 1945 1579">
    <p class='ocr_par' dir='ltr' id='par_1_64' title="bbox 1158 1536 1945 1577">
     <span class='ocr_line' id='line_1_64' title="bbox 1158 1536 1945 1577; baseline -0.009 -9"><span class='ocrx_word' id='word_1_431' title='bbox 1158 1551 1238 1577; x_wconf 87' lang='grc' dir='ltr'>μενος</span> <span class='ocrx_word' id='word_1_432' title='bbox 1253 1541 1410 1576; x_wconf 81' lang='grc' dir='ltr'>τραύματα,</span> <span class='ocrx_word' id='word_1_433' title='bbox 1424 1540 1485 1566; x_wconf 79' lang='grc' dir='ltr'>οὕτε</span> <span class='ocrx_word' id='word_1_434' title='bbox 1503 1538 1592 1574; x_wconf 85' lang='grc' dir='ltr'>τυχὼν</span> <span class='ocrx_word' id='word_1_435' title='bbox 1605 1539 1656 1572; x_wconf 78' lang='grc' dir='ltr'>τῆς</span> <span class='ocrx_word' id='word_1_436' title='bbox 1674 1538 1806 1572; x_wconf 75' lang='grc' dir='ltr'>ἐφέσεως,</span> <span class='ocrx_word' id='word_1_437' title='bbox 1831 1536 1884 1562; x_wconf 79' lang='grc' dir='ltr'><strong>καὶ</strong></span> <span class='ocrx_word' id='word_1_438' title='bbox 1906 1536 1945 1562; x_wconf 81' lang='grc' dir='ltr'>ὃτι</span> 
     </span>
    </p>
   </div>
   <div class='ocr_carea' id='block_1_65' title="bbox 317 1584 1105 1619">
    <p class='ocr_par' dir='ltr' id='par_1_65' title="bbox 317 1584 1105 1619">
     <span class='ocr_line' id='line_1_65' title="bbox 317 1584 1105 1619; baseline 0.008 -8"><span class='ocrx_word' id='word_1_439' title='bbox 317 1584 453 1612; x_wconf 71' lang='lat' dir='ltr'><strong>Defuncto</strong></span> <span class='ocrx_word' id='word_1_440' title='bbox 480 1587 600 1619; x_wconf 73' lang='lat' dir='ltr'><strong>Narseo,</strong></span> <span class='ocrx_word' id='word_1_441' title='bbox 631 1588 786 1616; x_wconf 84' lang='lat' dir='ltr'><strong>Adanarscs</strong></span> <span class='ocrx_word' id='word_1_442' title='bbox 815 1595 878 1616; x_wconf 88' lang='lat' dir='ltr'><strong>natu</strong></span> <span class='ocrx_word' id='word_1_443' title='bbox 908 1592 1043 1617; x_wconf 79' lang='lat' dir='ltr'><strong>maximus</strong></span> <span class='ocrx_word' id='word_1_444' title='bbox 1076 1591 1105 1618; x_wconf 92' lang='lat' dir='ltr'><strong>in</strong></span> 
     </span>
    </p>
   </div>
   <div class='ocr_carea' id='block_1_66' title="bbox 318 1630 1107 1664">
    <p class='ocr_par' dir='ltr' id='par_1_66' title="bbox 318 1630 1107 1664">
     <span class='ocr_line' id='line_1_66' title="bbox 318 1630 1107 1664; baseline 0.009 -8"><span class='ocrx_word' id='word_1_445' title='bbox 318 1630 434 1664; x_wconf 86' lang='lat' dir='ltr'><strong>imperio</strong></span> <span class='ocrx_word' id='word_1_446' title='bbox 449 1633 581 1659; x_wconf 85' lang='lat' dir='ltr'><strong>succedit.</strong></span> <span class='ocrx_word' id='word_1_447' title='bbox 596 1632 648 1660; x_wconf 72' lang='lat' dir='ltr'><strong>Sed</strong></span> <span class='ocrx_word' id='word_1_448' title='bbox 663 1641 697 1660; x_wconf 83' lang='lat' dir='ltr'><strong>ex</strong></span> <span class='ocrx_word' id='word_1_449' title='bbox 713 1634 795 1662; x_wconf 85' lang='lat' dir='ltr'><strong>nimia</strong></span> <span class='ocrx_word' id='word_1_450' title='bbox 811 1635 971 1663; x_wconf 87' lang='lat' dir='ltr'><strong>crudelitate</strong></span> <span class='ocrx_word' id='word_1_451' title='bbox 979 1642 1007 1662; x_wconf 87' lang='lat' dir='ltr'><strong>et</strong></span> <span class='ocrx_word' id='word_1_452' title='bbox 1024 1636 1107 1663; x_wconf 92' lang='lat' dir='ltr'><strong>inhu-</strong></span> 
     </span>
    </p>
   </div>
   <div class='ocr_carea' id='block_1_67' title="bbox 318 1677 1104 1716">
    <p class='ocr_par' dir='ltr' id='par_1_67' title="bbox 318 1677 1104 1716">
     <span class='ocr_line' id='line_1_67' title="bbox 318 1677 1104 1716; baseline 0.009 -14"><span class='ocrx_word' id='word_1_453' title='bbox 318 1677 453 1704; x_wconf 89' lang='lat' dir='ltr'><strong>manitate</strong></span> <span class='ocrx_word' id='word_1_454' title='bbox 473 1678 538 1705; x_wconf 89' lang='lat' dir='ltr'><strong>odio</strong></span> <span class='ocrx_word' id='word_1_455' title='bbox 552 1679 698 1707; x_wconf 87' lang='lat' dir='ltr'><strong>Persarum</strong></span> <span class='ocrx_word' id='word_1_456' title='bbox 725 1685 864 1715; x_wconf 85' lang='lat' dir='ltr'><strong>suscepto,</strong></span> <span class='ocrx_word' id='word_1_457' title='bbox 883 1689 969 1716; x_wconf 76' lang='lat' dir='ltr'><strong>regno</strong></span> <span class='ocrx_word' id='word_1_458' title='bbox 990 1682 1104 1710; x_wconf 84' lang='lat' dir='ltr'><strong>excidit.</strong></span> 
     </span>
    </p>
   </div>
   <div class='ocr_carea' id='block_1_68' title="bbox 318 1722 1105 1762">
    <p class='ocr_par' dir='ltr' id='par_1_68' title="bbox 318 1722 1105 1762">
     <span class='ocr_line' id='line_1_68' title="bbox 318 1722 1105 1762; baseline 0.008 -13"><span class='ocrx_word' id='word_1_459' title='bbox 318 1722 404 1760; x_wconf 77' lang='lat' dir='ltr'><strong>Cujus</strong></span> <span class='ocrx_word' id='word_1_460' title='bbox 419 1724 521 1751; x_wconf 87' lang='lat' dir='ltr'><strong>atrocis</strong></span> <span class='ocrx_word' id='word_1_461' title='bbox 539 1725 641 1760; x_wconf 75' lang='lat' dir='ltr'><strong>ingenii</strong></span> <span class='ocrx_word' id='word_1_462' title='bbox 655 1726 794 1760; x_wconf 84' lang='lat' dir='ltr'><strong>specimen</strong></span> <span class='ocrx_word' id='word_1_463' title='bbox 811 1727 945 1761; x_wconf 86' lang='lat' dir='ltr'><strong>quoddam</strong></span> <span class='ocrx_word' id='word_1_464' title='bbox 961 1732 1002 1755; x_wconf 85' lang='lat' dir='ltr'><strong>est</strong></span> <span class='ocrx_word' id='word_1_465' title='bbox 1013 1728 1105 1762; x_wconf 87' lang='lat' dir='ltr'><strong>profe-</strong></span> 
     </span>
    </p>
   </div>
   <div class='ocr_carea' id='block_1_69' title="bbox 317 1767 1104 1808">
    <p class='ocr_par' dir='ltr' id='par_1_69' title="bbox 317 1767 1104 1808">
     <span class='ocr_line' id='line_1_69' title="bbox 317 1767 1104 1808; baseline 0.01 -15"><span class='ocrx_word' id='word_1_466' title='bbox 317 1767 447 1796; x_wconf 88' lang='lat' dir='ltr'><strong>rendum.</strong></span> <span class='ocrx_word' id='word_1_467' title='bbox 466 1769 621 1804; x_wconf 83' lang='lat' dir='ltr'><strong>Aliquando</strong></span> <span class='ocrx_word' id='word_1_468' title='bbox 637 1772 707 1804; x_wconf 89' lang='lat' dir='ltr'><strong>patri</strong></span> <span class='ocrx_word' id='word_1_469' title='bbox 726 1772 785 1806; x_wconf 87' lang='lat' dir='ltr'><strong>ejus</strong></span> <span class='ocrx_word' id='word_1_470' title='bbox 801 1772 949 1799; x_wconf 88' lang='lat' dir='ltr'><strong>tentorium</strong></span> <span class='ocrx_word' id='word_1_471' title='bbox 966 1772 1104 1808; x_wconf 82' lang='lat' dir='ltr'><strong>Babylone</strong></span> 
     </span>
    </p>
   </div>
   <div class='ocr_carea' id='block_1_70' title="bbox 317 1813 1103 1851">
    <p class='ocr_par' dir='ltr' id='par_1_70' title="bbox 317 1813 1103 1851">
     <span class='ocr_line' id='line_1_70' title="bbox 317 1813 1103 1851; baseline 0.009 -11"><span class='ocrx_word' id='word_1_472' title='bbox 317 1813 431 1841; x_wconf 81' lang='lat' dir='ltr'><strong>allatum</strong></span> <span class='ocrx_word' id='word_1_473' title='bbox 444 1819 497 1848; x_wconf 79' lang='lat' dir='ltr'><strong>est,</strong></span> <span class='ocrx_word' id='word_1_474' title='bbox 513 1823 528 1842; x_wconf 88' lang='lat' dir='ltr'><strong>e</strong></span> <span class='ocrx_word' id='word_1_475' title='bbox 544 1816 628 1843; x_wconf 86' lang='lat' dir='ltr'><strong>variis</strong></span> <span class='ocrx_word' id='word_1_476' title='bbox 646 1816 720 1844; x_wconf 88' lang='lat' dir='ltr'><strong>illius</strong></span> <span class='ocrx_word' id='word_1_477' title='bbox 735 1817 788 1844; x_wconf 88' lang='lat' dir='ltr'><strong>loci</strong></span> <span class='ocrx_word' id='word_1_478' title='bbox 802 1817 920 1851; x_wconf 87' lang='lat' dir='ltr'><strong>pellibus</strong></span> <span class='ocrx_word' id='word_1_479' title='bbox 934 1819 1103 1848; x_wconf 86' lang='lat' dir='ltr'><strong>confectum.</strong></span> 
     </span>
    </p>
   </div>
   <div class='ocr_carea' id='block_1_71' title="bbox 316 1858 1104 1900">
    <p class='ocr_par' dir='ltr' id='par_1_71' title="bbox 316 1858 1104 1900">
     <span class='ocr_line' id='line_1_71' title="bbox 316 1858 1104 1900; baseline 0.009 -14"><span class='ocrx_word' id='word_1_480' title='bbox 316 1858 395 1892; x_wconf 83' lang='lat' dir='ltr'><strong>Quod</strong></span> <span class='ocrx_word' id='word_1_481' title='bbox 414 1861 495 1888; x_wconf 89' lang='lat' dir='ltr'><strong>modo</strong></span> <span class='ocrx_word' id='word_1_482' title='bbox 509 1867 665 1893; x_wconf 78' lang='lat' dir='ltr'><strong>extensum.</strong></span> <span class='ocrx_word' id='word_1_483' title='bbox 682 1863 747 1889; x_wconf 89' lang='lat' dir='ltr'><strong>dum</strong></span> <span class='ocrx_word' id='word_1_484' title='bbox 764 1863 865 1891; x_wconf 83' lang='lat' dir='ltr'><strong>Narses</strong></span> <span class='ocrx_word' id='word_1_485' title='bbox 890 1866 1104 1900; x_wconf 85' lang='lat' dir='ltr'><strong>contemplatur,</strong></span> 
     </span>
    </p>
   </div>
   <div class='ocr_carea' id='block_1_72' title="bbox 317 1908 1101 1947">
    <p class='ocr_par' dir='ltr' id='par_1_72' title="bbox 317 1908 1101 1947">
     <span class='ocr_line' id='line_1_72' title="bbox 317 1908 1101 1947; baseline 0.009 -13"><span class='ocrx_word' id='word_1_486' title='bbox 317 1911 397 1943; x_wconf 78' lang='lat' dir='ltr'><strong>rogat</strong></span> <span class='ocrx_word' id='word_1_487' title='bbox 412 1908 581 1937; x_wconf 78' lang='lat' dir='ltr'><strong>Adanarsem</strong></span> <span class='ocrx_word' id='word_1_488' title='bbox 595 1918 712 1945; x_wconf 87' lang='lat' dir='ltr'><strong>puerum</strong></span> <span class='ocrx_word' id='word_1_489' title='bbox 725 1911 827 1943; x_wconf 91' lang='lat' dir='ltr'><strong>adhuc,</strong></span> <span class='ocrx_word' id='word_1_490' title='bbox 845 1917 875 1939; x_wconf 90' lang='lat' dir='ltr'><strong>ut</strong></span> <span class='ocrx_word' id='word_1_491' title='bbox 889 1913 1016 1947; x_wconf 83' lang='lat' dir='ltr'><strong>placeat?</strong></span> <span class='ocrx_word' id='word_1_492' title='bbox 1031 1913 1101 1941; x_wconf 89' lang='lat' dir='ltr'><strong>Tum</strong></span> 
     </span>
    </p>
   </div>
   <div class='ocr_carea' id='block_1_73' title="bbox 316 1953 1105 1992">
    <p class='ocr_par' dir='ltr' id='par_1_73' title="bbox 316 1953 1105 1992">
     <span class='ocr_line' id='line_1_73' title="bbox 316 1953 1105 1992; baseline 0.006 -12"><span class='ocrx_word' id='word_1_493' title='bbox 316 1953 363 1980; x_wconf 83' lang='lat' dir='ltr'><strong>ille</strong></span> <span class='ocrx_word' id='word_1_494' title='bbox 377 1961 384 1980; x_wconf 88' lang='lat'><strong>:</strong></span> <span class='ocrx_word' id='word_1_495' title='bbox 400 1953 457 1986; x_wconf 83' lang='lat' dir='ltr'><strong>Ubi,</strong></span> <span class='ocrx_word' id='word_1_496' title='bbox 473 1955 572 1989; x_wconf 86' lang='lat' dir='ltr'><strong>inquit,</strong></span> <span class='ocrx_word' id='word_1_497' title='bbox 588 1963 667 1991; x_wconf 84' lang='lat' dir='ltr'><strong>regno</strong></span> <span class='ocrx_word' id='word_1_498' title='bbox 681 1957 777 1991; x_wconf 79' lang='lat' dir='ltr'><strong>potitus</strong></span> <span class='ocrx_word' id='word_1_499' title='bbox 791 1957 875 1991; x_wconf 81' lang='lat' dir='ltr'><strong>fuero,</strong></span> <span class='ocrx_word' id='word_1_500' title='bbox 895 1958 1030 1992; x_wconf 76' lang='lat' dir='ltr'><strong>pulchrius</strong></span> <span class='ocrx_word' id='word_1_501' title='bbox 1047 1963 1105 1985; x_wconf 86' lang='lat' dir='ltr'><strong>ten-</strong></span> 
     </span>
    </p>
   </div>
   <div class='ocr_carea' id='block_1_74' title="bbox 316 1999 1104 2039">
    <p class='ocr_par' dir='ltr' id='par_1_74' title="bbox 316 1999 1104 2039">
     <span class='ocr_line' id='line_1_74' title="bbox 316 1999 1104 2039; baseline 0.01 -15"><span class='ocrx_word' id='word_1_502' title='bbox 316 1999 414 2025; x_wconf 85' lang='lat' dir='ltr'><strong>torium</strong></span> <span class='ocrx_word' id='word_1_503' title='bbox 426 2007 458 2026; x_wconf 65' lang='grc' dir='ltr'>επ</span> <span class='ocrx_word' id='word_1_504' title='bbox 472 2001 595 2028; x_wconf 78' lang='lat' dir='ltr'><strong>humanis</strong></span> <span class='ocrx_word' id='word_1_505' title='bbox 615 2001 726 2035; x_wconf 76' lang='lat' dir='ltr'><strong>pellibus</strong></span> <span class='ocrx_word' id='word_1_506' title='bbox 740 2002 889 2036; x_wconf 80' lang='lat' dir='ltr'><strong>conficiant.</strong></span> <span class='ocrx_word' id='word_1_507' title='bbox 917 2003 964 2031; x_wconf 86' lang='lat' dir='ltr'><strong>Sic</strong></span> <span class='ocrx_word' id='word_1_508' title='bbox 989 2005 1022 2031; x_wconf 89' lang='lat' dir='ltr'><strong>ah</strong></span> <span class='ocrx_word' id='word_1_509' title='bbox 1046 2005 1104 2039; x_wconf 87' lang='lat' dir='ltr'><strong>ipsa</strong></span> 
     </span>
    </p>
   </div>
   <div class='ocr_carea' id='block_1_75' title="bbox 315 2044 1096 2085">
    <p class='ocr_par' dir='ltr' id='par_1_75' title="bbox 315 2044 1096 2085">
     <span class='ocr_line' id='line_1_75' title="bbox 315 2044 1096 2085; baseline 0.008 -14"><span class='ocrx_word' id='word_1_510' title='bbox 315 2044 430 2072; x_wconf 90' lang='lat' dir='ltr'><strong>infantia</strong></span> <span class='ocrx_word' id='word_1_511' title='bbox 447 2046 644 2074; x_wconf 86' lang='lat' dir='ltr'><strong>immanitatem</strong></span> <span class='ocrx_word' id='word_1_512' title='bbox 664 2055 741 2075; x_wconf 86' lang='lat' dir='ltr'><strong>suam</strong></span> <span class='ocrx_word' id='word_1_513' title='bbox 759 2049 924 2076; x_wconf 87' lang='lat' dir='ltr'><strong>declarabat.</strong></span> <span class='ocrx_word' id='word_1_514' title='bbox 947 2050 987 2077; x_wconf 87' lang='lat' dir='ltr'><strong>Eo</strong></span> <span class='ocrx_word' id='word_1_515' title='bbox 1012 2050 1096 2085; x_wconf 83' lang='lat' dir='ltr'><strong>igitur</strong></span> 
     </span>
    </p>
   </div>
   <div class='ocr_carea' id='block_1_76' title="bbox 315 2090 1099 2128">
    <p class='ocr_par' dir='ltr' id='par_1_76' title="bbox 315 2090 1099 2128">
     <span class='ocr_line' id='line_1_76' title="bbox 315 2090 1099 2128; baseline 0.006 -11"><span class='ocrx_word' id='word_1_516' title='bbox 315 2090 408 2124; x_wconf 86' lang='lat' dir='ltr'><strong>pulso,</strong></span> <span class='ocrx_word' id='word_1_517' title='bbox 434 2090 530 2126; x_wconf 88' lang='lat' dir='ltr'><strong>Sapori</strong></span> <span class='ocrx_word' id='word_1_518' title='bbox 555 2100 670 2127; x_wconf 83' lang='lat' dir='ltr'><strong>regnum</strong></span> <span class='ocrx_word' id='word_1_519' title='bbox 699 2097 741 2120; x_wconf 90' lang='lat' dir='ltr'><strong>est</strong></span> <span class='ocrx_word' id='word_1_520' title='bbox 764 2093 905 2121; x_wconf 89' lang='lat' dir='ltr'><strong>delatum:</strong></span> <span class='ocrx_word' id='word_1_521' title='bbox 933 2095 980 2128; x_wconf 87' lang='lat' dir='ltr'><strong>qui</strong></span> <span class='ocrx_word' id='word_1_522' title='bbox 1005 2095 1099 2122; x_wconf 84' lang='lat' dir='ltr'><strong>statim</strong></span> 
     </span>
    </p>
   </div>
   <div class='ocr_carea' id='block_1_77' title="bbox 315 2137 1103 2174">
    <p class='ocr_par' dir='ltr' id='par_1_77' title="bbox 315 2137 1103 2174">
     <span class='ocr_line' id='line_1_77' title="bbox 315 2137 1103 2174; baseline 0.006 -12"><span class='ocrx_word' id='word_1_523' title='bbox 315 2137 430 2164; x_wconf 82' lang='lat' dir='ltr'><strong>fratrem</strong></span> <span class='ocrx_word' id='word_1_524' title='bbox 455 2138 573 2165; x_wconf 85' lang='lat' dir='ltr'><strong>alterum</strong></span> <span class='ocrx_word' id='word_1_525' title='bbox 595 2139 684 2167; x_wconf 89' lang='lat' dir='ltr'><strong>oculis</strong></span> <span class='ocrx_word' id='word_1_526' title='bbox 709 2140 810 2174; x_wconf 83' lang='lat' dir='ltr'><strong>privat,</strong></span> <span class='ocrx_word' id='word_1_527' title='bbox 839 2140 1012 2168; x_wconf 85' lang='lat' dir='ltr'><strong>Hormisdam</strong></span> <span class='ocrx_word' id='word_1_528' title='bbox 1041 2142 1103 2168; x_wconf 84' lang='lat' dir='ltr'><strong>vin-</strong></span> 
     </span>
    </p>
   </div>
   <div class='ocr_carea' id='block_1_78' title="bbox 315 2182 1100 2219">
    <p class='ocr_par' dir='ltr' id='par_1_78' title="bbox 315 2182 1100 2219">
     <span class='ocr_line' id='line_1_78' title="bbox 315 2182 1100 2219; baseline 0.008 -11"><span class='ocrx_word' id='word_1_529' title='bbox 315 2185 389 2208; x_wconf 91' lang='lat' dir='ltr'><strong>ctum</strong></span> <span class='ocrx_word' id='word_1_530' title='bbox 407 2182 434 2209; x_wconf 92' lang='lat' dir='ltr'><strong>in</strong></span> <span class='ocrx_word' id='word_1_531' title='bbox 450 2184 575 2210; x_wconf 85' lang='lat' dir='ltr'><strong>custodia</strong></span> <span class='ocrx_word' id='word_1_532' title='bbox 591 2188 674 2212; x_wconf 85' lang='lat' dir='ltr'><strong>tenet.</strong></span> <span class='ocrx_word' id='word_1_533' title='bbox 691 2184 828 2212; x_wconf 69' lang='lat' dir='ltr'><strong>Caeterum</strong></span> <span class='ocrx_word' id='word_1_534' title='bbox 849 2190 949 2219; x_wconf 83' lang='lat' dir='ltr'><strong>mater,</strong></span> <span class='ocrx_word' id='word_1_535' title='bbox 977 2191 1007 2214; x_wconf 87' lang='lat' dir='ltr'><strong>et</strong></span> <span class='ocrx_word' id='word_1_536' title='bbox 1033 2195 1100 2214; x_wconf 83' lang='lat' dir='ltr'><strong>uxor</strong></span> 
     </span>
    </p>
   </div>
   <div class='ocr_carea' id='block_1_79' title="bbox 314 2227 1100 2264">
    <p class='ocr_par' dir='ltr' id='par_1_79' title="bbox 314 2227 1100 2264">
     <span class='ocr_line' id='line_1_79' title="bbox 314 2227 1100 2264; baseline 0.008 -11"><span class='ocrx_word' id='word_1_537' title='bbox 314 2227 401 2260; x_wconf 88' lang='lat' dir='ltr'><strong>illius,</strong></span> <span class='ocrx_word' id='word_1_538' title='bbox 418 2229 581 2256; x_wconf 84' lang='lat' dir='ltr'><strong>custodibus</strong></span> <span class='ocrx_word' id='word_1_539' title='bbox 598 2230 715 2264; x_wconf 84' lang='lat' dir='ltr'><strong>pecunia</strong></span> <span class='ocrx_word' id='word_1_540' title='bbox 736 2230 869 2264; x_wconf 77' lang='lat' dir='ltr'><strong>tlclinitis,</strong></span> <span class='ocrx_word' id='word_1_541' title='bbox 893 2232 926 2258; x_wconf 91' lang='lat' dir='ltr'><strong>ad</strong></span> <span class='ocrx_word' id='word_1_542' title='bbox 954 2232 1100 2259; x_wconf 86' lang='lat' dir='ltr'><strong>visendum</strong></span> 
     </span>
    </p>
   </div>
   <div class='ocr_carea' id='block_1_80' title="bbox 315 2273 1100 2311">
    <p class='ocr_par' dir='ltr' id='par_1_80' title="bbox 315 2273 1100 2311">
     <span class='ocr_line' id='line_1_80' title="bbox 315 2273 1100 2311; baseline 0.006 -12"><span class='ocrx_word' id='word_1_543' title='bbox 315 2280 379 2300; x_wconf 90' lang='lat' dir='ltr'><strong>cum</strong></span> <span class='ocrx_word' id='word_1_544' title='bbox 394 2273 530 2306; x_wconf 65' lang='lat' dir='ltr'><strong>admisse,</strong></span> <span class='ocrx_word' id='word_1_545' title='bbox 545 2274 638 2301; x_wconf 87' lang='lat' dir='ltr'><strong>limam</strong></span> <span class='ocrx_word' id='word_1_546' title='bbox 654 2275 692 2302; x_wconf 92' lang='lat' dir='ltr'><strong>illi</strong></span> <span class='ocrx_word' id='word_1_547' title='bbox 705 2275 850 2308; x_wconf 88' lang='lat' dir='ltr'><strong>dederunt,</strong></span> <span class='ocrx_word' id='word_1_548' title='bbox 866 2284 920 2311; x_wconf 88' lang='lat' dir='ltr'><strong>qua</strong></span> <span class='ocrx_word' id='word_1_549' title='bbox 936 2276 1025 2304; x_wconf 83' lang='lat' dir='ltr'><strong>ferrea</strong></span> <span class='ocrx_word' id='word_1_550' title='bbox 1038 2278 1100 2304; x_wconf 85' lang='lat' dir='ltr'><strong>vin-</strong></span> 
     </span>
    </p>
   </div>
   <div class='ocr_carea' id='block_1_81' title="bbox 314 2319 584 2348">
    <p class='ocr_par' dir='ltr' id='par_1_81' title="bbox 314 2319 584 2348">
     <span class='ocr_line' id='line_1_81' title="bbox 314 2319 584 2348; baseline 0.011 -3"><span class='ocrx_word' id='word_1_551' title='bbox 314 2319 376 2346; x_wconf 87' lang='lat' dir='ltr'><strong>cula</strong></span> <span class='ocrx_word' id='word_1_552' title='bbox 401 2319 554 2348; x_wconf 88' lang='lat' dir='ltr'><strong>dissecaret</strong></span> <span class='ocrx_word' id='word_1_553' title='bbox 577 2330 584 2348; x_wconf 87' lang='lat'><strong>:</strong></span> 
     </span>
    </p>
   </div>
   <div class='ocr_carea' id='block_1_82' title="bbox 313 2369 1099 2404">
    <p class='ocr_par' dir='ltr' id='par_1_82' title="bbox 313 2369 1099 2404">
     <span class='ocr_line' id='line_1_82' title="bbox 313 2369 1099 2404; baseline 0.006 -11"><span class='ocrx_word' id='word_1_554' title='bbox 313 2369 398 2399; x_wconf 78' lang='lat' dir='ltr'><strong>esset,</strong></span> <span class='ocrx_word' id='word_1_555' title='bbox 411 2371 591 2400; x_wconf 88' lang='lat' dir='ltr'><strong>monuerunt,</strong></span> <span class='ocrx_word' id='word_1_556' title='bbox 602 2369 706 2402; x_wconf 82' lang='lat' dir='ltr'><strong>paratis</strong></span> <span class='ocrx_word' id='word_1_557' title='bbox 723 2370 803 2404; x_wconf 74' lang='lat' dir='ltr'><strong>equis</strong></span> <span class='ocrx_word' id='word_1_558' title='bbox 817 2375 844 2397; x_wconf 90' lang='lat' dir='ltr'><strong>et</strong></span> <span class='ocrx_word' id='word_1_559' title='bbox 860 2370 930 2404; x_wconf 81' lang='lat' dir='ltr'><strong>fuga:</strong></span> <span class='ocrx_word' id='word_1_560' title='bbox 939 2370 1099 2398; x_wconf 89' lang='lat' dir='ltr'><strong>comitibus.</strong></span> 
     </span>
    </p>
   </div>
   <div class='ocr_carea' id='block_1_83' title="bbox 1156 1583 1945 1623">
    <p class='ocr_par' dir='ltr' id='par_1_83' title="bbox 1156 1583 1945 1623">
     <span class='ocr_line' id='line_1_83' title="bbox 1156 1583 1945 1623; baseline -0.01 -8"><span class='ocrx_word' id='word_1_561' title='bbox 1156 1588 1256 1615; x_wconf 79' lang='grc' dir='ltr'>ἀδίκων</span> <span class='ocrx_word' id='word_1_562' title='bbox 1273 1586 1351 1623; x_wconf 78' lang='grc' dir='ltr'>ἦρξε,</span> <span class='ocrx_word' id='word_1_563' title='bbox 1377 1587 1423 1613; x_wconf 80' lang='grc' dir='ltr'>καὶ</span> <span class='ocrx_word' id='word_1_564' title='bbox 1449 1587 1498 1621; x_wconf 88' lang='grc' dir='ltr'>τὴν</span> <span class='ocrx_word' id='word_1_565' title='bbox 1525 1587 1630 1612; x_wconf 75' lang='grc' dir='ltr'>οἰκείαν</span> <span class='ocrx_word' id='word_1_566' title='bbox 1655 1584 1703 1619; x_wconf 78' lang='grc' dir='ltr'>τῆς</span> <span class='ocrx_word' id='word_1_567' title='bbox 1731 1584 1820 1618; x_wconf 75' lang='grc' dir='ltr'>ἀρχῆς</span> <span class='ocrx_word' id='word_1_568' title='bbox 1845 1583 1945 1617; x_wconf 81' lang='grc' dir='ltr'>μοῖραν</span> 
     </span>
    </p>
   </div>
   <div class='ocr_carea' id='block_1_84' title="bbox 1157 1628 1945 1668">
    <p class='ocr_par' dir='ltr' id='par_1_84' title="bbox 1157 1628 1945 1668">
     <span class='ocr_line' id='line_1_84' title="bbox 1157 1628 1945 1668; baseline -0.01 -7"><span class='ocrx_word' id='word_1_569' title='bbox 1157 1634 1312 1666; x_wconf 79' lang='grc' dir='ltr'>ἀποϐαλὼν,</span> <span class='ocrx_word' id='word_1_570' title='bbox 1345 1634 1390 1660; x_wconf 80' lang='grc' dir='ltr'>καὶ</span> <span class='ocrx_word' id='word_1_571' title='bbox 1421 1633 1506 1667; x_wconf 82' lang='grc' dir='ltr'>αὐτὴν</span> <span class='ocrx_word' id='word_1_572' title='bbox 1535 1631 1756 1668; x_wconf 78' lang='grc' dir='ltr'>προσζημιωθεὶς</span> <span class='ocrx_word' id='word_1_573' title='bbox 1781 1629 1830 1663; x_wconf 81' lang='grc' dir='ltr'>τὴν</span> <span class='ocrx_word' id='word_1_574' title='bbox 1859 1628 1945 1663; x_wconf 75' lang='grc' dir='ltr'>ζωήν.</span> 
     </span>
    </p>
   </div>
   <div class='ocr_carea' id='block_1_85' title="bbox 1156 1674 1944 1715">
    <p class='ocr_par' dir='ltr' id='par_1_85' title="bbox 1156 1674 1944 1715">
     <span class='ocr_line' id='line_1_85' title="bbox 1156 1674 1944 1715; baseline -0.009 -8"><span class='ocrx_word' id='word_1_575' title='bbox 1156 1681 1212 1707; x_wconf 77' lang='grc' dir='ltr'><strong>Καὶ</strong></span> <span class='ocrx_word' id='word_1_576' title='bbox 1228 1680 1340 1714; x_wconf 83' lang='grc' dir='ltr'>γέγονεν</span> <span class='ocrx_word' id='word_1_577' title='bbox 1354 1679 1371 1715; x_wconf 82' lang='grc' dir='ltr'><strong>ἡ</strong></span> <span class='ocrx_word' id='word_1_578' title='bbox 1384 1679 1433 1713; x_wconf 84' lang='grc' dir='ltr'>τῆς</span> <span class='ocrx_word' id='word_1_579' title='bbox 1448 1679 1578 1714; x_wconf 72' lang='grc' dir='ltr'>ἑσπερίου</span> <span class='ocrx_word' id='word_1_580' title='bbox 1600 1677 1702 1712; x_wconf 76' lang='grc' dir='ltr'>λήξεως</span> <span class='ocrx_word' id='word_1_581' title='bbox 1717 1676 1885 1711; x_wconf 75' lang='grc' dir='ltr'>ἐπικράτεια</span> <span class='ocrx_word' id='word_1_582' title='bbox 1901 1674 1944 1708; x_wconf 77' lang='grc' dir='ltr'><strong>ὑφ’</strong></span> 
     </span>
    </p>
   </div>
   <div class='ocr_carea' id='block_1_86' title="bbox 1156 1721 1944 1760">
    <p class='ocr_par' dir='ltr' id='par_1_86' title="bbox 1156 1721 1944 1760">
     <span class='ocr_line' id='line_1_86' title="bbox 1156 1721 1944 1760; baseline -0.008 -8"><span class='ocrx_word' id='word_1_583' title='bbox 1156 1727 1196 1752; x_wconf 71' lang='grc' dir='ltr'><strong>ἑνὶ</strong></span> <span class='ocrx_word' id='word_1_584' title='bbox 1216 1727 1265 1760; x_wconf 84' lang='grc' dir='ltr'><strong>μὲν</strong></span> <span class='ocrx_word' id='word_1_585' title='bbox 1280 1725 1439 1753; x_wconf 85' lang='grc' dir='ltr'>Κώνσταντι</span> <span class='ocrx_word' id='word_1_586' title='bbox 1453 1725 1509 1760; x_wconf 75' lang='grc'><strong>(52)</strong></span> <span class='ocrx_word' id='word_1_587' title='bbox 1530 1725 1647 1759; x_wconf 78' lang='grc' dir='ltr'>βασιλεῖ.</span> <span class='ocrx_word' id='word_1_588' title='bbox 1663 1721 1730 1750; x_wconf 76' lang='grc' dir='ltr'>Εἶτα</span> <span class='ocrx_word' id='word_1_589' title='bbox 1755 1723 1885 1752; x_wconf 77' lang='grc' dir='ltr'>κάκεῖνος</span> <span class='ocrx_word' id='word_1_590' title='bbox 1906 1721 1944 1751; x_wconf 80' lang='grc' dir='ltr'>εἰς</span> 
     </span>
    </p>
   </div>
   <div class='ocr_carea' id='block_1_87' title="bbox 1157 1766 1943 1805">
    <p class='ocr_par' dir='ltr' id='par_1_87' title="bbox 1157 1766 1943 1805">
     <span class='ocr_line' id='line_1_87' title="bbox 1157 1766 1943 1805; baseline -0.01 -7"><span class='ocrx_word' id='word_1_591' title='bbox 1157 1771 1319 1802; x_wconf 76' lang='grc' dir='ltr'>ἀλλοκότους</span> <span class='ocrx_word' id='word_1_592' title='bbox 1334 1770 1507 1802; x_wconf 80' lang='grc' dir='ltr'>ὲκκυλισθεὶς</span> <span class='ocrx_word' id='word_1_593' title='bbox 1524 1771 1629 1805; x_wconf 79' lang='grc' dir='ltr'>ἔρωτας</span> <span class='ocrx_word' id='word_1_594' title='bbox 1649 1769 1697 1795; x_wconf 74' lang='grc' dir='ltr'>καὶ</span> <span class='ocrx_word' id='word_1_595' title='bbox 1713 1766 1943 1802; x_wconf 70' lang='grc' dir='ltr'>ἐκδεδιῃτημένην</span> 
     </span>
    </p>
   </div>
   <div class='ocr_carea' id='block_1_88' title="bbox 1157 1811 1942 1853">
    <p class='ocr_par' dir='ltr' id='par_1_88' title="bbox 1157 1811 1942 1853">
     <span class='ocr_line' id='line_1_88' title="bbox 1157 1811 1942 1853; baseline -0.013 -8"><span class='ocrx_word' id='word_1_596' title='bbox 1157 1818 1230 1853; x_wconf 78' lang='grc' dir='ltr'>ζωὴν</span> <span class='ocrx_word' id='word_1_597' title='bbox 1260 1817 1312 1844; x_wconf 72' lang='grc' dir='ltr'>ὑπὸ</span> <span class='ocrx_word' id='word_1_598' title='bbox 1342 1817 1515 1851; x_wconf 82' lang='grc' dir='ltr'>Μαγνεντίου</span> <span class='ocrx_word' id='word_1_599' title='bbox 1538 1814 1732 1848; x_wconf 73' lang='grc' dir='ltr'>ἐπεϐουλεύθη,</span> <span class='ocrx_word' id='word_1_600' title='bbox 1764 1812 1812 1839; x_wconf 64' lang='grc' dir='ltr'>καὶ</span> <span class='ocrx_word' id='word_1_601' title='bbox 1840 1811 1942 1841; x_wconf 79' lang='grc' dir='ltr'>ἀθλίως</span> 
     </span>
    </p>
   </div>
   <div class='ocr_carea' id='block_1_89' title="bbox 1143 1859 1943 1897">
    <p class='ocr_par' dir='ltr' id='par_1_89' title="bbox 1143 1859 1943 1897">
     <span class='ocr_line' id='line_1_89' title="bbox 1143 1859 1943 1897; baseline -0.011 -6"><span class='ocrx_word' id='word_1_602' title='bbox 1143 1865 1293 1897; x_wconf 85' lang='grc' dir='ltr'>’ἀπώλετο,</span> <span class='ocrx_word' id='word_1_603' title='bbox 1308 1863 1490 1897; x_wconf 78' lang='grc' dir='ltr'>Μαγνεντὶου,</span> <span class='ocrx_word' id='word_1_604' title='bbox 1505 1862 1533 1888; x_wconf 79' lang='grc' dir='ltr'>ὃν</span> <span class='ocrx_word' id='word_1_605' title='bbox 1551 1862 1655 1892; x_wconf 75' lang='grc' dir='ltr'>ἐκεῖνος</span> <span class='ocrx_word' id='word_1_606' title='bbox 1668 1862 1700 1887; x_wconf 78' lang='grc' dir='ltr'>ἐκ</span> <span class='ocrx_word' id='word_1_607' title='bbox 1722 1859 1844 1888; x_wconf 74' lang='grc' dir='ltr'>στάσεως</span> <span class='ocrx_word' id='word_1_608' title='bbox 1861 1865 1943 1891; x_wconf 74' lang='grc' dir='ltr'>στρα-</span> 
     </span>
    </p>
   </div>
   <div class='ocr_carea' id='block_1_90' title="bbox 1155 1903 1944 1945">
    <p class='ocr_par' dir='ltr' id='par_1_90' title="bbox 1155 1903 1944 1945">
     <span class='ocr_line' id='line_1_90' title="bbox 1155 1903 1944 1945; baseline -0.013 -8"><span class='ocrx_word' id='word_1_609' title='bbox 1155 1911 1286 1945; x_wconf 78' lang='grc' dir='ltr'>τιωτικῆς</span> <span class='ocrx_word' id='word_1_610' title='bbox 1309 1909 1460 1944; x_wconf 80' lang='grc' dir='ltr'>περιέσωσε</span> <span class='ocrx_word' id='word_1_611' title='bbox 1488 1907 1690 1938; x_wconf 81' lang='grc' dir='ltr'>κινδυνεύοντα,</span> <span class='ocrx_word' id='word_1_612' title='bbox 1715 1905 1766 1941; x_wconf 75' lang='grc' dir='ltr'><strong>ήδη</strong></span> <span class='ocrx_word' id='word_1_613' title='bbox 1789 1903 1844 1930; x_wconf 85' lang='grc' dir='ltr'>τῶν</span> <span class='ocrx_word' id='word_1_614' title='bbox 1858 1911 1944 1937; x_wconf 83' lang='grc' dir='ltr'>στρα-</span> 
     </span>
    </p>
   </div>
   <div class='ocr_carea' id='block_1_91' title="bbox 1155 1949 1943 1987">
    <p class='ocr_par' dir='ltr' id='par_1_91' title="bbox 1155 1949 1943 1987">
     <span class='ocr_line' id='line_1_91' title="bbox 1155 1949 1943 1987; baseline -0.011 -5"><span class='ocrx_word' id='word_1_615' title='bbox 1155 1955 1259 1982; x_wconf 85' lang='grc' dir='ltr'>τιωτῶν</span> <span class='ocrx_word' id='word_1_616' title='bbox 1280 1954 1340 1980; x_wconf 85' lang='grc' dir='ltr'>κατ’</span> <span class='ocrx_word' id='word_1_617' title='bbox 1354 1953 1459 1980; x_wconf 75' lang='grc' dir='ltr'>ἐκείνου</span> <span class='ocrx_word' id='word_1_618' title='bbox 1479 1955 1513 1980; x_wconf 65' lang='grc' dir='ltr'><strong>τὰ</strong></span> <span class='ocrx_word' id='word_1_619' title='bbox 1534 1952 1598 1987; x_wconf 79' lang='grc' dir='ltr'>ξίφη</span> <span class='ocrx_word' id='word_1_620' title='bbox 1613 1952 1747 1987; x_wconf 81' lang='grc' dir='ltr'>ᾑρκότων,</span> <span class='ocrx_word' id='word_1_621' title='bbox 1774 1949 1823 1976; x_wconf 82' lang='grc' dir='ltr'><strong>καὶ</strong></span> <span class='ocrx_word' id='word_1_622' title='bbox 1837 1949 1943 1982; x_wconf 77' lang='grc' dir='ltr'>διαχει-</span> 
     </span>
    </p>
   </div>
   <div class='ocr_carea' id='block_1_92' title="bbox 1157 1993 1943 2036">
    <p class='ocr_par' dir='ltr' id='par_1_92' title="bbox 1157 1993 1943 2036">
     <span class='ocr_line' id='line_1_92' title="bbox 1157 1993 1943 2036; baseline -0.013 -8"><span class='ocrx_word' id='word_1_623' title='bbox 1157 2001 1284 2036; x_wconf 73' lang='grc' dir='ltr'>ρίσασθαι</span> <span class='ocrx_word' id='word_1_624' title='bbox 1311 2001 1392 2028; x_wconf 82' lang='grc' dir='ltr'>αὑτὸν</span> <span class='ocrx_word' id='word_1_625' title='bbox 1419 2000 1601 2035; x_wconf 79' lang='grc' dir='ltr'>ὡρμηκότων.</span> <span class='ocrx_word' id='word_1_626' title='bbox 1633 1999 1662 2025; x_wconf 90' lang='grc'><strong>’0</strong></span> <span class='ocrx_word' id='word_1_627' title='bbox 1689 1995 1884 2026; x_wconf 77' lang='grc' dir='ltr'>Κωνστάντιος</span> <span class='ocrx_word' id='word_1_628' title='bbox 1916 1993 1943 2019; x_wconf 65' lang='grc' dir='ltr'><strong>δὲ</strong></span> 
     </span>
    </p>
   </div>
   <div class='ocr_carea' id='block_1_93' title="bbox 1155 2041 1941 2080">
    <p class='ocr_par' dir='ltr' id='par_1_93' title="bbox 1155 2041 1941 2080">
     <span class='ocr_line' id='line_1_93' title="bbox 1155 2041 1941 2080; baseline -0.011 -7"><span class='ocrx_word' id='word_1_629' title='bbox 1155 2046 1220 2080; x_wconf 76' lang='grc' dir='ltr'>περὶ</span> <span class='ocrx_word' id='word_1_630' title='bbox 1246 2046 1295 2080; x_wconf 87' lang='grc' dir='ltr'>τὴν</span> <span class='ocrx_word' id='word_1_631' title='bbox 1322 2045 1392 2080; x_wconf 75' lang='grc' dir='ltr'>ἑῴαν</span> <span class='ocrx_word' id='word_1_632' title='bbox 1418 2044 1566 2079; x_wconf 78' lang='grc' dir='ltr'>διατρίὸων</span> <span class='ocrx_word' id='word_1_633' title='bbox 1590 2045 1646 2074; x_wconf 78' lang='grc' dir='ltr'>τοῖς</span> <span class='ocrx_word' id='word_1_634' title='bbox 1665 2043 1781 2077; x_wconf 77' lang='grc' dir='ltr'>Πέρσαις</span> <span class='ocrx_word' id='word_1_635' title='bbox 1810 2041 1941 2074; x_wconf 77' lang='grc' dir='ltr'>ἐμάχετο,</span> 
     </span>
    </p>
   </div>
   <div class='ocr_carea' id='block_1_94' title="bbox 1155 2086 1940 2126">
    <p class='ocr_par' dir='ltr' id='par_1_94' title="bbox 1155 2086 1940 2126">
     <span class='ocr_line' id='line_1_94' title="bbox 1155 2086 1940 2126; baseline -0.009 -8"><span class='ocrx_word' id='word_1_636' title='bbox 1155 2092 1287 2126; x_wconf 83' lang='grc' dir='ltr'>Σαπώρου</span> <span class='ocrx_word' id='word_1_637' title='bbox 1302 2091 1357 2126; x_wconf 76' lang='grc'><strong>(53)</strong></span> <span class='ocrx_word' id='word_1_638' title='bbox 1372 2091 1418 2118; x_wconf 76' lang='grc' dir='ltr'>τοῦ</span> <span class='ocrx_word' id='word_1_639' title='bbox 1436 2091 1541 2122; x_wconf 73' lang='grc' dir='ltr'>ἔθνους,</span> <span class='ocrx_word' id='word_1_640' title='bbox 1553 2090 1590 2120; x_wconf 85' lang='grc' dir='ltr'>ὡς</span> <span class='ocrx_word' id='word_1_641' title='bbox 1604 2089 1723 2124; x_wconf 73' lang='grc' dir='ltr'>εἴρηται,</span> <span class='ocrx_word' id='word_1_642' title='bbox 1740 2086 1940 2122; x_wconf 84' lang='grc' dir='ltr'>βασιλεύοντος·</span> 
     </span>
    </p>
   </div>
   <div class='ocr_carea' id='block_1_95' title="bbox 1153 2134 1942 2173">
    <p class='ocr_par' dir='ltr' id='par_1_95' title="bbox 1153 2134 1942 2173">
     <span class='ocr_line' id='line_1_95' title="bbox 1153 2134 1942 2173; baseline -0.01 -8"><span class='ocrx_word' id='word_1_643' title='bbox 1153 2139 1183 2170; x_wconf 85' lang='grc' dir='ltr'>ὃς</span> <span class='ocrx_word' id='word_1_644' title='bbox 1207 2138 1303 2173; x_wconf 88' lang='grc' dir='ltr'>Ναρσῆ</span> <span class='ocrx_word' id='word_1_645' title='bbox 1325 2137 1375 2173; x_wconf 81' lang='grc' dir='ltr'><strong>μὲν</strong></span> <span class='ocrx_word' id='word_1_646' title='bbox 1389 2134 1423 2173; x_wconf 84' lang='grc' dir='ltr'>ἦν</span> <span class='ocrx_word' id='word_1_647' title='bbox 1446 2137 1515 2169; x_wconf 74' lang='grc' dir='ltr'>υἱὸς,</span> <span class='ocrx_word' id='word_1_648' title='bbox 1529 2136 1559 2162; x_wconf 75' lang='grc' dir='ltr'>οὐ</span> <span class='ocrx_word' id='word_1_649' title='bbox 1581 2136 1672 2170; x_wconf 75' lang='grc' dir='ltr'>μέντοι</span> <span class='ocrx_word' id='word_1_650' title='bbox 1693 2135 1722 2167; x_wconf 69' lang='grc' dir='ltr'><strong>ἐξ</strong></span> <span class='ocrx_word' id='word_1_651' title='bbox 1737 2134 1879 2167; x_wconf 71' lang='grc' dir='ltr'>ἐπισήμου</span> <span class='ocrx_word' id='word_1_652' title='bbox 1895 2140 1942 2165; x_wconf 85' lang='grc' dir='ltr'><strong>γυ-</strong></span> 
     </span>
    </p>
   </div>
   <div class='ocr_carea' id='block_1_96' title="bbox 1154 2179 1941 2217">
    <p class='ocr_par' dir='ltr' id='par_1_96' title="bbox 1154 2179 1941 2217">
     <span class='ocr_line' id='line_1_96' title="bbox 1154 2179 1941 2217; baseline -0.008 -6"><span class='ocrx_word' id='word_1_653' title='bbox 1154 2184 1257 2216; x_wconf 84' lang='grc' dir='ltr'>ναικός.</span> <span class='ocrx_word' id='word_1_654' title='bbox 1276 2183 1324 2210; x_wconf 84' lang='grc' dir='ltr'><strong>Ἐκ</strong></span> <span class='ocrx_word' id='word_1_655' title='bbox 1336 2184 1389 2217; x_wconf 68' lang='grc' dir='ltr'>γὰρ</span> <span class='ocrx_word' id='word_1_656' title='bbox 1403 2183 1453 2217; x_wconf 76' lang='grc' dir='ltr'>τῆς</span> <span class='ocrx_word' id='word_1_657' title='bbox 1469 2181 1666 2217; x_wconf 82' lang='grc' dir='ltr'>πρωτευούσης</span> <span class='ocrx_word' id='word_1_658' title='bbox 1678 2180 1733 2207; x_wconf 85' lang='grc' dir='ltr'>τῶν</span> <span class='ocrx_word' id='word_1_659' title='bbox 1748 2179 1832 2206; x_wconf 79' lang='grc' dir='ltr'>αὐτοῦ</span> <span class='ocrx_word' id='word_1_660' title='bbox 1847 2187 1941 2212; x_wconf 82' lang='grc' dir='ltr'>γυναι-</span> 
     </span>
    </p>
   </div>
   <div class='ocr_carea' id='block_1_97' title="bbox 1117 2217 1940 2264">
    <p class='ocr_par' dir='ltr' id='par_1_97' title="bbox 1117 2217 1940 2264">
     <span class='ocr_line' id='line_1_97' title="bbox 1117 2217 1940 2264; baseline -0.009 -7"><span class='ocrx_word' id='word_1_661' title='bbox 1117 2217 1139 2246; x_wconf 79' lang='grc' dir='ltr'><strong>υ</strong></span> <span class='ocrx_word' id='word_1_662' title='bbox 1153 2231 1208 2257; x_wconf 83' lang='grc' dir='ltr'><strong>κῶν</strong></span> <span class='ocrx_word' id='word_1_663' title='bbox 1230 2231 1304 2264; x_wconf 83' lang='grc' dir='ltr'>τρεῖς</span> <span class='ocrx_word' id='word_1_664' title='bbox 1328 2229 1452 2263; x_wconf 76' lang='grc' dir='ltr'>ἐγένοντο</span> <span class='ocrx_word' id='word_1_665' title='bbox 1474 2228 1513 2264; x_wconf 84' lang='grc' dir='ltr'>τῷ</span> <span class='ocrx_word' id='word_1_666' title='bbox 1528 2229 1624 2263; x_wconf 63' lang='lat' dir='ltr'><strong>Nape?)</strong></span> <span class='ocrx_word' id='word_1_667' title='bbox 1647 2227 1751 2259; x_wconf 75' lang='grc' dir='ltr'>παῖδες,</span> <span class='ocrx_word' id='word_1_668' title='bbox 1771 2225 1940 2260; x_wconf 78' lang='grc' dir='ltr'>Ἀδανάρσης</span> 
     </span>
    </p>
   </div>
   <div class='ocr_carea' id='block_1_98' title="bbox 1151 2271 1938 2310">
    <p class='ocr_par' dir='ltr' id='par_1_98' title="bbox 1151 2271 1938 2310">
     <span class='ocr_line' id='line_1_98' title="bbox 1151 2271 1938 2310; baseline -0.008 -8"><span class='ocrx_word' id='word_1_669' title='bbox 1151 2277 1199 2303; x_wconf 71' lang='grc' dir='ltr'><strong>καὶ</strong></span> <span class='ocrx_word' id='word_1_670' title='bbox 1223 2275 1371 2310; x_wconf 84' lang='grc' dir='ltr'>Ὀρμίσδας</span> <span class='ocrx_word' id='word_1_671' title='bbox 1395 2274 1442 2300; x_wconf 77' lang='grc' dir='ltr'><strong>καὶ</strong></span> <span class='ocrx_word' id='word_1_672' title='bbox 1466 2276 1559 2309; x_wconf 80' lang='grc' dir='ltr'>τρίτος</span> <span class='ocrx_word' id='word_1_673' title='bbox 1583 2274 1689 2308; x_wconf 69' lang='grc' dir='ltr'>ἔτερος.</span> <span class='ocrx_word' id='word_1_674' title='bbox 1716 2271 1938 2306; x_wconf 75' lang='grc' dir='ltr'>Τελευτήσαντος</span> 
     </span>
    </p>
   </div>
   <div class='ocr_carea' id='block_1_99' title="bbox 626 2317 1105 2358">
    <p class='ocr_par' dir='ltr' id='par_1_99' title="bbox 626 2323 1101 2358">
     <span class='ocr_line' id='line_1_99' title="bbox 626 2323 1101 2358; baseline 0.006 -10"><span class='ocrx_word' id='word_1_675' title='bbox 626 2327 654 2349; x_wconf 86' lang='lat' dir='ltr'><strong>et</strong></span> <span class='ocrx_word' id='word_1_676' title='bbox 685 2323 751 2356; x_wconf 87' lang='lat' dir='ltr'><strong>quid</strong></span> <span class='ocrx_word' id='word_1_677' title='bbox 784 2323 915 2358; x_wconf 88' lang='lat' dir='ltr'><strong>deinceps</strong></span> <span class='ocrx_word' id='word_1_678' title='bbox 941 2323 1101 2351; x_wconf 88' lang='lat' dir='ltr'><strong>faciendum</strong></span> 
     </span>
    </p>
   </div>
   <div class='ocr_carea' id='block_1_100' title="bbox 1155 2317 1938 2358">
    <p class='ocr_par' dir='ltr' id='par_1_100' title="bbox 1155 2317 1938 2357">
     <span class='ocr_line' id='line_1_100' title="bbox 1155 2317 1938 2357; baseline -0.009 -8"><span class='ocrx_word' id='word_1_679' title='bbox 1155 2323 1178 2349; x_wconf 61' lang='lat' dir='ltr'><strong>5s</strong></span> <span class='ocrx_word' id='word_1_680' title='bbox 1193 2322 1315 2357; x_wconf 77' lang='grc' dir='ltr'>Ναρσοῦ,</span> <span class='ocrx_word' id='word_1_681' title='bbox 1333 2323 1347 2348; x_wconf 86' lang='grc' dir='ltr'>ὁ</span> <span class='ocrx_word' id='word_1_682' title='bbox 1364 2321 1550 2356; x_wconf 73' lang='grc' dir='ltr'>πρεσϐύτερος</span> <span class='ocrx_word' id='word_1_683' title='bbox 1564 2319 1619 2347; x_wconf 85' lang='grc' dir='ltr'><strong>τῶν</strong></span> <span class='ocrx_word' id='word_1_684' title='bbox 1633 2319 1718 2355; x_wconf 81' lang='grc' dir='ltr'>τριῶν</span> <span class='ocrx_word' id='word_1_685' title='bbox 1734 2318 1838 2350; x_wconf 82' lang='grc' dir='ltr'>τούτων</span> <span class='ocrx_word' id='word_1_686' title='bbox 1861 2317 1938 2343; x_wconf 82' lang='grc' dir='ltr'>Ἀδα-</span> 
     </span>
    </p>
   </div>
   <div class='ocr_carea' id='block_1_101' title="bbox 1150 2364 1937 2405">
    <p class='ocr_par' dir='ltr' id='par_1_101' title="bbox 1150 2364 1937 2405">
     <span class='ocr_line' id='line_1_101' title="bbox 1150 2364 1937 2405; baseline -0.01 -9"><span class='ocrx_word' id='word_1_687' title='bbox 1150 2369 1254 2405; x_wconf 84' lang='grc' dir='ltr'>νάρσης</span> <span class='ocrx_word' id='word_1_688' title='bbox 1276 2369 1326 2402; x_wconf 87' lang='grc' dir='ltr'>τῆς</span> <span class='ocrx_word' id='word_1_689' title='bbox 1350 2369 1436 2404; x_wconf 79' lang='grc' dir='ltr'>ἀρχῆς</span> <span class='ocrx_word' id='word_1_690' title='bbox 1450 2368 1571 2403; x_wconf 76' lang='grc' dir='ltr'>διάδοχος</span> <span class='ocrx_word' id='word_1_691' title='bbox 1597 2368 1720 2402; x_wconf 76' lang='grc' dir='ltr'>γέγονεν.</span> <span class='ocrx_word' id='word_1_692' title='bbox 1740 2365 1821 2400; x_wconf 71' lang='grc' dir='ltr'><strong>Ὠμὸς</strong></span> <span class='ocrx_word' id='word_1_693' title='bbox 1836 2364 1864 2391; x_wconf 81' lang='grc' dir='ltr'>δὲ</span> <span class='ocrx_word' id='word_1_694' title='bbox 1879 2364 1937 2390; x_wconf 84' lang='grc' dir='ltr'>λίαν</span> 
     </span>
    </p>
   </div>
   <div class='ocr_carea' id='block_1_102' title="bbox 912 2449 1339 2480">
    <p class='ocr_par' dir='ltr' id='par_1_102' title="bbox 912 2449 1339 2480">
     <span class='ocr_line' id='line_1_102' title="bbox 912 2449 1339 2480; baseline 0 -1"><span class='ocrx_word' id='word_1_695' title='bbox 912 2449 1011 2480; x_wconf 72' lang='lat' dir='ltr'><strong>Varia)</strong></span> <span class='ocrx_word' id='word_1_696' title='bbox 1027 2449 1180 2480; x_wconf 87' lang='lat' dir='ltr'><strong>lectiones</strong></span> <span class='ocrx_word' id='word_1_697' title='bbox 1197 2452 1228 2479; x_wconf 90' lang='lat' dir='ltr'><strong>et</strong></span> <span class='ocrx_word' id='word_1_698' title='bbox 1246 2451 1339 2479; x_wconf 70' lang='lat' dir='ltr'><strong>notae.</strong></span> 
     </span>
    </p>
   </div>
   <div class='ocr_carea' id='block_1_103' title="bbox 350 2520 1093 2557">
    <p class='ocr_par' dir='ltr' id='par_1_103' title="bbox 350 2520 1093 2557">
     <span class='ocr_line' id='line_1_103' title="bbox 350 2520 1093 2557; baseline 0 -9"><span class='ocrx_word' id='word_1_699' title='bbox 350 2521 460 2557; x_wconf 71' lang='lat' dir='ltr'><strong>(‘29)Kai</strong></span> <span class='ocrx_word' id='word_1_700' title='bbox 476 2521 677 2557; x_wconf 60' lang='lat' dir='ltr'><strong>ugdcgodwtc</strong></span> <span class='ocrx_word' id='word_1_701' title='bbox 686 2520 743 2551; x_wconf 80' lang='grc' dir='ltr'>τὴν</span> <span class='ocrx_word' id='word_1_702' title='bbox 750 2520 870 2554; x_wconf 77' lang='grc' dir='ltr'>Θρᾴκην</span> <span class='ocrx_word' id='word_1_703' title='bbox 883 2522 943 2548; x_wconf 83' lang='grc' dir='ltr'>σὺν</span> <span class='ocrx_word' id='word_1_704' title='bbox 956 2521 993 2557; x_wconf 72' lang='grc' dir='ltr'>τῇ</span> <span class='ocrx_word' id='word_1_705' title='bbox 1007 2523 1093 2548; x_wconf 75' lang='grc' dir='ltr'>πόλει</span> 
     </span>
    </p>
   </div>
   <div class='ocr_carea' id='block_1_104' title="bbox 314 2556 1092 2592">
    <p class='ocr_par' dir='ltr' id='par_1_104' title="bbox 314 2556 1092 2592">
     <span class='ocr_line' id='line_1_104' title="bbox 314 2556 1092 2592; baseline -0.003 -7"><span class='ocrx_word' id='word_1_706' title='bbox 314 2556 358 2592; x_wconf 70' lang='grc' dir='ltr'>τῇ</span> <span class='ocrx_word' id='word_1_707' title='bbox 385 2556 526 2591; x_wconf 78' lang='grc' dir='ltr'>πατρικῇ.</span> <span class='ocrx_word' id='word_1_708' title='bbox 553 2556 664 2583; x_wconf 82' lang='lat' dir='ltr'><strong>Etrassc</strong></span> <span class='ocrx_word' id='word_1_709' title='bbox 682 2557 844 2592; x_wconf 25' lang='lat' dir='ltr'><strong>iVictorcm,</strong></span> <span class='ocrx_word' id='word_1_710' title='bbox 872 2558 919 2590; x_wconf 88' lang='lat' dir='ltr'><strong>qui</strong></span> <span class='ocrx_word' id='word_1_711' title='bbox 949 2556 1092 2583; x_wconf 86' lang='lat' dir='ltr'><strong>Thraciam</strong></span> 
     </span>
    </p>
   </div>
   <div class='ocr_carea' id='block_1_105' title="bbox 312 2591 1092 2626">
    <p class='ocr_par' dir='ltr' id='par_1_105' title="bbox 312 2591 1092 2626">
     <span class='ocr_line' id='line_1_105' title="bbox 312 2591 1092 2626; baseline -0.003 -6"><span class='ocrx_word' id='word_1_712' title='bbox 312 2591 452 2620; x_wconf 67' lang='grc' dir='ltr'><strong>ροηδε-ιιιιὶ</strong></span> <span class='ocrx_word' id='word_1_713' title='bbox 473 2597 613 2626; x_wconf 85' lang='lat' dir='ltr'><strong>postremo</strong></span> <span class='ocrx_word' id='word_1_714' title='bbox 630 2599 663 2618; x_wconf 83' lang='lat' dir='ltr'><strong>ex</strong></span> <span class='ocrx_word' id='word_1_715' title='bbox 676 2591 850 2618; x_wconf 84' lang='lat' dir='ltr'><strong>Constantini</strong></span> <span class='ocrx_word' id='word_1_716' title='bbox 869 2591 932 2618; x_wconf 85' lang='lat' dir='ltr'><strong>filiis</strong></span> <span class='ocrx_word' id='word_1_717' title='bbox 944 2592 1092 2619; x_wconf 87' lang='lat' dir='ltr'><strong>obvenisse</strong></span> 
     </span>
    </p>
   </div>
   <div class='ocr_carea' id='block_1_106' title="bbox 313 2626 875 2661">
    <p class='ocr_par' dir='ltr' id='par_1_106' title="bbox 313 2626 875 2661">
     <span class='ocr_line' id='line_1_106' title="bbox 313 2626 875 2661; baseline -0.005 -7"><span class='ocrx_word' id='word_1_718' title='bbox 313 2628 419 2657; x_wconf 79' lang='lat' dir='ltr'><strong>Scribit.</strong></span> <span class='ocrx_word' id='word_1_719' title='bbox 433 2627 537 2661; x_wconf 86' lang='lat' dir='ltr'><strong>pridem</strong></span> <span class='ocrx_word' id='word_1_720' title='bbox 556 2627 734 2661; x_wconf 79' lang='lat' dir='ltr'><strong>observatum</strong></span> <span class='ocrx_word' id='word_1_721' title='bbox 750 2626 784 2654; x_wconf 84' lang='lat' dir='ltr'><strong>ab</strong></span> <span class='ocrx_word' id='word_1_722' title='bbox 805 2627 875 2654; x_wconf 87' lang='lat' dir='ltr'><strong>aliis.</strong></span> 
     </span>
    </p>
   </div>
   <div class='ocr_carea' id='block_1_107' title="bbox 349 2660 1092 2697">
    <p class='ocr_par' dir='ltr' id='par_1_107' title="bbox 349 2660 1092 2697">
     <span class='ocr_line' id='line_1_107' title="bbox 349 2660 1092 2697; baseline 0 -9"><span class='ocrx_word' id='word_1_723' title='bbox 349 2663 405 2697; x_wconf 73' lang='grc' dir='ltr'><strong>(δυ)</strong></span> <span class='ocrx_word' id='word_1_724' title='bbox 422 2662 504 2688; x_wconf 80' lang='grc' dir='ltr'>Κατὰ</span> <span class='ocrx_word' id='word_1_725' title='bbox 528 2660 659 2695; x_wconf 76' lang='grc' dir='ltr'>Περσῶν.</span> <span class='ocrx_word' id='word_1_726' title='bbox 681 2661 733 2693; x_wconf 88' lang='lat' dir='ltr'><strong>Qui</strong></span> <span class='ocrx_word' id='word_1_727' title='bbox 757 2661 928 2689; x_wconf 85' lang='lat' dir='ltr'><strong>Antiochiam</strong></span> <span class='ocrx_word' id='word_1_728' title='bbox 944 2663 1092 2690; x_wconf 80' lang='lat' dir='ltr'><strong>circumse-</strong></span> 
     </span>
    </p>
   </div>
   <div class='ocr_carea' id='block_1_108' title="bbox 313 2697 1093 2732">
    <p class='ocr_par' dir='ltr' id='par_1_108' title="bbox 313 2697 1093 2732">
     <span class='ocr_line' id='line_1_108' title="bbox 313 2697 1093 2732; baseline 0.001 -9"><span class='ocrx_word' id='word_1_729' title='bbox 313 2697 410 2723; x_wconf 84' lang='lat' dir='ltr'><strong>dcrant</strong></span> <span class='ocrx_word' id='word_1_730' title='bbox 425 2703 452 2723; x_wconf 86' lang='lat' dir='ltr'><strong>et</strong></span> <span class='ocrx_word' id='word_1_731' title='bbox 468 2701 610 2731; x_wconf 86' lang='lat' dir='ltr'><strong>ceperant,</strong></span> <span class='ocrx_word' id='word_1_732' title='bbox 627 2702 656 2723; x_wconf 94' lang='lat' dir='ltr'><strong>ut</strong></span> <span class='ocrx_word' id='word_1_733' title='bbox 670 2701 711 2723; x_wconf 83' lang='lat' dir='ltr'><strong>est</strong></span> <span class='ocrx_word' id='word_1_734' title='bbox 728 2697 800 2732; x_wconf 82' lang='lat' dir='ltr'><strong>apud</strong></span> <span class='ocrx_word' id='word_1_735' title='bbox 818 2697 974 2732; x_wconf 83' lang='lat' dir='ltr'><strong>Ennapium</strong></span> <span class='ocrx_word' id='word_1_736' title='bbox 998 2697 1026 2724; x_wconf 89' lang='lat' dir='ltr'><strong>in</strong></span> <span class='ocrx_word' id='word_1_737' title='bbox 1045 2697 1093 2724; x_wconf 73' lang='grc' dir='ltr'><strong>ΑΞ-</strong></span> 
     </span>
    </p>
   </div>
   <div class='ocr_carea' id='block_1_109' title="bbox 314 2732 396 2758">
    <p class='ocr_par' dir='ltr' id='par_1_109' title="bbox 314 2732 396 2758">
     <span class='ocr_line' id='line_1_109' title="bbox 314 2732 396 2758; baseline 0.012 -1"><span class='ocrx_word' id='word_1_738' title='bbox 314 2732 396 2758; x_wconf 65' lang='lat' dir='ltr'><strong>decio.</strong></span> 
     </span>
    </p>
   </div>
   <div class='ocr_carea' id='block_1_110' title="bbox 353 2765 1099 2801">
    <p class='ocr_par' dir='ltr' id='par_1_110' title="bbox 353 2765 1099 2801">
     <span class='ocr_line' id='line_1_110' title="bbox 353 2765 1099 2801; baseline 0.003 -10"><span class='ocrx_word' id='word_1_739' title='bbox 353 2766 408 2800; x_wconf 73' lang='lat' dir='ltr'><strong>(3h</strong></span> <span class='ocrx_word' id='word_1_740' title='bbox 430 2765 462 2791; x_wconf 82' lang='grc' dir='ltr'><strong>ὀ</strong></span> <span class='ocrx_word' id='word_1_741' title='bbox 477 2766 628 2801; x_wconf 79' lang='grc' dir='ltr'>Σαπώρης.</span> <span class='ocrx_word' id='word_1_742' title='bbox 654 2768 691 2794; x_wconf 86' lang='lat' dir='ltr'><strong>De</strong></span> <span class='ocrx_word' id='word_1_743' title='bbox 708 2767 759 2794; x_wconf 85' lang='lat' dir='ltr'><strong>hac</strong></span> <span class='ocrx_word' id='word_1_744' title='bbox 782 2766 893 2801; x_wconf 88' lang='lat' dir='ltr'><strong>Saporis</strong></span> <span class='ocrx_word' id='word_1_745' title='bbox 914 2767 1099 2801; x_wconf 84' lang='lat' dir='ltr'><strong>expeditione,</strong></span> 
     </span>
    </p>
   </div>
   <div class='ocr_carea' id='block_1_111' title="bbox 314 2801 1097 2837">
    <p class='ocr_par' dir='ltr' id='par_1_111' title="bbox 314 2801 1097 2837">
     <span class='ocr_line' id='line_1_111' title="bbox 314 2801 1097 2837; baseline 0.001 -10"><span class='ocrx_word' id='word_1_746' title='bbox 314 2805 340 2827; x_wconf 83' lang='lat' dir='ltr'><strong>et</strong></span> <span class='ocrx_word' id='word_1_747' title='bbox 360 2801 445 2828; x_wconf 75' lang='lat' dir='ltr'><strong>Nisibi</strong></span> <span class='ocrx_word' id='word_1_748' title='bbox 465 2809 483 2837; x_wconf 66' lang='grc' dir='ltr'>τι</span> <span class='ocrx_word' id='word_1_749' title='bbox 506 2801 595 2828; x_wconf 79' lang='lat' dir='ltr'><strong>Persis</strong></span> <span class='ocrx_word' id='word_1_750' title='bbox 626 2803 750 2832; x_wconf 82' lang='lat' dir='ltr'><strong>obsessa.</strong></span> <span class='ocrx_word' id='word_1_751' title='bbox 774 2807 858 2837; x_wconf 82' lang='lat' dir='ltr'><strong>agunt</strong></span> <span class='ocrx_word' id='word_1_752' title='bbox 885 2803 1097 2837; x_wconf 59' lang='lat' dir='ltr'><strong>Pliilaustztrgius,</strong></span> 
     </span>
    </p>
   </div>
   <div class='ocr_carea' id='block_1_112' title="bbox 315 2836 1099 2870">
    <p class='ocr_par' dir='ltr' id='par_1_112' title="bbox 315 2836 1099 2870">
     <span class='ocr_line' id='line_1_112' title="bbox 315 2836 1099 2870; baseline 0 -6"><span class='ocrx_word' id='word_1_753' title='bbox 315 2839 334 2864; x_wconf 71' lang='grc' dir='ltr'>ι.</span> <span class='ocrx_word' id='word_1_754' title='bbox 359 2843 433 2866; x_wconf 88' lang='lat' dir='ltr'><strong>uI,c.</strong></span> <span class='ocrx_word' id='word_1_755' title='bbox 452 2836 487 2862; x_wconf 64' lang='grc' dir='ltr'><em>Ἃ</em></span> <span class='ocrx_word' id='word_1_756' title='bbox 503 2845 509 2867; x_wconf 79' lang='grc' dir='ltr'><strong>ς</strong></span> <span class='ocrx_word' id='word_1_757' title='bbox 526 2837 690 2869; x_wconf 75' lang='lat' dir='ltr'><strong>Ainmianus,</strong></span> <span class='ocrx_word' id='word_1_758' title='bbox 716 2836 813 2864; x_wconf 70' lang='lat' dir='ltr'><strong>Chron.</strong></span> <span class='ocrx_word' id='word_1_759' title='bbox 839 2837 970 2864; x_wconf 70' lang='lat' dir='ltr'><strong>Alcmnd.</strong></span> <span class='ocrx_word' id='word_1_760' title='bbox 991 2846 1017 2869; x_wconf 71' lang='grc' dir='ltr'><strong>ιδ.</strong></span> <span class='ocrx_word' id='word_1_761' title='bbox 1035 2837 1099 2870; x_wconf 69' lang='lat' dir='ltr'><strong>U72,</strong></span> 
     </span>
    </p>
   </div>
   <div class='ocr_carea' id='block_1_113' title="bbox 316 2870 1027 2909">
    <p class='ocr_par' dir='ltr' id='par_1_113' title="bbox 316 2870 1027 2909">
     <span class='ocr_line' id='line_1_113' title="bbox 316 2870 1027 2909; baseline 0.003 -12"><span class='ocrx_word' id='word_1_762' title='bbox 316 2870 378 2904; x_wconf 72' lang='grc'>674,</span> <span class='ocrx_word' id='word_1_763' title='bbox 395 2872 457 2906; x_wconf 72' lang='grc' dir='ltr'>6ῑϋ,</span> <span class='ocrx_word' id='word_1_764' title='bbox 470 2871 650 2906; x_wconf 82' lang='lat' dir='ltr'><strong>Theophanes</strong></span> <span class='ocrx_word' id='word_1_765' title='bbox 665 2880 690 2907; x_wconf 89' lang='lat' dir='ltr'><strong>p.</strong></span> <span class='ocrx_word' id='word_1_766' title='bbox 703 2873 746 2906; x_wconf 73' lang='lat'><strong>28,</strong></span> <span class='ocrx_word' id='word_1_767' title='bbox 764 2873 807 2905; x_wconf 77' lang='lat'><strong>32,</strong></span> <span class='ocrx_word' id='word_1_768' title='bbox 820 2879 848 2900; x_wconf 90' lang='lat' dir='ltr'><strong>ct</strong></span> <span class='ocrx_word' id='word_1_769' title='bbox 860 2873 905 2900; x_wconf 89' lang='lat' dir='ltr'><strong>alii</strong></span> <span class='ocrx_word' id='word_1_770' title='bbox 917 2873 1027 2909; x_wconf 78' lang='lat' dir='ltr'><strong>passim.</strong></span> 
     </span>
    </p>
   </div>
   <div class='ocr_carea' id='block_1_114' title="bbox 1182 2517 1934 2555">
    <p class='ocr_par' dir='ltr' id='par_1_114' title="bbox 1182 2517 1934 2555">
     <span class='ocr_line' id='line_1_114' title="bbox 1182 2517 1934 2555; baseline -0.012 -6"><span class='ocrx_word' id='word_1_771' title='bbox 1182 2522 1238 2554; x_wconf 72' lang='lat'>(5&#39;2)</span> <span class='ocrx_word' id='word_1_772' title='bbox 1252 2522 1310 2555; x_wconf 66' lang='grc' dir='ltr'><strong>Ὑφ’</strong></span> <span class='ocrx_word' id='word_1_773' title='bbox 1323 2522 1367 2548; x_wconf 76' lang='grc' dir='ltr'><strong>ἐνὶ</strong></span> <span class='ocrx_word' id='word_1_774' title='bbox 1383 2521 1566 2549; x_wconf 78' lang='grc' dir='ltr'>Κώνσταντι.</span> <span class='ocrx_word' id='word_1_775' title='bbox 1582 2521 1637 2547; x_wconf 82' lang='lat' dir='ltr'><strong>Res</strong></span> <span class='ocrx_word' id='word_1_776' title='bbox 1650 2524 1740 2553; x_wconf 75' lang='lat' dir='ltr'><strong>gestas</strong></span> <span class='ocrx_word' id='word_1_777' title='bbox 1755 2526 1769 2544; x_wconf 87' lang='lat' dir='ltr'><strong>a</strong></span> <span class='ocrx_word' id='word_1_778' title='bbox 1784 2517 1934 2544; x_wconf 85' lang='lat' dir='ltr'><strong>Constante</strong></span> 
     </span>
    </p>
   </div>
   <div class='ocr_carea' id='block_1_115' title="bbox 1146 2554 1934 2591">
    <p class='ocr_par' dir='ltr' id='par_1_115' title="bbox 1146 2554 1934 2591">
     <span class='ocr_line' id='line_1_115' title="bbox 1146 2554 1934 2591; baseline -0.009 -6"><span class='ocrx_word' id='word_1_779' title='bbox 1146 2558 1258 2591; x_wconf 87' lang='lat' dir='ltr'><strong>scripsit</strong></span> <span class='ocrx_word' id='word_1_780' title='bbox 1282 2554 1457 2584; x_wconf 18' lang='lat' dir='ltr'><strong>iEustochius</strong></span> <span class='ocrx_word' id='word_1_781' title='bbox 1483 2556 1641 2591; x_wconf 15' lang='lat' dir='ltr'><strong>Cappadox?</strong></span> <span class='ocrx_word' id='word_1_782' title='bbox 1661 2555 1801 2589; x_wconf 82' lang='lat' dir='ltr'><strong>Sophista,</strong></span> <span class='ocrx_word' id='word_1_783' title='bbox 1832 2555 1866 2591; x_wconf 79' lang='lat' dir='ltr'><strong>_ut</strong></span> <span class='ocrx_word' id='word_1_784' title='bbox 1893 2554 1934 2591; x_wconf 62' lang='lat' dir='ltr'><strong>est</strong></span> 
     </span>
    </p>
   </div>
   <div class='ocr_carea' id='block_1_116' title="bbox 1146 2585 1934 2627">
    <p class='ocr_par' dir='ltr' id='par_1_116' title="bbox 1146 2585 1934 2627">
     <span class='ocr_line' id='line_1_116' title="bbox 1146 2585 1934 2627; baseline -0.001 -8"><span class='ocrx_word' id='word_1_785' title='bbox 1146 2585 1218 2627; x_wconf 76' lang='lat' dir='ltr'><strong>apud</strong></span> <span class='ocrx_word' id='word_1_786' title='bbox 1235 2592 1385 2619; x_wconf 82' lang='lat' dir='ltr'><strong>Eudoeiam</strong></span> <span class='ocrx_word' id='word_1_787' title='bbox 1407 2585 1556 2627; x_wconf 67' lang='lat' dir='ltr'><strong>Augustam</strong></span> <span class='ocrx_word' id='word_1_788' title='bbox 1583 2591 1610 2617; x_wconf 92' lang='lat' dir='ltr'><strong>in</strong></span> <span class='ocrx_word' id='word_1_789' title='bbox 1634 2585 1718 2617; x_wconf 74' lang='lat' dir='ltr'><strong>Ioniis</strong></span> <span class='ocrx_word' id='word_1_790' title='bbox 1739 2597 1807 2627; x_wconf 62' lang='lat' dir='ltr'><strong>mss.</strong></span> <span class='ocrx_word' id='word_1_791' title='bbox 1822 2585 1934 2627; x_wconf 46' lang='grc' dir='ltr'>,ἐγραψξ</span> 
     </span>
    </p>
   </div>
   <div class='ocr_carea' id='block_1_117' title="bbox 1146 2621 1931 2661">
    <p class='ocr_par' dir='ltr' id='par_1_117' title="bbox 1146 2621 1931 2661">
     <span class='ocr_line' id='line_1_117' title="bbox 1146 2621 1931 2661; baseline -0.006 -7"><span class='ocrx_word' id='word_1_792' title='bbox 1146 2621 1180 2654; x_wconf 58' lang='grc' dir='ltr'><strong>τὰ</strong></span> <span class='ocrx_word' id='word_1_793' title='bbox 1200 2628 1272 2654; x_wconf 64' lang='grc' dir='ltr'>κατὰ</span> <span class='ocrx_word' id='word_1_794' title='bbox 1288 2621 1519 2653; x_wconf 50' lang='grc' dir='ltr'>Κώνστανταντὺν</span> <span class='ocrx_word' id='word_1_795' title='bbox 1546 2625 1669 2661; x_wconf 75' lang='grc' dir='ltr'>βασιλέα,</span> <span class='ocrx_word' id='word_1_796' title='bbox 1695 2630 1750 2652; x_wconf 89' lang='lat' dir='ltr'><strong>etc.</strong></span> <span class='ocrx_word' id='word_1_797' title='bbox 1782 2622 1828 2650; x_wconf 71' lang='lat' dir='ltr'><strong>ubi</strong></span> <span class='ocrx_word' id='word_1_798' title='bbox 1859 2621 1931 2654; x_wconf 72' lang='lat' dir='ltr'><strong>apud</strong></span> 
     </span>
    </p>
   </div>
   <div class='ocr_carea' id='block_1_118' title="bbox 1146 2662 1668 2696">
    <p class='ocr_par' dir='ltr' id='par_1_118' title="bbox 1146 2662 1668 2696">
     <span class='ocr_line' id='line_1_118' title="bbox 1146 2662 1668 2696; baseline -0.006 -7"><span class='ocrx_word' id='word_1_799' title='bbox 1146 2662 1257 2689; x_wconf 85' lang='lat' dir='ltr'><strong>Suidam</strong></span> <span class='ocrx_word' id='word_1_800' title='bbox 1273 2670 1414 2696; x_wconf 85' lang='lat' dir='ltr'><strong>perperam</strong></span> <span class='ocrx_word' id='word_1_801' title='bbox 1436 2662 1535 2689; x_wconf 81' lang='lat' dir='ltr'><strong>omissa</strong></span> <span class='ocrx_word' id='word_1_802' title='bbox 1559 2668 1609 2687; x_wconf 82' lang='lat' dir='ltr'><strong>vox</strong></span> <span class='ocrx_word' id='word_1_803' title='bbox 1625 2662 1668 2687; x_wconf 72' lang='grc' dir='ltr'><strong>τά.</strong></span> 
     </span>
    </p>
   </div>
   <div class='ocr_carea' id='block_1_119' title="bbox 1183 2696 1932 2732">
    <p class='ocr_par' dir='ltr' id='par_1_119' title="bbox 1183 2696 1932 2732">
     <span class='ocr_line' id='line_1_119' title="bbox 1183 2696 1932 2732; baseline -0.004 -7"><span class='ocrx_word' id='word_1_804' title='bbox 1183 2698 1237 2732; x_wconf 77' lang='grc'><strong>(55)</strong></span> <span class='ocrx_word' id='word_1_805' title='bbox 1261 2698 1415 2730; x_wconf 76' lang='grc' dir='ltr'>Σαπώρου.</span> <span class='ocrx_word' id='word_1_806' title='bbox 1433 2697 1503 2732; x_wconf 69' lang='grc' dir='ltr'><strong>νίάο</strong></span> <span class='ocrx_word' id='word_1_807' title='bbox 1518 2696 1657 2723; x_wconf 84' lang='lat' dir='ltr'><strong>Znsimutn</strong></span> <span class='ocrx_word' id='word_1_808' title='bbox 1680 2697 1729 2724; x_wconf 86' lang='lat' dir='ltr'><strong>lib.</strong></span> <span class='ocrx_word' id='word_1_809' title='bbox 1746 2704 1776 2727; x_wconf 87' lang='grc' dir='ltr'><strong>ιι,</strong></span> <span class='ocrx_word' id='word_1_810' title='bbox 1800 2699 1843 2722; x_wconf 86' lang='lat' dir='ltr'><strong>uhi</strong></span> <span class='ocrx_word' id='word_1_811' title='bbox 1857 2701 1885 2724; x_wconf 85' lang='lat' dir='ltr'><strong>et</strong></span> <span class='ocrx_word' id='word_1_812' title='bbox 1898 2697 1932 2723; x_wconf 87' lang='lat' dir='ltr'><strong>de</strong></span> 
     </span>
    </p>
   </div>
   <div class='ocr_carea' id='block_1_120' title="bbox 1152 2731 1934 2765">
    <p class='ocr_par' dir='ltr' id='par_1_120' title="bbox 1152 2731 1934 2765">
     <span class='ocr_line' id='line_1_120' title="bbox 1152 2731 1934 2765; baseline -0.004 -6"><span class='ocrx_word' id='word_1_813' title='bbox 1152 2732 1304 2759; x_wconf 68' lang='lat' dir='ltr'><strong>llormisda:</strong></span> <span class='ocrx_word' id='word_1_814' title='bbox 1316 2733 1349 2759; x_wconf 83' lang='lat' dir='ltr'><strong>ad</strong></span> <span class='ocrx_word' id='word_1_815' title='bbox 1364 2731 1553 2759; x_wconf 86' lang='lat' dir='ltr'><strong>Constantiqu</strong></span> <span class='ocrx_word' id='word_1_816' title='bbox 1571 2731 1643 2765; x_wconf 61' lang='lat' dir='ltr'><strong>fuga,</strong></span> <span class='ocrx_word' id='word_1_817' title='bbox 1660 2732 1693 2758; x_wconf 86' lang='lat' dir='ltr'><strong>de</strong></span> <span class='ocrx_word' id='word_1_818' title='bbox 1707 2739 1760 2765; x_wconf 69' lang='lat' dir='ltr'><strong>quia</strong></span> <span class='ocrx_word' id='word_1_819' title='bbox 1775 2732 1858 2758; x_wconf 88' lang='lat' dir='ltr'><strong>etiam</strong></span> <span class='ocrx_word' id='word_1_820' title='bbox 1870 2733 1934 2759; x_wconf 75' lang='lat' dir='ltr'><strong>Ant-</strong></span> 
     </span>
    </p>
   </div>
   <div class='ocr_carea' id='block_1_121' title="bbox 1153 2767 1933 2801">
    <p class='ocr_par' dir='ltr' id='par_1_121' title="bbox 1153 2767 1933 2801">
     <span class='ocr_line' id='line_1_121' title="bbox 1153 2767 1933 2801; baseline -0.003 -7"><span class='ocrx_word' id='word_1_821' title='bbox 1153 2768 1270 2798; x_wconf 82' lang='lat' dir='ltr'><strong>mianus,</strong></span> <span class='ocrx_word' id='word_1_822' title='bbox 1302 2768 1348 2794; x_wconf 87' lang='lat' dir='ltr'><strong>lib.</strong></span> <span class='ocrx_word' id='word_1_823' title='bbox 1369 2775 1424 2799; x_wconf 71' lang='lat' dir='ltr'><strong>xvi,</strong></span> <span class='ocrx_word' id='word_1_824' title='bbox 1450 2767 1537 2801; x_wconf 72' lang='lat' dir='ltr'><strong>p.71.</strong></span> <span class='ocrx_word' id='word_1_825' title='bbox 1563 2767 1657 2794; x_wconf 75' lang='lat' dir='ltr'><strong>Narsei</strong></span> <span class='ocrx_word' id='word_1_826' title='bbox 1680 2775 1746 2794; x_wconf 81' lang='lat' dir='ltr'><strong>vero</strong></span> <span class='ocrx_word' id='word_1_827' title='bbox 1766 2769 1868 2793; x_wconf 80' lang='lat' dir='ltr'><strong>mentio</strong></span> <span class='ocrx_word' id='word_1_828' title='bbox 1893 2771 1933 2793; x_wconf 82' lang='lat' dir='ltr'><strong>est</strong></span> 
     </span>
    </p>
   </div>
   <div class='ocr_carea' id='block_1_122' title="bbox 1152 2802 1934 2837">
    <p class='ocr_par' dir='ltr' id='par_1_122' title="bbox 1152 2802 1934 2837">
     <span class='ocr_line' id='line_1_122' title="bbox 1152 2802 1934 2837; baseline -0.001 -8"><span class='ocrx_word' id='word_1_829' title='bbox 1152 2803 1224 2836; x_wconf 87' lang='lat' dir='ltr'><strong>apud</strong></span> <span class='ocrx_word' id='word_1_830' title='bbox 1241 2803 1413 2837; x_wconf 83' lang='lat' dir='ltr'><strong>Eutropium.</strong></span> <span class='ocrx_word' id='word_1_831' title='bbox 1439 2802 1645 2837; x_wconf 82' lang='lat' dir='ltr'><strong>Theophanem.</strong></span> <span class='ocrx_word' id='word_1_832' title='bbox 1662 2806 1690 2828; x_wconf 87' lang='lat' dir='ltr'><strong>et</strong></span> <span class='ocrx_word' id='word_1_833' title='bbox 1709 2803 1787 2829; x_wconf 87' lang='lat' dir='ltr'><strong>alios.</strong></span> <span class='ocrx_word' id='word_1_834' title='bbox 1807 2803 1843 2829; x_wconf 84' lang='lat' dir='ltr'><strong>De</strong></span> <span class='ocrx_word' id='word_1_835' title='bbox 1863 2802 1934 2828; x_wconf 80' lang='lat' dir='ltr'><strong>ﬂor—</strong></span> 
     </span>
    </p>
   </div>
   <div class='ocr_carea' id='block_1_123' title="bbox 1153 2837 1827 2874">
    <p class='ocr_par' dir='ltr' id='par_1_123' title="bbox 1153 2837 1827 2874">
     <span class='ocr_line' id='line_1_123' title="bbox 1153 2837 1827 2874; baseline 0.001 -9"><span class='ocrx_word' id='word_1_836' title='bbox 1153 2839 1239 2866; x_wconf 83' lang='lat' dir='ltr'><strong>tnisda</strong></span> <span class='ocrx_word' id='word_1_837' title='bbox 1255 2838 1362 2873; x_wconf 80' lang='lat' dir='ltr'><strong>agimus</strong></span> <span class='ocrx_word' id='word_1_838' title='bbox 1376 2837 1505 2874; x_wconf 87' lang='lat' dir='ltr'><strong>pluribus</strong></span> <span class='ocrx_word' id='word_1_839' title='bbox 1533 2837 1561 2864; x_wconf 88' lang='lat' dir='ltr'><strong>in</strong></span> <span class='ocrx_word' id='word_1_840' title='bbox 1576 2838 1827 2873; x_wconf 76' lang='lat' dir='ltr'><strong>Constantinopoli.</strong></span> 
     </span>
    </p>
   </div>
  </div>
