2082 3153
299 162 368 196 lli!)

928 151 1089 184 JOANNIS
1108 149 1272 181 ΖΟΝΑΒΒ

1851 139 1926 173 1120

295 219 492 250 Constantinus
506 225 567 245 cum
582 215 734 243 Constante
759 212 795 240 ob
814 210 989 246 partitionem
1016 215 1079 244 pro-

1132 206 1181 233 καὶ
1197 205 1266 240 πρὸς
1280 203 1388 234 τούτοις
1405 203 1453 238 τὴν
1472 201 1584 238 Θρᾴκην
1601 201 1651 228 σὺν
1668 201 1700 236 τῇ
1726 199 1804 227 πόλει
1818 201 1851 235 τῇ
1867 209 1922 227 πα-

295 265 451 292 vinciarnm
462 262 627 297 expostulat,
646 264 763 294 petens-,
780 263 810 286 ut
831 262 879 284 ant
903 262 979 291 parte
1005 255 1082 291 regni

295 311 348 338 sibi
363 310 453 340 cedat,
466 313 513 335 aut
526 307 636 342 partitio
652 306 686 332 de
700 306 806 340 integro
830 303 1000 330 instituatur.
1013 301 1082 329 Cum

295 362 388 383 autem
419 356 464 382 ille
498 354 590 389 priure
618 351 754 380 divisione
780 352 916 379 niteretur
933 370 941 383 ,
968 355 996 377 et
1022 357 1083 384 qua:

295 403 464 429 obvenerant
482 405 626 430 tueretur,
652 406 742 433 neque
768 398 846 425 fratri
869 397 911 424 vel
937 396 1081 423 minimum

294 445 459 474 concederet
474 455 480 472 :
496 445 702 476 Constantinus,
719 444 802 470 armis
824 442 950 476 arreptis,
973 441 1083 474 provin-

295 492 353 519 cias
369 492 528 519 Constantis
549 491 662 518 invadit.
681 490 732 523 Qui
753 495 809 516 tum
826 489 853 516 in
868 489 949 515 Dacia
976 495 1060 522 agens
1074 508 1081 519 ,

298 543 375 564 motu
394 537 440 564 illo
457 537 577 571 cognito,
619 537 704 564 duces
738 543 800 563 cum
830 534 953 561 exercitu
986 537 1082 560 contra

294 591 358 610 eum
376 583 471 614 mittit,
487 583 544 617 ipse
560 590 623 609 mox
641 589 704 609 cum
729 580 880 616 majoribus
892 578 979 613 copiis
1002 585 1081 604 secn-

297 632 385 655 turus.
400 627 452 660 Qui
470 627 545 654 missi
558 631 647 658 erant,
662 634 725 653 cum
749 633 843 660 parum
865 632 879 651 a
898 621 1082 651 Constantino

295 673 436 704 abessent,
451 673 565 700 insidias
585 673 697 699 locant:
718 679 862 707 pugnaque
886 671 953 698 inita
967 691 973 703 ,
988 671 1080 706 fugam

295 719 437 747 simulant.
458 719 531 752 Quos
546 739 553 751 ,
576 719 639 745 dum
666 718 837 745 Constantini
863 717 965 745 milites
989 725 1082 752 perse-

293 771 428 800 quuntur,
444 766 490 799 qui
510 766 536 792 in
554 765 660 792 insidiis
676 765 800 792 collocati
821 765 929 791 fuerant
943 785 950 795 ,
975 772 989 790 a
1006 769 1083 798 tergo

294 810 438 837 imadunt.
455 811 500 837 Sic
518 810 684 845 fugientibus
702 811 752 845 12
775 810 857 837 etiam
877 810 1018 838 conversis
1031 829 1038 842 ,
1055 810 1082 837 in

293 855 385 883 medio
399 856 515 883 duorum
532 857 703 883 e\ercituum
731 856 896 890 intercepti,
926 864 1023 891 magna
1047 864 1081 883 cx

294 905 371 934 parte
391 901 503 932 cadunt,
524 901 582 935 ipso
607 902 689 928 etiam
714 901 896 928 Constantino
922 901 1078 928 iuterfecw.

292 945 362 973 Nam
377 954 449 981 equo
465 947 621 977 vulnerato,
640 952 666 974 et
682 955 715 974 ex
731 947 847 973 \‘ulncre
865 947 990 977 efferata.
1013 946 1080 974 sella

293 1000 436 1024 excussus,
452 992 546 1020 multis
555 993 720 1020 vulneribus
735 993 882 1020 conficitur
896 1002 902 1019 :
919 1000 1009 1027 neque
1022 992 1080 1020 voti

293 1045 406 1072 compos
421 1038 520 1072 factus,
535 1044 562 1067 et
580 1040 643 1074 quia
661 1039 771 1074 injuriae
785 1039 875 1066 fuerat
889 1043 998 1071 auctor,
1013 1047 1081 1074 prae—

294 1087 336 1110 ter
352 1084 488 1118 jacturam
504 1086 546 1112 sui
567 1085 675 1119 imperii
708 1086 763 1112 vita
778 1085 862 1112 etiam
879 1085 1014 1121 privatus.
1035 1086 1081 1114 Sic

293 1129 459 1157 occidentali
484 1138 568 1165 regno
592 1131 625 1157 ad
640 1139 724 1158 unum
743 1131 921 1159 Constantem
937 1132 1080 1166 devoluto,

293 1175 317 1202 is
330 1178 412 1202 etiam
429 1177 557 1204 nefandis
570 1177 712 1204 amoribus
730 1178 898 1212 implicatus,
916 1183 945 1206 et
966 1186 1081 1213 perver—

292 1228 350 1248 sam
368 1221 429 1248 vita:
444 1222 578 1249 rationem
594 1228 716 1253 secutus.
735 1223 844 1250 insidiis
865 1224 1014 1259 Magnentii
1031 1225 1082 1251 mi-

292 1267 450 1294 serabiliter
463 1269 545 1302 periit
562 1279 568 1296 :
583 1277 664 1304 quem
679 1270 865 1305 Magnentium
879 1278 895 1297 e
905 1271 1023 1298 militum
1037 1278 1082 1298 se-

292 1312 409 1345 ditione,
434 1315 547 1344 strictis.
560 1315 616 1350 jam
640 1316 739 1351 gladiis
760 1316 787 1343 in
804 1324 898 1343 necem
920 1317 981 1351 ejus
998 1325 1082 1344 ruen-

293 1358 373 1390 tium,
389 1360 542 1394 eripuerat.
566 1362 633 1389 Dum
655 1363 713 1390 haec
735 1368 881 1398 geruntur,
902 1362 1081 1391 Constantius

293 1403 322 1430 in
338 1404 460 1436 Oriente.
480 1415 542 1434 cum
565 1408 711 1435 Persarum
738 1416 803 1444 rege
831 1409 936 1444 Sapore
964 1414 1079 1444 pugnat,

294 1450 352 1477 lilio
366 1451 471 1484 Narsei,
487 1461 581 1480 verum
602 1462 635 1481 ex
652 1455 763 1489 ignobili
791 1456 906 1482 muliere
925 1461 1078 1490 procreato.

292 1495 361 1522 Nam
385 1497 407 1524 is
431 1505 446 1525 e
470 1499 595 1534 principe
618 1508 702 1526 tutore
727 1504 781 1527 trcs
815 1500 885 1528 ﬁlios
909 1505 1078 1536 susceperat,

1119 254 1214 288 -τρικῇ
1231 251 1298 287 (29).
1316 250 1395 278 Οὕτω
1409 250 1437 276 δὲ
1450 249 1498 275 τοῦ
1518 247 1654 284 μερισμοῦ
1670 247 1719 282 τῆς
1733 247 1822 282 ἀρχῆς
1849 254 1924 281 προ-

1133 299 1241 331 ϐάντος,
1253 299 1266 325 ὁ
1282 298 1331 332 μὲν
1347 297 1538 325 Κωνστάντιος
1554 296 1594 326 εἰς
1609 294 1658 328 τὴν
1673 292 1743 328 ὲῴιν
1768 291 1920 327 ἐχώρησεν,

1133 344 1324 379 ὲκστρατεύων
1346 342 1417 369 κατὰ
1444 340 1558 375 Περσῶν
1581 339 1648 374 (50).
1681 339 1710 364 '0
1735 340 1791 372 γὰρ
1816 337 1924 363 τούτων

1133 390 1309 425 ἡγεμονεύων
1322 388 1459 423 Σαπώρης
1475 387 1531 422 (51)
1546 386 1592 413 τὸν
1606 386 1722 412 θάνατον
1735 383 1780 410 τοῦ
1798 383 1922 417 μεγάλου

1133 437 1214 471 γνοὺς
1230 436 1448 465 Κωνσταντίνου,
1464 433 1535 460 κατὰ
1557 432 1611 458 τῶν
1631 432 1683 458 ὑπὸ
1706 431 1862 464 Ῥωμαξους
1875 437 1923 454 τε-

1133 483 1252 510 λούντων
1275 481 1359 508 ἐπιὼν
1383 481 1431 508 καὶ
1445 480 1605 516 ληϊζόμενος
1620 479 1670 504 οὐκ
1697 477 1825 503 ἐπαύετο.
1844 476 1876 501 '0
1891 475 1922 501 δί

1133 530 1340 559 Κωνσταντῖνος
1364 528 1402 562 τῷ
1422 528 1581 554 Κώνσταντι
1596 524 1740 558 ἐπεφύετο,
1756 524 1807 557 τὴν
1830 521 1924 548 διανέ-

1135 583 1218 610 μησιν
1229 574 1284 601 τῶν
1297 573 1394 608 χωρῶν
1409 571 1574 606 αἰτιώμενος
1585 579 1593 586 ·
1618 570 1666 596 καὶ
1686 569 1703 605 ἢ
1719 568 1924 602 παραχωρῆσαι

1135 622 1235 656 μέρους
1248 620 1322 654 αὐτῷ
1334 621 1383 654 τῆς
1396 619 1483 654 ἀρχῆς
1497 617 1656 652 ἀπαιτῶν,ἢ
1669 615 1857 643 ἀναδάσασθαι
1871 615 1925 644 τὰς

1134 667 1273 703 βασιλείας
1289 666 1373 701 ἄμφω
1388 665 1488 700 ζητῶν.
1512 665 1556 695 Ὠς
1572 663 1595 689 δ’
1610 663 1714 693 ἐκεῖνος
1725 661 1774 695 τῆς
1799 661 1850 696 ἤδη
1873 668 1925 692 γε-

1133 714 1244 749 γονυῖας
1260 713 1448 747 διανεμήσεως
1473 711 1572 744 εἴχετο,
1590 708 1638 735 καὶ
1661 707 1716 733 τῶν
1733 706 1808 740 αὺτῷ
1835 713 1925 740 προσ-

1134 760 1332 796 κληρωθέντων
1357 759 1507 792 ἀντείχετο,
1536 757 1581 782 καὶ
1605 755 1666 781 οὐδὲ
1695 753 1743 780 τοῦ
1771 752 1924 787 βραχίστου

1134 807 1290 843 παρεχώρει
1318 805 1357 841 τῷ
1383 804 1499 838 ἀδελφῷ,
1527 803 1596 829 ὅπλα
1621 801 1682 828 κατ’
1704 799 1786 826 αὐτοῦ
1815 796 1884 832 ἦρεν
1909 797 1926 822 ὁ

1135 854 1339 884 Κωνσταντῖνος
1351 851 1399 877 καὶ
1412 849 1514 884 ἐπῆλθε
1527 848 1566 883 τῷ
1576 848 1655 882 λάχει
1667 846 1714 872 τοῦ
1731 844 1930 885 Κώνσταντος..

1139 900 1170 926 '0
1195 899 1223 925 δὲ
1250 899 1278 925 ὲν
1305 897 1391 932 Δακίᾳ
1408 894 1568 929 ἀποδημῶν,
1598 893 1644 919 καὶ
1670 892 1720 927 τὴν
1746 890 1855 925 κίνησιν
1874 888 1925 915 τοῦ

1133 942 1341 971 Κωνσταντίνου
1360 941 1462 977 μαθὼν,
1476 940 1635 974 στράτευμα
1651 935 1805 964 κατάὒτοῦ
1817 935 1926 969 πέμπει

1133 992 1180 1018 καὶ
1203 990 1384 1024 στρατηγοὺς,
1403 987 1450 1014 καὶ
1468 987 1549 1017 αὐτὸς
1563 986 1625 1012 ὅσον
1640 984 1689 1019 ἠδη
1711 983 1780 1017 μετὰ
1798 981 1925 1012 πλείονος

1134 1037 1253 1073 στρατοῦ
1282 1035 1428 1069 ἐπιστῆναι
1452 1032 1698 1066 ἐπαγγειλάμενος.
1717 1030 1749 1056 Οἱ
1765 1028 1832 1062 γοῦν
1849 1036 1926 1061 πεμ-

1133 1083 1246 1117 φθέντες
1264 1082 1348 1116 ἐγγὺς
1368 1080 1415 1106 τοῦ
1441 1078 1648 1105 Κωνσταντίνου
1666 1076 1807 1109 γενόμενοι
1824 1073 1926 1108 λόχους

1132 1129 1275 1161 καθίζουσι
1292 1137 1299 1144 ·
1315 1128 1360 1154 καὶ
1376 1125 1565 1160 συμϐαλόντες
1581 1123 1657 1157 αὺτῷ
1673 1122 1786 1157 φεύγειν
1801 1119 1927 1154 ὑπεκρε-

1132 1175 1286 1203 νοντο.Τῶν
1299 1174 1328 1200 δὲ
1345 1173 1392 1200 τοῦ
1408 1170 1616 1199 Κωνσταντὶνου
1632 1168 1788 1196 διωκόντων
1808 1165 1924 1198 αὐτοὺς,

1132 1221 1276 1255 ἐξόπισθεν
1304 1219 1396 1247 αὐτῶν
1420 1219 1445 1245 οἱ
1471 1217 1608 1252 λοχῶντες
1636 1215 1735 1246 αὐτοὺς
1765 1213 1923 1248 γενόμενοι,

1132 1270 1204 1297 κατὰ
1219 1268 1312 1296 νώτων
1325 1267 1417 1297 αὐτοῖς
1443 1264 1620 1291 ὲπιτίθενται.
1639 1262 1694 1288 Καὶ
1720 1261 1745 1287 οἱ
1769 1259 1923 1294 φεύγοντες

1132 1314 1359 1349 ἐπιστραφέντες,
1381 1311 1462 1345 μέσον
1478 1309 1627 1345 περιέσχον
1646 1307 1756 1337 αὐτούς.
1781 1305 1836 1332 Καὶ
1851 1304 1922 1330 πολὺ

1131 1361 1182 1395 τῆς
1195 1359 1241 1386 τοῦ
1257 1357 1463 1386 Κωνσταντίνου
1476 1355 1623 1389 διέφθαρτο
1638 1353 1779 1388 στρατιᾶς,
1792 1351 1922 1379 κάκεῖνος

1132 1407 1224 1436 αὐτὸς.
1240 1405 1293 1432 Τοῦ
1304 1405 1359 1438 γὰρ
1384 1404 1469 1430 ἵππου
1484 1401 1639 1438 τρωθέντος
1655 1398 1738 1426 αὐτοῦ
1756 1398 1804 1424 καὶ
1829 1397 1874 1422 διὰ
1889 1395 1922 1422 τὸ

1130 1451 1244 1488 τραῦμα
1260 1450 1440 1485 σφαδάζοντος
1452 1448 1499 1475 καὶ
1513 1443 1920 1482 ἀνασκιρτῶντος,ὲκπέπτωκε

1131 1499 1181 1533 τῆς
1197 1498 1278 1532 ἔδρας
1292 1498 1305 1523 ὁ
1320 1496 1524 1525 Κωνσταντῖνος
1539 1494 1586 1520 καὶ
1602 1492 1733 1528 ἀνῃρέθη,
1744 1491 1829 1517 πολλὰ
1843 1489 1924 1521 δεξά-

291 1541 474 1577 Adanarsent,
501 1544 685 1578 llormisdam,
711 1551 739 1572 et
771 1547 883 1573 tertium
921 1548 1078 1581 quemdam.

1133 1552 1214 1578 μενος
1228 1542 1384 1578 τραύματα,
1399 1541 1460 1567 οὔτε
1478 1539 1567 1575 τυχὼν
1580 1539 1631 1572 τῆς
1649 1539 1781 1572 ἐφέσεως,
1805 1536 1854 1562 καὶ
1878 1536 1921 1561 ὅτι

292 1587 428 1616 Defuncto
456 1590 575 1622 Narseo,
606 1591 760 1618 Adanarscs
790 1597 853 1618 natu
883 1593 1018 1619 maximus
1051 1592 1080 1620 in

293 1633 409 1667 imperio
423 1636 556 1662 succedit.
571 1636 624 1663 Sed
638 1644 672 1663 ex
688 1637 770 1664 nimia
785 1637 946 1665 crudelitate
955 1644 982 1665 et
999 1638 1082 1664 inhu—

294 1680 428 1707 manitate
448 1681 512 1708 odio
527 1682 674 1709 Persarum
699 1687 839 1718 suscepto,
858 1691 944 1718 regno
966 1685 1080 1712 excidit.

293 1725 379 1762 Cujus
393 1727 496 1754 atrocis
514 1728 616 1762 ingenii
631 1729 770 1762 specimen
785 1729 921 1764 quoddam
936 1734 977 1757 est
989 1729 1080 1764 profe-

293 1770 422 1799 rendum.
441 1772 596 1807 Aliquando
612 1774 682 1807 patri
701 1775 761 1808 ejus
776 1774 924 1802 tentorium
942 1774 1080 1810 Babylone

292 1817 406 1844 allatum
419 1822 471 1851 est,
488 1826 503 1845 e
519 1818 603 1845 variis
622 1819 695 1846 illius
710 1820 762 1847 loci
778 1820 896 1854 pellibus
910 1821 1079 1849 confectum.

292 1861 370 1895 Quod
389 1864 471 1891 modo
484 1869 641 1895 extensum.
658 1865 722 1892 dum
740 1866 841 1893 Narses
865 1867 1079 1902 contemplatur,

293 1915 372 1946 rogat
388 1911 557 1940 Adanarsem
571 1921 687 1948 puerum
700 1914 802 1946 adhuc,
821 1919 850 1941 ut
864 1915 992 1949 placeat?
1007 1915 1077 1943 Tum

291 1956 339 1983 ille
352 1965 360 1983 :
375 1957 432 1989 Ubi,
449 1958 548 1992 inquit,
564 1966 642 1993 regno
657 1959 753 1993 potitus
766 1959 851 1993 fuero,
870 1960 1006 1994 pulchrius
1023 1965 1081 1987 ten-

292 2002 389 2028 torium
401 2011 433 2029 es;
447 2004 571 2030 humanis
591 2004 702 2037 pellibus
716 2004 865 2038 conﬁciat».
893 2005 940 2033 Sic
964 2006 998 2033 ab
1022 2006 1079 2040 ipsa

291 2047 405 2075 infantia
423 2049 620 2077 immanitatem
640 2058 717 2077 suam
735 2051 899 2078 declarabat.
924 2052 964 2079 Eo
988 2052 1072 2087 igitur

292 2093 383 2127 pulso,
410 2093 506 2128 Sapori
531 2102 646 2130 regnum
675 2099 716 2122 est
740 2095 881 2123 delatum:
909 2097 956 2130 qui
981 2097 1075 2124 statim

291 2140 406 2167 fratrem
431 2141 549 2168 alterum
571 2141 660 2169 oculis
685 2141 786 2176 privat,
815 2142 989 2170 llormisdam
1016 2143 1079 2170 vin-

292 2188 366 2211 ctum
383 2185 411 2212 in
426 2187 551 2213 custodia
568 2191 651 2214 tenet.
667 2187 805 2215 Caeterum
825 2192 925 2221 mater,
954 2193 983 2216 et
1009 2197 1076 2216 uxor

291 2230 377 2263 illius,
394 2231 557 2259 custodibus
574 2233 691 2266 pecunia
712 2232 845 2266 delinitis,
869 2233 903 2260 ad
931 2234 1076 2261 visendum

292 2283 356 2302 cum
370 2276 506 2309 admissa,
522 2277 614 2304 limam
630 2277 668 2304 illi
681 2278 826 2310 dederunt,
842 2286 896 2313 qua
912 2278 1002 2306 ferrea
1014 2280 1077 2306 vin-

291 2322 353 2349 cula
377 2322 530 2350 dissecaret
553 2332 560 2350 :
603 2329 631 2351 et
662 2325 728 2359 quid
761 2325 892 2359 deinceps
917 2325 1078 2353 faciendum

290 2373 375 2402 esset,
387 2374 567 2403 monuerunt,
579 2371 683 2405 paratis
700 2371 780 2406 equis
793 2377 820 2399 ct
836 2372 906 2406 fugae
915 2372 1076 2400 comitibus.

1131 1590 1231 1616 ἀδίκων
1248 1587 1325 1624 ἦρξε,
1351 1588 1398 1614 καὶ
1424 1588 1473 1622 τὴν
1499 1587 1604 1613 οἰκείαν
1629 1585 1678 1620 τῆς
1706 1584 1795 1619 ἀρχῆς
1821 1583 1922 1617 μοῖραν

1131 1635 1288 1668 ἀποϐαλὼν,
1320 1635 1366 1662 καὶ
1396 1633 1481 1668 αὐτὴν
1509 1631 1731 1668 προσζημιωθεὶς
1756 1629 1805 1664 τὴν
1833 1628 1922 1662 ζωήν.

1131 1682 1187 1708 Καὶ
1204 1682 1315 1716 γέγονεν
1329 1681 1346 1716 ἡ
1359 1681 1408 1714 τῆς
1423 1679 1553 1715 ἑσπερίου
1575 1678 1677 1713 λήξεως
1692 1677 1856 1711 ἐπικράτεια
1873 1674 1921 1708 ὑφ’

1131 1728 1171 1754 ἐνὶ
1191 1728 1240 1761 μὲν
1255 1727 1414 1754 Κώνσταντι
1429 1725 1484 1761 (52)
1505 1725 1622 1760 βασιλεῖ.
1638 1722 1705 1750 Εἶτα
1730 1723 1856 1752 κάκεῖνος
1878 1721 1922 1751 εἰς

1132 1773 1294 1804 ἀλλοκότους
1309 1771 1483 1802 ὲκκυλισῦεὶς
1499 1771 1604 1806 ἔρωτας
1624 1769 1673 1795 καὶ
1688 1766 1920 1802 ὲκδεδιῃτημένην

1133 1819 1205 1855 ζωὴν
1235 1819 1287 1846 ὑπὸ
1318 1817 1490 1852 Μαγνεντίου
1514 1814 1708 1848 ἐπεϐουλεύθη,
1739 1812 1787 1839 καὶ
1816 1811 1920 1841 ἀθλίως

1118 1866 1268 1899 ’ἀπώλετο,
1283 1864 1466 1899 Μαγνεντίου,
1480 1863 1509 1889 ὃν
1526 1863 1630 1893 ἐκεῖνος
1643 1862 1676 1887 ἐκ
1697 1860 1820 1889 στάσεως
1836 1865 1921 1891 στρα-

1131 1912 1262 1946 τιωτικῆς
1285 1910 1436 1945 περιέσωσε
1463 1908 1665 1938 κινδυνεύοντα,
1690 1905 1741 1941 ήδη
1764 1903 1819 1930 τῶν
1833 1911 1922 1936 στρα⁴

1130 1956 1235 1983 τιωτῶν
1256 1956 1315 1982 κατ’
1329 1954 1435 1981 ἐκείνου
1455 1955 1488 1981 ’τὰ
1509 1953 1573 1987 ξίφη
1588 1952 1722 1988 ῂρκότων,
1749 1950 1799 1976 καὶ
1813 1949 1922 1982 διαχει-

1133 2002 1260 2037 ρίσασθαι
1286 2002 1368 2029 αὐτὸν
1396 2001 1577 2036 ὡρμηκότων.
1609 1999 1637 2025 '0
1665 1996 1856 2026 Κωνστὰντιος
1891 1993 1921 2019 δὲ

1131 2047 1196 2082 περὶ
1222 2047 1271 2082 τὴν
1298 2046 1368 2081 ἑῴαν
1393 2045 1542 2079 διατρίϐων
1565 2045 1621 2074 τοῖς
1640 2043 1757 2078 Πέρσαις
1786 2040 1919 2074 ἐμάχετο,

1131 2093 1263 2128 Σαπώρου
1278 2092 1333 2127 (55)
1348 2092 1394 2119 τοῦ
1412 2091 1517 2122 ἔθνους,
1529 2090 1566 2122 ὡς
1580 2090 1699 2125 εἴρηται,
1716 2086 1918 2122 βασιλεύοντος·

1130 2140 1159 2171 ὃς
1183 2139 1280 2174 Ναρσῆ
1302 2138 1351 2174 μὲν
1365 2135 1399 2174 ἦν
1422 2138 1490 2169 υἱὸς,
1505 2137 1534 2163 οὐ
1557 2137 1648 2170 μέντοι
1668 2135 1698 2167 ἐξ
1712 2134 1853 2167 ἐπισήμου
1869 2140 1921 2165 γυ-

1130 2185 1233 2217 ναικός.
1253 2185 1300 2211 Ἐκ
1312 2184 1366 2218 γὰρ
1379 2184 1429 2218 τῆς
1445 2181 1642 2218 πρωτευούσης
1654 2180 1709 2207 τῶν
1724 2179 1808 2206 αὑτοῦ
1823 2187 1921 2212 γυναι-

1093 2219 1115 2248 D
1129 2232 1185 2259 κῶν
1206 2232 1280 2265 τρεῖς
1304 2231 1428 2264 ἐγένοντ’)
1450 2229 1490 2264 τῷ
1504 2229 1600 2264 Ναρσῇ
1623 2227 1726 2259 παῖδες,
1747 2226 1920 2260 Ἀδαναρσης

1128 2279 1175 2304 καὶ
1199 2276 1347 2312 Ὀρμίσδας
1372 2275 1419 2301 καὶ
1442 2276 1535 2310 τρίτος
1560 2274 1665 2308 ἕτερος.
1692 2272 1917 2306 Τελευτήσαντος

1125 2324 1154 2350 δὲ
1170 2323 1291 2358 Napaei,
1310 2324 1323 2349 ὁ
1341 2322 1526 2357 πρεσϐύτερος
1541 2320 1595 2348 τῶν
1609 2319 1694 2355 τριῶν
1710 2318 1813 2351 τούτων
1835 2317 1918 2343 Ἀδα-

1126 2371 1230 2407 νάρσης
1253 2370 1302 2404 τῆς
1327 2370 1412 2406 ἀρχῆς
1427 2369 1548 2404 διάδοχος
1573 2368 1696 2402 γέγονεν.
1716 2365 1797 2400 Ὦμῦς
1812 2365 1840 2390 δὲ
1854 2363 1917 2390 λίαν

889 2450 987 2482 Variae
1004 2450 1157 2482 lectiones
1173 2453 1205 2480 et
1222 2452 1316 2480 notae.

326 2524 437 2561 (29)Kai
453 2523 654 2561 ngdcfo-iiwtc
663 2523 720 2561 ζῇν
727 2522 846 2557 Θρᾴκην
859 2524 920 2561 σὺν
926 2523 969 2561 ζῇ
983 2524 1069 2561 uexat

291 2558 335 2595 τῇ
362 2559 502 2593 πατρικῇ.
530 2559 641 2585 Errassc
658 2559 824 2595 _Victorein,
849 2560 895 2595 qui
925 2558 1069 2595 Thraciam

289 2593 430 2623 constanti
450 2599 590 2628 postremo
607 2601 640 2620 ex
652 2593 826 2620 Constantini
846 2593 908 2620 filiis
921 2593 1069 2620 obvenisse

290 2631 396 2660 Scribit,
410 2629 515 2663 pridem
534 2629 712 2663 observatum
727 2629 761 2655 ab
782 2629 852 2656 aliis.

326 2666 382 2700 (50)
400 2662 481 2691 Κατὰ
505 2662 636 2696 Περσῶν.
658 2663 710 2696 Qui
734 2663 905 2700 Antiochiam
921 2664 1069 2700 circumse-

290 2698 388 2727 dcrant
402 2705 430 2726 et
445 2703 587 2734 ceperant,
604 2704 633 2725 ut
647 2703 688 2725 est
705 2699 777 2733 apud
796 2699 950 2733 Eunapium
975 2699 1003 2725 in
1023 2698 1070 2725 ΛΕ-

291 2735 372 2761 desit).

330 2769 384 2803 (5|!
408 2768 440 2794 '0
454 2768 605 2802 Σαπώρης.
632 2770 668 2796 De
685 2769 736 2796 hac
759 2769 870 2803 Saporis
892 2769 1076 2803 expeditione,

291 2809 317 2830 et
337 2803 422 2830 Nisibi
443 2811 456 2829 n
483 2803 572 2830 Persis
604 2804 727 2833 obsessa.
751 2809 835 2839 agunt
863 2804 1074 2838 Philsvstcrgius.

293 2843 312 2867 ι.
336 2846 411 2870 ui,c.
429 2839 464 2865 24
480 2848 487 2869 ;
503 2839 668 2871 Διιιιιιίιιιιυε,
694 2838 790 2866 cum.
817 2838 948 2866 Alerund.
969 2847 995 2870 ῃ.
1013 2839 1076 2871 672,

293 2873 354 2907 674,
372 2875 434 2908 676;
447 2874 628 2908 Theophanes
642 2882 668 2909 p.
681 2875 724 2907 28,
742 2875 785 2907 32,
798 2880 825 2902 ct
838 2875 882 2901 alii
894 2874 1004 2910 passim.

1159 2524 1214 2556 ('52)
1229 2524 1287 2557 Ὑφ’
1299 2523 1344 2550 ἐνὶ
1360 2522 1543 2550 Κώνσταν-τι.
1559 2521 1613 2548 Res
1627 2524 1721 2557 gestas
1732 2526 1745 2544 a
1761 2517 1914 2557 Constante

1122 2559 1235 2593 scripsit
1258 2555 1434 2585 ’Eustochius
1459 2557 1619 2593 Cappadox»
1638 2555 1778 2593 sophista,
1808 2555 1843 2593 tit
1869 2555 1915 2593 est

1123 2585 1195 2628 apud
1212 2593 1362 2620 Eudociam
1384 2585 1534 2628 Angustam
1560 2592 1592 2628 in,
1611 2585 1694 2628 lonii's
1716 2597 1785 2628 mss._
1799 2585 1916 2628 ἔγραψε

1123 2621 1157 2655 ccli
1177 2629 1248 2655 κιτὰ
1265 2621 1495 2654 Κώνστανταντὺν
1523 2626 1646 2661 βασιλέα,
1672 2630 1727 2652 etc.
1759 2622 1805 2650 ubi
1836 2621 1912 2654 apud

1123 2663 1234 2690 Snidam
1250 2671 1391 2697 perperam
1413 2663 1511 2689 omissa
1536 2669 1586 2688 vox
1602 2662 1645 2687 ri.

1159 2699 1214 2733 (55)
1238 2699 1392 2731 Σαπώρου.
1409 2698 1480 2733 Vide
1495 2697 1634 2733 Zosiznnm
1657 2697 1706 2724 lib.
1723 2704 1753 2727 ιι.
1777 2698 1820 2733 ubi
1835 2701 1864 2724 et
1877 2697 1915 2724 de

1129 2733 1281 2761 Hormist
1293 2733 1326 2760 ad
1341 2732 1530 2760 Constantium
1547 2732 1621 2765 fuga,
1637 2732 1670 2758 de
1684 2739 1736 2765 qua
1752 2732 1836 2758 etiam
1848 2733 1917 2759 Am-

1130 2769 1247 2799 mianus.
1279 2769 1325 2795 lib.
1346 2776 1401 2800 im,
1427 2775 1453 2801 p.
1469 2768 1514 2795 7|.
1540 2767 1634 2794 Narsei
1657 2775 1724 2794 vero
1743 2769 1847 2793 mentio
1873 2773 1916 2794 est

1130 2805 1201 2838 apud
1218 2804 1390 2838 Eutropium,
1417 2802 1623 2838 Theophanem.
1639 2807 1666 2829 et
1686 2803 1764 2829 alios.
1784 2803 1821 2829 De
1842 2802 1917 2829 lior-

1131 2840 1217 2867 misda
1232 2839 1340 2874 agimus
1353 2838 1482 2875 pluribus
1496 2837 1538 2865 'in
1553 2837 1804 2872 Constantinopoli.
