  <div class='ocr_page' id='page_1' title='image "/cluster/home/n/w/nwhite01/storage/ocr_20150623/134/njp.32101077773099/777.png"; bbox 0 0 2082 3153; ppageno 0'>
   <div class='ocr_carea' id='block_1_1' title="bbox 238 162 305 194">
    <p class='ocr_par' dir='ltr' id='par_1_1' title="bbox 238 162 305 194">
     <span class='ocr_line' id='line_1_1' title="bbox 238 162 305 194; baseline -0.03 0"><span class='ocrx_word' id='word_1_1' title='bbox 238 162 305 194; x_wconf 76' lang='lat'><strong>“91</strong></span> 
     </span>
    </p>
   </div>
   <div class='ocr_carea' id='block_1_2' title="bbox 887 155 1229 188">
    <p class='ocr_par' dir='ltr' id='par_1_2' title="bbox 887 155 1229 188">
     <span class='ocr_line' id='line_1_2' title="bbox 887 155 1229 188; baseline -0.006 0"><span class='ocrx_word' id='word_1_2' title='bbox 887 157 1049 188; x_wconf 76' lang='lat' dir='ltr'><strong>JOANNIS</strong></span> <span class='ocrx_word' id='word_1_3' title='bbox 1069 155 1229 187; x_wconf 62' lang='lat' dir='ltr'><strong>ZONABE</strong></span> 
     </span>
    </p>
   </div>
   <div class='ocr_carea' id='block_1_3' title="bbox 1791 154 1867 186">
    <p class='ocr_par' dir='ltr' id='par_1_3' title="bbox 1791 154 1867 186">
     <span class='ocr_line' id='line_1_3' title="bbox 1791 154 1867 186; baseline 0 0"><span class='ocrx_word' id='word_1_4' title='bbox 1791 154 1867 186; x_wconf 74' lang='lat'><strong>1192&#39;</strong></span> 
     </span>
    </p>
   </div>
   <div class='ocr_carea' id='block_1_4' title="bbox 237 209 1029 249">
    <p class='ocr_par' dir='ltr' id='par_1_4' title="bbox 237 210 1021 249">
     <span class='ocr_line' id='line_1_4' title="bbox 237 210 1021 249; baseline -0.006 -7"><span class='ocrx_word' id='word_1_5' title='bbox 237 214 402 243; x_wconf 77' lang='lat' dir='ltr'><strong>Eunuchum</strong></span> <span class='ocrx_word' id='word_1_6' title='bbox 428 214 498 249; x_wconf 84' lang='lat' dir='ltr'><strong>adit,</strong></span> <span class='ocrx_word' id='word_1_7' title='bbox 530 221 586 242; x_wconf 62' lang='lat' dir='ltr'><strong>sua</strong></span> <span class='ocrx_word' id='word_1_8' title='bbox 617 211 761 241; x_wconf 68' lang='lat' dir='ltr'><strong>sententia:</strong></span> <span class='ocrx_word' id='word_1_9' title='bbox 791 210 1021 246; x_wconf 72' lang='lat' dir='ltr'><strong>suifragatorem:</strong></span> 
     </span>
    </p>
   </div>
   <div class='ocr_carea' id='block_1_5' title="bbox 1079 209 1861 249">
    <p class='ocr_par' dir='ltr' id='par_1_5' title="bbox 1079 209 1861 245">
     <span class='ocr_line' id='line_1_5' title="bbox 1079 209 1861 245; baseline 0 -8"><span class='ocrx_word' id='word_1_10' title='bbox 1079 210 1114 245; x_wconf 82' lang='grc' dir='ltr'>τῷ</span> <span class='ocrx_word' id='word_1_11' title='bbox 1131 209 1247 245; x_wconf 72' lang='grc' dir='ltr'>ἐκτομίᾳ</span> <span class='ocrx_word' id='word_1_12' title='bbox 1269 209 1444 245; x_wconf 73' lang='grc' dir='ltr'>ὀμοδοξοῠντι</span> <span class='ocrx_word' id='word_1_13' title='bbox 1469 209 1554 245; x_wconf 80' lang='grc' dir='ltr'>αὐτῷ,</span> <span class='ocrx_word' id='word_1_14' title='bbox 1583 209 1630 236; x_wconf 72' lang='grc' dir='ltr'>καὶ</span> <span class='ocrx_word' id='word_1_15' title='bbox 1648 209 1762 236; x_wconf 74' lang='grc' dir='ltr'>πλεῖστα</span> <span class='ocrx_word' id='word_1_16' title='bbox 1777 210 1861 237; x_wconf 75' lang='grc' dir='ltr'>δυνα-</span> 
     </span>
    </p>
   </div>
   <div class='ocr_carea' id='block_1_6' title="bbox 237 256 1018 295">
    <p class='ocr_par' dir='ltr' id='par_1_6' title="bbox 237 256 1018 295">
     <span class='ocr_line' id='line_1_6' title="bbox 237 256 1018 295; baseline -0.009 -6"><span class='ocrx_word' id='word_1_17' title='bbox 237 261 284 295; x_wconf 89' lang='lat' dir='ltr'><strong>qui</strong></span> <span class='ocrx_word' id='word_1_18' title='bbox 299 269 361 288; x_wconf 92' lang='lat' dir='ltr'><strong>cum</strong></span> <span class='ocrx_word' id='word_1_19' title='bbox 375 260 446 295; x_wconf 88' lang='lat' dir='ltr'><strong>apud</strong></span> <span class='ocrx_word' id='word_1_20' title='bbox 462 262 656 295; x_wconf 79' lang='lat' dir='ltr'><strong>imperatorem</strong></span> <span class='ocrx_word' id='word_1_21' title='bbox 677 257 826 292; x_wconf 89' lang='lat' dir='ltr'><strong>plurimum</strong></span> <span class='ocrx_word' id='word_1_22' title='bbox 843 260 947 291; x_wconf 85' lang='lat' dir='ltr'><strong>posset.</strong></span> <span class='ocrx_word' id='word_1_23' title='bbox 965 256 1018 283; x_wconf 85' lang='lat' dir='ltr'><strong>im-</strong></span> 
     </span>
    </p>
   </div>
   <div class='ocr_carea' id='block_1_7' title="bbox 238 302 1022 342">
    <p class='ocr_par' dir='ltr' id='par_1_7' title="bbox 238 302 1022 342">
     <span class='ocr_line' id='line_1_7' title="bbox 238 302 1022 342; baseline -0.008 -7"><span class='ocrx_word' id='word_1_24' title='bbox 238 312 339 342; x_wconf 85' lang='lat' dir='ltr'><strong>petrat,</strong></span> <span class='ocrx_word' id='word_1_25' title='bbox 354 312 383 334; x_wconf 91' lang='lat' dir='ltr'><strong>ut</strong></span> <span class='ocrx_word' id='word_1_26' title='bbox 398 307 529 334; x_wconf 88' lang='lat' dir='ltr'><strong>Dioscoro</strong></span> <span class='ocrx_word' id='word_1_27' title='bbox 544 303 590 338; x_wconf 87' lang='lat' dir='ltr'><strong>qui</strong></span> <span class='ocrx_word' id='word_1_28' title='bbox 602 308 664 338; x_wconf 89' lang='lat' dir='ltr'><strong>post</strong></span> <span class='ocrx_word' id='word_1_29' title='bbox 677 303 772 339; x_wconf 88' lang='lat' dir='ltr'><strong>Cyrilli</strong></span> <span class='ocrx_word' id='word_1_30' title='bbox 782 302 888 330; x_wconf 87' lang='lat' dir='ltr'><strong>obitum</strong></span> <span class='ocrx_word' id='word_1_31' title='bbox 901 302 1022 330; x_wconf 72' lang='lat' dir='ltr'><strong>Alexan-</strong></span> 
     </span>
    </p>
   </div>
   <div class='ocr_carea' id='block_1_8' title="bbox 237 346 1023 384">
    <p class='ocr_par' dir='ltr' id='par_1_8' title="bbox 237 346 1023 384">
     <span class='ocr_line' id='line_1_8' title="bbox 237 346 1023 384; baseline -0.008 -4"><span class='ocrx_word' id='word_1_32' title='bbox 237 353 346 380; x_wconf 87' lang='lat' dir='ltr'><strong>drinam</strong></span> <span class='ocrx_word' id='word_1_33' title='bbox 361 351 511 378; x_wconf 73' lang='lat' dir='ltr'><strong>Ecclesiam</strong></span> <span class='ocrx_word' id='word_1_34' title='bbox 535 348 706 384; x_wconf 77' lang='lat' dir='ltr'><strong>gubernabat</strong></span> <span class='ocrx_word' id='word_1_35' title='bbox 721 356 782 375; x_wconf 91' lang='lat' dir='ltr'><strong>cum</strong></span> <span class='ocrx_word' id='word_1_36' title='bbox 802 348 864 375; x_wconf 84' lang='lat' dir='ltr'><strong>aliis</strong></span> <span class='ocrx_word' id='word_1_37' title='bbox 885 346 1023 382; x_wconf 83' lang='lat' dir='ltr'><strong>episcopis</strong></span> 
     </span>
    </p>
   </div>
   <div class='ocr_carea' id='block_1_9' title="bbox 239 394 1021 433">
    <p class='ocr_par' dir='ltr' id='par_1_9' title="bbox 239 394 1021 433">
     <span class='ocr_line' id='line_1_9' title="bbox 239 394 1021 433; baseline -0.005 -9"><span class='ocrx_word' id='word_1_38' title='bbox 239 399 374 433; x_wconf 85' lang='lat' dir='ltr'><strong>Ephesum</strong></span> <span class='ocrx_word' id='word_1_39' title='bbox 389 401 495 427; x_wconf 84' lang='lat' dir='ltr'><strong>vocato,</strong></span> <span class='ocrx_word' id='word_1_40' title='bbox 511 394 711 429; x_wconf 83' lang='lat' dir='ltr'><strong>Eutychianum</strong></span> <span class='ocrx_word' id='word_1_41' title='bbox 725 394 822 429; x_wconf 81' lang='lat' dir='ltr'><strong>dogma</strong></span> <span class='ocrx_word' id='word_1_42' title='bbox 834 398 1021 426; x_wconf 73' lang='lat' dir='ltr'><strong>excuteretur,</strong></span> 
     </span>
    </p>
   </div>
   <div class='ocr_carea' id='block_1_10' title="bbox 238 440 1023 478">
    <p class='ocr_par' dir='ltr' id='par_1_10' title="bbox 238 440 1023 478">
     <span class='ocr_line' id='line_1_10' title="bbox 238 440 1023 478; baseline -0.006 -8"><span class='ocrx_word' id='word_1_43' title='bbox 238 448 372 478; x_wconf 75' lang='lat' dir='ltr'><strong>pnescnte</strong></span> <span class='ocrx_word' id='word_1_44' title='bbox 385 441 467 468; x_wconf 88' lang='lat' dir='ltr'><strong>etiam</strong></span> <span class='ocrx_word' id='word_1_45' title='bbox 489 441 628 467; x_wconf 88' lang='lat' dir='ltr'><strong>Flaviano.</strong></span> <span class='ocrx_word' id='word_1_46' title='bbox 645 441 670 467; x_wconf 85' lang='lat' dir='ltr'><strong>Is</strong></span> <span class='ocrx_word' id='word_1_47' title='bbox 684 440 767 474; x_wconf 81' lang='lat' dir='ltr'><strong>igitur</strong></span> <span class='ocrx_word' id='word_1_48' title='bbox 784 440 943 470; x_wconf 84' lang='lat' dir='ltr'><strong>Dioscorus,</strong></span> <span class='ocrx_word' id='word_1_49' title='bbox 960 446 1023 466; x_wconf 82' lang='lat' dir='ltr'><strong>cum</strong></span> 
     </span>
    </p>
   </div>
   <div class='ocr_carea' id='block_1_11' title="bbox 238 487 1024 526">
    <p class='ocr_par' dir='ltr' id='par_1_11' title="bbox 238 487 1024 526">
     <span class='ocr_line' id='line_1_11' title="bbox 238 487 1024 526; baseline -0.004 -9"><span class='ocrx_word' id='word_1_50' title='bbox 238 490 360 526; x_wconf 79' lang='lat' dir='ltr'><strong>Eutyche</strong></span> <span class='ocrx_word' id='word_1_51' title='bbox 375 490 561 522; x_wconf 81' lang='lat' dir='ltr'><strong>consentiens,</strong></span> <span class='ocrx_word' id='word_1_52' title='bbox 575 489 701 516; x_wconf 89' lang='lat' dir='ltr'><strong>adductis</strong></span> <span class='ocrx_word' id='word_1_53' title='bbox 720 489 781 516; x_wconf 87' lang='lat' dir='ltr'><strong>aliis</strong></span> <span class='ocrx_word' id='word_1_54' title='bbox 791 489 874 515; x_wconf 88' lang='lat' dir='ltr'><strong>etiam</strong></span> <span class='ocrx_word' id='word_1_55' title='bbox 887 487 1024 522; x_wconf 81' lang='lat' dir='ltr'><strong>episcopis</strong></span> 
     </span>
    </p>
   </div>
   <div class='ocr_carea' id='block_1_12' title="bbox 238 533 1024 570">
    <p class='ocr_par' dir='ltr' id='par_1_12' title="bbox 238 533 1024 570">
     <span class='ocr_line' id='line_1_12' title="bbox 238 533 1024 570; baseline -0.003 -9"><span class='ocrx_word' id='word_1_56' title='bbox 238 535 359 570; x_wconf 75' lang='lat' dir='ltr'><strong>ejusdem</strong></span> <span class='ocrx_word' id='word_1_57' title='bbox 377 535 524 570; x_wconf 84' lang='lat' dir='ltr'><strong>opinionis,</strong></span> <span class='ocrx_word' id='word_1_58' title='bbox 551 535 689 570; x_wconf 81' lang='lat' dir='ltr'><strong>Ephesum</strong></span> <span class='ocrx_word' id='word_1_59' title='bbox 713 535 863 569; x_wconf 82' lang='lat' dir='ltr'><strong>profectus,</strong></span> <span class='ocrx_word' id='word_1_60' title='bbox 889 533 1024 568; x_wconf 72' lang='lat' dir='ltr'><strong>suffraga-</strong></span> 
     </span>
    </p>
   </div>
   <div class='ocr_carea' id='block_1_13' title="bbox 239 579 1024 615">
    <p class='ocr_par' dir='ltr' id='par_1_13' title="bbox 239 579 1024 615">
     <span class='ocr_line' id='line_1_13' title="bbox 239 579 1024 615; baseline -0.003 -8"><span class='ocrx_word' id='word_1_61' title='bbox 239 585 284 607; x_wconf 85' lang='lat' dir='ltr'><strong>tur</strong></span> <span class='ocrx_word' id='word_1_62' title='bbox 296 580 465 615; x_wconf 74' lang='lat' dir='ltr'><strong>Eutychiano</strong></span> <span class='ocrx_word' id='word_1_63' title='bbox 480 581 612 615; x_wconf 81' lang='lat' dir='ltr'><strong>dogmati.</strong></span> <span class='ocrx_word' id='word_1_64' title='bbox 627 581 763 607; x_wconf 56' lang='lat' dir='ltr'><strong>Caeterum</strong></span> <span class='ocrx_word' id='word_1_65' title='bbox 781 584 878 607; x_wconf 87' lang='lat' dir='ltr'><strong>sancto</strong></span> <span class='ocrx_word' id='word_1_66' title='bbox 890 579 1024 606; x_wconf 82' lang='lat' dir='ltr'><strong>Flaviano</strong></span> 
     </span>
    </p>
   </div>
   <div class='ocr_carea' id='block_1_14' title="bbox 239 624 1025 658">
    <p class='ocr_par' dir='ltr' id='par_1_14' title="bbox 239 624 1025 658">
     <span class='ocr_line' id='line_1_14' title="bbox 239 624 1025 658; baseline -0.004 -5"><span class='ocrx_word' id='word_1_67' title='bbox 239 626 414 658; x_wconf 82' lang='lat' dir='ltr'><strong>adversante.</strong></span> <span class='ocrx_word' id='word_1_68' title='bbox 442 627 588 653; x_wconf 83' lang='lat' dir='ltr'><strong>Dioscorus</strong></span> <span class='ocrx_word' id='word_1_69' title='bbox 617 626 748 653; x_wconf 75' lang='lat' dir='ltr'><strong>exsiliens</strong></span> <span class='ocrx_word' id='word_1_70' title='bbox 784 625 870 652; x_wconf 83' lang='lat' dir='ltr'><strong>instar</strong></span> <span class='ocrx_word' id='word_1_71' title='bbox 898 624 1025 651; x_wconf 86' lang='lat' dir='ltr'><strong>indomiti</strong></span> 
     </span>
    </p>
   </div>
   <div class='ocr_carea' id='block_1_15' title="bbox 239 671 1026 706">
    <p class='ocr_par' dir='ltr' id='par_1_15' title="bbox 239 671 1026 706">
     <span class='ocr_line' id='line_1_15' title="bbox 239 671 1026 706; baseline -0.005 -6"><span class='ocrx_word' id='word_1_72' title='bbox 239 673 321 704; x_wconf 85' lang='lat' dir='ltr'><strong>asini,</strong></span> <span class='ocrx_word' id='word_1_73' title='bbox 355 672 477 700; x_wconf 81' lang='lat' dir='ltr'><strong>calcibus</strong></span> <span class='ocrx_word' id='word_1_74' title='bbox 503 673 589 699; x_wconf 85' lang='lat' dir='ltr'><strong>sancti</strong></span> <span class='ocrx_word' id='word_1_75' title='bbox 614 671 688 699; x_wconf 85' lang='lat' dir='ltr'><strong>illius</strong></span> <span class='ocrx_word' id='word_1_76' title='bbox 706 672 757 698; x_wconf 80' lang='lat' dir='ltr'><strong>viri</strong></span> <span class='ocrx_word' id='word_1_77' title='bbox 779 675 877 706; x_wconf 84' lang='lat' dir='ltr'><strong>pectus</strong></span> <span class='ocrx_word' id='word_1_78' title='bbox 897 671 1026 705; x_wconf 82' lang='lat' dir='ltr'><strong>impetiit|</strong></span> 
     </span>
    </p>
   </div>
   <div class='ocr_carea' id='block_1_16' title="bbox 238 716 1025 755">
    <p class='ocr_par' dir='ltr' id='par_1_16' title="bbox 238 716 1025 755">
     <span class='ocr_line' id='line_1_16' title="bbox 238 716 1025 755; baseline -0.006 -8"><span class='ocrx_word' id='word_1_79' title='bbox 238 724 266 747; x_wconf 88' lang='lat' dir='ltr'><strong>et</strong></span> <span class='ocrx_word' id='word_1_80' title='bbox 280 720 379 755; x_wconf 74' lang='lat' dir='ltr'><strong>pugnis</strong></span> <span class='ocrx_word' id='word_1_81' title='bbox 398 719 520 746; x_wconf 79' lang='lat' dir='ltr'><strong>maxillas</strong></span> <span class='ocrx_word' id='word_1_82' title='bbox 535 719 594 753; x_wconf 83' lang='lat' dir='ltr'><strong>ejus</strong></span> <span class='ocrx_word' id='word_1_83' title='bbox 614 717 730 746; x_wconf 88' lang='lat' dir='ltr'><strong>tundere</strong></span> <span class='ocrx_word' id='word_1_84' title='bbox 746 725 801 744; x_wconf 91' lang='lat' dir='ltr'><strong>non</strong></span> <span class='ocrx_word' id='word_1_85' title='bbox 816 717 893 752; x_wconf 89' lang='lat' dir='ltr'><strong>prius</strong></span> <span class='ocrx_word' id='word_1_86' title='bbox 909 716 1025 748; x_wconf 75' lang='lat' dir='ltr'><strong>destitit,</strong></span> 
     </span>
    </p>
   </div>
   <div class='ocr_carea' id='block_1_17' title="bbox 239 761 1026 800">
    <p class='ocr_par' dir='ltr' id='par_1_17' title="bbox 239 761 1026 800">
     <span class='ocr_line' id='line_1_17' title="bbox 239 761 1026 800; baseline -0.005 -8"><span class='ocrx_word' id='word_1_87' title='bbox 239 773 320 800; x_wconf 85' lang='lat' dir='ltr'><strong>quam</strong></span> <span class='ocrx_word' id='word_1_88' title='bbox 340 764 457 792; x_wconf 84' lang='lat' dir='ltr'><strong>concilio</strong></span> <span class='ocrx_word' id='word_1_89' title='bbox 476 764 636 799; x_wconf 75' lang='lat' dir='ltr'><strong>expulisset.</strong></span> <span class='ocrx_word' id='word_1_90' title='bbox 654 763 690 790; x_wconf 79' lang='lat' dir='ltr'><strong>At</strong></span> <span class='ocrx_word' id='word_1_91' title='bbox 712 766 825 790; x_wconf 82' lang='lat' dir='ltr'><strong>sanctus</strong></span> <span class='ocrx_word' id='word_1_92' title='bbox 849 762 894 790; x_wconf 87' lang='lat' dir='ltr'><strong>ille</strong></span> <span class='ocrx_word' id='word_1_93' title='bbox 909 769 943 789; x_wconf 84' lang='lat' dir='ltr'><strong>ex</strong></span> <span class='ocrx_word' id='word_1_94' title='bbox 966 761 1026 796; x_wconf 85' lang='lat' dir='ltr'><strong>pla-</strong></span> 
     </span>
    </p>
   </div>
   <div class='ocr_carea' id='block_1_18' title="bbox 241 806 1028 846">
    <p class='ocr_par' dir='ltr' id='par_1_18' title="bbox 241 806 1028 846">
     <span class='ocr_line' id='line_1_18' title="bbox 241 806 1028 846; baseline -0.005 -9"><span class='ocrx_word' id='word_1_95' title='bbox 241 819 274 846; x_wconf 74' lang='lat' dir='ltr'><strong>ga</strong></span> <span class='ocrx_word' id='word_1_96' title='bbox 305 811 423 844; x_wconf 91' lang='lat' dir='ltr'><strong>pectoris</strong></span> <span class='ocrx_word' id='word_1_97' title='bbox 453 814 514 845; x_wconf 89' lang='lat' dir='ltr'><strong>post</strong></span> <span class='ocrx_word' id='word_1_98' title='bbox 547 809 668 836; x_wconf 88' lang='lat' dir='ltr'><strong>triduum</strong></span> <span class='ocrx_word' id='word_1_99' title='bbox 700 808 824 839; x_wconf 83' lang='lat' dir='ltr'><strong>decedit,</strong></span> <span class='ocrx_word' id='word_1_100' title='bbox 855 814 917 834; x_wconf 88' lang='lat' dir='ltr'><strong>eum</strong></span> <span class='ocrx_word' id='word_1_101' title='bbox 945 806 1028 834; x_wconf 67' lang='lat' dir='ltr'><strong>Novae</strong></span> 
     </span>
    </p>
   </div>
   <div class='ocr_carea' id='block_1_19' title="bbox 242 852 1029 890">
    <p class='ocr_par' dir='ltr' id='par_1_19' title="bbox 242 852 1029 890">
     <span class='ocr_line' id='line_1_19' title="bbox 242 852 1029 890; baseline -0.006 -6"><span class='ocrx_word' id='word_1_102' title='bbox 242 857 333 884; x_wconf 79' lang='lat' dir='ltr'><strong>Romae</strong></span> <span class='ocrx_word' id='word_1_103' title='bbox 356 856 485 884; x_wconf 87' lang='lat' dir='ltr'><strong>thronum</strong></span> <span class='ocrx_word' id='word_1_104' title='bbox 507 863 555 890; x_wconf 88' lang='lat' dir='ltr'><strong>per</strong></span> <span class='ocrx_word' id='word_1_105' title='bbox 571 855 711 882; x_wconf 83' lang='lat' dir='ltr'><strong>biennium</strong></span> <span class='ocrx_word' id='word_1_106' title='bbox 729 857 868 881; x_wconf 83' lang='lat' dir='ltr'><strong>ornasset.</strong></span> <span class='ocrx_word' id='word_1_107' title='bbox 884 852 1029 880; x_wconf 75' lang='lat' dir='ltr'><strong>Dioscorus</strong></span> 
     </span>
    </p>
   </div>
   <div class='ocr_carea' id='block_1_20' title="bbox 241 898 1026 937">
    <p class='ocr_par' dir='ltr' id='par_1_20' title="bbox 241 898 1026 937">
     <span class='ocr_line' id='line_1_20' title="bbox 241 898 1026 937; baseline -0.005 -9"><span class='ocrx_word' id='word_1_108' title='bbox 241 908 331 929; x_wconf 81' lang='lat' dir='ltr'><strong>autent</strong></span> <span class='ocrx_word' id='word_1_109' title='bbox 355 901 499 937; x_wconf 75' lang='lat' dir='ltr'><strong>episcopos</strong></span> <span class='ocrx_word' id='word_1_110' title='bbox 528 900 574 936; x_wconf 87' lang='lat' dir='ltr'><strong>qui</strong></span> <span class='ocrx_word' id='word_1_111' title='bbox 617 900 732 927; x_wconf 88' lang='lat' dir='ltr'><strong>aderant</strong></span> <span class='ocrx_word' id='word_1_112' title='bbox 761 898 936 926; x_wconf 81' lang='lat' dir='ltr'><strong>subscribere</strong></span> <span class='ocrx_word' id='word_1_113' title='bbox 963 905 1026 925; x_wconf 85' lang='lat' dir='ltr'><strong>sen-</strong></span> 
     </span>
    </p>
   </div>
   <div class='ocr_carea' id='block_1_21' title="bbox 242 943 1027 981">
    <p class='ocr_par' dir='ltr' id='par_1_21' title="bbox 242 943 1027 981">
     <span class='ocr_line' id='line_1_21' title="bbox 242 943 1027 981; baseline -0.006 -7"><span class='ocrx_word' id='word_1_114' title='bbox 242 947 334 974; x_wconf 78' lang='lat' dir='ltr'><strong>tentia:</strong></span> <span class='ocrx_word' id='word_1_115' title='bbox 361 954 416 974; x_wconf 61' lang='lat' dir='ltr'><strong>suaa</strong></span> <span class='ocrx_word' id='word_1_116' title='bbox 446 946 546 981; x_wconf 76' lang='lat' dir='ltr'><strong>coegit.</strong></span> <span class='ocrx_word' id='word_1_117' title='bbox 575 945 642 973; x_wconf 82' lang='lat' dir='ltr'><strong>Nam</strong></span> <span class='ocrx_word' id='word_1_118' title='bbox 674 944 823 972; x_wconf 77' lang='lat' dir='ltr'><strong>Eunuchus</strong></span> <span class='ocrx_word' id='word_1_119' title='bbox 852 944 897 970; x_wconf 87' lang='lat' dir='ltr'><strong>ille</strong></span> <span class='ocrx_word' id='word_1_120' title='bbox 926 943 1027 970; x_wconf 76' lang='lat' dir='ltr'><strong>milites</strong></span> 
     </span>
    </p>
   </div>
   <div class='ocr_carea' id='block_1_22' title="bbox 241 989 1028 1026">
    <p class='ocr_par' dir='ltr' id='par_1_22' title="bbox 241 989 1028 1026">
     <span class='ocr_line' id='line_1_22' title="bbox 241 989 1028 1026; baseline -0.004 -8"><span class='ocrx_word' id='word_1_121' title='bbox 241 996 360 1018; x_wconf 88' lang='lat' dir='ltr'><strong>armatos</strong></span> <span class='ocrx_word' id='word_1_122' title='bbox 385 991 480 1018; x_wconf 78' lang='lat' dir='ltr'><strong>adesse</strong></span> <span class='ocrx_word' id='word_1_123' title='bbox 507 991 637 1026; x_wconf 77' lang='lat' dir='ltr'><strong>juSSerat,</strong></span> <span class='ocrx_word' id='word_1_124' title='bbox 662 994 694 1016; x_wconf 92' lang='lat' dir='ltr'><strong>ut</strong></span> <span class='ocrx_word' id='word_1_125' title='bbox 718 989 896 1016; x_wconf 77' lang='lat' dir='ltr'><strong>adversantes</strong></span> <span class='ocrx_word' id='word_1_126' title='bbox 922 993 1028 1023; x_wconf 85' lang='lat' dir='ltr'><strong>perter-</strong></span> 
     </span>
    </p>
   </div>
   <div class='ocr_carea' id='block_1_23' title="bbox 242 1034 1026 1069">
    <p class='ocr_par' dir='ltr' id='par_1_23' title="bbox 242 1034 1026 1069">
     <span class='ocr_line' id='line_1_23' title="bbox 242 1034 1026 1069; baseline -0.004 -6"><span class='ocrx_word' id='word_1_127' title='bbox 242 1035 383 1064; x_wconf 85' lang='lat' dir='ltr'><strong>refaceret.</strong></span> <span class='ocrx_word' id='word_1_128' title='bbox 397 1035 497 1063; x_wconf 78' lang='lat' dir='ltr'><strong>Verum</strong></span> <span class='ocrx_word' id='word_1_129' title='bbox 505 1036 634 1067; x_wconf 81' lang='lat' dir='ltr'><strong>Domnus,</strong></span> <span class='ocrx_word' id='word_1_130' title='bbox 643 1035 819 1062; x_wconf 76' lang='lat' dir='ltr'><strong>Antiochense</strong></span> <span class='ocrx_word' id='word_1_131' title='bbox 829 1034 906 1061; x_wconf 82' lang='lat' dir='ltr'><strong>urbis</strong></span> <span class='ocrx_word' id='word_1_132' title='bbox 916 1041 1026 1069; x_wconf 67' lang='grc' dir='ltr'>ιιι-τηερε,</span> 
     </span>
    </p>
   </div>
   <div class='ocr_carea' id='block_1_24' title="bbox 242 1081 1028 1118">
    <p class='ocr_par' dir='ltr' id='par_1_24' title="bbox 242 1081 1028 1118">
     <span class='ocr_line' id='line_1_24' title="bbox 242 1081 1028 1118; baseline -0.004 -8"><span class='ocrx_word' id='word_1_133' title='bbox 242 1091 305 1110; x_wconf 87' lang='lat' dir='ltr'><strong>cum</strong></span> <span class='ocrx_word' id='word_1_134' title='bbox 327 1087 354 1110; x_wconf 92' lang='lat' dir='ltr'><strong>et</strong></span> <span class='ocrx_word' id='word_1_135' title='bbox 371 1083 429 1118; x_wconf 90' lang='lat' dir='ltr'><strong>ipse</strong></span> <span class='ocrx_word' id='word_1_136' title='bbox 446 1082 473 1109; x_wconf 90' lang='lat' dir='ltr'><strong>in</strong></span> <span class='ocrx_word' id='word_1_137' title='bbox 496 1083 616 1110; x_wconf 89' lang='lat' dir='ltr'><strong>tumultu</strong></span> <span class='ocrx_word' id='word_1_138' title='bbox 631 1082 676 1109; x_wconf 89' lang='lat' dir='ltr'><strong>illo</strong></span> <span class='ocrx_word' id='word_1_139' title='bbox 694 1081 912 1116; x_wconf 82' lang='lat' dir='ltr'><strong>subscripsisset,</strong></span> <span class='ocrx_word' id='word_1_140' title='bbox 934 1085 1028 1116; x_wconf 85' lang='lat' dir='ltr'><strong>postea</strong></span> 
     </span>
    </p>
   </div>
   <div class='ocr_carea' id='block_1_25' title="bbox 243 1126 1026 1161">
    <p class='ocr_par' dir='ltr' id='par_1_25' title="bbox 243 1126 1026 1161">
     <span class='ocr_line' id='line_1_25' title="bbox 243 1126 1026 1161; baseline -0.005 -6"><span class='ocrx_word' id='word_1_141' title='bbox 243 1129 270 1156; x_wconf 95' lang='lat' dir='ltr'><strong>in</strong></span> <span class='ocrx_word' id='word_1_142' title='bbox 304 1128 466 1155; x_wconf 89' lang='lat' dir='ltr'><strong>Dioscorum</strong></span> <span class='ocrx_word' id='word_1_143' title='bbox 499 1127 683 1159; x_wconf 84' lang='lat' dir='ltr'><strong>vociferatur,</strong></span> <span class='ocrx_word' id='word_1_144' title='bbox 712 1127 828 1161; x_wconf 81' lang='lat' dir='ltr'><strong>ejusque</strong></span> <span class='ocrx_word' id='word_1_145' title='bbox 860 1126 1026 1153; x_wconf 85' lang='lat' dir='ltr'><strong>sententiam</strong></span> 
     </span>
    </p>
   </div>
   <div class='ocr_carea' id='block_1_26' title="bbox 243 1170 1029 1209">
    <p class='ocr_par' dir='ltr' id='par_1_26' title="bbox 243 1170 1029 1209">
     <span class='ocr_line' id='line_1_26' title="bbox 243 1170 1029 1209; baseline -0.006 -8"><span class='ocrx_word' id='word_1_146' title='bbox 243 1179 272 1201; x_wconf 89' lang='lat' dir='ltr'><strong>ut</strong></span> <span class='ocrx_word' id='word_1_147' title='bbox 296 1174 437 1209; x_wconf 83' lang='lat' dir='ltr'><strong>impietate</strong></span> <span class='ocrx_word' id='word_1_148' title='bbox 465 1174 570 1209; x_wconf 84' lang='lat' dir='ltr'><strong>plenam</strong></span> <span class='ocrx_word' id='word_1_149' title='bbox 593 1172 757 1208; x_wconf 88' lang='lat' dir='ltr'><strong>proscindit.</strong></span> <span class='ocrx_word' id='word_1_150' title='bbox 787 1171 833 1198; x_wconf 88' lang='lat' dir='ltr'><strong>llis</strong></span> <span class='ocrx_word' id='word_1_151' title='bbox 856 1170 1029 1198; x_wconf 82' lang='lat' dir='ltr'><strong>Theodosius</strong></span> 
     </span>
    </p>
   </div>
   <div class='ocr_carea' id='block_1_27' title="bbox 243 1216 1029 1254">
    <p class='ocr_par' dir='ltr' id='par_1_27' title="bbox 243 1216 1029 1254">
     <span class='ocr_line' id='line_1_27' title="bbox 243 1216 1029 1254; baseline -0.006 -7"><span class='ocrx_word' id='word_1_152' title='bbox 243 1219 354 1252; x_wconf 79' lang='lat' dir='ltr'><strong>auditis,</strong></span> <span class='ocrx_word' id='word_1_153' title='bbox 378 1224 406 1246; x_wconf 89' lang='lat' dir='ltr'><strong>et</strong></span> <span class='ocrx_word' id='word_1_154' title='bbox 427 1219 549 1246; x_wconf 82' lang='lat' dir='ltr'><strong>Flaviani</strong></span> <span class='ocrx_word' id='word_1_155' title='bbox 571 1218 681 1254; x_wconf 78' lang='lat' dir='ltr'><strong>cognito</strong></span> <span class='ocrx_word' id='word_1_156' title='bbox 705 1217 831 1250; x_wconf 88' lang='lat' dir='ltr'><strong>interitu,</strong></span> <span class='ocrx_word' id='word_1_157' title='bbox 856 1216 944 1243; x_wconf 79' lang='lat' dir='ltr'><strong>iratus</strong></span> <span class='ocrx_word' id='word_1_158' title='bbox 966 1223 1029 1242; x_wconf 89' lang='lat' dir='ltr'><strong>cum</strong></span> 
     </span>
    </p>
   </div>
   <div class='ocr_carea' id='block_1_28' title="bbox 244 1260 1028 1300">
    <p class='ocr_par' dir='ltr' id='par_1_28' title="bbox 244 1260 1028 1300">
     <span class='ocr_line' id='line_1_28' title="bbox 244 1260 1028 1300; baseline -0.005 -9"><span class='ocrx_word' id='word_1_159' title='bbox 244 1264 420 1300; x_wconf 70' lang='lat' dir='ltr'><strong>Chrysaphio</strong></span> <span class='ocrx_word' id='word_1_160' title='bbox 448 1264 627 1299; x_wconf 81' lang='lat' dir='ltr'><strong>expostulat:</strong></span> <span class='ocrx_word' id='word_1_161' title='bbox 650 1263 695 1290; x_wconf 91' lang='lat' dir='ltr'><strong>cui</strong></span> <span class='ocrx_word' id='word_1_162' title='bbox 729 1263 878 1290; x_wconf 83' lang='lat' dir='ltr'><strong>Dioscorus</strong></span> <span class='ocrx_word' id='word_1_163' title='bbox 912 1260 1028 1296; x_wconf 87' lang='lat' dir='ltr'><strong>periculi</strong></span> 
     </span>
    </p>
   </div>
   <div class='ocr_carea' id='block_1_29' title="bbox 244 1306 1030 1343">
    <p class='ocr_par' dir='ltr' id='par_1_29' title="bbox 244 1306 1030 1343">
     <span class='ocr_line' id='line_1_29' title="bbox 244 1306 1030 1343; baseline -0.006 -6"><span class='ocrx_word' id='word_1_164' title='bbox 244 1316 318 1338; x_wconf 88' lang='lat' dir='ltr'><strong>metu</strong></span> <span class='ocrx_word' id='word_1_165' title='bbox 343 1309 449 1342; x_wconf 86' lang='lat' dir='ltr'><strong>suadet,</strong></span> <span class='ocrx_word' id='word_1_166' title='bbox 468 1314 496 1336; x_wconf 95' lang='lat' dir='ltr'><strong>ut</strong></span> <span class='ocrx_word' id='word_1_167' title='bbox 509 1310 542 1336; x_wconf 90' lang='lat' dir='ltr'><strong>ab</strong></span> <span class='ocrx_word' id='word_1_168' title='bbox 557 1309 723 1343; x_wconf 83' lang='lat' dir='ltr'><strong>imperatore</strong></span> <span class='ocrx_word' id='word_1_169' title='bbox 745 1310 888 1342; x_wconf 85' lang='lat' dir='ltr'><strong>impetret,</strong></span> <span class='ocrx_word' id='word_1_170' title='bbox 912 1311 942 1334; x_wconf 92' lang='lat' dir='ltr'><strong>ut</strong></span> <span class='ocrx_word' id='word_1_171' title='bbox 959 1306 1030 1332; x_wconf 80' lang='lat' dir='ltr'><strong>Ana-</strong></span> 
     </span>
    </p>
   </div>
   <div class='ocr_carea' id='block_1_30' title="bbox 245 1351 1028 1390">
    <p class='ocr_par' dir='ltr' id='par_1_30' title="bbox 245 1351 1028 1390">
     <span class='ocr_line' id='line_1_30' title="bbox 245 1351 1028 1390; baseline -0.005 -8"><span class='ocrx_word' id='word_1_172' title='bbox 245 1356 351 1387; x_wconf 85' lang='lat' dir='ltr'><strong>tolium,</strong></span> <span class='ocrx_word' id='word_1_173' title='bbox 375 1355 422 1390; x_wconf 78' lang='lat' dir='ltr'><strong>qui</strong></span> <span class='ocrx_word' id='word_1_174' title='bbox 440 1355 465 1382; x_wconf 90' lang='lat' dir='ltr'><strong>ei</strong></span> <span class='ocrx_word' id='word_1_175' title='bbox 486 1363 500 1382; x_wconf 86' lang='lat' dir='ltr'><strong>a</strong></span> <span class='ocrx_word' id='word_1_176' title='bbox 522 1354 660 1389; x_wconf 86' lang='lat' dir='ltr'><strong>responsis</strong></span> <span class='ocrx_word' id='word_1_177' title='bbox 679 1357 749 1385; x_wconf 86' lang='lat' dir='ltr'><strong>erat,</strong></span> <span class='ocrx_word' id='word_1_178' title='bbox 773 1361 854 1388; x_wconf 87' lang='lat' dir='ltr'><strong>quem</strong></span> <span class='ocrx_word' id='word_1_179' title='bbox 878 1351 1028 1387; x_wconf 86' lang='lat' dir='ltr'><strong>apocrisia-</strong></span> 
     </span>
    </p>
   </div>
   <div class='ocr_carea' id='block_1_31' title="bbox 245 1398 1029 1435">
    <p class='ocr_par' dir='ltr' id='par_1_31' title="bbox 245 1398 1029 1435">
     <span class='ocr_line' id='line_1_31' title="bbox 245 1398 1029 1435; baseline -0.005 -8"><span class='ocrx_word' id='word_1_180' title='bbox 245 1401 315 1428; x_wconf 90' lang='lat' dir='ltr'><strong>rium</strong></span> <span class='ocrx_word' id='word_1_181' title='bbox 350 1405 457 1431; x_wconf 83' lang='lat' dir='ltr'><strong>vocant.</strong></span> <span class='ocrx_word' id='word_1_182' title='bbox 486 1400 671 1435; x_wconf 84' lang='lat' dir='ltr'><strong>patriarcham</strong></span> <span class='ocrx_word' id='word_1_183' title='bbox 695 1398 1029 1433; x_wconf 82' lang='lat' dir='ltr'><strong>Constantinopolitanum</strong></span> 
     </span>
    </p>
   </div>
   <div class='ocr_carea' id='block_1_32' title="bbox 245 1443 1029 1481">
    <p class='ocr_par' dir='ltr' id='par_1_32' title="bbox 245 1443 1029 1481">
     <span class='ocr_line' id='line_1_32' title="bbox 245 1443 1029 1481; baseline -0.004 -8"><span class='ocrx_word' id='word_1_184' title='bbox 245 1446 380 1481; x_wconf 78' lang='lat' dir='ltr'><strong>designet,</strong></span> <span class='ocrx_word' id='word_1_185' title='bbox 402 1455 457 1481; x_wconf 87' lang='lat' dir='ltr'><strong>quo</strong></span> <span class='ocrx_word' id='word_1_186' title='bbox 467 1451 494 1473; x_wconf 91' lang='lat' dir='ltr'><strong>et</strong></span> <span class='ocrx_word' id='word_1_187' title='bbox 521 1445 672 1480; x_wconf 71' lang='lat' dir='ltr'><strong>Eun-ehem</strong></span> <span class='ocrx_word' id='word_1_188' title='bbox 697 1445 724 1471; x_wconf 90' lang='lat' dir='ltr'><strong>in</strong></span> <span class='ocrx_word' id='word_1_189' title='bbox 742 1445 899 1472; x_wconf 80' lang='lat' dir='ltr'><strong>societatem</strong></span> <span class='ocrx_word' id='word_1_190' title='bbox 924 1443 1029 1477; x_wconf 83' lang='lat' dir='ltr'><strong>recipe-</strong></span> 
     </span>
    </p>
   </div>
   <div class='ocr_carea' id='block_1_33' title="bbox 245 1488 1029 1526">
    <p class='ocr_par' dir='ltr' id='par_1_33' title="bbox 245 1488 1029 1526">
     <span class='ocr_line' id='line_1_33' title="bbox 245 1488 1029 1526; baseline -0.004 -8"><span class='ocrx_word' id='word_1_191' title='bbox 245 1497 296 1524; x_wconf 88' lang='lat' dir='ltr'><strong>ret,</strong></span> <span class='ocrx_word' id='word_1_192' title='bbox 321 1492 397 1519; x_wconf 86' lang='lat' dir='ltr'><strong>etde</strong></span> <span class='ocrx_word' id='word_1_193' title='bbox 421 1492 543 1520; x_wconf 80' lang='lat' dir='ltr'><strong>Flaviani</strong></span> <span class='ocrx_word' id='word_1_194' title='bbox 569 1492 724 1519; x_wconf 86' lang='lat' dir='ltr'><strong>calamitate</strong></span> <span class='ocrx_word' id='word_1_195' title='bbox 743 1490 798 1526; x_wconf 68' lang='grc'><strong>44</strong></span> <span class='ocrx_word' id='word_1_196' title='bbox 821 1489 937 1524; x_wconf 66' lang='lat' dir='ltr'><strong>quaestio</strong></span> <span class='ocrx_word' id='word_1_197' title='bbox 953 1488 1029 1516; x_wconf 89' lang='lat' dir='ltr'><strong>nulla</strong></span> 
     </span>
    </p>
   </div>
   <div class='ocr_carea' id='block_1_34' title="bbox 245 1534 1029 1570">
    <p class='ocr_par' dir='ltr' id='par_1_34' title="bbox 245 1534 1029 1570">
     <span class='ocr_line' id='line_1_34' title="bbox 245 1534 1029 1570; baseline -0.001 -9"><span class='ocrx_word' id='word_1_198' title='bbox 245 1534 404 1563; x_wconf 80' lang='lat' dir='ltr'><strong>haberetur.</strong></span> <span class='ocrx_word' id='word_1_199' title='bbox 428 1536 465 1562; x_wconf 88' lang='lat' dir='ltr'><strong>Ea</strong></span> <span class='ocrx_word' id='word_1_200' title='bbox 489 1543 519 1563; x_wconf 90' lang='lat' dir='ltr'><strong>re</strong></span> <span class='ocrx_word' id='word_1_201' title='bbox 542 1543 591 1570; x_wconf 88' lang='lat' dir='ltr'><strong>per</strong></span> <span class='ocrx_word' id='word_1_202' title='bbox 615 1535 780 1562; x_wconf 88' lang='lat' dir='ltr'><strong>Eunuchum</strong></span> <span class='ocrx_word' id='word_1_203' title='bbox 804 1534 839 1561; x_wconf 86' lang='lat' dir='ltr'><strong>ab</strong></span> <span class='ocrx_word' id='word_1_204' title='bbox 864 1534 1029 1569; x_wconf 82' lang='lat' dir='ltr'><strong>imperatore</strong></span> 
     </span>
    </p>
   </div>
   <div class='ocr_carea' id='block_1_35' title="bbox 245 1578 1027 1615">
    <p class='ocr_par' dir='ltr' id='par_1_35' title="bbox 245 1578 1027 1615">
     <span class='ocr_line' id='line_1_35' title="bbox 245 1578 1027 1615; baseline -0.004 -8"><span class='ocrx_word' id='word_1_205' title='bbox 245 1580 324 1607; x_wconf 80' lang='lat' dir='ltr'><strong>facile</strong></span> <span class='ocrx_word' id='word_1_206' title='bbox 348 1582 508 1615; x_wconf 50' lang='lat' dir='ltr'><strong>impetrata,</strong></span> <span class='ocrx_word' id='word_1_207' title='bbox 524 1580 679 1615; x_wconf 87' lang='lat' dir='ltr'><strong>patriarcha</strong></span> <span class='ocrx_word' id='word_1_208' title='bbox 696 1579 855 1614; x_wconf 79' lang='lat' dir='ltr'><strong>designatur</strong></span> <span class='ocrx_word' id='word_1_209' title='bbox 874 1578 1027 1605; x_wconf 81' lang='lat' dir='ltr'><strong>Anatolius.</strong></span> 
     </span>
    </p>
   </div>
   <div class='ocr_carea' id='block_1_36' title="bbox 245 1623 1027 1660">
    <p class='ocr_par' dir='ltr' id='par_1_36' title="bbox 245 1623 1027 1660">
     <span class='ocr_line' id='line_1_36' title="bbox 245 1623 1027 1660; baseline -0.003 -8"><span class='ocrx_word' id='word_1_210' title='bbox 245 1625 318 1652; x_wconf 88' lang='lat' dir='ltr'><strong>Idem</strong></span> <span class='ocrx_word' id='word_1_211' title='bbox 331 1625 527 1660; x_wconf 82' lang='lat' dir='ltr'><strong>Chrysaphius,</strong></span> <span class='ocrx_word' id='word_1_212' title='bbox 540 1625 624 1652; x_wconf 81' lang='lat' dir='ltr'><strong>ascita</strong></span> <span class='ocrx_word' id='word_1_213' title='bbox 638 1625 721 1652; x_wconf 88' lang='lat' dir='ltr'><strong>etiam</strong></span> <span class='ocrx_word' id='word_1_214' title='bbox 736 1623 860 1650; x_wconf 78' lang='lat' dir='ltr'><strong>Eudoxia</strong></span> <span class='ocrx_word' id='word_1_215' title='bbox 872 1623 1009 1658; x_wconf 81' lang='lat' dir='ltr'><strong>adjutriee</strong></span> <span class='ocrx_word' id='word_1_216' title='bbox 1019 1643 1027 1655; x_wconf 93' lang='lat'><strong>,</strong></span> 
     </span>
    </p>
   </div>
   <div class='ocr_carea' id='block_1_37' title="bbox 245 1668 1029 1705">
    <p class='ocr_par' dir='ltr' id='par_1_37' title="bbox 245 1668 1029 1705">
     <span class='ocr_line' id='line_1_37' title="bbox 245 1668 1029 1705; baseline -0.004 -8"><span class='ocrx_word' id='word_1_217' title='bbox 245 1670 373 1697; x_wconf 86' lang='lat' dir='ltr'><strong>facilitari</strong></span> <span class='ocrx_word' id='word_1_218' title='bbox 396 1670 529 1705; x_wconf 83' lang='lat' dir='ltr'><strong>principis</strong></span> <span class='ocrx_word' id='word_1_219' title='bbox 557 1670 687 1702; x_wconf 85' lang='lat' dir='ltr'><strong>illudens,</strong></span> <span class='ocrx_word' id='word_1_220' title='bbox 704 1669 861 1704; x_wconf 83' lang='lat' dir='ltr'><strong>persuadet,</strong></span> <span class='ocrx_word' id='word_1_221' title='bbox 878 1673 909 1695; x_wconf 92' lang='lat' dir='ltr'><strong>ut</strong></span> <span class='ocrx_word' id='word_1_222' title='bbox 925 1672 952 1695; x_wconf 91' lang='lat' dir='ltr'><strong>et</strong></span> <span class='ocrx_word' id='word_1_223' title='bbox 966 1668 1029 1694; x_wconf 84' lang='lat' dir='ltr'><strong>Pul-</strong></span> 
     </span>
    </p>
   </div>
   <div class='ocr_carea' id='block_1_38' title="bbox 246 1714 1029 1743">
    <p class='ocr_par' dir='ltr' id='par_1_38' title="bbox 246 1714 1029 1743">
     <span class='ocr_line' id='line_1_38' title="bbox 246 1714 1029 1743; baseline -0.004 0"><span class='ocrx_word' id='word_1_224' title='bbox 246 1717 339 1743; x_wconf 78' lang='lat' dir='ltr'><strong>chetia</strong></span> <span class='ocrx_word' id='word_1_225' title='bbox 366 1716 401 1743; x_wconf 84' lang='lat' dir='ltr'><strong>ab</strong></span> <span class='ocrx_word' id='word_1_226' title='bbox 426 1716 669 1743; x_wconf 82' lang='lat' dir='ltr'><strong>administratione</strong></span> <span class='ocrx_word' id='word_1_227' title='bbox 690 1723 782 1742; x_wconf 88' lang='lat' dir='ltr'><strong>rerum</strong></span> <span class='ocrx_word' id='word_1_228' title='bbox 802 1718 969 1741; x_wconf 82' lang='lat' dir='ltr'><strong>amoveatur.</strong></span> <span class='ocrx_word' id='word_1_229' title='bbox 991 1714 1029 1740; x_wconf 82' lang='lat' dir='ltr'><strong>Ea</strong></span> 
     </span>
    </p>
   </div>
   <div class='ocr_carea' id='block_1_39' title="bbox 246 1758 1028 1795">
    <p class='ocr_par' dir='ltr' id='par_1_39' title="bbox 246 1758 1028 1795">
     <span class='ocr_line' id='line_1_39' title="bbox 246 1758 1028 1795; baseline -0.004 -8"><span class='ocrx_word' id='word_1_230' title='bbox 246 1761 339 1795; x_wconf 76' lang='lat' dir='ltr'><strong>igitur,</strong></span> <span class='ocrx_word' id='word_1_231' title='bbox 364 1761 426 1786; x_wconf 91' lang='lat' dir='ltr'><strong>aula</strong></span> <span class='ocrx_word' id='word_1_232' title='bbox 452 1759 556 1792; x_wconf 88' lang='lat' dir='ltr'><strong>relicta,</strong></span> <span class='ocrx_word' id='word_1_233' title='bbox 583 1760 669 1787; x_wconf 91' lang='lat' dir='ltr'><strong>vitam</strong></span> <span class='ocrx_word' id='word_1_234' title='bbox 695 1759 829 1794; x_wconf 85' lang='lat' dir='ltr'><strong>privatam</strong></span> <span class='ocrx_word' id='word_1_235' title='bbox 860 1758 927 1793; x_wconf 74' lang='lat' dir='ltr'><strong>agit,</strong></span> <span class='ocrx_word' id='word_1_236' title='bbox 948 1762 977 1785; x_wconf 87' lang='lat' dir='ltr'><strong>et</strong></span> <span class='ocrx_word' id='word_1_237' title='bbox 1000 1758 1028 1784; x_wconf 93' lang='lat' dir='ltr'><strong>in</strong></span> 
     </span>
    </p>
   </div>
   <div class='ocr_carea' id='block_1_40' title="bbox 245 1803 1029 1841">
    <p class='ocr_par' dir='ltr' id='par_1_40' title="bbox 245 1803 1029 1841">
     <span class='ocr_line' id='line_1_40' title="bbox 245 1803 1029 1841; baseline -0.003 -9"><span class='ocrx_word' id='word_1_238' title='bbox 245 1806 386 1833; x_wconf 88' lang='lat' dir='ltr'><strong>Hebdomo</strong></span> <span class='ocrx_word' id='word_1_239' title='bbox 407 1806 535 1840; x_wconf 89' lang='lat' dir='ltr'><strong>quiescit.</strong></span> <span class='ocrx_word' id='word_1_240' title='bbox 554 1806 589 1833; x_wconf 84' lang='lat' dir='ltr'><strong>At</strong></span> <span class='ocrx_word' id='word_1_241' title='bbox 611 1805 773 1841; x_wconf 85' lang='lat' dir='ltr'><strong>imperator,</strong></span> <span class='ocrx_word' id='word_1_242' title='bbox 795 1804 841 1831; x_wconf 78' lang='lat' dir='ltr'><strong>vix</strong></span> <span class='ocrx_word' id='word_1_243' title='bbox 869 1803 978 1831; x_wconf 89' lang='lat' dir='ltr'><strong>tandem</strong></span> <span class='ocrx_word' id='word_1_244' title='bbox 995 1804 1029 1831; x_wconf 86' lang='lat' dir='ltr'><strong>ad</strong></span> 
     </span>
    </p>
   </div>
   <div class='ocr_carea' id='block_1_41' title="bbox 246 1849 1030 1883">
    <p class='ocr_par' dir='ltr' id='par_1_41' title="bbox 246 1849 1030 1883">
     <span class='ocr_line' id='line_1_41' title="bbox 246 1849 1030 1883; baseline -0.003 -4"><span class='ocrx_word' id='word_1_245' title='bbox 246 1860 340 1880; x_wconf 89' lang='lat' dir='ltr'><strong>sanam</strong></span> <span class='ocrx_word' id='word_1_246' title='bbox 367 1857 487 1879; x_wconf 87' lang='lat' dir='ltr'><strong>mentem</strong></span> <span class='ocrx_word' id='word_1_247' title='bbox 517 1859 655 1883; x_wconf 87' lang='lat' dir='ltr'><strong>reversus,</strong></span> <span class='ocrx_word' id='word_1_248' title='bbox 683 1850 853 1878; x_wconf 87' lang='lat' dir='ltr'><strong>considerata</strong></span> <span class='ocrx_word' id='word_1_249' title='bbox 878 1854 905 1878; x_wconf 87' lang='lat' dir='ltr'><strong>et</strong></span> <span class='ocrx_word' id='word_1_250' title='bbox 925 1849 1030 1877; x_wconf 87' lang='lat' dir='ltr'><strong>nefaria</strong></span> 
     </span>
    </p>
   </div>
   <div class='ocr_carea' id='block_1_42' title="bbox 246 1896 1027 1932">
    <p class='ocr_par' dir='ltr' id='par_1_42' title="bbox 246 1896 1027 1932">
     <span class='ocr_line' id='line_1_42' title="bbox 246 1896 1027 1932; baseline -0.003 -7"><span class='ocrx_word' id='word_1_251' title='bbox 246 1898 365 1926; x_wconf 78' lang='lat' dir='ltr'><strong>Flaviani</strong></span> <span class='ocrx_word' id='word_1_252' title='bbox 398 1898 482 1930; x_wconf 68' lang='lat' dir='ltr'><strong>caede,</strong></span> <span class='ocrx_word' id='word_1_253' title='bbox 512 1903 540 1925; x_wconf 85' lang='lat' dir='ltr'><strong>et</strong></span> <span class='ocrx_word' id='word_1_254' title='bbox 569 1897 721 1925; x_wconf 68' lang='lat' dir='ltr'><strong>Pulcheriat</strong></span> <span class='ocrx_word' id='word_1_255' title='bbox 750 1896 887 1924; x_wconf 83' lang='lat' dir='ltr'><strong>delatione</strong></span> <span class='ocrx_word' id='word_1_256' title='bbox 912 1915 920 1929; x_wconf 87' lang='lat'><strong>,</strong></span> <span class='ocrx_word' id='word_1_257' title='bbox 953 1897 1027 1932; x_wconf 84' lang='lat' dir='ltr'><strong>justa</strong></span> 
     </span>
    </p>
   </div>
   <div class='ocr_carea' id='block_1_43' title="bbox 245 1944 1030 1979">
    <p class='ocr_par' dir='ltr' id='par_1_43' title="bbox 245 1944 1030 1979">
     <span class='ocr_line' id='line_1_43' title="bbox 245 1944 1030 1979; baseline -0.001 -9"><span class='ocrx_word' id='word_1_258' title='bbox 245 1944 432 1979; x_wconf 80' lang='lat' dir='ltr'><strong>indignatione</strong></span> <span class='ocrx_word' id='word_1_259' title='bbox 454 1949 548 1971; x_wconf 87' lang='lat' dir='ltr'><strong>contra</strong></span> <span class='ocrx_word' id='word_1_260' title='bbox 573 1944 735 1971; x_wconf 89' lang='lat' dir='ltr'><strong>Eunuchum</strong></span> <span class='ocrx_word' id='word_1_261' title='bbox 756 1946 922 1974; x_wconf 86' lang='lat' dir='ltr'><strong>commotus,</strong></span> <span class='ocrx_word' id='word_1_262' title='bbox 947 1950 1030 1977; x_wconf 85' lang='lat' dir='ltr'><strong>quem</strong></span> 
     </span>
    </p>
   </div>
   <div class='ocr_carea' id='block_1_44' title="bbox 245 1990 1029 2020">
    <p class='ocr_par' dir='ltr' id='par_1_44' title="bbox 245 1990 1029 2020">
     <span class='ocr_line' id='line_1_44' title="bbox 245 1990 1029 2020; baseline 0 -4"><span class='ocrx_word' id='word_1_263' title='bbox 245 1998 342 2017; x_wconf 85' lang='lat' dir='ltr'><strong>earum</strong></span> <span class='ocrx_word' id='word_1_264' title='bbox 367 1998 459 2016; x_wconf 89' lang='lat' dir='ltr'><strong>rerum</strong></span> <span class='ocrx_word' id='word_1_265' title='bbox 483 1990 605 2017; x_wconf 90' lang='lat' dir='ltr'><strong>omnium</strong></span> <span class='ocrx_word' id='word_1_266' title='bbox 626 1994 766 2016; x_wconf 89' lang='lat' dir='ltr'><strong>auctorem</strong></span> <span class='ocrx_word' id='word_1_267' title='bbox 788 1995 850 2016; x_wconf 86' lang='lat' dir='ltr'><strong>esse</strong></span> <span class='ocrx_word' id='word_1_268' title='bbox 875 1990 1029 2020; x_wconf 86' lang='lat' dir='ltr'><strong>constabat,</strong></span> 
     </span>
    </p>
   </div>
   <div class='ocr_carea' id='block_1_45' title="bbox 245 2034 1031 2070">
    <p class='ocr_par' dir='ltr' id='par_1_45' title="bbox 245 2034 1031 2070">
     <span class='ocr_line' id='line_1_45' title="bbox 245 2034 1031 2070; baseline 0 -9"><span class='ocrx_word' id='word_1_269' title='bbox 245 2037 386 2063; x_wconf 86' lang='lat' dir='ltr'><strong>hominem</strong></span> <span class='ocrx_word' id='word_1_270' title='bbox 418 2036 537 2070; x_wconf 75' lang='lat' dir='ltr'><strong>relegat,</strong></span> <span class='ocrx_word' id='word_1_271' title='bbox 568 2035 667 2070; x_wconf 85' lang='lat' dir='ltr'><strong>opibus</strong></span> <span class='ocrx_word' id='word_1_272' title='bbox 703 2035 763 2070; x_wconf 85' lang='lat' dir='ltr'><strong>ejus</strong></span> <span class='ocrx_word' id='word_1_273' title='bbox 793 2034 970 2067; x_wconf 80' lang='lat' dir='ltr'><strong>conﬁscatis,</strong></span> <span class='ocrx_word' id='word_1_274' title='bbox 1002 2038 1031 2062; x_wconf 90' lang='lat' dir='ltr'><strong>et</strong></span> 
     </span>
    </p>
   </div>
   <div class='ocr_carea' id='block_1_46' title="bbox 245 2079 1032 2116">
    <p class='ocr_par' dir='ltr' id='par_1_46' title="bbox 245 2079 1032 2116">
     <span class='ocr_line' id='line_1_46' title="bbox 245 2079 1032 2116; baseline -0.001 -9"><span class='ocrx_word' id='word_1_275' title='bbox 245 2089 366 2108; x_wconf 88' lang='lat' dir='ltr'><strong>sororem</strong></span> <span class='ocrx_word' id='word_1_276' title='bbox 381 2081 467 2116; x_wconf 90' lang='lat' dir='ltr'><strong>petita</strong></span> <span class='ocrx_word' id='word_1_277' title='bbox 482 2081 560 2108; x_wconf 88' lang='lat' dir='ltr'><strong>venia</strong></span> <span class='ocrx_word' id='word_1_278' title='bbox 573 2084 698 2108; x_wconf 83' lang='lat' dir='ltr'><strong>revocat.</strong></span> <span class='ocrx_word' id='word_1_279' title='bbox 708 2079 922 2108; x_wconf 85' lang='lat' dir='ltr'><strong>EratPulcberia</strong></span> <span class='ocrx_word' id='word_1_280' title='bbox 932 2079 1032 2106; x_wconf 87' lang='lat' dir='ltr'><strong>mulier</strong></span> 
     </span>
    </p>
   </div>
   <div class='ocr_carea' id='block_1_47' title="bbox 246 2126 1030 2162">
    <p class='ocr_par' dir='ltr' id='par_1_47' title="bbox 246 2126 1030 2162">
     <span class='ocr_line' id='line_1_47' title="bbox 246 2126 1030 2162; baseline -0.001 -8"><span class='ocrx_word' id='word_1_281' title='bbox 246 2127 455 2162; x_wconf 78' lang='lat' dir='ltr'><strong>prudentissima</strong></span> <span class='ocrx_word' id='word_1_282' title='bbox 470 2147 477 2159; x_wconf 91' lang='lat'><strong>,</strong></span> <span class='ocrx_word' id='word_1_283' title='bbox 498 2135 559 2162; x_wconf 68' lang='lat' dir='ltr'><strong>qua:</strong></span> <span class='ocrx_word' id='word_1_284' title='bbox 584 2127 670 2153; x_wconf 87' lang='lat' dir='ltr'><strong>multa</strong></span> <span class='ocrx_word' id='word_1_285' title='bbox 692 2126 787 2154; x_wconf 79' lang='lat' dir='ltr'><strong>fratris</strong></span> <span class='ocrx_word' id='word_1_286' title='bbox 814 2131 906 2154; x_wconf 82' lang='lat' dir='ltr'><strong>errata</strong></span> <span class='ocrx_word' id='word_1_287' title='bbox 930 2127 1030 2161; x_wconf 83' lang='lat' dir='ltr'><strong>partim</strong></span> 
     </span>
    </p>
   </div>
   <div class='ocr_carea' id='block_1_48' title="bbox 245 2171 1029 2208">
    <p class='ocr_par' dir='ltr' id='par_1_48' title="bbox 245 2171 1029 2208">
     <span class='ocr_line' id='line_1_48' title="bbox 245 2171 1029 2208; baseline 0 -9"><span class='ocrx_word' id='word_1_288' title='bbox 245 2173 411 2208; x_wconf 73' lang='lat' dir='ltr'><strong>corrigebat,</strong></span> <span class='ocrx_word' id='word_1_289' title='bbox 435 2173 534 2207; x_wconf 87' lang='lat' dir='ltr'><strong>partim</strong></span> <span class='ocrx_word' id='word_1_290' title='bbox 553 2173 670 2208; x_wconf 78' lang='lat' dir='ltr'><strong>tegebat.</strong></span> <span class='ocrx_word' id='word_1_291' title='bbox 688 2171 800 2200; x_wconf 87' lang='lat' dir='ltr'><strong>Litteris</strong></span> <span class='ocrx_word' id='word_1_292' title='bbox 814 2172 860 2199; x_wconf 91' lang='lat' dir='ltr'><strong>ille</strong></span> <span class='ocrx_word' id='word_1_293' title='bbox 875 2177 950 2200; x_wconf 91' lang='lat' dir='ltr'><strong>certe</strong></span> <span class='ocrx_word' id='word_1_294' title='bbox 969 2172 1029 2206; x_wconf 87' lang='lat' dir='ltr'><strong>qni-</strong></span> 
     </span>
    </p>
   </div>
   <div class='ocr_carea' id='block_1_49' title="bbox 245 2217 1069 2251">
    <p class='ocr_par' dir='ltr' id='par_1_49' title="bbox 245 2217 1069 2251">
     <span class='ocr_line' id='line_1_49' title="bbox 245 2217 1069 2251; baseline -0.001 -5"><span class='ocrx_word' id='word_1_295' title='bbox 245 2219 308 2246; x_wconf 81' lang='lat' dir='ltr'><strong>(‘em</strong></span> <span class='ocrx_word' id='word_1_296' title='bbox 337 2219 539 2246; x_wconf 88' lang='lat' dir='ltr'><strong>inconsiderate</strong></span> <span class='ocrx_word' id='word_1_297' title='bbox 569 2219 746 2246; x_wconf 84' lang='lat' dir='ltr'><strong>subscribere</strong></span> <span class='ocrx_word' id='word_1_298' title='bbox 767 2218 923 2245; x_wconf 88' lang='lat' dir='ltr'><strong>dicebatur.</strong></span> <span class='ocrx_word' id='word_1_299' title='bbox 952 2217 1031 2251; x_wconf 85' lang='lat' dir='ltr'><strong>Quod</strong></span> <span class='ocrx_word' id='word_1_300' title='bbox 1047 2217 1069 2245; x_wconf 89' lang='lat' dir='ltr'><strong>D</strong></span> 
     </span>
    </p>
   </div>
   <div class='ocr_carea' id='block_1_50' title="bbox 246 2264 1053 2300">
    <p class='ocr_par' dir='ltr' id='par_1_50' title="bbox 246 2264 1053 2300">
     <span class='ocr_line' id='line_1_50' title="bbox 246 2264 1053 2300; baseline -0.004 -8"><span class='ocrx_word' id='word_1_301' title='bbox 246 2273 281 2292; x_wconf 89' lang='lat' dir='ltr'><strong>ne</strong></span> <span class='ocrx_word' id='word_1_302' title='bbox 310 2265 433 2297; x_wconf 89' lang='lat' dir='ltr'><strong>faceret,</strong></span> <span class='ocrx_word' id='word_1_303' title='bbox 461 2269 545 2300; x_wconf 89' lang='lat' dir='ltr'><strong>utque</strong></span> <span class='ocrx_word' id='word_1_304' title='bbox 579 2265 734 2292; x_wconf 86' lang='lat' dir='ltr'><strong>litterarum</strong></span> <span class='ocrx_word' id='word_1_305' title='bbox 769 2264 933 2292; x_wconf 80' lang='lat' dir='ltr'><strong>sententiam</strong></span> <span class='ocrx_word' id='word_1_306' title='bbox 963 2272 1053 2292; x_wconf 89' lang='lat' dir='ltr'><strong>con-.</strong></span> 
     </span>
    </p>
   </div>
   <div class='ocr_carea' id='block_1_51' title="bbox 248 2309 1028 2344">
    <p class='ocr_par' dir='ltr' id='par_1_51' title="bbox 248 2309 1028 2344">
     <span class='ocr_line' id='line_1_51' title="bbox 248 2309 1028 2344; baseline -0.001 -6"><span class='ocrx_word' id='word_1_307' title='bbox 248 2311 394 2343; x_wconf 64' lang='grc' dir='ltr'>διάπονοι,</span> <span class='ocrx_word' id='word_1_308' title='bbox 424 2310 459 2337; x_wconf 88' lang='lat' dir='ltr'><strong>ab</strong></span> <span class='ocrx_word' id='word_1_309' title='bbox 484 2310 529 2337; x_wconf 89' lang='lat' dir='ltr'><strong>illa</strong></span> <span class='ocrx_word' id='word_1_310' title='bbox 549 2309 718 2344; x_wconf 84' lang='lat' dir='ltr'><strong>admonitus,</strong></span> <span class='ocrx_word' id='word_1_311' title='bbox 743 2309 909 2343; x_wconf 67' lang='lat' dir='ltr'><strong>animabat,</strong></span> <span class='ocrx_word' id='word_1_312' title='bbox 934 2317 951 2337; x_wconf 84' lang='lat' dir='ltr'><strong>a</strong></span> <span class='ocrx_word' id='word_1_313' title='bbox 976 2317 1028 2337; x_wconf 80' lang='lat' dir='ltr'><strong>ne-</strong></span> 
     </span>
    </p>
   </div>
   <div class='ocr_carea' id='block_1_52' title="bbox 251 2356 1032 2391">
    <p class='ocr_par' dir='ltr' id='par_1_52' title="bbox 251 2356 1032 2391">
     <span class='ocr_line' id='line_1_52' title="bbox 251 2356 1032 2391; baseline 0.001 -8"><span class='ocrx_word' id='word_1_314' title='bbox 251 2357 324 2383; x_wconf 90' lang='lat' dir='ltr'><strong>mine</strong></span> <span class='ocrx_word' id='word_1_315' title='bbox 341 2357 411 2383; x_wconf 88' lang='lat' dir='ltr'><strong>strui</strong></span> <span class='ocrx_word' id='word_1_316' title='bbox 428 2356 482 2383; x_wconf 88' lang='lat' dir='ltr'><strong>sibi</strong></span> <span class='ocrx_word' id='word_1_317' title='bbox 498 2356 635 2388; x_wconf 88' lang='lat' dir='ltr'><strong>fraudem,</strong></span> <span class='ocrx_word' id='word_1_318' title='bbox 654 2361 682 2383; x_wconf 91' lang='lat' dir='ltr'><strong>et</strong></span> <span class='ocrx_word' id='word_1_319' title='bbox 702 2356 774 2384; x_wconf 88' lang='lat' dir='ltr'><strong>scire</strong></span> <span class='ocrx_word' id='word_1_320' title='bbox 793 2364 822 2383; x_wconf 88' lang='lat' dir='ltr'><strong>se</strong></span> <span class='ocrx_word' id='word_1_321' title='bbox 846 2357 912 2391; x_wconf 91' lang='lat' dir='ltr'><strong>quid</strong></span> <span class='ocrx_word' id='word_1_322' title='bbox 933 2356 1032 2384; x_wconf 67' lang='lat' dir='ltr'><strong>litteras</strong></span> 
     </span>
    </p>
   </div>
   <div class='ocr_carea' id='block_1_53' title="bbox 246 2402 1032 2435">
    <p class='ocr_par' dir='ltr' id='par_1_53' title="bbox 246 2402 1032 2435">
     <span class='ocr_line' id='line_1_53' title="bbox 246 2402 1032 2435; baseline 0.001 -6"><span class='ocrx_word' id='word_1_323' title='bbox 246 2403 430 2429; x_wconf 88' lang='lat' dir='ltr'><strong>continerent.</strong></span> <span class='ocrx_word' id='word_1_324' title='bbox 445 2402 535 2435; x_wconf 84' lang='lat' dir='ltr'><strong>Quare</strong></span> <span class='ocrx_word' id='word_1_325' title='bbox 560 2403 604 2429; x_wconf 91' lang='lat' dir='ltr'><strong>illa</strong></span> <span class='ocrx_word' id='word_1_326' title='bbox 624 2402 658 2429; x_wconf 87' lang='lat' dir='ltr'><strong>ad</strong></span> <span class='ocrx_word' id='word_1_327' title='bbox 676 2402 831 2430; x_wconf 88' lang='lat' dir='ltr'><strong>socordiam</strong></span> <span class='ocrx_word' id='word_1_328' title='bbox 848 2402 940 2430; x_wconf 88' lang='lat' dir='ltr'><strong>fratris</strong></span> <span class='ocrx_word' id='word_1_329' title='bbox 954 2410 1032 2430; x_wconf 87' lang='lat' dir='ltr'><strong>coar—</strong></span> 
     </span>
    </p>
   </div>
   <div class='ocr_carea' id='block_1_54' title="bbox 245 2447 1032 2484">
    <p class='ocr_par' dir='ltr' id='par_1_54' title="bbox 245 2447 1032 2484">
     <span class='ocr_line' id='line_1_54' title="bbox 245 2447 1032 2484; baseline 0.003 -9"><span class='ocrx_word' id='word_1_330' title='bbox 245 2447 383 2484; x_wconf 76' lang='lat' dir='ltr'><strong>guendam</strong></span> <span class='ocrx_word' id='word_1_331' title='bbox 408 2447 566 2483; x_wconf 88' lang='lat' dir='ltr'><strong>hujusmodi</strong></span> <span class='ocrx_word' id='word_1_332' title='bbox 589 2452 745 2474; x_wconf 82' lang='lat' dir='ltr'><strong>commento</strong></span> <span class='ocrx_word' id='word_1_333' title='bbox 772 2455 821 2474; x_wconf 84' lang='lat' dir='ltr'><strong>usa</strong></span> <span class='ocrx_word' id='word_1_334' title='bbox 844 2452 896 2476; x_wconf 88' lang='lat' dir='ltr'><strong>est.</strong></span> <span class='ocrx_word' id='word_1_335' title='bbox 915 2447 1032 2476; x_wconf 80' lang='lat' dir='ltr'><strong>Narniae</strong></span> 
     </span>
    </p>
   </div>
   <div class='ocr_carea' id='block_1_55' title="bbox 252 2494 1033 2530">
    <p class='ocr_par' dir='ltr' id='par_1_55' title="bbox 252 2494 1033 2530">
     <span class='ocr_line' id='line_1_55' title="bbox 252 2494 1033 2530; baseline 0.001 -9"><span class='ocrx_word' id='word_1_336' title='bbox 252 2494 329 2522; x_wconf 89' lang='lat' dir='ltr'><strong>illius</strong></span> <span class='ocrx_word' id='word_1_337' title='bbox 355 2494 540 2530; x_wconf 77' lang='lat' dir='ltr'><strong>syngrapham</strong></span> <span class='ocrx_word' id='word_1_338' title='bbox 570 2495 723 2529; x_wconf 86' lang='lat' dir='ltr'><strong>componit,</strong></span> <span class='ocrx_word' id='word_1_339' title='bbox 746 2502 802 2529; x_wconf 81' lang='lat' dir='ltr'><strong>qua</strong></span> <span class='ocrx_word' id='word_1_340' title='bbox 823 2494 876 2522; x_wconf 88' lang='lat' dir='ltr'><strong>sibi</strong></span> <span class='ocrx_word' id='word_1_341' title='bbox 908 2494 1033 2522; x_wconf 64' lang='lat' dir='ltr'><strong>Eudoxi:</strong></span> 
     </span>
    </p>
   </div>
   <div class='ocr_carea' id='block_1_56' title="bbox 246 2540 1031 2576">
    <p class='ocr_par' dir='ltr' id='par_1_56' title="bbox 246 2540 1031 2576">
     <span class='ocr_line' id='line_1_56' title="bbox 246 2540 1031 2576; baseline 0.001 -8"><span class='ocrx_word' id='word_1_342' title='bbox 246 2540 368 2576; x_wconf 75' lang='lat' dir='ltr'><strong>Augusta</strong></span> <span class='ocrx_word' id='word_1_343' title='bbox 392 2542 568 2573; x_wconf 86' lang='lat' dir='ltr'><strong>venderctur,</strong></span> <span class='ocrx_word' id='word_1_344' title='bbox 593 2549 694 2576; x_wconf 83' lang='lat' dir='ltr'><strong>eaque,</strong></span> <span class='ocrx_word' id='word_1_345' title='bbox 726 2549 776 2569; x_wconf 84' lang='lat' dir='ltr'><strong>ceu</strong></span> <span class='ocrx_word' id='word_1_346' title='bbox 801 2541 875 2568; x_wconf 86' lang='lat' dir='ltr'><strong>aliud</strong></span> <span class='ocrx_word' id='word_1_347' title='bbox 901 2542 1031 2576; x_wconf 85' lang='lat' dir='ltr'><strong>quiddam</strong></span> 
     </span>
    </p>
   </div>
   <div class='ocr_carea' id='block_1_57' title="bbox 246 2586 1032 2623">
    <p class='ocr_par' dir='ltr' id='par_1_57' title="bbox 246 2586 1032 2623">
     <span class='ocr_line' id='line_1_57' title="bbox 246 2586 1032 2623; baseline 0.003 -10"><span class='ocrx_word' id='word_1_348' title='bbox 246 2591 327 2620; x_wconf 86' lang='lat' dir='ltr'><strong>esset,</strong></span> <span class='ocrx_word' id='word_1_349' title='bbox 340 2588 607 2623; x_wconf 74' lang='lat' dir='ltr'><strong>imperatoripblata.</strong></span> <span class='ocrx_word' id='word_1_350' title='bbox 618 2587 700 2615; x_wconf 82' lang='lat' dir='ltr'><strong>eﬂicit</strong></span> <span class='ocrx_word' id='word_1_351' title='bbox 710 2591 740 2614; x_wconf 89' lang='lat' dir='ltr'><strong>ut</strong></span> <span class='ocrx_word' id='word_1_352' title='bbox 749 2586 916 2615; x_wconf 81' lang='lat' dir='ltr'><strong>subscribat.</strong></span> <span class='ocrx_word' id='word_1_353' title='bbox 927 2587 1032 2615; x_wconf 84' lang='lat' dir='ltr'><strong>Deinde</strong></span> 
     </span>
    </p>
   </div>
   <div class='ocr_carea' id='block_1_58' title="bbox 1075 255 1861 292">
    <p class='ocr_par' dir='ltr' id='par_1_58' title="bbox 1075 255 1861 292">
     <span class='ocr_line' id='line_1_58' title="bbox 1075 255 1861 292; baseline -0.001 -9"><span class='ocrx_word' id='word_1_354' title='bbox 1075 257 1148 292; x_wconf 88' lang='grc' dir='ltr'>μένῳ</span> <span class='ocrx_word' id='word_1_355' title='bbox 1163 256 1239 291; x_wconf 77' lang='grc' dir='ltr'>παρὰ</span> <span class='ocrx_word' id='word_1_356' title='bbox 1253 256 1293 292; x_wconf 84' lang='grc' dir='ltr'>τῷ</span> <span class='ocrx_word' id='word_1_357' title='bbox 1310 256 1436 291; x_wconf 78' lang='grc' dir='ltr'>βασιλεῖ·</span> <span class='ocrx_word' id='word_1_358' title='bbox 1453 255 1502 282; x_wconf 78' lang='grc' dir='ltr'><strong>καὶ</strong></span> <span class='ocrx_word' id='word_1_359' title='bbox 1517 255 1548 286; x_wconf 76' lang='grc' dir='ltr'><strong>ὃς</strong></span> <span class='ocrx_word' id='word_1_360' title='bbox 1561 255 1650 282; x_wconf 69' lang='grc' dir='ltr'>πείθοι</span> <span class='ocrx_word' id='word_1_361' title='bbox 1661 255 1706 282; x_wconf 75' lang='grc' dir='ltr'><strong>τὸν</strong></span> <span class='ocrx_word' id='word_1_362' title='bbox 1720 255 1861 282; x_wconf 83' lang='grc' dir='ltr'>Θεοδόσιον</span> 
     </span>
    </p>
   </div>
   <div class='ocr_carea' id='block_1_59' title="bbox 1073 302 1862 338">
    <p class='ocr_par' dir='ltr' id='par_1_59' title="bbox 1073 302 1862 338">
     <span class='ocr_line' id='line_1_59' title="bbox 1073 302 1862 338; baseline -0.001 -9"><span class='ocrx_word' id='word_1_363' title='bbox 1073 303 1221 338; x_wconf 69' lang='grc' dir='ltr'>ἐπιτρέψαι</span> <span class='ocrx_word' id='word_1_364' title='bbox 1239 302 1278 338; x_wconf 81' lang='grc' dir='ltr'>τῷ</span> <span class='ocrx_word' id='word_1_365' title='bbox 1303 303 1373 338; x_wconf 72' lang='grc' dir='ltr'>μετὰ</span> <span class='ocrx_word' id='word_1_366' title='bbox 1384 302 1434 338; x_wconf 80' lang='grc' dir='ltr'><strong>τὴν</strong></span> <span class='ocrx_word' id='word_1_367' title='bbox 1455 302 1502 329; x_wconf 84' lang='grc' dir='ltr'><strong>τοῦ</strong></span> <span class='ocrx_word' id='word_1_368' title='bbox 1524 303 1603 336; x_wconf 79' lang='grc' dir='ltr'>ἁγίου</span> <span class='ocrx_word' id='word_1_369' title='bbox 1620 302 1756 338; x_wconf 76' lang='grc' dir='ltr'>Κυριλλου</span> <span class='ocrx_word' id='word_1_370' title='bbox 1778 302 1862 337; x_wconf 80' lang='grc' dir='ltr'>μετά-</span> 
     </span>
    </p>
   </div>
   <div class='ocr_carea' id='block_1_60' title="bbox 1074 348 1863 384">
    <p class='ocr_par' dir='ltr' id='par_1_60' title="bbox 1074 348 1863 384">
     <span class='ocr_line' id='line_1_60' title="bbox 1074 348 1863 384; baseline 0 -9"><span class='ocrx_word' id='word_1_371' title='bbox 1074 357 1170 376; x_wconf 86' lang='grc' dir='ltr'>στασιν</span> <span class='ocrx_word' id='word_1_372' title='bbox 1203 349 1252 383; x_wconf 79' lang='grc' dir='ltr'><strong>τῆς</strong></span> <span class='ocrx_word' id='word_1_373' title='bbox 1288 348 1493 384; x_wconf 66' lang='grc' dir='ltr'>Ἀλεξανδρείας</span> <span class='ocrx_word' id='word_1_374' title='bbox 1528 349 1574 376; x_wconf 78' lang='grc' dir='ltr'>τὸν</span> <span class='ocrx_word' id='word_1_375' title='bbox 1609 348 1705 384; x_wconf 83' lang='grc' dir='ltr'>Θρόνον</span> <span class='ocrx_word' id='word_1_376' title='bbox 1739 348 1863 375; x_wconf 78' lang='grc' dir='ltr'><strong>διέποντι</strong></span> 
     </span>
    </p>
   </div>
   <div class='ocr_carea' id='block_1_61' title="bbox 1074 394 1863 430">
    <p class='ocr_par' dir='ltr' id='par_1_61' title="bbox 1074 394 1863 430">
     <span class='ocr_line' id='line_1_61' title="bbox 1074 394 1863 430; baseline 0.001 -10"><span class='ocrx_word' id='word_1_377' title='bbox 1074 395 1221 430; x_wconf 74' lang='grc' dir='ltr'>Διοσκόρω,</span> <span class='ocrx_word' id='word_1_378' title='bbox 1247 395 1452 430; x_wconf 71' lang='grc' dir='ltr'><strong>παραγενέσθαι</strong></span> <span class='ocrx_word' id='word_1_379' title='bbox 1475 395 1516 426; x_wconf 70' lang='grc' dir='ltr'><strong>εἰς</strong></span> <span class='ocrx_word' id='word_1_380' title='bbox 1535 395 1653 429; x_wconf 72' lang='grc' dir='ltr'>Ἔφεσον</span> <span class='ocrx_word' id='word_1_381' title='bbox 1676 394 1737 430; x_wconf 76' lang='grc' dir='ltr'>μεθ’</span> <span class='ocrx_word' id='word_1_382' title='bbox 1758 395 1863 429; x_wconf 70' lang='grc' dir='ltr'>ἑτέρων</span> 
     </span>
    </p>
   </div>
   <div class='ocr_carea' id='block_1_62' title="bbox 1073 441 1862 476">
    <p class='ocr_par' dir='ltr' id='par_1_62' title="bbox 1073 441 1862 476">
     <span class='ocr_line' id='line_1_62' title="bbox 1073 441 1862 476; baseline 0 -10"><span class='ocrx_word' id='word_1_383' title='bbox 1073 441 1245 472; x_wconf 71' lang='grc' dir='ltr'>ἐπισκόπων,</span> <span class='ocrx_word' id='word_1_384' title='bbox 1273 442 1321 468; x_wconf 72' lang='grc' dir='ltr'>καὶ</span> <span class='ocrx_word' id='word_1_385' title='bbox 1347 441 1382 468; x_wconf 79' lang='grc' dir='ltr'>τὰ</span> <span class='ocrx_word' id='word_1_386' title='bbox 1410 441 1481 468; x_wconf 71' lang='grc' dir='ltr'>κατὰ</span> <span class='ocrx_word' id='word_1_387' title='bbox 1503 441 1550 467; x_wconf 72' lang='grc' dir='ltr'><strong>τὸν</strong></span> <span class='ocrx_word' id='word_1_388' title='bbox 1570 441 1679 476; x_wconf 82' lang='grc' dir='ltr'><strong>Εὐτυχῆ</strong></span> <span class='ocrx_word' id='word_1_389' title='bbox 1709 441 1862 475; x_wconf 80' lang='grc' dir='ltr'>γυμνάσαι,</span> 
     </span>
    </p>
   </div>
   <div class='ocr_carea' id='block_1_63' title="bbox 1075 484 1862 521">
    <p class='ocr_par' dir='ltr' id='par_1_63' title="bbox 1075 484 1862 521">
     <span class='ocr_line' id='line_1_63' title="bbox 1075 484 1862 521; baseline -0.001 -8"><span class='ocrx_word' id='word_1_390' title='bbox 1075 488 1208 521; x_wconf 82' lang='grc' dir='ltr'><strong>παρόντος</strong></span> <span class='ocrx_word' id='word_1_391' title='bbox 1219 487 1324 514; x_wconf 77' lang='grc' dir='ltr'>καὶτοῦ</span> <span class='ocrx_word' id='word_1_392' title='bbox 1342 486 1504 513; x_wconf 74' lang='grc' dir='ltr'>Φλαὸιανοῦ.</span> <span class='ocrx_word' id='word_1_393' title='bbox 1524 485 1607 518; x_wconf 71' lang='grc' dir='ltr'>Οὗτος</span> <span class='ocrx_word' id='word_1_394' title='bbox 1621 484 1669 513; x_wconf 79' lang='grc' dir='ltr'><strong>οὖν</strong></span> <span class='ocrx_word' id='word_1_395' title='bbox 1682 488 1696 513; x_wconf 83' lang='grc' dir='ltr'>ὀ</span> <span class='ocrx_word' id='word_1_396' title='bbox 1714 486 1862 521; x_wconf 74' lang='grc' dir='ltr'>Διόσκορος</span> 
     </span>
    </p>
   </div>
   <div class='ocr_carea' id='block_1_64' title="bbox 1075 532 1847 568">
    <p class='ocr_par' dir='ltr' id='par_1_64' title="bbox 1075 532 1847 568">
     <span class='ocr_line' id='line_1_64' title="bbox 1075 532 1847 568; baseline -0.001 -9"><span class='ocrx_word' id='word_1_397' title='bbox 1075 533 1122 559; x_wconf 85' lang='grc' dir='ltr'><strong>τοῦ</strong></span> <span class='ocrx_word' id='word_1_398' title='bbox 1147 533 1286 567; x_wconf 82' lang='grc' dir='ltr'>Εὑτυχοῦς</span> <span class='ocrx_word' id='word_1_399' title='bbox 1300 533 1443 568; x_wconf 80' lang='grc' dir='ltr'><strong>τυγχάνων</strong></span> <span class='ocrx_word' id='word_1_400' title='bbox 1455 532 1593 568; x_wconf 77' lang='grc' dir='ltr'>ὁμόδοξος,</span> <span class='ocrx_word' id='word_1_401' title='bbox 1616 534 1664 560; x_wconf 84' lang='grc' dir='ltr'>καὶ</span> <span class='ocrx_word' id='word_1_402' title='bbox 1685 532 1781 563; x_wconf 73' lang='grc' dir='ltr'>ἄλλους</span> <span class='ocrx_word' id='word_1_403' title='bbox 1800 533 1847 558; x_wconf 67' lang='lat' dir='ltr'><strong>tm</strong></span> 
     </span>
    </p>
   </div>
   <div class='ocr_carea' id='block_1_65' title="bbox 1077 578 1863 614">
    <p class='ocr_par' dir='ltr' id='par_1_65' title="bbox 1077 578 1863 614">
     <span class='ocr_line' id='line_1_65' title="bbox 1077 578 1863 614; baseline 0.001 -10"><span class='ocrx_word' id='word_1_404' title='bbox 1077 578 1195 610; x_wconf 80' lang='grc' dir='ltr'>σκόπους</span> <span class='ocrx_word' id='word_1_405' title='bbox 1225 578 1416 614; x_wconf 78' lang='grc' dir='ltr'>προσειληφὼς</span> <span class='ocrx_word' id='word_1_406' title='bbox 1448 578 1654 614; x_wconf 82' lang='grc' dir='ltr'>ὁμογνώμονας,</span> <span class='ocrx_word' id='word_1_407' title='bbox 1673 580 1715 609; x_wconf 77' lang='grc' dir='ltr'><strong>είς</strong></span> <span class='ocrx_word' id='word_1_408' title='bbox 1744 579 1863 613; x_wconf 78' lang='grc' dir='ltr'>Ἔφεσον</span> 
     </span>
    </p>
   </div>
   <div class='ocr_carea' id='block_1_66' title="bbox 1076 623 1863 660">
    <p class='ocr_par' dir='ltr' id='par_1_66' title="bbox 1076 623 1863 660">
     <span class='ocr_line' id='line_1_66' title="bbox 1076 623 1863 660; baseline -0.001 -9"><span class='ocrx_word' id='word_1_409' title='bbox 1076 624 1278 659; x_wconf 80' lang='grc' dir='ltr'>παραγίνεται,</span> <span class='ocrx_word' id='word_1_410' title='bbox 1304 626 1352 651; x_wconf 77' lang='grc' dir='ltr'><strong>καὶ</strong></span> <span class='ocrx_word' id='word_1_411' title='bbox 1384 626 1464 660; x_wconf 70' lang='grc' dir='ltr'>κυροῖ</span> <span class='ocrx_word' id='word_1_412' title='bbox 1486 626 1519 652; x_wconf 81' lang='grc' dir='ltr'><strong>τὰ</strong></span> <span class='ocrx_word' id='word_1_413' title='bbox 1549 624 1624 660; x_wconf 81' lang='grc' dir='ltr'><strong>παρά</strong></span> <span class='ocrx_word' id='word_1_414' title='bbox 1651 625 1697 651; x_wconf 83' lang='grc' dir='ltr'>τοῦ</span> <span class='ocrx_word' id='word_1_415' title='bbox 1724 623 1863 659; x_wconf 79' lang='grc' dir='ltr'>Εὐτυχοῦς</span> 
     </span>
    </p>
   </div>
   <div class='ocr_carea' id='block_1_67' title="bbox 1076 670 1864 705">
    <p class='ocr_par' dir='ltr' id='par_1_67' title="bbox 1076 670 1864 705">
     <span class='ocr_line' id='line_1_67' title="bbox 1076 670 1864 705; baseline 0 -9"><span class='ocrx_word' id='word_1_416' title='bbox 1076 671 1250 705; x_wconf 81' lang='grc' dir='ltr'>είσαγόμενα.</span> <span class='ocrx_word' id='word_1_417' title='bbox 1281 671 1478 704; x_wconf 80' lang='grc' dir='ltr'>’Δντιλέγοντος</span> <span class='ocrx_word' id='word_1_418' title='bbox 1500 671 1529 697; x_wconf 74' lang='grc' dir='ltr'><strong>δὲ</strong></span> <span class='ocrx_word' id='word_1_419' title='bbox 1549 670 1596 697; x_wconf 83' lang='grc' dir='ltr'>τοῦ</span> <span class='ocrx_word' id='word_1_420' title='bbox 1623 670 1772 705; x_wconf 78' lang='grc' dir='ltr'>ίερωτάτου</span> <span class='ocrx_word' id='word_1_421' title='bbox 1789 670 1864 696; x_wconf 68' lang='grc' dir='ltr'>Φλα-</span> 
     </span>
    </p>
   </div>
   <div class='ocr_carea' id='block_1_68' title="bbox 1077 714 1864 751">
    <p class='ocr_par' dir='ltr' id='par_1_68' title="bbox 1077 714 1864 751">
     <span class='ocr_line' id='line_1_68' title="bbox 1077 714 1864 751; baseline -0.001 -9"><span class='ocrx_word' id='word_1_422' title='bbox 1077 715 1184 749; x_wconf 80' lang='grc' dir='ltr'><strong>διανοῦ,</strong></span> <span class='ocrx_word' id='word_1_423' title='bbox 1199 714 1244 744; x_wconf 82' lang='grc' dir='ltr'><strong>οἷά</strong></span> <span class='ocrx_word' id='word_1_424' title='bbox 1263 725 1306 746; x_wconf 84' lang='grc' dir='ltr'>τις</span> <span class='ocrx_word' id='word_1_425' title='bbox 1326 717 1420 751; x_wconf 82' lang='grc' dir='ltr'>ἄγριος</span> <span class='ocrx_word' id='word_1_426' title='bbox 1443 717 1503 748; x_wconf 81' lang='grc' dir='ltr'>ὕνος</span> <span class='ocrx_word' id='word_1_427' title='bbox 1519 714 1661 751; x_wconf 80' lang='grc' dir='ltr'><strong>ἀναθορὼν</strong></span> <span class='ocrx_word' id='word_1_428' title='bbox 1675 716 1689 741; x_wconf 78' lang='grc' dir='ltr'><strong>ὁ</strong></span> <span class='ocrx_word' id='word_1_429' title='bbox 1704 716 1864 750; x_wconf 73' lang='grc' dir='ltr'>Διόσκορος,</span> 
     </span>
    </p>
   </div>
   <div class='ocr_carea' id='block_1_69' title="bbox 1077 761 1864 798">
    <p class='ocr_par' dir='ltr' id='par_1_69' title="bbox 1077 761 1864 798">
     <span class='ocr_line' id='line_1_69' title="bbox 1077 761 1864 798; baseline -0.001 -10"><span class='ocrx_word' id='word_1_430' title='bbox 1077 761 1127 794; x_wconf 67' lang='grc' dir='ltr'><strong>λὰξ</strong></span> <span class='ocrx_word' id='word_1_431' title='bbox 1138 762 1177 797; x_wconf 84' lang='grc' dir='ltr'>τῷ</span> <span class='ocrx_word' id='word_1_432' title='bbox 1190 763 1295 798; x_wconf 81' lang='grc' dir='ltr'><strong>στέρνῳ</strong></span> <span class='ocrx_word' id='word_1_433' title='bbox 1310 762 1417 797; x_wconf 65' lang='grc' dir='ltr'>ὲνέθορε</span> <span class='ocrx_word' id='word_1_434' title='bbox 1431 762 1478 789; x_wconf 84' lang='grc' dir='ltr'>τοῦ</span> <span class='ocrx_word' id='word_1_435' title='bbox 1489 762 1617 793; x_wconf 67' lang='grc' dir='ltr'>εὐσεϐοῦς</span> <span class='ocrx_word' id='word_1_436' title='bbox 1633 761 1739 788; x_wconf 70' lang='grc' dir='ltr'>ἐκείνου</span> <span class='ocrx_word' id='word_1_437' title='bbox 1754 761 1864 796; x_wconf 80' lang='grc' dir='ltr'><strong>ἀνδρὸς,</strong></span> 
     </span>
    </p>
   </div>
   <div class='ocr_carea' id='block_1_70' title="bbox 1077 807 1865 844">
    <p class='ocr_par' dir='ltr' id='par_1_70' title="bbox 1077 807 1865 844">
     <span class='ocr_line' id='line_1_70' title="bbox 1077 807 1865 844; baseline 0 -11"><span class='ocrx_word' id='word_1_438' title='bbox 1077 807 1126 834; x_wconf 72' lang='grc' dir='ltr'><strong>καὶ</strong></span> <span class='ocrx_word' id='word_1_439' title='bbox 1141 807 1194 840; x_wconf 79' lang='grc' dir='ltr'><strong>πὺξ</strong></span> <span class='ocrx_word' id='word_1_440' title='bbox 1219 808 1301 834; x_wconf 78' lang='grc' dir='ltr'>αὑτὸν</span> <span class='ocrx_word' id='word_1_441' title='bbox 1331 808 1402 835; x_wconf 82' lang='grc' dir='ltr'>κατά</span> <span class='ocrx_word' id='word_1_442' title='bbox 1428 808 1531 844; x_wconf 78' lang='grc' dir='ltr'>κόρρης</span> <span class='ocrx_word' id='word_1_443' title='bbox 1553 807 1672 840; x_wconf 78' lang='grc' dir='ltr'><strong>τύπτων,</strong></span> <span class='ocrx_word' id='word_1_444' title='bbox 1692 807 1743 834; x_wconf 83' lang='grc' dir='ltr'>οὐκ</span> <span class='ocrx_word' id='word_1_445' title='bbox 1761 807 1865 841; x_wconf 80' lang='grc' dir='ltr'>ἀνῆκεν</span> 
     </span>
    </p>
   </div>
   <div class='ocr_carea' id='block_1_71' title="bbox 1077 852 1866 890">
    <p class='ocr_par' dir='ltr' id='par_1_71' title="bbox 1077 852 1866 890">
     <span class='ocr_line' id='line_1_71' title="bbox 1077 852 1866 890; baseline 0 -11"><span class='ocrx_word' id='word_1_446' title='bbox 1077 853 1131 885; x_wconf 71' lang='grc' dir='ltr'>ἕως</span> <span class='ocrx_word' id='word_1_447' title='bbox 1144 854 1191 880; x_wconf 83' lang='grc' dir='ltr'><strong>τοῦ</strong></span> <span class='ocrx_word' id='word_1_448' title='bbox 1211 854 1350 890; x_wconf 81' lang='grc' dir='ltr'>συνεδρίου</span> <span class='ocrx_word' id='word_1_449' title='bbox 1363 854 1494 889; x_wconf 57' lang='lat' dir='ltr'><strong>tamen“.</strong></span> <span class='ocrx_word' id='word_1_450' title='bbox 1517 855 1571 880; x_wconf 86' lang='grc' dir='ltr'><strong>Καὶ</strong></span> <span class='ocrx_word' id='word_1_451' title='bbox 1592 855 1607 880; x_wconf 74' lang='grc' dir='ltr'><strong>ὁ</strong></span> <span class='ocrx_word' id='word_1_452' title='bbox 1628 854 1680 889; x_wconf 70' lang='grc' dir='ltr'><strong>μιν</strong></span> <span class='ocrx_word' id='word_1_453' title='bbox 1701 853 1777 887; x_wconf 69' lang='grc' dir='ltr'>ᾰγιο·</span> <span class='ocrx_word' id='word_1_454' title='bbox 1792 852 1866 888; x_wconf 78' lang='grc' dir='ltr'>μετὰ</span> 
     </span>
    </p>
   </div>
   <div class='ocr_carea' id='block_1_72' title="bbox 1078 898 1865 934">
    <p class='ocr_par' dir='ltr' id='par_1_72' title="bbox 1078 898 1865 934">
     <span class='ocr_line' id='line_1_72' title="bbox 1078 898 1865 934; baseline 0 -10"><span class='ocrx_word' id='word_1_455' title='bbox 1078 898 1173 933; x_wconf 80' lang='grc' dir='ltr'><strong>τρίτην</strong></span> <span class='ocrx_word' id='word_1_456' title='bbox 1187 899 1295 934; x_wconf 81' lang='grc' dir='ltr'><strong>ἡμέραν</strong></span> <span class='ocrx_word' id='word_1_457' title='bbox 1311 900 1344 926; x_wconf 68' lang='grc' dir='ltr'>ἐκ</span> <span class='ocrx_word' id='word_1_458' title='bbox 1360 899 1410 934; x_wconf 83' lang='grc' dir='ltr'><strong>τῆς</strong></span> <span class='ocrx_word' id='word_1_459' title='bbox 1429 899 1476 926; x_wconf 82' lang='grc' dir='ltr'>τοῦ</span> <span class='ocrx_word' id='word_1_460' title='bbox 1499 899 1610 934; x_wconf 80' lang='grc' dir='ltr'>στέρνου</span> <span class='ocrx_word' id='word_1_461' title='bbox 1630 899 1738 934; x_wconf 75' lang='grc' dir='ltr'>πληγῆς</span> <span class='ocrx_word' id='word_1_462' title='bbox 1763 898 1865 933; x_wconf 78' lang='grc' dir='ltr'>μετήλ-</span> 
     </span>
    </p>
   </div>
   <div class='ocr_carea' id='block_1_73' title="bbox 1078 944 1866 981">
    <p class='ocr_par' dir='ltr' id='par_1_73' title="bbox 1078 944 1866 981">
     <span class='ocr_line' id='line_1_73' title="bbox 1078 944 1866 981; baseline 0 -11"><span class='ocrx_word' id='word_1_463' title='bbox 1078 944 1139 976; x_wconf 79' lang='grc' dir='ltr'>λαξε</span> <span class='ocrx_word' id='word_1_464' title='bbox 1155 945 1205 980; x_wconf 76' lang='grc' dir='ltr'><strong>τὴν</strong></span> <span class='ocrx_word' id='word_1_465' title='bbox 1225 944 1298 980; x_wconf 77' lang='grc' dir='ltr'>ζωὴν</span> <span class='ocrx_word' id='word_1_466' title='bbox 1312 945 1381 981; x_wconf 80' lang='grc'><strong>(87),</strong></span> <span class='ocrx_word' id='word_1_467' title='bbox 1393 947 1432 978; x_wconf 83' lang='grc' dir='ltr'><strong>¹ὲν</strong></span> <span class='ocrx_word' id='word_1_468' title='bbox 1449 945 1497 972; x_wconf 80' lang='grc' dir='ltr'><strong>δύο</strong></span> <span class='ocrx_word' id='word_1_469' title='bbox 1518 946 1652 976; x_wconf 74' lang='grc' dir='ltr'>ινιαυτοῖς</span> <span class='ocrx_word' id='word_1_470' title='bbox 1670 944 1717 971; x_wconf 71' lang='grc' dir='ltr'><strong>τὸν</strong></span> <span class='ocrx_word' id='word_1_471' title='bbox 1732 945 1866 980; x_wconf 77' lang='grc' dir='ltr'><strong>ἀρχιερα-</strong></span> 
     </span>
    </p>
   </div>
   <div class='ocr_carea' id='block_1_74' title="bbox 1077 988 1866 1025">
    <p class='ocr_par' dir='ltr' id='par_1_74' title="bbox 1077 988 1866 1025">
     <span class='ocr_line' id='line_1_74' title="bbox 1077 988 1866 1025; baseline 0.001 -11"><span class='ocrx_word' id='word_1_472' title='bbox 1077 988 1153 1014; x_wconf 69' lang='grc' dir='ltr'>τικὺν</span> <span class='ocrx_word' id='word_1_473' title='bbox 1175 989 1319 1024; x_wconf 81' lang='grc' dir='ltr'><strong>κοσμήσας</strong></span> <span class='ocrx_word' id='word_1_474' title='bbox 1346 989 1442 1025; x_wconf 80' lang='grc' dir='ltr'>θρόνον</span> <span class='ocrx_word' id='word_1_475' title='bbox 1458 990 1508 1024; x_wconf 81' lang='grc' dir='ltr'><strong>τῆς</strong></span> <span class='ocrx_word' id='word_1_476' title='bbox 1528 989 1676 1025; x_wconf 81' lang='grc' dir='ltr'>Νεωτέρας</span> <span class='ocrx_word' id='word_1_477' title='bbox 1699 989 1809 1024; x_wconf 78' lang='grc' dir='ltr'>Ῥώμης</span> <span class='ocrx_word' id='word_1_478' title='bbox 1825 997 1834 1007; x_wconf 76' lang='grc' dir='ltr'><strong><em>ο</em></strong></span> <span class='ocrx_word' id='word_1_479' title='bbox 1849 990 1866 1015; x_wconf 89' lang='grc' dir='ltr'><strong>ό</strong></span> 
     </span>
    </p>
   </div>
   <div class='ocr_carea' id='block_1_75' title="bbox 1077 1033 1865 1070">
    <p class='ocr_par' dir='ltr' id='par_1_75' title="bbox 1077 1033 1865 1070">
     <span class='ocr_line' id='line_1_75' title="bbox 1077 1033 1865 1070; baseline 0.001 -10"><span class='ocrx_word' id='word_1_480' title='bbox 1077 1033 1106 1060; x_wconf 75' lang='grc' dir='ltr'><strong>δὲ</strong></span> <span class='ocrx_word' id='word_1_481' title='bbox 1129 1034 1274 1070; x_wconf 80' lang='grc' dir='ltr'>Διόσκορος</span> <span class='ocrx_word' id='word_1_482' title='bbox 1295 1035 1358 1066; x_wconf 79' lang='grc' dir='ltr'>τοὺς</span> <span class='ocrx_word' id='word_1_483' title='bbox 1375 1036 1433 1062; x_wconf 74' lang='grc' dir='ltr'>ἐκεῖ</span> <span class='ocrx_word' id='word_1_484' title='bbox 1452 1035 1589 1070; x_wconf 74' lang='grc' dir='ltr'><strong>παρόντας</strong></span> <span class='ocrx_word' id='word_1_485' title='bbox 1614 1035 1778 1065; x_wconf 63' lang='grc' dir='ltr'>ἱπισκόπους</span> <span class='ocrx_word' id='word_1_486' title='bbox 1795 1035 1865 1061; x_wconf 69' lang='grc' dir='ltr'><strong>ὐπο-</strong></span> 
     </span>
    </p>
   </div>
   <div class='ocr_carea' id='block_1_76' title="bbox 1080 1080 1866 1116">
    <p class='ocr_par' dir='ltr' id='par_1_76' title="bbox 1080 1080 1866 1116">
     <span class='ocr_line' id='line_1_76' title="bbox 1080 1080 1866 1116; baseline -0.001 -10"><span class='ocrx_word' id='word_1_487' title='bbox 1080 1081 1253 1115; x_wconf 82' lang='grc' dir='ltr'>σημήνασοαι</span> <span class='ocrx_word' id='word_1_488' title='bbox 1289 1080 1419 1108; x_wconf 72' lang='grc' dir='ltr'>ἐϐιάσατο</span> <span class='ocrx_word' id='word_1_489' title='bbox 1450 1081 1490 1116; x_wconf 88' lang='grc' dir='ltr'>τῷ</span> <span class='ocrx_word' id='word_1_490' title='bbox 1518 1082 1584 1116; x_wconf 73' lang='grc' dir='ltr'>παρ’</span> <span class='ocrx_word' id='word_1_491' title='bbox 1614 1081 1696 1108; x_wconf 82' lang='grc' dir='ltr'>αὑτοῦ</span> <span class='ocrx_word' id='word_1_492' title='bbox 1725 1080 1866 1107; x_wconf 74' lang='grc' dir='ltr'>ἐκτεοέ-ιτι</span> 
     </span>
    </p>
   </div>
   <div class='ocr_carea' id='block_1_77' title="bbox 1078 1126 1863 1163">
    <p class='ocr_par' dir='ltr' id='par_1_77' title="bbox 1078 1126 1863 1163">
     <span class='ocr_line' id='line_1_77' title="bbox 1078 1126 1863 1163; baseline 0.001 -11"><span class='ocrx_word' id='word_1_493' title='bbox 1078 1127 1143 1161; x_wconf 70' lang='grc' dir='ltr'><strong>ὅρῳ.</strong></span> <span class='ocrx_word' id='word_1_494' title='bbox 1165 1126 1198 1153; x_wconf 83' lang='grc' dir='ltr'><strong><em>Ἡ</em></strong></span> <span class='ocrx_word' id='word_1_495' title='bbox 1223 1126 1277 1162; x_wconf 86' lang='grc' dir='ltr'>γὰρ</span> <span class='ocrx_word' id='word_1_496' title='bbox 1301 1127 1348 1153; x_wconf 83' lang='grc' dir='ltr'><strong>τοῦ</strong></span> <span class='ocrx_word' id='word_1_497' title='bbox 1377 1127 1542 1163; x_wconf 80' lang='grc' dir='ltr'>δηλωθέντος</span> <span class='ocrx_word' id='word_1_498' title='bbox 1569 1127 1697 1162; x_wconf 76' lang='grc' dir='ltr'>εὐνούχου</span> <span class='ocrx_word' id='word_1_499' title='bbox 1719 1126 1863 1153; x_wconf 71' lang='grc' dir='ltr'>δυναστεία</span> 
     </span>
    </p>
   </div>
   <div class='ocr_carea' id='block_1_78' title="bbox 1081 1172 1866 1208">
    <p class='ocr_par' dir='ltr' id='par_1_78' title="bbox 1081 1172 1866 1208">
     <span class='ocr_line' id='line_1_78' title="bbox 1081 1172 1866 1208; baseline 0.001 -10"><span class='ocrx_word' id='word_1_500' title='bbox 1081 1172 1253 1206; x_wconf 79' lang='grc' dir='ltr'>στρατιώτας</span> <span class='ocrx_word' id='word_1_501' title='bbox 1271 1173 1403 1205; x_wconf 71' lang='grc' dir='ltr'>ἐνόπλους</span> <span class='ocrx_word' id='word_1_502' title='bbox 1428 1174 1486 1200; x_wconf 72' lang='grc' dir='ltr'>ἐκεῖ</span> <span class='ocrx_word' id='word_1_503' title='bbox 1512 1175 1643 1208; x_wconf 80' lang='grc' dir='ltr'>παρεῖναι</span> <span class='ocrx_word' id='word_1_504' title='bbox 1667 1173 1791 1208; x_wconf 62' lang='grc' dir='ltr'>ἐποίησε,</span> <span class='ocrx_word' id='word_1_505' title='bbox 1816 1181 1866 1200; x_wconf 71' lang='grc' dir='ltr'><strong>και</strong></span> 
     </span>
    </p>
   </div>
   <div class='ocr_carea' id='block_1_79' title="bbox 1079 1217 1865 1253">
    <p class='ocr_par' dir='ltr' id='par_1_79' title="bbox 1079 1217 1865 1253">
     <span class='ocr_line' id='line_1_79' title="bbox 1079 1217 1865 1253; baseline 0.003 -10"><span class='ocrx_word' id='word_1_506' title='bbox 1079 1217 1141 1250; x_wconf 83' lang='grc' dir='ltr'>τοὺς</span> <span class='ocrx_word' id='word_1_507' title='bbox 1156 1217 1346 1252; x_wconf 73' lang='grc' dir='ltr'><strong>ἀντιλέγοντας</strong></span> <span class='ocrx_word' id='word_1_508' title='bbox 1361 1219 1500 1253; x_wconf 73' lang='grc' dir='ltr'>ἐκφοϐεῖν.</span> <span class='ocrx_word' id='word_1_509' title='bbox 1522 1219 1625 1253; x_wconf 79' lang='grc' dir='ltr'>Δόμνος</span> <span class='ocrx_word' id='word_1_510' title='bbox 1641 1218 1670 1245; x_wconf 79' lang='grc' dir='ltr'><strong>δὲ</strong></span> <span class='ocrx_word' id='word_1_511' title='bbox 1689 1219 1703 1245; x_wconf 81' lang='grc' dir='ltr'>ὁ</span> <span class='ocrx_word' id='word_1_512' title='bbox 1725 1218 1776 1253; x_wconf 78' lang='grc' dir='ltr'><strong>τῆς</strong></span> <span class='ocrx_word' id='word_1_513' title='bbox 1802 1218 1865 1245; x_wconf 71' lang='grc' dir='ltr'><strong>Ἀν-</strong></span> 
     </span>
    </p>
   </div>
   <div class='ocr_carea' id='block_1_80' title="bbox 1079 1263 1866 1300">
    <p class='ocr_par' dir='ltr' id='par_1_80' title="bbox 1079 1263 1866 1300">
     <span class='ocr_line' id='line_1_80' title="bbox 1079 1263 1866 1300; baseline 0 -10"><span class='ocrx_word' id='word_1_514' title='bbox 1079 1263 1192 1298; x_wconf 79' lang='grc' dir='ltr'>τιοχέων</span> <span class='ocrx_word' id='word_1_515' title='bbox 1222 1263 1325 1296; x_wconf 80' lang='grc' dir='ltr'>πόλεως</span> <span class='ocrx_word' id='word_1_516' title='bbox 1354 1264 1485 1300; x_wconf 80' lang='grc' dir='ltr'>πρόεδρος</span> <span class='ocrx_word' id='word_1_517' title='bbox 1514 1264 1710 1299; x_wconf 80' lang='grc' dir='ltr'>ὑπεσημήνατο</span> <span class='ocrx_word' id='word_1_518' title='bbox 1737 1265 1786 1300; x_wconf 82' lang='grc' dir='ltr'>μὲν</span> <span class='ocrx_word' id='word_1_519' title='bbox 1815 1263 1866 1291; x_wconf 78' lang='grc' dir='ltr'>καὶ</span> 
     </span>
    </p>
   </div>
   <div class='ocr_carea' id='block_1_81' title="bbox 1079 1309 1866 1347">
    <p class='ocr_par' dir='ltr' id='par_1_81' title="bbox 1079 1309 1866 1347">
     <span class='ocr_line' id='line_1_81' title="bbox 1079 1309 1866 1347; baseline 0.001 -10"><span class='ocrx_word' id='word_1_520' title='bbox 1079 1311 1161 1343; x_wconf 69' lang='grc' dir='ltr'>αῡτὺς</span> <span class='ocrx_word' id='word_1_521' title='bbox 1188 1311 1384 1347; x_wconf 77' lang='grc' dir='ltr'><strong>συναρπαγεὶς,</strong></span> <span class='ocrx_word' id='word_1_522' title='bbox 1409 1309 1468 1338; x_wconf 80' lang='grc' dir='ltr'>εἶτα</span> <span class='ocrx_word' id='word_1_523' title='bbox 1495 1311 1614 1338; x_wconf 79' lang='grc' dir='ltr'>κατεϐόα</span> <span class='ocrx_word' id='word_1_524' title='bbox 1633 1311 1681 1338; x_wconf 81' lang='grc' dir='ltr'><strong>τοῦ</strong></span> <span class='ocrx_word' id='word_1_525' title='bbox 1705 1311 1866 1347; x_wconf 81' lang='grc' dir='ltr'>Διοσκόρου,</span> 
     </span>
    </p>
   </div>
   <div class='ocr_carea' id='block_1_82' title="bbox 1080 1356 1866 1392">
    <p class='ocr_par' dir='ltr' id='par_1_82' title="bbox 1080 1356 1866 1392">
     <span class='ocr_line' id='line_1_82' title="bbox 1080 1356 1866 1392; baseline 0.001 -9"><span class='ocrx_word' id='word_1_526' title='bbox 1080 1357 1127 1383; x_wconf 82' lang='grc' dir='ltr'><strong>καὶ</strong></span> <span class='ocrx_word' id='word_1_527' title='bbox 1141 1357 1186 1383; x_wconf 76' lang='grc' dir='ltr'><strong>τὸν</strong></span> <span class='ocrx_word' id='word_1_528' title='bbox 1201 1357 1263 1392; x_wconf 75' lang='grc' dir='ltr'>ὅρον</span> <span class='ocrx_word' id='word_1_529' title='bbox 1282 1356 1420 1384; x_wconf 78' lang='grc' dir='ltr'>διέὸαλλεν</span> <span class='ocrx_word' id='word_1_530' title='bbox 1436 1356 1474 1388; x_wconf 82' lang='grc' dir='ltr'><strong>ὡς</strong></span> <span class='ocrx_word' id='word_1_531' title='bbox 1491 1357 1617 1388; x_wconf 72' lang='grc' dir='ltr'>ἀσεϐείας</span> <span class='ocrx_word' id='word_1_532' title='bbox 1639 1357 1750 1392; x_wconf 84' lang='grc' dir='ltr'>μεστόν.</span> <span class='ocrx_word' id='word_1_533' title='bbox 1771 1356 1866 1384; x_wconf 79' lang='grc' dir='ltr'>Ταῦτα</span> 
     </span>
    </p>
   </div>
   <div class='ocr_carea' id='block_1_83' title="bbox 1081 1402 1865 1437">
    <p class='ocr_par' dir='ltr' id='par_1_83' title="bbox 1081 1402 1865 1437">
     <span class='ocr_line' id='line_1_83' title="bbox 1081 1402 1865 1437; baseline 0.001 -9"><span class='ocrx_word' id='word_1_534' title='bbox 1081 1402 1174 1437; x_wconf 77' lang='grc' dir='ltr'>μαθὼν</span> <span class='ocrx_word' id='word_1_535' title='bbox 1201 1403 1214 1429; x_wconf 79' lang='grc' dir='ltr'>ὁ</span> <span class='ocrx_word' id='word_1_536' title='bbox 1242 1402 1368 1437; x_wconf 80' lang='grc' dir='ltr'>βασιλεὺς</span> <span class='ocrx_word' id='word_1_537' title='bbox 1402 1402 1558 1434; x_wconf 79' lang='grc' dir='ltr'><strong>Θεοδόσιος,</strong></span> <span class='ocrx_word' id='word_1_538' title='bbox 1582 1403 1629 1429; x_wconf 79' lang='grc' dir='ltr'>καὶ</span> <span class='ocrx_word' id='word_1_539' title='bbox 1657 1402 1691 1429; x_wconf 82' lang='grc' dir='ltr'><strong>τὰ</strong></span> <span class='ocrx_word' id='word_1_540' title='bbox 1717 1402 1788 1430; x_wconf 80' lang='grc' dir='ltr'>κατὰ</span> <span class='ocrx_word' id='word_1_541' title='bbox 1816 1402 1865 1429; x_wconf 78' lang='grc' dir='ltr'><strong>τὸν</strong></span> 
     </span>
    </p>
   </div>
   <div class='ocr_carea' id='block_1_84' title="bbox 1079 1447 1864 1483">
    <p class='ocr_par' dir='ltr' id='par_1_84' title="bbox 1079 1447 1864 1483">
     <span class='ocr_line' id='line_1_84' title="bbox 1079 1447 1864 1483; baseline 0 -10"><span class='ocrx_word' id='word_1_542' title='bbox 1079 1447 1230 1474; x_wconf 75' lang='grc' dir='ltr'>Φλαϐιανὸν</span> <span class='ocrx_word' id='word_1_543' title='bbox 1246 1447 1325 1481; x_wconf 75' lang='grc' dir='ltr'>γνοὺς</span> <span class='ocrx_word' id='word_1_544' title='bbox 1337 1448 1365 1472; x_wconf 80' lang='grc' dir='ltr'>ὲν</span> <span class='ocrx_word' id='word_1_545' title='bbox 1381 1448 1481 1479; x_wconf 85' lang='grc' dir='ltr'>αίτίαις</span> <span class='ocrx_word' id='word_1_546' title='bbox 1493 1447 1626 1482; x_wconf 76' lang='grc' dir='ltr'>πεποίητο</span> <span class='ocrx_word' id='word_1_547' title='bbox 1638 1447 1683 1474; x_wconf 71' lang='grc' dir='ltr'>τὸν</span> <span class='ocrx_word' id='word_1_548' title='bbox 1693 1447 1864 1483; x_wconf 79' lang='grc' dir='ltr'>Χρυσάφιον,</span> 
     </span>
    </p>
   </div>
   <div class='ocr_carea' id='block_1_85' title="bbox 1081 1492 1865 1529">
    <p class='ocr_par' dir='ltr' id='par_1_85' title="bbox 1081 1492 1865 1529">
     <span class='ocr_line' id='line_1_85' title="bbox 1081 1492 1865 1529; baseline 0.004 -12"><span class='ocrx_word' id='word_1_549' title='bbox 1081 1493 1128 1518; x_wconf 77' lang='grc' dir='ltr'>καὶ</span> <span class='ocrx_word' id='word_1_550' title='bbox 1156 1492 1301 1527; x_wconf 79' lang='grc' dir='ltr'>ὠργίζετο.</span> <span class='ocrx_word' id='word_1_551' title='bbox 1316 1492 1410 1524; x_wconf 82' lang='grc' dir='ltr'><strong>Δείσας</strong></span> <span class='ocrx_word' id='word_1_552' title='bbox 1430 1492 1458 1519; x_wconf 81' lang='grc' dir='ltr'>δὲ</span> <span class='ocrx_word' id='word_1_553' title='bbox 1482 1493 1496 1519; x_wconf 82' lang='grc' dir='ltr'><strong>ὁ</strong></span> <span class='ocrx_word' id='word_1_554' title='bbox 1520 1494 1676 1529; x_wconf 69' lang='grc' dir='ltr'>Διάσκορος,</span> <span class='ocrx_word' id='word_1_555' title='bbox 1705 1493 1865 1528; x_wconf 74' lang='grc' dir='ltr'>ὑποτίθησιν</span> 
     </span>
    </p>
   </div>
   <div class='ocr_carea' id='block_1_86' title="bbox 1081 1538 1865 1575">
    <p class='ocr_par' dir='ltr' id='par_1_86' title="bbox 1081 1538 1865 1575">
     <span class='ocr_line' id='line_1_86' title="bbox 1081 1538 1865 1575; baseline 0 -11"><span class='ocrx_word' id='word_1_556' title='bbox 1081 1538 1154 1572; x_wconf 78' lang='grc' dir='ltr'>αὐτῷ</span> <span class='ocrx_word' id='word_1_557' title='bbox 1180 1540 1274 1564; x_wconf 82' lang='grc' dir='ltr'>πεῖσαι</span> <span class='ocrx_word' id='word_1_558' title='bbox 1297 1539 1343 1565; x_wconf 83' lang='grc' dir='ltr'>τὸν</span> <span class='ocrx_word' id='word_1_559' title='bbox 1360 1539 1473 1574; x_wconf 82' lang='grc' dir='ltr'>βασιλέα</span> <span class='ocrx_word' id='word_1_560' title='bbox 1495 1540 1668 1575; x_wconf 76' lang='grc' dir='ltr'><strong>πατριάρχην</strong></span> <span class='ocrx_word' id='word_1_561' title='bbox 1689 1540 1865 1566; x_wconf 77' lang='grc' dir='ltr'>Κωνσταντι·</span> 
     </span>
    </p>
   </div>
   <div class='ocr_carea' id='block_1_87' title="bbox 1080 1582 1864 1618">
    <p class='ocr_par' dir='ltr' id='par_1_87' title="bbox 1080 1582 1864 1618">
     <span class='ocr_line' id='line_1_87' title="bbox 1080 1582 1864 1618; baseline 0.003 -10"><span class='ocrx_word' id='word_1_562' title='bbox 1080 1582 1232 1613; x_wconf 82' lang='grc' dir='ltr'>νουπόλεως</span> <span class='ocrx_word' id='word_1_563' title='bbox 1262 1582 1487 1618; x_wconf 72' lang='grc' dir='ltr'>προχειρίσασθαι</span> <span class='ocrx_word' id='word_1_564' title='bbox 1524 1583 1674 1610; x_wconf 53' lang='lat' dir='ltr'><strong>amcam</strong></span> <span class='ocrx_word' id='word_1_565' title='bbox 1705 1583 1752 1609; x_wconf 79' lang='grc' dir='ltr'>τὸν</span> <span class='ocrx_word' id='word_1_566' title='bbox 1779 1583 1864 1610; x_wconf 62' lang='grc' dir='ltr'>αὐτοῦ</span> 
     </span>
    </p>
   </div>
   <div class='ocr_carea' id='block_1_88' title="bbox 1080 1629 1866 1665">
    <p class='ocr_par' dir='ltr' id='par_1_88' title="bbox 1080 1629 1866 1665">
     <span class='ocr_line' id='line_1_88' title="bbox 1080 1629 1866 1665; baseline 0.001 -9"><span class='ocrx_word' id='word_1_567' title='bbox 1080 1629 1304 1664; x_wconf 80' lang='grc' dir='ltr'>ἁποκρισιάριον,</span> <span class='ocrx_word' id='word_1_568' title='bbox 1325 1629 1368 1656; x_wconf 80' lang='grc' dir='ltr'><strong>ἵνα</strong></span> <span class='ocrx_word' id='word_1_569' title='bbox 1394 1629 1440 1656; x_wconf 82' lang='grc' dir='ltr'>καὶ</span> <span class='ocrx_word' id='word_1_570' title='bbox 1467 1630 1512 1657; x_wconf 74' lang='grc' dir='ltr'><strong>τὸν</strong></span> <span class='ocrx_word' id='word_1_571' title='bbox 1533 1629 1641 1665; x_wconf 77' lang='grc' dir='ltr'>Εὐτυχῆ</span> <span class='ocrx_word' id='word_1_572' title='bbox 1663 1629 1774 1664; x_wconf 76' lang='grc' dir='ltr'>δέξηται</span> <span class='ocrx_word' id='word_1_573' title='bbox 1794 1631 1866 1665; x_wconf 75' lang='grc' dir='ltr'><strong>πρὸς</strong></span> 
     </span>
    </p>
   </div>
   <div class='ocr_carea' id='block_1_89' title="bbox 1081 1675 1865 1711">
    <p class='ocr_par' dir='ltr' id='par_1_89' title="bbox 1081 1675 1865 1711">
     <span class='ocr_line' id='line_1_89' title="bbox 1081 1675 1865 1711; baseline 0.001 -10"><span class='ocrx_word' id='word_1_574' title='bbox 1081 1676 1235 1708; x_wconf 82' lang='grc' dir='ltr'>κοινωνίαν,</span> <span class='ocrx_word' id='word_1_575' title='bbox 1259 1676 1308 1701; x_wconf 83' lang='grc' dir='ltr'><strong>καὶ</strong></span> <span class='ocrx_word' id='word_1_576' title='bbox 1336 1675 1370 1702; x_wconf 80' lang='grc' dir='ltr'><strong>τὰ</strong></span> <span class='ocrx_word' id='word_1_577' title='bbox 1397 1675 1467 1702; x_wconf 67' lang='grc' dir='ltr'>κατὰ</span> <span class='ocrx_word' id='word_1_578' title='bbox 1487 1677 1533 1703; x_wconf 64' lang='grc' dir='ltr'><strong>τὸν</strong></span> <span class='ocrx_word' id='word_1_579' title='bbox 1559 1677 1693 1711; x_wconf 78' lang='grc' dir='ltr'>μακάριον</span> <span class='ocrx_word' id='word_1_580' title='bbox 1716 1676 1865 1703; x_wconf 68' lang='grc' dir='ltr'>Φλαόιανδν</span> 
     </span>
    </p>
   </div>
   <div class='ocr_carea' id='block_1_90' title="bbox 1083 1720 1866 1758">
    <p class='ocr_par' dir='ltr' id='par_1_90' title="bbox 1083 1720 1866 1758">
     <span class='ocr_line' id='line_1_90' title="bbox 1083 1720 1866 1758; baseline 0.004 -12"><span class='ocrx_word' id='word_1_581' title='bbox 1083 1721 1164 1757; x_wconf 83' lang='grc' dir='ltr'>μείνῃ</span> <span class='ocrx_word' id='word_1_582' title='bbox 1179 1720 1388 1756; x_wconf 78' lang='grc' dir='ltr'>ἀνεξερεύνητα.</span> <span class='ocrx_word' id='word_1_583' title='bbox 1412 1721 1504 1748; x_wconf 84' lang='grc' dir='ltr'>Πείθει</span> <span class='ocrx_word' id='word_1_584' title='bbox 1527 1721 1618 1748; x_wconf 89' lang='grc' dir='ltr'>τοίνυν</span> <span class='ocrx_word' id='word_1_585' title='bbox 1638 1723 1652 1748; x_wconf 80' lang='grc' dir='ltr'><strong><em>ὸ</em></strong></span> <span class='ocrx_word' id='word_1_586' title='bbox 1676 1722 1805 1758; x_wconf 77' lang='grc' dir='ltr'><strong>ἐκτομίας</strong></span> <span class='ocrx_word' id='word_1_587' title='bbox 1818 1722 1866 1750; x_wconf 77' lang='grc' dir='ltr'>τὸν</span> 
     </span>
    </p>
   </div>
   <div class='ocr_carea' id='block_1_91' title="bbox 1081 1767 1866 1804">
    <p class='ocr_par' dir='ltr' id='par_1_91' title="bbox 1081 1767 1866 1804">
     <span class='ocr_line' id='line_1_91' title="bbox 1081 1767 1866 1804; baseline 0 -10"><span class='ocrx_word' id='word_1_588' title='bbox 1081 1767 1202 1803; x_wconf 72' lang='grc' dir='ltr'>βασιλέα,</span> <span class='ocrx_word' id='word_1_589' title='bbox 1224 1767 1365 1801; x_wconf 79' lang='grc' dir='ltr'><strong>εὐάγωγον</strong></span> <span class='ocrx_word' id='word_1_590' title='bbox 1383 1767 1458 1800; x_wconf 75' lang='grc' dir='ltr'>ὄντα,</span> <span class='ocrx_word' id='word_1_591' title='bbox 1487 1767 1534 1793; x_wconf 80' lang='grc' dir='ltr'>καὶ</span> <span class='ocrx_word' id='word_1_592' title='bbox 1550 1769 1743 1803; x_wconf 82' lang='grc' dir='ltr'>χειροτονεῖται</span> <span class='ocrx_word' id='word_1_593' title='bbox 1763 1776 1866 1804; x_wconf 79' lang='grc' dir='ltr'>πατρι-</span> 
     </span>
    </p>
   </div>
   <div class='ocr_carea' id='block_1_92' title="bbox 1081 1810 1868 1849">
    <p class='ocr_par' dir='ltr' id='par_1_92' title="bbox 1081 1810 1868 1849">
     <span class='ocr_line' id='line_1_92' title="bbox 1081 1810 1868 1849; baseline -0.003 -7"><span class='ocrx_word' id='word_1_594' title='bbox 1081 1815 1167 1849; x_wconf 79' lang='grc' dir='ltr'>άρχης</span> <span class='ocrx_word' id='word_1_595' title='bbox 1189 1815 1203 1841; x_wconf 83' lang='grc' dir='ltr'><strong>ὁ</strong></span> <span class='ocrx_word' id='word_1_596' title='bbox 1227 1813 1378 1844; x_wconf 79' lang='grc' dir='ltr'>’Δνατόλιος</span> <span class='ocrx_word' id='word_1_597' title='bbox 1395 1813 1461 1848; x_wconf 91' lang='lat'><strong>(88).</strong></span> <span class='ocrx_word' id='word_1_598' title='bbox 1483 1810 1567 1846; x_wconf 75' lang='grc' dir='ltr'>Οὗτος</span> <span class='ocrx_word' id='word_1_599' title='bbox 1588 1815 1602 1841; x_wconf 83' lang='grc' dir='ltr'><strong><em>ὁ</em></strong></span> <span class='ocrx_word' id='word_1_600' title='bbox 1627 1813 1770 1849; x_wconf 71' lang='grc' dir='ltr'><strong>εἰρημένος</strong></span> <span class='ocrx_word' id='word_1_601' title='bbox 1791 1814 1868 1849; x_wconf 78' lang='grc' dir='ltr'><strong>Χρυ-</strong></span> 
     </span>
    </p>
   </div>
   <div class='ocr_carea' id='block_1_93' title="bbox 1081 1858 1865 1895">
    <p class='ocr_par' dir='ltr' id='par_1_93' title="bbox 1081 1858 1865 1895">
     <span class='ocr_line' id='line_1_93' title="bbox 1081 1858 1865 1895; baseline 0 -9"><span class='ocrx_word' id='word_1_602' title='bbox 1081 1861 1190 1894; x_wconf 49' lang='grc' dir='ltr'>σάςςιος,</span> <span class='ocrx_word' id='word_1_603' title='bbox 1212 1859 1262 1894; x_wconf 81' lang='grc' dir='ltr'><strong>τῆς</strong></span> <span class='ocrx_word' id='word_1_604' title='bbox 1275 1859 1397 1892; x_wconf 72' lang='grc' dir='ltr'>εὐκολίας</span> <span class='ocrx_word' id='word_1_605' title='bbox 1425 1858 1471 1886; x_wconf 80' lang='grc' dir='ltr'>τοῦ</span> <span class='ocrx_word' id='word_1_606' title='bbox 1488 1858 1652 1891; x_wconf 77' lang='grc' dir='ltr'>κρατοῦντος</span> <span class='ocrx_word' id='word_1_607' title='bbox 1670 1859 1865 1895; x_wconf 76' lang='grc' dir='ltr'>κατατρυφῶν,</span> 
     </span>
    </p>
   </div>
   <div class='ocr_carea' id='block_1_94' title="bbox 1081 1903 1867 1940">
    <p class='ocr_par' dir='ltr' id='par_1_94' title="bbox 1081 1903 1867 1940">
     <span class='ocr_line' id='line_1_94' title="bbox 1081 1903 1867 1940; baseline 0 -10"><span class='ocrx_word' id='word_1_608' title='bbox 1081 1904 1190 1931; x_wconf 73' lang='grc' dir='ltr'>ἔπεισεν</span> <span class='ocrx_word' id='word_1_609' title='bbox 1203 1903 1294 1937; x_wconf 80' lang='grc' dir='ltr'>αὐτὸν,</span> <span class='ocrx_word' id='word_1_610' title='bbox 1307 1904 1355 1930; x_wconf 73' lang='grc' dir='ltr'>καὶ</span> <span class='ocrx_word' id='word_1_611' title='bbox 1371 1903 1420 1938; x_wconf 79' lang='grc' dir='ltr'><strong>τὴν</strong></span> <span class='ocrx_word' id='word_1_612' title='bbox 1434 1903 1592 1938; x_wconf 83' lang='grc' dir='ltr'>βασίλισσαν</span> <span class='ocrx_word' id='word_1_613' title='bbox 1603 1904 1733 1931; x_wconf 83' lang='grc' dir='ltr'>Εὺδοκίαν</span> <span class='ocrx_word' id='word_1_614' title='bbox 1751 1913 1867 1940; x_wconf 84' lang='grc' dir='ltr'>προσει-</span> 
     </span>
    </p>
   </div>
   <div class='ocr_carea' id='block_1_95' title="bbox 1081 1949 1868 1986">
    <p class='ocr_par' dir='ltr' id='par_1_95' title="bbox 1081 1949 1868 1986">
     <span class='ocr_line' id='line_1_95' title="bbox 1081 1949 1868 1986; baseline 0.001 -10"><span class='ocrx_word' id='word_1_615' title='bbox 1081 1950 1174 1985; x_wconf 76' lang='grc' dir='ltr'>ληφὼς</span> <span class='ocrx_word' id='word_1_616' title='bbox 1203 1950 1344 1984; x_wconf 81' lang='grc' dir='ltr'>συνεργὸν,</span> <span class='ocrx_word' id='word_1_617' title='bbox 1365 1949 1414 1984; x_wconf 76' lang='grc' dir='ltr'><strong>τὴν</strong></span> <span class='ocrx_word' id='word_1_618' title='bbox 1447 1950 1615 1985; x_wconf 84' lang='grc' dir='ltr'>Πουλχερίαν</span> <span class='ocrx_word' id='word_1_619' title='bbox 1641 1949 1692 1984; x_wconf 80' lang='grc' dir='ltr'><strong>τῆς</strong></span> <span class='ocrx_word' id='word_1_620' title='bbox 1715 1950 1771 1977; x_wconf 83' lang='grc' dir='ltr'><strong>τῶν</strong></span> <span class='ocrx_word' id='word_1_621' title='bbox 1795 1958 1868 1986; x_wconf 79' lang='grc' dir='ltr'>πρα-</span> 
     </span>
    </p>
   </div>
   <div class='ocr_carea' id='block_1_96' title="bbox 1081 1995 1866 2032">
    <p class='ocr_par' dir='ltr' id='par_1_96' title="bbox 1081 1995 1866 2032">
     <span class='ocr_line' id='line_1_96' title="bbox 1081 1995 1866 2032; baseline 0 -9"><span class='ocrx_word' id='word_1_622' title='bbox 1081 1997 1195 2032; x_wconf 84' lang='grc' dir='ltr'>γμάτων</span> <span class='ocrx_word' id='word_1_623' title='bbox 1226 1996 1400 2031; x_wconf 77' lang='grc' dir='ltr'><strong>μετενεγκεῖν</strong></span> <span class='ocrx_word' id='word_1_624' title='bbox 1412 1995 1580 2030; x_wconf 83' lang='grc' dir='ltr'>διοικήσεως.</span> <span class='ocrx_word' id='word_1_625' title='bbox 1613 1995 1699 2030; x_wconf 78' lang='grc' dir='ltr'><strong>Καὶή</strong></span> <span class='ocrx_word' id='word_1_626' title='bbox 1724 1995 1784 2031; x_wconf 65' lang='grc' dir='ltr'>μὲν,</span> <span class='ocrx_word' id='word_1_627' title='bbox 1808 1996 1866 2023; x_wconf 82' lang='grc' dir='ltr'>τῶν</span> 
     </span>
    </p>
   </div>
   <div class='ocr_carea' id='block_1_97' title="bbox 1082 2040 1866 2077">
    <p class='ocr_par' dir='ltr' id='par_1_97' title="bbox 1082 2040 1866 2077">
     <span class='ocr_line' id='line_1_97' title="bbox 1082 2040 1866 2077; baseline -0.004 -8"><span class='ocrx_word' id='word_1_628' title='bbox 1082 2041 1242 2077; x_wconf 85' lang='grc' dir='ltr'>ἀνακτόρων</span> <span class='ocrx_word' id='word_1_629' title='bbox 1269 2041 1491 2076; x_wconf 80' lang='grc' dir='ltr'><strong>ὑποχωρήσασα,</strong></span> <span class='ocrx_word' id='word_1_630' title='bbox 1522 2040 1583 2067; x_wconf 78' lang='grc' dir='ltr'>καθ’</span> <span class='ocrx_word' id='word_1_631' title='bbox 1603 2041 1704 2074; x_wconf 74' lang='grc' dir='ltr'>ἑαυτὴν</span> <span class='ocrx_word' id='word_1_632' title='bbox 1730 2041 1789 2075; x_wconf 75' lang='grc' dir='ltr'><strong>ἔζη,</strong></span> <span class='ocrx_word' id='word_1_633' title='bbox 1816 2042 1866 2069; x_wconf 71' lang='grc' dir='ltr'><strong>καὶ</strong></span> 
     </span>
    </p>
   </div>
   <div class='ocr_carea' id='block_1_98' title="bbox 1081 2085 1868 2122">
    <p class='ocr_par' dir='ltr' id='par_1_98' title="bbox 1081 2085 1868 2122">
     <span class='ocr_line' id='line_1_98' title="bbox 1081 2085 1868 2122; baseline 0 -8"><span class='ocrx_word' id='word_1_634' title='bbox 1081 2088 1110 2114; x_wconf 81' lang='grc' dir='ltr'>ὲν</span> <span class='ocrx_word' id='word_1_635' title='bbox 1131 2087 1170 2121; x_wconf 89' lang='grc' dir='ltr'><strong>τῷ</strong></span> <span class='ocrx_word' id='word_1_636' title='bbox 1197 2085 1318 2121; x_wconf 76' lang='grc' dir='ltr'>Ἑϐδόμῳ</span> <span class='ocrx_word' id='word_1_637' title='bbox 1331 2086 1386 2122; x_wconf 86' lang='lat'><strong>(89)</strong></span> <span class='ocrx_word' id='word_1_638' title='bbox 1402 2086 1545 2120; x_wconf 75' lang='grc' dir='ltr'><strong>ἡσύχαζεν.</strong></span> <span class='ocrx_word' id='word_1_639' title='bbox 1581 2085 1608 2113; x_wconf 90' lang='lat'><strong>&#39;0</strong></span> <span class='ocrx_word' id='word_1_640' title='bbox 1622 2086 1650 2113; x_wconf 82' lang='grc' dir='ltr'><strong>δὲ</strong></span> <span class='ocrx_word' id='word_1_641' title='bbox 1675 2085 1812 2121; x_wconf 77' lang='grc' dir='ltr'>βασιλεὺς,</span> <span class='ocrx_word' id='word_1_642' title='bbox 1826 2088 1868 2118; x_wconf 80' lang='grc' dir='ltr'><strong>είς</strong></span> 
     </span>
    </p>
   </div>
   <div class='ocr_carea' id='block_1_99' title="bbox 1082 2131 1865 2167">
    <p class='ocr_par' dir='ltr' id='par_1_99' title="bbox 1082 2131 1865 2167">
     <span class='ocr_line' id='line_1_99' title="bbox 1082 2131 1865 2167; baseline 0 -7"><span class='ocrx_word' id='word_1_643' title='bbox 1082 2133 1179 2160; x_wconf 76' lang='grc' dir='ltr'>ἑαυτὸν</span> <span class='ocrx_word' id='word_1_644' title='bbox 1208 2131 1257 2167; x_wconf 75' lang='grc' dir='ltr'><strong>ὀψὲ</strong></span> <span class='ocrx_word' id='word_1_645' title='bbox 1282 2132 1329 2159; x_wconf 81' lang='grc' dir='ltr'>καὶ</span> <span class='ocrx_word' id='word_1_646' title='bbox 1348 2131 1424 2166; x_wconf 86' lang='grc' dir='ltr'>μόλις</span> <span class='ocrx_word' id='word_1_647' title='bbox 1448 2131 1545 2165; x_wconf 75' lang='grc' dir='ltr'><strong>ἐλθὼν,</strong></span> <span class='ocrx_word' id='word_1_648' title='bbox 1569 2132 1616 2158; x_wconf 85' lang='grc' dir='ltr'>καὶ</span> <span class='ocrx_word' id='word_1_649' title='bbox 1641 2132 1691 2167; x_wconf 80' lang='grc' dir='ltr'>τὴν</span> <span class='ocrx_word' id='word_1_650' title='bbox 1719 2133 1790 2160; x_wconf 81' lang='grc' dir='ltr'>κατὰ</span> <span class='ocrx_word' id='word_1_651' title='bbox 1816 2133 1865 2160; x_wconf 83' lang='grc' dir='ltr'>τοῦ</span> 
     </span>
    </p>
   </div>
   <div class='ocr_carea' id='block_1_100' title="bbox 1085 2177 1864 2215">
    <p class='ocr_par' dir='ltr' id='par_1_100' title="bbox 1085 2177 1864 2215">
     <span class='ocr_line' id='line_1_100' title="bbox 1085 2177 1864 2215; baseline 0 -9"><span class='ocrx_word' id='word_1_652' title='bbox 1085 2180 1221 2215; x_wconf 82' lang='grc' dir='ltr'>μακαρίου</span> <span class='ocrx_word' id='word_1_653' title='bbox 1253 2177 1404 2205; x_wconf 78' lang='grc' dir='ltr'>Φλαόιανοΰ</span> <span class='ocrx_word' id='word_1_654' title='bbox 1439 2178 1596 2213; x_wconf 81' lang='grc' dir='ltr'>μιαιφονίαν</span> <span class='ocrx_word' id='word_1_655' title='bbox 1623 2178 1864 2213; x_wconf 71' lang='grc' dir='ltr'>ἀναλογισάμενος,</span> 
     </span>
    </p>
   </div>
   <div class='ocr_carea' id='block_1_101' title="bbox 1083 2224 1867 2259">
    <p class='ocr_par' dir='ltr' id='par_1_101' title="bbox 1083 2224 1867 2259">
     <span class='ocr_line' id='line_1_101' title="bbox 1083 2224 1867 2259; baseline 0 -8"><span class='ocrx_word' id='word_1_656' title='bbox 1083 2226 1132 2252; x_wconf 72' lang='grc' dir='ltr'><strong>καὶ¹</strong></span> <span class='ocrx_word' id='word_1_657' title='bbox 1154 2225 1189 2251; x_wconf 87' lang='grc' dir='ltr'>τὰ</span> <span class='ocrx_word' id='word_1_658' title='bbox 1214 2225 1285 2251; x_wconf 82' lang='grc' dir='ltr'>κατὰ</span> <span class='ocrx_word' id='word_1_659' title='bbox 1305 2224 1355 2259; x_wconf 85' lang='grc' dir='ltr'><strong>τὴν</strong></span> <span class='ocrx_word' id='word_1_660' title='bbox 1377 2224 1556 2259; x_wconf 82' lang='grc' dir='ltr'>Πουλχερίαν,</span> <span class='ocrx_word' id='word_1_661' title='bbox 1573 2225 1621 2251; x_wconf 79' lang='grc' dir='ltr'>καὶ</span> <span class='ocrx_word' id='word_1_662' title='bbox 1643 2225 1755 2252; x_wconf 77' lang='grc' dir='ltr'>πάντων</span> <span class='ocrx_word' id='word_1_663' title='bbox 1779 2225 1867 2251; x_wconf 72' lang='grc' dir='ltr'>αἴτιον</span> 
     </span>
    </p>
   </div>
   <div class='ocr_carea' id='block_1_102' title="bbox 1083 2269 1868 2304">
    <p class='ocr_par' dir='ltr' id='par_1_102' title="bbox 1083 2269 1868 2304">
     <span class='ocr_line' id='line_1_102' title="bbox 1083 2269 1868 2304; baseline 0.001 -8"><span class='ocrx_word' id='word_1_664' title='bbox 1083 2270 1129 2296; x_wconf 75' lang='grc' dir='ltr'><strong>τὸν</strong></span> <span class='ocrx_word' id='word_1_665' title='bbox 1157 2269 1271 2304; x_wconf 79' lang='grc' dir='ltr'>βέϐηλον</span> <span class='ocrx_word' id='word_1_666' title='bbox 1294 2269 1398 2295; x_wconf 70' lang='grc' dir='ltr'>ἐκεῖνον</span> <span class='ocrx_word' id='word_1_667' title='bbox 1423 2269 1552 2304; x_wconf 83' lang='grc' dir='ltr'>εὐνοῦχον</span> <span class='ocrx_word' id='word_1_668' title='bbox 1572 2269 1671 2304; x_wconf 81' lang='grc' dir='ltr'><strong>εὑρὼν,</strong></span> <span class='ocrx_word' id='word_1_669' title='bbox 1697 2270 1738 2301; x_wconf 81' lang='grc' dir='ltr'><strong>είς</strong></span> <span class='ocrx_word' id='word_1_670' title='bbox 1763 2270 1868 2297; x_wconf 83' lang='grc' dir='ltr'>δίκαιον</span> 
     </span>
    </p>
   </div>
   <div class='ocr_carea' id='block_1_103' title="bbox 1084 2313 1869 2351">
    <p class='ocr_par' dir='ltr' id='par_1_103' title="bbox 1084 2313 1869 2351">
     <span class='ocr_line' id='line_1_103' title="bbox 1084 2313 1869 2351; baseline 0.003 -10"><span class='ocrx_word' id='word_1_671' title='bbox 1084 2313 1145 2341; x_wconf 89' lang='grc' dir='ltr'>κατ’</span> <span class='ocrx_word' id='word_1_672' title='bbox 1165 2314 1247 2341; x_wconf 81' lang='grc' dir='ltr'>αὑτοῦ</span> <span class='ocrx_word' id='word_1_673' title='bbox 1268 2315 1382 2341; x_wconf 83' lang='grc' dir='ltr'>κινεῖται</span> <span class='ocrx_word' id='word_1_674' title='bbox 1398 2313 1495 2347; x_wconf 67' lang='grc' dir='ltr'>θυμδν,</span> <span class='ocrx_word' id='word_1_675' title='bbox 1510 2314 1557 2341; x_wconf 78' lang='grc' dir='ltr'>καὶ</span> <span class='ocrx_word' id='word_1_676' title='bbox 1576 2314 1623 2341; x_wconf 77' lang='grc' dir='ltr'><strong>τοῦ</strong></span> <span class='ocrx_word' id='word_1_677' title='bbox 1641 2315 1691 2350; x_wconf 79' lang='grc' dir='ltr'><strong>μὲν</strong></span> <span class='ocrx_word' id='word_1_678' title='bbox 1719 2316 1869 2351; x_wconf 71' lang='grc' dir='ltr'>ὑπερορίαν</span> 
     </span>
    </p>
   </div>
   <div class='ocr_carea' id='block_1_104' title="bbox 1084 2359 1889 2396">
    <p class='ocr_par' dir='ltr' id='par_1_104' title="bbox 1084 2359 1889 2396">
     <span class='ocr_line' id='line_1_104' title="bbox 1084 2359 1889 2396; baseline 0.004 -11"><span class='ocrx_word' id='word_1_679' title='bbox 1084 2359 1305 2393; x_wconf 79' lang='grc' dir='ltr'>καταψηφίζεται</span> <span class='ocrx_word' id='word_1_680' title='bbox 1325 2359 1393 2394; x_wconf 87' lang='grc'><strong>(90),</strong></span> <span class='ocrx_word' id='word_1_681' title='bbox 1409 2360 1458 2386; x_wconf 74' lang='grc' dir='ltr'><strong>καὶ</strong></span> <span class='ocrx_word' id='word_1_682' title='bbox 1475 2359 1588 2394; x_wconf 76' lang='grc' dir='ltr'>δημεύει</span> <span class='ocrx_word' id='word_1_683' title='bbox 1602 2361 1652 2396; x_wconf 72' lang='grc' dir='ltr'>τὴν</span> <span class='ocrx_word' id='word_1_684' title='bbox 1662 2361 1756 2388; x_wconf 70' lang='grc' dir='ltr'>οὐσίαν</span> <span class='ocrx_word' id='word_1_685' title='bbox 1770 2361 1868 2394; x_wconf 76' lang='grc' dir='ltr'><strong>αὑτοῦ,</strong></span> <span class='ocrx_word' id='word_1_686' title='bbox 1884 2361 1889 2371; x_wconf 72' lang='grc'><strong><em>⁸</em></strong></span> 
     </span>
    </p>
   </div>
   <div class='ocr_carea' id='block_1_105' title="bbox 1083 2403 1869 2442">
    <p class='ocr_par' dir='ltr' id='par_1_105' title="bbox 1083 2403 1869 2442">
     <span class='ocr_line' id='line_1_105' title="bbox 1083 2403 1869 2442; baseline 0.006 -13"><span class='ocrx_word' id='word_1_687' title='bbox 1083 2404 1133 2439; x_wconf 83' lang='grc' dir='ltr'><strong>τὴν</strong></span> <span class='ocrx_word' id='word_1_688' title='bbox 1144 2403 1173 2430; x_wconf 78' lang='grc' dir='ltr'><strong>δὲ</strong></span> <span class='ocrx_word' id='word_1_689' title='bbox 1196 2403 1315 2439; x_wconf 77' lang='grc' dir='ltr'>ἀδελφὴν</span> <span class='ocrx_word' id='word_1_690' title='bbox 1338 2403 1593 2440; x_wconf 80' lang='grc' dir='ltr'>μετακαλεσάμενος</span> <span class='ocrx_word' id='word_1_691' title='bbox 1621 2406 1785 2441; x_wconf 75' lang='grc' dir='ltr'>συγγνώμην</span> <span class='ocrx_word' id='word_1_692' title='bbox 1807 2406 1869 2442; x_wconf 72' lang='grc' dir='ltr'>ᾔτει</span> 
     </span>
    </p>
   </div>
   <div class='ocr_carea' id='block_1_106' title="bbox 1082 2449 1867 2488">
    <p class='ocr_par' dir='ltr' id='par_1_106' title="bbox 1082 2449 1867 2488">
     <span class='ocr_line' id='line_1_106' title="bbox 1082 2449 1867 2488; baseline 0.003 -12"><span class='ocrx_word' id='word_1_693' title='bbox 1082 2450 1130 2476; x_wconf 78' lang='grc' dir='ltr'>καὶ</span> <span class='ocrx_word' id='word_1_694' title='bbox 1154 2449 1204 2484; x_wconf 82' lang='grc' dir='ltr'><strong>τὴν</strong></span> <span class='ocrx_word' id='word_1_695' title='bbox 1230 2449 1286 2476; x_wconf 85' lang='grc' dir='ltr'>τῶν</span> <span class='ocrx_word' id='word_1_696' title='bbox 1318 2450 1490 2485; x_wconf 83' lang='grc' dir='ltr'>πραγμάτων</span> <span class='ocrx_word' id='word_1_697' title='bbox 1527 2451 1660 2484; x_wconf 82' lang='grc' dir='ltr'>διοίκησιν</span> <span class='ocrx_word' id='word_1_698' title='bbox 1689 2451 1766 2484; x_wconf 80' lang='grc' dir='ltr'>αὖθις</span> <span class='ocrx_word' id='word_1_699' title='bbox 1793 2453 1867 2488; x_wconf 76' lang='grc' dir='ltr'>αὐτῇ</span> 
     </span>
    </p>
   </div>
   <div class='ocr_carea' id='block_1_107' title="bbox 1082 2494 1867 2533">
    <p class='ocr_par' dir='ltr' id='par_1_107' title="bbox 1082 2494 1867 2533">
     <span class='ocr_line' id='line_1_107' title="bbox 1082 2494 1867 2533; baseline 0.004 -12"><span class='ocrx_word' id='word_1_700' title='bbox 1082 2495 1257 2531; x_wconf 71' lang='grc' dir='ltr'>ένεχείρισεν.</span> <span class='ocrx_word' id='word_1_701' title='bbox 1278 2494 1333 2522; x_wconf 84' lang='grc' dir='ltr'><strong>Ἦν</strong></span> <span class='ocrx_word' id='word_1_702' title='bbox 1356 2495 1385 2522; x_wconf 83' lang='grc' dir='ltr'><strong>δὲ</strong></span> <span class='ocrx_word' id='word_1_703' title='bbox 1407 2497 1424 2530; x_wconf 83' lang='grc' dir='ltr'>ὴ</span> <span class='ocrx_word' id='word_1_704' title='bbox 1445 2495 1597 2533; x_wconf 80' lang='grc' dir='ltr'>Πουλχερία</span> <span class='ocrx_word' id='word_1_705' title='bbox 1614 2497 1797 2533; x_wconf 81' lang='grc' dir='ltr'>συνετωτάτη,</span> <span class='ocrx_word' id='word_1_706' title='bbox 1818 2498 1867 2524; x_wconf 75' lang='grc' dir='ltr'>καὶ</span> 
     </span>
    </p>
   </div>
   <div class='ocr_carea' id='block_1_108' title="bbox 1082 2541 1868 2578">
    <p class='ocr_par' dir='ltr' id='par_1_108' title="bbox 1082 2541 1868 2578">
     <span class='ocr_line' id='line_1_108' title="bbox 1082 2541 1868 2578; baseline 0.004 -11"><span class='ocrx_word' id='word_1_707' title='bbox 1082 2541 1168 2567; x_wconf 78' lang='grc' dir='ltr'>πολλὰ</span> <span class='ocrx_word' id='word_1_708' title='bbox 1197 2541 1253 2568; x_wconf 82' lang='grc' dir='ltr'><strong>τῶν</strong></span> <span class='ocrx_word' id='word_1_709' title='bbox 1281 2541 1482 2576; x_wconf 77' lang='grc' dir='ltr'>ἐλαττωμάτων</span> <span class='ocrx_word' id='word_1_710' title='bbox 1515 2542 1563 2568; x_wconf 82' lang='grc' dir='ltr'><strong>τοῦ</strong></span> <span class='ocrx_word' id='word_1_711' title='bbox 1590 2542 1721 2576; x_wconf 80' lang='grc' dir='ltr'>ἀδελφοῦ,</span> <span class='ocrx_word' id='word_1_712' title='bbox 1755 2543 1790 2570; x_wconf 83' lang='grc' dir='ltr'>τὰ</span> <span class='ocrx_word' id='word_1_713' title='bbox 1815 2543 1868 2578; x_wconf 78' lang='grc' dir='ltr'>μὲν</span> 
     </span>
    </p>
   </div>
   <div class='ocr_carea' id='block_1_109' title="bbox 1084 2587 1868 2624">
    <p class='ocr_par' dir='ltr' id='par_1_109' title="bbox 1084 2587 1868 2624">
     <span class='ocr_line' id='line_1_109' title="bbox 1084 2587 1868 2624; baseline 0.003 -10"><span class='ocrx_word' id='word_1_714' title='bbox 1084 2587 1255 2623; x_wconf 78' lang='grc' dir='ltr'>ἑπηνὼρθου,</span> <span class='ocrx_word' id='word_1_715' title='bbox 1264 2588 1298 2615; x_wconf 81' lang='grc' dir='ltr'>τὰ</span> <span class='ocrx_word' id='word_1_716' title='bbox 1307 2587 1335 2614; x_wconf 82' lang='grc' dir='ltr'><strong>δὲ</strong></span> <span class='ocrx_word' id='word_1_717' title='bbox 1347 2587 1544 2614; x_wconf 70' lang='grc' dir='ltr'>συνεκάλυπτε.</span> <span class='ocrx_word' id='word_1_718' title='bbox 1555 2589 1671 2622; x_wconf 83' lang='grc' dir='ltr'>Λέγεται</span> <span class='ocrx_word' id='word_1_719' title='bbox 1684 2588 1747 2622; x_wconf 84' lang='grc' dir='ltr'>γοῦν</span> <span class='ocrx_word' id='word_1_720' title='bbox 1761 2589 1868 2624; x_wconf 78' lang='grc' dir='ltr'>ἀπροσ-</span> 
     </span>
    </p>
   </div>
   <div class='ocr_carea' id='block_1_110' title="bbox 844 2655 1268 2686">
    <p class='ocr_par' dir='ltr' id='par_1_110' title="bbox 844 2655 1268 2686">
     <span class='ocr_line' id='line_1_110' title="bbox 844 2655 1268 2686; baseline -0.005 0"><span class='ocrx_word' id='word_1_721' title='bbox 844 2655 943 2686; x_wconf 80' lang='lat' dir='ltr'><strong>Variae</strong></span> <span class='ocrx_word' id='word_1_722' title='bbox 958 2655 1112 2686; x_wconf 86' lang='lat' dir='ltr'><strong>lectiones</strong></span> <span class='ocrx_word' id='word_1_723' title='bbox 1124 2657 1154 2685; x_wconf 85' lang='lat' dir='ltr'><strong>et</strong></span> <span class='ocrx_word' id='word_1_724' title='bbox 1173 2658 1268 2685; x_wconf 70' lang='lat' dir='ltr'><strong>natm.</strong></span> 
     </span>
    </p>
   </div>
   <div class='ocr_carea' id='block_1_111' title="bbox 285 2715 1032 2753">
    <p class='ocr_par' dir='ltr' id='par_1_111' title="bbox 285 2715 1032 2753">
     <span class='ocr_line' id='line_1_111' title="bbox 285 2715 1032 2753; baseline 0.004 -11"><span class='ocrx_word' id='word_1_725' title='bbox 285 2715 341 2750; x_wconf 83' lang='lat'><strong>(87)</strong></span> <span class='ocrx_word' id='word_1_726' title='bbox 354 2717 530 2753; x_wconf 65' lang='grc' dir='ltr'>Μετήλλςιξε</span> <span class='ocrx_word' id='word_1_727' title='bbox 540 2718 597 2751; x_wconf 83' lang='grc' dir='ltr'><strong>τὴν</strong></span> <span class='ocrx_word' id='word_1_728' title='bbox 609 2717 695 2752; x_wconf 81' lang='grc' dir='ltr'><strong>ζωήν,</strong></span> <span class='ocrx_word' id='word_1_729' title='bbox 706 2718 850 2753; x_wconf 84' lang='lat' dir='ltr'><strong>Evagrius,</strong></span> <span class='ocrx_word' id='word_1_730' title='bbox 860 2718 1032 2746; x_wconf 82' lang='lat' dir='ltr'><strong>Marcellinus</strong></span> 
     </span>
    </p>
   </div>
   <div class='ocr_carea' id='block_1_112' title="bbox 248 2752 1030 2788">
    <p class='ocr_par' dir='ltr' id='par_1_112' title="bbox 248 2752 1030 2788">
     <span class='ocr_line' id='line_1_112' title="bbox 248 2752 1030 2788; baseline 0.004 -11"><span class='ocrx_word' id='word_1_731' title='bbox 248 2755 410 2788; x_wconf 66' lang='lat' dir='ltr'><strong>conies,etc.</strong></span> <span class='ocrx_word' id='word_1_732' title='bbox 424 2752 582 2788; x_wconf 12' lang='lat' dir='ltr'><strong>silit-aviaui</strong></span> <span class='ocrx_word' id='word_1_733' title='bbox 596 2753 668 2780; x_wconf 86' lang='lat' dir='ltr'><strong>Patr.</strong></span> <span class='ocrx_word' id='word_1_734' title='bbox 684 2752 1030 2788; x_wconf 79' lang='lat' dir='ltr'><strong>Constantinopol.festum</strong></span> 
     </span>
    </p>
   </div>
   <div class='ocr_carea' id='block_1_113' title="bbox 249 2785 860 2819">
    <p class='ocr_par' dir='ltr' id='par_1_113' title="bbox 249 2785 860 2819">
     <span class='ocr_line' id='line_1_113' title="bbox 249 2785 860 2819; baseline 0.008 -9"><span class='ocrx_word' id='word_1_735' title='bbox 249 2789 331 2819; x_wconf 73' lang='lat' dir='ltr'><strong>agunt</strong></span> <span class='ocrx_word' id='word_1_736' title='bbox 348 2785 435 2812; x_wconf 69' lang='lat' dir='ltr'><strong>Graeci</strong></span> <span class='ocrx_word' id='word_1_737' title='bbox 453 2787 486 2813; x_wconf 76' lang='lat' dir='ltr'><strong>lii</strong></span> <span class='ocrx_word' id='word_1_738' title='bbox 502 2787 581 2814; x_wconf 74' lang='lat' dir='ltr'><strong>Febr.</strong></span> <span class='ocrx_word' id='word_1_739' title='bbox 598 2792 628 2814; x_wconf 93' lang='lat' dir='ltr'><strong>ut</strong></span> <span class='ocrx_word' id='word_1_740' title='bbox 642 2792 686 2816; x_wconf 87' lang='lat' dir='ltr'><strong>est</strong></span> <span class='ocrx_word' id='word_1_741' title='bbox 704 2789 730 2814; x_wconf 91' lang='lat' dir='ltr'><strong>in</strong></span> <span class='ocrx_word' id='word_1_742' title='bbox 742 2789 860 2815; x_wconf 74' lang='lat' dir='ltr'><strong>litenzeis.</strong></span> 
     </span>
    </p>
   </div>
   <div class='ocr_carea' id='block_1_114' title="bbox 287 2820 1032 2859">
    <p class='ocr_par' dir='ltr' id='par_1_114' title="bbox 287 2820 1032 2859">
     <span class='ocr_line' id='line_1_114' title="bbox 287 2820 1032 2859; baseline 0.005 -12"><span class='ocrx_word' id='word_1_743' title='bbox 287 2820 342 2859; x_wconf 47' lang='grc' dir='ltr'><strong>(ἓξ)</strong></span> <span class='ocrx_word' id='word_1_744' title='bbox 369 2821 551 2859; x_wconf 63' lang='grc' dir='ltr'><strong>ςᾼφατόλιος.</strong></span> <span class='ocrx_word' id='word_1_745' title='bbox 572 2822 657 2859; x_wconf 84' lang='lat' dir='ltr'><strong>Cujus</strong></span> <span class='ocrx_word' id='word_1_746' title='bbox 669 2825 829 2851; x_wconf 87' lang='lat' dir='ltr'><strong>memoriam</strong></span> <span class='ocrx_word' id='word_1_747' title='bbox 844 2829 926 2859; x_wconf 75' lang='lat' dir='ltr'><strong>agunt</strong></span> <span class='ocrx_word' id='word_1_748' title='bbox 945 2822 1032 2851; x_wconf 78' lang='lat' dir='ltr'><strong>Grteci</strong></span> 
     </span>
    </p>
   </div>
   <div class='ocr_carea' id='block_1_115' title="bbox 247 2853 479 2884">
    <p class='ocr_par' dir='ltr' id='par_1_115' title="bbox 247 2853 479 2884">
     <span class='ocr_line' id='line_1_115' title="bbox 247 2853 479 2884; baseline 0.004 -3"><span class='ocrx_word' id='word_1_749' title='bbox 247 2853 349 2881; x_wconf 63' lang='lat' dir='ltr'><strong>Slulit’.</strong></span> <span class='ocrx_word' id='word_1_750' title='bbox 367 2856 479 2884; x_wconf 75' lang='lat' dir='ltr'><strong>Mentea.</strong></span> 
     </span>
    </p>
   </div>
   <div class='ocr_carea' id='block_1_116' title="bbox 1084 2716 1865 2786">
    <p class='ocr_par' dir='ltr' id='par_1_116' title="bbox 1084 2716 1865 2786">
     <span class='ocr_line' id='line_1_116' title="bbox 1120 2716 1865 2755; baseline 0.007 -10"><span class='ocrx_word' id='word_1_751' title='bbox 1120 2717 1176 2752; x_wconf 84' lang='lat'><strong>(89)</strong></span> <span class='ocrx_word' id='word_1_752' title='bbox 1198 2718 1249 2744; x_wconf 79' lang='grc' dir='ltr'><strong>Ἐν</strong></span> <span class='ocrx_word' id='word_1_753' title='bbox 1264 2716 1303 2750; x_wconf 79' lang='grc' dir='ltr'><strong>τῷ</strong></span> <span class='ocrx_word' id='word_1_754' title='bbox 1322 2717 1462 2753; x_wconf 79' lang='grc' dir='ltr'><strong>Ἑϐδόμῳ.</strong></span> <span class='ocrx_word' id='word_1_755' title='bbox 1478 2719 1516 2748; x_wconf 82' lang='lat' dir='ltr'><strong>ita</strong></span> <span class='ocrx_word' id='word_1_756' title='bbox 1529 2720 1609 2749; x_wconf 86' lang='lat' dir='ltr'><strong>etiam</strong></span> <span class='ocrx_word' id='word_1_757' title='bbox 1624 2720 1772 2755; x_wconf 87' lang='lat' dir='ltr'><strong>Nicephor.</strong></span> <span class='ocrx_word' id='word_1_758' title='bbox 1794 2721 1865 2750; x_wconf 85' lang='lat' dir='ltr'><strong>Call.</strong></span> 
     </span>
     <span class='ocr_line' id='line_1_117' title="bbox 1084 2752 1341 2786; baseline 0 -6"><span class='ocrx_word' id='word_1_759' title='bbox 1084 2752 1131 2780; x_wconf 92' lang='lat' dir='ltr'><strong>lib.</strong></span> <span class='ocrx_word' id='word_1_760' title='bbox 1148 2760 1202 2784; x_wconf 85' lang='lat' dir='ltr'><strong>xtv,</strong></span> <span class='ocrx_word' id='word_1_761' title='bbox 1219 2760 1279 2786; x_wconf 89' lang='lat' dir='ltr'><strong>cap.</strong></span> <span class='ocrx_word' id='word_1_762' title='bbox 1297 2753 1341 2780; x_wconf 72' lang='grc'><strong>47.</strong></span> 
     </span>
    </p>
   </div>
   <div class='ocr_carea' id='block_1_117' title="bbox 1121 2787 1869 2827">
    <p class='ocr_par' dir='ltr' id='par_1_117' title="bbox 1121 2787 1869 2827">
     <span class='ocr_line' id='line_1_118' title="bbox 1121 2787 1869 2827; baseline 0.007 -13"><span class='ocrx_word' id='word_1_763' title='bbox 1121 2787 1175 2822; x_wconf 78' lang='lat'><strong>(90)</strong></span> <span class='ocrx_word' id='word_1_764' title='bbox 1191 2787 1438 2827; x_wconf 59' lang='grc' dir='ltr'><strong>Κατᾳψηξίζεται.</strong></span> <span class='ocrx_word' id='word_1_765' title='bbox 1465 2790 1761 2827; x_wconf 25' lang='grc' dir='ltr'>Μαι-σείιίιιυεψοοωεε,</span> <span class='ocrx_word' id='word_1_766' title='bbox 1773 2791 1869 2820; x_wconf 80' lang='lat' dir='ltr'><strong>Victor</strong></span> 
     </span>
    </p>
   </div>
   <div class='ocr_carea' id='block_1_118' title="bbox 1086 2822 1868 2862">
    <p class='ocr_par' dir='ltr' id='par_1_118' title="bbox 1086 2822 1868 2862">
     <span class='ocr_line' id='line_1_119' title="bbox 1086 2822 1868 2862; baseline 0.01 -15"><span class='ocrx_word' id='word_1_767' title='bbox 1086 2822 1290 2862; x_wconf 43' lang='lat' dir='ltr'><strong>Titanum-usis,</strong></span> <span class='ocrx_word' id='word_1_768' title='bbox 1306 2823 1460 2862; x_wconf 58' lang='lat' dir='ltr'><strong>Chronico&quot;,</strong></span> <span class='ocrx_word' id='word_1_769' title='bbox 1474 2826 1632 2862; x_wconf 69' lang='lat' dir='ltr'><strong>Alexandr.,</strong></span> <span class='ocrx_word' id='word_1_770' title='bbox 1642 2822 1803 2862; x_wconf 27' lang='lat' dir='ltr'><strong>Theoph‘an.</strong></span> <span class='ocrx_word' id='word_1_771' title='bbox 1819 2835 1868 2856; x_wconf 75' lang='lat' dir='ltr'><strong>an.</strong></span> 
     </span>
    </p>
   </div>
   <div class='ocr_carea' id='block_1_119' title="bbox 1085 2856 1515 2891">
    <p class='ocr_par' dir='ltr' id='par_1_119' title="bbox 1085 2856 1515 2891">
     <span class='ocr_line' id='line_1_120' title="bbox 1085 2856 1515 2891; baseline 0.005 -6"><span class='ocrx_word' id='word_1_772' title='bbox 1085 2856 1121 2885; x_wconf 67' lang='grc' dir='ltr'><strong>ιε</strong></span> <span class='ocrx_word' id='word_1_773' title='bbox 1134 2856 1291 2891; x_wconf 86' lang='lat' dir='ltr'><strong>Theodosii,</strong></span> <span class='ocrx_word' id='word_1_774' title='bbox 1304 2861 1332 2885; x_wconf 83' lang='lat' dir='ltr'><strong>et</strong></span> <span class='ocrx_word' id='word_1_775' title='bbox 1349 2859 1359 2886; x_wconf 83' lang='grc' dir='ltr'><strong>ί</strong></span> <span class='ocrx_word' id='word_1_776' title='bbox 1377 2859 1515 2887; x_wconf 77' lang='lat' dir='ltr'><strong>Marciani.</strong></span> 
     </span>
    </p>
   </div>
  </div>
