2082 3153
217 157 282 192 12M

828 160 1029 192 ANNALIUM
1052 160 1125 190 LIB.
1148 159 1233 191 XIII-

1770 158 1842 192 120?.

216 217 264 244 καὶ
277 216 302 243 οι
318 215 418 252 χάρται
443 216 482 252 τῷ
495 217 588 252 στήθει
600 217 650 252 τῆς
664 217 803 253 μάρτυρος
818 219 1000 250 ἐπιτίθενται,

1053 218 1142 250 niunt,
1171 218 1335 253 imperatore
1359 216 1415 252 48
1443 216 1525 245 etiam
1563 221 1708 252 pnesentc.
1746 224 1842 252 aperto

215 264 263 291 καὶ
285 263 300 290 ό
314 262 389 294 λίθος
414 262 492 295 αὖθις
515 265 549 300 τῃ
577 263 695 299 λάρνακι
720 265 923 300 ἑπενήνεκται,
954 266 1002 292 καὶ

214 307 398 344 σψραγίξεται
421 309 468 336 ὑπ’
484 309 585 344 ἀμφοῖν
599 310 655 336 τοῖν
667 311 770 345 μεροῖν.
785 309 822 337 Τὸ
839 310 861 336 δ’
876 309 1002 337 ιντεῦθεν

215 355 317 382 incolat
349 355 417 390 πρὸς
430 355 476 382 τὸν
489 355 556 383 Θεὸν
572 356 620 382 καὶ
643 355 751 391 δεήσεις
763 355 919 391 παννύχιοι,
935 356 1003 382 ἁπο-

214 399 334 435 καλύψαι
356 400 399 432 τίς
428 401 504 436 αὖτῷ
523 401 578 428 τῶν
596 401 684 434 δοξῶν
711 401 882 437 καταθύμιος
897 402 944 428 καὶ
960 401 1002 433 τίς

219 446 381 482 ἀποϐλητέα
391 446 475 474 δοκεῖ.
493 447 548 474 Καὶ
578 448 649 481 μετὰ
675 448 772 482 τρίτην
787 448 896 483 ἡμέραν
911 447 1004 483 συνέρ.

213 500 319 528 χονται,
346 493 414 529 μηδὲ
442 493 490 520 τοῦ
517 493 653 528 βασιλέως
685 493 898 529 ἀπολειφθέντος
915 515 923 528 ,
956 494 1003 522 καὶ

213 538 370 574 ἀνοιγεῐσης
399 539 449 574 τῆς
468 538 605 574 λάρνακος
621 559 630 573 ,
664 540 720 566 τῶν
749 539 909 575 θαυμασίων
931 548 978 566 σου
993 560 1001 573 ,

213 583 311 619 Κύριε,
338 584 439 619 εὑρέθη
453 586 467 611 ό
483 585 533 619 μιν
555 585 610 612 τῶν
629 585 778 620 αἱρετικῶν
802 587 885 622 τόμος
904 587 933 613 ἐν
946 588 1002 619 τοις

213 631 280 657 ποσὶ
304 631 354 666 τῆς
388 631 528 667 μάρτυρος
560 631 690 667 κείμενος
708 653 716 666 ,
740 633 754 659 ό
771 633 799 659 δέ
813 641 844 667 γε
861 633 954 664 λοιπός
968 634 1001 668 τῇ

212 676 288 712 δεξιᾷ
303 676 405 711 ταύτης
419 677 492 712 χειρὶ
506 678 701 713 κατεχόμενος,
713 679 746 715 ἠν
762 680 882 706 ἐκτεῖναι
893 679 1003 713 λέγεται

213 722 283 757 πρὸς
305 722 352 749 τὸν
379 722 495 758 βασιλέα
519 724 566 751 καὶ
594 724 640 751 τὸν
668 725 843 760 πατριάρχην
859 725 903 752 τὸν
920 726 1003 760 τόμον

212 769 308 800 αὑτοίς
334 769 538 804 ιγχιιρίζουσα.
564 770 597 797 0i
615 770 665 804 μὲν
686 768 733 797 οὖν
759 771 789 798 τὸ
814 771 894 805 ὀρθὸν
936 779 1004 807 πρε-

212 813 359 846 σῦεύοντις
387 815 478 850 δόγμα
505 813 577 851 ἦσαν
602 816 632 843 ιν
655 816 818 852 κρότοις,οῐ
845 817 874 844 δι
897 817 1003 849 τούτοις

210 859 433 895 ἕτερογνώμονες
443 859 634 895 κατηφιῶντε;
642 860 690 887 καὶ
702 860 797 892 σκότος
812 861 860 888 ὑπ’
871 861 1003 896 αἰσχύνης

212 904 408 940 περιχυθέντες
433 905 605 940 ἀπήλθοσαν·
640 906 714 938 τινὲς
728 907 752 934 6'
774 908 807 934 ἐκ
835 907 940 935 τούτων
955 908 1001 934 καὶ

212 950 282 984 πρὸς
304 950 334 976 τὸ
360 950 502 986 ὀροόδοξον
532 951 724 987 μετεϐάλοντο.
757 953 837 980 Κατὰ
865 954 912 981 τον
940 954 1000 981 τότε

213 996 314 1031 χρόνον
331 996 376 1022 καὶ
404 997 420 1032 ὴ
439 996 548 1031 βασιλὶς
572 998 725 1034 Πουλχερία
747 999 860 1034 θνήσκει
882 1001 1002 1033 ιὺσεδῶς

211 1050 241 1068 τε
267 1043 315 1069 καὶ
335 1042 466 1074 εὐκλεῶς.
489 1043 536 1070 καὶ
558 1044 602 1070 ἐπ’
620 1044 715 1072 ἐλπίσι
740 1046 884 1081 χρησταῖς.
910 1046 1002 1073 Πάντα

211 1089 268 1124 γὰρ
291 1089 337 1115 τὸν
357 1089 473 1115 πλοῦτον
499 1090 585 1123 αὐτῆς
604 1090 724 1125 διένειμε
750 1092 860 1126 πένησι,
895 1093 942 1118 καὶ
963 1091 1002 1126 τῷ

211 1134 280 1169 πρὸς
292 1134 404 1166 τούτους
428 1135 496 1169 ἐλέῳ
527 1136 572 1162 τὶν
589 1135 634 1162 τοῦ
662 1136 730 1163 Θεοῦ
763 1138 899 1172 ὲκτήσατο
915 1137 1001 1164 ἔλεον.

212 1180 436 1212 οὒαλεντινιανὺς
448 1181 476 1207 δὲ
488 1182 501 1208 ὁ
513 1181 624 1216 ἀνεψιὶς
657 1182 799 1217 Ὀνωρίου,
828 1179 858 1209 οὗ
879 1184 934 1210 ἀνω
952 1193 1001 1210 που

212 1226 490 1262 ιπεμνήσθημεν,ὡς
519 1228 551 1254 lx
576 1227 627 1261 τῆς
643 1228 763 1263 ἀδελφῆς
792 1228 876 1256 αὑτοῦ
906 1238 1002 1264 γεννη-

213 1272 306 1304 θέντος
324 1272 375 1306 τῆς
388 1273 545 1305 Πλακιδίας,
563 1273 717 1308 βασιλεύων
731 1275 759 1300 ὲν
772 1276 806 1311 τῇ
821 1275 1001 1311 πρεσϐυτέρᾳ

219 1317 325 1354 Ῥώμῃ.
341 1317 438 1352 ἄγιται
467 1319 508 1350 είς
540 1320 658 1353 γυναῖκα
692 1320 822 1352 Εὐδοξίαν
848 1321 898 1356 τὴν
920 1322 1002 1348 παῖδα

212 1363 261 1388 τοῦ
279 1363 341 1390 νέου
372 1363 524 1391 Θεοδοσίου.
559 1365 809 1401 Ἐκδεδιῃτημένως
832 1367 860 1394 δὲ
879 1367 1002 1402 βιώσκων

213 1409 262 1435 καὶ
289 1408 423 1442 ἀσελγῶς,
439 1410 489 1444 τὴν
518 1410 569 1444 μιν
581 1411 687 1437 οἰκείαν
702 1411 826 1447 γαμετὴν
841 1412 896 1443 εἴα.
913 1412 1002 1439 καίτοι

213 1452 330 1485 κάλλους
350 1451 380 1480 εὖ
400 1453 527 1489 ἔχουσαν,
555 1454 709 1490 ἀλλοτρίαις
729 1455 758 1482 δὲ
791 1456 1000 1491 συνεφθείρετου

213 1498 349 1534 ἐκέχρητο
370 1498 400 1526 δι
421 1499 469 1525 καὶ
495 1500 639 1534 μαντείαις
671 1500 719 1526 καὶ
746 1501 897 1536 γοητείαις.
924 1501 1003 1528 Οὕτω

1053 264 1155 294 loculo,
1171 272 1187 291 ο
1203 271 1258 291 rem
1273 264 1388 290 miranti
1406 262 1518 291 libellus
1532 263 1726 291 haereticorum
1741 264 1774 291 ad
1795 273 1842 299 pe-

1052 309 1102 337 des
1119 309 1248 346 martyris
1265 310 1416 341 invenitur.
1431 309 1500 337 alter
1517 309 1545 337 in
1560 317 1642 337 manu
1659 309 1719 345 ejus
1733 309 1841 341 dextra,

1054 361 1136 388 quam
1151 354 1307 381 extendisse
1322 354 1412 381 fertur
1426 353 1459 381 ad
1477 355 1671 389 imperatorem
1686 360 1714 381 et
1727 354 1843 390 patriar-

1053 399 1146 430 cliam,
1168 407 1201 427 ac
1227 400 1351 427 libellum
1381 400 1422 427 eis
1447 400 1616 436 porrexiSse.
1639 399 1734 435 itaque
1761 405 1842 428 recta:

1053 446 1196 473 sentcntim
1230 450 1383 473 assertoms
1417 445 1563 480 plaudere,
1595 446 1746 473 alversarii
1776 453 1842 473 vero

1053 491 1181 520 demissis
1197 491 1320 520 vultibus
1331 496 1359 518 et
1371 499 1426 526 pne
1438 491 1542 526 pudore
1556 491 1738 527 caligantibus
1750 491 1838 523 abire,

1052 537 1164 573 quidam
1190 536 1273 564 etiam
1303 544 1396 564 veram
1431 537 1596 564 sententiam
1630 537 1782 572 amplecti.-
1803 537 1841 564 Eo

1053 585 1177 617 tempore
1195 581 1341 609 Pulcbcria
1359 580 1518 615 imperalris
1535 580 1589 615 pie,
1605 580 1722 615 gloriose
1737 586 1839 607 etcum

1053 635 1100 664 spe
1115 627 1186 655 bona
1202 627 1328 659 moritur,
1345 633 1441 653 omnes
1455 633 1520 653 suas
1541 632 1609 660 opes
1626 625 1752 661 dilargita
1773 633 1841 661 pau-

1053 675 1180 710 peribus.
1197 679 1226 702 et
1245 672 1435 701 misericordia
1451 679 1515 707 erga
1537 672 1598 699 illos
1620 671 1713 699 divina
1736 672 1842 699 miscri-

1053 720 1146 749 cordia
1163 719 1315 755 redempta.
1331 717 1542 746 Valentinianus
1557 725 1635 750 vero,
1650 718 1730 753 cujus
1759 725 1840 752 supra

1053 766 1143 794 obiter
1154 770 1197 793 est
1215 765 1286 793 facta
1301 765 1420 797 mentio,
1442 763 1558 791 Honorii
1573 772 1588 792 c
1606 771 1701 791 sorore
1721 763 1840 791 Placidia

1054 819 1149 846 nepos,
1168 811 1261 838 Romae
1280 811 1382 838 veteris
1398 809 1559 845 imperator,
1583 809 1734 836 Eudoxiaat
1747 808 1842 844 junio-

1054 857 1093 885 ris
1105 856 1253 884 Theodosii
1273 856 1355 883 ﬁliam
1371 863 1486 883 uxorem
1505 855 1592 883 ducit.
1610 854 1664 882 Sed
1684 854 1767 881 homo
1779 854 1842 880 Viitl‘.

1053 902 1196 930 insolentis
1221 907 1249 930 et
1263 902 1422 938 ﬂagitiose.
1439 901 1541 929 omissa
1556 901 1673 936 conjuge
1684 921 1692 932 ,
1715 899 1842 935 quamvis

1053 949 1168 985 eleganti
1187 949 1285 980 forma,
1299 949 1327 976 in
1342 947 1446 983 stupris
1459 952 1488 975 et
1498 947 1642 974 adulteriis
1652 946 1841 977 volutabatur,

1053 995 1271 1023 divinatiouibus
1303 995 1388 1022 etiam
1422 998 1451 1022 et
1480 993 1626 1029 praestigiis
1654 992 1774 1020 deditus.
1807 992 1843 1019 Ut

1052 1041 1136 1076 igitur
1154 1040 1238 1068 vitam
1253 1040 1352 1076 agebat
1369 1039 1516 1075 nefariam,
1528 1039 1565 1066 ita
1579 1038 1765 1066 miserabilem
1782 1044 1843 1066 sor-

1054 1086 1121 1114 titus
1134 1091 1175 1114 est
1199 1086 1352 1114 interitum.
1370 1086 1504 1114 Maximus
1528 1085 1614 1116 enim,
1633 1084 1765 1119 patricius
1776 1083 1832 1110 Ro-

1054 1140 1165 1165 manus,
1191 1140 1224 1160 ex
1247 1132 1321 1160 illius
1339 1132 1449 1159 Maximi
1468 1131 1570 1158 familia
1593 1137 1675 1164 quem
1697 1129 1842 1165 tyrannide

1053 1184 1184 1215 occupata
1205 1186 1320 1214 magnus
1333 1177 1508 1205 Theodosius
1523 1176 1690 1208 debellarat,
1711 1174 1841 1210 palatium

1054 1227 1209 1260 ingressus.
1234 1224 1458 1253 Valentinianum
1488 1223 1618 1258 perimit.
1638 1221 1788 1250 Eudosiam
1815 1220 1841 1247 vi

1054 1276 1170 1304 stuprat.
1188 1271 1333 1305 imperium
1353 1269 1468 1296 invadit.
1485 1269 1520 1296 At
1538 1268 1593 1300 illa,
1608 1267 1748 1294 Thorlosio
1764 1270 1842 1301 patre

1053 1321 1173 1348 mortuo,
1201 1315 1344 1344 Pulclieria
1372 1315 1437 1341 item
1468 1313 1615 1345 defuncta,
1642 1320 1702 1339 cum
1735 1310 1840 1339 nullum

1053 1362 1138 1389 alium
1173 1362 1282 1397 injuria:
1309 1360 1448 1388 vindicem
1475 1364 1618 1395 speraret.
1638 1366 1654 1386 a
1671 1356 1842 1386 Geusericiio

1055 1408 1240 1436 Vandalorum
1257 1415 1320 1443 rege
1335 1406 1465 1442 precibus
1482 1406 1627 1440 impetrat.
1653 1409 1683 1432 ut
1705 1411 1754 1439 per
1776 1410 1840 1430 eum

1053 1463 1068 1482 a
1084 1455 1192 1482 Maximi
1207 1453 1352 1490 tyrannide
1366 1453 1509 1480 liberetur.
1531 1451 1557 1479 is
1571 1451 1654 1487 igitur
1673 1458 1735 1477 eutn
1754 1449 1841 1477 classe

1054 1505 1082 1528 et
1094 1501 1182 1535 copiis
1195 1499 1302 1535 magnis
1317 1499 1432 1527 Romam
1447 1498 1533 1530 venit,
1550 1497 1678 1526 Maximo.
1697 1503 1759 1522 eum
1779 1494 1843 1522 inde

212 1543 243 1570 δι
272 1544 398 1579 βιώοκων
429 1544 480 1571 οὐκ
507 1544 625 1578 εὐαγῶς,
661 1546 831 1572 ἁποόιώσκει
863 1547 998 1578 tissimi);

1053 1546 1237 1582 profugisset,
1253 1554 1268 1572 a
1285 1545 1342 1573 suis
1356 1545 1459 1576 occiso,
1476 1544 1545 1571 urbe
1561 1544 1631 1571 citra
1655 1542 1776 1570 laborem
1790 1549 1841 1577 po-

212 1588 340 1623 Μέιειμος
354 1590 409 1624 γὰρ
426 1587 467 1620 εἷς
483 1589 537 1617 τῶν
554 1590 582 1616 ἐν
594 1590 626 1625 τῇ
642 1589 737 1626 Ῥώμῃ
746 1590 910 1625 πατρικίων,
921 1590 1002 1624 ἔγγο-

213 1642 257 1665 νος
268 1635 296 1661 δὲ
305 1635 352 1661 τοῦ
365 1635 448 1662 πάλαι
459 1637 678 1670 τυραννήσαντος
693 1637 833 1671 Μαξίμου.
847 1636 877 1662 ὃν
888 1637 902 1662 ό
914 1636 1001 1671 μέγας

213 1680 424 1716 κατεπολέμησε
458 1681 622 1713 Θεοδόσιος,
652 1682 728 1708 ἔνδον
762 1682 817 1708 τῶν
856 1682 1002 1717 βασιλείων

213 1727 361 1762 γενόμενος
380 1727 410 1754 ιν
420 1726 513 1759 αὐτοῖς
527 1727 573 1754 τὸν
584 1728 806 1755 Οὐαλεντινιανὸν
820 1729 1000 1763 ἀποσφάττει,

213 1773 262 1799 καὶ
277 1773 311 1807 τῇ
329 1772 443 1807 Εῡδοξία
462 1772 508 1807 βίᾳ.
521 1773 720 1807 συμμίγνυται,
736 1775 782 1800 καὶ
795 1774 845 1808 τῆς
863 1774 1003 1809 βασιλείας

213 1818 320 1852 κρατεῖ.
329 1818 360 1843 'H
377 1817 406 1843 at
426 1817 473 1843 τοῦ
491 1819 594 1852 πατρὸς
609 1818 693 1852 αὐτῆς
707 1819 848 1845 Θεοδοσίου
864 1819 1001 1853 θανᾶντος,

214 1864 262 1890 καὶ
276 1863 328 1898 τῆς
341 1863 509 1898 Πουλχερίις
525 1864 738 1898 ὲκμετρησάσης
748 1864 849 1898 τὸίζῇν,
863 1865 1003 1900 ἐκδίκησιν

214 1909 353 1946 ἑτέρωθεν
367 1909 406 1945 μὴ
421 1910 569 1941 ἐλπίζουσα
584 1910 847 1945 διαπέμπεταιπρδς
862 1911 1003 1946 Γιζέριχον

213 1956 270 1983 τῶν
293 1956 456 1989 Οὖανδήλων
486 1956 558 1990 ρἧα
585 1955 770 1990 καλούμενον,
795 1956 843 1982 καὶ
867 1957 918 1992 τῆς
953 1957 1001 1984 τοῦ

214 2048 318 2083 παρεϊ’
339 2048 389 2074 καὶ
403 2047 433 2078 ὃς
450 2048 542 2073 ἔπεισι
558 2048 591 2082 τῇ
614 2046 707 2083 Ῥώμῃ
731 2047 779 2074 σὺν
796 2048 835 2082 τῷ
850 2049 937 2083 στόλῳ
955 2049 1003 2075 καὶ

213 2094 330 2128 δυνάμει
359 2093 456 2128 πολλῇ.
476 2094 506 2120 '0
519 2094 547 2120 δὲ
564 2093 690 2128 Μάξιμος
711 2094 816 2128 ἀπέδρα
829 2094 940 2128 ταύτης,
955 2095 1003 2120 καὶ

215 2135 353 2163 κτείνεται
372 2137 450 2171 παρὰ
474 2136 529 2163 τῶν
553 2137 689 2163 συνόντων
705 2137 790 2171 αὐτῷ.
808 2137 837 2163 ’0
850 2137 878 2164 δὲ.
897 2138 1003 2173 Γιζέρι-

215 2189 263 2216 χος
279 2180 319 2216 (7)
339 2181 447 2212 ἀπόνως
459 2181 508 2214 τῆς
517 2181 628 2215 Ῥώμης
644 2182 750 2216 κρατεῖ,
763 2182 810 2209 καὶ
828 2183 874 2208 τὸν
886 2182 1003 2209 πλοῦτον

215 2225 301 2261 αὐτῆς
316 2227 553 2261 συγκομισάμενος
582 2226 703 2257 ἅπαντα,
729 2229 777 2253 καὶ
795 2228 829 2253 τὰ
851 2227 905 2254 τῶν
919 2229 999 2255 θείων
1019 2219 1041 2247 Ῐ)

215 2271 287 2298 ναῶν
303 2271 469 2306 ἀναθήματα
486 2272 518 2298 ὲκ
537 2271 637 2308 χρυσοῦ
662 2273 837 2307 πεποιημένα
854 2273 901 2300 καὶ
914 2275 1000 2308 λίθοις

215 2316 407 2352 κοσμούμενα,
426 2318 473 2344 καί
486 2325 550 2344 τινα
565 2318 619 2344 τῶν
631 2318 708 2353 παρὰ
734 2318 816 2345 Τίτου
835 2322 1000 2355 κοσμισθέν-

215 2372 271 2390 των
285 2363 315 2396 ἐξ
332 2363 529 2398 Ἱεροσολύμων
542 2365 647 2390 σκευῶν
664 2364 712 2390 τοῦ
729 2365 821 2391 ἐκεῖσε
848 2366 923 2398 ναοῦ,
945 2367 1003 2402 ειρ-

215 2408 344 2443 γασμένα
370 2409 418 2435 καὶ
449 2409 520 2435 αὐτὰ
535 2409 567 2434 ἐκ
581 2408 697 2443 χρυσοῦ,
715 2409 806 2435 λαὸὼν
831 2410 860 2436 δὲ
873 2411 920 2437 καὶ
953 2411 1004 2446 τὴν

216 2455 346 2487 Εὐδοξὶαν
363 2455 411 2481 σὺν
424 2455 483 2486 ταῖς
497 2455 544 2481 δύο
560 2454 727 2490 θυγατράσιν
740 2455 828 2490 αὐτῆς
852 2457 1004 2492 ἐπανῆλθεν

216 2501 409 2536 εἰςἋφρικήν.
424 2501 479 2528 Καὶ
489 2500 538 2535 τὴν
554 2500 603 2534 μὲν
616 2501 671 2526 τῶν
679 2501 840 2536 θυγατέρων
853 2502 939 2536 αὐτῆς
953 2503 1005 2538 τὴν

218 2547 349 2574 Εὐδοκίαν
356 2547 396 2582 τῷ
411 2546 589 2582 πρεσϐυτέρῳ
601 2546 656 2572 τῶν
672 2547 781 2573 οἰκείων
795 2547 862 2574 υῑῶν
871 2547 1003 2584 Ὀνορίχῳ

219 2593 375 2627 συνέζευξε,
396 2593 445 2628 τὴν
456 2592 485 2619 δέ
506 2601 539 2627 γε
566 2592 664 2628 λοιπὴν
682 2592 778 2628 μαθὼν
792 2594 871 2629 ἀνδρὶ
900 2603 1005 2630 κατηγ-

217 2638 338 2673 γυῆσθαι
359 2638 398 2673 τῷ
428 2638 566 2673 πατρικίῳ
594 2637 747 2673 “ολυ6ρίῳ,
778 2639 872 2674 ἐτήρει
895 2640 944 2666 σὺν
970 2641 1004 2675 τῇ

220 2686 304 2720 μητρὶ
325 2685 448 2720 Εὑδοξία,
470 2684 535 2711 ἔνθα
566 2684 613 2711 δύο
637 2684 807 2718 διαγαγοῦσα
835 2686 1004 2722 ινιαυτοὺςή

218 2730 324 2766 βασιλὶς
350 2731 463 2764 Εὺδοξία
491 2730 646 2765 ἐπανῆλθεν
662 2731 702 2763 είς
716 2731 746 2758 τὸ
762 2731 910 2763 Βυζάντιον
932 2733 1003 2767 μετὰ

1054 1593 1133 1623 titur,
1161 1596 1189 1619 et
1209 1598 1307 1618 omnes
1328 1591 1390 1626 ejus
1415 1590 1545 1620 divitias,
1571 1596 1712 1616 sacrarum
1739 1588 1839 1616 adium

1053 1646 1136 1665 aurea
1154 1638 1268 1665 donaria
1284 1642 1312 1664 et
1341 1636 1458 1673 gemmis
1474 1641 1583 1667 ornata,
1604 1635 1735 1662 nonnulla
1758 1634 1841 1662 etiam

1053 1693 1118 1712 vasa
1133 1693 1148 1712 c
1168 1684 1270 1719 tetnplo
1299 1682 1549 1718 Hierosolymitano
1572 1689 1586 1708 a
1608 1680 1671 1708 Tito
1686 1680 1779 1710 allata.
1795 1687 1842 1706 au-

1054 1737 1099 1757 rea
1128 1734 1156 1757 et
1180 1729 1250 1764 ipsa,
1283 1735 1337 1755 tina
1361 1735 1424 1755 eum
1450 1726 1572 1753 Eudoxia
1597 1730 1626 1752 et
1651 1723 1758 1751 duabus
1777 1724 1837 1756 eius

1055 1775 1164 1802 ﬁliabus
1183 1774 1210 1801 in
1231 1773 1352 1801 Africam
1377 1779 1471 1800 secum
1496 1774 1629 1806 asportat.
1650 1769 1736 1804 Cujus
1759 1768 1841 1796 tiliam

1054 1821 1204 1848 Eudociam
1222 1824 1288 1846 natu
1305 1818 1402 1853 majori
1423 1817 1477 1844 ﬂlio
1492 1816 1651 1843 llonnriclto
1671 1815 1786 1850 jungit:
1803 1815 1842 1841 al-

1053 1869 1151 1895 teram.
1166 1865 1231 1899 quia
1253 1864 1366 1899 Olybrio
1391 1862 1509 1897 patricio
1525 1861 1690 1896 desponsam
1718 1864 1843 1889 noverat.

1054 1918 1115 1938 cum
1132 1915 1220 1937 matre
1236 1913 1372 1937 asservat.
1385 1908 1451 1941 Qua:
1468 1904 1531 1934 cum'
1546 1906 1689 1933 biennium
1712 1905 1749 1931 ibi
1772 1905 1843 1939 cgis‘

1054 1960 1105 1987 set,
1123 1962 1186 1982 cum
1209 1954 1263 1981 filia
1278 1953 1410 1985 Placidia,
1427 1956 1562 1987 regnante
1574 1952 1666 1978 adhuc
1695 1951 1842 1980 Marciano,

1053 2001 1214 2036 Byzantium
1238 1998 1404 2030 revertitur,
1422 1997 1517 2024 relicta
1531 1996 1585 2024 lilia
1612 1995 1732 2022 Eudoeia
1747 2014 1754 2025 .
1770 2002 1842 2029 quae.

1053 2046 1180 2081 quamvis
1207 2052 1296 2072 annos
1316 2052 1359 2071 svi
1383 2051 1447 2070 cum
1467 2042 1567 2069 marito
1594 2041 1708 2068 vixisset
1722 2060 1729 2072 ,
1749 2040 1844 2076 genito

1054 2092 1214 2120 llildericlto
1246 2091 1323 2122 ﬁlio,
1353 2094 1445 2117 tamen
1472 2088 1532 2123 ejus
1555 2086 1783 2114 consuetudinem
1807 2085 1843 2112 oh

1053 2138 1238 2166 Arianismum
1254 2143 1325 2171 aegre
1339 2135 1446 2166 ferens,
1463 2137 1542 2160 nacta
1559 2131 1790 2166 opportunitatem
1816 2135 1845 2157 et

1055 2184 1112 2219 ipsa
1130 2180 1400 2215 Constantinopolim
1419 2178 1540 2207 secedit.
1558 2183 1644 2205 matre
1661 2177 1717 2212 jam
1742 2176 1842 2203 defun-

1056 2235 1109 2257 cta.
1124 2228 1189 2256 Inde
1208 2226 1395 2263 Hierosolyma
1407 2224 1462 2261 ω
1475 2224 1609 2259 profecta.
1623 2222 1751 2250 moritur.
1767 2221 1844 2249 Obiit

1056 2280 1084 2303 et
1109 2274 1275 2306 Marcianus,
1293 2280 1356 2301 cum
1371 2279 1459 2299 annos
1485 2278 1533 2298 sex
1555 2275 1583 2297 et
1602 2269 1709 2303 aliquot
1735 2275 1844 2295 menses

1057 2321 1235 2356 imperasset,
1255 2319 1314 2346 sive
1333 2326 1368 2346 ex
1384 2318 1499 2350 morbo,
1527 2317 1586 2344 sive
1606 2323 1713 2342 veneno
1731 2314 1845 2349 Asparis

1057 2366 1167 2402 patricii
1185 2370 1254 2393 nutu
1274 2365 1349 2395 dato,
1364 2363 1513 2401 admodum
1527 2369 1630 2394 senex,
1657 2362 1698 2388 vir
1715 2360 1775 2387 miti
1802 2360 1843 2387 in-

1055 2412 1136 2448 genio
1153 2415 1182 2439 et
1199 2418 1263 2446 erga
1279 2410 1407 2438 subditos
1429 2409 1567 2443 benignus
1584 2417 1591 2435 :
1607 2408 1700 2435 dicere
1723 2406 1822 2434 solitus
1834 2427 1841 2437 .

1057 2457 1218 2493 imperatori
1243 2464 1298 2484 non
1313 2455 1447 2491 capienda
1462 2462 1524 2482 esse
1547 2461 1638 2485 arma,
1660 2453 1724 2479 dum
1746 2459 1841 2487 pacem

1056 2511 1137 2539 agere
1154 2503 1260 2530 liceret.
1275 2502 1363 2537 Aspar
1377 2500 1527 2536 patricius,
1545 2499 1597 2526 etsi
1620 2498 1736 2526 multum
1762 2502 1841 2533 pote-

1057 2554 1118 2580 rat.
1133 2557 1187 2576 non
1212 2553 1303 2576 tamen
1323 2548 1474 2583 imperator
1497 2550 1607 2574 creatus
1628 2549 1670 2573 est
1694 2552 1710 2571 a
1740 2543 1843 2579 populo

1055 2595 1383 2630 Constantinopolitano,
1403 2594 1439 2621 ob
1468 2594 1576 2620 Arianae
1599 2596 1681 2620 seetse
1707 2590 1841 2618 studium.

1055 2641 1146 2674 Quare
1166 2641 1224 2676 ipse
1238 2640 1370 2671 Leonem,
1387 2640 1445 2667 sive
1460 2642 1557 2674 suapte
1576 2637 1758 2668 auctoritate,
1783 2636 1841 2664 sive

1056 2691 1169 2721 accepta
1184 2695 1198 2714 a
1212 2686 1314 2722 popqu
1330 2689 1477 2720 potestate,
1492 2685 1685 2719 imperatorem
1700 2683 1821 2711 declarat
1832 2703 1840 2716 ,

1055 2732 1216 2768 stipulatus,
1236 2735 1266 2759 ut
1287 2731 1357 2759 alter
1377 2731 1496 2758 liliorum
1511 2737 1625 2757 suorum
1647 2728 1771 2758 Caesarea
1795 2734 1842 2756 co—

797 2801 897 2832 Varite
918 2801 1075 2833 lectiones
1087 2805 1118 2833 et
1139 2806 1234 2834 notae.

256 2862 294 2897 (ἲ)
309 2863 469 2898 Γιζέριχος.
484 2863 535 2896 Qui
552 2862 698 2898 Ceysiricus
727 2863 842 2892 Eusebio
857 2864 884 2892 in
910 2864 1060 2898 Chronico,
1079 2865 1233 2894 Genscricus
1248 2863 1356 2893 ueteris
1369 2863 1564 2897 scriptoribus.
