4070 6214
332 325 877 335 ——_.————_
884 321 1607 334 ——-————_———————.—
1615 318 1900 328 ———————~—
2307 315 2903 328 __

1597 357 1720 367 ~-

849 523 1597 658 ΙΩΑΝΝΟΥ
1685 523 2032 658 ΤΟΥ
2109 520 2926 654 ΑΣΚΗΤΟΥ

560 782 1341 1021 ΤΟΥ
1582 780 3213 1020 ΖΩΝΑΡΑ

400 1108 804 1164 ΓΕΓΟΝΟΤΟΣ
862 1110 1000 1164 ΤΟΥ
1057 1110 1384 1164 ΜΕΓΔΛΟΥ
1451 1110 1922 1163 ΔΡΟΥΙΤΛΡΙΟΥ
1996 1111 2130 1190 ΤΗΣ
2201 1110 2470 1176 ΒΙΓΑΑΣ,
2539 1110 2658 1162 ΚΑΙ
2733 1106 3367 1173 ΠΡΩΤΟΑΣΠΚΡΗΤῙΣ,

1147 1279 2628 1486 XPONIKON.
2701 1349 2705 1353 ι

657 1605 3104 1979 ,ΙΟΑΝΝΙΞ-ΖΟΝΑΒΧΕ

757 2317 1018 2378 MAGNI
1062 2316 1327 2375 ANTEA
1376 2311 1705 2374 VlGlLUM
1753 2309 2156 2373 PiMSFECTl
2200 2313 2302 2372 ET
2346 2311 2661 2386 PRIMlA
2710 2310 3082 2374 SECRETlS

1205 2588 1210 2592 ε
1357 2508 2419 2689 ANNALES.

1071 2813 1447 2878 CAROLUS
1483 2813 1602 2872 DU
1633 2810 1996 2884 FRESNE,
2035 2810 2234 2873 ΗΘΜ.
2275 2811 2390 2873 DU
2429 2811 2740 2886 CANGE,

709 2949 716 2956 '
825 2937 995 2996 REGI
1026 2939 1069 2992 Α
1102 2937 1468 3004 CONSILIIS,
1513 2935 1606 2993 ET
1643 2935 1978 2991 FRANCLE
2043 2935 2234 2992 APUD
2273 2937 2634 2994 AMBIANOS
2672 2937 3036 3007 QU/ESTOR,

281 3081 696 3133 VOLFIANAM
714 3080 1095 3132 EDIT-IONEM
1125 3077 1597 3130 CUMSCRIPTIS
1610 3076 1974 3128 CODICIBUS
1991 3076 2361 3137 CONTULIT,
2383 3077 2690 3127 ΙιΔΤΙΝΔΜ
2715 3077 3103 3128 γειωιοπωι
3121 3079 3524 3144 ηεοεΝςυιτ.

1352 3184 1658 3258 ᾼΝΝΑιΕΞ
1693 3182 1908 3232 NOTIS
1945 3181 2428 3234 ILLUSTRA'VIT.

1851 3348 1920 3360 I—

1350 3461 1844 3543 DUCANGII
1923 3462 2475 3542 PRIEFATIO.

356 3641 530 3696 Nemo
559 3650 649 3697 est
687 3648 806 3696 tum
839 3657 906 3696 ex
939 3641 1140 3697 nostris
1173 3648 1288 3696 tum
1341 3642 1506 3698 etiam
1565 3645 1770 3699 exteris
1816 3641 1914 3713 (1),
1942 3643 2034 3712 qui
2092 3643 2315 3713 Regiam
2371 3643 2703 3712 scriptorum
2754 3641 3178 3713 Byzantinorum
3223 3645 3524 3702 editionem

284 3735 439 3788 velut
486 3736 746 3788 eximium
778 3733 999 3788 Gallicae
1034 3732 1454 3804 magniﬁcentiae
1483 3743 1900 3789 monumentum
1935 3747 2044 3787 non
2077 3728 2358 3800 suspiciat.
2388 3730 2678 3784 thnerito
2696 3745 2825 3784 sane
2858 3747 2922 3786 ac
2949 3731 3073 3802 jure
3099 3734 3328 3802 optimo,
3370 3749 3520 3800 cum,

310 3829 674 3889 praterqnam
699 3821 842 3892 quod
880 3822 1164 3876 historiam
1205 3822 1388 3874 minus
1415 3822 1681 3876 hactenus
1706 3833 1889 3876 notam
1920 3829 1976 3873 et
2016 3834 2139 3888 qua:
2169 3827 2250 3871 tot
2287 3833 2469 3871 rerum
2495 3817 2710 3871 eventis
2744 3818 3009 3884 varietur,
3046 3818 3386 3891 Romanique
3418 3823 3525 3876 im-

288 3906 432 3974 perii
470 3908 721 3961 universo
770 3922 910 3976 pene
941 3907 1062 3961 orbi
1103 3907 1234 3961 olim
1283 3907 1619 3962 dominantis
1661 3922 1862 3961 causas
1902 3904 2281 3960 inclinatiouis
2310 3913 2474 3974 atque
2517 3905 2692 3958 ruinae
2721 3905 2794 3957 ob
2831 3905 3023 3960 oculos
3051 3918 3342 3977 proponat,
3388 3912 3527 3980 typis

286 3991 384 4046 illa
418 4001 530 4046 tam
562 3993 907 4065 elegantibus
941 3993 1372 4061 chartarumque
1421 3993 1797 4062 magnitudine
1827 3993 2094 4047 adornata
2137 3992 2250 4045 exit
2299 3991 2352 4045 in
2388 3991 2690 4060 publicum,
2722 4003 2782 4044 ut
2816 3993 3110 4061 quamdam
3139 4011 3252 4064 pra":
3297 4012 3354 4050 se
3389 3999 3524 4052 ferat

285 4081 655 4150 maiestatem,
687 4090 744 4136 et
777 4089 1050 4151 quotquot
1079 4081 1294 4134 litteras
1325 4090 1512 4135 amant
1555 4081 1622 4135 ad
1664 4081 1751 4136 sui
1785 4080 2080 4135 lectionem
2110 4077 2515 4146 quodammodo
2553 4077 2815 4132 sollicitet
2842 4087 2897 4132 et
2938 4079 3164 4133 alliciat.
3195 4081 3264 4134 At
3292 4097 3414 4134 cum
3446 4091 3529 4134 tot

283 4167 432 4221 inter
467 4169 637 4238 Regio
669 4169 774 4222 isto
804 4169 1070 4239 apparatu
1119 4167 1380 4237 insignes,
1405 4167 1634 4222 Joannis
1671 4168 1897 4222 Zonara!
1927 4167 2167 4221 Annales
2196 4164 2384 4220 Graece
2418 4165 2585 4218 semel
2617 4165 2909 4233 minusque
2935 4163 3109 4219 nitide
3137 4166 3432 4234 impressos
3462 4185 3525 4223 ac

285 4252 342 4307 in
375 4269 620 4323 przesens
650 4255 890 4308 rariores
928 4254 1178 4324 plerique
1207 4269 1273 4307 ex
1306 4254 1540 4308 eruditis
1567 4253 1866 4309 desiderari
1910 4254 2275 4316 monuissent,
2314 4254 2396 4306 vir
2439 4252 2849 4306 illustrissimus
2878 4251 3126 4305 marcbio
3167 4253 3234 4306 de
3268 4253 3524 4320 Louvois,

285 4341 400 4410 regi
435 4341 508 4394 ab
553 4339 762 4395 intimis
806 4341 1052 4394 consiliis
1075 4347 1130 4394 et
1175 4339 1426 4403 secretis,
1461 4340 1618 4408 cujus
1645 4354 1792 4392 cura:
1823 4339 2054 4394 aediﬁcia
2091 4340 2279 4408 Regia,
2324 4349 2490 4400 artes,
2532 4338 2756 4406 ipsaque
2804 4339 3160 4408 typographia
3199 4341 3364 4408 Regia
3397 4358 3525 4410 pcr-

290 4427 455 4480 missa
481 4437 635 4492 sunt,
669 4427 725 4481 in
761 4428 903 4482 idem
935 4427 1101 4482 etiam
1135 4427 1430 4480 consilium
1462 4418 1831 4494 conspirante'
1853 4425 2226 4478 illustrissimo
2259 4424 2426 4477 fratre
2469 4423 2886 4492 archiepiscopo
2911 4425 3207 4479 Rhcmensi
3244 4442 3306 4481 ac
3347 4429 3526 4498 primo

295 4511 531 4567 Francia:
554 4515 696 4583 pari,
729 4529 830 4583 pro
862 4514 1048 4567 innato
1079 4529 1187 4567 non
1227 4511 1437 4581 vulgari
1465 4526 1593 4580 erga
1623 4511 1836 4564 litteras
1865 4510 2063 4564 affectu
2093 4518 2152 4563 ut
2179 4519 2370 4564 auctor
2396 4510 2563 4578 Regia
2593 4508 2836 4564 editione
2881 4511 3238 4580 dignissimus
3268 4515 3527 4571 ederetur

291 4601 559 4668 optimum
589 4602 791 4656 factum
827 4601 1002 4656 videri
1051 4601 1155 4654 sibi
1201 4599 1550 4670 signiﬁcavit.
1593 4598 1768 4652 llacce
1814 4597 1952 4651 mihi
1985 4596 2186 4652 deinde
2224 4596 2554 4651 demandata
2600 4596 2908 4665 provincia,
2950 4614 3056 4667 qua
3091 4601 3366 4656 doctiores
3392 4603 3526 4657 alios

288 4687 450 4757 longe
478 4689 676 4743 melius
705 4689 1068 4744 deiuncturos
1105 4689 1233 4743 licet
1267 4688 1494 4742 minime
1533 4686 1802 4752 dubitem,
1828 4702 2053 4741 manum
2096 4688 2280 4742 statim
2325 4687 2566 4749 admovi,
2628 4685 2850 4740 codices
2878 4697 3094 4743 veteres
3124 4703 3391 4758 quantum
3430 4709 3524 4761 per

290 4782 510 4842 tempus
539 4776 700 4829 licuit
731 4776 927 4845 collegi
962 4784 1017 4830 et
1054 4776 1284 4841 contuli,
1319 4783 1588 4844 notasque
1617 4774 1796 4845 adjeci
1830 4792 1845 4828 :
1878 4775 2025 4845 quod
2055 4775 2435 4845 qualecunque
2459 4784 2564 4838 est,
2593 4773 2734 4842 aequi
2766 4773 3008 4844 bonique
3050 4779 3402 4833 consulturos
3428 4779 3527 4833 be-

291 4861 489 4930 nignos
517 4862 754 4918 lectores
782 4863 1020 4918 conﬁdo.

362 4953 659 5010 Enimvero
691 4965 751 5011 ut
777 4957 846 5012 de
873 4958 1025 5013 hisce
1065 4957 1156 5027 qui
1190 4973 1341 5012 nunc
1374 4957 1645 5027 prodeunt
1675 4956 1980 5011 Annalibus
2019 4972 2082 5011 ac
2123 4956 2190 5011 de
2222 4973 2415 5011 eorum
2447 4969 2671 5014 auctore
2696 4961 2905 5015 Zonara
2936 4961 3184 5030 quzedam
3226 4961 3526 5030 praemitta-

291 5055 438 5105 mus,
473 5043 574 5098 bos
611 5047 913 5113 praesertim
958 5044 1308 5099 commendat
1336 5045 1620 5114 scriptoris
1649 5043 1912 5108 eruditio,
1949 5060 2070 5114 quae
2102 5061 2214 5097 non
2255 5060 2321 5098 ex
2368 5045 2436 5099 iis
2466 5046 2628 5099 modo
2670 5047 2850 5117 colligi
2889 5057 3092 5116 potest,
3127 5047 3222 5102 sed
3264 5048 3428 5102 etiam
3461 5066 3526 5102 cx

290 5132 418 5185 aliis
442 5148 605 5201 quam
639 5133 896 5202 plurimis
943 5133 1228 5204 operibus,
1258 5149 1493 5202 quorum
1526 5133 1761 5186 indicem
1798 5132 1991 5185 buicce
2037 5130 2347 5184 Praefationi
2384 5132 2736 5202 subiicimus;
2769 5135 2824 5186 in
2865 5134 3067 5203 quibus
3111 5150 3289 5204 neque
3339 5150 3523 5188 rerum

291 5219 662 5288 cognitionem
696 5235 874 5286 neque
905 5236 1029 5274 acre
1067 5221 1148 5274 vel
1183 5220 1418 5274 solidum
1455 5220 1727 5290 judicium
1761 5227 1820 5272 ut
1857 5234 1959 5273 nec
1989 5217 2245 5287 pietatem
2275 5217 2546 5287 quispiam
2578 5219 2876 5275 desideret:
2915 5221 3056 5288 Quin
3087 5223 3250 5277 etiam
3287 5222 3331 5278 si
3373 5231 3527 5276 nata-

290 5307 428 5360 lium
460 5309 724 5377 splendor
755 5309 1004 5378 gestique
1048 5311 1100 5363 in
1147 5310 1538 5378 imperatorum
1567 5307 1784 5377 palatiis
1817 5306 2166 5376 magistratus
2193 5305 2654 5361 existimationem
2686 5309 2924 5378 aliquam
2952 5311 3205 5379 scriptori
3234 5310 3526 5365 conciliare

288 5407 545 5464 possunt,
573 5396 722 5466 quod
745 5411 906 5450 nemo
939 5397 1078 5450 forte
1104 5397 1156 5450 in
1190 5396 1420 5450 dubium
1450 5395 1813 5459 revocaverit,
1843 5394 1911 5448 de
1954 5396 2046 5449 illo
2074 5395 2346 5465 praecipue
2379 5395 2472 5465 qui
2503 5396 2569 5451 de
2604 5397 2769 5452 rebus
2800 5399 3061 5468 politicis,
3089 5400 3142 5453 in
3178 5399 3377 5468 quibus
3407 5412 3528 5448 vcr-

363 5571 442 5644 (l)
476 5571 632 5625 Mart.
676 5571 916 5626 ilankius
951 5571 1000 5631 ir.
1078 5570 1273 5631 ,rmfal.
1307 5569 1373 5624 ad
1423 5570 1520 5625 lib.
1565 5569 1640 5624 De
1681 5570 1860 5639 script.
1889 5568 2114 5641 Byzant.

614 5665 882 5726 ΡΑτιιοι..
917 5669 1032 5728 Gtt.
1067 5666 1408 5728 CXXXIV.

2396 5687 2398 5690 '
3201 5666 3231 5724 1
