4070 6214
407 296 470 358 ιι
712 254 719 259 ⁸
1808 291 1910 351 DU
1951 291 2014 352 οι

2052 292 2216 353 NGII
3589 292 3659 356 12

404 418 557 465 satus
581 418 685 473 est,
720 404 965 462 scribere
1014 404 1355 475 aggreditur,
1409 418 1476 457 eo
1526 418 1659 457 sane
1711 401 1991 456 celebrari
2041 403 2246 470 poterit
2290 413 2348 458 ct
2395 403 2511 473 ipse
2542 403 2786 457 Zonaras
2833 417 3044 472 :quem
3093 403 3430 472 cietcroquin
3462 403 3533 456 ab
3565 404 3663 458 illo

404 503 637 566 Zonara,
678 499 772 570 qui
809 498 912 553 sub
955 496 1324 553 Constantin
1345 493 1816 566 Porphyrogcnito
1850 492 2054 546 Leonis
2086 490 2363 560 Sapientis
2398 490 2511 544 filio
2539 490 2594 543 in
2625 491 2749 544 aula
2777 489 2915 544 vixit
2942 491 3043 559 (2),
3072 504 3247 559 genus
3280 484 3505 545 duxisse
3535 507 3661 544 sua-

405 592 500 646 det
528 590 753 644 omnino
789 587 1032 641 nominis
1080 583 1409 640 similitudo.
1459 583 1675 653 Quippe
1712 583 1766 637 in
1813 579 2045 637 Joannis
2073 585 2131 632 et
2164 577 2431 631 Hanuelis
2455 576 2747 640 Comneni,
2799 577 3005 646 quibus
3053 577 3461 646 imperantibus
3501 579 3659 641 vixit,

408 677 639 747 palatio,
665 675 846 746 magni
885 672 1195 743 vigiliarum
1227 671 1514 740 drungarii
1538 686 1657 729 seu,
1692 679 1751 723 ut
1781 668 1962 722 Latini
1996 663 2325 726 ell‘erebant,
2355 663 2580 732 vigilum
2613 663 2853 732 przefecti
2878 678 2938 718 ac
2977 664 3139 733 primi
3172 679 3201 716 a
3233 665 3464 718 secretis
3493 676 3661 733 geslze

406 764 722 834 dignitates,
757 762 902 816 inter
940 760 1276 814 illua'iorcs
1299 773 1518 826 semper
1550 757 1771 819 habitae,
1794 770 1993 827 magno
2013 753 2187 808 fuisse
2216 751 2360 820 apud
2391 751 2756 820 imperatores
2777 752 2900 805 loco
2933 752 3068 805 satis
3097 759 3357 821 arguunt.
3390 754 3567 820 Atque
3593 770 3659 806 ex

405 868 495 915 eo,
526 852 579 905 ni
613 851 796 914 fallor,
824 865 857 903 a
888 847 1182 903 Theodoro
1206 847 1530 901 Balsamonc
1556 845 1632 913 (3)
1667 854 1724 898 et
1745 862 1773 898 a
1800 843 2058 897 Matthmo
2087 840 2329 893 Blastaie
2363 837 2441 907 (4)
2474 839 2761 908 ὑπερφυής
2788 837 3073 907 indigitarl
3104 840 3268 903 solet,
3304 839 3457 909 quod
3476 851 3661 894 essent

408 942 554 994 inter
600 938 906 994 senatorias
937 935 1248 1006 praacipute,
1286 949 1411 988 cum
1438 933 1611 987 hocce
1657 932 1907 1001 epitheto
1956 935 2209 983 senatum
2244 938 2308 978 ac
2359 924 2511 993 ipsos
2550 933 2835 1003 senatores
2869 923 3063 979 donari
3093 926 3288 979 solitos
3314 936 3551 989 constet,
3578 928 3658 979 uti

406 1027 538 1087 alibi
586 1026 949 1079 observamus
997 1022 1075 1092 (5)
1109 1039 1123 1073 :
1162 1036 1274 1090 quo
1301 1020 1525 1089 quidem
1570 1029 1627 1073 et
1671 1017 1936 1072 nobilitas
1962 1013 2182 1086 generis
2210 1021 2266 1067 et
2299 1013 2719 1082 magistratuum
2745 1012 3005 1081 splendor
3032 1014 3386 1082 exprimitur,
3416 1030 3562 1078 cum,
3603 1024 3663 1068 ut

409 1116 485 1169 ait
515 1112 818 1183 Gregorius
846 1110 1229 1165 Nazianzenus
1256 1107 1357 1178 (6),
1399 1106 1657 1176 μέγιστον
1688 1106 1769 1168 εἰς
1798 1103 2012 1171 εὐγενεί

1733 1108 1769 1168 ῖς
1798 1103 2083 1171 εὐγενείας
2116 1102 2391 1168 ἀπόδειξιν
2422 1102 2730 1172 συγκλήτου
2761 1103 3020 1163 μετουσία
3049 1102 3340 1157 habeatur.

478 1201 682 1256 Verum
709 1196 982 1253 abdicatis
1003 1204 1193 1265 postea
1222 1193 1481 1263 palatinis
1505 1192 1679 1258 curis,
1704 1205 1816 1262 quo
1853 1190 1957 1245 sibi
2001 1191 2056 1245 in
2082 1190 2276 1261 primis
2302 1199 2525 1244 vacaret
2547 1189 2852 1258 animaeque
2892 1189 3057 1243 saluti
3089 1190 3434 1257 consuleret,
3470 1207 3665 1248 mona-

410 1290 577 1343 chum
607 1285 812 1345 induit,
851 1284 1158 1351 relictaque
1189 1281 1328 1335 urbe
1365 1279 1583 1350 imperii
1615 1278 1879 1349 primaria
1905 1278 1960 1332 in
1993 1278 2229 1334 insulam
2267 1276 2625 1332 remotiorem
2667 1275 2897 1333 secessit
2926 1294 2939 1329 :
2970 1277 3117 1345 quod
3154 1278 3387 1347 ipsemet
3435 1279 3490 1332 in
3521 1280 3667 1334 Prae-

412 1377 621 1430 fationc
656 1373 723 1427 ad
744 1371 989 1425 Annales
1014 1376 1286 1425 testatur:
1313 1382 1424 1438 quo
1450 1367 1575 1422 loco
1605 1367 1659 1420 in
1690 1365 1760 1421 iis
1783 1373 1844 1421 ut
1871 1381 1971 1436 par
1985 1375 2107 1421 erat
2126 1363 2549 1421 conscribendis
2574 1364 2847 1419 librorum
2883 1362 3162 1418 defectum
3193 1373 3475 1430 causatur,
3498 1367 3662 1430 αὐτὸς

413 1462 706 1533 ὑπερόριος
742 1459 819 1511 ὢν
850 1459 945 1511 καὶ
975 1457 1170 1528 πόρρω
1199 1455 1295 1508 τοῦ
1326 1456 1534 1516 ἄστεως
1564 1456 1621 1507 ὲν
1648 1453 1823 1523 νησῖδι
1848 1453 2017 1506 Mm

2119 1469 2284 1514 ιενος.
2312 1452 2445 1518 Quae
2466 1466 2597 1505 vero
2624 1451 2791 1506 fuerit
2811 1449 3052 1505 insulula
3087 1452 3217 1516 ista,
3242 1460 3396 1506 tanto
3430 1453 3501 1508 ab
3525 1454 3664 1510 urbe
3722 1519 3726 1523 ι

413 1532 590 1620 spatio
626 1547 928 1615 disparata,
958 1557 1071 1597 non
1106 1551 1423 1612 promptum
1454 1548 1540 1595 est
1564 1539 1814 1609 assequi;
1857 1539 1953 1594 sed
1982 1539 2065 1592 vel
2091 1537 2217 1591 inde
2241 1537 2432 1591 saltem
2463 1536 2596 1591 licet
2621 1536 2917 1606 conjicere,
2951 1538 3143 1591 venire
3178 1538 3231 1590 in
3259 1537 3490 1592 dubium
3512 1538 3664 1608 quod
3714 1532 3731 1547 “

415 1634 583 1689 tradit
605 1631 853 1686 Andreas
882 1629 1185 1689 Thevetus,
1228 1628 1467 1697 scriptor
1500 1626 1842 1695 cmteroquin
1877 1626 1933 1678 in
1968 1626 2094 1679 aliis
2128 1627 2275 1680 hami
2306 1635 2473 1681 certa:
2513 1626 2661 1689 ﬁdei,
2696 1640 2793 1680 sua
2819 1634 2980 1680 aetate
3013 1627 3189 1680 visum
3220 1627 3403 1681 adhuc
3435 1628 3488 1682 in
3520 1644 3666 1697 quo-

415 1724 540 1775 dam
569 1717 767 1772 Montis
797 1716 981 1770 Sancti
1020 1715 1115 1782 (ita
1145 1714 1319 1768 Athos
1358 1714 1522 1769 hodie
1557 1713 1888 1784 appellatur)
1919 1713 2252 1767 monasterio
2278 1713 2505 1766 Zonarze
2537 1713 2879 1783 epitaphium
2908 1712 3061 1768 hisce
3093 1713 3274 1769 verbis
3299 1725 3659 1785 conceptum:

421 1806 687 1860 ΕΝΤΑΔΕ
711 1802 1025 1856 ΖΩΝΑΡΔΣ
1058 1800 1317 1864 KEITAI,
1344 1800 1447 1855 nisi
1479 1802 1584 1855 sub
1625 1800 1751 1855 vita:
1780 1808 2025 1855 extrema

1274 1802 1317 1864 1,
1344 1800 1447 1855 nisi
1479 1802 1584 1855 sub
1625 1800 1751 1855 vita:
1780 1808 2025 1855 extrema
2047 1813 2114 1853 eo
2157 1800 2377 1854 dicatur
2402 1800 2744 1855 concessisse
2779 1800 2878 1871 (7).

483 1895 777 1962 Utcunque
815 1890 883 1946 de
916 1891 1018 1945 hac
1056 1905 1116 1944 re
1146 1891 1241 1955 sit,
1280 1889 1367 1943 vix
1407 1890 1620 1959 aliquot
1648 1890 1705 1944 in
1744 1889 2016 1944 asceterio
2048 1897 2224 1942 annos
2256 1896 2535 1957 exegerat,
2571 1903 2698 1943 cum
2737 1903 2863 1943 eum
2896 1904 3210 1945 convenere
3235 1890 3395 1945 amici
3427 1890 3505 1960 (8)
3528 1892 3662 1945 hor-

417 1983 624 2052 tatique
653 1988 783 2035 sunt
808 1989 867 2032 ut
897 1978 1207 2033 solitarium
1237 1975 1381 2031 istud
1409 1975 1583 2029 otium
1618 1976 1672 2029 in
1710 1976 1991 2045 negotium
2025 1972 2250 2043 aliquod
2286 1973 2588 2037 conferret,
2626 1974 2773 2043 quod
2802 1984 2859 2029 et
2883 1991 2996 2029 rem
3043 1976 3322 2045 publicam
3362 1977 3583 2047 juraret
3612 1988 3671 2032 et

414 2079 640 2122 a:tcrna2
680 2066 806 2119 vita:
827 2065 1113 2134 praemium
1160 2063 1267 2117 sibi
1314 2062 1641 2118 conciliaret
1673 2080 1685 2114 :
1713 2061 1862 2131 quod
1893 2061 2117 2130 quidem
2151 2060 2384 2115 maxime
2412 2062 2632 2129 assequi
2668 2061 2863 2116 liceret
2886 2062 2929 2116 si
2966 2062 3257 2117 historiam
3290 2064 3673 2119 conscriberet

413 2171 539 2225 quae
568 2162 625 2208 et
650 2160 934 2207 resecaret
963 2163 1370 2218 supervacanea
1386 2158 1443 2201 et
1473 2164 1560 2203 res
1595 2156 1899 2202 memoratu
1940 2146 2222 2217 digniores
2253 2148 2407 2201 nullo
2430 2148 2727 2201 verborum
2751 2147 2959 2202 ambitu
2993 2150 3047 2202 in
3073 2150 3464 2219 compendium
3488 2152 3668 2221 quod-

407 2244 543 2297 dam
577 2239 955 2295 contraheret.
985 2237 1092 2290 Eos
1118 2236 1269 2290 enim
1314 2235 1408 2305 qui
1456 2235 1514 2287 in
1556 2234 1727 2288 hocce
1766 2234 2086 2304 scriptionis
2109 2249 2308 2305 genere
2342 2248 2567 2303 operam
2597 2233 2866 2288 hactenus
2895 2235 3277 2300 collocassent,
3312 2252 3498 2291 rerum
3533 2253 3671 2307 quas

418 2335 681 2383 cnarrant
717 2325 919 2381 seriem
950 2325 1073 2378 fere
1101 2337 1319 2391 semper
1352 2322 1758 2389 interrumpere
1787 2320 2079 2373 inutilibus
2103 2320 2484 2390 παρεκὸάσεσι
2521 2336 2617 2374 seu
2646 2320 2988 2385 excessibus,
3016 2322 3102 2376 vel
3136 2323 3303 2377 etiam
3334 2322 3672 2393 descriptio-

417 2415 586 2471 nibus
621 2424 718 2468 aut
762 2411 1147 2474 concionibus,
1181 2417 1346 2478 atque
1371 2408 1511 2462 adeo
1541 2408 1946 2477 intempestivis
1983 2418 2040 2461 et
2066 2422 2198 2476 qlae
2225 2405 2522 2460 annalibus
2550 2421 2745 2474 parum
2786 2408 3120 2461 conveniant
3159 2407 3228 2461 de
3259 2408 3526 2478 riligione
3552 2408 3668 2461 dis-

420 2500 824 2573 putationibus,
858 2498 989 2553 dum
1036 2496 1163 2550 ﬁdei
1224 2495 1486 2565 mysteria
1530 2503 1815 2565 exponunt
1859 2494 1947 2548 vel
1995 2494 2235 2550 haereses
2278 2494 2565 2548 confutare
2615 2493 3034 2563 aggrediuntur,
3082 2496 3478 2565 argumentisc
3515 2509 3671 2548 sacra

420 2589 710 2660 Scriptura
739 2586 824 2640 vel
854 2601 885 2640 e
915 2583 1123 2639 sanctis
1151 2581 1409 2636 Patribus
1440 2582 1650 2651 petitis.
1679 2582 1893 2649 Quibus
1914 2581 2139 2651 quidem
2171 2596 2238 2635 ex
2268 2578 2623 2649 chronologis
2670 2579 2881 2648 aliquot
2915 2581 3287 2650 suggillabant
3311 2581 3405 2651 qui
3436 2597 3499 2636 ea
3530 2589 3671 2634 tem-

414 2683 634 2745 pestate
676 2673 732 2726 in
771 2671 1019 2725 omnium
1051 2668 1309 2722 manibus
1339 2668 1725 2732 versabantur,
1756 2677 2041 2722 auctorem
2090 2669 2232 2721 forte
2276 2668 2539 2722 Cbronici
2580 2665 2728 2735 quod
2762 2667 3196 2721 Alexandrinum
3231 2677 3451 2732 vocant,
3501 2668 3673 2722 Geor-

420 2762 570 2832 gium
602 2759 936 2831 Syncellum,
971 2755 1266 2827 Georgium
1314 2754 1717 2821 llamartolum,
1747 2754 2046 2825 Georgium
2085 2753 2427 2821 Cedrenum,
2460 2755 2710 2823 aliosque
2753 2768 2991 2822 quorum
3025 2755 3229 2825 scripta
3262 2754 3536 2827 ejusmodi
3578 2771 3674 2811 su-

423 2846 781 2917 pervacaneis
813 2844 1143 2898 excursibus
1172 2843 1375 2912 passim
1405 2850 1642 2897 scatent.

494 2935 698 2989 Verum
731 2929 948 2985 tametsi
975 2929 1114 2984 duas
1133 2944 1222 2986 res
1244 2929 1567 3000 languorem
1591 2928 1792 2985 παθη-ο
1821 2928 2046 2995 animis,
2077 2928 2253 2983 otium
2274 2938 2340 2984 et
2365 2928 2747 2997 solitudinem,
2779 2932 2926 3002 quod
2957 2929 3140 2985 aiebat
3174 2930 3413 2995 Tullius,
3443 2945 3673 3000 persuac

423 3036 547 3076 sum
580 3019 830 3080 haberet,
862 3025 919 3071 et
946 3016 1091 3087 apud
1134 3014 1501 3082 Christianos,
1533 3032 1598 3075 ac
1630 3016 1931 3073 monachos
1965 3016 2022 3070 in
2053 3015 2270 3085 primis,
2305 3029 2507 3084 pravas
2538 3016 2658 3071 illas
2692 3032 2789 3072 seu
2828 3016 3198 3088 cogitationes
3228 3015 3544 3086 (λογισμούς
3576 3032 3673 3070 as-

422 3106 586 3162 cetici
612 3103 831 3174 vocant)
854 3118 951 3157 seu
977 3101 1333 3172 cupiditates,
1375 3118 1497 3171 quae
1522 3111 1761 3156 mentem
1800 3116 1828 3153 a
1854 3102 2095 3173 negotiis
2121 3116 2351 3155 vacuam
2392 3102 2653 3157 invadere
2684 3103 2866 3158 solent
2898 3114 2951 3158 et
2986 3104 3042 3157 in
3064 3112 3288 3173 peccata
3320 3106 3435 3157 fere
3456 3117 3675 3172 semper

422 3197 775 3264 demergunt,
824 3205 1056 3245 avocare
1101 3189 1321 3244 unicam
1368 3205 1529 3259 posse
1571 3188 2020 3260 occupationem,
2054 3203 2199 3259 aegre
2256 3196 2441 3243 tamen
2489 3189 2658 3244 cessit
2685 3191 2992 3245 amicorum
3023 3190 3358 3254 hortatibus,
3398 3205 3524 3244 cum
3557 3205 3673 3244 rem

421 3296 548 3336 esse
589 3287 845 3334 cerneret
870 3293 993 3347 qua:
1026 3276 1318 3341 librorum,
1354 3276 1561 3346 quibus
1591 3277 1843 3340 carebat,
1892 3275 2107 3346 capiam
2142 3275 2463 3345 postularet.
2500 3276 2570 3330 At
2612 3277 2874 3332 vellicare
2919 3277 2957 3331 ii
3007 3292 3117 3330 non
3154 3276 3312 3347 prius
3341 3277 3679 3331 destiterunt

425 3381 588 3437 quam
619 3364 969 3433 improbitate
985 3362 1302 3417 stimulandi
1334 3363 1400 3416 ad
1426 3362 1840 3433 suscipiendum
1864 3378 2006 3432 opus
2025 3362 2397 3432 impulissent.
2425 3362 2614 3418 Victus
2636 3364 2799 3434 igitur
2829 3364 3180 3419 familiarium
3218 3363 3676 3435 flagitationibus,

425 3464 483 3508 et
512 3466 679 3521 supra
723 3450 905 3503 allatis
931 3448 1205 3503 adductus
1236 3449 1564 3510 rationibus,
1593 3448 1659 3504 ad
1693 3450 1937 3505 Annales
1966 3449 2404 3506 conscribendos
2445 3465 2505 3503 se
2543 3451 2806 3517 accinxit,
2839 3467 2966 3506 cum
3016 3452 3070 3505 in
3106 3451 3212 3505 hoc
3242 3465 3466 3506 secessu
3490 3467 3676 3522 agens,

422 3540 524 3596 ubi
555 3538 623 3593 ad
650 3535 997 3591 condendam
1033 3535 1319 3589 historiam
1352 3536 1648 3590 necessarii
1691 3535 1818 3589 libri
1871 3550 1981 3589 non
2014 3542 2392 3604 suppeterent,
2442 3536 2488 3590 si
2524 3552 2632 3590 non
2665 3538 2851 3591 omnia
2905 3537 3142 3591 dicenda
3190 3538 3677 3606 complecteretur,

426 3625 646 3681 veniam
676 3639 708 3678 a
743 3621 983 3692 benigno
1009 3621 1215 3676 lectore
1245 3637 1304 3676 se
1334 3621 1755 3691 impetraturum
1786 3622 1947 3676 facile
1978 3621 2086 3677 sibi
2120 3622 2499 3691 persuaderet.
2537 3623 2596 3677 ln
2642 3640 2751 3694 qua
2793 3625 3130 3694 caeteroquin
3163 3625 3568 3679 conscribenda
3601 3625 3677 3680 ita

419 3723 512 3769 est
538 3720 807 3768 versatus.
844 3720 904 3763 ut
928 3707 1204 3779 praecipua
1226 3716 1283 3763 et
1312 3724 1435 3777 qua:
1457 3708 1691 3779 alicujus
1713 3708 2039 3764 viderentur
2068 3709 2337 3763 momenti
2364 3726 2474 3764 non
2501 3711 2774 3775 omiserit,
2797 3729 2816 3762 ι
2850 3727 3025 3781 eaque
3055 3712 3111 3764 in
3134 3712 3413 3780 epitomeu
3438 3713 3683 3781 coegerit

429 3805 583 3856 tanta
612 3797 901 3868 elegantia,
936 3796 1087 3850 solus
1111 3804 1173 3850 ut
1198 3795 1451 3851 videatur
1496 3807 1787 3852 assecutus
1818 3797 1969 3866 quod
2015 3806 2213 3851 contra
2242 3813 2430 3852 rerum
2466 3807 2726 3852 naturam
2754 3808 2860 3861 est,
2894 3798 3141 3852 brevitas
3180 3810 3241 3852 ut
3282 3799 3522 3853 obscura
3556 3814 3668 3852 non

422 3893 611 3948 esset;
645 3903 664 3937 ι
701 3884 851 3953 quod
883 3883 953 3938 de
982 3882 1182 3937 Pontio
1212 3882 1463 3946 Paulino,
1490 3883 1585 3952 qui
1619 3891 1733 3939 tres
1775 3883 2031 3938 Suetonii
2058 3884 2236 3939 libros
2264 3883 2333 3939 de
2360 3884 2605 3955 Regibus
2653 3885 2708 3939 in
2740 3885 3129 3954 compendium
3183 3886 3492 3956 redegerat,
3533 3886 3676 3940 dixit

432 3971 715 4029 Ausonius
738 3971 839 4042 (9).
866 3969 1101 4036 Quidam
1135 3969 1284 4025 enim
1314 3979 1466 4036 sunt,
1497 3980 1560 4025 ut
1598 3971 1783 4026 aiebat
1814 3972 1989 4026 Focas
2017 3969 2443 4036 Grammaticus,
2467 3972 2563 4040 qui
2610 3971 2718 4027 late
2760 3973 3098 4042 copioseque
3125 3972 3490 4042 scripserunt,
3520 3972 3593 4025 ita
3620 3982 3680 4025 ut

430 4058 711 4131 superﬂua
742 4056 1022 4111 interdum
1069 4056 1324 4112 ubertate
1378 4058 1715 4115 narrationis
1751 4058 2019 4113 memoria
2061 4056 2361 4126 legentium
2396 4058 2770 4112 confundatur
2798 4076 2812 4111 :
2842 4060 2957 4122 alii,
2988 4064 3118 4113 dum
3144 4060 3398 4114 brevitati
3431 4058 3677 4123 student,

428 4146 728 4203 adniudum
758 4143 1019 4199 diifusam
1047 4152 1326 4198 coartasse
1357 4145 1665 4208 materiam,
1724 4156 1783 4197 ut
1835 4144 2010 4199 sterili
2038 4144 2368 4213 compendio
2416 4145 2553 4199 nihil
2599 4145 2668 4199 ad
2721 4146 2992 4217 integram
3033 4148 3324 4203 scientiam
3375 4146 3680 4202 lectoribus

430 4236 744 4291 conferant.
777 4232 967 4301 Neque
1012 4242 1194 4286 tamen
1239 4230 1347 4285 sibi
1399 4230 1503 4300 ipsi
1542 4229 1808 4286 satisfecit
1841 4230 2091 4295 omnino,
2135 4246 2260 4286 cum
2289 4232 2493 4301 quibus
2526 4232 2593 4285 ad
2634 4234 2821 4302 aperis
2853 4234 3002 4303 quod
3052 4236 3108 4289 in
3150 4250 3348 4290 manus
3374 4242 3683 4303 sumpserat

429 4321 838 4378 absolutionem
867 4332 1095 4374 necesse
1121 4328 1240 4373 erat
1261 4316 1554 4372 codicibus
1580 4332 1823 4388 persaepe
1843 4328 2081 4381 careret,
2103 4334 2245 4385 quos
2261 4335 2386 4374 cum
2412 4320 2616 4389 saepius
2644 4322 2952 4390 quaesisset,
2977 4324 3224 4392 reperire
3263 4339 3372 4378 non
3402 4332 3683 4394 potuerat,

430 4422 530 4462 seu
560 4415 868 4477 temporum
898 4404 1103 4475 injuria
1126 4414 1314 4459 essent
1342 4403 1553 4471 amissi,
1593 4418 1692 4461 seu
1729 4406 2102 4477 negligentius
2130 4406 2201 4461 ab
2249 4406 2320 4461 iis
2364 4406 2618 4475 inquisiti
2647 4408 2857 4477 quibus
2904 4407 2960 4463 id
3019 4409 3228 4479 negotii
3276 4410 3508 4466 dederat
3547 4412 3685 4481 (10),

3696 4581 3729 4601 ρ

506 4597 1244 4696 εὲὶθηρπιῐξξιτηοοηδδείίεο
1281 4598 1338 4653 ίη
1390 4598 1828 4671 νοτυιιντοεεηοο
1864 4619 1919 4658 ηο
1958 4605 2013 4659 ⁸·
2116 4603 2884 4696 99.9¹ὲ³.¹ζῖἓ¹³ἓ-ἓΞ¹Ἰ¹ξῖἓῌ
2915 4622 3148 4696 sum
3190 4580 3684 4696 ﬂeamus}!!!

438 4666 745 4746 [Péjrol._t.
771 4666 1011 4746 61x11”
1499 4666 1518 4669 -
1577 4666 1593 4670 -
1681 4666 1704 4671 -
1815 4666 1823 4669 _

2114 4674 2228 4727 fort
2272 4675 2409 4746 beau
2460 4666 2881 4746 monas'tere'de
2919 4677 3111 4733 Greca.
3258 4666 3470 4732 Zoriare
3506 4666 3685 4746 doncq

509 4740 588 4815 (ξ)
623 4739 705 4815 Ad
741 4754 864 4815 can.
891 4736 958 4790 56
985 4736 1177 4815 Apost.
2115 4752 2281 4815 ayant
2309 4742 2572 4815 demeuré
2609 4747 2736 4815 cinq
2762 4761 2859 4800 ans
2883 4761 2953 4803 en
2979 4763 3042 4803 ce
3071 4749 3176 4802 lien
3205 4786 3220 4800 .
3241 4785 3255 4798 .
3285 4747 3563 4802 Callineus
3585 4736 3686 4800 seti

629 4808 811 4886 bitLE
840 4823 962 4877 cap.
991 4804 1122 4886 li.“
1244 4874 1276 4886 ,Δ
2115 4804 2441 4886 Patriarche
2471 4851 2485 4865 .
2511 4853 2524 4867 .
2558 4814 2649 4884 luy
2681 4804 3006 4886 commanda
3059 4831 3118 4869 se
3159 4817 3357 4870 retirer
3412 4831 3481 4871 au
3532 4826 3687 4869 munt

629 4879 686 4955 ll,
709 4877 886 4955 διοξξ,
906 4874 1051 4955 inest.
1083 4874 1305 4955 Graecit.
2111 4880 2361 4955 Athos,_..
2387 4882 2456 4935 οὺ
2482 4874 2927 4955 ayan'tdemeuré
2950 4886 3115 4941 treize
3140 4899 3259 4948 ans,
3279 4886 3400 4939 (init
3420 4900 3509 4941 ses
3528 4886 3684 4955 jours

624 4947 782 5027 grai.
810 4950 875 5002 18
906 4945 960 5027 in
996 4945 1052 5001 S.
1081 4945 1341 5027 tlyprian.
1404 5024 1415 5027 _
1489 5014 1522 5027 ,Δ
1606 5026 1611 5027 7
1673 5017 1685 5027 _
1785 5019 1796 5027 .
1876 5019 1887 5027 Α
2112 4950 2355 5027 aagede
2393 4945 2986 5027 quat'rei-vingtz-huict
3028 4968 3128 5027 aus
3155 4945 3278 5027 sept
3306 4970 3482 5027 moys,
3514 4945 3571 5009 et
3600 4954 3689 5007 fut

511 5016 587 5089 (7)
609 5016 704 5089 ΔΕιιι
722 5016 954 5089 Theveti
976 5019 1146 5089 verba
1170 5031 1222 5089 [η
1251 5016 1548 5089 reviruit}
1565 5026 1613 5089 et
1634 5017 1741 5089 cies
1762 5019 1850 5072 des
1866 5019 2013 5073 ham-
2112 5016 2309 5089 depuis
2342 5016 2801 5078 honorablemEnt
2836 5024 3057 5078 enterré
3084 5038 3155 5077 en
3184 5016 3298 5077 l‘un
3326 5016 3424 5080 des
3460 5016 3683 5078 monas-

442 5084 551 5145 me's
572 5084 831 5164 illustres,
861 5084 1221 5164 Par-$.35“,
1257 5085 1486 5164 i_n-fol.,r
1514 5086 1559 5164 Ιῑ
1676 5087 1710 5141 b
1740 5097 1811 5164 et_
1839 5089 1908 5144 27
1937 5106 2007 5164 a_:
2112 5084 2258 5164 teres
2288 5090 2708 5164 nonunésainct
2730 5093 2882 5164 Helie
2904 5092 3097 5147 dudict
3118 5103 3289 5157 mont,
3319 5097 3370 5148 la
3401 5095 3686 5164 sepulture

446 5178 467 5211 ι
500 5203 515 5215 .
536 5197 550 5212 .
571 5196 585 5209 .
617 5156 906 5231 toutesfois
938 5156 1016 5208 les
1042 5154 1214 5231 Grccs
1246 5154 1496 5231 dumont
1533 5155 1705 5231 Athos
1741 5157 2014 5231 m‘outdit
2112 5158 2317 5231 duquel
2348 5176 2407 5215 se
2439 5162 2555 5215 voit
2586 5178 2789 5217 encore
2833 5162 2902 5215 de
2934 5172 3179 5231 present,
3218 5154 3482 5218 converte
3523 5164 3690 5218 d‘une

440 5244 548 5300 que
582 5226 772 5300 ce_fu_t
809 5240 876 5278 en
906 5240 977 5277 un
1007 5224 1342 5300 rocberquj
1391 5234 1524 5300 peut
1569 5228 1724 5300 avoir
1767 5228 1835 5282 de
1881 5240 2007 5284 tour
2116 5224 2299 5300 pierre
2342 5232 2527 5300 jaspée
2557 5242 2749 5285 contre
2793 5224 3028 5299 Iaquélle
3077 5224 3399 5288 sontécritz
3428 5249 3521 5288 ccs
3548 5243 3692 5288 mets

443 5294 709 5373 (compris
738 5297 818 5373 les
861 5295 1100 5371 escueilz
1147 5295 1237 5373 qui
1294 5294 1720 5373 lieuvironnent)
1769 5300 2006 5369 quelque
2113 5294 2181 5373 en
2208 5294 2367 5364 Grec',
2388 5294 2445 5354 et
2464 5302 2515 5373 la
2549 5303 2669 5369 plus
2697 5311 2817 5371 part
2841 5294 3120 5373 s'ifelIacez
3145 5302 3269 5372 qu’a
3301 5304 3495 5371 grand‘
3529 5304 3689 5373 pcine

440 5364 610 5430 liene,
641 5367 692 5421 le
739 5364 1425 5438 plus__io_accessible_lieu
1462 5381 1569 5435 que
1609 5366 1752 5437 j‘ayc
1785 5364 2005 5427 ch'en
2111 5369 2195 5423 les
2223 5380 2353 5438 peut
2376 5387 2465 5424 ,οη
2499 5364 2599 5426 hre
2632 5411 2645 5425 .
2669 5364 2822 5427 [ΜΣ
2859 5372 2946 5426 T0
2979 5364 3209 5428 ﬂAPON
3236 5364 3620 5430 MNHMEIUN
3650 5375 3692 5425 0

444 5450 595 5493 toute
627 5439 678 5507 la
715 5432 832 5507 mer
861 5432 1003 5507 Egeo
1044 5442 1101 5486 et
1135 5432 1556 5507 Archipelague,
1601 5432 1657 5490 et
1688 5432 1757 5491 de
1786 5450 2009 5507 present

1405 5432 1556 5507 igne,
1601 5432 1657 5490 et
1688 5432 1757 5491 de
1786 5450 2009 5507 present
2117 5432 2332 5492 ΣΟΦΟΣ
2365 5440 2668 5494 ΖΩΝΑΡΑΣ
2694 5440 2953 5498 KElTAl.
2993 5461 3012 5494 ι

441 5505 658 5578 appellé
685 5520 782 5573 par
813 5504 893 5557 les
915 5501 1095 5557 ‘Grecz
1127 5501 1343 5557 Caloie'r
1369 5505 1663 5571 d’Andros,
1691 5501 2007 5564 autrement
2186 5510 2262 5579 (8)
2295 5510 2474 5563 Praef.
2503 5526 2557 5564 η.
2598 5513 2649 5564 1.

441 5579 549 5613 dmi
578 5579 626 5613 In
654 5576 758 5613 lmn
793 5573 1037 5613 uinillnrrl
1088 5574 1165 5613 Iug
1187 5573 1361 5613 'l‘nrpu
1388 5576 1436 5613 In
1463 5587 1743 5613 nnnnnnnl
1768 5578 1979 5613 Polum-at
2187 5584 2262 5613 nn
2307 5579 2454 5613 lfuini
2520 5582 2548 5613 ’1

440 5573 556 5631 dict
576 5579 627 5630 le
653 5576 759 5628 bon
793 5573 1061 5637 vieillard,
1086 5574 1165 5626 les
1187 5573 1361 5628 Turcs
1387 5576 1437 5628 le
1463 5578 2004 5649 nonnnentCahyra,
2187 5573 2262 5645 (9)
2303 5579 2481 5645 Epist.
2520 5582 2568 5633 7.

442 5648 523 5701 1ιέ
545 5644 818 5701 Hebrieux
848 5658 917 5699 ou
949 5643 1089 5699 Juifs
1126 5642 1198 5697 du
1226 5658 1357 5714 pays
1386 5646 1475 5715 luy
1505 5645 1751 5702 dounent
1790 5649 1840 5703 le
1880 5666 2007 5702 nom
2188 5650 2299 5718 (l0)
2331 5648 2529 5706 Zonar.
2563 5651 2661 5705 lib.
2703 5667 2781 5717 ix,
2815 5666 2872 5707 n.
2904 5650 2995 5707 3i.

3566 5924 3602 5973 7
