4070 6214
443 345 510 405 lfi
1877 338 2047 396 PZUE

2095 337 2269 396 ATIU
3636 330 3698 393 li

454 463 589 516 dum
615 461 732 533 ipse
765 464 1009 520 extorris
1042 475 1099 519 ct
1126 465 1314 536 procul
1339 463 1408 520 ab
1442 465 1577 519 urbe
1606 461 1660 516 in
1691 472 1860 529 parva
1898 455 2079 509 insula
2112 452 2282 506 vitam
2317 459 2503 520 ageret
2532 468 2544 503 :
2580 464 2644 503 ex
2676 464 2789 520 quo
2812 449 3022 504 factum
3050 451 3298 522 agnoscit
3328 454 3697 508 utconsulum

445 563 503 605 et
531 552 870 606 dictatorum
910 552 1140 608 historia
1189 555 1370 607 minus
1404 552 1477 606 sit
1517 550 1791 606 absoluta.
1828 545 2017 614 Neque
2056 555 2220 611 porro
2260 537 2449 593 mirari
2481 536 2685 592 debere
2728 537 2914 592 subdit
2956 538 3242 603 lectorem,
3277 541 3321 593 si
3360 541 3412 594 in
3452 540 3519 594 iis
3560 556 3699 610 quos

445 640 789 709 conscripsit
829 641 1143 696 Annalibus
1174 641 1491 711 scriptionis
1519 640 1805 693 character
1835 634 2041 702 ubique
2083 627 2185 683 sibi
2220 626 2418 681 similis
2456 641 2564 679 non
2592 636 2870 687 occurrat,
2903 642 3027 681 cum
3060 628 3219 681 aliter
3250 628 3365 682 ﬁeri
3397 628 3483 681 vix
3511 640 3697 699 queat,

452 737 513 780 ut
542 728 637 797 qui
675 728 965 782 historiam
987 744 1017 782 e
1041 729 1207 782 variis
1236 728 1608 798 scriptoribus
1635 722 1798 777 veluti
1827 721 2022 788 stipem
2056 717 2286 785 colligit,
2316 715 2535 769 illorum
2563 723 2618 767 ct
2641 714 2881 769 dictione
2909 722 2964 768 et
2993 716 3393 784 compositione
3423 716 3478 770 in
3509 718 3700 772 multis

450 831 565 868 non
592 825 798 870 utatur.
825 815 983 882 Quod
1009 816 1080 869 ita
1106 824 1287 870 tamen
1310 815 1570 877 confecit,
1597 824 1656 867 ut
1677 812 1721 864 si
1755 808 1960 878 aliquid
1987 807 2054 859 de
2084 820 2185 858 suo
2211 801 2571 873 interjccerit,
2598 801 2649 854 id
2674 802 2821 854 illius
2846 804 2986 872 stylo
3012 819 3175 872 quem
3222 804 3560 872 sequebatur
3600 821 3692 858 au-

445 900 628 954 ctoris
654 913 918 969 quantum
970 902 1087 955 lieri
1134 903 1314 970 potuit
1345 896 1867 955 accomniodavcrit,
1910 908 1979 948 ne
2036 890 2353 960 scriptionis
2387 890 2527 943 ratio
2561 905 2591 942 a
2628 904 2749 943 sese
2781 890 2987 959 ubique
3032 890 3301 945 dissidere
3350 893 3637 949 videretur
3682 913 3694 947 :

452 1002 587 1040 cum
622 986 841 1041 interim
876 988 980 1041 alia
1028 989 1189 1057 longe
1226 1005 1390 1058 quam
1434 987 1616 1042 caeteri
1647 985 1740 1056 qui
1789 999 1878 1037 res
1933 978 2353 1049 chronologicas
2399 976 2669 1030 hactenus
2704 984 3094 1041 tractaverant,
3136 978 3375 1033 Annales
3405 996 3533 1037 suos
3565 999 3698 1039 con-

455 1074 749 1138 scriberet,
781 1090 868 1129 res
896 1091 1091 1146 nempe
1134 1077 1290 1145 quasi
1322 1076 1388 1129 de
1409 1090 1513 1128 suo
1538 1086 1875 1142 componens
1912 1077 1969 1122 ct
2002 1081 2253 1129 narrans,
2285 1075 2341 1119 et
2368 1064 2513 1135 quod
2541 1064 2701 1118 laude
2737 1063 2960 1133 dignum
2995 1073 3079 1121 est
3107 1080 3282 1136 eaque
3314 1082 3552 1135 summa,
3584 1088 3694 1128 non

450 1160 766 1215 alienorum
799 1161 963 1215 furtis
989 1162 1241 1231 plausum
1270 1171 1519 1232 captans,
1558 1174 1740 1230 neque
1776 1167 2040 1213 tractatus
2076 1154 2322 1225 integros
2351 1152 2696 1217 exscribens,
2725 1159 2787 1205 ut
2821 1151 2891 1206 de
2933 1152 3052 1221 ipso
3098 1153 3308 1208 Zonara
3354 1157 3550 1214 scribit
3584 1158 3695 1215 Leo

452 1248 691 1301 Allatius
716 1248 761 1317 (t
780 1249 851 1317 t).
1062 1302 1069 1315 ,

524 1334 645 1388 Non
674 1334 900 1389 defuere
926 1342 1107 1390 tamen
1131 1336 1225 1404 qui
1252 1336 1505 1390 censorio
1537 1333 1772 1404 quodam
1795 1330 2003 1402 judicio
2039 1338 2099 1384 ut
2126 1327 2307 1382 minus
2335 1325 2673 1397 diligentem,
2712 1326 2944 1381 maxime
2982 1326 3075 1382 ubi
3107 1328 3176 1383 de
3217 1330 3383 1387 rebus
3429 1332 3694 1391 Romanis

452 1422 586 1489 agit,
614 1421 926 1475 vellicarint
949 1431 1115 1491 atque
1136 1422 1277 1476 adeo
1310 1422 1753 1492 perstrinxeriut.
1781 1439 1796 1467 ι
1822 1416 2040 1481 Omnia,
2066 1414 2244 1484 inquit
2260 1413 2454 1467 horum
2479 1413 2618 1466 alter
2645 1412 2755 1483 (12)
2776 1455 2792 1479 ,
2820 1428 2945 1469 auze
2970 1414 3388 1473 Constantinum
3426 1421 3609 1492 inepte
3639 1436 3694 1480 et

456 1522 653 1576 parum
698 1507 992 1578 diligenter
1042 1508 1135 1580 (de
1186 1511 1354 1564 rebus
1384 1508 1593 1563 Latinis
1645 1504 1858 1575 loquor)
1887 1503 2205 1573 explicavit.
2254 1520 2272 1551 ι
2311 1500 2419 1555 Sed
2451 1516 2611 1569 quam
2640 1516 2775 1555 sano
2806 1502 2897 1556 ille
2926 1504 3139 1573 judicio
3167 1506 3282 1562 haec
3304 1508 3573 1564 eﬂ‘utierit
3607 1513 3692 1567 ve!

456 1594 587 1649 inde
612 1604 786 1664 patet,
821 1594 969 1664 quod
1002 1610 1033 1648 a
1057 1595 1589 1669 paulo_:equioribus
1614 1592 1918 1664 judicibus,
1944 1591 2122 1659 iisque
2147 1586 2481 1659 pereruditis
2508 1587 2799 1658 quibusvis
2827 1589 3229 1661 chronologicis
3258 1597 3481 1665 scriptis
3511 1598 3686 1653 Anna-

452 1681 588 1735 lium
621 1681 848 1736 Zonarm
877 1698 1005 1752 pars
1035 1683 1126 1737 illa
1155 1700 1276 1754 qua:
1306 1700 1395 1738 res
1427 1683 1651 1737 Latinas
1698 1685 2000 1750 pertractat
2041 1678 2197 1743 longe
2232 1684 2622 1744 anteponatur.
2662 1674 2798 1729 Nam
2829 1690 2954 1729 cum
3007 1677 3060 1730 in
3108 1683 3460 1739 recensendis
3492 1683 3693 1742 Roma-

451 1784 651 1823 norum
678 1770 847 1840 gestis
880 1786 947 1826 ex
984 1771 1155 1825 Dione
1186 1770 1514 1845 praesertim,
1539 1784 1704 1839 quem
1737 1768 1961 1821 minime
1997 1773 2307 1819 truncatum
2353 1770 2413 1815 ut
2460 1760 2622 1815 hodie
2666 1762 2850 1816 editus
2883 1772 2967 1817 est
3011 1765 3106 1819 sed
3149 1766 3422 1838 integrum
3460 1771 3693 1843 legerat,

451 1856 683 1926 alzisque
715 1857 1080 1926 scriptoribus
1102 1858 1192 1927 qui
1228 1859 1441 1927 periere
1474 1866 1780 1926 temporum
1810 1853 2032 1924 injuria.
2063 1851 2204 1905 hanc
2235 1848 2478 1903 historia:
2512 1858 2723 1918 partem
2761 1852 3120 1920 compegerit,
3152 1869 3292 1910 nova
3336 1854 3450 1911 fere
3474 1875 3694 1929 semper

450 1949 511 1995 et
538 1943 609 1996 ab
644 1942 764 1996 aliis
787 1942 994 1998 indicta
1022 1953 1455 1998 commemorat:
1495 1944 1567 1997 ita
1601 1951 1662 1995 ιιι
1692 1940 1884 1994 multis
1913 1940 1966 1992 in
1995 1936 2131 1991 locis
2165 1936 2234 1991 de
2268 1936 2438 1991 verbo
2464 1935 2532 1990 ad
2570 1936 2798 1991 verbum
2824 1938 3050 1993 Dionem
3082 1943 3442 2013 exscripsisse
3474 1947 3692 2004 dicatur

454 2043 487 2081 a
511 2027 799 2083 Guillelmo
820 2028 1124 2099 Xylandro,
1165 2029 1360 2083 Fulvio
1389 2028 1613 2091 Ursino,
1650 2026 1931 2082 Friderico
1960 2024 2256 2097 Sylburgio
2279 2034 2337 2079 et
2375 2023 2613 2078 llcnrico
2643 2024 2882 2088 Valesio,
2932 2026 3095 2082 istius
3121 2031 3412 2100 scriptoris
3452 2037 3692 2092 eruditis

451 2115 874 2185 interpretibus,
907 2116 1112 2185 quibus
1149 2117 1396 2172 solemne
1427 2125 1511 2171 est
1541 2131 1607 2169 ex
1647 2114 1861 2167 Zonara
1892 2121 1988 2166 aut
2010 2113 2186 2181 ipsum
2215 2111 2440 2164 Dionem
2471 2109 2767 2165 emendare
2790 2122 2885 2166 aut
2910 2113 3191 2171 Romanos
3219 2118 3524 2189 scriptores
3551 2125 3688 2181 alios

450 2202 733 2255 illustrare
780 2220 793 2255 :
829 2203 974 2258 unde
999 2203 1325 2259 Theodorus
1349 2203 1625 2257 Max-cilius
1663 2201 1774 2270 (15)
1806 2199 2073 2253 Zonaram
2115 2206 2171 2250 et
2205 2196 2545 2265 Xipliilinum
2580 2195 2769 2251 Dionis
2809 2198 3068 2270 subdigas
3114 2213 3294 2259 vocat.
3339 2206 3406 2261 Et
3433 2219 3583 2265 certe
3614 2211 3691 2267 ita

447 2288 524 2341 de
554 2288 762 2341 Zonara
811 2292 1048 2344 sensisse
1090 2299 1304 2346 constat
1336 2289 1589 2343 ettmdem
1625 2286 1909 2351 Allatium,
1954 2303 1971 2337 ε
2023 2284 2117 2353 qui
2158 2304 2177 2335 ι
2223 2285 2299 2338 ait
2338 2283 2428 2338 ille
2477 2302 2496 2335 ι
2546 2284 2675 2339 licet
2716 2284 2771 2338 in
2819 2286 3049 2343 historia
3099 2300 3224 2360 post
3265 2292 3687 2356 Constantinum

449 2375 701 2444 Magnum
724 2376 965 2446 jejunior
995 2378 1086 2440 sit,
1117 2385 1172 2431 et
1205 2376 1420 2430 nonnisi
1449 2375 1606 2429 obvia
1638 2388 1869 2445 quaeque
1909 2370 2261 2442 percurrcrit,
2284 2370 2340 2424 in
2376 2370 2460 2427 his
2492 2385 2623 2427 vero
2644 2387 2765 2443 quae
2788 2382 2915 2429 ante
2945 2373 3364 2435 Constantinum
3394 2384 3462 2437 ad
3496 2388 3688 2442 mundi

446 2463 673 2517 exordia
703 2464 1021 2535 diligentius
1054 2476 1109 2519 et
1131 2463 1409 2532 capiosius
1438 2473 1707 2519 versatur.
1746 2480 1765 2513 ι
1799 2462 1917 2516 Non
1946 2458 2145 2513 mirum
2171 2459 2336 2528 igitur
2364 2458 2405 2512 si
2433 2458 2501 2512 ab
2527 2459 2832 2514 Alexandro
2864 2462 3183 2520 Brassicano
3207 2466 3260 2520 in
3283 2467 3603 2529 Przefatione
3620 2477 3687 2530 ad

451 2550 769 2604 Salvianum
803 2552 1033 2605 sincera:
1083 2549 1207 2604 ﬁdei
1267 2550 1586 2610 historicus,
1639 2557 1696 2602 et
1742 2562 1771 2601 a
1817 2548 2141 2603 Casaubono
2181 2545 2292 2614 (14)
2341 2545 2558 2599 dicatur
2615 2547 2702 2601 vir
2748 2549 3181 2608 eruditissimus.
3231 2554 3467 2613 Ccdreni
3511 2564 3686 2618 codici

452 2638 833 2707 n'anuscripto
861 2639 1120 2692 schedam
1157 2638 1477 2709 ascripsisse
1507 2637 1710 2691 dicitur
1759 2634 2014 2697 Wolﬁus,
2056 2634 2111 2687 in
2151 2648 2258 2702 qua
2293 2632 2622 2687 observabat
2662 2644 2901 2691 tractare
2936 2638 3079 2693 idem
3125 2655 3506 2711 argumentum
3540 2652 3687 2719 quod

442 2723 709 2788 Zonaras,
749 2725 846 2778 sed
879 2724 1084 2779 habere
1115 2741 1144 2778 a
1189 2725 1400 2779 Zonara
1432 2725 1600 2779 multa
1653 2724 1721 2778 de
1771 2722 2040 2776 industria
2088 2719 2477 2791 praetermissa,
2514 2720 2801 2777 brevitatis
2826 2722 2969 2779 forte
3009 2728 3217 2792 studio,
3257 2732 3351 2785 sed
3399 2745 3549 2791 certe
3573 2755 3682 2793 non

444 2811 937 2880 praetermittenda,
973 2812 1046 2865 ita
1089 2820 1149 2866 ut
1190 2813 1415 2880 optione
1456 2811 1563 2865 sibi
1604 2810 1729 2864 data
1776 2810 1845 2864 ab
1886 2807 2046 2863 initio
2089 2805 2407 2895 Cedrenumr
2444 2805 2669 2863 Zonaras
2713 2811 3066 2879 praetulisset.
3108 2813 3234 2881 Qui,
3274 2816 3451 2888 inquit
3483 2822 3684 2895 Xylan.

442 2899 547 2952 der
576 2899 709 2969 (l5),
740 2915 771 2953 a
805 2915 916 2970 quo
943 2899 1058 2954 haec
1086 2915 1152 2954 ex
1175 2898 1375 2954 Wolﬁo
1411 2898 1746 2961 referuntur,
1785 2896 1851 2951 ad
1884 2911 1949 2951 ea
1978 2894 2218 2960 respexit
2254 2894 2543 2964 praecipue,
2569 2909 2690 2965 qua:
2719 2895 2941 2952 aliunde
2972 2914 3134 2969 quam
3164 2918 3229 2957 ex
3265 2919 3332 2959 eo
3374 2894 3545 2979 repeti
3572 2927 3681 2968 non

443 2995 697 3055 possunt,
726 3002 852 3041 cum
883 2986 997 3041 duo
1028 2986 1241 3057 priores
1272 2986 1497 3040 Zonara:
1528 2985 1662 3039 tomi
1712 2984 1874 3055 longe
1920 2982 2171 3070 alioquin,
2205 2980 2315 3036 sint
2361 2983 2618 3038 meliores
2654 2998 2717 3039 ac
2750 2985 2909 3043 laude
2936 2987 3235 3061 digniores,
3273 3010 3436 3065 quam
3465 3014 3527 3055 ea
3561 3015 3684 3070 qua:

438 3073 511 3128 ad
538 3073 960 3129 Constantinum
993 3089 1166 3144 usque
1192 3073 1442 3143 Magnum
1474 3071 1759 3128 Cedrenus
1787 3069 2026 3142 collegit.
2056 3068 2266 3125 Scribit
2299 3078 2560 3140 praeterea
2608 3070 2751 3127 idem
2790 3073 3023 3132 Wolﬁus
3071 3078 3184 3150 (16)
3232 3080 3502 3140 Zonaram
3548 3068 3684 3145 alias

442 3161 803 3231 prolixiorem
850 3160 1048 3223 videri,
1086 3169 1148 3214 ut
1189 3160 1244 3214 in
1290 3158 1519 3215 Judaica
1575 3159 1827 3221 historia,
1857 3157 1993 3212 alias
2042 3155 2376 3221 breviorem,
2415 3163 2477 3211 ut
2516 3157 2573 3211 in
2615 3168 2929 3215 exterarum
2958 3165 3202 3233 gentium
3234 3170 3425 3238 gestis.
3475 3172 3533 3227 ln
3569 3190 3678 3245 qua

441 3249 662 3317 quidem
710 3249 755 3303 si
801 3263 908 3318 qua
949 3248 1109 3318 culpa
1142 3246 1434 3302 commissa
1466 3255 1570 3307 est.
1610 3245 2023 3333 excusationem
2066 3244 2269 3333 habere
2310 3245 2482 3333 videri
2528 3245 2692 3312 hanc,
2736 3249 2882 3318 quod
2919 3249 3035 3320 ipse
3072 3267 3180 3307 non
3215 3270 3281 3309 ex
3327 3271 3431 3313 suo
3458 3244 3681 3333 ingenio

443 3335 791 3405 deprompsit
820 3349 885 3388 ea
925 3350 1046 3404 quae
1074 3336 1316 3404 scripsit,
1344 3331 1439 3386 sed
1474 3348 1541 3388 ex
1572 3331 1742 3387 variis
1763 3330 2086 3386 auctoribus
2131 3332 2358 3386 collecta
2388 3332 2443 3386 in
2475 3342 2686 3389 certum
2715 3334 2969 3390 ordinem
3021 3338 3233 3411 redegit
3258 3358 3273 3396 :
3306 3344 3401 3414 qui
3424 3330 3681 3407 auctores

443 3429 593 3477 inter
624 3438 680 3477 se
708 3421 1066 3477 dissimillimi
1110 3432 1259 3477 sunt.
1292 3419 1449 3487 Quod
1481 3428 1667 3475 autem
1699 3435 1809 3474 non
1839 3419 2024 3473 omnia
2055 3427 2376 3488 persecutus
2402 3429 2508 3486 est,
2555 3435 2666 3476 non
2702 3430 2816 3476 tam
2849 3423 3179 3494 negligentia
3208 3443 3371 3499 quam
3403 3433 3469 3488 de
3510 3435 3670 3491 indu-

442 3512 581 3565 stria
609 3508 824 3565 fecisse.

520 3596 738 3659 Verum,
766 3596 899 3652 licet
929 3596 983 3649 in
1021 3596 1089 3651 iis
1115 3611 1238 3665 quae
1272 3605 1396 3666 post
1428 3594 1851 3652 Constantinum
1882 3593 2134 3665 Magnum
2169 3591 2391 3662 scripsit
2416 3592 2577 3651 obvia
2599 3611 2829 3668 quaeque
2863 3613 3188 3666 percurrere
3217 3603 3486 3661 Zonaram
3512 3608 3667 3665 dicat

452 3684 700 3747 Allatius,
732 3685 894 3752 longe
924 3683 1088 3738 aliter
1121 3693 1304 3737 tamen
1337 3683 1577 3739 sensisse
1613 3683 1833 3737 videtur
1870 3680 2047 3736 exacti
2092 3679 2181 3735 vir
2216 3680 2415 3755 judicii
2461 3679 2733 3738 Henricus
2770 3684 3043 3753 Valesius,
3082 3689 3178 3758 qui
3217 3707 3325 3745 non
3372 3694 3536 3749 modo
3578 3710 3675 3750 au-

454 3779 665 3824 ctorem
698 3781 779 3825 sat
806 3771 1126 3839 diligentem
1156 3768 1306 3824 haud
1331 3769 1500 3826 semel
1529 3769 1806 3839 indigitat,
1839 3768 1932 3823 sed
1955 3776 2011 3821 et
2036 3768 2089 3820 in
2120 3766 2188 3821 iis
2219 3769 2523 3837 prmsertim
2559 3786 2682 3840 qua:
2720 3772 2968 3842 ejusdem
3018 3774 3361 3832 Constanini
3411 3778 3672 3838 familiam

454 3866 727 3926 spectant,
754 3859 1159 3912 accuratiorem
1190 3873 1353 3928 quam
1394 3857 1448 3912 in
1481 3857 1717 3920 caeteris,
1749 3870 1929 3927 neque
1963 3854 2087 3909 aliis
2116 3854 2278 3909 obvia
2312 3855 2497 3912 dicere
2528 3857 2789 3915 observat
2814 3861 2949 3931 (l7).
2997 3861 3060 3916 Et
3098 3877 3229 3919 sane
3263 3880 3577 3938 quanquam
3617 3872 3671 3928 in

449 3943 801 3999 recensendis
826 3942 1240 4014 Cpolitanorum
1270 3944 1663 4013 imperatorum
1691 3945 1877 4014 gestis,
1910 3940 2209 3997 fusioribus
2248 3944 2389 3999 forte
2437 3944 2603 4000 editis
2631 3947 3046 4005 commentariis
3092 3954 3294 4007 versati
3341 3954 3451 4011 sint
3491 3957 3674 4013 Theo.

442 4030 675 4101 pbanes,
705 4030 1010 4096 Cedrenus,
1045 4031 1308 4102 Scylitzes
1329 4040 1385 4085 et
1414 4029 1625 4100 aliquot
1655 4030 1772 4092 alii,
1803 4037 2017 4084 constat
2046 4029 2100 4084 id
2123 4029 2349 4085 Zonaras
2382 4032 2435 4086 in
2463 4031 2655 4102 primis
2689 4035 2978 4091 consilium
3010 4035 3200 4105 fuisse,
3231 4048 3293 4095 ut
3318 4057 3429 4096 non
3459 4044 3673 4113 plenio-

438 4134 558 4173 rem
585 4117 1045 4188 quemadmodum
1076 4119 1111 4171 ii
1144 4118 1452 4181 historiam,
1486 4116 1582 4172 sed
1605 4116 2028 4171 contractiorem
2051 4126 2216 4187 atque
2244 4118 2383 4173 adeo
2416 4119 2804 4190 compendium
2833 4124 3233 4191 conscriberet,
3265 4126 3321 4179 in
3346 4142 3457 4196 quo
3487 4128 3670 4200 singu-

443 4207 578 4261 laria
605 4220 837 4276 quaque
862 4213 919 4260 et
951 4221 1073 4276 quae
1106 4206 1159 4259 in
1195 4222 1253 4261 re
1285 4205 1550 4260 historica
1586 4204 1845 4276 praecipui
1871 4204 2196 4259 viderentur
2232 4205 2493 4275 ponderis
2530 4207 2947 4279 perstringeret.
2984 4209 3057 4264 Ex
3084 4211 3287 4280 quibus
3325 4212 3484 4269 facile
3509 4215 3667 4271 dilui-

438 4305 533 4349 tur
563 4292 713 4364 quod
739 4294 818 4348 ait
846 4292 1126 4348 Gerardus
1168 4292 1414 4358 Vossius,
1454 4301 1569 4347 tum
1597 4293 1652 4347 in
1682 4308 1750 4348 eo
1775 4292 2037 4362 majorem
2074 4306 2260 4345 curam
2287 4300 2339 4346 et
2369 4292 2694 4347 industriam
2728 4295 3051 4359 desiderari,
3093 4304 3204 4349 tum
3230 4298 3402 4352 etiam
3438 4304 3672 4360 maxime

443 4381 751 4436 mirandum
776 4397 923 4447 esse,
961 4382 1141 4435 virum
1176 4396 1351 4451 usque
1375 4381 1515 4436 adeo
1540 4382 1918 4450 experientem
1947 4377 2000 4431 in
2024 4377 2108 4431 sui
2139 4377 2402 4447 temporis
2439 4380 2742 4448 praesertim
2790 4380 2957 4436 rebus
2992 4382 3258 4453 pleraque
3297 4386 3673 4455 perfunctorie

436 4477 653 4523 tantum
687 4470 898 4532 dicere,
940 4484 1063 4522 cum
1094 4469 1263 4522 multa
1296 4482 1601 4539 magnaque
1636 4467 1701 4520 iis
1733 4464 2081 4534 temporibus
2106 4471 2258 4535 gesta
2298 4472 2446 4529 sunt,
2494 4466 2749 4520 orientali
2792 4466 2929 4521 orbe
2964 4482 3094 4522 cum
3137 4470 3463 4527 occidentali
3511 4478 3675 4546 quasi

440 4565 805 4610 concurrente
831 4575 846 4609 :
871 4556 1011 4610 adeo
1045 4564 1106 4609 ιιι
1127 4571 1299 4625 pauca
1338 4556 1450 4610 sint
1475 4553 1677 4624 quibus
1702 4552 1875 4607 Alexii
1907 4553 2075 4606 vitam
2114 4551 2517 4621 perstrinxerit.
2556 4551 2638 4617 ld,
2673 4556 2919 4622 inquam,
2960 4554 3106 4610 haud
3134 4571 3277 4627 aegre
3309 4560 3578 4616 refellitur
3603 4580 3667 4619 ex

434 4645 686 4698 auctoris
729 4644 904 4714 ipsius
934 4645 1225 4698 Annalium
1260 4644 1540 4702 lemmate.
1577 4640 1664 4695 vel
1691 4656 1760 4695 ex
1800 4641 1975 4710 ipsius
2017 4637 2368 4704 Prmfatione,
2412 4638 2470 4692 in
2498 4654 2606 4708 qua
2640 4654 2751 4693 non
2782 4640 3071 4697 historiam
3111 4646 3201 4698 sed
3253 4645 3497 4703 historia:
3522 4662 3673 4704 com-

438 4731 705 4799 pendium
738 4732 983 4785 scribere
1014 4746 1073 4785 se
1102 4730 1429 4801 proﬁtetur;
1463 4730 1537 4785 ita
1566 4737 1625 4782 ut.
1653 4730 1698 4783 si
1740 4726 2025 4798 prolixiori
2059 4725 2147 4781 sui
2174 4726 2438 4796 temporis
2467 4741 2557 4781 res
2585 4726 2782 4782 fuisset
2826 4740 3149 4798 persecutus
3178 4734 3513 4800 narratione,
3556 4738 3668 4806 pri—

438 4833 589 4871 mum
622 4819 912 4888 scriptoris
946 4817 1186 4872 ofﬁcium
1236 4817 1463 4871 minime
1506 4816 1830 4871 observasse
1857 4815 2137 4869 diceretur
2167 4831 2179 4867 :
2212 4829 2359 4879 cum,
2388 4821 2448 4867 ut
2490 4814 2568 4869 ait
2602 4814 2814 4870 Plinius
2842 4816 3005 4880 alter,
3033 4818 3252 4873 titulum
3286 4835 3447 4875 suum
3487 4822 3671 4894 legere

436 4906 660 4969 debeat,
694 4916 861 4975 atque
890 4905 1195 4960 identidem
1226 4905 1565 4976 interrogare
1598 4918 1658 4960 se
1687 4902 1820 4973 quid
1852 4902 2084 4972 cmperit
2123 4902 2367 4958 scribere
2389 4940 2406 4967 ,
2447 4902 2697 4973 seireque
2726 4903 2771 4958 si
2796 4905 3039 4959 materiae
3073 4905 3395 4963 immoratur
3416 4926 3525 4966 non
3548 4926 3670 4968 esse

437 4994 682 5065 longum,
714 4994 1095 5066 longissimum
1126 4994 1172 5049 si
1206 4994 1414 5063 aliquid
1457 4995 1691 5050 arcessit
1731 5002 1895 5064 atque
1936 4989 2185 5048 attrahit.
2223 4990 2401 5060 Atque
2443 5005 2511 5044 ex
2543 4991 2710 5046 haece
2749 4991 2996 5047 virorum
3022 4994 3365 5050 eruditorum
3402 4998 3551 5053 varia
3600 5000 3670 5056 de

434 5081 667 5135 Zonara:
694 5082 1002 5137 Annalibus
1036 5082 1310 5137 sententia
1346 5091 1495 5152 patet
1533 5098 1696 5153 quam
1726 5082 1965 5137 infausta
1998 5080 2072 5136 sit
2098 5092 2288 5131 eorum
2314 5091 2435 5130 sors
2464 5077 2559 5146 qui
2583 5078 2792 5148 aliquid
2822 5079 3070 5134 scribere
3096 5081 3515 5152 aggrediuntur,
3539 5100 3667 5141 cum

435 5168 732 5238 quibusvis
758 5184 822 5222 ac
846 5169 960 5223 fere
989 5169 1198 5238 iniquis
1229 5169 1517 5223 hominum
1543 5170 1768 5241 judiciis
1797 5177 1855 5223 et
1876 5181 2122 5223 censurae
2147 5167 2353 5238 ingenii
2393 5165 2563 5223 fretus
2594 5178 2900 5239 exponunt.

499 5253 776 5309 Caeterum
809 5258 864 5310 in
906 5256 1198 5311 Annalium
1247 5255 1486 5312 decursu
1534 5255 1878 5311 occasionem
1914 5253 2192 5310 interdum
2240 5263 2421 5324 captat
2455 5254 2697 5310 Zonaras
2731 5254 3048 5311 Graecorum
3094 5273 3207 5313 sua:
3248 5261 3426 5316 artatis
3483 5278 3666 5317 mores

426 5343 748 5410 vellicandi,
795 5346 964 5399 veluti
997 5360 1122 5400 cum
1162 5346 1411 5400 virorum
1458 5346 1956 5401 ecclesiasticarum
2016 5342 2317 5399 Simoniam
2367 5342 2564 5411 carpit,
2614 5353 2857 5398 comatos
2908 5353 2965 5399 et
3009 5344 3352 5403 cincinnatos
3398 5349 3665 5419 palatinos

496 5503 616 5577 (ll)
649 5502 727 5577 De
748 5503 940 5577 Georg.
1024 5572 1051 5577 _
1790 5576 1793 5577 ν
1939 5575 1947 5577 _
2173 5506 2283 5576 (14)
2312 5506 2397 5577 Ad
2433 5508 2576 5561 Hist.
2616 5509 2755 5577 Aug.
2780 5520 2833 5577 p.
2860 5506 2987 5574 202,
3023 5507 3058 5561 2
3087 5508 3178 5565 ed.

498 5574 616 5696 (1Ξέ
644 5573 803 5644 Apud
827 5572 992 5628 Attat.
1017 5572 1092 5628 De
1112 5590 1283 5634 error.
1304 5593 1484 5649 magn.
1512 5578 1673 5633 uiror.
1691 5577 1745 5632 in
1763 5575 2003 5642 dicendo,
2172 5572 2283 5641 (15)
2310 5576 2369 5630 ln
2395 5578 2607 5646 praefat.
2633 5572 2961 5631 ad'Cedren.

423 5660 480 5717 ρ.
509 5643 587 5717 ts
620 5681 663 5717 ._
924 5712 935 5717 _
972 5711 1002 5717 _
2176 5646 2287 5713 (16)
2323 5646 2378 5700 In
2411 5647 2616 5716 praefat.

500 5714 616 5771 (l3)
651 5712 704 5767 In
724 5722 845 5768 not.
871 5712 938 5768 ad
968 5711 1193 5771 Sueton.
2178 5711 2289 5784 (l7)
2319 5722 2377 5772 In
2399 5711 2511 5773 not.
2548 5718 2616 5773 ad
2640 5718 2735 5773 lib.
2760 5733 2892 5776 xvul
2913 5717 3183 5773 Ammiani
