  <div class='ocr_page' id='page_1' title='image "/cluster/home/n/w/nwhite01/storage/ocr_20150623/134/hvd.32044073502510/013.png"; bbox 0 0 4070 6214; ppageno 0'>
   <div class='ocr_carea' id='block_1_1' title="bbox 434 360 3682 428">
    <p class='ocr_par' dir='ltr' id='par_1_1' title="bbox 434 360 3682 428">
     <span class='ocr_line' id='line_1_1' title="bbox 434 360 3682 428; baseline 0.004 -15"><span class='ocrx_word' id='word_1_1' title='bbox 434 363 503 428; x_wconf 76' lang='lat'><strong>15</strong></span> <span class='ocrx_word' id='word_1_2' title='bbox 1832 361 1936 420; x_wconf 92' lang='lat' dir='ltr'><strong>DU</strong></span> <span class='ocrx_word' id='word_1_3' title='bbox 1970 360 2231 421; x_wconf 78' lang='lat' dir='ltr'><strong>CANGll</strong></span> <span class='ocrx_word' id='word_1_4' title='bbox 3614 362 3682 427; x_wconf 79' lang='lat' dir='ltr'><strong>ts</strong></span> 
     </span>
    </p>
   </div>
   <div class='ocr_carea' id='block_1_2' title="bbox 429 469 3682 548">
    <p class='ocr_par' dir='ltr' id='par_1_2' title="bbox 429 469 3682 548">
     <span class='ocr_line' id='line_1_2' title="bbox 429 469 3682 548; baseline 0 -18"><span class='ocrx_word' id='word_1_5' title='bbox 429 473 755 548; x_wconf 76' lang='lat' dir='ltr'><strong>perstringit</strong></span> <span class='ocrx_word' id='word_1_6' title='bbox 787 473 923 544; x_wconf 83' lang='lat' dir='ltr'><strong>(l8),</strong></span> <span class='ocrx_word' id='word_1_7' title='bbox 948 483 1004 528; x_wconf 89' lang='lat' dir='ltr'><strong>et</strong></span> <span class='ocrx_word' id='word_1_8' title='bbox 1033 474 1417 543; x_wconf 88' lang='lat' dir='ltr'><strong>imperatores,</strong></span> <span class='ocrx_word' id='word_1_9' title='bbox 1433 472 1580 541; x_wconf 86' lang='lat' dir='ltr'><strong>quod</strong></span> <span class='ocrx_word' id='word_1_10' title='bbox 1621 469 1873 526; x_wconf 87' lang='lat' dir='ltr'><strong>abdicato</strong></span> <span class='ocrx_word' id='word_1_11' title='bbox 1901 472 2083 539; x_wconf 88' lang='lat' dir='ltr'><strong>patrio</strong></span> <span class='ocrx_word' id='word_1_12' title='bbox 2124 473 2326 527; x_wconf 88' lang='lat' dir='ltr'><strong>vestitu</strong></span> <span class='ocrx_word' id='word_1_13' title='bbox 2370 471 2714 528; x_wconf 85' lang='lat' dir='ltr'><strong>barbaricum</strong></span> <span class='ocrx_word' id='word_1_14' title='bbox 2753 473 3219 544; x_wconf 89' lang='lat' dir='ltr'><strong>amplecterentur</strong></span> <span class='ocrx_word' id='word_1_15' title='bbox 3251 476 3385 547; x_wconf 71' lang='grc' dir='ltr'><strong>(ιθ).</strong></span> <span class='ocrx_word' id='word_1_16' title='bbox 3430 476 3682 545; x_wconf 67' lang='lat' dir='ltr'><strong>Denique</strong></span> 
     </span>
    </p>
   </div>
   <div class='ocr_carea' id='block_1_3' title="bbox 431 557 3680 633">
    <p class='ocr_par' dir='ltr' id='par_1_3' title="bbox 431 557 3680 633">
     <span class='ocr_line' id='line_1_3' title="bbox 431 557 3680 633; baseline 0 -17"><span class='ocrx_word' id='word_1_17' title='bbox 431 565 486 616; x_wconf 92' lang='lat' dir='ltr'><strong>in</strong></span> <span class='ocrx_word' id='word_1_18' title='bbox 518 564 667 633; x_wconf 79' lang='lat' dir='ltr'><strong>ipsos</strong></span> <span class='ocrx_word' id='word_1_19' title='bbox 701 561 884 615; x_wconf 89' lang='lat' dir='ltr'><strong>adhuc</strong></span> <span class='ocrx_word' id='word_1_20' title='bbox 926 559 1205 631; x_wconf 87' lang='lat' dir='ltr'><strong>Augustos</strong></span> <span class='ocrx_word' id='word_1_21' title='bbox 1250 574 1315 614; x_wconf 88' lang='lat' dir='ltr'><strong>ac</strong></span> <span class='ocrx_word' id='word_1_22' title='bbox 1353 574 1546 613; x_wconf 88' lang='lat' dir='ltr'><strong>eorum</strong></span> <span class='ocrx_word' id='word_1_23' title='bbox 1596 558 1652 612; x_wconf 93' lang='lat' dir='ltr'><strong>in</strong></span> <span class='ocrx_word' id='word_1_24' title='bbox 1701 558 1869 612; x_wconf 81' lang='lat' dir='ltr'><strong>rebus</strong></span> <span class='ocrx_word' id='word_1_25' title='bbox 1903 557 2362 613; x_wconf 83' lang='lat' dir='ltr'><strong>administrandis</strong></span> <span class='ocrx_word' id='word_1_26' title='bbox 2412 560 2653 629; x_wconf 82' lang='lat' dir='ltr'><strong>publicis</strong></span> <span class='ocrx_word' id='word_1_27' title='bbox 2710 561 3057 631; x_wconf 79' lang='lat' dir='ltr'><strong>tyrannidem</strong></span> <span class='ocrx_word' id='word_1_28' title='bbox 3103 563 3324 633; x_wconf 81' lang='lat' dir='ltr'><strong>gravius</strong></span> <span class='ocrx_word' id='word_1_29' title='bbox 3373 564 3680 619; x_wconf 81' lang='lat' dir='ltr'><strong>invehitur.</strong></span> 
     </span>
    </p>
   </div>
   <div class='ocr_carea' id='block_1_4' title="bbox 428 645 3684 719">
    <p class='ocr_par' dir='ltr' id='par_1_4' title="bbox 428 645 3684 719">
     <span class='ocr_line' id='line_1_4' title="bbox 428 645 3684 719; baseline -0.001 -13"><span class='ocrx_word' id='word_1_30' title='bbox 428 650 566 706; x_wconf 80' lang='lat' dir='ltr'><strong>Nam</strong></span> <span class='ocrx_word' id='word_1_31' title='bbox 603 658 663 703; x_wconf 93' lang='lat' dir='ltr'><strong>ut</strong></span> <span class='ocrx_word' id='word_1_32' title='bbox 692 648 940 704; x_wconf 83' lang='lat' dir='ltr'><strong>Valentis</strong></span> <span class='ocrx_word' id='word_1_33' title='bbox 965 646 1338 703; x_wconf 88' lang='lat' dir='ltr'><strong>mathematici</strong></span> <span class='ocrx_word' id='word_1_34' title='bbox 1377 646 1491 717; x_wconf 67' lang='lat'><strong>(20)</strong></span> <span class='ocrx_word' id='word_1_35' title='bbox 1515 646 1584 701; x_wconf 90' lang='lat' dir='ltr'><strong>de</strong></span> <span class='ocrx_word' id='word_1_36' title='bbox 1626 646 1782 701; x_wconf 88' lang='lat' dir='ltr'><strong>urbis</strong></span> <span class='ocrx_word' id='word_1_37' title='bbox 1811 645 2113 715; x_wconf 77' lang='lat' dir='ltr'><strong>Cpolitana:</strong></span> <span class='ocrx_word' id='word_1_38' title='bbox 2138 645 2429 701; x_wconf 89' lang='lat' dir='ltr'><strong>duratione</strong></span> <span class='ocrx_word' id='word_1_39' title='bbox 2460 647 2671 702; x_wconf 88' lang='lat' dir='ltr'><strong>editum</strong></span> <span class='ocrx_word' id='word_1_40' title='bbox 2698 648 2801 704; x_wconf 88' lang='lat' dir='ltr'><strong>sub</strong></span> <span class='ocrx_word' id='word_1_41' title='bbox 2833 649 3203 703; x_wconf 82' lang='lat' dir='ltr'><strong>Constantino</strong></span> <span class='ocrx_word' id='word_1_42' title='bbox 3230 647 3426 719; x_wconf 77' lang='lat' dir='ltr'><strong>Magno</strong></span> <span class='ocrx_word' id='word_1_43' title='bbox 3481 652 3684 705; x_wconf 89' lang='lat' dir='ltr'><strong>natali-</strong></span> 
     </span>
    </p>
   </div>
   <div class='ocr_carea' id='block_1_5' title="bbox 431 732 3681 806">
    <p class='ocr_par' dir='ltr' id='par_1_5' title="bbox 431 732 3681 806">
     <span class='ocr_line' id='line_1_5' title="bbox 431 732 3681 806; baseline -0.001 -13"><span class='ocrx_word' id='word_1_44' title='bbox 431 740 566 793; x_wconf 89' lang='lat' dir='ltr'><strong>tinm</strong></span> <span class='ocrx_word' id='word_1_45' title='bbox 610 738 791 792; x_wconf 83' lang='lat' dir='ltr'><strong>thema</strong></span> <span class='ocrx_word' id='word_1_46' title='bbox 836 735 1244 805; x_wconf 90' lang='lat' dir='ltr'><strong>quodammodo</strong></span> <span class='ocrx_word' id='word_1_47' title='bbox 1279 744 1520 799; x_wconf 89' lang='lat' dir='ltr'><strong>tueatur,</strong></span> <span class='ocrx_word' id='word_1_48' title='bbox 1550 750 1618 788; x_wconf 89' lang='lat' dir='ltr'><strong>ne</strong></span> <span class='ocrx_word' id='word_1_49' title='bbox 1648 735 1877 787; x_wconf 92' lang='lat' dir='ltr'><strong>omnino</strong></span> <span class='ocrx_word' id='word_1_50' title='bbox 1914 732 2113 787; x_wconf 79' lang='lat' dir='ltr'><strong>falsum</strong></span> <span class='ocrx_word' id='word_1_51' title='bbox 2155 740 2399 802; x_wconf 77' lang='lat' dir='ltr'><strong>putetur.</strong></span> <span class='ocrx_word' id='word_1_52' title='bbox 2443 750 2607 803; x_wconf 90' lang='lat' dir='ltr'><strong>quam</strong></span> <span class='ocrx_word' id='word_1_53' title='bbox 2634 749 2810 789; x_wconf 89' lang='lat' dir='ltr'><strong>annos</strong></span> <span class='ocrx_word' id='word_1_54' title='bbox 2832 736 2935 790; x_wconf 84' lang='lat'><strong>696</strong></span> <span class='ocrx_word' id='word_1_55' title='bbox 2966 735 3295 789; x_wconf 88' lang='lat' dir='ltr'><strong>duraturam</strong></span> <span class='ocrx_word' id='word_1_56' title='bbox 3326 737 3681 806; x_wconf 59' lang='lat' dir='ltr'><strong>praedixerat.</strong></span> 
     </span>
    </p>
   </div>
   <div class='ocr_carea' id='block_1_6' title="bbox 343 794 3683 895">
    <p class='ocr_par' dir='ltr' id='par_1_6' title="bbox 343 794 3683 895">
     <span class='ocr_line' id='line_1_6' title="bbox 343 794 3683 895; baseline -0.001 -13"><span class='ocrx_word' id='word_1_57' title='bbox 343 794 380 855; x_wconf 35' lang='grc' dir='ltr'>δ</span> <span class='ocrx_word' id='word_1_58' title='bbox 425 829 536 895; x_wconf 74' lang='lat' dir='ltr'><strong>iam</strong></span> <span class='ocrx_word' id='word_1_59' title='bbox 564 826 694 879; x_wconf 92' lang='lat' dir='ltr'><strong>olim</strong></span> <span class='ocrx_word' id='word_1_60' title='bbox 746 794 872 879; x_wconf 74' lang='lat' dir='ltr'><strong>cuni</strong></span> <span class='ocrx_word' id='word_1_61' title='bbox 924 823 1205 879; x_wconf 77' lang='lat' dir='ltr'><strong>scribebat</strong></span> <span class='ocrx_word' id='word_1_62' title='bbox 1233 822 1476 877; x_wconf 85' lang='lat' dir='ltr'><strong>Zonaras</strong></span> <span class='ocrx_word' id='word_1_63' title='bbox 1504 822 1745 890; x_wconf 84' lang='lat' dir='ltr'><strong>elapsos.</strong></span> <span class='ocrx_word' id='word_1_64' title='bbox 1775 820 1964 874; x_wconf 85' lang='lat' dir='ltr'><strong>subdit</strong></span> <span class='ocrx_word' id='word_1_65' title='bbox 2006 829 2103 873; x_wconf 88' lang='lat' dir='ltr'><strong>aut</strong></span> <span class='ocrx_word' id='word_1_66' title='bbox 2133 794 2324 873; x_wconf 76' lang='lat' dir='ltr'><strong>lalsam</strong></span> <span class='ocrx_word' id='word_1_67' title='bbox 2371 794 2790 875; x_wconf 65' lang='lat' dir='ltr'><strong>existimandam</strong></span> <span class='ocrx_word' id='word_1_68' title='bbox 2841 822 3091 876; x_wconf 70' lang='lat' dir='ltr'><strong>Valentis</strong></span> <span class='ocrx_word' id='word_1_69' title='bbox 3119 794 3560 891; x_wconf 65' lang='lat' dir='ltr'><strong>praedictionem,</strong></span> <span class='ocrx_word' id='word_1_70' title='bbox 3585 835 3683 878; x_wconf 78' lang='lat' dir='ltr'><strong>aut</strong></span> 
     </span>
    </p>
   </div>
   <div class='ocr_carea' id='block_1_7' title="bbox 356 906 3681 985">
    <p class='ocr_par' dir='ltr' id='par_1_7' title="bbox 356 906 3681 985">
     <span class='ocr_line' id='line_1_7' title="bbox 356 906 3681 985; baseline 0.001 -22"><span class='ocrx_word' id='word_1_71' title='bbox 356 908 364 985; x_wconf 70' lang='grc' dir='ltr'><em>ξ</em></span> <span class='ocrx_word' id='word_1_72' title='bbox 427 926 602 966; x_wconf 89' lang='lat' dir='ltr'><strong>annos</strong></span> <span class='ocrx_word' id='word_1_73' title='bbox 627 912 751 965; x_wconf 86' lang='lat' dir='ltr'><strong>illos</strong></span> <span class='ocrx_word' id='word_1_74' title='bbox 784 909 1170 980; x_wconf 88' lang='lat' dir='ltr'><strong>intelligendos</strong></span> <span class='ocrx_word' id='word_1_75' title='bbox 1210 923 1332 965; x_wconf 86' lang='lat' dir='ltr'><strong>esse</strong></span> <span class='ocrx_word' id='word_1_76' title='bbox 1364 908 1571 977; x_wconf 90' lang='lat' dir='ltr'><strong>quibus</strong></span> <span class='ocrx_word' id='word_1_77' title='bbox 1623 906 1876 962; x_wconf 81' lang='lat' dir='ltr'><strong>instituta</strong></span> <span class='ocrx_word' id='word_1_78' title='bbox 1903 907 1984 961; x_wconf 88' lang='lat' dir='ltr'><strong>rei</strong></span> <span class='ocrx_word' id='word_1_79' title='bbox 2035 907 2273 976; x_wconf 86' lang='lat' dir='ltr'><strong>publieae</strong></span> <span class='ocrx_word' id='word_1_80' title='bbox 2320 923 2385 963; x_wconf 88' lang='lat' dir='ltr'><strong>ac</strong></span> <span class='ocrx_word' id='word_1_81' title='bbox 2412 918 2591 963; x_wconf 75' lang='lat' dir='ltr'><strong>status</strong></span> <span class='ocrx_word' id='word_1_82' title='bbox 2633 909 3128 976; x_wconf 88' lang='lat' dir='ltr'><strong>conservabantur,</strong></span> <span class='ocrx_word' id='word_1_83' title='bbox 3161 910 3294 985; x_wconf 88' lang='lat' dir='ltr'><strong>dum</strong></span> <span class='ocrx_word' id='word_1_84' title='bbox 3328 927 3465 965; x_wconf 89' lang='lat' dir='ltr'><strong>suus</strong></span> <span class='ocrx_word' id='word_1_85' title='bbox 3504 911 3681 965; x_wconf 87' lang='lat' dir='ltr'><strong>honor</strong></span> 
     </span>
    </p>
   </div>
   <div class='ocr_carea' id='block_1_8' title="bbox 425 984 3682 1068">
    <p class='ocr_par' dir='ltr' id='par_1_8' title="bbox 425 984 3682 1068">
     <span class='ocr_line' id='line_1_8' title="bbox 425 984 3682 1068; baseline 0 -16"><span class='ocrx_word' id='word_1_86' title='bbox 425 1007 545 1052; x_wconf 90' lang='lat' dir='ltr'><strong>erat</strong></span> <span class='ocrx_word' id='word_1_87' title='bbox 589 999 831 1063; x_wconf 85' lang='lat' dir='ltr'><strong>senatui,</strong></span> <span class='ocrx_word' id='word_1_88' title='bbox 866 996 996 1050; x_wconf 92' lang='lat' dir='ltr'><strong>dum</strong></span> <span class='ocrx_word' id='word_1_89' title='bbox 1041 997 1193 1052; x_wconf 83' lang='lat' dir='ltr'><strong>cives</strong></span> <span class='ocrx_word' id='word_1_90' title='bbox 1239 994 1343 1050; x_wconf 81' lang='lat' dir='ltr'><strong>Sub</strong></span> <span class='ocrx_word' id='word_1_91' title='bbox 1376 994 1621 1064; x_wconf 77' lang='lat' dir='ltr'><strong>legitima</strong></span> <span class='ocrx_word' id='word_1_92' title='bbox 1662 994 1881 1063; x_wconf 84' lang='lat' dir='ltr'><strong>imperii</strong></span> <span class='ocrx_word' id='word_1_93' title='bbox 1929 1003 2208 1063; x_wconf 77' lang='lat' dir='ltr'><strong>potestate</strong></span> <span class='ocrx_word' id='word_1_94' title='bbox 2240 993 2532 1060; x_wconf 82' lang='lat' dir='ltr'><strong>ﬂorebant,</strong></span> <span class='ocrx_word' id='word_1_95' title='bbox 2580 1011 2689 1049; x_wconf 91' lang='lat' dir='ltr'><strong>non</strong></span> <span class='ocrx_word' id='word_1_96' title='bbox 2731 1004 2914 1051; x_wconf 88' lang='lat' dir='ltr'><strong>autem</strong></span> <span class='ocrx_word' id='word_1_97' title='bbox 2964 1012 3091 1051; x_wconf 91' lang='lat' dir='ltr'><strong>cum</strong></span> <span class='ocrx_word' id='word_1_98' title='bbox 3140 984 3431 1052; x_wconf 78' lang='lat' dir='ltr'><strong>manifesta</strong></span> <span class='ocrx_word' id='word_1_99' title='bbox 3462 997 3682 1068; x_wconf 81' lang='lat' dir='ltr'><strong>vigebat</strong></span> 
     </span>
    </p>
   </div>
   <div class='ocr_carea' id='block_1_9' title="bbox 425 1079 3683 1156">
    <p class='ocr_par' dir='ltr' id='par_1_9' title="bbox 425 1079 3683 1156">
     <span class='ocr_line' id='line_1_9' title="bbox 425 1079 3683 1156; baseline 0.001 -17"><span class='ocrx_word' id='word_1_100' title='bbox 425 1083 676 1154; x_wconf 79' lang='lat' dir='ltr'><strong>tyrannis</strong></span> <span class='ocrx_word' id='word_1_101' title='bbox 702 1083 1053 1142; x_wconf 87' lang='lat' dir='ltr'><strong>dominorqu</strong></span> <span class='ocrx_word' id='word_1_102' title='bbox 1084 1082 1303 1153; x_wconf 87' lang='lat' dir='ltr'><strong>publica</strong></span> <span class='ocrx_word' id='word_1_103' title='bbox 1332 1081 1437 1137; x_wconf 89' lang='lat' dir='ltr'><strong>sibi</strong></span> <span class='ocrx_word' id='word_1_104' title='bbox 1474 1096 1574 1152; x_wconf 91' lang='lat' dir='ltr'><strong>pro</strong></span> <span class='ocrx_word' id='word_1_105' title='bbox 1594 1080 1837 1151; x_wconf 79' lang='lat' dir='ltr'><strong>,privatis</strong></span> <span class='ocrx_word' id='word_1_106' title='bbox 1862 1079 2267 1136; x_wconf 84' lang='lat' dir='ltr'><strong>vindicantium</strong></span> <span class='ocrx_word' id='word_1_107' title='bbox 2297 1091 2355 1136; x_wconf 90' lang='lat' dir='ltr'><strong>et</strong></span> <span class='ocrx_word' id='word_1_108' title='bbox 2394 1081 2463 1135; x_wconf 84' lang='lat' dir='ltr'><strong>ad</strong></span> <span class='ocrx_word' id='word_1_109' title='bbox 2492 1098 2622 1138; x_wconf 89' lang='lat' dir='ltr'><strong>snas</strong></span> <span class='ocrx_word' id='word_1_110' title='bbox 2656 1083 2971 1153; x_wconf 80' lang='lat' dir='ltr'><strong>voluptates</strong></span> <span class='ocrx_word' id='word_1_111' title='bbox 3007 1084 3437 1148; x_wconf 80' lang='lat' dir='ltr'><strong>conferentium,</strong></span> <span class='ocrx_word' id='word_1_112' title='bbox 3475 1100 3683 1156; x_wconf 84' lang='lat' dir='ltr'><strong>easque</strong></span> 
     </span>
    </p>
   </div>
   <div class='ocr_carea' id='block_1_10' title="bbox 426 1170 3681 1243">
    <p class='ocr_par' dir='ltr' id='par_1_10' title="bbox 426 1170 3681 1243">
     <span class='ocr_line' id='line_1_10' title="bbox 426 1170 3681 1243; baseline 0.001 -16"><span class='ocrx_word' id='word_1_113' title='bbox 426 1189 621 1243; x_wconf 87' lang='lat' dir='ltr'><strong>parum</strong></span> <span class='ocrx_word' id='word_1_114' title='bbox 656 1173 941 1238; x_wconf 82' lang='lat' dir='ltr'><strong>honestas,</strong></span> <span class='ocrx_word' id='word_1_115' title='bbox 977 1188 1102 1226; x_wconf 91' lang='lat' dir='ltr'><strong>cum</strong></span> <span class='ocrx_word' id='word_1_116' title='bbox 1132 1171 1352 1242; x_wconf 90' lang='lat' dir='ltr'><strong>publica</strong></span> <span class='ocrx_word' id='word_1_117' title='bbox 1403 1171 1698 1242; x_wconf 79' lang='lat' dir='ltr'><strong>quibusvis</strong></span> <span class='ocrx_word' id='word_1_118' title='bbox 1742 1170 2036 1233; x_wconf 88' lang='lat' dir='ltr'><strong>donarent,</strong></span> <span class='ocrx_word' id='word_1_119' title='bbox 2071 1185 2174 1225; x_wconf 90' lang='lat' dir='ltr'><strong>nec</strong></span> <span class='ocrx_word' id='word_1_120' title='bbox 2204 1182 2485 1239; x_wconf 89' lang='lat' dir='ltr'><strong>pastorum</strong></span> <span class='ocrx_word' id='word_1_121' title='bbox 2540 1171 2714 1225; x_wconf 88' lang='lat' dir='ltr'><strong>instar</strong></span> <span class='ocrx_word' id='word_1_122' title='bbox 2761 1171 3018 1229; x_wconf 88' lang='lat' dir='ltr'><strong>subditos</strong></span> <span class='ocrx_word' id='word_1_123' title='bbox 3051 1181 3376 1240; x_wconf 83' lang='lat' dir='ltr'><strong>tractarent,</strong></span> <span class='ocrx_word' id='word_1_124' title='bbox 3427 1190 3530 1230; x_wconf 90' lang='lat' dir='ltr'><strong>nec</strong></span> <span class='ocrx_word' id='word_1_125' title='bbox 3552 1176 3681 1231; x_wconf 84' lang='lat' dir='ltr'><strong>lana</strong></span> 
     </span>
    </p>
   </div>
   <div class='ocr_carea' id='block_1_11' title="bbox 427 1257 3229 1331">
    <p class='ocr_par' dir='ltr' id='par_1_11' title="bbox 427 1257 3229 1331">
     <span class='ocr_line' id='line_1_11' title="bbox 427 1257 3229 1331; baseline -0.002 -16"><span class='ocrx_word' id='word_1_126' title='bbox 427 1275 769 1329; x_wconf 88' lang='lat' dir='ltr'><strong>supervacua</strong></span> <span class='ocrx_word' id='word_1_127' title='bbox 807 1259 1059 1324; x_wconf 87' lang='lat' dir='ltr'><strong>detonsa,</strong></span> <span class='ocrx_word' id='word_1_128' title='bbox 1093 1258 1188 1314; x_wconf 91' lang='lat' dir='ltr'><strong>sed</strong></span> <span class='ocrx_word' id='word_1_129' title='bbox 1216 1258 1537 1328; x_wconf 67' lang='lat' dir='ltr'><strong>praedonum</strong></span> <span class='ocrx_word' id='word_1_130' title='bbox 1574 1273 1729 1313; x_wconf 89' lang='lat' dir='ltr'><strong>more</strong></span> <span class='ocrx_word' id='word_1_131' title='bbox 1772 1272 1904 1313; x_wconf 90' lang='lat' dir='ltr'><strong>oves</strong></span> <span class='ocrx_word' id='word_1_132' title='bbox 1937 1258 2253 1320; x_wconf 81' lang='lat' dir='ltr'><strong>mactanda,</strong></span> <span class='ocrx_word' id='word_1_133' title='bbox 2280 1258 2348 1314; x_wconf 91' lang='lat' dir='ltr'><strong>ad</strong></span> <span class='ocrx_word' id='word_1_134' title='bbox 2397 1257 2667 1314; x_wconf 83' lang='lat' dir='ltr'><strong>medullas</strong></span> <span class='ocrx_word' id='word_1_135' title='bbox 2696 1259 2845 1329; x_wconf 70' lang='lat' dir='ltr'><strong>ipsas</strong></span> <span class='ocrx_word' id='word_1_136' title='bbox 2875 1270 3229 1331; x_wconf 86' lang='lat' dir='ltr'><strong>exsugerent.</strong></span> 
     </span>
    </p>
   </div>
   <div class='ocr_carea' id='block_1_12' title="bbox 497 1344 3681 1415">
    <p class='ocr_par' dir='ltr' id='par_1_12' title="bbox 497 1344 3681 1415">
     <span class='ocr_line' id='line_1_12' title="bbox 497 1344 3681 1415; baseline 0 -11"><span class='ocrx_word' id='word_1_137' title='bbox 497 1348 756 1404; x_wconf 87' lang='lat' dir='ltr'><strong>Chroniei</strong></span> <span class='ocrx_word' id='word_1_138' title='bbox 778 1346 1005 1408; x_wconf 84' lang='lat' dir='ltr'><strong>titulum</strong></span> <span class='ocrx_word' id='word_1_139' title='bbox 1031 1346 1228 1401; x_wconf 89' lang='lat' dir='ltr'><strong>huicee</strong></span> <span class='ocrx_word' id='word_1_140' title='bbox 1255 1347 1485 1401; x_wconf 78' lang='lat' dir='ltr'><strong>Zonara:</strong></span> <span class='ocrx_word' id='word_1_141' title='bbox 1514 1346 1759 1401; x_wconf 70' lang='lat' dir='ltr'><strong>historiae</strong></span> <span class='ocrx_word' id='word_1_142' title='bbox 1803 1346 2163 1415; x_wconf 88' lang='lat' dir='ltr'><strong>ascripsimus</strong></span> <span class='ocrx_word' id='word_1_143' title='bbox 2198 1345 2668 1415; x_wconf 85' lang='lat' dir='ltr'><strong>quemadmodum</strong></span> <span class='ocrx_word' id='word_1_144' title='bbox 2707 1344 2960 1401; x_wconf 83' lang='lat' dir='ltr'><strong>Wollins.</strong></span> <span class='ocrx_word' id='word_1_145' title='bbox 3005 1346 3139 1401; x_wconf 82' lang='lat' dir='ltr'><strong>Nam</strong></span> <span class='ocrx_word' id='word_1_146' title='bbox 3175 1360 3232 1401; x_wconf 88' lang='lat' dir='ltr'><strong>et</strong></span> <span class='ocrx_word' id='word_1_147' title='bbox 3260 1347 3333 1403; x_wconf 88' lang='lat' dir='ltr'><strong>ita</strong></span> <span class='ocrx_word' id='word_1_148' title='bbox 3367 1349 3625 1405; x_wconf 87' lang='lat' dir='ltr'><strong>laudatur</strong></span> <span class='ocrx_word' id='word_1_149' title='bbox 3652 1368 3681 1405; x_wconf 71' lang='grc' dir='ltr'><strong>ιι</strong></span> 
     </span>
    </p>
   </div>
   <div class='ocr_carea' id='block_1_13' title="bbox 424 1432 2031 1507">
    <p class='ocr_par' dir='ltr' id='par_1_13' title="bbox 424 1433 2031 1506">
     <span class='ocr_line' id='line_1_13' title="bbox 424 1433 2031 1506; baseline -0.003 -15"><span class='ocrx_word' id='word_1_150' title='bbox 424 1436 688 1492; x_wconf 77' lang='lat' dir='ltr'><strong>Micbacle</strong></span> <span class='ocrx_word' id='word_1_151' title='bbox 717 1434 881 1506; x_wconf 85' lang='lat' dir='ltr'><strong>Glyca</strong></span> <span class='ocrx_word' id='word_1_152' title='bbox 908 1434 963 1488; x_wconf 92' lang='lat' dir='ltr'><strong>in</strong></span> <span class='ocrx_word' id='word_1_153' title='bbox 981 1433 1290 1488; x_wconf 77' lang='lat' dir='ltr'><strong>Annalibus</strong></span> <span class='ocrx_word' id='word_1_154' title='bbox 1321 1450 1338 1491; x_wconf 84' lang='lat'><strong>;</strong></span> <span class='ocrx_word' id='word_1_155' title='bbox 1385 1434 1445 1485; x_wconf 84' lang='grc' dir='ltr'><strong>Ὀ</strong></span> <span class='ocrx_word' id='word_1_156' title='bbox 1485 1434 1745 1503; x_wconf 81' lang='grc' dir='ltr'><strong>Ζωναρᾶς</strong></span> <span class='ocrx_word' id='word_1_157' title='bbox 1781 1433 1840 1485; x_wconf 81' lang='grc' dir='ltr'><strong>ὲν</strong></span> <span class='ocrx_word' id='word_1_158' title='bbox 1875 1433 1950 1500; x_wconf 84' lang='grc' dir='ltr'><strong>τῷ</strong></span> <span class='ocrx_word' id='word_1_159' title='bbox 1988 1451 2031 1503; x_wconf 56' lang='grc' dir='ltr'><strong>χ]</strong></span> 
     </span>
    </p>
   </div>
   <div class='ocr_carea' id='block_1_14' title="bbox 2074 1432 3681 1507">
    <p class='ocr_par' dir='ltr' id='par_1_14' title="bbox 2074 1432 3681 1507">
     <span class='ocr_line' id='line_1_14' title="bbox 2074 1432 3681 1507; baseline 0.005 -23"><span class='ocrx_word' id='word_1_160' title='bbox 2074 1432 2223 1501; x_wconf 68' lang='grc' dir='ltr'>ινικῷ</span> <span class='ocrx_word' id='word_1_161' title='bbox 2254 1433 2690 1501; x_wconf 76' lang='grc' dir='ltr'><strong>συντάγματι,ρι</strong></span> <span class='ocrx_word' id='word_1_162' title='bbox 2718 1432 2773 1487; x_wconf 92' lang='lat' dir='ltr'><strong>in</strong></span> <span class='ocrx_word' id='word_1_163' title='bbox 2805 1434 2980 1488; x_wconf 84' lang='lat' dir='ltr'><strong>altero</strong></span> <span class='ocrx_word' id='word_1_164' title='bbox 3015 1449 3046 1488; x_wconf 88' lang='lat' dir='ltr'><strong>e</strong></span> <span class='ocrx_word' id='word_1_165' title='bbox 3076 1434 3364 1490; x_wconf 81' lang='lat' dir='ltr'><strong>codicibus</strong></span> <span class='ocrx_word' id='word_1_166' title='bbox 3395 1437 3602 1507; x_wconf 77' lang='lat' dir='ltr'><strong>Regiis,</strong></span> <span class='ocrx_word' id='word_1_167' title='bbox 3627 1440 3681 1492; x_wconf 89' lang='lat' dir='ltr'><strong>in</strong></span> 
     </span>
    </p>
   </div>
   <div class='ocr_carea' id='block_1_15' title="bbox 426 1519 2033 1596">
    <p class='ocr_par' dir='ltr' id='par_1_15' title="bbox 426 1521 2033 1596">
     <span class='ocr_line' id='line_1_15' title="bbox 426 1521 2033 1596; baseline -0.004 -16"><span class='ocrx_word' id='word_1_168' title='bbox 426 1540 538 1596; x_wconf 92' lang='lat' dir='ltr'><strong>quo</strong></span> <span class='ocrx_word' id='word_1_169' title='bbox 564 1524 808 1580; x_wconf 89' lang='lat' dir='ltr'><strong>secunda</strong></span> <span class='ocrx_word' id='word_1_170' title='bbox 835 1524 1104 1579; x_wconf 85' lang='lat' dir='ltr'><strong>duntaxat</strong></span> <span class='ocrx_word' id='word_1_171' title='bbox 1134 1538 1264 1592; x_wconf 87' lang='lat' dir='ltr'><strong>pars</strong></span> <span class='ocrx_word' id='word_1_172' title='bbox 1294 1522 1636 1586; x_wconf 89' lang='lat' dir='ltr'><strong>continetur,</strong></span> <span class='ocrx_word' id='word_1_173' title='bbox 1670 1521 1788 1577; x_wconf 75' lang='lat' dir='ltr'><strong>bzec</strong></span> <span class='ocrx_word' id='word_1_174' title='bbox 1813 1522 1981 1577; x_wconf 90' lang='lat' dir='ltr'><strong>verba</strong></span> <span class='ocrx_word' id='word_1_175' title='bbox 2006 1522 2033 1574; x_wconf 73' lang='lat' dir='ltr'><strong>il</strong></span> 
     </span>
    </p>
   </div>
   <div class='ocr_carea' id='block_1_16' title="bbox 2077 1519 3684 1596">
    <p class='ocr_par' dir='ltr' id='par_1_16' title="bbox 2093 1519 3684 1592">
     <span class='ocr_line' id='line_1_16' title="bbox 2093 1519 3684 1592; baseline 0.002 -19"><span class='ocrx_word' id='word_1_176' title='bbox 2093 1519 2272 1573; x_wconf 84' lang='lat' dir='ltr'><strong>fronte</strong></span> <span class='ocrx_word' id='word_1_177' title='bbox 2305 1519 2601 1589; x_wconf 85' lang='lat' dir='ltr'><strong>leguntur:</strong></span> <span class='ocrx_word' id='word_1_178' title='bbox 2634 1519 2706 1571; x_wconf 84' lang='grc' dir='ltr'>Τὸ</span> <span class='ocrx_word' id='word_1_179' title='bbox 2721 1520 2895 1590; x_wconf 81' lang='grc' dir='ltr'>παρὸν</span> <span class='ocrx_word' id='word_1_180' title='bbox 2928 1519 3134 1589; x_wconf 75' lang='grc' dir='ltr'><strong>βιϐλίον</strong></span> <span class='ocrx_word' id='word_1_181' title='bbox 3162 1523 3532 1592; x_wconf 70' lang='grc' dir='ltr'><strong>χρονογρὰφος</strong></span> <span class='ocrx_word' id='word_1_182' title='bbox 3568 1526 3684 1577; x_wconf 71' lang='grc' dir='ltr'><strong>ὀνο·-</strong></span> 
     </span>
    </p>
   </div>
   <div class='ocr_carea' id='block_1_17' title="bbox 428 1606 3687 1683">
    <p class='ocr_par' dir='ltr' id='par_1_17' title="bbox 428 1606 3687 1683">
     <span class='ocr_line' id='line_1_17' title="bbox 428 1606 3687 1683; baseline 0 -15"><span class='ocrx_word' id='word_1_183' title='bbox 428 1610 916 1683; x_wconf 61' lang='grc' dir='ltr'>μάζεται.ᾚθιιιιιι</span> <span class='ocrx_word' id='word_1_184' title='bbox 945 1610 1000 1662; x_wconf 92' lang='lat' dir='ltr'><strong>in</strong></span> <span class='ocrx_word' id='word_1_185' title='bbox 1036 1609 1229 1664; x_wconf 88' lang='lat' dir='ltr'><strong>codice</strong></span> <span class='ocrx_word' id='word_1_186' title='bbox 1258 1606 1556 1662; x_wconf 81' lang='lat' dir='ltr'><strong>Viennensi</strong></span> <span class='ocrx_word' id='word_1_187' title='bbox 1583 1648 1598 1673; x_wconf 95' lang='lat'><strong>,</strong></span> <span class='ocrx_word' id='word_1_188' title='bbox 1642 1623 1752 1676; x_wconf 93' lang='lat' dir='ltr'><strong>quo</strong></span> <span class='ocrx_word' id='word_1_189' title='bbox 1797 1624 1930 1661; x_wconf 72' lang='lat' dir='ltr'><strong>usus</strong></span> <span class='ocrx_word' id='word_1_190' title='bbox 1973 1617 2059 1663; x_wconf 90' lang='lat' dir='ltr'><strong>est</strong></span> <span class='ocrx_word' id='word_1_191' title='bbox 2096 1606 2367 1669; x_wconf 78' lang='lat' dir='ltr'><strong>Wolﬁus,</strong></span> <span class='ocrx_word' id='word_1_192' title='bbox 2411 1606 2519 1659; x_wconf 91' lang='lat' dir='ltr'><strong>alia</strong></span> <span class='ocrx_word' id='word_1_193' title='bbox 2576 1606 2815 1661; x_wconf 84' lang='lat' dir='ltr'><strong>habetur</strong></span> <span class='ocrx_word' id='word_1_194' title='bbox 2861 1606 3158 1677; x_wconf 87' lang='lat' dir='ltr'><strong>epigraphe</strong></span> <span class='ocrx_word' id='word_1_195' title='bbox 3182 1647 3198 1672; x_wconf 90' lang='lat'><strong>,</strong></span> <span class='ocrx_word' id='word_1_196' title='bbox 3236 1607 3388 1664; x_wconf 89' lang='lat' dir='ltr'><strong>hisce</strong></span> <span class='ocrx_word' id='word_1_197' title='bbox 3427 1611 3687 1669; x_wconf 83' lang='lat' dir='ltr'><strong>videlicet</strong></span> 
     </span>
    </p>
   </div>
   <div class='ocr_carea' id='block_1_18' title="bbox 424 1692 3683 1768">
    <p class='ocr_par' dir='ltr' id='par_1_18' title="bbox 424 1692 3683 1768">
     <span class='ocr_line' id='line_1_18' title="bbox 424 1692 3683 1768; baseline 0.001 -17"><span class='ocrx_word' id='word_1_198' title='bbox 424 1697 655 1751; x_wconf 75' lang='lat' dir='ltr'><strong>vocibus</strong></span> <span class='ocrx_word' id='word_1_199' title='bbox 687 1705 986 1764; x_wconf 90' lang='lat' dir='ltr'><strong>concepta:</strong></span> <span class='ocrx_word' id='word_1_200' title='bbox 1031 1693 1299 1763; x_wconf 81' lang='grc' dir='ltr'><strong>Ἐπιτομὴ</strong></span> <span class='ocrx_word' id='word_1_201' title='bbox 1330 1692 1580 1760; x_wconf 78' lang='grc' dir='ltr'><strong>ἱστοριῶν</strong></span> <span class='ocrx_word' id='word_1_202' title='bbox 1639 1692 1960 1758; x_wconf 66' lang='grc' dir='ltr'><strong>συλλεγεῖσα.</strong></span> <span class='ocrx_word' id='word_1_203' title='bbox 2009 1694 2100 1745; x_wconf 76' lang='grc' dir='ltr'><strong>καὶ</strong></span> <span class='ocrx_word' id='word_1_204' title='bbox 2156 1696 2540 1762; x_wconf 76' lang='grc' dir='ltr'><strong>συγγραφεῖσα</strong></span> <span class='ocrx_word' id='word_1_205' title='bbox 2589 1695 2741 1764; x_wconf 68' lang='grc' dir='ltr'><strong>παρὰ</strong></span> <span class='ocrx_word' id='word_1_206' title='bbox 2799 1693 2894 1746; x_wconf 86' lang='grc' dir='ltr'><strong>τοῦ</strong></span> <span class='ocrx_word' id='word_1_207' title='bbox 2949 1693 3261 1761; x_wconf 84' lang='grc' dir='ltr'><strong>σοφωτάτου</strong></span> <span class='ocrx_word' id='word_1_208' title='bbox 3308 1701 3544 1768; x_wconf 73' lang='grc' dir='ltr'><strong>μονᾳχοῦ</strong></span> <span class='ocrx_word' id='word_1_209' title='bbox 3586 1702 3683 1754; x_wconf 70' lang='grc' dir='ltr'><strong>τοῦ</strong></span> 
     </span>
    </p>
   </div>
   <div class='ocr_carea' id='block_1_19' title="bbox 425 1772 3681 1855">
    <p class='ocr_par' dir='ltr' id='par_1_19' title="bbox 425 1772 3681 1855">
     <span class='ocr_line' id='line_1_19' title="bbox 425 1772 3681 1855; baseline 0.001 -18"><span class='ocrx_word' id='word_1_210' title='bbox 425 1784 684 1854; x_wconf 82' lang='grc' dir='ltr'><strong>Ζωναρᾶ,</strong></span> <span class='ocrx_word' id='word_1_211' title='bbox 718 1782 815 1835; x_wconf 82' lang='grc' dir='ltr'><strong>τοῦ</strong></span> <span class='ocrx_word' id='word_1_212' title='bbox 863 1781 1147 1851; x_wconf 83' lang='grc' dir='ltr'><strong>γεγονότος</strong></span> <span class='ocrx_word' id='word_1_213' title='bbox 1189 1779 1426 1849; x_wconf 79' lang='grc' dir='ltr'><strong>μεγάλου</strong></span> <span class='ocrx_word' id='word_1_214' title='bbox 1485 1779 1847 1852; x_wconf 80' lang='grc' dir='ltr'><strong>δρουγγαρξου</strong></span> <span class='ocrx_word' id='word_1_215' title='bbox 1878 1778 1976 1846; x_wconf 82' lang='grc' dir='ltr'><strong>τῆς</strong></span> <span class='ocrx_word' id='word_1_216' title='bbox 2017 1778 2208 1848; x_wconf 77' lang='grc' dir='ltr'><strong>βίγλας</strong></span> <span class='ocrx_word' id='word_1_217' title='bbox 2261 1781 2358 1833; x_wconf 79' lang='grc' dir='ltr'><strong>καὶ</strong></span> <span class='ocrx_word' id='word_1_218' title='bbox 2416 1783 2934 1851; x_wconf 64' lang='grc' dir='ltr'><strong>πρωτοασηκρῖτις.</strong></span> <span class='ocrx_word' id='word_1_219' title='bbox 2984 1781 3051 1835; x_wconf 88' lang='lat' dir='ltr'><strong>Et</strong></span> <span class='ocrx_word' id='word_1_220' title='bbox 3108 1772 3241 1839; x_wconf 86' lang='lat' dir='ltr'><strong>sane</strong></span> <span class='ocrx_word' id='word_1_221' title='bbox 3291 1788 3681 1855; x_wconf 85' lang='lat' dir='ltr'><strong>compendium</strong></span> 
     </span>
    </p>
   </div>
   <div class='ocr_carea' id='block_1_20' title="bbox 424 1865 2031 1947">
    <p class='ocr_par' dir='ltr' id='par_1_20' title="bbox 424 1865 2031 1939">
     <span class='ocr_line' id='line_1_20' title="bbox 424 1865 2031 1939; baseline -0.005 -13"><span class='ocrx_word' id='word_1_222' title='bbox 424 1871 670 1927; x_wconf 70' lang='lat' dir='ltr'><strong>historia:</strong></span> <span class='ocrx_word' id='word_1_223' title='bbox 720 1870 967 1925; x_wconf 86' lang='lat' dir='ltr'><strong>scribere</strong></span> <span class='ocrx_word' id='word_1_224' title='bbox 1011 1883 1068 1923; x_wconf 90' lang='lat' dir='ltr'><strong>se</strong></span> <span class='ocrx_word' id='word_1_225' title='bbox 1103 1866 1393 1939; x_wconf 75' lang='lat' dir='ltr'><strong>profitetur</strong></span> <span class='ocrx_word' id='word_1_226' title='bbox 1448 1865 1564 1935; x_wconf 85' lang='lat' dir='ltr'><strong>ipse</strong></span> <span class='ocrx_word' id='word_1_227' title='bbox 1595 1865 1837 1919; x_wconf 86' lang='lat' dir='ltr'><strong>Zonaras</strong></span> <span class='ocrx_word' id='word_1_228' title='bbox 1861 1880 1876 1896; x_wconf 77' lang='grc' dir='ltr'><strong>ο</strong></span> <span class='ocrx_word' id='word_1_229' title='bbox 1898 1866 2031 1936; x_wconf 84' lang='grc' dir='ltr'><strong>Ἐμο</strong></span> 
     </span>
    </p>
   </div>
   <div class='ocr_carea' id='block_1_21' title="bbox 2076 1865 3683 1947">
    <p class='ocr_par' dir='ltr' id='par_1_21' title="bbox 2105 1866 3683 1947">
     <span class='ocr_line' id='line_1_21' title="bbox 2105 1866 3683 1947; baseline 0.006 -28"><span class='ocrx_word' id='word_1_230' title='bbox 2105 1866 2150 1920; x_wconf 87' lang='grc' dir='ltr'><strong>δ’</strong></span> <span class='ocrx_word' id='word_1_231' title='bbox 2182 1866 2448 1937; x_wconf 74' lang='grc' dir='ltr'><strong>ἐπιτομὴν</strong></span> <span class='ocrx_word' id='word_1_232' title='bbox 2498 1867 2740 1938; x_wconf 77' lang='grc' dir='ltr'><strong>ἱστορίας</strong></span> <span class='ocrx_word' id='word_1_233' title='bbox 2774 1869 3129 1940; x_wconf 75' lang='grc' dir='ltr'><strong>πεποιημένῳ</strong></span> <span class='ocrx_word' id='word_1_234' title='bbox 3178 1872 3282 1924; x_wconf 78' lang='grc' dir='ltr'><strong>οὐκ</strong></span> <span class='ocrx_word' id='word_1_235' title='bbox 3318 1873 3534 1927; x_wconf 75' lang='grc' dir='ltr'><strong>ἐπέοικε</strong></span> <span class='ocrx_word' id='word_1_236' title='bbox 3584 1877 3683 1947; x_wconf 71' lang='grc' dir='ltr'><strong>τὴν</strong></span> 
     </span>
    </p>
   </div>
   <div class='ocr_carea' id='block_1_22' title="bbox 424 1953 1739 2030">
    <p class='ocr_par' dir='ltr' id='par_1_22' title="bbox 424 1953 1739 2030">
     <span class='ocr_line' id='line_1_22' title="bbox 424 1953 1739 2030; baseline -0.004 -18"><span class='ocrx_word' id='word_1_237' title='bbox 424 1958 814 2030; x_wconf 70' lang='grc' dir='ltr'><strong>πραγματείαν</strong></span> <span class='ocrx_word' id='word_1_238' title='bbox 846 1956 1038 2011; x_wconf 81' lang='grc' dir='ltr'>Θὲσθαι</span> <span class='ocrx_word' id='word_1_239' title='bbox 1070 1956 1420 2023; x_wconf 77' lang='grc' dir='ltr'><strong>πολύστιχον,</strong></span> <span class='ocrx_word' id='word_1_240' title='bbox 1461 1962 1570 2008; x_wconf 92' lang='lat' dir='ltr'><strong>etc.</strong></span> <span class='ocrx_word' id='word_1_241' title='bbox 1601 1953 1739 2024; x_wconf 72' lang='lat' dir='ltr'><strong>(2i).</strong></span> 
     </span>
    </p>
   </div>
   <div class='ocr_carea' id='block_1_23' title="bbox 497 2044 3679 2125">
    <p class='ocr_par' dir='ltr' id='par_1_23' title="bbox 497 2044 3679 2125">
     <span class='ocr_line' id='line_1_23' title="bbox 497 2044 3679 2125; baseline 0.001 -18"><span class='ocrx_word' id='word_1_242' title='bbox 497 2053 827 2109; x_wconf 88' lang='lat' dir='ltr'><strong>Universum</strong></span> <span class='ocrx_word' id='word_1_243' title='bbox 877 2065 1010 2103; x_wconf 89' lang='lat' dir='ltr'><strong>vero</strong></span> <span class='ocrx_word' id='word_1_244' title='bbox 1054 2062 1197 2117; x_wconf 88' lang='lat' dir='ltr'><strong>opus</strong></span> <span class='ocrx_word' id='word_1_245' title='bbox 1223 2044 1362 2100; x_wconf 89' lang='lat' dir='ltr'><strong>duas</strong></span> <span class='ocrx_word' id='word_1_246' title='bbox 1386 2045 1439 2098; x_wconf 92' lang='lat' dir='ltr'><strong>in</strong></span> <span class='ocrx_word' id='word_1_247' title='bbox 1478 2054 1664 2114; x_wconf 88' lang='lat' dir='ltr'><strong>partes</strong></span> <span class='ocrx_word' id='word_1_248' title='bbox 1705 2045 2033 2100; x_wconf 88' lang='lat' dir='ltr'><strong>distribuit:</strong></span> <span class='ocrx_word' id='word_1_249' title='bbox 2076 2060 2139 2100; x_wconf 88' lang='lat' dir='ltr'><strong>ac</strong></span> <span class='ocrx_word' id='word_1_250' title='bbox 2176 2047 2231 2125; x_wconf 80' lang='lat' dir='ltr'><strong>in</strong></span> <span class='ocrx_word' id='word_1_251' title='bbox 2272 2046 2442 2116; x_wconf 89' lang='lat' dir='ltr'><strong>priori</strong></span> <span class='ocrx_word' id='word_1_252' title='bbox 2492 2048 2717 2118; x_wconf 85' lang='lat' dir='ltr'><strong>quidem</strong></span> <span class='ocrx_word' id='word_1_253' title='bbox 2754 2048 3004 2104; x_wconf 74' lang='lat' dir='ltr'><strong>historia:</strong></span> <span class='ocrx_word' id='word_1_254' title='bbox 3034 2066 3199 2123; x_wconf 90' lang='lat' dir='ltr'><strong>quam</strong></span> <span class='ocrx_word' id='word_1_255' title='bbox 3232 2052 3398 2125; x_wconf 82' lang='lat' dir='ltr'><strong>vulgo</strong></span> <span class='ocrx_word' id='word_1_256' title='bbox 3430 2067 3679 2111; x_wconf 83' lang='lat' dir='ltr'><strong>sanctam</strong></span> 
     </span>
    </p>
   </div>
   <div class='ocr_carea' id='block_1_24' title="bbox 425 2120 3683 2206">
    <p class='ocr_par' dir='ltr' id='par_1_24' title="bbox 425 2120 3683 2206">
     <span class='ocr_line' id='line_1_24' title="bbox 425 2120 3683 2206; baseline 0.001 -11"><span class='ocrx_word' id='word_1_257' title='bbox 425 2149 626 2195; x_wconf 85' lang='lat' dir='ltr'><strong>vocant</strong></span> <span class='ocrx_word' id='word_1_258' title='bbox 652 2154 719 2193; x_wconf 85' lang='lat' dir='ltr'><strong>ex</strong></span> <span class='ocrx_word' id='word_1_259' title='bbox 744 2137 918 2192; x_wconf 87' lang='lat' dir='ltr'><strong>sacris</strong></span> <span class='ocrx_word' id='word_1_260' title='bbox 946 2136 1129 2190; x_wconf 87' lang='lat' dir='ltr'><strong>Libris</strong></span> <span class='ocrx_word' id='word_1_261' title='bbox 1153 2143 1210 2188; x_wconf 88' lang='lat' dir='ltr'><strong>et</strong></span> <span class='ocrx_word' id='word_1_262' title='bbox 1240 2149 1306 2187; x_wconf 83' lang='lat' dir='ltr'><strong>ex</strong></span> <span class='ocrx_word' id='word_1_263' title='bbox 1336 2132 1564 2201; x_wconf 86' lang='lat' dir='ltr'><strong>Josephi</strong></span> <span class='ocrx_word' id='word_1_264' title='bbox 1596 2130 1978 2203; x_wconf 73' lang='lat' dir='ltr'><strong>Archzeologia</strong></span> <span class='ocrx_word' id='word_1_265' title='bbox 2008 2120 2399 2205; x_wconf 73' lang='lat' dir='ltr'><strong>compendium</strong></span> <span class='ocrx_word' id='word_1_266' title='bbox 2425 2138 2769 2206; x_wconf 84' lang='lat' dir='ltr'><strong>complexus,</strong></span> <span class='ocrx_word' id='word_1_267' title='bbox 2813 2146 2929 2192; x_wconf 87' lang='lat' dir='ltr'><strong>tntn</strong></span> <span class='ocrx_word' id='word_1_268' title='bbox 2960 2120 3399 2196; x_wconf 28' lang='lat' dir='ltr'><strong>res‘Graecoru&#39;m</strong></span> <span class='ocrx_word' id='word_1_269' title='bbox 3431 2154 3683 2199; x_wconf 85' lang='lat' dir='ltr'><strong>veterum</strong></span> 
     </span>
    </p>
   </div>
   <div class='ocr_carea' id='block_1_25' title="bbox 426 2219 3686 2299">
    <p class='ocr_par' dir='ltr' id='par_1_25' title="bbox 426 2219 3686 2299">
     <span class='ocr_line' id='line_1_25' title="bbox 426 2219 3686 2299; baseline 0.001 -17"><span class='ocrx_word' id='word_1_270' title='bbox 426 2228 623 2299; x_wconf 79' lang='lat' dir='ltr'><strong>tangit,</strong></span> <span class='ocrx_word' id='word_1_271' title='bbox 655 2242 719 2281; x_wconf 89' lang='lat' dir='ltr'><strong>ac</strong></span> <span class='ocrx_word' id='word_1_272' title='bbox 756 2226 1132 2279; x_wconf 77' lang='lat' dir='ltr'><strong>Romanorum</strong></span> <span class='ocrx_word' id='word_1_273' title='bbox 1166 2220 1370 2277; x_wconf 89' lang='lat' dir='ltr'><strong>deinde</strong></span> <span class='ocrx_word' id='word_1_274' title='bbox 1399 2219 1468 2274; x_wconf 90' lang='lat' dir='ltr'><strong>ad</strong></span> <span class='ocrx_word' id='word_1_275' title='bbox 1498 2234 1562 2274; x_wconf 92' lang='lat' dir='ltr'><strong>ea</strong></span> <span class='ocrx_word' id='word_1_276' title='bbox 1598 2234 1775 2289; x_wconf 84' lang='lat' dir='ltr'><strong>usque</strong></span> <span class='ocrx_word' id='word_1_277' title='bbox 1830 2229 2081 2289; x_wconf 86' lang='lat' dir='ltr'><strong>tempora</strong></span> <span class='ocrx_word' id='word_1_278' title='bbox 2131 2221 2425 2276; x_wconf 86' lang='lat' dir='ltr'><strong>historiam</strong></span> <span class='ocrx_word' id='word_1_279' title='bbox 2465 2222 2745 2293; x_wconf 90' lang='lat' dir='ltr'><strong>perducit,</strong></span> <span class='ocrx_word' id='word_1_280' title='bbox 2782 2225 2987 2294; x_wconf 86' lang='lat' dir='ltr'><strong>quibus</strong></span> <span class='ocrx_word' id='word_1_281' title='bbox 3029 2241 3121 2280; x_wconf 88' lang='lat' dir='ltr'><strong>res</strong></span> <span class='ocrx_word' id='word_1_282' title='bbox 3165 2227 3390 2297; x_wconf 89' lang='lat' dir='ltr'><strong>publica</strong></span> <span class='ocrx_word' id='word_1_283' title='bbox 3427 2230 3482 2284; x_wconf 92' lang='lat' dir='ltr'><strong>in</strong></span> <span class='ocrx_word' id='word_1_284' title='bbox 3517 2233 3686 2286; x_wconf 74' lang='lat' dir='ltr'><strong>unius</strong></span> 
     </span>
    </p>
   </div>
   <div class='ocr_carea' id='block_1_26' title="bbox 426 2300 3684 2388">
    <p class='ocr_par' dir='ltr' id='par_1_26' title="bbox 426 2300 3684 2388">
     <span class='ocr_line' id='line_1_26' title="bbox 426 2300 3684 2388; baseline 0.001 -17"><span class='ocrx_word' id='word_1_285' title='bbox 426 2300 966 2371; x_wconf 82' lang='lat' dir='ltr'><strong>administrationem</strong></span> <span class='ocrx_word' id='word_1_286' title='bbox 999 2325 1095 2365; x_wconf 89' lang='lat' dir='ltr'><strong>seu</strong></span> <span class='ocrx_word' id='word_1_287' title='bbox 1134 2308 1514 2364; x_wconf 82' lang='lat' dir='ltr'><strong>monarehiam</strong></span> <span class='ocrx_word' id='word_1_288' title='bbox 1551 2306 1774 2375; x_wconf 87' lang='lat' dir='ltr'><strong>delapsa</strong></span> <span class='ocrx_word' id='word_1_289' title='bbox 1800 2316 1905 2360; x_wconf 89' lang='lat' dir='ltr'><strong>est.</strong></span> <span class='ocrx_word' id='word_1_290' title='bbox 1933 2307 2177 2362; x_wconf 83' lang='lat' dir='ltr'><strong>Alteram</strong></span> <span class='ocrx_word' id='word_1_291' title='bbox 2205 2318 2388 2363; x_wconf 91' lang='lat' dir='ltr'><strong>autem</strong></span> <span class='ocrx_word' id='word_1_292' title='bbox 2419 2326 2449 2365; x_wconf 94' lang='lat' dir='ltr'><strong>a</strong></span> <span class='ocrx_word' id='word_1_293' title='bbox 2485 2310 2839 2366; x_wconf 90' lang='lat' dir='ltr'><strong>triumviratu</strong></span> <span class='ocrx_word' id='word_1_294' title='bbox 2877 2314 3120 2388; x_wconf 75' lang='lat' dir='ltr'><strong>orditur,</strong></span> <span class='ocrx_word' id='word_1_295' title='bbox 3152 2329 3216 2369; x_wconf 92' lang='lat' dir='ltr'><strong>ac</strong></span> <span class='ocrx_word' id='word_1_296' title='bbox 3246 2318 3539 2374; x_wconf 88' lang='lat' dir='ltr'><strong>recensitis</strong></span> <span class='ocrx_word' id='word_1_297' title='bbox 3564 2321 3684 2374; x_wconf 79' lang='lat' dir='ltr'><strong>sit:-</strong></span> 
     </span>
    </p>
   </div>
   <div class='ocr_carea' id='block_1_27' title="bbox 427 2390 3685 2476">
    <p class='ocr_par' dir='ltr' id='par_1_27' title="bbox 427 2390 3685 2476">
     <span class='ocr_line' id='line_1_27' title="bbox 427 2390 3685 2476; baseline 0.002 -19"><span class='ocrx_word' id='word_1_298' title='bbox 427 2404 683 2473; x_wconf 80' lang='lat' dir='ltr'><strong>gulornm</strong></span> <span class='ocrx_word' id='word_1_299' title='bbox 740 2401 1138 2469; x_wconf 88' lang='lat' dir='ltr'><strong>imperatorum</strong></span> <span class='ocrx_word' id='word_1_300' title='bbox 1192 2395 1362 2467; x_wconf 78' lang='lat' dir='ltr'><strong>gestis</strong></span> <span class='ocrx_word' id='word_1_301' title='bbox 1404 2408 1580 2463; x_wconf 91' lang='lat' dir='ltr'><strong>usque</strong></span> <span class='ocrx_word' id='word_1_302' title='bbox 1619 2392 1686 2446; x_wconf 91' lang='lat' dir='ltr'><strong>ad</strong></span> <span class='ocrx_word' id='word_1_303' title='bbox 1717 2392 1893 2447; x_wconf 85' lang='lat' dir='ltr'><strong>Alexii</strong></span> <span class='ocrx_word' id='word_1_304' title='bbox 1938 2390 2205 2449; x_wconf 89' lang='lat' dir='ltr'><strong>Comneni</strong></span> <span class='ocrx_word' id='word_1_305' title='bbox 2258 2396 2469 2452; x_wconf 89' lang='lat' dir='ltr'><strong>exitum</strong></span> <span class='ocrx_word' id='word_1_306' title='bbox 2522 2401 2896 2468; x_wconf 76' lang='lat' dir='ltr'><strong>persequitur,</strong></span> <span class='ocrx_word' id='word_1_307' title='bbox 2939 2402 2995 2457; x_wconf 89' lang='lat' dir='ltr'><strong>id</strong></span> <span class='ocrx_word' id='word_1_308' title='bbox 3039 2410 3124 2457; x_wconf 87' lang='lat' dir='ltr'><strong>est</strong></span> <span class='ocrx_word' id='word_1_309' title='bbox 3156 2402 3222 2456; x_wconf 90' lang='lat' dir='ltr'><strong>ad</strong></span> <span class='ocrx_word' id='word_1_310' title='bbox 3263 2406 3522 2458; x_wconf 68' lang='lat' dir='ltr'><strong>saeculum</strong></span> <span class='ocrx_word' id='word_1_311' title='bbox 3570 2422 3685 2476; x_wconf 81' lang='lat' dir='ltr'><strong>quo</strong></span> 
     </span>
    </p>
   </div>
   <div class='ocr_carea' id='block_1_28' title="bbox 430 2478 3684 2562">
    <p class='ocr_par' dir='ltr' id='par_1_28' title="bbox 430 2478 3684 2562">
     <span class='ocr_line' id='line_1_28' title="bbox 430 2478 3684 2562; baseline 0 -16"><span class='ocrx_word' id='word_1_312' title='bbox 430 2494 550 2562; x_wconf 86' lang='lat' dir='ltr'><strong>ipse</strong></span> <span class='ocrx_word' id='word_1_313' title='bbox 587 2490 726 2543; x_wconf 81' lang='lat' dir='ltr'><strong>vixit</strong></span> <span class='ocrx_word' id='word_1_314' title='bbox 757 2486 1137 2541; x_wconf 89' lang='lat' dir='ltr'><strong>undecimum.</strong></span> <span class='ocrx_word' id='word_1_315' title='bbox 1170 2483 1289 2538; x_wconf 88' lang='lat' dir='ltr'><strong>Non</strong></span> <span class='ocrx_word' id='word_1_316' title='bbox 1322 2481 1500 2537; x_wconf 89' lang='lat' dir='ltr'><strong>solum</strong></span> <span class='ocrx_word' id='word_1_317' title='bbox 1524 2478 1928 2534; x_wconf 82' lang='lat' dir='ltr'><strong>cnim’Joannis</strong></span> <span class='ocrx_word' id='word_1_318' title='bbox 1956 2479 2225 2537; x_wconf 89' lang='lat' dir='ltr'><strong>Comncni</strong></span> <span class='ocrx_word' id='word_1_319' title='bbox 2259 2484 2614 2555; x_wconf 87' lang='lat' dir='ltr'><strong>imperatoris</strong></span> <span class='ocrx_word' id='word_1_320' title='bbox 2652 2485 2830 2542; x_wconf 84' lang='lat' dir='ltr'><strong>Alexii</strong></span> <span class='ocrx_word' id='word_1_321' title='bbox 2874 2489 2971 2542; x_wconf 86' lang='lat' dir='ltr'><strong>lilii</strong></span> <span class='ocrx_word' id='word_1_322' title='bbox 3015 2491 3288 2555; x_wconf 89' lang='lat' dir='ltr'><strong>meminit,</strong></span> <span class='ocrx_word' id='word_1_323' title='bbox 3332 2491 3430 2545; x_wconf 89' lang='lat' dir='ltr'><strong>sed</strong></span> <span class='ocrx_word' id='word_1_324' title='bbox 3465 2502 3522 2546; x_wconf 90' lang='lat' dir='ltr'><strong>et</strong></span> <span class='ocrx_word' id='word_1_325' title='bbox 3558 2493 3684 2548; x_wconf 73' lang='lat' dir='ltr'><strong>Ma-</strong></span> 
     </span>
    </p>
   </div>
   <div class='ocr_carea' id='block_1_29' title="bbox 425 2566 3686 2647">
    <p class='ocr_par' dir='ltr' id='par_1_29' title="bbox 425 2566 3686 2647">
     <span class='ocr_line' id='line_1_29' title="bbox 425 2566 3686 2647; baseline 0.001 -15"><span class='ocrx_word' id='word_1_326' title='bbox 425 2578 591 2634; x_wconf 88' lang='lat' dir='ltr'><strong>nuele</strong></span> <span class='ocrx_word' id='word_1_327' title='bbox 622 2576 855 2632; x_wconf 78' lang='lat' dir='ltr'><strong>Joannis</strong></span> <span class='ocrx_word' id='word_1_328' title='bbox 889 2574 1002 2628; x_wconf 78' lang='lat' dir='ltr'><strong>tilio</strong></span> <span class='ocrx_word' id='word_1_329' title='bbox 1030 2573 1338 2642; x_wconf 88' lang='lat' dir='ltr'><strong>imperante</strong></span> <span class='ocrx_word' id='word_1_330' title='bbox 1373 2568 1579 2623; x_wconf 81' lang='lat' dir='ltr'><strong>vixisse</strong></span> <span class='ocrx_word' id='word_1_331' title='bbox 1617 2566 1761 2621; x_wconf 75' lang='lat' dir='ltr'><strong>intra</strong></span> <span class='ocrx_word' id='word_1_332' title='bbox 1797 2567 2080 2622; x_wconf 90' lang='lat' dir='ltr'><strong>docemus.</strong></span> <span class='ocrx_word' id='word_1_333' title='bbox 2124 2569 2398 2625; x_wconf 39' lang='lat' dir='ltr'><strong>Caeterum</strong></span> <span class='ocrx_word' id='word_1_334' title='bbox 2441 2571 2559 2627; x_wconf 70' lang='lat' dir='ltr'><strong>haec</strong></span> <span class='ocrx_word' id='word_1_335' title='bbox 2606 2573 2905 2628; x_wconf 85' lang='lat' dir='ltr'><strong>Annalium</strong></span> <span class='ocrx_word' id='word_1_336' title='bbox 2939 2575 3175 2630; x_wconf 77' lang='lat' dir='ltr'><strong>Zonara:</strong></span> <span class='ocrx_word' id='word_1_337' title='bbox 3206 2579 3435 2647; x_wconf 85' lang='lat' dir='ltr'><strong>partitio</strong></span> <span class='ocrx_word' id='word_1_338' title='bbox 3469 2595 3580 2634; x_wconf 87' lang='lat' dir='ltr'><strong>non</strong></span> <span class='ocrx_word' id='word_1_339' title='bbox 3617 2595 3686 2635; x_wconf 80' lang='lat' dir='ltr'><strong>ex</strong></span> 
     </span>
    </p>
   </div>
   <div class='ocr_carea' id='block_1_30' title="bbox 429 2656 3686 2739">
    <p class='ocr_par' dir='ltr' id='par_1_30' title="bbox 429 2656 3686 2739">
     <span class='ocr_line' id='line_1_30' title="bbox 429 2656 3686 2739; baseline 0 -16"><span class='ocrx_word' id='word_1_340' title='bbox 429 2671 546 2739; x_wconf 89' lang='lat' dir='ltr'><strong>ipsa</strong></span> <span class='ocrx_word' id='word_1_341' title='bbox 588 2665 754 2720; x_wconf 92' lang='lat' dir='ltr'><strong>modo</strong></span> <span class='ocrx_word' id='word_1_342' title='bbox 789 2662 1122 2719; x_wconf 63' lang='lat' dir='ltr'><strong>Pradatione</strong></span> <span class='ocrx_word' id='word_1_343' title='bbox 1155 2658 1481 2731; x_wconf 85' lang='lat' dir='ltr'><strong>percipitur,</strong></span> <span class='ocrx_word' id='word_1_344' title='bbox 1513 2656 1608 2712; x_wconf 88' lang='lat' dir='ltr'><strong>sed</strong></span> <span class='ocrx_word' id='word_1_345' title='bbox 1635 2656 1941 2726; x_wconf 65' lang='lat' dir='ltr'><strong>praesertim</strong></span> <span class='ocrx_word' id='word_1_346' title='bbox 1969 2671 2036 2710; x_wconf 83' lang='lat' dir='ltr'><strong>ex</strong></span> <span class='ocrx_word' id='word_1_347' title='bbox 2068 2656 2255 2711; x_wconf 85' lang='lat' dir='ltr'><strong>verbis</strong></span> <span class='ocrx_word' id='word_1_348' title='bbox 2282 2656 2490 2727; x_wconf 87' lang='lat' dir='ltr'><strong>quibus</strong></span> <span class='ocrx_word' id='word_1_349' title='bbox 2519 2675 2646 2727; x_wconf 87' lang='lat' dir='ltr'><strong>pars</strong></span> <span class='ocrx_word' id='word_1_350' title='bbox 2676 2660 2830 2730; x_wconf 91' lang='lat' dir='ltr'><strong>prior</strong></span> <span class='ocrx_word' id='word_1_351' title='bbox 2858 2661 3141 2716; x_wconf 86' lang='lat' dir='ltr'><strong>clauditur</strong></span> <span class='ocrx_word' id='word_1_352' title='bbox 3167 2664 3305 2734; x_wconf 74' lang='lat'><strong>(22),</strong></span> <span class='ocrx_word' id='word_1_353' title='bbox 3344 2676 3511 2735; x_wconf 91' lang='lat' dir='ltr'><strong>atque</strong></span> <span class='ocrx_word' id='word_1_354' title='bbox 3547 2669 3686 2724; x_wconf 89' lang='lat' dir='ltr'><strong>adeo</strong></span> 
     </span>
    </p>
   </div>
   <div class='ocr_carea' id='block_1_31' title="bbox 426 2743 2033 2827">
    <p class='ocr_par' dir='ltr' id='par_1_31' title="bbox 426 2743 2033 2821">
     <span class='ocr_line' id='line_1_31' title="bbox 426 2743 2033 2821; baseline -0.008 -11"><span class='ocrx_word' id='word_1_355' title='bbox 426 2771 494 2811; x_wconf 87' lang='lat' dir='ltr'><strong>ex</strong></span> <span class='ocrx_word' id='word_1_356' title='bbox 519 2753 748 2809; x_wconf 88' lang='lat' dir='ltr'><strong>alterius</strong></span> <span class='ocrx_word' id='word_1_357' title='bbox 776 2750 1163 2821; x_wconf 86' lang='lat' dir='ltr'><strong>inscriptione,</strong></span> <span class='ocrx_word' id='word_1_358' title='bbox 1205 2763 1326 2818; x_wconf 68' lang='lat' dir='ltr'><strong>quae</strong></span> <span class='ocrx_word' id='word_1_359' title='bbox 1349 2747 1405 2800; x_wconf 90' lang='lat' dir='ltr'><strong>in</strong></span> <span class='ocrx_word' id='word_1_360' title='bbox 1436 2744 1661 2814; x_wconf 90' lang='lat' dir='ltr'><strong>scriptis</strong></span> <span class='ocrx_word' id='word_1_361' title='bbox 1689 2743 1980 2799; x_wconf 89' lang='lat' dir='ltr'><strong>codicibus</strong></span> <span class='ocrx_word' id='word_1_362' title='bbox 2009 2744 2033 2797; x_wconf 71' lang='lat' dir='ltr'><strong>la</strong></span> 
     </span>
    </p>
   </div>
   <div class='ocr_carea' id='block_1_32' title="bbox 2076 2743 3683 2827">
    <p class='ocr_par' dir='ltr' id='par_1_32' title="bbox 2076 2746 3683 2827">
     <span class='ocr_line' id='line_1_32' title="bbox 2076 2746 3683 2827; baseline 0.007 -29"><span class='ocrx_word' id='word_1_363' title='bbox 2076 2760 2126 2799; x_wconf 70' lang='lat' dir='ltr'><strong>ac</strong></span> <span class='ocrx_word' id='word_1_364' title='bbox 2148 2746 2317 2802; x_wconf 81' lang='lat' dir='ltr'><strong>verba</strong></span> <span class='ocrx_word' id='word_1_365' title='bbox 2348 2748 2606 2817; x_wconf 67' lang='lat' dir='ltr'><strong>praefert:</strong></span> <span class='ocrx_word' id='word_1_366' title='bbox 2642 2751 2808 2822; x_wconf 75' lang='grc' dir='ltr'><strong>Ἀρχὴ</strong></span> <span class='ocrx_word' id='word_1_367' title='bbox 2841 2751 2937 2821; x_wconf 74' lang='grc' dir='ltr'><strong>τῆς</strong></span> <span class='ocrx_word' id='word_1_368' title='bbox 2964 2754 3093 2821; x_wconf 76' lang='grc' dir='ltr'><strong>περὶ</strong></span> <span class='ocrx_word' id='word_1_369' title='bbox 3122 2752 3231 2804; x_wconf 84' lang='grc' dir='ltr'><strong>τῶν</strong></span> <span class='ocrx_word' id='word_1_370' title='bbox 3263 2754 3683 2827; x_wconf 76' lang='grc' dir='ltr'><strong>αὐτοκρατόρων</strong></span> 
     </span>
    </p>
   </div>
   <div class='ocr_carea' id='block_1_33' title="bbox 428 2831 3688 2913">
    <p class='ocr_par' dir='ltr' id='par_1_33' title="bbox 428 2831 3688 2913">
     <span class='ocr_line' id='line_1_33' title="bbox 428 2831 3688 2913; baseline -0 -15"><span class='ocrx_word' id='word_1_371' title='bbox 428 2842 692 2913; x_wconf 69' lang='grc' dir='ltr'><strong>ἱστορίας.</strong></span> <span class='ocrx_word' id='word_1_372' title='bbox 720 2838 935 2907; x_wconf 84' lang='lat' dir='ltr'><strong>Quibus</strong></span> <span class='ocrx_word' id='word_1_373' title='bbox 971 2837 1195 2909; x_wconf 87' lang='lat' dir='ltr'><strong>quidem</strong></span> <span class='ocrx_word' id='word_1_374' title='bbox 1230 2834 1461 2891; x_wconf 81' lang='lat' dir='ltr'><strong>vocibus</strong></span> <span class='ocrx_word' id='word_1_375' title='bbox 1493 2833 1550 2887; x_wconf 91' lang='lat' dir='ltr'><strong>in</strong></span> <span class='ocrx_word' id='word_1_376' title='bbox 1580 2832 1759 2887; x_wconf 89' lang='lat' dir='ltr'><strong>altero</strong></span> <span class='ocrx_word' id='word_1_377' title='bbox 1795 2846 1864 2886; x_wconf 87' lang='lat' dir='ltr'><strong>ex</strong></span> <span class='ocrx_word' id='word_1_378' title='bbox 1908 2832 2094 2902; x_wconf 82' lang='lat' dir='ltr'><strong>Regiis</strong></span> <span class='ocrx_word' id='word_1_379' title='bbox 2125 2831 2263 2895; x_wconf 67' lang='grc' dir='ltr'><strong>ἰδίω,</strong></span> <span class='ocrx_word' id='word_1_380' title='bbox 2314 2835 2635 2891; x_wconf 81' lang='lat' dir='ltr'><strong>charactere</strong></span> <span class='ocrx_word' id='word_1_381' title='bbox 2662 2837 2795 2892; x_wconf 91' lang='lat' dir='ltr'><strong>licet</strong></span> <span class='ocrx_word' id='word_1_382' title='bbox 2824 2839 2991 2907; x_wconf 88' lang='lat' dir='ltr'><strong>paulo</strong></span> <span class='ocrx_word' id='word_1_383' title='bbox 3032 2839 3354 2905; x_wconf 85' lang='lat' dir='ltr'><strong>recentiori,</strong></span> <span class='ocrx_word' id='word_1_384' title='bbox 3396 2842 3688 2912; x_wconf 67' lang='lat' dir='ltr'><strong>praeﬁgun-</strong></span> 
     </span>
    </p>
   </div>
   <div class='ocr_carea' id='block_1_34' title="bbox 430 2917 2037 2998">
    <p class='ocr_par' dir='ltr' id='par_1_34' title="bbox 430 2917 2037 2998">
     <span class='ocr_line' id='line_1_34' title="bbox 430 2917 2037 2998; baseline -0.009 -13"><span class='ocrx_word' id='word_1_385' title='bbox 430 2942 517 2985; x_wconf 89' lang='lat' dir='ltr'><strong>tur</strong></span> <span class='ocrx_word' id='word_1_386' title='bbox 543 2947 558 2985; x_wconf 87' lang='lat'><strong>:</strong></span> <span class='ocrx_word' id='word_1_387' title='bbox 589 2928 850 2998; x_wconf 80' lang='grc' dir='ltr'><strong>Ἱστορίας</strong></span> <span class='ocrx_word' id='word_1_388' title='bbox 881 2926 1113 2995; x_wconf 83' lang='grc' dir='ltr'><strong>Ζωναρᾶ</strong></span> <span class='ocrx_word' id='word_1_389' title='bbox 1144 2924 1307 2993; x_wconf 80' lang='grc' dir='ltr'><strong>τόμος</strong></span> <span class='ocrx_word' id='word_1_390' title='bbox 1328 2920 1579 2990; x_wconf 79' lang='grc' dir='ltr'><strong>δεύτερος</strong></span> <span class='ocrx_word' id='word_1_391' title='bbox 1614 2920 1708 2973; x_wconf 82' lang='grc' dir='ltr'><strong>καὶ</strong></span> <span class='ocrx_word' id='word_1_392' title='bbox 1728 2917 2037 2982; x_wconf 76' lang='grc' dir='ltr'><strong>τελευταῖος</strong></span> 
     </span>
    </p>
   </div>
   <div class='ocr_carea' id='block_1_35' title="bbox 2079 2917 3686 2998">
    <p class='ocr_par' dir='ltr' id='par_1_35' title="bbox 2094 2919 3686 2994">
     <span class='ocr_line' id='line_1_35' title="bbox 2094 2919 3686 2994; baseline 0.006 -22"><span class='ocrx_word' id='word_1_393' title='bbox 2094 2919 2202 2973; x_wconf 84' lang='lat' dir='ltr'><strong>Sed</strong></span> <span class='ocrx_word' id='word_1_394' title='bbox 2236 2922 2540 2989; x_wconf 68' lang='lat' dir='ltr'><strong>pra&#39;sertim</strong></span> <span class='ocrx_word' id='word_1_395' title='bbox 2573 2923 2714 2977; x_wconf 87' lang='lat' dir='ltr'><strong>alter</strong></span> <span class='ocrx_word' id='word_1_396' title='bbox 2744 2938 2812 2978; x_wconf 85' lang='lat' dir='ltr'><strong>ex</strong></span> <span class='ocrx_word' id='word_1_397' title='bbox 2843 2924 3052 2994; x_wconf 82' lang='lat' dir='ltr'><strong>Regiis,</strong></span> <span class='ocrx_word' id='word_1_398' title='bbox 3088 2926 3181 2994; x_wconf 92' lang='lat' dir='ltr'><strong>qui</strong></span> <span class='ocrx_word' id='word_1_399' title='bbox 3218 2928 3520 2982; x_wconf 90' lang='lat' dir='ltr'><strong>secundam</strong></span> <span class='ocrx_word' id='word_1_400' title='bbox 3545 2930 3686 2983; x_wconf 86' lang='lat' dir='ltr'><strong>dun-</strong></span> 
     </span>
    </p>
   </div>
   <div class='ocr_carea' id='block_1_36' title="bbox 429 3005 3686 3087">
    <p class='ocr_par' dir='ltr' id='par_1_36' title="bbox 429 3005 3686 3087">
     <span class='ocr_line' id='line_1_36' title="bbox 429 3005 3686 3087; baseline -0.001 -16"><span class='ocrx_word' id='word_1_401' title='bbox 429 3026 577 3073; x_wconf 78' lang='lat' dir='ltr'><strong>taxat</strong></span> <span class='ocrx_word' id='word_1_402' title='bbox 625 3025 838 3087; x_wconf 89' lang='lat' dir='ltr'><strong>partem</strong></span> <span class='ocrx_word' id='word_1_403' title='bbox 882 3012 1177 3067; x_wconf 82' lang='lat' dir='ltr'><strong>Annalium</strong></span> <span class='ocrx_word' id='word_1_404' title='bbox 1221 3010 1449 3064; x_wconf 75' lang='lat' dir='ltr'><strong>Zonarte</strong></span> <span class='ocrx_word' id='word_1_405' title='bbox 1491 3006 1901 3077; x_wconf 90' lang='lat' dir='ltr'><strong>complectitur,</strong></span> <span class='ocrx_word' id='word_1_406' title='bbox 1952 3005 2006 3059; x_wconf 92' lang='lat' dir='ltr'><strong>in</strong></span> <span class='ocrx_word' id='word_1_407' title='bbox 2070 3007 2265 3075; x_wconf 85' lang='lat' dir='ltr'><strong>primis</strong></span> <span class='ocrx_word' id='word_1_408' title='bbox 2314 3019 2610 3064; x_wconf 82' lang='lat' dir='ltr'><strong>contextus</strong></span> <span class='ocrx_word' id='word_1_409' title='bbox 2655 3011 2820 3065; x_wconf 88' lang='lat' dir='ltr'><strong>lineis</strong></span> <span class='ocrx_word' id='word_1_410' title='bbox 2865 3011 3009 3066; x_wconf 86' lang='lat' dir='ltr'><strong>hanc</strong></span> <span class='ocrx_word' id='word_1_411' title='bbox 3056 3014 3411 3081; x_wconf 86' lang='lat' dir='ltr'><strong>partitionem</strong></span> <span class='ocrx_word' id='word_1_412' title='bbox 3457 3030 3686 3085; x_wconf 87' lang='lat' dir='ltr'><strong>prorsus</strong></span> 
     </span>
    </p>
   </div>
   <div class='ocr_carea' id='block_1_37' title="bbox 428 3089 2035 3173">
    <p class='ocr_par' dir='ltr' id='par_1_37' title="bbox 428 3092 2035 3173">
     <span class='ocr_line' id='line_1_37' title="bbox 428 3092 2035 3173; baseline -0.009 -13"><span class='ocrx_word' id='word_1_413' title='bbox 428 3104 647 3172; x_wconf 86' lang='lat' dir='ltr'><strong>astruit,</strong></span> <span class='ocrx_word' id='word_1_414' title='bbox 684 3103 739 3157; x_wconf 91' lang='lat' dir='ltr'><strong>in</strong></span> <span class='ocrx_word' id='word_1_415' title='bbox 770 3117 881 3173; x_wconf 92' lang='lat' dir='ltr'><strong>quo</strong></span> <span class='ocrx_word' id='word_1_416' title='bbox 913 3100 1153 3169; x_wconf 89' lang='lat' dir='ltr'><strong>scriptor</strong></span> <span class='ocrx_word' id='word_1_417' title='bbox 1181 3097 1255 3151; x_wconf 91' lang='lat' dir='ltr'><strong>ita</strong></span> <span class='ocrx_word' id='word_1_418' title='bbox 1281 3097 1424 3151; x_wconf 90' lang='lat' dir='ltr'><strong>hanc</strong></span> <span class='ocrx_word' id='word_1_419' title='bbox 1451 3095 1669 3149; x_wconf 87' lang='lat' dir='ltr'><strong>orditur</strong></span> <span class='ocrx_word' id='word_1_420' title='bbox 1699 3112 1712 3146; x_wconf 90' lang='lat'><strong>:</strong></span> <span class='ocrx_word' id='word_1_421' title='bbox 1756 3092 1850 3156; x_wconf 81' lang='grc' dir='ltr'><strong>Ἐξ</strong></span> <span class='ocrx_word' id='word_1_422' title='bbox 1877 3093 2035 3163; x_wconf 74' lang='grc' dir='ltr'><strong>ἀρχῆς</strong></span> 
     </span>
    </p>
   </div>
   <div class='ocr_carea' id='block_1_38' title="bbox 2072 3089 3679 3173">
    <p class='ocr_par' dir='ltr' id='par_1_38' title="bbox 2081 3089 3679 3173">
     <span class='ocr_line' id='line_1_38' title="bbox 2081 3089 3679 3173; baseline 0.006 -29"><span class='ocrx_word' id='word_1_423' title='bbox 2081 3093 2181 3162; x_wconf 83' lang='grc' dir='ltr'><strong>μὲν</strong></span> <span class='ocrx_word' id='word_1_424' title='bbox 2210 3089 2324 3159; x_wconf 82' lang='grc' dir='ltr'><strong>οὖν,</strong></span> <span class='ocrx_word' id='word_1_425' title='bbox 2350 3094 2425 3158; x_wconf 82' lang='grc' dir='ltr'><strong>ὡς</strong></span> <span class='ocrx_word' id='word_1_426' title='bbox 2457 3097 2515 3148; x_wconf 81' lang='grc' dir='ltr'><strong>ὲν</strong></span> <span class='ocrx_word' id='word_1_427' title='bbox 2546 3099 2613 3166; x_wconf 76' lang='grc' dir='ltr'><strong>τῇ</strong></span> <span class='ocrx_word' id='word_1_428' title='bbox 2651 3098 2893 3169; x_wconf 79' lang='grc' dir='ltr'><strong>προτέρᾳ</strong></span> <span class='ocrx_word' id='word_1_429' title='bbox 2933 3097 3102 3168; x_wconf 78' lang='grc' dir='ltr'><strong>βίϐλῳ</strong></span> <span class='ocrx_word' id='word_1_430' title='bbox 3136 3116 3227 3169; x_wconf 87' lang='grc' dir='ltr'><strong>μοι</strong></span> <span class='ocrx_word' id='word_1_431' title='bbox 3267 3104 3679 3173; x_wconf 79' lang='grc' dir='ltr'><strong>προῖστόρηται,</strong></span> 
     </span>
    </p>
   </div>
   <div class='ocr_carea' id='block_1_39' title="bbox 431 3178 2038 3265">
    <p class='ocr_par' dir='ltr' id='par_1_39' title="bbox 431 3178 2024 3265">
     <span class='ocr_line' id='line_1_39' title="bbox 431 3178 2024 3265; baseline -0.008 -18"><span class='ocrx_word' id='word_1_432' title='bbox 431 3191 748 3265; x_wconf 79' lang='grc' dir='ltr'><strong>βασιλεῦσιν</strong></span> <span class='ocrx_word' id='word_1_433' title='bbox 793 3191 826 3260; x_wconf 76' lang='grc' dir='ltr'><strong>ἡ</strong></span> <span class='ocrx_word' id='word_1_434' title='bbox 865 3188 976 3241; x_wconf 82' lang='grc' dir='ltr'><strong>τῶν</strong></span> <span class='ocrx_word' id='word_1_435' title='bbox 1016 3184 1328 3255; x_wconf 78' lang='grc' dir='ltr'><strong>Ῥωμαίων,</strong></span> <span class='ocrx_word' id='word_1_436' title='bbox 1366 3181 1631 3265; x_wconf 45' lang='grc' dir='ltr'>ειοηυιιι</span> <span class='ocrx_word' id='word_1_437' title='bbox 1658 3178 1833 3265; x_wconf 81' lang='lat' dir='ltr'><strong>codex</strong></span> <span class='ocrx_word' id='word_1_438' title='bbox 1882 3180 2024 3265; x_wconf 85' lang='lat' dir='ltr'><strong>alius</strong></span> 
     </span>
    </p>
   </div>
   <div class='ocr_carea' id='block_1_40' title="bbox 2072 3178 3679 3265">
    <p class='ocr_par' dir='ltr' id='par_1_40' title="bbox 2072 3179 3679 3254">
     <span class='ocr_line' id='line_1_40' title="bbox 2072 3179 3679 3254; baseline 0.006 -21"><span class='ocrx_word' id='word_1_439' title='bbox 2072 3179 2266 3251; x_wconf 77' lang='lat' dir='ltr'><strong>Regius</strong></span> <span class='ocrx_word' id='word_1_440' title='bbox 2308 3192 2366 3235; x_wconf 93' lang='lat' dir='ltr'><strong>et</strong></span> <span class='ocrx_word' id='word_1_441' title='bbox 2405 3182 2736 3239; x_wconf 83' lang='lat' dir='ltr'><strong>Colberteus</strong></span> <span class='ocrx_word' id='word_1_442' title='bbox 2769 3192 2971 3254; x_wconf 67' lang='lat' dir='ltr'><strong>praeter</strong></span> <span class='ocrx_word' id='word_1_443' title='bbox 3014 3187 3316 3241; x_wconf 89' lang='lat' dir='ltr'><strong>editionem</strong></span> <span class='ocrx_word' id='word_1_444' title='bbox 3356 3188 3679 3243; x_wconf 81' lang='lat' dir='ltr'><strong>Wolﬁanam</strong></span> 
     </span>
    </p>
   </div>
   <div class='ocr_carea' id='block_1_41' title="bbox 428 3261 2035 3344">
    <p class='ocr_par' dir='ltr' id='par_1_41' title="bbox 428 3261 2035 3337">
     <span class='ocr_line' id='line_1_41' title="bbox 428 3261 2035 3337; baseline -0.024 -5"><span class='ocrx_word' id='word_1_445' title='bbox 428 3261 549 3332; x_wconf 64' lang='lat' dir='ltr'><strong>haec</strong></span> <span class='ocrx_word' id='word_1_446' title='bbox 582 3284 794 3329; x_wconf 84' lang='lat' dir='ltr'><strong>tantum</strong></span> <span class='ocrx_word' id='word_1_447' title='bbox 828 3270 1073 3326; x_wconf 89' lang='lat' dir='ltr'><strong>habent:</strong></span> <span class='ocrx_word' id='word_1_448' title='bbox 1122 3267 1213 3332; x_wconf 78' lang='grc' dir='ltr'><strong>Ἐξ</strong></span> <span class='ocrx_word' id='word_1_449' title='bbox 1240 3266 1417 3337; x_wconf 74' lang='grc' dir='ltr'><strong>ἀρχῆς</strong></span> <span class='ocrx_word' id='word_1_450' title='bbox 1451 3264 1551 3335; x_wconf 83' lang='grc' dir='ltr'><strong>μὲν</strong></span> <span class='ocrx_word' id='word_1_451' title='bbox 1578 3263 1693 3330; x_wconf 78' lang='grc' dir='ltr'><strong>οὖν,</strong></span> <span class='ocrx_word' id='word_1_452' title='bbox 1724 3261 1802 3326; x_wconf 85' lang='grc' dir='ltr'><strong>ὡς</strong></span> <span class='ocrx_word' id='word_1_453' title='bbox 1842 3264 2035 3334; x_wconf 51' lang='grc' dir='ltr'><strong>ἱστόρηη</strong></span> 
     </span>
    </p>
   </div>
   <div class='ocr_carea' id='block_1_42' title="bbox 2074 3261 3681 3344">
    <p class='ocr_par' dir='ltr' id='par_1_42' title="bbox 2074 3266 3681 3344">
     <span class='ocr_line' id='line_1_42' title="bbox 2074 3266 3681 3344; baseline 0.009 -26"><span class='ocrx_word' id='word_1_454' title='bbox 2074 3282 2144 3331; x_wconf 74' lang='grc' dir='ltr'>ιι,</span> <span class='ocrx_word' id='word_1_455' title='bbox 2173 3277 2283 3322; x_wconf 86' lang='lat' dir='ltr'><strong>etc.</strong></span> <span class='ocrx_word' id='word_1_456' title='bbox 2328 3266 2435 3322; x_wconf 85' lang='lat' dir='ltr'><strong>Sed</strong></span> <span class='ocrx_word' id='word_1_457' title='bbox 2466 3279 2522 3323; x_wconf 93' lang='lat' dir='ltr'><strong>et</strong></span> <span class='ocrx_word' id='word_1_458' title='bbox 2556 3270 2611 3324; x_wconf 91' lang='lat' dir='ltr'><strong>in</strong></span> <span class='ocrx_word' id='word_1_459' title='bbox 2656 3270 2901 3342; x_wconf 82' lang='lat' dir='ltr'><strong>ejusdem</strong></span> <span class='ocrx_word' id='word_1_460' title='bbox 2945 3272 3156 3328; x_wconf 89' lang='lat' dir='ltr'><strong>codicis</strong></span> <span class='ocrx_word' id='word_1_461' title='bbox 3189 3273 3343 3344; x_wconf 84' lang='lat' dir='ltr'><strong>Regii</strong></span> <span class='ocrx_word' id='word_1_462' title='bbox 3376 3274 3537 3329; x_wconf 89' lang='lat' dir='ltr'><strong>initio</strong></span> <span class='ocrx_word' id='word_1_463' title='bbox 3567 3276 3681 3332; x_wconf 57' lang='lat' dir='ltr'><strong>hanc</strong></span> 
     </span>
    </p>
   </div>
   <div class='ocr_carea' id='block_1_43' title="bbox 428 3350 3683 3435">
    <p class='ocr_par' dir='ltr' id='par_1_43' title="bbox 428 3350 3683 3435">
     <span class='ocr_line' id='line_1_43' title="bbox 428 3350 3683 3435; baseline -0.004 -16"><span class='ocrx_word' id='word_1_464' title='bbox 428 3365 689 3435; x_wconf 83' lang='lat' dir='ltr'><strong>leguntur</strong></span> <span class='ocrx_word' id='word_1_465' title='bbox 712 3378 732 3415; x_wconf 66' lang='grc' dir='ltr'>ε</span> <span class='ocrx_word' id='word_1_466' title='bbox 772 3361 861 3414; x_wconf 85' lang='grc' dir='ltr'><strong>Ἑν</strong></span> <span class='ocrx_word' id='word_1_467' title='bbox 908 3359 1151 3432; x_wconf 68' lang='grc' dir='ltr'><strong>προτέρᾳ.</strong></span> <span class='ocrx_word' id='word_1_468' title='bbox 1195 3355 1363 3426; x_wconf 78' lang='grc' dir='ltr'><strong>βίϐλῳ</strong></span> <span class='ocrx_word' id='word_1_469' title='bbox 1409 3353 1654 3423; x_wconf 78' lang='grc' dir='ltr'><strong>περιέχει</strong></span> <span class='ocrx_word' id='word_1_470' title='bbox 1696 3351 1764 3404; x_wconf 64' lang='grc' dir='ltr'><strong>τὰ</strong></span> <span class='ocrx_word' id='word_1_471' title='bbox 1805 3350 2070 3421; x_wconf 76' lang='grc' dir='ltr'><strong>Ἑϐραϊκὰ</strong></span> <span class='ocrx_word' id='word_1_472' title='bbox 2098 3355 2192 3407; x_wconf 75' lang='grc' dir='ltr'><strong>καὶ</strong></span> <span class='ocrx_word' id='word_1_473' title='bbox 2224 3356 2292 3409; x_wconf 81' lang='grc' dir='ltr'><strong>τὰ</strong></span> <span class='ocrx_word' id='word_1_474' title='bbox 2342 3356 2474 3426; x_wconf 81' lang='grc' dir='ltr'><strong>περὶ</strong></span> <span class='ocrx_word' id='word_1_475' title='bbox 2513 3357 2802 3426; x_wconf 79' lang='grc' dir='ltr'><strong>Ῥωμαίων</strong></span> <span class='ocrx_word' id='word_1_476' title='bbox 2847 3360 3094 3424; x_wconf 84' lang='grc' dir='ltr'><strong>ὑπάτων,</strong></span> <span class='ocrx_word' id='word_1_477' title='bbox 3129 3361 3207 3430; x_wconf 86' lang='grc' dir='ltr'><strong>τῷ</strong></span> <span class='ocrx_word' id='word_1_478' title='bbox 3231 3360 3287 3413; x_wconf 78' lang='grc' dir='ltr'><strong>δὲ</strong></span> <span class='ocrx_word' id='word_1_479' title='bbox 3320 3362 3420 3424; x_wconf 79' lang='grc' dir='ltr'><strong>τὰς</strong></span> <span class='ocrx_word' id='word_1_480' title='bbox 3445 3363 3553 3415; x_wconf 82' lang='grc' dir='ltr'><strong>τῶν</strong></span> <span class='ocrx_word' id='word_1_481' title='bbox 3585 3364 3683 3417; x_wconf 47' lang='lat' dir='ltr'><strong>an-</strong></span> 
     </span>
    </p>
   </div>
   <div class='ocr_carea' id='block_1_44' title="bbox 429 3438 2036 3521">
    <p class='ocr_par' dir='ltr' id='par_1_44' title="bbox 429 3438 2036 3521">
     <span class='ocr_line' id='line_1_44' title="bbox 429 3438 2036 3521; baseline -0.007 -17"><span class='ocrx_word' id='word_1_482' title='bbox 429 3449 783 3521; x_wconf 79' lang='grc' dir='ltr'><strong>τοκρατόρων</strong></span> <span class='ocrx_word' id='word_1_483' title='bbox 818 3446 1083 3517; x_wconf 78' lang='grc' dir='ltr'><strong>ἱστορίας.</strong></span> <span class='ocrx_word' id='word_1_484' title='bbox 1120 3444 1265 3509; x_wconf 85' lang='lat' dir='ltr'><strong>Quin</strong></span> <span class='ocrx_word' id='word_1_485' title='bbox 1294 3442 1463 3497; x_wconf 88' lang='lat' dir='ltr'><strong>etiam</strong></span> <span class='ocrx_word' id='word_1_486' title='bbox 1494 3438 1795 3495; x_wconf 82' lang='lat' dir='ltr'><strong>Wolﬁanos</strong></span> <span class='ocrx_word' id='word_1_487' title='bbox 1818 3438 2036 3493; x_wconf 86' lang='lat' dir='ltr'><strong>codices</strong></span> 
     </span>
    </p>
   </div>
   <div class='ocr_carea' id='block_1_45' title="bbox 2073 3438 3680 3521">
    <p class='ocr_par' dir='ltr' id='par_1_45' title="bbox 2073 3439 3680 3518">
     <span class='ocr_line' id='line_1_45' title="bbox 2073 3439 3680 3518; baseline 0.008 -25"><span class='ocrx_word' id='word_1_488' title='bbox 2073 3439 2212 3495; x_wconf 89' lang='lat' dir='ltr'><strong>hanc</strong></span> <span class='ocrx_word' id='word_1_489' title='bbox 2258 3443 2550 3497; x_wconf 82' lang='lat' dir='ltr'><strong>Annalium</strong></span> <span class='ocrx_word' id='word_1_490' title='bbox 2588 3443 2814 3499; x_wconf 76' lang='lat' dir='ltr'><strong>Zonarm</strong></span> <span class='ocrx_word' id='word_1_491' title='bbox 2840 3446 3197 3516; x_wconf 82' lang='lat' dir='ltr'><strong>partitionem</strong></span> <span class='ocrx_word' id='word_1_492' title='bbox 3244 3450 3551 3518; x_wconf 62' lang='lat' dir='ltr'><strong>pratulisse</strong></span> <span class='ocrx_word' id='word_1_493' title='bbox 3589 3468 3680 3505; x_wconf 83' lang='lat' dir='ltr'><strong>ar-</strong></span> 
     </span>
    </p>
   </div>
   <div class='ocr_carea' id='block_1_46' title="bbox 430 3525 3684 3610">
    <p class='ocr_par' dir='ltr' id='par_1_46' title="bbox 430 3525 3684 3610">
     <span class='ocr_line' id='line_1_46' title="bbox 430 3525 3684 3610; baseline 0.001 -19"><span class='ocrx_word' id='word_1_494' title='bbox 430 3537 550 3610; x_wconf 79' lang='lat' dir='ltr'><strong>guit</strong></span> <span class='ocrx_word' id='word_1_495' title='bbox 583 3535 812 3607; x_wconf 88' lang='lat' dir='ltr'><strong>quodin</strong></span> <span class='ocrx_word' id='word_1_496' title='bbox 854 3533 1037 3587; x_wconf 75' lang='lat' dir='ltr'><strong>[route</strong></span> <span class='ocrx_word' id='word_1_497' title='bbox 1073 3529 1319 3587; x_wconf 73' lang='lat' dir='ltr'><strong>Zonarazi</strong></span> <span class='ocrx_word' id='word_1_498' title='bbox 1361 3527 1572 3583; x_wconf 91' lang='lat' dir='ltr'><strong>codicis</strong></span> <span class='ocrx_word' id='word_1_499' title='bbox 1596 3542 1625 3580; x_wconf 93' lang='lat' dir='ltr'><strong>a</strong></span> <span class='ocrx_word' id='word_1_500' title='bbox 1660 3541 1719 3580; x_wconf 93' lang='lat' dir='ltr'><strong>se</strong></span> <span class='ocrx_word' id='word_1_501' title='bbox 1748 3525 1906 3596; x_wconf 84' lang='lat' dir='ltr'><strong>Cpoli</strong></span> <span class='ocrx_word' id='word_1_502' title='bbox 1940 3527 2111 3596; x_wconf 87' lang='lat' dir='ltr'><strong>empti</strong></span> <span class='ocrx_word' id='word_1_503' title='bbox 2139 3528 2374 3596; x_wconf 67' lang='lat' dir='ltr'><strong>praefixit</strong></span> <span class='ocrx_word' id='word_1_504' title='bbox 2401 3529 2643 3586; x_wconf 87' lang='lat' dir='ltr'><strong>Joannes</strong></span> <span class='ocrx_word' id='word_1_505' title='bbox 2673 3531 3155 3597; x_wconf 80' lang='lat' dir='ltr'><strong>Dernsehwamus,</strong></span> <span class='ocrx_word' id='word_1_506' title='bbox 3191 3543 3248 3589; x_wconf 91' lang='lat' dir='ltr'><strong>et</strong></span> <span class='ocrx_word' id='word_1_507' title='bbox 3276 3550 3343 3589; x_wconf 84' lang='lat' dir='ltr'><strong>ex</strong></span> <span class='ocrx_word' id='word_1_508' title='bbox 3373 3531 3441 3591; x_wconf 81' lang='lat' dir='ltr'><strong>eo</strong></span> <span class='ocrx_word' id='word_1_509' title='bbox 3475 3539 3684 3594; x_wconf 87' lang='lat' dir='ltr'><strong>descri-</strong></span> 
     </span>
    </p>
   </div>
   <div class='ocr_carea' id='block_1_47' title="bbox 431 3614 3682 3697">
    <p class='ocr_par' dir='ltr' id='par_1_47' title="bbox 431 3614 3682 3697">
     <span class='ocr_line' id='line_1_47' title="bbox 431 3614 3682 3697; baseline 0.001 -19"><span class='ocrx_word' id='word_1_510' title='bbox 431 3625 542 3697; x_wconf 85' lang='lat' dir='ltr'><strong>psit</strong></span> <span class='ocrx_word' id='word_1_511' title='bbox 568 3625 625 3679; x_wconf 91' lang='lat' dir='ltr'><strong>in</strong></span> <span class='ocrx_word' id='word_1_512' title='bbox 665 3638 764 3679; x_wconf 88' lang='lat' dir='ltr'><strong>sua</strong></span> <span class='ocrx_word' id='word_1_513' title='bbox 802 3619 1129 3676; x_wconf 80' lang='lat' dir='ltr'><strong>Praelatione</strong></span> <span class='ocrx_word' id='word_1_514' title='bbox 1162 3617 1415 3672; x_wconf 82' lang='lat' dir='ltr'><strong>Wolﬁus.</strong></span> <span class='ocrx_word' id='word_1_515' title='bbox 1449 3616 1527 3670; x_wconf 86' lang='lat' dir='ltr'><strong>Ex</strong></span> <span class='ocrx_word' id='word_1_516' title='bbox 1571 3615 1778 3685; x_wconf 91' lang='lat' dir='ltr'><strong>quibus</strong></span> <span class='ocrx_word' id='word_1_517' title='bbox 1826 3614 2049 3669; x_wconf 87' lang='lat' dir='ltr'><strong>abunde</strong></span> <span class='ocrx_word' id='word_1_518' title='bbox 2098 3615 2378 3686; x_wconf 89' lang='lat' dir='ltr'><strong>colligitur</strong></span> <span class='ocrx_word' id='word_1_519' title='bbox 2410 3617 2576 3671; x_wconf 91' lang='lat' dir='ltr'><strong>hosce</strong></span> <span class='ocrx_word' id='word_1_520' title='bbox 2610 3619 2854 3673; x_wconf 88' lang='lat' dir='ltr'><strong>Annales</strong></span> <span class='ocrx_word' id='word_1_521' title='bbox 2889 3619 2943 3673; x_wconf 91' lang='lat' dir='ltr'><strong>in</strong></span> <span class='ocrx_word' id='word_1_522' title='bbox 2979 3621 3119 3676; x_wconf 89' lang='lat' dir='ltr'><strong>duos</strong></span> <span class='ocrx_word' id='word_1_523' title='bbox 3146 3621 3414 3676; x_wconf 83' lang='lat' dir='ltr'><strong>duntaxat</strong></span> <span class='ocrx_word' id='word_1_524' title='bbox 3445 3633 3623 3681; x_wconf 88' lang='lat' dir='ltr'><strong>tomos</strong></span> <span class='ocrx_word' id='word_1_525' title='bbox 3650 3643 3682 3682; x_wconf 92' lang='lat' dir='ltr'><strong>a</strong></span> 
     </span>
    </p>
   </div>
   <div class='ocr_carea' id='block_1_48' title="bbox 431 3701 3681 3777">
    <p class='ocr_par' dir='ltr' id='par_1_48' title="bbox 431 3701 3681 3777">
     <span class='ocr_line' id='line_1_48' title="bbox 431 3701 3681 3777; baseline 0.001 -11"><span class='ocrx_word' id='word_1_526' title='bbox 431 3711 646 3766; x_wconf 83' lang='lat' dir='ltr'><strong>Zonara</strong></span> <span class='ocrx_word' id='word_1_527' title='bbox 676 3708 848 3764; x_wconf 81' lang='lat' dir='ltr'><strong>fuisse</strong></span> <span class='ocrx_word' id='word_1_528' title='bbox 880 3706 1228 3775; x_wconf 81' lang='lat' dir='ltr'><strong>dispertitos,</strong></span> <span class='ocrx_word' id='word_1_529' title='bbox 1264 3718 1373 3758; x_wconf 90' lang='lat' dir='ltr'><strong>non</strong></span> <span class='ocrx_word' id='word_1_530' title='bbox 1408 3717 1540 3757; x_wconf 88' lang='lat' dir='ltr'><strong>vero</strong></span> <span class='ocrx_word' id='word_1_531' title='bbox 1571 3702 1625 3755; x_wconf 93' lang='lat' dir='ltr'><strong>in</strong></span> <span class='ocrx_word' id='word_1_532' title='bbox 1676 3712 1809 3765; x_wconf 89' lang='lat' dir='ltr'><strong>tres,</strong></span> <span class='ocrx_word' id='word_1_533' title='bbox 1847 3712 1906 3756; x_wconf 91' lang='lat' dir='ltr'><strong>ut</strong></span> <span class='ocrx_word' id='word_1_534' title='bbox 1947 3701 2072 3757; x_wconf 88' lang='lat' dir='ltr'><strong>illos</strong></span> <span class='ocrx_word' id='word_1_535' title='bbox 2100 3703 2288 3759; x_wconf 81' lang='lat' dir='ltr'><strong>divisit</strong></span> <span class='ocrx_word' id='word_1_536' title='bbox 2315 3705 2459 3760; x_wconf 84' lang='lat' dir='ltr'><strong>idem</strong></span> <span class='ocrx_word' id='word_1_537' title='bbox 2489 3707 2727 3762; x_wconf 71' lang='lat' dir='ltr'><strong>Wolfius</strong></span> <span class='ocrx_word' id='word_1_538' title='bbox 2761 3725 2773 3760; x_wconf 87' lang='lat'><strong>:</strong></span> <span class='ocrx_word' id='word_1_539' title='bbox 2814 3722 3050 3776; x_wconf 90' lang='lat' dir='ltr'><strong>quorum</strong></span> <span class='ocrx_word' id='word_1_540' title='bbox 3093 3711 3243 3777; x_wconf 89' lang='lat' dir='ltr'><strong>prior</strong></span> <span class='ocrx_word' id='word_1_541' title='bbox 3280 3710 3349 3765; x_wconf 91' lang='lat' dir='ltr'><strong>de</strong></span> <span class='ocrx_word' id='word_1_542' title='bbox 3375 3711 3546 3768; x_wconf 88' lang='lat' dir='ltr'><strong>rebus</strong></span> <span class='ocrx_word' id='word_1_543' title='bbox 3581 3713 3681 3768; x_wconf 83' lang='lat' dir='ltr'><strong>Ju-</strong></span> 
     </span>
    </p>
   </div>
   <div class='ocr_carea' id='block_1_49' title="bbox 433 3789 3680 3863">
    <p class='ocr_par' dir='ltr' id='par_1_49' title="bbox 433 3789 3680 3863">
     <span class='ocr_line' id='line_1_49' title="bbox 433 3789 3680 3863; baseline 0 -9"><span class='ocrx_word' id='word_1_544' title='bbox 433 3800 612 3854; x_wconf 81' lang='lat' dir='ltr'><strong>daicis</strong></span> <span class='ocrx_word' id='word_1_545' title='bbox 638 3798 707 3852; x_wconf 92' lang='lat' dir='ltr'><strong>ab</strong></span> <span class='ocrx_word' id='word_1_546' title='bbox 741 3797 902 3851; x_wconf 89' lang='lat' dir='ltr'><strong>initio</strong></span> <span class='ocrx_word' id='word_1_547' title='bbox 932 3794 1122 3850; x_wconf 89' lang='lat' dir='ltr'><strong>mundi</strong></span> <span class='ocrx_word' id='word_1_548' title='bbox 1156 3808 1331 3863; x_wconf 85' lang='lat' dir='ltr'><strong>usque</strong></span> <span class='ocrx_word' id='word_1_549' title='bbox 1374 3792 1440 3845; x_wconf 88' lang='lat' dir='ltr'><strong>ad</strong></span> <span class='ocrx_word' id='word_1_550' title='bbox 1481 3789 2043 3860; x_wconf 80' lang='lat' dir='ltr'><strong>llierosolymitanum</strong></span> <span class='ocrx_word' id='word_1_551' title='bbox 2086 3793 2403 3862; x_wconf 82' lang='lat' dir='ltr'><strong>excidium;</strong></span> <span class='ocrx_word' id='word_1_552' title='bbox 2431 3795 2574 3849; x_wconf 87' lang='lat' dir='ltr'><strong>alter</strong></span> <span class='ocrx_word' id='word_1_553' title='bbox 2607 3795 2894 3849; x_wconf 87' lang='lat' dir='ltr'><strong>historiam</strong></span> <span class='ocrx_word' id='word_1_554' title='bbox 2938 3796 3243 3851; x_wconf 80' lang='lat' dir='ltr'><strong>Romanam</strong></span> <span class='ocrx_word' id='word_1_555' title='bbox 3276 3799 3346 3853; x_wconf 89' lang='lat' dir='ltr'><strong>ab</strong></span> <span class='ocrx_word' id='word_1_556' title='bbox 3370 3799 3517 3856; x_wconf 90' lang='lat' dir='ltr'><strong>Urbe</strong></span> <span class='ocrx_word' id='word_1_557' title='bbox 3546 3815 3680 3856; x_wconf 84' lang='lat' dir='ltr'><strong>con-</strong></span> 
     </span>
    </p>
   </div>
   <div class='ocr_carea' id='block_1_50' title="bbox 433 3877 3683 3954">
    <p class='ocr_par' dir='ltr' id='par_1_50' title="bbox 433 3877 3683 3954">
     <span class='ocr_line' id='line_1_50' title="bbox 433 3877 3683 3954; baseline 0.001 -15"><span class='ocrx_word' id='word_1_558' title='bbox 433 3887 548 3940; x_wconf 72' lang='lat' dir='ltr'><strong>dita</strong></span> <span class='ocrx_word' id='word_1_559' title='bbox 580 3899 755 3954; x_wconf 84' lang='lat' dir='ltr'><strong>usque</strong></span> <span class='ocrx_word' id='word_1_560' title='bbox 786 3882 853 3936; x_wconf 90' lang='lat' dir='ltr'><strong>ad</strong></span> <span class='ocrx_word' id='word_1_561' title='bbox 881 3881 1307 3938; x_wconf 87' lang='lat' dir='ltr'><strong>Constantinum</strong></span> <span class='ocrx_word' id='word_1_562' title='bbox 1328 3877 1585 3949; x_wconf 82' lang='lat' dir='ltr'><strong>Magnum</strong></span> <span class='ocrx_word' id='word_1_563' title='bbox 1614 3877 1860 3932; x_wconf 87' lang='lat' dir='ltr'><strong>breviter</strong></span> <span class='ocrx_word' id='word_1_564' title='bbox 1885 3879 2302 3949; x_wconf 89' lang='lat' dir='ltr'><strong>complectitur,</strong></span> <span class='ocrx_word' id='word_1_565' title='bbox 2333 3885 2388 3936; x_wconf 89' lang='lat' dir='ltr'><strong>in</strong></span> <span class='ocrx_word' id='word_1_566' title='bbox 2416 3898 2524 3952; x_wconf 92' lang='lat' dir='ltr'><strong>qua</strong></span> <span class='ocrx_word' id='word_1_567' title='bbox 2558 3892 2673 3937; x_wconf 92' lang='lat' dir='ltr'><strong>tum</strong></span> <span class='ocrx_word' id='word_1_568' title='bbox 2709 3883 2961 3950; x_wconf 91' lang='lat' dir='ltr'><strong>Dionem,</strong></span> <span class='ocrx_word' id='word_1_569' title='bbox 2997 3895 3059 3939; x_wconf 92' lang='lat' dir='ltr'><strong>ut</strong></span> <span class='ocrx_word' id='word_1_570' title='bbox 3090 3885 3351 3947; x_wconf 89' lang='lat' dir='ltr'><strong>diximus,</strong></span> <span class='ocrx_word' id='word_1_571' title='bbox 3379 3898 3493 3942; x_wconf 92' lang='lat' dir='ltr'><strong>tum</strong></span> <span class='ocrx_word' id='word_1_572' title='bbox 3518 3890 3683 3944; x_wconf 85' lang='lat' dir='ltr'><strong>etiam</strong></span> 
     </span>
    </p>
   </div>
   <div class='ocr_carea' id='block_1_51' title="bbox 435 3964 3682 4046">
    <p class='ocr_par' dir='ltr' id='par_1_51' title="bbox 435 3964 3682 4046">
     <span class='ocr_line' id='line_1_51' title="bbox 435 3964 3682 4046; baseline 0.001 -17"><span class='ocrx_word' id='word_1_573' title='bbox 435 3973 688 4043; x_wconf 86' lang='lat' dir='ltr'><strong>Eutropit</strong></span> <span class='ocrx_word' id='word_1_574' title='bbox 713 3972 1075 4041; x_wconf 86' lang='lat' dir='ltr'><strong>interpretem</strong></span> <span class='ocrx_word' id='word_1_575' title='bbox 1093 3968 1583 4036; x_wconf 66' lang='lat' dir='ltr'><strong>Paeanium,quem</strong></span> <span class='ocrx_word' id='word_1_576' title='bbox 1619 3964 1687 4020; x_wconf 88' lang='lat' dir='ltr'><strong>ad</strong></span> <span class='ocrx_word' id='word_1_577' title='bbox 1717 3964 1948 4019; x_wconf 88' lang='lat' dir='ltr'><strong>verbum</strong></span> <span class='ocrx_word' id='word_1_578' title='bbox 1973 3980 2356 4036; x_wconf 68' lang='lat' dir='ltr'><strong>saepenumero</strong></span> <span class='ocrx_word' id='word_1_579' title='bbox 2381 3972 2667 4033; x_wconf 90' lang='lat' dir='ltr'><strong>exscribit,</strong></span> <span class='ocrx_word' id='word_1_580' title='bbox 2701 3982 2760 4026; x_wconf 93' lang='lat' dir='ltr'><strong>ut</strong></span> <span class='ocrx_word' id='word_1_581' title='bbox 2794 3972 3148 4028; x_wconf 85' lang='lat' dir='ltr'><strong>observatum</strong></span> <span class='ocrx_word' id='word_1_582' title='bbox 3181 3990 3211 4029; x_wconf 89' lang='lat' dir='ltr'><strong>a</strong></span> <span class='ocrx_word' id='word_1_583' title='bbox 3243 3973 3522 4046; x_wconf 84' lang='lat' dir='ltr'><strong>Scaligero</strong></span> <span class='ocrx_word' id='word_1_584' title='bbox 3546 3977 3682 4046; x_wconf 72' lang='grc'><strong>(95),</strong></span> 
     </span>
    </p>
   </div>
   <div class='ocr_carea' id='block_1_52' title="bbox 437 4053 3680 4134">
    <p class='ocr_par' dir='ltr' id='par_1_52' title="bbox 437 4053 3680 4134">
     <span class='ocr_line' id='line_1_52' title="bbox 437 4053 3680 4134; baseline 0 -18"><span class='ocrx_word' id='word_1_585' title='bbox 437 4060 746 4134; x_wconf 67' lang='lat' dir='ltr'><strong>praesertim</strong></span> <span class='ocrx_word' id='word_1_586' title='bbox 778 4059 1052 4128; x_wconf 87' lang='lat' dir='ltr'><strong>sequitur.</strong></span> <span class='ocrx_word' id='word_1_587' title='bbox 1106 4056 1332 4111; x_wconf 90' lang='lat' dir='ltr'><strong>Tertius</strong></span> <span class='ocrx_word' id='word_1_588' title='bbox 1351 4053 1591 4123; x_wconf 88' lang='lat' dir='ltr'><strong>denique</strong></span> <span class='ocrx_word' id='word_1_589' title='bbox 1628 4053 2028 4123; x_wconf 89' lang='lat' dir='ltr'><strong>imperatorum</strong></span> <span class='ocrx_word' id='word_1_590' title='bbox 2071 4069 2162 4109; x_wconf 85' lang='lat' dir='ltr'><strong>res</strong></span> <span class='ocrx_word' id='word_1_591' title='bbox 2204 4065 2388 4126; x_wconf 87' lang='lat' dir='ltr'><strong>gestas</strong></span> <span class='ocrx_word' id='word_1_592' title='bbox 2415 4072 2446 4111; x_wconf 91' lang='lat' dir='ltr'><strong>a</strong></span> <span class='ocrx_word' id='word_1_593' title='bbox 2479 4057 2846 4114; x_wconf 89' lang='lat' dir='ltr'><strong>Constantino</strong></span> <span class='ocrx_word' id='word_1_594' title='bbox 2887 4059 3084 4132; x_wconf 82' lang='lat' dir='ltr'><strong>Magno</strong></span> <span class='ocrx_word' id='word_1_595' title='bbox 3129 4076 3302 4130; x_wconf 89' lang='lat' dir='ltr'><strong>usque</strong></span> <span class='ocrx_word' id='word_1_596' title='bbox 3353 4063 3422 4116; x_wconf 87' lang='lat' dir='ltr'><strong>ad</strong></span> <span class='ocrx_word' id='word_1_597' title='bbox 3468 4062 3680 4117; x_wconf 90' lang='lat' dir='ltr'><strong>obitum</strong></span> 
     </span>
    </p>
   </div>
   <div class='ocr_carea' id='block_1_53' title="bbox 434 4138 3682 4216">
    <p class='ocr_par' dir='ltr' id='par_1_53' title="bbox 434 4138 3682 4216">
     <span class='ocr_line' id='line_1_53' title="bbox 434 4138 3682 4216; baseline 0 -12"><span class='ocrx_word' id='word_1_598' title='bbox 434 4150 609 4204; x_wconf 80' lang='lat' dir='ltr'><strong>Alexii</strong></span> <span class='ocrx_word' id='word_1_599' title='bbox 637 4146 906 4204; x_wconf 85' lang='lat' dir='ltr'><strong>Comncni</strong></span> <span class='ocrx_word' id='word_1_600' title='bbox 939 4153 1161 4200; x_wconf 89' lang='lat' dir='ltr'><strong>tractat.</strong></span> <span class='ocrx_word' id='word_1_601' title='bbox 1190 4142 1415 4198; x_wconf 89' lang='lat' dir='ltr'><strong>Falsum</strong></span> <span class='ocrx_word' id='word_1_602' title='bbox 1447 4150 1628 4197; x_wconf 91' lang='lat' dir='ltr'><strong>tamen</strong></span> <span class='ocrx_word' id='word_1_603' title='bbox 1670 4148 1891 4195; x_wconf 89' lang='lat' dir='ltr'><strong>constat</strong></span> <span class='ocrx_word' id='word_1_604' title='bbox 1932 4138 2441 4209; x_wconf 85' lang='lat' dir='ltr'><strong>Dernschvvamum,</strong></span> <span class='ocrx_word' id='word_1_605' title='bbox 2490 4159 2616 4198; x_wconf 91' lang='lat' dir='ltr'><strong>cum</strong></span> <span class='ocrx_word' id='word_1_606' title='bbox 2659 4145 2798 4199; x_wconf 83' lang='lat' dir='ltr'><strong>dixit</strong></span> <span class='ocrx_word' id='word_1_607' title='bbox 2838 4147 3081 4216; x_wconf 89' lang='lat' dir='ltr'><strong>priorem</strong></span> <span class='ocrx_word' id='word_1_608' title='bbox 3123 4147 3415 4202; x_wconf 85' lang='lat' dir='ltr'><strong>Annalium</strong></span> <span class='ocrx_word' id='word_1_609' title='bbox 3456 4149 3682 4205; x_wconf 55' lang='lat' dir='ltr'><strong>Zonaras:</strong></span> 
     </span>
    </p>
   </div>
   <div class='ocr_carea' id='block_1_54' title="bbox 433 4227 1921 4309">
    <p class='ocr_par' dir='ltr' id='par_1_54' title="bbox 433 4227 1921 4309">
     <span class='ocr_line' id='line_1_54' title="bbox 433 4227 1921 4309; baseline -0.007 -17"><span class='ocrx_word' id='word_1_610' title='bbox 433 4248 647 4309; x_wconf 88' lang='lat' dir='ltr'><strong>partem</strong></span> <span class='ocrx_word' id='word_1_611' title='bbox 689 4235 745 4289; x_wconf 91' lang='lat' dir='ltr'><strong>in</strong></span> <span class='ocrx_word' id='word_1_612' title='bbox 785 4232 1293 4302; x_wconf 81' lang='lat' dir='ltr'><strong>Hierosolymorum</strong></span> <span class='ocrx_word' id='word_1_613' title='bbox 1330 4227 1611 4283; x_wconf 82' lang='lat' dir='ltr'><strong>excidium</strong></span> <span class='ocrx_word' id='word_1_614' title='bbox 1642 4227 1921 4282; x_wconf 86' lang='lat' dir='ltr'><strong>desinere.</strong></span> 
     </span>
    </p>
   </div>
   <div class='ocr_carea' id='block_1_55' title="bbox 509 4315 3683 4397">
    <p class='ocr_par' dir='ltr' id='par_1_55' title="bbox 509 4315 3683 4397">
     <span class='ocr_line' id='line_1_55' title="bbox 509 4315 3683 4397; baseline -0 -17"><span class='ocrx_word' id='word_1_615' title='bbox 509 4325 667 4380; x_wconf 88' lang='lat' dir='ltr'><strong>Licet</strong></span> <span class='ocrx_word' id='word_1_616' title='bbox 696 4336 860 4394; x_wconf 90' lang='lat' dir='ltr'><strong>porro</strong></span> <span class='ocrx_word' id='word_1_617' title='bbox 884 4320 1070 4378; x_wconf 80' lang='lat' dir='ltr'><strong>Woltii</strong></span> <span class='ocrx_word' id='word_1_618' title='bbox 1101 4318 1303 4374; x_wconf 83' lang='lat' dir='ltr'><strong>divisio</strong></span> <span class='ocrx_word' id='word_1_619' title='bbox 1338 4316 1564 4371; x_wconf 89' lang='lat' dir='ltr'><strong>tolerari</strong></span> <span class='ocrx_word' id='word_1_620' title='bbox 1590 4315 2001 4386; x_wconf 87' lang='lat' dir='ltr'><strong>quodannnodo</strong></span> <span class='ocrx_word' id='word_1_621' title='bbox 2022 4316 2219 4384; x_wconf 88' lang='lat' dir='ltr'><strong>possit,</strong></span> <span class='ocrx_word' id='word_1_622' title='bbox 2254 4326 2314 4372; x_wconf 90' lang='lat' dir='ltr'><strong>ut</strong></span> <span class='ocrx_word' id='word_1_623' title='bbox 2358 4334 2483 4389; x_wconf 65' lang='lat' dir='ltr'><strong>quae</strong></span> <span class='ocrx_word' id='word_1_624' title='bbox 2526 4334 2739 4373; x_wconf 87' lang='lat' dir='ltr'><strong>sacram</strong></span> <span class='ocrx_word' id='word_1_625' title='bbox 2772 4320 3064 4376; x_wconf 87' lang='lat' dir='ltr'><strong>historiam</strong></span> <span class='ocrx_word' id='word_1_626' title='bbox 3097 4339 3126 4377; x_wconf 91' lang='lat' dir='ltr'><strong>a</strong></span> <span class='ocrx_word' id='word_1_627' title='bbox 3158 4323 3419 4381; x_wconf 80' lang='lat' dir='ltr'><strong>Romanae</strong></span> <span class='ocrx_word' id='word_1_628' title='bbox 3457 4325 3536 4379; x_wconf 84' lang='grc' dir='ltr'><strong>ι·ιί</strong></span> <span class='ocrx_word' id='word_1_629' title='bbox 3582 4342 3683 4397; x_wconf 87' lang='lat' dir='ltr'><strong>pu-</strong></span> 
     </span>
    </p>
   </div>
   <div class='ocr_carea' id='block_1_56' title="bbox 434 4403 3686 4479">
    <p class='ocr_par' dir='ltr' id='par_1_56' title="bbox 434 4403 3686 4479">
     <span class='ocr_line' id='line_1_56' title="bbox 434 4403 3686 4479; baseline 0.001 -13"><span class='ocrx_word' id='word_1_630' title='bbox 434 4411 620 4477; x_wconf 59' lang='lat' dir='ltr'><strong>blica,</strong></span> <span class='ocrx_word' id='word_1_631' title='bbox 659 4424 880 4463; x_wconf 88' lang='lat' dir='ltr'><strong>rursum</strong></span> <span class='ocrx_word' id='word_1_632' title='bbox 913 4420 1252 4478; x_wconf 82' lang='lat' dir='ltr'><strong>paganorum</strong></span> <span class='ocrx_word' id='word_1_633' title='bbox 1293 4420 1324 4459; x_wconf 89' lang='lat' dir='ltr'><strong>a</strong></span> <span class='ocrx_word' id='word_1_634' title='bbox 1363 4403 1813 4459; x_wconf 85' lang='lat' dir='ltr'><strong>Christianorum</strong></span> <span class='ocrx_word' id='word_1_635' title='bbox 1844 4404 2245 4473; x_wconf 87' lang='lat' dir='ltr'><strong>imperatorum</strong></span> <span class='ocrx_word' id='word_1_636' title='bbox 2271 4405 2499 4461; x_wconf 87' lang='lat' dir='ltr'><strong>historia</strong></span> <span class='ocrx_word' id='word_1_637' title='bbox 2532 4406 2858 4478; x_wconf 83' lang='lat' dir='ltr'><strong>distinguat,</strong></span> <span class='ocrx_word' id='word_1_638' title='bbox 2904 4425 3031 4462; x_wconf 84' lang='lat' dir='ltr'><strong>cum</strong></span> <span class='ocrx_word' id='word_1_639' title='bbox 3080 4410 3256 4479; x_wconf 88' lang='lat' dir='ltr'><strong>ipsius</strong></span> <span class='ocrx_word' id='word_1_640' title='bbox 3283 4412 3510 4468; x_wconf 80' lang='lat' dir='ltr'><strong>Zonara:</strong></span> <span class='ocrx_word' id='word_1_641' title='bbox 3544 4413 3686 4468; x_wconf 83' lang='lat' dir='ltr'><strong>divi-</strong></span> 
     </span>
    </p>
   </div>
   <div class='ocr_carea' id='block_1_57' title="bbox 442 4491 3686 4569">
    <p class='ocr_par' dir='ltr' id='par_1_57' title="bbox 442 4491 3686 4569">
     <span class='ocr_line' id='line_1_57' title="bbox 442 4491 3686 4569; baseline 0 -15"><span class='ocrx_word' id='word_1_642' title='bbox 442 4498 587 4554; x_wconf 85' lang='lat' dir='ltr'><strong>sioni</strong></span> <span class='ocrx_word' id='word_1_643' title='bbox 612 4495 894 4552; x_wconf 88' lang='lat' dir='ltr'><strong>contraria</strong></span> <span class='ocrx_word' id='word_1_644' title='bbox 924 4493 1018 4558; x_wconf 87' lang='lat' dir='ltr'><strong>sit,</strong></span> <span class='ocrx_word' id='word_1_645' title='bbox 1057 4494 1233 4547; x_wconf 87' lang='lat' dir='ltr'><strong>satius</strong></span> <span class='ocrx_word' id='word_1_646' title='bbox 1261 4492 1521 4547; x_wconf 73' lang='lat' dir='ltr'><strong>duximus</strong></span> <span class='ocrx_word' id='word_1_647' title='bbox 1557 4507 1625 4546; x_wconf 87' lang='lat' dir='ltr'><strong>ex</strong></span> <span class='ocrx_word' id='word_1_648' title='bbox 1665 4491 1912 4546; x_wconf 90' lang='lat' dir='ltr'><strong>virorum</strong></span> <span class='ocrx_word' id='word_1_649' title='bbox 1957 4491 2306 4545; x_wconf 90' lang='lat' dir='ltr'><strong>eruditorum</strong></span> <span class='ocrx_word' id='word_1_650' title='bbox 2338 4492 2570 4548; x_wconf 72' lang='lat' dir='ltr'><strong>consilio</strong></span> <span class='ocrx_word' id='word_1_651' title='bbox 2612 4494 2931 4550; x_wconf 87' lang='lat' dir='ltr'><strong>universum</strong></span> <span class='ocrx_word' id='word_1_652' title='bbox 2973 4494 3080 4551; x_wconf 88' lang='lat' dir='ltr'><strong>hoc</strong></span> <span class='ocrx_word' id='word_1_653' title='bbox 3116 4498 3411 4552; x_wconf 88' lang='lat' dir='ltr'><strong>Annalium</strong></span> <span class='ocrx_word' id='word_1_654' title='bbox 3444 4515 3585 4569; x_wconf 88' lang='lat' dir='ltr'><strong>opus</strong></span> <span class='ocrx_word' id='word_1_655' title='bbox 3630 4500 3686 4555; x_wconf 90' lang='lat' dir='ltr'><strong>in</strong></span> 
     </span>
    </p>
   </div>
   <div class='ocr_carea' id='block_1_58' title="bbox 426 4578 1790 4652">
    <p class='ocr_par' dir='ltr' id='par_1_58' title="bbox 426 4578 1790 4652">
     <span class='ocr_line' id='line_1_58' title="bbox 426 4578 1790 4652; baseline -0.007 -11"><span class='ocrx_word' id='word_1_656' title='bbox 426 4584 613 4640; x_wconf 72' lang='lat' dir='ltr'><strong>libros</strong></span> <span class='ocrx_word' id='word_1_657' title='bbox 644 4598 773 4638; x_wconf 79' lang='lat' dir='ltr'><strong>xvnt</strong></span> <span class='ocrx_word' id='word_1_658' title='bbox 794 4580 1018 4652; x_wconf 82' lang='lat' dir='ltr'><strong>partiri,</strong></span> <span class='ocrx_word' id='word_1_659' title='bbox 1046 4580 1222 4635; x_wconf 89' lang='lat' dir='ltr'><strong>libros</strong></span> <span class='ocrx_word' id='word_1_660' title='bbox 1247 4595 1380 4635; x_wconf 85' lang='lat' dir='ltr'><strong>vero</strong></span> <span class='ocrx_word' id='word_1_661' title='bbox 1408 4582 1465 4632; x_wconf 94' lang='lat' dir='ltr'><strong>in</strong></span> <span class='ocrx_word' id='word_1_662' title='bbox 1493 4578 1790 4640; x_wconf 86' lang='lat' dir='ltr'><strong>sectiones,</strong></span> 
     </span>
    </p>
   </div>
   <div class='ocr_carea' id='block_1_59' title="bbox 1338 4678 2543 4756">
    <p class='ocr_par' dir='ltr' id='par_1_59' title="bbox 1338 4678 2543 4756">
     <span class='ocr_line' id='line_1_59' title="bbox 1338 4678 2543 4756; baseline 0.005 -21"><span class='ocrx_word' id='word_1_663' title='bbox 1338 4679 1567 4735; x_wconf 78' lang='lat' dir='ltr'><strong>Sumere</strong></span> <span class='ocrx_word' id='word_1_664' title='bbox 1593 4695 1658 4733; x_wconf 86' lang='lat' dir='ltr'><strong>ne</strong></span> <span class='ocrx_word' id='word_1_665' title='bbox 1686 4678 1847 4734; x_wconf 82' lang='lat' dir='ltr'><strong>lector</strong></span> <span class='ocrx_word' id='word_1_666' title='bbox 1877 4681 2010 4751; x_wconf 77' lang='lat' dir='ltr'><strong>jnge</strong></span> <span class='ocrx_word' id='word_1_667' title='bbox 2038 4692 2255 4751; x_wconf 80' lang='lat' dir='ltr'><strong>paveret</strong></span> <span class='ocrx_word' id='word_1_668' title='bbox 2286 4700 2440 4755; x_wconf 73' lang='lat' dir='ltr'><strong>opus.</strong></span> <span class='ocrx_word' id='word_1_669' title='bbox 2536 4749 2543 4756; x_wconf 28' lang='grc' dir='ltr'>λ</span> 
     </span>
    </p>
   </div>
   <div class='ocr_carea' id='block_1_60' title="bbox 437 4768 661 4816">
    <p class='ocr_par' dir='ltr' id='par_1_60' title="bbox 437 4768 661 4816">
     <span class='ocr_line' id='line_1_60' title="bbox 437 4768 661 4816; baseline -0.013 0"><span class='ocrx_word' id='word_1_670' title='bbox 437 4774 565 4816; x_wconf 87' lang='lat' dir='ltr'><strong>nam</strong></span> <span class='ocrx_word' id='word_1_671' title='bbox 600 4768 661 4814; x_wconf 74' lang='grc' dir='ltr'><strong>ιιι</strong></span> 
     </span>
    </p>
   </div>
   <div class='ocr_carea' id='block_1_61' title="bbox 1348 4834 2485 4907">
    <p class='ocr_par' dir='ltr' id='par_1_61' title="bbox 1348 4834 2485 4907">
     <span class='ocr_line' id='line_1_61' title="bbox 1348 4834 2485 4907; baseline 0.003 -15"><span class='ocrx_word' id='word_1_672' title='bbox 1348 4834 1650 4892; x_wconf 79' lang='lat' dir='ltr'><strong>Intervalla</strong></span> <span class='ocrx_word' id='word_1_673' title='bbox 1679 4836 1776 4890; x_wconf 77' lang='lat' dir='ltr'><strong>via:</strong></span> <span class='ocrx_word' id='word_1_674' title='bbox 1800 4836 1955 4906; x_wconf 76' lang='lat' dir='ltr'><strong>fessis</strong></span> <span class='ocrx_word' id='word_1_675' title='bbox 1986 4848 2245 4907; x_wconf 76' lang='lat' dir='ltr'><strong>prwstare</strong></span> <span class='ocrx_word' id='word_1_676' title='bbox 2280 4842 2485 4895; x_wconf 79' lang='lat' dir='ltr'><strong>videtur</strong></span> 
     </span>
    </p>
   </div>
   <div class='ocr_carea' id='block_1_62' title="bbox 1424 4907 2742 4988">
    <p class='ocr_par' dir='ltr' id='par_1_62' title="bbox 1424 4907 2742 4988">
     <span class='ocr_line' id='line_1_62' title="bbox 1424 4907 2742 4988; baseline 0.008 -29"><span class='ocrx_word' id='word_1_677' title='bbox 1424 4907 1530 4974; x_wconf 84' lang='lat' dir='ltr'><strong>Qui</strong></span> <span class='ocrx_word' id='word_1_678' title='bbox 1557 4913 1707 4960; x_wconf 87' lang='lat' dir='ltr'><strong>notat</strong></span> <span class='ocrx_word' id='word_1_679' title='bbox 1732 4908 2012 4979; x_wconf 76' lang='lat' dir='ltr'><strong>inscriptus</strong></span> <span class='ocrx_word' id='word_1_680' title='bbox 2039 4908 2209 4964; x_wconf 80' lang='lat' dir='ltr'><strong>millia</strong></span> <span class='ocrx_word' id='word_1_681' title='bbox 2236 4911 2419 4966; x_wconf 84' lang='lat' dir='ltr'><strong>crebra</strong></span> <span class='ocrx_word' id='word_1_682' title='bbox 2447 4913 2582 4985; x_wconf 77' lang='lat' dir='ltr'><strong>lapis</strong></span> <span class='ocrx_word' id='word_1_683' title='bbox 2607 4915 2742 4988; x_wconf 65' lang='lat'><strong>(24),</strong></span> 
     </span>
    </p>
   </div>
   <div class='ocr_carea' id='block_1_63' title="bbox 436 5028 3685 5110">
    <p class='ocr_par' dir='ltr' id='par_1_63' title="bbox 436 5028 3685 5110">
     <span class='ocr_line' id='line_1_63' title="bbox 436 5028 3685 5110; baseline -0.001 -13"><span class='ocrx_word' id='word_1_684' title='bbox 436 5042 513 5097; x_wconf 75' lang='lat' dir='ltr'><strong>ita</strong></span> <span class='ocrx_word' id='word_1_685' title='bbox 555 5040 821 5095; x_wconf 83' lang='lat' dir='ltr'><strong>librorum</strong></span> <span class='ocrx_word' id='word_1_686' title='bbox 849 5035 1155 5094; x_wconf 83' lang='lat' dir='ltr'><strong>divisiones</strong></span> <span class='ocrx_word' id='word_1_687' title='bbox 1181 5050 1213 5089; x_wconf 86' lang='lat' dir='ltr'><strong>a</strong></span> <span class='ocrx_word' id='word_1_688' title='bbox 1239 5033 1505 5088; x_wconf 88' lang='lat' dir='ltr'><strong>continua</strong></span> <span class='ocrx_word' id='word_1_689' title='bbox 1532 5028 1796 5086; x_wconf 88' lang='lat' dir='ltr'><strong>lectionis</strong></span> <span class='ocrx_word' id='word_1_690' title='bbox 1824 5030 2156 5088; x_wconf 86' lang='lat' dir='ltr'><strong>assiduitate</strong></span> <span class='ocrx_word' id='word_1_691' title='bbox 2180 5034 2407 5091; x_wconf 90' lang='lat' dir='ltr'><strong>lectoris</strong></span> <span class='ocrx_word' id='word_1_692' title='bbox 2436 5037 2683 5092; x_wconf 90' lang='lat' dir='ltr'><strong>animum</strong></span> <span class='ocrx_word' id='word_1_693' title='bbox 2714 5040 2984 5104; x_wconf 82' lang='lat' dir='ltr'><strong>relaxant,</strong></span> <span class='ocrx_word' id='word_1_694' title='bbox 3028 5052 3158 5093; x_wconf 90' lang='lat' dir='ltr'><strong>cum</strong></span> <span class='ocrx_word' id='word_1_695' title='bbox 3185 5036 3353 5093; x_wconf 90' lang='lat' dir='ltr'><strong>habet</strong></span> <span class='ocrx_word' id='word_1_696' title='bbox 3381 5037 3476 5093; x_wconf 90' lang='lat' dir='ltr'><strong>ubi</strong></span> <span class='ocrx_word' id='word_1_697' title='bbox 3517 5038 3685 5110; x_wconf 85' lang='lat' dir='ltr'><strong>longo</strong></span> 
     </span>
    </p>
   </div>
   <div class='ocr_carea' id='block_1_64' title="bbox 436 5118 3685 5199">
    <p class='ocr_par' dir='ltr' id='par_1_64' title="bbox 436 5118 3685 5199">
     <span class='ocr_line' id='line_1_64' title="bbox 436 5118 3685 5199; baseline -0.001 -16"><span class='ocrx_word' id='word_1_698' title='bbox 436 5127 594 5199; x_wconf 87' lang='lat' dir='ltr'><strong>quasi</strong></span> <span class='ocrx_word' id='word_1_699' title='bbox 625 5127 826 5181; x_wconf 90' lang='lat' dir='ltr'><strong>itinere</strong></span> <span class='ocrx_word' id='word_1_700' title='bbox 846 5122 1178 5193; x_wconf 85' lang='lat' dir='ltr'><strong>defatigatus</strong></span> <span class='ocrx_word' id='word_1_701' title='bbox 1199 5118 1499 5185; x_wconf 88' lang='lat' dir='ltr'><strong>consistat;</strong></span> <span class='ocrx_word' id='word_1_702' title='bbox 1532 5118 1837 5188; x_wconf 67' lang='lat' dir='ltr'><strong>praesertim</strong></span> <span class='ocrx_word' id='word_1_703' title='bbox 1867 5119 2032 5174; x_wconf 88' lang='lat' dir='ltr'><strong>etiam</strong></span> <span class='ocrx_word' id='word_1_704' title='bbox 2068 5133 2194 5176; x_wconf 92' lang='lat' dir='ltr'><strong>cum</strong></span> <span class='ocrx_word' id='word_1_705' title='bbox 2222 5122 2361 5177; x_wconf 89' lang='lat' dir='ltr'><strong>nihil</strong></span> <span class='ocrx_word' id='word_1_706' title='bbox 2395 5126 2610 5179; x_wconf 88' lang='lat' dir='ltr'><strong>auctori</strong></span> <span class='ocrx_word' id='word_1_707' title='bbox 2642 5125 2940 5180; x_wconf 83' lang='lat' dir='ltr'><strong>detrahant</strong></span> <span class='ocrx_word' id='word_1_708' title='bbox 2971 5140 3072 5180; x_wconf 90' lang='lat' dir='ltr'><strong>nec</strong></span> <span class='ocrx_word' id='word_1_709' title='bbox 3116 5124 3436 5194; x_wconf 87' lang='lat' dir='ltr'><strong>scriptionis</strong></span> <span class='ocrx_word' id='word_1_710' title='bbox 3479 5128 3685 5181; x_wconf 89' lang='lat' dir='ltr'><strong>seriem</strong></span> 
     </span>
    </p>
   </div>
   <div class='ocr_carea' id='block_1_65' title="bbox 434 5206 3687 5285">
    <p class='ocr_par' dir='ltr' id='par_1_65' title="bbox 434 5206 3687 5285">
     <span class='ocr_line' id='line_1_65' title="bbox 434 5206 3687 5285; baseline -0.001 -14"><span class='ocrx_word' id='word_1_711' title='bbox 434 5216 789 5285; x_wconf 78' lang='lat' dir='ltr'><strong>abrumpant.</strong></span> <span class='ocrx_word' id='word_1_712' title='bbox 821 5212 977 5267; x_wconf 84' lang='lat' dir='ltr'><strong>Adde</strong></span> <span class='ocrx_word' id='word_1_713' title='bbox 1004 5209 1154 5281; x_wconf 91' lang='lat' dir='ltr'><strong>quod</strong></span> <span class='ocrx_word' id='word_1_714' title='bbox 1184 5208 1239 5263; x_wconf 90' lang='lat' dir='ltr'><strong>id</strong></span> <span class='ocrx_word' id='word_1_715' title='bbox 1271 5206 1589 5278; x_wconf 88' lang='lat' dir='ltr'><strong>partitionis</strong></span> <span class='ocrx_word' id='word_1_716' title='bbox 1615 5220 1792 5277; x_wconf 90' lang='lat' dir='ltr'><strong>genus</strong></span> <span class='ocrx_word' id='word_1_717' title='bbox 1818 5206 1889 5261; x_wconf 91' lang='lat' dir='ltr'><strong>ad</strong></span> <span class='ocrx_word' id='word_1_718' title='bbox 1922 5207 2076 5262; x_wconf 91' lang='lat' dir='ltr'><strong>locos</strong></span> <span class='ocrx_word' id='word_1_719' title='bbox 2109 5222 2175 5261; x_wconf 83' lang='lat' dir='ltr'><strong>ex</strong></span> <span class='ocrx_word' id='word_1_720' title='bbox 2217 5211 2591 5279; x_wconf 83' lang='lat' dir='ltr'><strong>scriptoribus</strong></span> <span class='ocrx_word' id='word_1_721' title='bbox 2617 5211 2873 5268; x_wconf 89' lang='lat' dir='ltr'><strong>laudatos</strong></span> <span class='ocrx_word' id='word_1_722' title='bbox 2906 5213 3094 5269; x_wconf 89' lang='lat' dir='ltr'><strong>statim</strong></span> <span class='ocrx_word' id='word_1_723' title='bbox 3139 5211 3503 5281; x_wconf 85' lang='lat' dir='ltr'><strong>reperiendus</strong></span> <span class='ocrx_word' id='word_1_724' title='bbox 3542 5213 3687 5268; x_wconf 90' lang='lat' dir='ltr'><strong>mul-</strong></span> 
     </span>
    </p>
   </div>
   <div class='ocr_carea' id='block_1_66' title="bbox 440 5292 3686 5369">
    <p class='ocr_par' dir='ltr' id='par_1_66' title="bbox 440 5292 3686 5369">
     <span class='ocr_line' id='line_1_66' title="bbox 440 5292 3686 5369; baseline -0.002 -9"><span class='ocrx_word' id='word_1_725' title='bbox 440 5313 555 5360; x_wconf 70' lang='lat' dir='ltr'><strong>tum</strong></span> <span class='ocrx_word' id='word_1_726' title='bbox 587 5301 865 5359; x_wconf 88' lang='lat' dir='ltr'><strong>conducat</strong></span> <span class='ocrx_word' id='word_1_727' title='bbox 897 5317 911 5352; x_wconf 91' lang='lat'><strong>:</strong></span> <span class='ocrx_word' id='word_1_728' title='bbox 948 5298 1095 5353; x_wconf 89' lang='lat' dir='ltr'><strong>unde</strong></span> <span class='ocrx_word' id='word_1_729' title='bbox 1142 5296 1433 5352; x_wconf 84' lang='lat' dir='ltr'><strong>inductum</strong></span> <span class='ocrx_word' id='word_1_730' title='bbox 1472 5293 1606 5348; x_wconf 81' lang='lat' dir='ltr'><strong>illud</strong></span> <span class='ocrx_word' id='word_1_731' title='bbox 1647 5292 1766 5348; x_wconf 78' lang='lat' dir='ltr'><strong>fere</strong></span> <span class='ocrx_word' id='word_1_732' title='bbox 1813 5293 1884 5348; x_wconf 90' lang='lat' dir='ltr'><strong>ab</strong></span> <span class='ocrx_word' id='word_1_733' title='bbox 1925 5293 2328 5351; x_wconf 85' lang='lat' dir='ltr'><strong>eruditioribus</strong></span> <span class='ocrx_word' id='word_1_734' title='bbox 2360 5298 2415 5351; x_wconf 94' lang='lat' dir='ltr'><strong>in</strong></span> <span class='ocrx_word' id='word_1_735' title='bbox 2447 5298 2740 5367; x_wconf 89' lang='lat' dir='ltr'><strong>quibusvis</strong></span> <span class='ocrx_word' id='word_1_736' title='bbox 2771 5299 3203 5369; x_wconf 84' lang='lat' dir='ltr'><strong>exemplaribus,</strong></span> <span class='ocrx_word' id='word_1_737' title='bbox 3253 5314 3375 5368; x_wconf 71' lang='lat' dir='ltr'><strong>qua:</strong></span> <span class='ocrx_word' id='word_1_738' title='bbox 3422 5302 3686 5355; x_wconf 89' lang='lat' dir='ltr'><strong>continua</strong></span> 
     </span>
    </p>
   </div>
   <div class='ocr_carea' id='block_1_67' title="bbox 434 5381 3684 5459">
    <p class='ocr_par' dir='ltr' id='par_1_67' title="bbox 434 5381 3684 5459">
     <span class='ocr_line' id='line_1_67' title="bbox 434 5381 3684 5459; baseline -0.002 -9"><span class='ocrx_word' id='word_1_739' title='bbox 434 5392 580 5451; x_wconf 81' lang='lat' dir='ltr'><strong>serie</strong></span> <span class='ocrx_word' id='word_1_740' title='bbox 601 5391 809 5459; x_wconf 87' lang='lat' dir='ltr'><strong>absque</strong></span> <span class='ocrx_word' id='word_1_741' title='bbox 835 5386 996 5442; x_wconf 85' lang='lat' dir='ltr'><strong>libris</strong></span> <span class='ocrx_word' id='word_1_742' title='bbox 1026 5386 1110 5441; x_wconf 88' lang='lat' dir='ltr'><strong>vel</strong></span> <span class='ocrx_word' id='word_1_743' title='bbox 1136 5385 1345 5455; x_wconf 88' lang='lat' dir='ltr'><strong>absque</strong></span> <span class='ocrx_word' id='word_1_744' title='bbox 1370 5381 1650 5454; x_wconf 83' lang='lat' dir='ltr'><strong>capitibus</strong></span> <span class='ocrx_word' id='word_1_745' title='bbox 1671 5381 2093 5439; x_wconf 87' lang='lat' dir='ltr'><strong>describuntur.</strong></span> <span class='ocrx_word' id='word_1_746' title='bbox 2129 5383 2284 5449; x_wconf 86' lang='lat' dir='ltr'><strong>Quod</strong></span> <span class='ocrx_word' id='word_1_747' title='bbox 2313 5383 2562 5454; x_wconf 42' lang='lat' dir='ltr'><strong>quidem-</strong></span> <span class='ocrx_word' id='word_1_748' title='bbox 2584 5384 2659 5439; x_wconf 90' lang='lat' dir='ltr'><strong>ita</strong></span> <span class='ocrx_word' id='word_1_749' title='bbox 2701 5385 2777 5443; x_wconf 89' lang='lat' dir='ltr'><strong>in.</strong></span> <span class='ocrx_word' id='word_1_750' title='bbox 2810 5386 3026 5442; x_wconf 84' lang='lat' dir='ltr'><strong>Zonara</strong></span> <span class='ocrx_word' id='word_1_751' title='bbox 3055 5385 3426 5454; x_wconf 80' lang='lat' dir='ltr'><strong>confecimus,</strong></span> <span class='ocrx_word' id='word_1_752' title='bbox 3452 5398 3514 5443; x_wconf 93' lang='lat' dir='ltr'><strong>ut</strong></span> <span class='ocrx_word' id='word_1_753' title='bbox 3546 5388 3684 5443; x_wconf 81' lang='lat' dir='ltr'><strong>alte-</strong></span> 
     </span>
    </p>
   </div>
   <div class='ocr_carea' id='block_1_68' title="bbox 506 5540 3458 5626">
    <p class='ocr_par' dir='ltr' id='par_1_68' title="bbox 506 5540 3458 5626">
     <span class='ocr_line' id='line_1_68' title="bbox 506 5540 3458 5626; baseline 0 0"><span class='ocrx_word' id='word_1_754' title='bbox 506 5553 619 5626; x_wconf 63' lang='grc'><strong>(⁸8)</strong></span> <span class='ocrx_word' id='word_1_755' title='bbox 649 5550 772 5626; x_wconf 62' lang='lat' dir='ltr'><strong>Lib-</strong></span> <span class='ocrx_word' id='word_1_756' title='bbox 800 5564 901 5614; x_wconf 70' lang='grc' dir='ltr'><strong>νην</strong></span> <span class='ocrx_word' id='word_1_757' title='bbox 932 5546 1183 5626; x_wconf 46' lang='lat' dir='ltr'><strong>sem-.11</strong></span> <span class='ocrx_word' id='word_1_758' title='bbox 2190 5540 2859 5626; x_wconf 36' lang='lat' dir='ltr'><strong>{igiybdvaFQE-“IP-</strong></span> <span class='ocrx_word' id='word_1_759' title='bbox 3001 5612 3098 5626; x_wconf 63' lang='grc' dir='ltr'><strong>η..</strong></span> <span class='ocrx_word' id='word_1_760' title='bbox 3157 5613 3259 5626; x_wconf 65' lang='grc' dir='ltr'><strong>,η</strong></span> <span class='ocrx_word' id='word_1_761' title='bbox 3314 5612 3347 5626; x_wconf 77' lang='lat'><strong>..</strong></span> <span class='ocrx_word' id='word_1_762' title='bbox 3422 5609 3458 5626; x_wconf 86' lang='lat'><strong>..</strong></span> 
     </span>
    </p>
   </div>
   <div class='ocr_carea' id='block_1_69' title="bbox 506 5610 3507 5694">
    <p class='ocr_par' dir='ltr' id='par_1_69' title="bbox 506 5610 3507 5694">
     <span class='ocr_line' id='line_1_69' title="bbox 506 5610 3507 5694; baseline -0.004 -17"><span class='ocrx_word' id='word_1_763' title='bbox 506 5610 617 5694; x_wconf 66' lang='lat' dir='ltr'><strong>(is)</strong></span> <span class='ocrx_word' id='word_1_764' title='bbox 648 5622 770 5694; x_wconf 67' lang='lat' dir='ltr'><strong>tu).</strong></span> <span class='ocrx_word' id='word_1_765' title='bbox 796 5635 849 5685; x_wconf 69' lang='grc' dir='ltr'><strong>χ,</strong></span> <span class='ocrx_word' id='word_1_766' title='bbox 886 5610 1023 5694; x_wconf 69' lang='lat' dir='ltr'><strong>isc_ct.</strong></span> <span class='ocrx_word' id='word_1_767' title='bbox 1051 5616 1141 5670; x_wconf 74' lang='lat' dir='ltr'><strong>es.</strong></span> <span class='ocrx_word' id='word_1_768' title='bbox 2188 5610 2300 5694; x_wconf 52' lang='lat' dir='ltr'><strong>(es)</strong></span> <span class='ocrx_word' id='word_1_769' title='bbox 2333 5611 2390 5694; x_wconf 65' lang='lat' dir='ltr'><strong>in</strong></span> <span class='ocrx_word' id='word_1_770' title='bbox 2415 5620 2528 5694; x_wconf 66' lang='grc' dir='ltr'><strong>ῃρι.</strong></span> <span class='ocrx_word' id='word_1_771' title='bbox 2563 5611 2640 5694; x_wconf 25' lang='grc' dir='ltr'><strong>τις,</strong></span> <span class='ocrx_word' id='word_1_772' title='bbox 2661 5613 2974 5694; x_wconf 24' lang='grc' dir='ltr'><strong>Ευεφυπλρ.</strong></span> <span class='ocrx_word' id='word_1_773' title='bbox 3001 5612 3130 5675; x_wconf 71' lang='lat' dir='ltr'><strong>Sili,</strong></span> <span class='ocrx_word' id='word_1_774' title='bbox 3155 5613 3284 5680; x_wconf 64' lang='lat' dir='ltr'><strong>eis,</strong></span> <span class='ocrx_word' id='word_1_775' title='bbox 3313 5612 3350 5668; x_wconf 69' lang='lat'><strong>2</strong></span> <span class='ocrx_word' id='word_1_776' title='bbox 3370 5610 3507 5669; x_wconf 86' lang='lat' dir='ltr'><strong>edit.</strong></span> 
     </span>
    </p>
   </div>
   <div class='ocr_carea' id='block_1_70' title="bbox 504 5681 2111 5763">
    <p class='ocr_par' dir='ltr' id='par_1_70' title="bbox 504 5681 1132 5763">
     <span class='ocr_line' id='line_1_70' title="bbox 504 5681 1132 5763; baseline -0.01 -17"><span class='ocrx_word' id='word_1_777' title='bbox 504 5681 618 5763; x_wconf 68' lang='grc'><strong>(20)</strong></span> <span class='ocrx_word' id='word_1_778' title='bbox 645 5691 764 5763; x_wconf 55' lang='lat' dir='ltr'><strong>Lib.</strong></span> <span class='ocrx_word' id='word_1_779' title='bbox 794 5681 908 5754; x_wconf 67' lang='grc' dir='ltr'>χιιι,</span> <span class='ocrx_word' id='word_1_780' title='bbox 929 5686 986 5740; x_wconf 75' lang='lat'><strong>5.</strong></span> <span class='ocrx_word' id='word_1_781' title='bbox 1071 5757 1132 5763; x_wconf 45' lang='grc' dir='ltr'>Μ</span> 
     </span>
    </p>
   </div>
   <div class='ocr_carea' id='block_1_71' title="bbox 1443 5681 3050 5763">
    <p class='ocr_par' dir='ltr' id='par_1_71' title="bbox 2190 5681 3050 5752">
     <span class='ocr_line' id='line_1_71' title="bbox 2190 5681 3050 5752; baseline 0.005 -19"><span class='ocrx_word' id='word_1_782' title='bbox 2190 5681 2302 5752; x_wconf 73' lang='grc'><strong>(24)</strong></span> <span class='ocrx_word' id='word_1_783' title='bbox 2334 5682 2575 5738; x_wconf 75' lang='lat' dir='ltr'><strong>[iutilius</strong></span> <span class='ocrx_word' id='word_1_784' title='bbox 2602 5685 2824 5740; x_wconf 60' lang='lat' dir='ltr'><strong>Rumat.</strong></span> <span class='ocrx_word' id='word_1_785' title='bbox 2853 5681 2953 5736; x_wconf 82' lang='lat' dir='ltr'><strong>lib.</strong></span> <span class='ocrx_word' id='word_1_786' title='bbox 2990 5700 3050 5737; x_wconf 87' lang='grc' dir='ltr'><strong>ιι.</strong></span> 
     </span>
    </p>
   </div>
   <div class='ocr_carea' id='block_1_72' title="bbox 504 5757 1156 5832">
    <p class='ocr_par' dir='ltr' id='par_1_72' title="bbox 504 5757 1156 5832">
     <span class='ocr_line' id='line_1_72' title="bbox 504 5757 1156 5832; baseline -0.023 -8"><span class='ocrx_word' id='word_1_787' title='bbox 504 5757 617 5832; x_wconf 72' lang='lat' dir='ltr'><strong>t2!)</strong></span> <span class='ocrx_word' id='word_1_788' title='bbox 641 5759 762 5819; x_wconf 86' lang='lat' dir='ltr'><strong>Lib.</strong></span> <span class='ocrx_word' id='word_1_789' title='bbox 788 5775 871 5829; x_wconf 85' lang='grc' dir='ltr'>ιιι,</span> <span class='ocrx_word' id='word_1_790' title='bbox 904 5768 1041 5817; x_wconf 79' lang='lat' dir='ltr'><strong>sect.</strong></span> <span class='ocrx_word' id='word_1_791' title='bbox 1066 5757 1156 5815; x_wconf 77' lang='lat'><strong>20.</strong></span> 
     </span>
    </p>
   </div>
  </div>
