4070 6214
401 304 473 370 19
1797 310 1900 370 DU
1939 305 2202 370 canon
3576 298 3654 358 se

462 418 734 472 Caeterum
765 434 876 473 non
923 436 1028 475 una
1073 430 1156 476 est
1204 423 1258 476 in
1315 439 1446 477 mss.
1497 421 1783 478 codicibus
1821 422 2049 475 Zonaras
2099 419 2390 474 Annalium
2445 414 2834 485 descriptionis
2865 415 3026 476 ratio,
3074 428 3168 464 seu
3225 425 3414 464 rerum
3466 410 3521 463 in
3575 410 3650 466 iis

397 514 849 575 pertractatarum
877 518 1197 577 spectentur
1219 520 1562 580 argumenta,
1601 526 1723 580 quze
1765 512 1816 563 in
1846 508 2175 578 quibusdam
2205 521 2270 559 ex
2305 505 2370 558 iis
2411 505 2468 557 in
2502 501 2864 572 marginibus,
2897 515 2994 554 seu
3029 501 3119 566 qni
3172 495 3472 560 Interdum,
3516 513 3643 551 cum

401 608 540 647 nova
573 593 865 647 inchoatur
895 595 1146 658 materia,
1175 597 1230 650 in
1261 597 1380 666 ipso
1420 608 1680 652 contextu
1714 597 1857 650 tituli
1889 603 2256 664 apponuntur.
2293 592 2370 646 Ac
2394 603 2542 645 certe
2574 587 2753 659 quoad
2792 595 2952 641 notas
2985 585 3119 639 istas
3145 584 3494 653 marginales.
3527 601 3636 638 non

397 695 615 748 semper
652 681 816 735 etiam
861 683 1068 736 exulem
1116 684 1168 737 in
1215 685 1473 738 omnibus
1515 683 1924 754 exemplaribus
1955 683 2008 735 in
2037 679 2237 749 quibus
2285 679 2580 738 habentur,
2623 690 2725 728 nec
2775 673 2941 728 simili
2983 672 3224 726 dictione
3278 680 3533 725 exaratze.
3581 671 3638 723 ιιι

395 766 724 834 quibusdam
760 776 1024 838 przeterea
1058 771 1334 824 interdum
1366 773 1551 841 plures
1579 787 1644 826 ac
1674 770 1987 826 crebriores
2019 782 2182 836 quam
2215 765 2268 818 in
2293 764 2436 826 aliis,
2467 763 2522 817 in
2550 761 2879 832 quibusdam
2917 775 3016 829 per
3059 759 3348 813 intervalla
3391 757 3642 827 longius-

396 855 518 907 cula
557 855 840 910 breviores
891 867 1212 912 occurrunt.
1269 859 1326 912 ln
1373 860 1496 912 aliis
1535 859 1775 928 denique
1811 874 1874 911 ac
1917 851 2321 922 antiquioribus
2361 849 2649 904 codicibus
2695 848 2860 901 nulla:
2909 847 3025 901 fere
3076 861 3295 914 semper
3340 843 3638 899 habentur.

398 941 601 994 Scribit
631 941 743 996 Leo
761 944 996 998 Allatius
1016 944 1329 999 inDiatriba
1363 946 1429 999 de
1449 946 1694 1015 Georgiis
1721 945 1808 999 ulii
1838 945 1905 998 de
1929 941 2180 997 Cedreno
2199 938 2330 1010 [imo
2357 937 2606 1008 Scylitza.
2633 951 2684 990 c.
2705 935 2800 1006 θη
2819 935 2952 1003 agit,
2981 944 3200 988 exstare
3230 934 3284 986 in
3308 932 3643 986 biblimheca

398 1029 674 1082 Sfortiana
711 1032 958 1085 codicem
1001 1032 1280 1104 ingentem
1317 1034 1534 1103 Georgii
1589 1034 1838 1103 Scylitza:
1870 1044 2066 1084 nomen
2104 1027 2508 1098 pra‘l‘erentem,
2544 1025 2672 1079 licet
2711 1023 2905 1077 unicos
2947 1023 3218 1075 duntaxat
3255 1021 3485 1078 Zonara:
3533 1023 3650 1074 An-

397 1117 550 1170 nales
574 1117 875 1171 contineat.
918 1118 1024 1173 Sed
1055 1129 1112 1174 et
1157 1112 1301 1175 inter
1332 1121 1549 1175 codices
1591 1121 1866 1175 Palatinos
1910 1119 2136 1171 Romam
2179 1115 2437 1170 advectos
2463 1129 2523 1168 se
2557 1113 2759 1168 vidisse
2801 1111 3048 1183 ejuslem
3081 1110 3311 1164 Zonaras
3344 1109 3638 1163 historiam

397 1203 671 1273 principio
725 1204 996 1272 mutilam,
1062 1222 1093 1261 a
1142 1208 1462 1260 monarehia
1510 1208 1875 1263 Romanorum
1919 1204 2292 1273 incipientem,
2346 1202 2401 1256 in
2471 1216 2598 1270 qua.
2645 1200 2749 1255 etsi
2791 1198 2939 1253 notis
2991 1197 3059 1251 ab
3102 1197 3331 1251 historia
3381 1196 3640 1258 diversis,

399 1289 678 1357 praeﬁxum
712 1299 794 1344 est
826 1291 1102 1360 Γεωργιου
1124 1292 1218 1346 τοῦ
1249 1293 1539 1364 Σκυλξτζη.
1566 1294 1696 1360 Qua:
1721 1293 1943 1362 quidem
1980 1292 2006 1345 d

2040 1291 2181 1354 ll'ert,
2216 1289 2414 1358 inquit.
2447 1287 2518 1342 ab
2551 1287 2700 1342 edito
2727 1286 2962 1348 Zonara,
2993 1283 3138 1353 quod
3167 1282 3220 1336 in
3255 1281 3436 1351 capita
3462 1281 3637 1335 divisa

401 1376 606 1446 ubique
635 1379 932 1432 summaria
961 1380 1203 1448 capitum
1234 1380 1512 1434 exhibeat.
1540 1398 1558 1430 ‹
1594 1381 1674 1434 An
1708 1393 2094 1440 summarum,»
2133 1375 2319 1430 subdit
2351 1375 2494 1428 idem
2524 1373 2776 1430 Allatius.
2806 1391 2824 1422 ι
2865 1381 3058 1425 auctor
3090 1369 3356 1439 Scylitzes
3389 1367 3538 1423 iste?
3569 1384 3638 1422 an

398 1473 687 1531 propterea
735 1465 818 1518 vel
855 1465 1048 1518 fraude
1081 1479 1180 1518 sua
1227 1466 1311 1519 vel
1357 1465 1759 1534 exscriptorum
1815 1465 2106 1520 oscitantia
2162 1463 2407 1516 historiae
2454 1469 2647 1516 auctor
2681 1458 3122 1514 comminiscitur
3157 1475 3174 1508 ι
3228 1471 3325 1510 seu
3375 1454 3644 1525 ﬁngitur?

399 1547 547 1601 unde
577 1565 803 1616 prorsus
843 1551 972 1605 licet
1004 1551 1283 1620 conjicere
1327 1551 1508 1606 haacce
1547 1567 1732 1604 rerum
1766 1560 2082 1620 argumenta
2133 1567 2239 1604 non
2283 1564 2402 1602 esse
2445 1549 2616 1616 ipsius
2637 1546 2883 1607 Zonarae,
2915 1554 3029 1599 tum
3075 1559 3142 1598 ex
3172 1559 3240 1599 eo
3278 1543 3443 1597 etiam
3490 1542 3644 1614 quod

395 1631 628 1687 diversis
652 1650 795 1703 saepe
825 1647 1090 1706 concepta
1141 1638 1323 1691 verbis
1364 1639 1636 1708 legantur,
1679 1648 1791 1690 tum
1845 1639 2017 1707 quod,
2047 1648 2106 1692 ut
2135 1639 2314 1708 attigi,
2348 1639 2498 1693 varie
2543 1638 2885 1709 marginibus
2923 1637 3201 1701 codicum,
3247 1638 3377 1692 alibi
3427 1639 3644 1694 scilicet

399 1720 594 1783 rarius,
627 1721 758 1775 alibi
793 1725 1024 1792 singulis
1072 1724 1244 1779 ferme
1279 1725 1520 1792 periodis
1569 1727 1955 1795 appingantur.
1990 1726 2146 1792 Quod
2180 1741 2342 1794 quam
2390 1725 2582 1780 inutile
2623 1726 2801 1778 sitvel
2846 1740 2912 1778 ex
2961 1740 3029 1779 eo
3077 1735 3249 1794 patet,
3301 1726 3450 1794 quod
3477 1727 3642 1795 longe

397 1807 570 1861 satius
597 1817 682 1862 est
727 1824 849 1876 qua:
873 1810 927 1862 in
959 1821 1218 1864 contextu
1266 1813 1505 1866 breviter
1545 1814 1819 1883 descripta
1858 1815 2132 1869 habentur
2156 1815 2355 1884 legere,
2388 1829 2551 1882 quam
2606 1814 2660 1867 in
2710 1814 3070 1883 argumentis,
3103 1829 3231 1868 cum
3266 1814 3498 1868 totidem
3529 1814 3644 1868 lere

398 1909 617 1964 semper
654 1895 840 1950 verbis
889 1908 1164 1951 constent.
1199 1898 1270 1952 Ea
1297 1900 1699 1969 qualiacunque
1746 1909 1874 1954 sunt
1920 1908 1977 1954 et
2028 1899 2333 1968 enjusmodi
2371 1900 2422 1953 in
2459 1900 2579 1954 suis
2618 1898 2903 1954 codicibus
2946 1901 3234 1955 invenerat
3281 1901 3650 1971 Hieronymus

401 1981 632 2037 Wolﬁus
658 1983 712 2036 in
735 1984 1054 2039 interiorem
1084 1986 1348 2041 editionis
1373 2005 1484 2042 sua:
1527 1989 1824 2058 marginem
1851 2004 1946 2043 seu
1978 1989 2044 2042 ad
2081 1987 2323 2043 Grzecam
2372 1989 2683 2042 columnam
2715 1987 2803 2041 edi
2835 1989 3078 2053 curavit,
3109 1997 3168 2042 et
3198 2004 3322 2042 cum
3357 2004 3467 2042 non
3508 1989 3645 2042 tanti

401 2069 742 2134 viderentur,
766 2086 959 2126 eorum
991 2075 1174 2128 omisit
1206 2074 1740 2145 interpretationem,
1786 2077 1930 2130 uotis
1964 2076 2086 2130 aliis
2123 2075 2468 2130 brevioribus
2494 2075 2704 2128 Latinis
2733 2074 2800 2130 ad
2834 2075 3062 2129 alteram
3090 2077 3405 2131 columnam
3437 2077 3650 2146 pariter

403 2157 678 2226 ascriptis,
722 2174 845 2228 qua:
889 2159 1124 2214 subinde
1165 2160 1233 2216 de
1280 2177 1462 2217 rerum
1503 2164 1840 2232 argumentis
1885 2165 2144 2218 lectorem
2190 2165 2572 2216 admonerent.
2638 2160 2841 2214 llarum
2895 2163 3184 2231 plerasque
3236 2163 3291 2217 in
3342 2164 3443 2217 hac
3476 2164 3644 2233 Regia

402 2245 492 2298 edi
519 2245 854 2312 curavimus,
887 2247 1011 2302 aliis
1035 2248 1204 2302 certis
1225 2264 1288 2303 ex
1330 2251 1515 2304 causis
1545 2251 1784 2321 rejectis,
1820 2259 1934 2303 tum
1977 2253 2144 2304 etiam
2190 2267 2279 2315 ne,
2309 2253 2351 2305 si
2382 2250 2761 2305 crebrioribus
2789 2251 3060 2320 ejusmodi
3095 2251 3434 2320 argumentis
3462 2251 3652 2305 lusca-

407 2341 603 2387 rentur
634 2332 759 2387 libri
794 2335 1086 2404 margines,
1113 2335 1374 2390 editionis
1401 2351 1631 2406 prorsus
1673 2337 1852 2407 Regia:
1886 2348 2145 2394 venustas
2186 2355 2250 2393 ac
2277 2339 2534 2408 majestas
2566 2338 3085 2393 commacularetur.
3117 2339 3293 2408 Atque
3327 2339 3379 2392 id
3415 2338 3640 2408 quidem

403 2434 584 2473 eausre
617 2418 741 2485 fuit,
771 2429 830 2474 ut
860 2419 1047 2475 Graeca
1081 2423 1179 2475 ista
1213 2432 1532 2492 argumenta
1566 2426 1616 2477 in
1662 2425 1954 2480 interiores
1987 2427 2261 2496 margines
2305 2427 2556 2495 rejicere,
2587 2425 2734 2494 quod
2768 2424 2972 2479 fecerat
3012 2424 3263 2488 Wolfius,
3306 2426 3486 2478 visum
3532 2440 3642 2478 nou

402 2505 593 2571 fuerit,
627 2515 740 2567 tum
770 2507 915 2576 quod
945 2506 1049 2562 illas
1081 2509 1134 2562 in
1171 2509 1509 2565 cditionibus
1533 2511 1718 2582 Regiis
1748 2512 1909 2582 vulgo
1931 2513 2095 2568 hasce
2119 2521 2276 2566 notas
2318 2512 2584 2565 hactenus
2613 2526 2721 2564 non
2753 2511 3099 2575 admiserint,
3144 2522 3258 2565 tum
3287 2510 3453 2564 etiam
3495 2510 3644 2578 quod

400 2609 470 2646 eo
498 2605 628 2650 sunt
661 2597 904 2662 inutiles,
945 2598 1091 2667 quod
1127 2599 1391 2669 apposita:
1422 2600 1629 2654 Latina:
1671 2599 1814 2654 idem
1859 2616 2087 2670 prorsus
2135 2599 2390 2654 ellieiant.
2438 2598 2510 2652 Ne
2548 2607 2727 2653 tamen
2755 2598 2959 2653 Graecis
3000 2599 3342 2669 argumentis
3388 2597 3648 2652 fraudare

403 2683 662 2736 lectorem
689 2683 998 2748 videamur,
1027 2702 1088 2741 ea
1114 2703 1332 2741 rursum
1375 2687 1464 2743 hic
1505 2689 1838 2753 recudimus,
1861 2689 2070 2758 aliquot
2095 2686 2147 2739 in
2175 2685 2314 2738 locis
2349 2701 2415 2738 ex
2450 2700 2580 2737 mss.
2607 2683 2893 2736 codicibus
2923 2686 3193 2746 auctiora,
3225 2697 3398 2750 eaque
3448 2697 3652 2736 secun-

401 2770 533 2824 dum
565 2770 832 2826 librorum
873 2783 930 2828 et
954 2776 1261 2829 sectionum
1288 2792 1547 2830 ntimeros
1573 2778 1800 2848 digesta,
1835 2777 1907 2830 ita
1940 2785 1999 2830 ut
2037 2791 2222 2830 rerum
2265 2792 2292 2828 a
2322 2775 2534 2828 Znnara
2565 2773 2616 2825 in
2649 2772 2955 2826 Annalibus
2981 2771 3384 2841 deseriptarum
3427 2769 3646 2825 elenchi

401 2873 498 2911 seu
531 2861 812 2915 summarii
843 2861 1016 2917 vicem
1051 2874 1311 2933 prmstare
1342 2865 1574 2933 possint.

471 2945 612 3010 Quid
647 2962 814 3016 porro
837 2958 1131 3017 postremae
1163 2951 1292 3006 huic
1325 2968 1387 3006 ac
1421 2953 1601 3023 Regia:
1647 2967 1872 3021 prorsus
1919 2950 2146 3005 Joannis
2175 2949 2400 3004 Zonara:
2443 2947 2734 3001 Annalium
2761 2947 2991 3000 editioni
3033 2946 3352 3010 accesserit,
3385 2946 3654 3001 lectorem

405 3034 634 3089 interest
663 3036 916 3092 educere.
948 3038 1134 3094 Graeca
1158 3041 1512 3103 contulimus,
1552 3041 1783 3095 maxime
1818 3041 1870 3094 in
1929 3039 2064 3093 locis
2091 3038 2183 3108 qui
2221 3037 2558 3090 dubietatem
2595 3035 2888 3106 quamdam
2921 3035 3318 3104 pra-ferebant,
3347 3050 3470 3088 cum
3512 3050 3652 3103 qua-

404 3136 530 3179 tuor
562 3127 850 3183 codicibus
898 3129 1081 3200 Regiis
1121 3139 1178 3185 et
1205 3147 1313 3183 uno
1357 3130 1670 3186 Colberteo.
1718 3130 2013 3200 Regiorum
2058 3129 2167 3182 duo
2209 3126 2394 3197 [1714,
2436 3142 2561 3180 sme.
2608 3143 2696 3180 xui
2734 3167 2748 3190 ,
2791 3135 2844 3180 et
2897 3127 3070 3188 I726,
3106 3141 3229 3178 sarc.
3280 3125 3369 3195 xv]
3407 3126 3647 3193 integros

403 3215 640 3269 Annales
667 3217 1130 3285 complectuntur,
1164 3227 1530 3288 prasterquam
1575 3217 1720 3288 quod
1771 3219 1966 3272 horum
2000 3217 2138 3272 alter
2171 3215 2355 3287 [1716]
2397 3215 2616 3270 duobus
2648 3215 2794 3268 foliis
2825 3215 2984 3268 initio
3017 3214 3243 3268 mutilus
3281 3224 3365 3267 est
3393 3230 3406 3277 ;
3445 3214 3643 3267 tertius

405 3304 589 3372 [1768.
617 3321 742 3360 εειιο.
780 3305 913 3378 xlv],
942 3308 1240 3362 secundam
1285 3309 1578 3362 Annalium
1627 3316 1868 3378 partem;
1900 3316 2130 3376 quartus
2171 3304 2355 3376 [l7l8,
2403 3319 2529 3358 saec.
2573 3302 2684 3373 xvi]
2712 3303 2958 3364 demum,
3015 3302 3170 3371 isque
3219 3301 3519 3356 recentiori
3553 3301 3650 3354 dc-

404 3393 642 3462 scriptus
667 3410 851 3454 manu.
877 3396 1100 3450 eosdem
1132 3397 1370 3452 Annales
1414 3397 1482 3450 ab
1530 3397 1764 3467 imperio
1791 3394 2116 3451 Diocletiani
2149 3393 2216 3448 ad
2253 3392 2505 3448 Alexium
2543 3392 2807 3446 continet.
2832 3390 3013 3446 Codex
3061 3390 3391 3446 Colberteus
3419 3388 3534 3460 (28)
3565 3401 3650 3444 sat

403 3481 561 3535 bonae
590 3491 754 3545 notat,
791 3484 980 3551 paucis
1007 3481 1172 3538 etiam
1203 3485 1417 3556 paginis
1468 3485 1626 3540 initio
1668 3486 1913 3549 mutilus,
1947 3483 2151 3538 desinit
2192 3482 2246 3536 in
2283 3481 2510 3551 hujusce
2549 3479 2807 3534 editionis
2841 3479 3143 3532 sectionem
3185 3479 3258 3532 34
3289 3478 3416 3532 libri
3451 3494 3546 3542 xu,
3593 3479 3644 3530 in

402 3567 679 3622 Maximini
714 3570 925 3625 scilicet
955 3581 1012 3626 et
1055 3571 1248 3626 Licinii
1281 3573 1593 3640 imperiutn.
1626 3573 1814 3626 Varias
1844 3588 1910 3626 ex
1953 3571 2104 3626 hisce
2140 3569 2425 3624 codicibus
2459 3576 2746 3636 excerptas
2776 3567 3044 3621 lectiones
3098 3567 3152 3620 in
3205 3565 3370 3619 Notas
3412 3563 3651 3618 subinde

405 3655 718 3719 retulimus.
776 3659 1065 3714 nonnullis
1109 3675 1230 3728 qua:
1280 3669 1433 3714 extra
1487 3662 1918 3716 controversiam
1971 3658 2304 3712 videbantur
2337 3656 2393 3710 in
2429 3666 2748 3711 contextum
2782 3655 2962 3724 ipsqu
3014 3652 3296 3708 immissis.
3329 3650 3648 3723 Hieronymi

405 3743 584 3797 Wollli
615 3745 931 3799 versionem
963 3745 1214 3800 Latinam
1253 3748 1530 3801 interdum
1565 3759 1620 3802 et
1651 3750 1830 3802 rarius
1857 3751 2298 3809 emendavimus,
2332 3748 2569 3802 maxime
2602 3747 2670 3799 iis
2703 3747 2838 3801 locis
2865 3745 2956 3798 ubi
2987 3746 3232 3799 auctoris
3267 3751 3510 3796 mentem
3542 3757 3651 3796 non

403 3832 628 3886 omnino
654 3844 773 3887 erat
800 3842 1108 3897 assecutus.
1143 3851 1283 3904 quos
1318 3835 1371 3889 in
1408 3836 1558 3890 Notis
1588 3837 1703 3891 fere
1733 3852 1951 3907 semper
1979 3837 2320 3898 indicamus;
2356 3833 2449 3888 sed
2479 3833 2779 3902 praesertim
2813 3831 2866 3885 in
2895 3847 2958 3886 ea
2994 3842 3148 3900 parte
3182 3831 3274 3884 tibi
3311 3847 3399 3884 res
3446 3831 3650 3897 Byzan-

405 3920 533 3973 tina:
558 3929 964 3989 pertractantur
984 3922 1229 3990 quadam
1265 3924 1610 3992 potissimum
1654 3925 2084 3990 immutavimus,
2115 3923 2206 3976 ubi
2242 3923 2509 3992 palatinas
2534 3937 2630 3975 seu
2681 3921 3086 3975 ecclesiasticas
3126 3919 3428 3987 dignitates
3459 3917 3651 3969 minus

403 4015 774 4064 eonsentanee
803 4007 1109 4064 reddidisse
1144 4011 1450 4066 videbatur.
1484 4012 1794 4067 Annalibus
1824 4013 2063 4082 denique
2089 4011 2488 4066 Adnotationes
2515 4018 2730 4064 nostras
2765 4008 3122 4079 subjecimus,
3159 4022 3263 4059 una
3296 4020 3422 4058 cum
3456 4003 3649 4056 Disce.-

405 4095 650 4165 ptatione
674 4097 742 4151 de
773 4096 1056 4151 Hebdomo
1081 4105 1137 4152 et
1162 4097 1370 4167 aliquot
1395 4099 1788 4155 additamentis
1819 4100 1886 4154 ad
1926 4109 2166 4154 nostram
2197 4098 2410 4168 Cpolim
2439 4097 2840 4156 Christianam,
2874 4095 2942 4150 de
2971 4094 3176 4163 quibus
3202 4091 3463 4147 omnibus
3490 4088 3650 4143 initio

405 4186 671 4255 cujusque
697 4185 1100 4240 lucubrationis
1135 4185 1393 4240 lectorem
1426 4202 1732 4242 monemus.

476 4273 646 4327 Breve
679 4272 919 4342 denique
954 4272 1297 4337 Chronicon,
1347 4275 1569 4330 levioris
1605 4275 1746 4329 forte
1787 4275 1913 4330 licet
1966 4274 2250 4335 momenti,
2281 4271 2510 4329 Joannis
2538 4269 2764 4326 Zonara:
2804 4269 3110 4326 Annalibus
3135 4267 3482 4338 subjicimus,
3506 4265 3652 4336 quod

431 4377 719 4428 emporum
747 4362 813 4415 ab
847 4362 1055 4416 Adamo
1090 4363 1156 4416 ad
1192 4363 1444 4417 Alexium
1492 4363 1859 4427 Comnenum,
1903 4380 2024 4434 qum
2057 4366 2146 4419 ille
2193 4363 2565 4434 persequitur,
2616 4360 2979 4415 Summarium
3022 4357 3304 4428 quoddam
3354 4349 3656 4417 contineat,

405 4448 714 4516 eujusmodi
750 4451 1010 4503 nonnulla
1041 4451 1145 4504 alia
1178 4451 1454 4505 habentur
1485 4451 1538 4505 in
1565 4453 1854 4506 codicibus
1887 4452 2278 4521 manuscriptis
2307 4451 2659 4505 bibliothecae
2683 4449 2888 4517 Regiaa,
2920 4462 3044 4517 quas
3078 4458 3263 4501 tamen
3296 4447 3350 4500 in
3386 4461 3656 4500 annorum

409 4537 854 4590 ebaracterismis
884 4554 990 4591 non
1023 4539 1250 4592 omnino
1279 4540 1485 4608 ubique
1515 4555 1640 4592 cum
1671 4556 1738 4593 eo
1767 4540 1912 4608 quod
1945 4541 2162 4594 edimus
2190 4539 2549 4600 conveniunt,
2577 4535 3014 4604 exscriplorum.
3052 4545 3112 4588 ut
3158 4534 3438 4593 existimo,
3473 4531 3656 4600 potius

409 4624 642 4686 incuria,
669 4639 833 4692 quam
864 4638 1055 4676 eorum
1083 4640 1111 4677 a
1145 4625 1349 4692 quibus
1379 4633 1508 4679 sunt
1531 4625 1800 4679 confecta.
1841 4627 1912 4682 Ut
1947 4636 2129 4681 tamen
2165 4627 2380 4679 cteteris
2409 4624 2551 4678 istttd
2593 4623 2932 4690 pra-ferrem.
2973 4622 3104 4675 fecit
3137 4620 3236 4672 viri
3279 4619 3330 4671 in
3361 4618 3653 4671 chronolo—

409 4713 544 4779 gicis
575 4722 633 4766 ut
666 4720 720 4764 et
748 4713 800 4766 in
835 4711 1048 4765 ca'teris
1086 4712 1394 4780 disciplinis
1422 4714 1783 4767 versatissimi
1820 4714 2060 4784 Dionysii
2099 4713 2302 4767 Petavii
2338 4712 2658 4773 auctoritas,
2686 4727 2716 4764 a
2757 4724 2868 4779 quo
2901 4708 3138 4777 primum
3164 4705 3374 4758 editum
3413 4712 3498 4757 est
3523 4717 3651 4756 cum

408 4799 704 4870 Nicephori
739 4800 1059 4870 patriarcha:
1080 4799 1354 4854 Breviario
1378 4800 1642 4854 historico
1668 4820 1679 4855 :
1711 4802 1852 4871 quod
1871 4817 1996 4856 cum
2027 4804 2080 4856 in
2108 4802 2271 4871 Regia
2295 4801 2538 4855 editione
2561 4798 2812 4863 ejusdem
2844 4793 3132 4864 scriptoris
3162 4790 3425 4846 omissum
3466 4789 3654 4846 luerit,

411 4890 501 4942 hic
538 4905 752 4942 rursum
789 4903 1094 4958 proponere
1127 4889 1304 4941 visum
1344 4896 1447 4951 est,
1482 4898 1596 4941 tum
1639 4889 1893 4955 maxime,
1925 4900 1986 4944 ut
2017 4889 2320 4959 attigimus,
2349 4888 2494 4958 quod
2533 4886 2756 4940 eosdem
2802 4897 2942 4954 quos
2998 4881 3239 4934 Zonaras
3275 4893 3449 4931 annos
3508 4891 3655 4930 com-

410 4977 701 5045 plectatur,
731 4993 759 5030 a
792 4977 994 5030 mundo
1022 4976 1232 5031 scilicet
1258 4976 1480 5031 condito
1512 4992 1684 5047 usque
1716 4978 1783 5031 ad
1817 4978 2072 5033 eumdem
2103 4979 2378 5034 Alexium.

480 5066 586 5120 Sed
635 5067 953 5135 priusquam
1004 5066 1133 5120 huic
1185 5066 1496 5120 Prinl'ationi
1553 5068 1674 5121 linis
1731 5068 2081 5138 imponatur,
2133 5075 2390 5136 prwstat,
2445 5065 2591 5134 quod
2645 5080 2812 5134 supra
2863 5075 3057 5116 sumus
3111 5056 3363 5128 polliciti,
3427 5054 3659 5109 aliorum

411 5152 634 5205 Zonarze
663 5169 916 5220 operum,
964 5169 1202 5222 quorum
1254 5156 1517 5208 memoria
1569 5156 1633 5207 ad
1684 5170 1784 5208 nos
1820 5159 2096 5224 pervenit,
2143 5155 2377 5208 indicent
2413 5153 2708 5222 subjicere,
2747 5160 2806 5205 ut
2839 5151 2922 5204 vel
2961 5150 3110 5212 inde,
3155 5162 3318 5216 quam
3367 5143 3660 5212 singularis

411 5241 576 5293 l'nerit
609 5241 709 5293 viri
739 5240 981 5295 eruditio
1007 5257 1071 5294 ac
1105 5243 1302 5311 pietas,
1354 5243 1523 5296 lector
1552 5253 1899 5312 assequatur.
1934 5244 2112 5311 Azque
2142 5253 2200 5296 ιιι
2223 5244 2290 5294 ab
2330 5241 2497 5295 editis
2529 5247 2786 5293 suutatur
2827 5239 3070 5300 initium,
3108 5234 3354 5288 occurrit
3383 5232 3438 5284 in
3473 5231 3662 5300 primis

407 5329 851 5382 Commentarios
881 5329 932 5381 in
965 5343 1205 5383 canones
1235 5329 1609 5398 apostolorum
1653 5340 1706 5383 et
1750 5330 2113 5384 conciliorum
2160 5329 2271 5400 (ἐϋ)
2296 5341 2350 5383 et
2381 5331 2433 5382 in
2469 5329 2744 5397 Epistolas
2785 5327 3081 5380 canonicas
3111 5324 3246 5392 ('50),
3283 5322 3442 5390 cujus
3477 5318 3662 5372 titulus

486 5526 595 5593 ('28)
628 5527 781 5582 Nunc
831 5524 1031 5593 Regius
1090 5524 1242 5584 l7l7.
1285 5540 1408 5578 smc.
1468 5541 1582 5578 xui.
1629 5524 1829 5578 ῐἰ’;ῐ·ι‹·ι’
1880 5527 1978 5579 bos
2159 5524 2271 5592 (‘29)
2303 5524 2401 5577 Ed.
2437 5523 2604 5576 Paris.
2649 5522 2803 5584 1618,
2835 5520 2887 5573 in
2923 5519 3016 5575 ιὐι.
3055 5532 3109 5573 et.
3148 5522 3201 5574 in
3231 5514 3496 5584 Bererrgii
3527 5512 3658 5566 Pan-

413 5595 640 5650 Zonarae
669 5597 888 5650 codices
915 5596 1135 5650 Parisiis
1171 5607 1296 5649 sunt
1323 5595 1432 5647 duo
1471 5596 1584 5657 alii,
1611 5597 1748 5649 alter
1777 5594 1976 5650 Coisli-
2087 5596 2262 5649 dei-tis
2287 5593 2594 5664 Canonum.
2987 5663 2991 5664 ν
3055 5660 3109 5664 ___
3425 5655 3434 5664 .
3493 5650 3531 5664 ﬂ
3601 5650 3610 5657 _

416 5669 614 5719 uiantis
651 5667 770 5723 137,
806 5684 930 5720 sa'c.
961 5683 1071 5723 Xiv.
1106 5669 1242 5719 alter
1271 5666 1430 5732 paulo
1485 5650 1608 5733 post
1645 5667 1913 5718 Zonaratn
1951 5681 1978 5718 a
2164 5666 2274 5734 (fit!)
2314 5665 2352 5716 li
2378 5666 2409 5714 l.
2444 5663 2508 5715 ad
2537 5663 2742 5734 calcem
2776 5661 3014 5734 Gregorii
3053 5655 3456 5734 'I'linnmntitrgi.
3493 5650 3646 5702 Paris

415 5736 692 5804 Βδςξιιιςῖο
718 5737 924 5791 editum
981 5740 1214 5793 l‘at'L-im
1256 5727 1532 5803 advertas,
1583 5737 1785 5805 Regius
1830 5739 1977 5790 ιῑιῖι.
2093 5727 2334 5801 1ϋ21,ἰιι
2368 5735 2458 5786 l'ol.
2497 5744 2553 5787 ct
2587 5733 2638 5786 itt
2675 5727 2936 5801 Ucvercgii
2971 5731 3260 5784 Pande-ets
3287 5727 3594 5780 Canoutuu.
