4070 6214
434 375 511 437 23
1846 380 1948 440 DU
1986 378 2255 440 CANGII
3629 387 3703 448 24

503 485 752 541 Meminit
789 489 1029 560 denique
1074 491 1315 547 Joannes
1346 492 1671 562 _l’ontanns.
1728 493 1782 547 in
1829 491 2156 547 Praefatione
2202 490 2271 545 ad
2316 492 2604 549 historiam
2649 494 2879 550 Joannis
2923 493 3322 560 Cantacuzeni,
3376 510 3697 567 poematum

431 572 658 630 Joannis
686 576 912 633 Zonarae
940 579 1007 633 de
1042 580 1401 635 Processione
1441 581 1679 651 Spiritus
1708 582 1906 644 sancti,
1934 596 2056 651 quin
2106 595 2136 633 a
2182 579 2543 637 Genebrardo
2571 583 2625 637 in
2673 583 2927 638 Latinam
2957 584 3202 653 linguam
3250 599 3527 642 conversa
3570 603 3699 644 esse

433 658 711 715 observat.
738 660 814 715 Ea
840 676 964 716 cum
995 664 1049 716 in
1082 664 1343 718 omnibus
1372 664 1486 718 fere
1528 665 1880 719 bibliothecis
1900 674 2090 721 exacta
2123 667 2258 722 satis
2283 668 2531 723 adhibita
2566 669 2855 738 dﬂigentia
2890 669 3313 740 conquisierim,
3348 687 3452 727 nec
3489 676 3705 744 reperi,

436 761 536 800 nec
566 747 659 800 ubi
702 757 759 802 et
805 750 861 803 in
897 766 1009 821 quo
1035 751 1376 806 Genebrardi
1421 752 1701 807 volumine
1732 753 1880 807 edita
1926 752 2037 807 sint
2083 753 2151 806 ab
2180 753 2411 823 hujusce
2443 756 2598 812 urbis
2637 757 2775 812 viris
2802 757 2983 812 doctis
3007 758 3215 813 rescire
3243 759 3400 829 potui
3428 762 3569 832 (34).
3603 763 3700 820 Sic

434 851 603 905 porro
636 838 920 893 Pontanus
947 858 957 893 :
1002 860 1020 891 ι
1053 840 1323 895 Zonaram
1356 841 1527 895 fuisse
1573 842 1986 896 schismaticum
2021 842 2212 896 testari
2240 853 2473 913 possunt
2500 845 2622 915 ejus
2654 853 2904 915 poemata
2932 847 3341 903 aculeatissima
3370 848 3438 904 de
3468 865 3697 919 proces-

435 925 594 978 sione
619 927 795 979 sancti
828 926 1092 995 Spiritus,
1124 938 1179 983 et
1206 929 1312 983 alia
1348 929 1615 984 adversus
1640 928 1863 984 Latinos
1894 931 2218 1000 composita,
2243 948 2365 1002 qua!
2387 932 2777 990 Genebrardus
2811 935 2941 989 dum
2982 946 3361 1002 converteret,
3409 954 3467 993 se
3500 940 3693 995 crimi-

440 1012 694 1066 nationes
717 1013 836 1068 illas
869 1016 1121 1069 omisisse
1149 1027 1357 1071 narrat.
1392 1036 1411 1069 ι
1444 1017 1576 1083 Qua:
1608 1018 1830 1087 quidem
1881 1018 2153 1088 ipsissima
2194 1019 2429 1075 Pontani
2477 1022 2644 1077 verba
2685 1022 2983 1094 exscripsit
3034 1022 3272 1080 Allatius
3319 1026 3374 1080 in
3427 1025 3696 1099 Creygto-

434 1115 564 1153 num
601 1101 736 1171 ('55).

506 1188 804 1243 Enimvero
836 1203 1035 1261 prmter
1065 1208 1231 1262 supra
1259 1193 1477 1248 laudata
1506 1194 1734 1249 Joannis
1762 1194 1986 1247 Zonarze
2014 1215 2173 1263 npcra
2209 1194 2678 1251 curcuniferuntur
2716 1197 2916 1267 passim
2945 1198 3000 1252 in
3041 1198 3397 1254 bibliothecis
3433 1200 3696 1269 Epistula:

432 1274 780 1345 dogniaticaa,
810 1278 1161 1334 continentes
1193 1280 1579 1335 obscuriorum
1611 1296 1778 1336 sacra:
1806 1281 2105 1351 Scriptura!
2148 1283 2391 1337 locorum
2424 1285 2871 1353 explicationem,
2921 1301 3157 1342 numero
3185 1302 3280 1340 sex
3328 1294 3384 1341 et
3413 1290 3696 1359 quinqua-

432 1362 609 1431 ginta,
651 1379 886 1433 quarum
926 1367 1125 1421 seriem
1162 1377 1220 1422 et
1248 1378 1566 1438 argumenta
1619 1369 1911 1438 descripsit
1953 1370 2148 1425 Petrus
2196 1371 2524 1427 Lambecius
2561 1373 2709 1443 ('56);
2762 1389 2898 1443 quas
2953 1373 3176 1444 quidem
3219 1376 3418 1431 Joanni
3465 1376 3693 1433 Zonaras

431 1450 655 1518 quidam
682 1451 927 1514 codices,
955 1453 1043 1506 alii
1072 1453 1321 1508 Michaeli
1348 1453 1529 1525 Glycze
1560 1456 1866 1520 ascribunt,
1902 1456 2040 1510 adeo
2082 1467 2143 1510 nt
2184 1458 2455 1514 hactenus
2486 1459 2762 1514 incertum
2787 1472 3005 1515 maneat
3038 1463 3221 1517 utrius
3265 1463 3381 1517 sint
3415 1484 3428 1518 :
3470 1466 3689 1520 tametsi

434 1535 491 1589 in
519 1551 639 1590 eam
672 1537 925 1590 videatur
950 1540 1257 1593 concedere
1297 1540 1625 1595 sententiam
1660 1539 1771 1595 Leo
1794 1542 2027 1597 Allatius
2058 1545 2171 1615 (37)
2197 1555 2254 1599 ut
2282 1546 2461 1617 Glycze
2504 1547 2687 1615 potius
2714 1548 2835 1603 illas
2866 1549 3074 1604 tribuat
3102 1566 3267 1617 quam
3307 1551 3557 1610 Zonarre.
3594 1555 3690 1608 ubi

336 1656 342 1662 ς
433 1622 509 1675 ita
547 1622 771 1677 scribit:
804 1643 820 1674 ι
847 1624 973 1679 llzcc
1003 1633 1060 1678 et
1098 1624 1202 1679 alia
1229 1624 1459 1679 Michael
1497 1624 1715 1696 Glycas,
1752 1626 1983 1695 epistola
2023 1632 2155 1685 satis
2204 1634 2419 1702 prolixa
2465 1620 2537 1687 ad
2581 1632 2928 1690 Joannicium
2972 1637 3326 1699 monachum.
3353 1648 3463 1694 etc.
3511 1638 3692 1711 Hujus

430 1710 596 1763 etiam
629 1712 919 1781 epistolam
946 1713 1010 1766 de
1032 1711 1137 1766 hac
1159 1712 1348 1766 eadem
1379 1726 1437 1767 re
1466 1727 1524 1767 se
1549 1713 1743 1783 legisse
1773 1713 1967 1768 scribit
1993 1716 2351 1775 Casaubonus
2381 1722 2616 1776 exercit.
2663 1723 2719 1777 in
2768 1723 3064 1779 Baronium
3097 1724 3188 1790 l6,
3225 1743 3282 1780 ιι.
3311 1726 3398 1791 49,
3441 1727 3541 1781 sed
3581 1710 3689 1784 sub

430 1798 655 1851 nomine
678 1798 905 1852 Zonaras
928 1797 1158 1862 editam,
1184 1812 1347 1867 quam
1378 1797 1559 1868 Glycze
1583 1815 1705 1856 esse
1739 1802 1961 1857 codices
1986 1804 2200 1874 antiqui
2225 1816 2639 1876 repraesentant.
2665 1808 2967 1880 Cujusnam
2996 1827 3129 1867 vero
3149 1812 3262 1866 sint
3291 1812 3396 1868 ilhc
3412 1814 3684 1882 epistola,

431 1899 553 1953 qum
576 1884 679 1938 sub
706 1884 929 1940 nomine
958 1883 1141 1955 Glycze
1169 1892 1227 1939 et
1254 1883 1483 1940 Zonaras
1522 1886 1746 1942 nomine
1777 1888 1831 1942 in
1880 1904 2009 1943 mss.
2044 1902 2315 1961 prostant,
2346 1895 2491 1951 alius
2528 1898 2640 1953 erit
2685 1898 2989 1954 disserendi
3038 1901 3219 1956 locus.
3269 1924 3290 1955 ο
3321 1900 3547 1958 Utinam
3582 1903 3689 1957 viri

430 1972 736 2027 doctissimi
766 1973 900 2027 etin
934 1988 992 2028 re
1020 1980 1268 2029 veterum
1299 1972 1526 2029 libraria
1556 1974 1880 2044 peritissimi
1927 1986 2169 2035 exstaret
2208 1996 2377 2053 super
2417 1983 2522 2040 hac
2556 1984 2879 2043 diﬂicultate
2921 1987 3264 2051 dissertatio.
3309 2005 3434 2059 qua:
3480 2004 3583 2045 nos
3619 1989 3691 2046 ab

431 2059 536 2114 hac
563 2060 953 2130 disquisitione
972 2060 1230 2116 levasset.
1258 2059 1421 2116 Certe
1450 2061 1677 2117 Zonarze
1708 2064 1808 2119 has
1849 2064 2079 2120 ascribit
2114 2068 2285 2124 codex
2316 2071 2540 2142 Regius,
2581 2072 2677 2129 sed
2713 2075 3006 2129 recentiori
3038 2091 3204 2129 manu
3236 2078 3501 2147 scriptus,
3538 2093 3689 2133 anno

428 2149 641 2204 lcilicot
672 2149 863 2203 mundi
888 2148 1044 2217 juxta
1065 2148 1285 2204 Graecos
1310 2149 1447 2204 6996
1467 2148 1694 2220 (Christi
1722 2153 2030 2219 1488),lnd.

2081 2154 2114 2217 ἰ,
2136 2155 2240 2211 hoc
2267 2158 2427 2214 titulo
2472 2160 2785 2214 Ἐπιστολαὶ
2820 2161 2990 2230 κυροῦ
3035 2162 3284 2216 Ἰωάννου
3325 2164 3559 2233 Ζωναρᾶ
3591 2164 3688 2218 καὶ

430 2237 920 2308 πρωτοσυγκρίτης
958 2237 1053 2291 καὶ
1072 2237 1433 2308 δρουγγαρίου
1456 2238 1555 2307 τῆς
1579 2238 1790 2309 βίγλης.
1820 2240 2037 2296 Coutint

2075 2245 2380 2322 .porroltic
2408 2248 2581 2304 codex
2628 2247 2707 2320 [n.
2737 2249 2899 2322 30l5]
2947 2251 3016 2306 45
3064 2250 3329 2306 duntaxat
3382 2253 3682 2321 epistolas,

429 2339 663 2392 quarum
682 2324 855 2393 prima
883 2323 1081 2379 Joanni
1114 2322 1337 2378 Sinaita:
1371 2323 1713 2391 inscribitur,
1739 2327 2040 2395 penultima
2075 2320 2227 2397 vero,
2254 2349 2376 2402 qua:
2404 2345 2492 2391 est
2513 2336 2582 2390 38
2618 2336 2672 2390 in
2690 2320 3277 2403 indiceiLambeciano,
3311 2338 3531 2394 videtur
3562 2355 3689 2397 esse

428 2411 697 2467 Manuelis
734 2410 999 2467 Comneni
1026 2411 1474 2483 imper.,scripta
1517 2412 1796 2478 videlicet,
1820 2422 1879 2468 ut
1918 2424 2035 2484 prmi

2088 2426 2138 2471 rt
2170 2418 2474 2490 inscriptio.
2514 2422 2604 2490 Τῷ
2624 2423 2939 2493 τιμιωτάτῳ
2977 2423 3193 2493 μοναχῷ
3244 2426 3421 2496 κυρίῳ
3447 2426 3692 2499 ’Δλυπίφ

429 2498 508 2567 τῷ
531 2500 834 2570 έγκλείστῳ
885 2500 948 2553 Et
978 2499 1090 2570 χρὴ
1118 2499 1217 2571 τὴν
1257 2501 1652 2572 μαθηματικὴν
1690 2501 2008 2571 ἐπιστήμην
2038 2502 2405 2573 ἀποτρόπαιον
2426 2505 2680 2575 ἡγεῖσθαι
2718 2509 3086 2564 παντάπασιν.
3108 2509 3333 2563 Initium
3366 2525 3497 2564 vero
3538 2509 3689 2563 illius

429 2595 537 2652 est,
583 2586 666 2639 Τὰ
692 2587 792 2656 τῆς
832 2588 1244 2659 μαθηματικῆς.
1270 2597 1377 2644 etc.
1422 2588 1603 2659 Atque
1649 2589 1703 2643 in
1750 2590 1932 2644 hieccc
1960 2605 2036 2644 vel

2081 2605 2125 2643 ια
2156 2589 2401 2646 desinit:
2454 2592 2549 2647 Ἐκ
2591 2594 2797 2646 τούτων
2830 2590 2923 2648 οὖν
2973 2596 3189 2649 πάντων
3245 2596 3509 2664 μάνθανε.
3564 2597 3688 2666 ίερᾶι

431 2673 663 2745 κεφαλὴ,
704 2674 780 2737 ὡς
823 2676 1138 2746 εἱμαρμένη
1189 2675 1291 2745 μὲν
1338 2676 1430 2729 καὶ
1473 2677 1729 2746 γέννησις
1760 2676 2107 2730 παντάπασιν
2152 2679 2560 2747 άπηγόρευνται
2589 2679 2683 2733 τὸν
2715 2681 2851 2733 κατ’
2878 2681 3067 2735 εἰκόνα
3108 2685 3203 2737 καὶ
3227 2683 3337 2753 γὰρ
3367 2682 3514 2737 Θεοῦ
3547 2682 3691 2737 πλαο

432 2761 631 2816 σθέντα
660 2762 880 2831 λογικὸν
905 2762 1259 2828 αὐτεξούσιον
1294 2765 1621 2835 ἄνθρωπον·
1658 2767 1721 2818 ού
1777 2764 1887 2835 γάρ
1932 2768 2192 2833 φυσικαῖς
2240 2767 2508 2834 ἀνάγκαις
2552 2768 2875 2820 ὑποκεῖσθαι
2921 2767 3389 2839 καταδεξώμεθτν
3434 2785 3690 2841 προγνω-

435 2850 631 2921 στικὴν
679 2851 735 2904 δέ
775 2869 896 2906 τινα
929 2854 1040 2915 τοῖς
1075 2853 1383 2925 ἀνθρώποις
1414 2853 1796 2920 ὲνδεδόξασοαι
1834 2852 2087 2924 δύναμιν.
2123 2852 2264 2905 καθὰ
2314 2854 2405 2907 καὶ
2455 2852 2672 2923 φθάσας
2715 2855 2743 2908 ὁ
2787 2855 2945 2923 λόγος
2980 2855 3281 2922 ὑπέδειξεν,
3328 2856 3388 2910 οὐ
3430 2856 3693 2911 τοσοῦτον

430 2938 661 2992 ἀπέοικε
689 2939 769 2992 δι’
804 2941 870 3009 ῆν
896 2939 1079 2994 αἰτίαν
1109 2940 1434 3012 είρήκαμεν,
1467 2942 1515 2995 εί
1544 2942 1638 2995 καὶ
1668 2942 1817 3012 mp}.
1851 2940 1960 2993 τῶν
1994 2938 2165 3007 άγίων
2204 2939 2466 3010 Πατέρων
2517 2941 2929 3011 ὲνασχολεῖσθαι
2968 2942 3186 3009 τούτοις
3241 2946 3304 2999 οὐ
3361 2945 3689 3015 συγχωρού-

435 3026 596 3097 μεθα,
620 3026 701 3080 ὅτι
735 3026 810 3096 μὴ
843 3026 987 3081 κατά
1035 3027 1195 3097 λόγον
1222 3028 1389 3100 ὀρθὸν
1417 3028 1603 3091 αὐτοῖς
1634 3027 2028 3097 ἀποχρώμεοα.

2081 3025 2247 3080 lstius
2289 3026 2541 3095 epistolae
2585 3025 3108 3099 Antapologeticum
3156 3031 3409 3102 sequitur
3458 3034 3514 3086 in
3556 3032 3684 3087 cod.

432 3115 569 3187 Reg.
601 3122 653 3169 et
698 3116 750 3170 in
779 3115 964 3171 Indice
991 3115 1384 3179 Lambeciano,
1416 3117 1508 3187 qui
1556 3116 1697 3170 hanc
1740 3116 1973 3169 Manueli
2006 3130 2038 3169 ο

2080 3115 2232 3167 mino
2266 3113 2575 3180 ascribunt,
2631 3115 2736 3170 hoc
2779 3116 2987 3171 titulo:
3042 3118 3574 3188 Ἀνταπολογητικδν
3621 3106 3687 3171 ὲκ

436 3201 639 3273 μέρους
669 3203 808 3272 πρὸς
839 3204 939 3274 τὴν
969 3204 1406 3276 έγχειρισθεῖσαν
1449 3203 1600 3273 αύτῷ
1648 3203 1867 3273 γραφὴν
1900 3202 1995 3254 τοῦ
2032 3201 2297 3273 κραταιοῦ
2332 3202 2427 3254 καὶ
2470 3202 2626 3270 άγίου
2681 3202 2847 3273 ἡμῶν
2891 3204 3159 3273 βασιλέως
3207 3206 3378 3277 κυροῦ
3427 3205 3687 3275 Μανουὴλ

433 3290 747 3362 Κομνηνοῦ,
776 3291 877 3363 τὴν
910 3291 1279 3346 ἀπολυθεῖσαν
1313 3292 1450 3362 πρός
1482 3309 1605 3345 τινα
1643 3290 1879 3361 μοναχὸν
1919 3289 2377 3360 ὲπιμεμψάμενον
2417 3288 2477 3341 ού
2526 3290 2739 3360 μικρῶς
2762 3291 2929 3346 αὐτοῦ
2959 3292 3047 3346 διά
3089 3310 3155 3362 γε
3199 3293 3260 3346 τὸ
3290 3294 3389 3363 τῆς
3431 3293 3689 3363 ἀστρολο-

433 3378 559 3446 γίας
594 3377 848 3448 μάθημα,
893 3381 989 3434 καὶ
1021 3379 1439 3449 φιλονεικοῦσαν
1470 3379 1529 3432 τὸ
1566 3378 1807 3431 τοιοῦτον
1839 3378 2106 3447 συστῆσαι
2153 3376 2383 3447 μάθημα
2413 3380 2671 3446 φυσικαῖς
2717 3380 2812 3432 καὶ
2841 3384 3142 3450 γραφικαῖς
3180 3382 3513 3448 ἀποδείξεσι.
3546 3382 3689 3437 Tum

431 3481 564 3521 vero
588 3466 736 3521 illius
767 3466 986 3521 initium
1018 3467 1170 3522 hisce
1194 3466 1381 3521 verbis
1418 3466 1728 3535 concipitur
1771 3481 1785 3519 :
1822 3464 2038 3533 Τολμῶι

2081 3466 2475 3535 ὅποςιιμνὴσκω
2505 3464 2567 3517 τὸ
2615 3468 2951 3536 προγεγονὸς
2989 3469 3228 3541 γράμμα
3260 3471 3359 3539 τῆς
3407 3470 3688 3541 βασιλείας

436 3570 531 3606 σου
566 3554 660 3608 καὶ
699 3554 778 3617 είς
832 3554 991 3625 ήμῶν
1036 3555 1139 3626 ήδη
1193 3557 1380 3625 χεῖρας
1431 3552 1709 3621 ὲληλυθέν.
1761 3553 1873 3606 Καὶ
1936 3554 1994 3605 ὲν
2043 3552 2282 3623 πρώτοις
2325 3553 2425 3622 μὲν
2458 3553 2732 3619 ἀναγνοὺς
2765 3555 2859 3607 καί
2906 3557 3359 3628 περιεπτυξάμην
3402 3556 3552 3625 αὒτῷ
3591 3559 3687 3610 καὶ

436 3642 654 3712 θερμῶς
693 3642 1056 3713 κατεφίλησα.
1094 3643 1254 3706 Τίνος
1294 3641 1520 3708 ἓνεκενς
1565 3641 1692 3695 Ὀτι
1723 3641 1967 3712 παναγίᾳ.
2014 3640 2092 3712 τῷ
2127 3641 2243 3694 ὄντι
2289 3644 2383 3695 καὶ
2431 3643 2678 3712 ⁴ηρεμαίςι
2714 3647 2887 3715 φωνῇ,
2921 3644 3063 3699 κατὰ
3114 3645 3344 3716 μίμησιν
3392 3643 3557 3699 αὑτοῦ
3590 3642 3686 3697 τοῦ

436 3730 681 3793 εἰπόντος
713 3731 971 3802 Χριστοῦ,
996 3750 1014 3782 ι
1041 3730 1257 3784 Μάθετε
1288 3730 1398 3784 ἀπ’
1421 3728 1577 3800 ἐμοῦ,
1614 3731 1695 3785 ὃτι
1718 3730 1890 3800 πρᾶός
1915 3731 2031 3797 είμι
2058 3729 2153 3782 καὶ
2180 3729 2431 3791 ταπεινὸς
2459 3731 2525 3800 τῇ
2558 3729 2774 3800 καρδίᾳ,
2818 3748 2836 3781 ι
2871 3732 3008 3801 πρὸς
3038 3731 3203 3784 αὑτὸν
3250 3733 3465 3786 ἐκεῖνον
3500 3730 3692 3801 ὶποιή-

440 3833 572 3870 σατο
596 3818 701 3886 τὴν
723 3819 1016 3889 ἀπόκρισιν
1038 3821 1130 3871 τὸν
1155 3817 1583 3888 ἀπερισκέπτως
1609 3816 1754 3871 οὕτω
1795 3817 1886 3871 τοῦ
1928 3815 2253 3885 οεοστεφοῦς
2300 3817 2726 3887 καταϐοώμενον
2765 3820 3006 3889 κράτους
3048 3835 3171 3873 σου.
3210 3820 3366 3873 Μετᾶ
3411 3819 3469 3872 δὲ
3516 3818 3691 3872 ταῦτα

437 3904 497 3956 τῦ
527 3905 769 3973 τοιοῦτον
799 3906 1036 3976 γράμμα
1062 3906 1354 3976 ὲοαύμακα
1379 3904 1525 3958 κατά
1563 3922 1631 3977 γε
1659 3905 1720 3957 τὸ
1762 3904 1965 3974 προσὸν
2004 3904 2154 3974 αὐτῷ
2195 3905 2304 3958 τῶν
2338 3904 2537 3971 λέξεων
2564 3906 2837 3975 στρυφνὸν
2871 3906 2966 3961 καὶ
3011 3904 3285 3977 εὔρυθμον
3336 3908 3432 3961 καὶ
3478 3904 3541 3959 τὸ
3575 3905 3689 3957 τῶν

437 3992 726 4061 νοημάτων
756 3991 893 4061 βαθὺ
920 3995 1017 4046 καὶ
1045 3994 1268 4048 πυκνόν.
1299 3989 1394 4055 Οἷς
1429 3992 1492 4063 δὴ
1521 3976 1782 4063 νοήμασι,
1814 3991 1907 4044 καὶ
1931 3992 2031 4044 οὐκ
2055 3985 2152 4043 οἷδ’
2181 3991 2349 4055 ὅπως,
2379 3992 2712 4061 περιπεσὼν,
2755 3976 3131 4062 χειροόοοῆναι
3165 3992 3272 4059 πρὸ
3293 3990 3388 4045 τοῦ
3415 4006 3687 4044 καταπνι-

433 4070 599 4148 γῆνιι
625 4079 684 4131 τὶ
720 4080 927 4144 τέλεον,
955 4088 1064 4134 etc.
1117 4079 1236 4135 Alia
1266 4096 1331 4135 ex
1367 4079 1558 4134 eadem
1596 4078 1826 4148 epistola
1870 4077 2234 4132 exscribimus
2274 4079 2329 4133 in
2376 4079 2533 4135 Notis
2552 4080 2617 4134 ad
2639 4092 2884 4135 nostrum
2906 4079 3197 4143 Zonaram,
3226 4080 3319 4133 ubi
3368 4078 3436 4134 de
3489 4078 3683 4136 Vectio

433 4168 663 4224 Valente
693 4176 1035 4233 astronomo.
1065 4171 1160 4240 qui
1201 4170 1505 4240 imperante
1528 4167 1891 4223 Constantino
1936 4165 2129 4236 Magno
2163 4166 2320 4231 vixit,
2350 4166 2584 4237 agimus.
2622 4168 2738 4222 Sub
2772 4166 2932 4220 linem
2963 4180 3093 4221 vero
3140 4165 3257 4220 hac
3302 4166 3625 4221 subduntur
3664 4185 3680 4221 :
3729 4179 3735 4185 ·

437 4256 705 4324 Πείθομαι
733 4256 827 4310 οὖν
858 4258 1155 4324 καὶτοῦτο,
1187 4261 1450 4328 κράτιστε
1494 4255 1744 4326 βασιλεῦ,
1796 4256 1871 4318 ὼς
1903 4253 2001 4306 οὐκ
2040 4252 2107 4305 ἂν
2148 4256 2175 4307 ὁ
2208 4255 2441 4324 μοναχδς
2476 4257 2689 4318 ἐκεῖνος
2736 4254 3003 4308 παύσαιτό
3041 4268 3173 4305 ποτε
3206 4254 3537 4326 κατηγορῶν
3586 4254 3683 4308 τοῦ

440 4343 787 4414 μαθήματος,
824 4344 988 4415 είπερ
1021 4344 1486 4417 εύπαράγραπτοί
1523 4345 1664 4397 εἰσιν
1690 4343 1783 4395 ἐπὶ
1807 4340 2061 4395 τοσοῦτον
2093 4342 2142 4394 οἱ
2175 4344 2309 4396 κατ’
2342 4341 2510 4397 αὑτοῦ
2542 4344 2983 4413 προσφερόμενοι
3010 4345 3313 4416 μάρτυρες.
3345 4344 3427 4398 Ad
3477 4343 3691 4398 calcem

434 4429 673 4500 denique
694 4431 903 4487 codicis
923 4432 1079 4503 Regii
1113 4434 1507 4489 describuntur
1528 4447 1723 4488 eorum
1762 4430 1985 4486 nomina
2021 4444 2257 4499 quorum
2288 4429 2720 4503 auctoritatibus
2754 4446 2888 4486 usus
2911 4440 2997 4487 est
3028 4432 3391 4501 epistolarum
3430 4430 3693 4500 scriptor,

437 4515 857 4586 Συγγράφοντες
911 4520 1004 4570 καὶ
1066 4520 1456 4590 συμμάρτυρις
1519 4518 1619 4589 τῆς
1696 4519 1879 4588 βίϐλου
1934 4519 2128 4579 αὐτοὶ,
2199 4516 2500 4586 [Γρηγόριος
2564 4518 2594 4570 ὁ
2660 4518 2950 4585 θεολόγος,
3017 4519 3047 4571 ὀ
3106 4520 3281 4589 μέγας
3358 4517 3684 4581 Βασίλειος,

436 4604 735 4677 Γρηγόριος
786 4604 996 4673 Νύσης⁹
1060 4605 1310 4677 Ἰωάννης
1365 4609 1394 4658 ὁ
1438 4606 1881 4676 Χρυσοῤῥήμων,
1936 4607 1965 4657 ὁ
2020 4604 2191 4674 μέγας
2241 4604 2585 4670 ’Δθανάσιος,
2622 4605 2652 4658 ὁ
2705 4603 2998 4676 Κύριλλος,
3048 4609 3077 4660 ὸ
3112 4606 3289 4676 μέγας
3341 4605 3689 4672 Ἐπιφάνιος,

431 4670 855 4755 ’Ἄναστάσιοςὸ
884 4670 1171 4762 Συναῖτης,
1215 4670 1467 4762 Ἰωάννης
1493 4670 1528 4744 -ὀ
1559 4670 1944 4761 Δαμασκηνὸς,
1995 4670 2295 4762 ιῖρηγόριος
2340 4693 2369 4745 ὁ
2405 4692 2675 4763 διάλογος,
2732 4670 2992 4762 Ἀνδρέας
3038 4670 3282 4764 κρήτης,
3337 4670 3545 4761 Πέτρος
3589 4688 3688 4742 καὶ

438 4779 650 4844 Παῦλος
694 4781 743 4833 oi
786 4779 1097 4846 άπόστολοι,
1143 4780 1459 4849 Νικηφόρος
1504 4779 1870 4851 πατριάρχης,
1932 4779 2031 4832 σῦν
2060 4775 2271 4840 τούτοις
2318 4782 2415 4833 καὶ
2471 4779 2679 4850 Μωσῆς
2709 4781 2805 4834 καὶ
2849 4779 3039 4844 Δαὸὶδ,
3097 4780 3190 4832 καὶ
3239 4778 3324 4840 τίς
3367 4779 3397 4829 ὁ
3432 4774 3686 4846 φωτίζων

437 4865 659 4930 τούτους
689 4868 786 4922 καὶ⁸
815 4867 1026 4941 μάρτυς
1083 4867 1343 4939 ἀψευδὴς,
1400 4868 1462 4921 τὸ
1492 4864 1718 4935 Πνεῦμα
1740 4867 1800 4919 τὸ
1830 4867 2004 4935 ἆγιον.
2036 4867 2044 4921 1

2080 4883 2117 4920 x
2146 4866 2296 4921 hisce
2329 4867 2582 4936 epistolis
2603 4868 2815 4938 aliquot
2850 4866 3026 4923 edidit
3073 4865 3457 4919 Bonaventura
3490 4862 3687 4917 Vulca-

439 4955 567 5008 nius
592 4956 646 5007 in
678 4955 825 5011 notis
857 4955 925 5010 ad
962 4954 1019 5011 S.
1051 4954 1315 5027 Cyrillum
1344 4965 1535 5011 contra
1573 4953 2191 5024 Anthropomorphitas,
2234 4972 2301 5011 ex
2327 4956 2451 5010 cod.
2482 4972 2645 5027 quem
2683 4956 2950 5027 Georgius
2993 4955 3175 5010 Douza
3208 4953 3362 5024 Cpoli
3398 4952 3687 5019 attulerat,

441 5044 652 5098 recenti
708 5052 765 5098 et
808 5060 1001 5114 parum
1056 5044 1162 5099 lida
1208 5059 1396 5108 manu,
1445 5052 1504 5097 ut
1550 5044 1666 5113 ipse
1711 5050 1968 5103 testatur,
2023 5044 2324 5114 exscripto,
2374 5045 2470 5114 qui
2524 5045 2753 5101 Joannis
2801 5044 3025 5100 Zonaras
3082 5056 3280 5097 nomen
3336 5040 3686 5111 praeferebat.

441 5130 667 5186 Zonarze
703 5133 1056 5188 aseribuntur
1079 5142 1345 5203 praeterea
1378 5133 1493 5187 istzc
1525 5132 1770 5202 epistolas
1802 5132 1856 5186 in
1890 5132 2079 5187 indice
2108 5132 2380 5186 librorum
2402 5133 2718 5189 Grtecorum
2742 5149 2807 5187 ex
2830 5132 2954 5188 cod.
2986 5146 3088 5185 ms.
3119 5131 3254 5200 Reg.
3285 5129 3449 5184 28l3.
3482 5129 3689 5184 Verum

442 5219 667 5274 codices
702 5220 813 5274 duo
837 5220 1094 5285 Caesarei,
1126 5236 1266 5290 quos
1296 5221 1482 5274 laudat
1510 5219 1843 5274 Lambecius
1868 5220 2004 5290 (58),
2040 5234 2276 5287 quorum
2312 5219 2465 5289 prior
2489 5220 2577 5285 50,
2606 5221 2745 5275 alter
2775 5219 2844 5274 56
2863 5219 3128 5290 epistolas
3160 5217 3429 5279 continet,
3458 5216 3695 5270 Michae-

442 5309 550 5362 lcm
587 5306 806 5377 Glycam
834 5318 1118 5363 auctorem
1153 5308 1591 5379 praeferunt,hoc
1620 5308 1917 5362 lemmate:
1951 5305 2049 5360 'l‘oi

2093 5307 2411 5374 σοφωτάτου
2437 5308 2530 5360 καί⁵
2557 5307 2891 5375 λογιωτάτου
2923 5304 3092 5376 κυροῦ
3125 5304 3347 5384 Μιχαὴλ
3384 5304 3482 5358 τοῦ
3514 5304 3694 5357 Γλυκᾶ

443 5397 524 5460 είς
552 5396 650 5458 τὰς
678 5393 910 5465 ἀπορίας
940 5395 1042 5465 τῆς
1084 5395 1235 5458 θείας
1269 5387 1521 5465 Γραφῆςξ
1547 5394 1873 5448 Laudantur
1894 5395 2050 5449 etiam

2095 5411 2123 5450 a
2159 5395 2403 5451 Gesnero
2438 5397 2541 5452 sub
2594 5396 2821 5451 nomine
2851 5395 3053 5467 Glyc:e,
3092 5406 3151 5448 ut
3174 5405 3231 5448 et
3264 5394 3352 5447 ab'
3376 5392 3691 5448 llmsclaelio

443 5500 512 5538 ex
544 5484 678 5540 bibl.
716 5482 1037 5555 Augustana
1063 5483 1257 5539 eodem
1295 5483 1477 5550 titulo,
1513 5492 1567 5538 et
1591 5500 1621 5538 a
1657 5483 1862 5539 Jacobo
1896 5484 2165 5551 Pontano,
2192 5484 2284 5555 qui
2319 5488 2532 5554 priores
2562 5484 2701 5540 duas
2726 5484 2920 5538 Latine
2948 5481 3145 5538 edidit.
3183 5483 3288 5538 Sed
3316 5492 3372 5539 et
3394 5482 3459 5537 ad
3482 5484 3688 5535 calcem

2199 5661 2311 5729 (36)
2338 5661 2462 5716 Lib.
2499 5678 2575 5730 ιν,
2608 5662 2677 5717 de
2707 5660 2845 5715 Bibl.
2874 5659 3078 5715 Cmsar.

2196 5735 2311 5804 (δῖ)
2348 5733 2563 5804 (ξοῃιι-αί
2587 5733 2870 5804 Creygton,
2903 5747 2956 5801 p.
2993 5731 3120 5785 544.

770 5664 1003 5721 Fabricii
1042 5664 1303 5721 Biblioth.
1328 5664 1421 5721 Gr.
1467 5665 1558 5721 ed.
1609 5663 1818 5731 Harles,
1845 5673 1882 5719 t.
1920 5661 2010 5729 XI,

2202 5803 2312 5874 \58)
2358 5802 2474 5859 Fol.
2507 5803 2598 5870 50,
2623 5818 2677 5856 ν.

518 5774 791 5876 (Ξέῖιδαε.
832 5806 957 5863 διδ.

4050 2186 4053 2219 Ρ
4064 2184 4065 2219 1
