4070 6214
388 339 463 405 25
1814 341 2239 407 PREFATIO.
3576 351 3652 413 26

390 453 596 507 codicis
627 452 954 522 posterioris
984 452 1215 509 CtBSZII‘ei
1251 453 1365 508 haec
1415 453 1740 509 scribuntur
1770 469 1785 507 :
1833 450 1997 505 To'S-rc

2055 451 2263 522 βιϐλίον
2290 455 2525 527 ὑπάρχει
2549 457 2768 530 Μιχαὴλ
2789 458 2885 514 τοῦ
2919 459 3123 517 Fluxa.
3163 462 3484 519 Promiscue
3512 479 3650 520 vero

390 544 554 595 hasce
578 540 849 609 epistolas
882 542 985 595 sub
1021 543 1244 597 nomine
1275 543 1503 598 Zonaras
1542 543 1660 598 sive
1699 541 1881 612 Glycre
1915 555 2133 609 semper
2166 541 2356 598 laudat
2390 542 2646 607 Allatius,
2701 545 2803 600 lib.
2861 560 2898 602 tt
2952 546 3028 601 De
3070 565 3326 603 consensu
3370 552 3655 622 utriusque

392 627 666 694 Ecclesia,
701 646 823 698 cap.
862 631 949 696 18,
983 648 1038 685 ιι.
1069 631 1170 697 l7;
1198 631 1295 685 lib.
1333 645 1414 692 tn,
1440 645 1561 700 cap.
1592 629 1681 692 l5,
1705 645 1764 683 ιι.
1799 628 1851 692 8,
1879 642 2000 697 cap.
2033 627 2122 691 l6,
2150 644 2185 682 n
2232 630 2323 696 24;
2361 645 2483 701 cap.
2516 632 2606 695 18,
2634 649 2691 688 ιι.
2724 633 2780 696 8,
2816 642 2874 689 et
2892 644 3086 690 contra
3110 635 3471 708 Creygtonem
3512 639 3647 707 (39).

388 714 450 769 In
493 716 699 785 quibus
739 718 964 786 quidem
1003 718 1142 773 locis
1174 718 1441 789 quasdam
1482 734 1548 774 ex
1591 717 1660 771 iis
1717 717 1960 786 integras
1989 715 2301 785 exscripsit,
2344 719 2418 772 ita
2473 727 2555 780 ut,
2592 734 2718 773 cum
2763 721 3061 786 scribebat,
3103 724 3265 793 cujus
3308 733 3496 778 essent
3535 740 3647 780 non

388 803 625 857 omnino
658 804 759 872 ipsi
796 821 899 874 pro
928 805 1240 859 indubitato
1271 804 1597 859 haberetur.
1624 803 1680 857 il
1710 802 1977 857 duntaxat
2006 816 2240 871 constat,
2282 807 2473 863 harum
2507 818 2790 866 auctorem
2817 812 3020 867 vixisse
3047 814 3150 868 sub
3190 813 3440 869 Manuele
3481 814 3649 870 Com-

389 906 568 953 neno,
600 900 712 945 tum
742 908 805 946 ex
834 892 1292 964 Antapologetico
1320 894 1480 960 cujus
1528 891 1900 954 meminimus,
1942 899 2057 947 tum
2101 908 2167 948 ex
2200 895 2332 949 viris
2364 896 2645 965 primariis
2691 898 2832 953 aulae
2857 899 3165 970 Cpolitante
3195 901 3400 971 quibus
3438 902 3648 972 aliquot

394 976 796 1038 inscribuntur,
825 986 989 1048 atque
1023 978 1078 1032 in
1110 980 1179 1033 iis
1216 978 1427 1035 Joanne
1459 979 1607 1033 Duca
1641 993 1838 1049 magno
1863 979 2225 1037 hetariarcha
2248 990 2305 1036 et
2326 983 2567 1044 sebasto.
2597 985 2756 1056 cujus
2794 1002 2908 1055 prie
2956 988 3190 1053 caeteris,
3226 996 3287 1042 ut
3328 988 3469 1043 alios
3512 1004 3651 1055 pra:-

397 1074 628 1128 teream,
659 1065 867 1120 mentio
890 1066 1132 1121 occurrit
1157 1067 1300 1137 apud
1336 1067 1584 1123 Nicetam
1617 1064 1831 1137 (ιο),ἐι
1865 1067 2111 1125 Manuele
2142 1068 2427 1127 Comneno
2452 1071 2909 1139 Sebastocratore,
2935 1073 3031 1143 qui
3062 1090 3172 1129 non
3199 1074 3341 1131 alius
3370 1084 3456 1130 est
3482 1075 3551 1131 ab
3580 1090 3648 1130 eo

394 1155 553 1220 cujus
581 1152 792 1220 pariter
822 1153 1072 1208 meminit
1099 1153 1403 1209 Cinnamus
1429 1154 1566 1225 (Η).

459 1236 693 1304 Quando
722 1254 856 1293 vero
880 1240 1073 1310 Glycas
1104 1242 1325 1303 vixerit,
1354 1257 1420 1295 ex
1454 1242 1602 1296 illius
1621 1242 1863 1298 Historia
1899 1259 2008 1298 non
2041 1254 2355 1317 promptum
2391 1258 2475 1304 est
2502 1248 2721 1319 assequi
2767 1267 2780 1303 :
2815 1250 3032 1305 tametsi
3079 1249 3293 1305 Zonara
3363 1250 3645 1320 posterio-

390 1339 510 1378 rem
543 1327 735 1389 fuisse,
761 1328 849 1383 vel
877 1338 1027 1383 certo
1066 1341 1191 1399 post
1211 1330 1481 1385 Zonaram
1514 1330 1826 1400 scripsisse,
1844 1347 1911 1386 cx
1933 1348 2000 1387 eo
2022 1334 2330 1403 colligimus
2348 1334 2493 1404 quod
2519 1335 2669 1390 illius
2695 1336 2937 1390 Annales
2968 1351 3077 1390 non
3102 1337 3273 1391 semel
3297 1335 3488 1392 laudet
3508 1338 3643 1407 (ιε).

390 1411 550 1467 Unde
581 1414 676 1467 illo
701 1415 878 1469 multo
905 1431 1026 1472 esse
1062 1419 1425 1486 posteriorem
1453 1434 1563 1471 non
1591 1413 1793 1473 desunt
1821 1420 1916 1489 qui
1939 1420 2263 1490 conjiciunt.
2283 1422 2473 1492 Neque
2505 1423 2736 1493 perinde
2765 1439 2833 1478 ex
2883 1423 3213 1485 Annalibus.
3264 1425 3351 1480 vel
3400 1441 3469 1480 ex
3521 1425 3649 1481 aliis

390 1499 665 1556 hactenus
687 1502 853 1557 editis
882 1506 1168 1574 operibus,
1196 1507 1423 1562 Joannis
1447 1507 1676 1562 Zonarw
1694 1516 1908 1563 {etatem
1928 1508 2085 1578 plane
2125 1509 2625 1578 deprehendimus,
2652 1510 2757 1564 nisi
2786 1511 2932 1579 quod
2960 1520 3085 1581 post
3148 1500 3442 1581 imperium
3482 1513 3651 1569 Joan-

388 1589 481 1643 nis
505 1587 778 1644 Comneni
799 1592 969 1645 vitam
1000 1592 1331 1661 produxisse
1357 1595 1595 1663 ipsemet
1622 1593 1880 1649 videatur
1902 1596 2168 1657 indicare.
2196 1607 2362 1668 atque
2386 1598 2525 1653 adeo
2544 1598 2747 1654 vixisse
2778 1596 3029 1654 Manuele
3052 1599 3382 1676 imperante,
3427 1615 3458 1654 a
3506 1615 3640 1669 quo,

389 1688 450 1733 ιιι
477 1681 698 1749 Opinor,
734 1680 849 1750 ipse
874 1691 931 1736 et
960 1683 1287 1738 Theodorus
1315 1684 1625 1748 Balsamon,
1657 1691 1771 1737 tum
1802 1684 2007 1755 Magnae
2034 1686 2295 1741 Ecclesiae
2328 1686 2634 1756 Cpolitanre
2696 1688 3066 1758 nomophylax
3107 1696 3164 1741 et
3223 1687 3646 1758 chartophylax,

389 1766 596 1821 deinde
621 1767 1007 1825 Antiochenus
1034 1771 1371 1841 patriarcha,
1406 1780 1537 1827 sunt
1554 1772 1749 1827 delecti
1780 1779 1840 1826 ιιι
1860 1787 2047 1828 sacros
2080 1789 2320 1830 canones
2348 1774 2688 1845 inspicerent
2710 1785 2769 1830 et
2791 1791 2911 1845 qua:
2934 1775 2991 1828 in
3015 1776 3082 1830 iis
3106 1776 3429 1830 obscuriora
3451 1791 3651 1830 occur-

394 1863 589 1909 rerent
624 1855 1149 1927 interpretarentur,
1180 1859 1266 1915 vel
1300 1876 1421 1930 qua:
1448 1862 1802 1929 aliquatenus
1842 1860 2059 1931 legibus
2104 1861 2387 1916 adversari
2440 1861 2761 1916 viderentur
2818 1862 3210 1927 observarent;
3261 1861 3407 1931 quod
3463 1862 3531 1917 de
3589 1877 3649 1918 se

397 1950 631 1996 testatur
660 1944 951 1998 Balsamon
984 1946 1039 2000 in
1064 1945 1388 2001 Praelatione
1420 1946 1487 2001 ad
1514 1947 1918 2016 expositionem
1940 1947 2367 2004 Nomocanonis.
2395 1947 2553 2016 Quod
2617 1949 2843 2019 quidem
2896 1948 2964 2003 ad
3007 1949 3190 2018 ipsum
3245 1949 3512 2002 Zonaram
3565 1965 3652 2003 re-

391 2028 530 2082 ferri
563 2042 763 2100 potest,
789 2033 887 2102 qui
925 2048 1057 2087 suos
1086 2033 1141 2087 in
1183 2049 1424 2089 canones
1447 2033 1890 2090 Commentarios
1926 2051 2035 2090 non
2069 2045 2264 2105 suapte
2294 2036 2389 2090 sed
2420 2034 2651 2090 alterius
2677 2036 2830 2106 jussu
2863 2050 2922 2090 se
2972 2036 3374 2105 conscripsisse
3442 2036 3648 2106 prodit,

390 2120 476 2173 uti
506 2134 670 2189 supra
692 2121 1136 2189 observavimus,
1167 2123 1242 2178 ita
1269 2133 1452 2179 tamen
1478 2132 1540 2179 ut
1573 2124 1819 2180 Zonaras
1843 2140 1974 2182 suos
2003 2124 2251 2180 emiserit
2288 2134 2416 2179 ante
2445 2123 2852 2186 Balsamoncm,
2881 2138 2911 2177 a
2939 2138 3050 2191 quo
3070 2138 3179 2177 non
3205 2124 3376 2178 semel
3409 2133 3466 2178 et
3518 2139 3644 2178 cum

392 2207 580 2277 elogio
608 2207 654 2261 is
687 2208 967 2264 laudatur.
989 2210 1068 2265 Ex
1098 2211 1306 2281 quibus
1340 2213 1535 2268 saltem
1563 2213 1693 2269 licet
1713 2214 1992 2284 colligere,
2017 2210 2121 2267 sub
2179 2210 2429 2264 Manuele
2483 2210 2685 2263 vixisse
2729 2209 3002 2263 Zonaram
3050 2220 3217 2278 atque
3265 2210 3405 2264 adeo
3468 2210 3646 2278 ipsum

389 2294 641 2365 Clycam,
673 2295 720 2350 si
749 2296 972 2364 quidem
997 2297 1147 2352 illius
1199 2307 1331 2353 sunt
1356 2299 1604 2368 epistolae
1648 2299 1717 2355 de
1769 2300 1973 2369 quibus
2020 2298 2274 2368 agimus:
2341 2295 2487 2365 quod
2555 2305 2706 2350 certe
2750 2295 2985 2351 suadere
3043 2295 3267 2350 videtur
3329 2296 3652 2366 scriptionis

390 2397 503 2450 qua
536 2382 591 2437 in
622 2384 933 2440 Annalibus
966 2386 1146 2440 utitur
1170 2386 1334 2447 ratio,
1362 2387 1455 2440 ubi
1487 2402 1656 2442 sacrae
1685 2388 1987 2457 Scriptura:
2012 2385 2197 2452 potius
2222 2398 2387 2453 quam
2447 2382 2788 2439 illustrandae
2846 2381 3094 2439 historia;
3155 2392 3304 2438 totus
3348 2382 3644 2438 incumbit.

392 2468 540 2536 Quin
566 2471 733 2526 etiam
764 2472 820 2525 in
857 2462 924 2526 iis
951 2481 1301 2527 astronomos
1325 2472 1504 2543 carpit
1528 2481 1584 2527 et
1616 2474 1739 2528 illos
1769 2473 1863 2544 qui
1894 2484 2166 2528 astrorum
2186 2470 2575 2526 aﬂ'ectionibus
2605 2469 2874 2541 quidquid
2915 2471 2971 2524 in
3041 2481 3189 2527 terra
3239 2472 3422 2537 agitur
3467 2472 3646 2525 ascri-

393 2557 556 2623 bunt,
590 2558 728 2614 adeo
765 2562 976 2623 ιιιτοίις
1008 2561 1107 2630 μὲν
1134 2561 1390 2631 πόρνους,
1426 2563 1554 2623 τοὺς
1598 2561 1655 2615 δὲ
1691 2562 1911 2632 μοιχοὺς
1932 2578 2000 2614 κα

2056 2561 2250 2623 ἄλλους
2292 2559 2452 2613 πάλιν
2494 2560 2691 2627 φονέας
2742 2559 2838 2613 καὶ
2891 2561 3151 2628 ἅρπαγας
3200 2560 3439 2615 efﬁciant
3498 2559 3650 2630 (45);

393 2646 543 2717 quod
582 2657 638 2702 et
660 2647 842 2717 ipsum
880 2647 1075 2703 iisdem
1107 2647 1281 2703 ferme
1311 2647 1500 2703 verbis
1530 2649 1768 2703 habetur
1801 2649 1855 2703 in
1884 2648 2336 2718 Antapologetico
2367 2648 2527 2718 cujus
2558 2662 2725 2715 supra
2751 2645 3111 2701 meminimus
3147 2664 3161 2701 :
3199 2647 3331 2701 licet
3378 2646 3643 2713 fateatur,

396 2746 537 2790 utet
568 2745 761 2790 auctor
783 2722 1250 2806 AntapoIOgetiei,
1282 2737 1453 2792 multa
1489 2752 1556 2792 ex
1584 2736 1829 2802 siderum
1860 2735 2251 2792 allectionibus
2282 2735 2529 2805 etsignis
2573 2732 2896 2789 caelestibus
2948 2730 3005 2787 id
3054 2732 3201 2805 quod
3261 2732 3509 2788 futurum
3568 2734 3644 2789 sit

399 2838 506 2878 nos
526 2838 684 2892 posse
713 2824 1053 2893 conjectare.
1083 2823 1161 2877 Ex
1182 2824 1385 2894 quibus
1408 2839 1517 2878 non
1542 2824 1771 2879 omnino
1798 2834 1978 2879 tamen
2006 2823 2300 2880 conficitur
2329 2822 2649 2877 Michaelem
2701 2821 2922 2893 Glycam
2952 2837 3074 2877 esse
3113 2830 3396 2877 auctorem
3445 2823 3653 2893 episto-

394 2911 573 2967 larum
594 2911 662 2966 de
696 2912 902 2982 quibus
930 2912 1162 2982 agimus,
1189 2927 1315 2966 cum
1345 2911 1578 2968 trivialis
1604 2920 1661 2967 et
1705 2912 2000 2982 quibusvis
2033 2912 2195 2966 obvia
2226 2910 2588 2981 sitejusmodi
2621 2909 2768 2965 circa
2801 2920 3080 2966 astrorum
3142 2908 3383 2965 inﬂuxus
3427 2920 3653 2965 senten—

395 2999 494 3063 tia,
523 3009 693 3068 atque
714 2999 853 3054 adeo
881 3000 1053 3070 ipsius
1084 2998 1419 3061 sitZonaras,
1441 3001 1532 3068 qui
1570 3000 1625 3054 in
1657 2999 1963 3054 Annalibus
1989 2999 2100 3071 (44)
2159 2999 2330 3054 Deum
2375 3008 2522 3054 astra
2549 2997 2863 3053 condidisse
2888 2996 3079 3052 scribit
3108 3005 3168 3051 ut
3192 3004 3353 3053 terra:
3403 2998 3652 3052 ambitus

390 3102 495 3157 per
518 3103 585 3142 ea
619 3087 999 3142 illustraretur
1035 3097 1091 3142 et
1121 3102 1383 3142 mensura
1417 3088 1686 3157 temporis
1708 3103 1774 3143 ex
1807 3103 1999 3143 eorum
2030 3087 2357 3142 circuitibus
2383 3094 2687 3157 peteretur,
2714 3101 2825 3139 non
2860 3099 2993 3139 vero
3059 3093 3121 3139 ut
3164 3100 3272 3139 una
3317 3101 3443 3140 cum
3496 3094 3649 3139 motu

390 3175 679 3230 stellarum
710 3175 897 3230 omnia
926 3184 1113 3231 nostra
1147 3174 1631 3231 circumlerantur.
1660 3175 1779 3231 Jam
1811 3190 1943 3231 vero
1970 3174 2276 3231 Manuelem
2325 3175 2716 3244 imperatorem
2760 3174 3116 3228 astronomiae
3162 3172 3286 3242 plus
3337 3188 3501 3242 quam
3554 3188 3652 3242 par

391 3271 516 3317 erat
538 3278 763 3332 cperam
794 3264 1153 3334 impendisse,
1179 3272 1234 3318 et
1261 3264 1668 3334 astrologorum
1704 3279 1880 3334 nugas
1914 3278 2013 3332 pro
2038 3264 2279 3319 oraculis
2306 3263 2619 3332 excepisse,
2643 3268 2879 3316 testatur
2916 3275 3025 3314 non
3058 3275 3170 3315 uno
3198 3260 3319 3315 loco
3340 3260 3562 3316 Nicetas
3591 3260 3650 3315 in

393 3350 547 3405 illius
572 3352 693 3406 Vita
729 3350 866 3421 (45),
896 3342 1069 3418 Quem
1099 3350 1322 3420 quidem
1351 3350 1498 3404 haud
1531 3350 1731 3405 mirum
1758 3351 2087 3414 sententiam
2118 3366 2272 3405 suam
2297 3350 2353 3405 in
2396 3350 2628 3420 epistola
2655 3349 2721 3404 ad
2750 3347 3084 3403 monachum
3113 3347 3363 3404 ﬁrmasse
3416 3357 3501 3403 tot
3555 3363 3650 3403 sa-

394 3452 504 3493 cra:
525 3436 821 3508 Scriptura
854 3447 910 3492 ct
938 3438 1160 3492 Patrum
1186 3436 1635 3499 auctoritatibus,
1669 3452 1797 3492 cum
1827 3454 1856 3493 a
1885 3436 2156 3493 Ciunamo
2179 3437 2291 3507 (46)
2333 3436 2537 3492 divinis
2554 3434 2786 3506 perinde
2843 3450 2907 3491 ac
2954 3435 3383 3492 humanioribus
3437 3436 3648 3491 litteris

398 3526 694 3581 admodum
731 3527 1057 3591 instructus,
1081 3534 1138 3581 et
1173 3526 1320 3581 bello
1348 3526 1532 3581 clarus
1567 3526 1810 3589 habitus,
1844 3526 2070 3580 Martem
2100 3535 2156 3580 et
2176 3525 2511 3581 Mercurium
2545 3537 2653 3579 una
2676 3532 2732 3577 et
2764 3520 2930 3576 simul
2961 3521 3204 3578 coluisse
3258 3521 3478 3580 dicatur
3507 3536 3521 3576 :
3576 3520 3653 3576 ita

406 3624 470 3668 ut
493 3615 727 3671 Manueli
755 3614 932 3686 aptari
969 3613 1212 3685 potuerit
1240 3613 1387 3683 quod
1414 3613 1749 3685 Calpurnius
1780 3613 1892 3687 (47)
1921 3614 1989 3669 de
2019 3615 2225 3670 Carino
2254 3615 2590 3685 imperatore
2621 3608 2834 3667 cecinit
2860 3626 2876 3666 :

1265 3744 1536 3817 Utcunque
1563 3754 1743 3801 tamen
1769 3748 2131 3817 conspeximus
2164 3747 2335 3814 ipsum

1260 3814 1511 3887 Longius,
1548 3834 1632 3880 ac,
1666 3820 1765 3887 nisi
1791 3833 1872 3871 me
1897 3814 2099 3887 decepit
2116 3820 2273 3883 visus,
2291 3820 2348 3873 in
2377 3834 2482 3872 uno

1262 3834 1371 3870 bon
1411 3834 1511 3880 ius,
1548 3834 1632 3880 ac,
1666 3834 1765 3873 nisi
1791 3834 1872 3871 me
1901 3834 2348 3887 aecepuvnus,in
2377 3834 2482 3872 uno

1262 3888 1333 3942 Et
1358 3834 1552 3943 gartis
1584 3886 1760 3943 uultus
1788 3894 1837 3941 et
1859 3886 2123 3958 Apollinis
2144 3903 2252 3943 esse
2282 3889 2485 3959 putavi.

467 4063 581 4134 (sa,
608 4065 670 4121 Ρ.
694 4063 822 4130 su,
842 4064 970 4134 su.
1098 4132 1108 4134 Α
1323 4133 1326 4134 ν
2155 4062 2268 4132 (ιι)
2298 4061 2429 4134 Lib.
2461 4065 2501 4131 i,
2520 4059 2660 4134 mu,

468 4126 581 4206 μθ)
616 4136 671 4206 in
688 4126 881 4190 Alesia
917 4133 1066 4206 Itan.
1086 4132 1126 4206 f.
1151 4149 1207 4189 ιι.
1241 4133 1360 4191 7-9.
2148 4126 2262 4206 (45)
2288 4132 2415 4206 Lib.
2441 4126 2504 4201 n,
2536 4152 2597 4191 ιι.
2628 4131 2690 4206 _7;
2717 4133 2819 4191 lib.
2843 4147 2900 4200 v,
2925 4140 2992 4206 in.
3017 4129 3168 4198 2,8;
3197 4126 3300 4185 lib.
3328 4143 3429 4193 vn.
3486 4142 3549 4199 ti.
3584 4131 3639 4184 7.

489 4202 580 4274 ιι)
609 4205 733 4259 Lib.
761 4219 900 4270 v,n.
933 4204 1019 4274 ιι,
1048 4203 1136 4259 15.
1241 4273 1248 4274 ί
1396 4272 1443 4274 μ

1396 4273 1406 4274 ,
1435 4272 1443 4274 ι
2146 4202 2259 4274 (46)
2286 4204 2410 4260 Lib.
2435 4222 2509 4266 vx.
2541 4204 2679 4260 n.2.
2940 4202 2945 4213 '

491 4272 580 4353 αξξ)
608 4275 807 4353 Clycas
839 4290 895 4344 p.
923 4273 1049 4353 ιιι),
1079 4274 1208 4341 286,
1229 4273 1358 4341 294,
1383 4272 1534 4353 297.⁴
1651 4294 1656 4299 '

957 4273 1049 4353 to,
1079 4274 1208 4341 286,
1229 4273 1358 4341 294,
1383 4272 1534 4353 297..
1651 4294 1656 4299 -
2147 4272 2263 4345 (ιι-ι)
2300 4274 2419 4330 Ecl.
2454 4274 2559 4330 ult.

489 4343 580 4415 4⁸5)
610 4345 807 4417 Glycas
838 4343 895 4416 ι).
922 4343 1016 4402 26.

1736 4722 2307 4818 LECTORI.

397 4923 636 4974 lenitum
660 4921 976 4984 subsequens
1000 4916 1390 4983 premittebatur
1412 4915 1555 4967 Notis
1576 4913 1825 4965 historicis
1837 4912 1919 4965 Du
1939 4912 2108 4978 (ζευειί
2125 4926 2251 4976 quas
2269 4925 2332 4963 ex
2363 4912 2560 4966 calcet.
2584 4911 2631 4964 II
2647 4917 2906 4967 revocatas
2937 4914 3099 4965 textui
3128 4913 3453 4974 subjecimus.
3495 4913 3637 4968 Eutr.

469 5224 747 5296 Ejusmodi
796 5232 919 5278 sunt
957 5224 1049 5285 qui
1090 5220 1391 5293 generalem
1432 5212 1728 5289 prceseltim
1770 5224 2009 5285 spectant
2054 5218 2354 5283 historiam,
2405 5215 2847 5287 quemadmodum
2895 5222 3022 5269 sunt
3063 5212 3291 5272 Zonaras
3327 5233 3458 5288 quos
3498 5218 3654 5274 modo

397 5320 713 5378 recudimns,
742 5315 996 5380 Annales,
1041 5324 1098 5367 ut
1128 5311 1407 5383 fusioribus
1444 5308 1715 5364 illustrari
1746 5307 2136 5362 commentariis
2169 5307 2383 5360 minime
2412 5304 2633 5358 debeant
2666 5319 2684 5358 :
2723 5320 2842 5358 cum
2868 5306 2957 5375 qui
2983 5306 3038 5360 id
3063 5306 3362 5376 faciendum
3399 5306 3499 5359 sibi
3526 5320 3655 5375 pro-

396 5415 637 5479 poneret,
687 5405 961 5460 inutilibus
1001 5403 1173 5474 potius
1203 5417 1265 5454 ac
1301 5397 1706 5469 supervacaneis
1753 5396 2017 5451 Lectorem
2047 5394 2300 5465 jatigaret
2343 5390 2809 5454 observationibus,
2848 5408 3009 5462 quam
3059 5392 3239 5447 labore
3268 5394 3446 5459 quouis
3473 5391 3652 5445 suble-

396 5505 564 5549 varet.
594 5494 675 5548 Ea
706 5495 897 5563 quippe
934 5501 1010 5545 est
1048 5487 1347 5559 scriptionis
1381 5486 1531 5538 istius
1574 5485 1733 5547 ratio,
1774 5492 1830 5537 ut
1859 5500 1973 5553 qua:
2011 5497 2074 5536 ea:
2101 5480 2401 5536 auctoribus
2430 5479 2806 5548 decerpantur,
2846 5482 3183 5551 attingantur
3233 5480 3517 5541 duntaxat,
3557 5492 3652 5533 nec

395 5581 628 5651 pleniori
661 5568 903 5634 oratione
952 5576 1372 5632 conscribuntur.
1423 5570 1687 5628 Continua
1716 5580 1982 5642 gestorum
2011 5571 2193 5635 series,
2235 5566 2601 5622 eLsecundum
2639 5567 2887 5620 certiores
2919 5575 3211 5636 temporum
3241 5571 3394 5618 notas
3421 5564 3648 5636 digesta,

395 5650 451 5722 in
478 5668 585 5723 illis
615 5667 910 5721 attenditur
951 5664 1301 5735 potissimum,
1344 5659 1475 5715 adeo
1518 5668 1576 5713 ut
1624 5659 1765 5730 ipsas
1811 5658 2082 5714 consulere
2129 5658 2357 5728 origines
2403 5668 2606 5708 necesse
2653 5652 2863 5716 habeat,
2910 5654 3001 5721 qui
3026 5650 3341 5722 prolixiores
3371 5654 3643 5723 expetisrit

397 5753 775 5820 narrationes;
814 5768 930 5807 cum
965 5766 1146 5805 corum
1182 5749 1270 5818 qui
1296 5747 1524 5802 condunt
1549 5746 1770 5802 annales
1793 5749 2115 5821 pra'cipuum
2143 5747 2211 5800 sit
2237 5742 2535 5817 consilium,
2576 5748 2631 5794 ut
2665 5738 2951 5794 universali
2977 5739 3209 5805 quadam
3249 5756 3426 5795 rerum
3457 5742 3643 5802 (0αηὶ-
