4042 6212
404 284 472 346 27
1642 285 2088 347 HIERONYMI
2132 288 2415 350 WOLFII
3568 284 3647 347 28

405 404 566 466 tione,
596 400 826 456 Lectoris
850 403 1089 457 animum
1128 403 1437 473 informant.
1490 423 1507 456 ι
1549 403 1636 459 Ita
1662 404 1890 460 Zonaras
1927 403 2061 458 illud
2106 406 2161 458 in
2204 406 2388 475 primis
2431 407 2562 477 fuit,
2605 415 2663 461 ut
2699 413 2833 460 recte
2864 407 2919 461 in
2950 403 3266 473 Pratfatione
3301 404 3373 456 ait
3406 401 3661 469 Wolﬁus,

403 499 600 542 certam
628 489 915 559 quamdam
939 491 1174 545 historia:
1198 493 1350 561 quasi
1382 491 1719 563 disciplinam
1747 492 2119 555 constituendi,
2141 500 2192 545 et
2221 493 2457 564 dispersa
2485 494 2539 547 in
2579 493 2826 565 plurimis
2856 493 3113 552 membra.
3157 499 3206 545 et
3240 500 3411 561 partes
3446 490 3560 560 ejus
3592 490 3647 542 in

403 590 564 627 unum
596 574 861 645 quoddam
888 593 1073 648 corpus
1103 579 1393 649 redigendi.
1423 579 1627 651 Detegit
1655 580 1794 634 enim
1825 580 1923 634 sibi
1952 596 2055 634 non
2092 582 2349 645 omnium,
2374 582 2468 634 sed
2496 582 2886 651 prarcipuarum
2926 581 3162 651 gentium
3184 579 3461 633 historias:
3484 591 3652 645 neque

403 676 491 714 eas
526 678 726 726 omnes,
754 663 845 716 sed
874 663 957 717 vel
978 667 1272 735 pra’cipuas
1303 670 1588 726 duntaxat.
1616 666 1699 721 vel
1732 682 1822 721 eas
1851 682 1970 736 qua:
1995 665 2065 720 ad
2095 665 2341 721 Ecclesia:
2371 668 2561 721 seriem
2598 668 3013 738 perspiciendum
3048 669 3221 738 facere
3256 665 3583 719 videbantur.
3624 682 3642 712 ι

404 744 463 799 1η
490 748 588 801 hac
618 751 778 817 igitur
811 758 887 803 tot
913 762 1189 806 eventuum
1231 763 1390 826 atque
1431 770 1610 808 rerum
1638 755 1984 823 expositione,
2034 769 2198 824 quam
2241 754 2479 809 Annales
2516 756 2956 825 complectuntur,
3003 757 3092 825 qui
3127 754 3310 808 mundi
3332 750 3655 823 primordia,

413 832 715 905 Veterisque
745 834 973 892 Faederis
996 841 1267 906 historias,
1286 857 1407 910 qua:
1430 856 1494 895 ex
1520 843 1688 896 sacris
1714 838 1909 906 Libris,
1937 848 1986 894 et
2019 857 2084 895 ea:
2111 840 2358 912 Josepho,
2387 859 2451 896 ac
2481 840 2704 913 Georgio
2733 842 3013 915 Sgncello:
3051 851 3145 896 aut
3172 857 3252 895 res
3292 839 3653 899 Gra'canicas,

401 919 483 972 vel
514 922 672 975 etiam
700 921 992 993 Romanas,
1026 941 1117 980 seu
1145 926 1442 995 reipublicw
1468 945 1561 981 seu
1594 928 1802 997 imperii
1846 939 2088 999 tempora
2127 938 2450 998 spectentur,
2482 946 2547 983 ea:
2580 933 2923 1002 scriptoribus
2955 929 3114 998 refert
3145 927 3408 992 Zonaras,
3432 942 3550 980 cum
3586 925 3650 977 iis

401 1008 640 1074 conferre
678 1010 849 1073 vellet,
881 1026 946 1065 ac
976 1028 1155 1066 eorum
1181 1016 1502 1067 auctoritate
1526 1012 1749 1081 ﬁrmare
1773 1015 1863 1084 qui
1895 1013 2140 1084 singulas
2175 1030 2241 1068 ea:
2268 1015 2505 1085 professo
2547 1026 2964 1086 pertractarunt,
2995 1015 3077 1071 vel
3105 1031 3221 1086 quae
3246 1014 3336 1069 ille
3367 1014 3445 1082 ide
3490 1012 3649 1065 indu-

400 1096 533 1149 stria
577 1098 752 1151 omisit
799 1101 1008 1169 aﬁ'erre,
1042 1103 1146 1155 duo
1178 1105 1383 1173 pariter
1406 1104 1603 1156 subiret
1637 1104 1992 1166 incommoda,
2022 1111 2078 1154 ut
2109 1111 2158 1155 et
2181 1103 2404 1157 nimium
2429 1104 2642 1166 diceret,
2682 1121 2776 1158 nec
2804 1114 2982 1158 tamen
3016 1112 3206 1168 totum,
3242 1111 3298 1155 ut
3331 1097 3659 1167 Quintiliani

402 1182 567 1236 verbis
612 1192 738 1237 utar
772 1201 791 1239 :
836 1186 1113 1255 fatendum
1158 1196 1337 1243 tamen
1378 1206 1650 1244 occurrere
1689 1190 1953 1244 interdum
2000 1190 2056 1243 in
2082 1191 2147 1243 iis
2184 1192 2375 1258 multa,
2402 1206 2520 1260 qua:
2542 1192 2725 1259 critica
2761 1192 3034 1263 indigeant
3062 1206 3223 1243 manu
3245 1205 3265 1243 :
3304 1205 3420 1242 cum
3448 1188 3503 1240 in
3533 1188 3651 1256 ipsa

400 1268 634 1321 videlicet
658 1274 993 1340 narratione,
1034 1284 1128 1328 aut
1161 1277 1215 1331 in
1248 1291 1592 1343 personarum
1628 1276 1709 1331 vel
1743 1276 1980 1331 locorum
2024 1276 2459 1343 nomenclaturis,
2502 1286 2661 1348 atque
2688 1279 2818 1332 adeo
2850 1280 2904 1332 in
2944 1278 3099 1347 factis
3127 1276 3252 1346 ipsis
3286 1292 3317 1329 a
3346 1277 3453 1328 suis
3480 1274 3653 1327 disce-

400 1352 533 1407 dunt
559 1358 893 1423 authenticis,
921 1360 984 1413 de
1007 1362 1194 1429 quibus
1218 1359 1485 1417 Lectorem
1526 1365 1743 1418 interest
1765 1363 2071 1418 admonere.
2116 1363 2388 1419 Nonnulla
2413 1375 2536 1420 sunt
2573 1376 2853 1435 prteterea,
2888 1382 3006 1436 qua:
3033 1364 3156 1419 locis
3190 1364 3402 1417 exoticis
3432 1368 3653 1431 possunt

402 1440 676 1508 adornari,
702 1462 819 1500 cum
856 1444 1031 1503 lumen
1064 1450 1163 1503 sibi
1186 1452 1407 1506 invicem
1428 1450 1737 1522 plerumque
1765 1451 2094 1506 commodent
2117 1451 2444 1521 scriptores:
2482 1453 2620 1522 quod
2645 1453 2849 1522 quidem
2872 1453 2925 1506 in
2964 1453 3121 1515 notis,
3146 1466 3278 1520 quas
3315 1450 3397 1502 hic
3423 1448 3478 1499 in
3507 1462 3650 1516 prte-

401 1544 520 1583 sens
550 1533 774 1595 edimus.
802 1553 897 1604 pro
930 1537 1071 1592 virili
1093 1540 1462 1605 prastitimus.
1506 1540 1561 1593 in
1597 1541 1661 1594 iis
1693 1541 1926 1594 maxime
1957 1555 2075 1607 qua
2114 1538 2428 1608 Byzantina:
2459 1538 2694 1593 historiae
2734 1539 3067 1593 illustrandae
3126 1537 3442 1596 conducunt,
3473 1549 3644 1604 quan-

403 1616 684 1687 doquidem
709 1623 860 1676 hosce
882 1624 1117 1679 Annales
1144 1626 1494 1696 publicamus,
1519 1627 1722 1681 cteteris
1756 1641 1936 1679 rerum
1978 1624 2405 1695 Bgzantinarum
2429 1625 2791 1695 scriptoribus,
2821 1626 2958 1695 typis
2988 1627 3144 1694 regiis
3166 1627 3416 1678 hactenus
3439 1636 3651 1691 expres-

402 1704 497 1769 sis,
544 1707 932 1779 adjungendos.
977 1711 1124 1766 Nam
1160 1722 1216 1767 ut
1262 1713 1649 1784 Theophanem,
1695 1730 1759 1768 ac
1788 1713 1932 1768 illius
1963 1710 2394 1774 Continuatores,
2437 1713 2519 1767 vel
2560 1715 2671 1783 qui,
2723 1721 2779 1765 ut
2820 1711 3083 1775 Zonaras,
3134 1710 3360 1764 Annales
3394 1726 3424 1762 a
3468 1703 3653 1761 mundi

404 1794 617 1847 conditu
646 1796 717 1849 ad
746 1813 844 1851 sua
879 1808 1142 1869 tempora,
1193 1800 1305 1855 alia
1349 1801 1485 1870 forte
1517 1801 1783 1865 methodo,
1814 1802 2196 1871 perduxerunt,
2241 1798 2522 1871 Georgium
2567 1800 2887 1862 Cedrenum,
2933 1798 3216 1868 Georgium
3261 1794 3654 1854 Hamartolum,

404 1878 718 1951 Symeonem
738 1883 1104 1955 Logothetam,
1147 1886 1410 1942 Joannem
1452 1886 1737 1958 Scylitzen,
1769 1886 2183 1942 Constantinum
2225 1886 2556 1953 Manassem,
2579 1887 2887 1942 Michaelem
2926 1886 3169 1957 Glycam,
3201 1883 3427 1946 Joelem,
3456 1889 3502 1933 et
3527 1880 3659 1933 alios

404 1968 704 2022 istiusmodi
746 1988 864 2024 cum
894 1973 1007 2041 ipso
1034 1974 1250 2028 Zonara
1277 1990 1664 2043 compararem,
1708 1975 1963 2029 absonum
2003 1991 2218 2044 prorsus
2262 1976 2431 2029 visum
2481 1984 2635 2036 esset.
2679 1992 2796 2030 cum
2841 1975 2975 2030 satis
3030 1984 3080 2027 et
3124 1972 3333 2026 abunde
3363 1971 3450 2027 sit.
3481 1970 3671 2038 siqua:

403 2062 527 2107 sunt
553 2064 702 2109 extra
745 2072 901 2110 usum
941 2075 1293 2124 communem,
1335 2060 1417 2114 vel
1445 2078 1477 2114 a
1508 2063 1710 2116 cteteris
1752 2062 1978 2125 intacta,
2010 2065 2065 2114 in
2104 2073 2255 2116 notas
2286 2063 2611 2132 referantur,
2652 2079 2716 2116 ex
2747 2062 2935 2133 quibus
2984 2060 3235 2128 scriptori
3273 2058 3364 2111 lux
3402 2066 3666 2125 utcunque

405 2141 677 2211 aﬂ'ulgeat.
710 2142 834 2196 lam
864 2159 983 2197 vero
1012 2161 1130 2198 cum
1159 2148 1213 2199 in
1245 2148 1548 2201 universam
1588 2146 1945 2216 Byzantinam
1975 2149 2254 2202 historiam
2283 2159 2579 2218 perpetuos,
2615 2158 2672 2201 ut
2694 2151 2767 2203 ita
2797 2150 2999 2211 dicam,
3041 2164 3131 2201 seu
3159 2147 3249 2209 qui
3273 2143 3492 2215 singulis
3518 2142 3666 2195 illius

405 2230 747 2298 scriptoribus
773 2234 950 2297 aptari
970 2235 1190 2301 possint,
1213 2236 1618 2287 commentarios
1647 2236 1873 2286 antehac
1899 2235 2177 2299 ediderim,
2212 2233 2411 2285 duobus
2446 2234 2727 2302 publicatis
2770 2234 3143 2297 voluminibus,
3177 2248 3405 2300 quorum
3433 2230 3663 2284 alterum

409 2312 676 2370 Familias
714 2318 978 2385 Augustas
1013 2328 1060 2371 et
1099 2317 1455 2384 Dalmaticae,
1506 2337 1614 2373 una
1641 2335 1761 2372 cum
1795 2320 1941 2373 urbis
1990 2318 2592 2388 ConstantinOpolitana:
2636 2320 3004 2390 descriptione,
3051 2318 3304 2383 alterum,
3353 2318 3423 2371 ad
3480 2317 3668 2371 media!

408 2409 457 2454 et
488 2402 686 2470 inﬁnite
710 2402 1002 2459 Grtccitatis
1031 2405 1360 2461 Glossarium
1383 2406 1786 2478 complectatur,
1804 2410 1857 2462 in
1881 2424 1982 2477 quo
2013 2424 2117 2461 non
2153 2406 2306 2460 modo
2334 2406 2591 2460 vocabula
2638 2407 3034 2467 mixnbarbara,
3068 2406 3160 2460 sed
3182 2407 3344 2459 etiam
3379 2404 3664 2474 dignitates

409 2489 687 2560 palatinas,
719 2492 1001 2558 militares,
1040 2492 1407 2550 ecclesiastica:
1432 2503 1480 2550 et
1508 2496 1813 2550 monastica:
1850 2495 2227 2565 explicantur:
2268 2510 2433 2547 unum
2464 2504 2760 2566 supererat,
2796 2505 2853 2549 ut
2881 2494 2997 2549 sola
3039 2495 3302 2547 duntaxat
3353 2491 3499 2562 {acta
3540 2490 3667 2544 illa-

408 2579 574 2631 strari
601 2594 751 2647 posse
781 2580 1093 2635 arbitrai'er.
1133 2580 1284 2647 Quod
1314 2583 1523 2652 quidem
1550 2584 1626 2637 ita
1657 2600 1691 2636 a
1718 2598 1798 2636 me
1828 2582 2121 2652 prwstituin
2144 2590 2240 2643 est,
2279 2590 2336 2634 ut
2358 2583 2406 2635 si
2434 2584 2559 2652 quid
2589 2585 2642 2635 in
2666 2598 2827 2650 supra
2867 2582 3171 2636 memoratis
3214 2579 3664 2633 lucubrationibus

411 2665 703 2729 excidisset,
732 2667 951 2721 subinde
984 2677 1321 2735 annotarem,
1350 2670 1506 2741 idque
1534 2686 1672 2740 sa'pe
1705 2686 1770 2723 ea:
1797 2667 2137 2739 scriptoribus
2167 2668 2399 2729 ineditis,
2435 2684 2499 2721 ne
2531 2667 2614 2721 vel
2645 2684 2709 2721 ea:
2741 2668 2951 2722 incuria
2977 2679 3181 2732 nostra,
3207 2666 3289 2721 vel
3313 2682 3378 2719 ex
3401 2666 3666 2717 memoria:

415 2749 566 2821 lapsu
598 2753 927 2822 dispendium
956 2754 1142 2810 Lector
1172 2759 1435 2826 patiatur.
1468 2755 1571 2812 Sed
1612 2766 1662 2811 et
1704 2758 1884 2811 varias
1931 2756 2194 2809 interdum
2233 2754 2478 2809 lectiones
2517 2771 2582 2809 ex
2614 2754 2843 2811 Zonarte
2877 2771 3040 2809 manu
3078 2753 3351 2824 descriptis
3382 2751 3663 2811 codicibus,

412 2854 539 2908 quos
564 2839 738 2893 videre
764 2843 998 2911 contigit,
1037 2844 1260 2896 subinde
1296 2843 1598 2907 inserimus,
1636 2843 2002 2913 pratermissis
2039 2843 2243 2895 interea
2276 2842 2604 2913 synonymis,
2654 2851 2913 2912 tanquam
2960 2840 3158 2894 nullius
3187 2838 3500 2909 compendii,
3527 2839 3669 2907 quod

412 2936 461 2980 et
489 2942 545 2980 se
568 2927 746 2997 fecisse
775 2928 1052 2996 proﬁtetur
1081 2929 1302 2997 Wolﬁus
1332 2931 1629 2998 interpres;
1661 2932 1813 2999 cujus
1843 2928 2082 2999 alioquin
2126 2937 2279 2982 notas
2309 2929 2477 2999 priori
2509 2929 2728 2984 editioni
2755 2928 3015 2988 subditas.
3051 2943 3171 2981 cum
3220 2928 3412 2979 nostris
3444 2926 3527 2978 edi
3554 2926 3669 2978 suis

415 3014 541 3069 locis
565 3016 887 3079 curavimus,
922 3015 1101 3071 littera
1140 3018 1368 3072 nominis
1397 3018 1598 3073 initiati
1630 3018 1712 3073 W.
1762 3018 2048 3076 indicatus,
2088 3017 2453 3083 praetermissis
2482 3015 2795 3085 quibusdam
2822 3015 3117 3068 inutilibus.
3152 3013 3325 3083 Atque
3346 3014 3426 3067 ha:
3452 3011 3666 3082 quidem

416 3105 646 3174 priorem
684 3104 977 3158 Annalium
1013 3114 1241 3173 partem,
1283 3113 1331 3159 et
1383 3104 1613 3159 alteram
1662 3121 1826 3175 usque
1869 3104 1940 3156 ad
1977 3099 2391 3157 Constantinum
2432 3102 2686 3173 Magnum
2715 3103 3046 3172 potissimum
3090 3108 3353 3170 spectant,
3391 3102 3477 3155 ubi
3503 3098 3668 3171 paulo

415 3191 555 3243 visus
575 3199 650 3243 est
683 3192 1005 3253 accuratior,
1053 3206 1216 3260 quam
1249 3191 1305 3244 in
1338 3192 1403 3244 iis
1450 3208 1569 3262 qua:
1600 3189 2023 3261 Byzantinorum
2057 3190 2440 3259 imperatorum
2479 3192 2709 3244 historia:
2744 3200 2896 3243 erant
2932 3190 3247 3254 subiunctw,
3273 3190 3326 3242 in
3352 3204 3459 3259 qua
3492 3189 3667 3241 minus

418 3277 667 3330 scientem
692 3277 855 3344 fuisse
880 3276 1063 3346 palam
1091 3286 1190 3343 est,
1218 3279 1356 3348 quod
1398 3286 1446 3332 et
1473 3280 1686 3347 ipsemet
1718 3280 1939 3348 ingenue
1964 3279 2237 3347 agnoscit;
2275 3277 2719 3347 quemadmodum
2760 3286 2809 3329 et
2839 3276 3106 3347 Xylander
3126 3277 3180 3329 in
3210 3276 3343 3328 notis
3370 3276 3442 3328 ad
3471 3274 3665 3329 Cedre-

420 3379 546 3417 uum
585 3362 809 3434 singulis
848 3366 956 3434 fere
989 3363 1135 3429 locis,
1173 3367 1263 3435 qui
1294 3382 1376 3419 res
1424 3364 1750 3434 Byzantinus
1793 3372 2055 3435 spectant,
2090 3382 2195 3419 non
2227 3366 2380 3420 modo
2417 3366 2663 3419 haesitare
2703 3367 2925 3435 cogitur,
2965 3365 3057 3418 sed
3085 3364 3283 3433 fatetur
3311 3362 3452 3416 ultro
3484 3378 3668 3417 vocum

421 3450 521 3505 sibi
544 3449 905 3513 insolentium.
935 3454 1134 3521 partim
1166 3454 1507 3523 hybridarum
1542 3470 1605 3506 ac
1638 3452 2081 3522 μιξοϐαρϐάρων,
2114 3454 2313 3522 partim
2340 3468 2557 3523 prorsus
2591 3459 2641 3503 et
2669 3451 2739 3504 ad
2769 3449 2909 3519 apud
2943 3449 3160 3503 Latinos
3198 3457 3247 3502 et
3278 3449 3420 3518 apud
3458 3446 3671 3502 Graecos

424 3539 848 3610 peregrinarum,
896 3542 1135 3594 notiones
1178 3543 1409 3612 ignotas,
1459 3558 1552 3595 nec
1607 3540 1736 3596 alibi
1766 3540 1925 3595 lectas
1950 3557 1969 3595 :
2008 3540 2146 3611 quod
2192 3556 2296 3593 non
2332 3540 2544 3593 omnino
2571 3537 2897 3600 mirandum,
2924 3537 3179 3607 siquidem
3210 3539 3309 3589 hac
3334 3542 3667 3605 tempestate,

427 3628 564 3681 nulli
602 3636 714 3682 tum
761 3629 868 3698 fere
913 3636 1082 3682 essent
1118 3629 1246 3682 editi
1286 3628 1600 3699 Byzantines
1638 3629 1870 3683 historiae
1907 3629 2207 3698 scriptores,
2258 3635 2307 3680 et
2337 3628 2392 3680 in
2426 3626 2491 3680 iis
2532 3624 2869 3679 illustrandis
2913 3640 3065 3678 nemo
3091 3639 3157 3677 ea:
3191 3631 3265 3677 tot
3296 3624 3420 3677 viris
3450 3622 3675 3677 eruditis

426 3716 604 3771 studia
632 3733 729 3771 sua
756 3718 1008 3771 hactenus
1036 3716 1359 3773 contulerat.

657 3857 3627 3886 Μ

442 3868 655 3887 —

1063 4046 2179 4205 HIERONYMI
2287 4038 3031 4202 WOLFII

904 4498 1612 4618 JOANNIS
1686 4500 2401 4616 ZONAIUE
2488 4493 3252 4614 ANNALES

1696 4732 2385 4843 PR/EFATIO,
2458 4842 2463 4847 τ

475 4936 573 4999 Ad
601 4931 997 5014 magniﬁcum
1034 4938 1090 4992 et
1121 4948 1488 5014 generosum
1519 4931 1722 5014 virum
1759 4929 1833 4988 D.
1864 4928 2205 5014 Antonium
2242 4927 2601 5014 Ij‘uggerutn
2618 4927 3035 5014 .Kirchpcrga:
3064 4936 3121 4988 et
3178 4930 3650 4995 Wet'ssenhorni

1261 5009 1604 5083 dominum,
1636 5010 1930 5072 Ctesarea:
1961 5008 2278 5087 majestati
2308 5004 2349 5066 a
2380 5004 2685 5079 consiliis,
2722 5004 2846 5070 etc:

510 5338 663 5409 Opus
688 5334 792 5389 hoc
820 5332 1175 5387 historiarum
1207 5332 1429 5389 Joannis
1457 5333 1705 5395 Zonarze.
1768 5331 1874 5385 viri
1902 5346 2001 5386 sua
2044 5339 2206 5387 mtate
2253 5330 2306 5385 in
2354 5328 2645 5400 Cpolitano
2703 5329 2938 5399 imperio
2989 5329 3305 5393 clarissimi,
3356 5329 3522 5398 longo
3565 5332 3679 5401 jam

445 5441 694 5498 tempore
719 5441 748 5480 a
772 5424 959 5479 multis
980 5423 1115 5479 viris
1146 5423 1484 5478 doctissimis
1513 5422 1912 5486 desideratum,
1950 5421 2158 5491 duplici
2189 5414 2534 5489 potissimum
2568 5418 2793 5470 nomine
2823 5416 3322 5471 commendandum
3349 5434 3472 5473 esse
3521 5419 3677 5471 viue-

452 5524 564 5578 tur,
592 5524 707 5568 tum
741 5521 965 5583 propter
985 5510 1405 5581 amplitudinem
1436 5518 1493 5566 et
1526 5511 1851 5565 varietatem
1882 5524 2066 5563 rerum
2100 5523 2221 5579 qua:
2244 5507 2296 5561 in
2324 5520 2392 5559 eo
2412 5503 2792 5567 continentur,
2828 5511 2943 5557 tum
2969 5504 3040 5557 ob
3098 5504 3448 5571 brevitatem,
3496 5506 3530 5559 l1
3557 5504 3675 5556 »ιιιὶη

454 5603 617 5657 nibus
643 5603 726 5656 vel
758 5603 814 5657 iu
849 5616 907 5655 re
939 5599 1157 5672 publica
1190 5600 1274 5655 vel
1310 5598 1631 5654 domesticis
1666 5598 1903 5669 negotiis
1925 5597 2010 5651 vel
2042 5593 2240 5652 studiis
2257 5590 2606 5662 gravioribus
2638 5590 2946 5660 occupatis,
2976 5591 3062 5644 vel
3115 5590 3185 5645 iis
3234 5607 3473 5661 quorum
3525 5588 3680 5644 imir-

457 5688 597 5744 utior
622 5699 706 5745 est
735 5690 1016 5753 memoria,
1042 5698 1251 5755 gratam
1281 5696 1446 5744 atuue
1479 5685 1839 5747 aptissimam.
1863 5684 2053 5745 Neque
2079 5683 2227 5739 enim
2256 5678 2487 5737 cuilibet
2512 5677 2986 5735 accommodat.qu
3011 5687 3095 5734 est
3113 5679 3297 5734 omnia
3325 5679 3528 5733 scripta
3565 5690 3685 5728 om.
