4042 6212
259 338 333 400 29
1680 341 2097 402 PR/EFATIO.
3427 335 3504 402 30

261 456 413 509 nium
452 453 846 508 historicorum
879 453 1158 513 evolvere,
1192 460 1248 507 et
1277 455 1579 526 prcecipuas
1604 472 1692 514 res
1720 475 2066 514 summorum
2093 458 2450 526 imperiorum
2487 472 2516 511 a
2541 455 2730 510 mundi
2753 454 3008 518 exordio,
3057 465 3324 525 quantum
3374 456 3500 526 qui-

261 545 388 598 dem
409 541 735 596 mortalitati
774 551 974 595 nostra:
1003 555 1325 596 concessum
1361 553 1466 604 est,
1499 561 1672 615 usque
1699 548 1766 601 ad
1797 547 1936 602 hanc
1967 557 2205 610 aetatem,
2251 546 2504 613 ignorare
2531 544 2932 614 turpissimum.
2964 545 3096 598 Nam
3121 544 3165 598 si
3232 544 3500 598 Cicerone

262 643 494 687 auctore
525 631 672 686 inter
704 630 981 684 hominem
1004 636 1058 682 et
1092 628 1332 684 belluam
1367 632 1470 686 hoc
1510 635 1748 688 maxime
1791 635 2046 698 interest,
2078 635 2226 704 quod
2256 635 2373 689 haec
2404 642 2616 688 tantum
2672 643 2938 702 quantum
2996 647 3159 687 sensu
3226 641 3502 694 movetur,

263 719 408 773 adid
443 720 622 773 solum
643 718 790 788 quod
825 719 978 773 adest
1015 721 1275 790 quodque
1307 737 1549 788 praesens
1585 731 1670 776 est
1698 739 1756 777 se
1778 723 2177 787 accommodat,
2209 723 2490 792 paululum
2519 721 2812 776 admodum
2863 721 3107 776 sentiens
3161 720 3506 790 prmtcritum

263 817 364 859 aut
393 806 661 868 futurum,
700 806 866 859 homo
895 817 1077 860 autem
1107 809 1367 877 quoniam
1415 809 1645 863 rationis
1705 819 1790 864 est
1839 812 2138 880 particeps,
2192 808 2582 878 consequentia
2627 810 2825 872 cernit,
2889 808 3154 877 principia
3198 815 3255 861 et
3315 820 3508 860 causas

263 909 456 946 rerum
485 893 654 954 videt,
685 907 986 962 earumque
1019 910 1342 962 progressus
1374 903 1429 948 et
1453 896 1608 964 quasi
1631 899 2045 951 antecessiones
2081 913 2187 950 non
2226 898 2465 966 ignorat,
2499 895 2895 950 similitudines
2935 902 3240 962 comparat,
3299 902 3356 946 et
3410 908 3500 946 re-

266 981 381 1035 bus
413 981 780 1050 praesentibus
811 983 1057 1050 adjungit
1084 993 1250 1051 atque
1282 983 1526 1038 adnectit
1553 983 1785 1046 futuras,
1813 985 1971 1040 facile
1999 986 2170 1040 totius
2201 987 2324 1039 vitae
2349 1000 2574 1038 cursum
2607 984 2779 1043 videt.
2815 983 2879 1037 ad
2911 997 3144 1050 eamque
3197 979 3502 1050 degendam

266 1077 547 1138 praeparat
579 1083 668 1121 res
694 1069 1048 1134 necessarias,
1078 1069 1165 1122 vix
1202 1069 1444 1125 hominis
1466 1071 1690 1125 nomine
1719 1072 1916 1141 dignus
1945 1082 2028 1127 est
2057 1073 2150 1142 qui
2184 1071 2448 1126 memoria
2483 1080 2536 1124 et
2593 1071 2921 1140 cogitatione
2971 1069 3111 1122 ultra
3165 1083 3319 1123 suam
3374 1075 3508 1121 teta-

271 1165 386 1208 tem
417 1169 524 1207 non
553 1154 925 1224 progreditur.
960 1158 1036 1210 Ac
1063 1157 1403 1226 prrescientia
1443 1174 1630 1213 rerum
1663 1159 1991 1223 futurarum,
2023 1162 2068 1212 si
2098 1175 2204 1228 qua
2252 1167 2358 1225 est,
2410 1157 2582 1211 divini
2633 1157 2817 1226 potius
2873 1171 2996 1211 esse
3046 1155 3289 1208 muneris
3336 1167 3501 1222 quam

265 1239 503 1294 humani
535 1241 740 1310 ingenii
765 1241 1010 1296 creditur
1041 1259 1054 1296 :
1085 1243 1189 1297 etsi
1226 1260 1334 1298 non
1367 1245 1569 1300 desunt
1599 1246 1692 1315 qui
1715 1246 1798 1300 vel
1833 1255 2028 1300 natura
2057 1245 2266 1300 incitati
2299 1245 2381 1298 vel
2411 1254 2530 1298 arte
2580 1243 2752 1311 adjuti
2774 1243 2857 1297 vel
2914 1258 3014 1296 usu
3071 1256 3258 1295 rerum
3318 1238 3502 1294 cdocti

265 1345 336 1383 ea
369 1329 678 1397 praedicunt
709 1345 829 1396 quae
859 1331 1033 1384 multo
1065 1341 1186 1398 post
1215 1331 1398 1386 futura
1429 1341 1579 1388 sunt.
1621 1333 1753 1399 Qua:
1790 1333 2012 1402 quidem
2043 1333 2270 1386 facultas
2299 1342 2353 1387 ct
2400 1333 2565 1386 latius
2612 1339 2823 1398 pateret
2859 1338 2914 1383 et
2951 1329 3124 1381 multo
3185 1336 3331 1381 esset
3383 1327 3509 1379 illu-

268 1416 462 1477 Strior,
499 1417 542 1469 si
577 1416 680 1468 tria
713 1416 829 1471 haec
863 1418 914 1471 in
951 1434 1058 1472 uno
1083 1419 1304 1473 homine
1331 1422 1794 1490 conjungerentur
1825 1437 1838 1473 :
1867 1421 2263 1488 praeteritarum
2291 1434 2472 1474 autem
2506 1420 2776 1490 ignoratio
2803 1420 2855 1470 in
2910 1417 3131 1470 hotninc
3161 1414 3367 1470 litteris
3421 1413 3507 1467 vel

273 1502 868 1557 mediocriterimbuto
899 1504 986 1558 vix
1015 1505 1179 1559 ullam
1213 1506 1377 1561 habet
1401 1507 1834 1562 excusationem.
1870 1507 2058 1576 Neque
2087 1509 2232 1562 enim
2267 1509 2321 1560 in
2359 1509 2479 1570 hac,
2514 1517 2572 1560 ut
2603 1508 2656 1560 in
2689 1507 2800 1567 illa.
2836 1506 2918 1558 vel
2953 1506 3018 1558 de
3061 1504 3137 1558 rei
3187 1501 3507 1556 dillicultate

272 1590 361 1642 vel
386 1589 456 1644 de
479 1600 688 1644 natura:
713 1600 914 1646 nostra:
941 1593 1318 1649 imbecillitate
1346 1597 1501 1662 queri
1536 1609 1850 1664 possumus,
1883 1595 1976 1649 sed
2001 1595 2084 1649 vel
2121 1595 2315 1663 supina
2351 1592 2681 1663 negligentia
2707 1592 2787 1645 vel
2820 1591 3110 1659 occupatio
3171 1603 3507 1656 supervaca-

273 1692 380 1731 nea
411 1680 495 1734 vel
523 1679 686 1734 inane
721 1680 1020 1748 voluptatis
1051 1681 1295 1735 studium
1317 1683 1534 1750 culpam
1569 1697 1786 1736 omnem
1825 1681 2082 1738 sustinet.
2105 1680 2239 1744 Quis
2271 1678 2420 1730 enim
2466 1678 2710 1730 omnium
2771 1676 3085 1729 mortalium
3153 1675 3222 1728 ita
3275 1671 3509 1741 negotiis

273 1766 534 1820 obruitur
553 1768 708 1835 quin,
736 1767 780 1820 si
807 1782 1011 1835 parcus
1041 1777 1096 1822 et
1123 1768 1369 1836 prudens
1394 1769 1464 1822 sit
1495 1769 1758 1838 temporis
1791 1766 2174 1837 pretiosissimi
2204 1780 2251 1819 et
2277 1765 2652 1833 irrcparabilis
2672 1763 2912 1817 thesauri
2935 1763 3303 1831 dispensator,
3339 1771 3502 1812 unam

272 1864 444 1922 atque
461 1854 689 1908 alteram
715 1854 906 1908 horam
947 1855 1178 1924 legendo
1214 1856 1646 1926 meditandoque
1677 1856 1885 1925 absque
1917 1852 2025 1910 ullo
2058 1853 2407 1908 incommodo
2431 1853 2762 1906 valetudinis
2793 1861 2844 1906 et
2871 1867 3055 1905 rerum
3111 1865 3334 1903 suarum
3385 1845 3509 1900 dis-

274 1943 484 2011 pendio
517 1943 764 2012 quotidie
789 1944 959 2013 possit
988 1945 1348 2013 impendere?
1386 1945 1648 2000 Videmus
1670 1947 1815 1997 enim
1842 1941 2042 2012 quibus
2069 1945 2250 2010 nugis,
2282 1957 2348 1995 ne
2373 1941 2502 2010 quid
2531 1942 2708 1994 dicam
2746 1941 2985 2008 gravius,
3036 1937 3312 2006 plerisque
3366 1944 3510 1988 tem-

273 2047 384 2099 pus
416 2040 626 2100 pereat,
654 2033 800 2100 quod
834 2033 993 2099 longe
1029 2035 1233 2087 rectius
1259 2034 1442 2088 studio
1477 2033 1761 2102 sapientia:
1786 2032 2139 2085 tribueretur.
2170 2029 2282 2083 Nec
2313 2028 2512 2098 injuria
2539 2027 2622 2080 vir
2651 2025 3006 2096 gravissimus
3063 2023 3278 2077 Seneca
3331 2019 3512 2073 excla-

272 2128 413 2176 mat.
452 2134 703 2187 magnam
731 2121 855 2174 vita:
884 2132 1090 2187 partem
1117 2121 1253 2174 nihil
1285 2122 1598 2191 agentibus,
1641 2107 1900 2189 majorem
1931 2119 2073 2171 male
2107 2117 2416 2186 agentibus,
2445 2123 2612 2168 totam
2645 2113 2791 2166 aliud
2817 2112 3106 2181 agentibus
3136 2107 3300 2168 elabi,
3333 2120 3509 2175 coque

272 2205 398 2259 fieri
437 2217 496 2260 uâ€˜.
525 2207 838 2261 necessaria
877 2211 1193 2278 ignoremus
1219 2208 1477 2278 quoniam
1501 2221 1906 2278 supervacanea
1932 2204 2309 2258 didicerimus.
2349 2200 2769 2269 Supervacanea
2809 2213 2976 2267 porro
3007 2195 3262 2286 iptelligit
3308 2194 3506 2247 immo-

271 2291 463 2345 dicum
490 2292 851 2361 voluptatum.
879 2295 1124 2358 honoris,
1152 2296 1432 2364 potentiae,
1466 2296 1823 2365 pecuniaeque
1849 2291 2114 2353 studium,
2143 2290 2453 2344 necessaria
2479 2303 2610 2341 vero
2637 2281 3062 2356 philosophiam,
3088 2285 3191 2337 hoc
3217 2292 3298 2335 est
3316 2281 3509 2334 huma-

269 2394 472 2431 narum
505 2379 928 2450 divinarumque
963 2398 1145 2436 rerum
1180 2383 1553 2452 cognitionem
1589 2401 1602 2436 :
1630 2399 1749 2451 qure
1773 2381 1816 2436 si
1849 2381 1943 2434 ulli
1981 2378 2291 2444 mortalium
2320 2375 2557 2445 perfecta
2589 2375 2956 2442 contingeret,
2988 2370 3132 2424 haud
3168 2368 3334 2424 dubie
3393 2381 3512 2420 om-

271 2466 434 2518 nium
456 2467 603 2520 oculi
627 2477 790 2536 atqtte
823 2469 990 2522 animi
1025 2469 1076 2522 in
1101 2470 1251 2522 illum
1283 2486 1448 2524 unum
1473 2480 1731 2539 tanquam
1767 2468 1930 2522 deum
1955 2465 2244 2535 quemdam
2277 2471 2752 2517 converterentur.
2787 2460 3089 2528 Nuncquia
3124 2473 3322 2511 nomen
3350 2458 3513 2509 inane

273 2552 436 2605 multi
459 2554 734 2621 jactitant,
768 2557 1023 2623 perpauci
1054 2573 1185 2608 vero
1212 2558 1284 2610 ita
1324 2567 1451 2611 sunt
1491 2557 1683 2610 morati
1711 2566 1770 2609 ut
1803 2565 1950 2608 recta
1975 2553 2113 2606 ratio
2144 2551 2401 2619 postulat,
2444 2548 2501 2602 ï¬t
2533 2561 2593 2602 ut
2643 2564 2732 2602 res
2784 2548 2898 2616 ipsa
2961 2546 3122 2616 vulgo
3151 2562 3256 2597 non
3307 2542 3504 2596 intelli-

271 2637 530 2706 (atumet
564 2655 765 2694 nomen
791 2643 1043 2695 odiosum
1075 2658 1227 2710 aeque
1257 2653 1422 2712 atque
1449 2644 1741 2697 ridiculum
1774 2641 2061 2696 habeatur.
2122 2641 2291 2708 quue
2314 2638 2459 2692 haud
2511 2639 2626 2692 scio
2679 2653 2842 2706 quam
2910 2645 3078 2689 recte.
3137 2635 3321 2702 Neque
3363 2633 3509 2686 enim

273 2724 592 2793 disciplina:
616 2735 712 2780 aut
745 2729 870 2780 vitae
903 2743 1076 2797 genus
1103 2729 1174 2783 ob
1211 2729 1499 2784 hominum
1524 2730 1798 2785 inscitiam
1831 2741 1924 2786 aut
1953 2730 2368 2801 perversitatem
2391 2728 2512 2798 jure
2546 2726 2855 2780 traducitur
2883 2741 2898 2779 :
2933 2733 2990 2778 et
3013 2723 3107 2793 qui
3153 2733 3259 2776 tam
3315 2736 3506 2775 severo

268 2810 548 2879 iudicant,
585 2826 656 2865 ne
679 2815 1006 2882 semetipsos
1031 2817 1280 2884 quidem,
1316 2818 1420 2871 nisi
1449 2819 1649 2872 mentis
1675 2833 1868 2873 errore
1909 2819 2244 2880 afï¬ciantur,
2281 2813 2616 2885 probabunt.
2644 2813 2906 2867 Homines
2935 2811 3084 2866 enim
3110 2819 3240 2864 sunt
3276 2816 3337 2862 ut
3399 2823 3504 2861 caa-

277 2897 405 2960 teri,
436 2907 494 2952 et
524 2898 723 2952 iisdem
753 2899 1039 2956 alTeCtiâ€˜bus
1063 2903 1288 2956 obnoxii
1325 2923 1336 2956 :
1365 2913 1422 2958 et
1446 2920 1638 2974 parum
1667 2905 1892 2960 liberale
1919 2915 2004 2960 est
2035 2919 2206 2959 unum
2235 2911 2400 2972 atque
2425 2903 2660 2956 alterum
2693 2915 2905 2957 naevum
2938 2899 3218 2968 exagitare
3254 2895 3513 2950 dissimu-

274 2985 403 3039 latis
443 2987 774 3047 virtutibus,
800 3003 1035 3057 quarum
1066 2989 1120 3044 in
1143 2990 1487 3061 philosophis
1525 3008 1636 3046 non
1685 2993 1913 3047 minima
1972 3002 2057 3048 est
2111 2991 2358 3046 studium
2406 2987 2724 3058 inquirendi
2768 2986 2884 3040 veri
2946 2995 3004 3040 et
3051 2981 3509 3037 moderandarum

274 3074 672 3137 cupiditatum,
699 3085 757 3129 ut
791 3075 930 3130 intra
962 3084 1169 3132 natura:
1217 3079 1597 3148 praescriptum
1649 3089 2029 3140 coerceantur.
2081 3077 2390 3146 eodemque
2446 3090 2545 3145 pro
2595 3090 2693 3129 sua
2764 3071 2912 3126 virili
2964 3067 3509 3140 producendi-qnam

275 3161 571 3228 plurimos.
606 3162 890 3218 Postulare
924 3175 1107 3220 autem
1132 3176 1191 3220 ut
1221 3167 1259 3219 ii
1287 3182 1406 3221 sese
1436 3169 1574 3221 infra
1605 3183 1797 3222 omnes
1820 3168 2044 3221 intimos"
2079 3164 2331 3218 homines
2389 3163 2668 3234 abjiciant,
2729 3169 2785 3215 et
2827 3160 2881 3214 in
2927 3157 3190 3211 extremis
3249 3153 3513 3209 sordibus

271 3245 609 3317 Cynicorum
641 3265 792 3305 more
827 3251 1036 3318 vivant,
1062 3253 1316 3309 immanis
1333 3263 1418 3309 est
1442 3255 1673 3310 inscitiae
1709 3264 1872 3325 atque
1897 3253 2186 3323 superbiae.
2223 3251 2328 3307 Sed
2361 3250 2428 3305 ad
2455 3250 2740 3304 historiam
2773 3248 2961 3310 redeo,
3011 3262 3133 3315 quae
3185 3259 3308 3298 cum
3358 3256 3510 3295 cras-

277 3336 395 3388 sior
422 3337 676 3404 quredam
712 3337 1056 3410 philosophia
1084 3343 1173 3403 sit,
1203 3350 1259 3395 et
1288 3342 1551 3412 exemplis
1582 3345 1762 3412 potius
1787 3359 1949 3412 quam
1985 3341 2294 3395 rationibus
2321 3342 2488 3394 vitam
2521 3339 2738 3394 civilem
2794 3352 2858 3392 ac
2907 3337 3174 3406 privatam
3235 3331 3512 3391 instituat,

277 3438 389 3476 non
422 3424 654 3479 dubium
676 3436 762 3480 est
797 3427 930 3496 quin
960 3444 1208 3498 magnam
1243 3429 1442 3484 habeat
1478 3429 1772 3483 utilitatem
1805 3444 1928 3482 cum
1960 3443 2171 3482 summa
2199 3427 2470 3481 suavitate
2498 3427 2866 3496 coniunctam.
2891 3423 2948 3477 ln
3002 3437 3106 3491 qua
3146 3433 3266 3488 quae
3314 3415 3512 3486 praeci-

287 3525 394 3578 pue
428 3511 770 3568 observanda
810 3515 939 3580 sint,
963 3515 1264 3583 prudenter
1293 3515 1480 3570 Livius
1510 3516 1595 3570 his
1634 3515 1820 3571 verbis
1852 3524 2038 3570 monet
2067 3533 2080 3567 :
2117 3533 2136 3565 Î¹
2165 3515 2244 3569 Ad
2277 3515 2369 3569 illa
2391 3515 2524 3568 mihi
2556 3528 2654 3584 pro
2687 3527 2745 3568 se
2771 3512 3002 3581 quisque
3027 3508 3228 3563 acriter
3261 3503 3512 3558 intendat

288 3599 554 3666 animum,
586 3618 709 3671 qua:
739 3603 872 3666 vita,
901 3605 993 3672 qui
1029 3620 1208 3658 mores
1230 3603 1455 3666 fuerint,
1481 3619 1580 3674 per
1601 3620 1740 3673 quos
1773 3605 1920 3658 viros
1944 3606 2257 3675 quibusque
2286 3605 2499 3658 artibus
2526 3603 2675 3657 domi
2721 3601 3038 3670 militiaeque
3087 3608 3144 3652 et
3190 3601 3409 3665 partum
3456 3601 3516 3647 et

299 3699 509 3740 auctum
534 3689 823 3757 imperium
849 3690 939 3746 sit.
977 3690 1221 3744 Labente
1275 3691 1473 3745 deinde
1528 3692 1791 3761 paulatim
1838 3694 2146 3763 disciplina,
2208 3695 2360 3749 velut
2410 3692 2738 3749 dissidentes
2787 3691 2964 3761 primo
3006 3702 3188 3742 mores
3247 3689 3516 3752 sequatur

307 3774 507 3832 animo,
525 3775 711 3830 deinde
750 3785 810 3831 ut
839 3777 1009 3846 magis
1042 3778 1324 3846 magisque
1351 3778 1486 3846 lapsi
1509 3779 1639 3843 sint,
1667 3787 1780 3833 tum
1809 3780 1888 3834 ire
1921 3781 2192 3849 cmperint
2216 3780 2552 3848 praecipites,
2584 3779 2762 3832 donec
2794 3776 2860 3830 ad
2886 3775 3002 3829 hzcc
3047 3783 3315 3840 tempora,
3388 3766 3512 3835 qui-

299 3859 403 3912 bus
438 3874 538 3913 nec
565 3862 684 3917 vitia
711 3872 904 3917 nostra
940 3879 1040 3918 nec
1061 3864 1303 3918 remedia
1340 3864 1448 3934 pati
1477 3879 1792 3934 possumus,
1825 3875 2047 3921 ventum
2079 3874 2183 3920 est.
2212 3864 2327 3919 Hoc
2354 3865 2487 3920 illud
2508 3874 2592 3919 est
2625 3863 2893 3933 praecipue
2939 3860 2994 3914 in
3055 3856 3367 3928 cognitione
3422 3867 3514 3905 re-

293 3960 414 3998 rum
451 3947 667 4004 salubre
697 3964 761 4004 ac
791 3949 1136 4021 frugiferum,
1159 3949 1337 4003 omnis
1366 3959 1416 4004 te
1441 3951 1674 4020 exempli
1699 3952 2029 4007 documenta
2066 3953 2118 4006 in
2143 3953 2342 4006 illustri
2375 3951 2549 4022 posita
2583 3949 2922 4004 monimento
2952 3945 3155 4001 intueri
3185 3961 3198 3997 :
3237 3941 3364 3996 inde
3414 3937 3515 3992 tibi

285 4042 500 4102 tneque
525 4035 605 4090 rei
642 4037 878 4105 publica:
913 4035 1057 4106 quod
1081 4036 1296 4091 imitere
1328 4037 1532 4106 capias,
1570 4038 1696 4092 inde
1723 4038 1930 4094 fmdum
1969 4039 2214 4110 inceptu,
2246 4039 2452 4094 fcedum
2496 4037 2669 4100 exitu,
2737 4035 2883 4106 quod
2934 4035 3095 4088 vites.
3162 4049 3181 4080 Î¹
3238 4028 3516 4081 Hactenus

284 4121 396 4175 ille.
435 4119 544 4176 Sed
567 4132 624 4177 et
649 4123 871 4187 Cicero,
909 4132 1270 4193 praeterquam
1301 4123 1446 4193 quod
1480 4125 1557 4178 ait
1592 4142 1609 4174 Î¹
1641 4127 1852 4181 nescire
1885 4127 2016 4196 quid
2044 4138 2204 4183 antea
2233 4143 2396 4198 quam
2435 4137 2599 4182 natus
2625 4127 2699 4181 sis
2722 4122 3007 4184 acciderit,
3059 4119 3111 4174 id
3162 4125 3247 4171 est
3297 4126 3515 4179 semper

278 4223 401 4261 esse
433 4223 692 4278 puerum,
718 4229 735 4262 Î¹
766 4209 976 4280 magnis
997 4221 1160 4264 ornat
1196 4210 1452 4265 laudibus
1473 4212 1782 4278 historiam,
1814 4231 1937 4269 cum
1965 4223 2162 4270 testem
2195 4225 2526 4284 temporum,
2550 4214 2731 4269 lucem
2763 4208 3031 4280 veritatis,
3090 4203 3258 4256 vitam
3306 4211 3514 4253 memo-

281 4295 397 4360 riae,
430 4297 751 4367 magistram
783 4298 926 4362 vitae,
960 4299 1206 4352 nuntiam
1233 4300 1521 4354 vetustatis
1547 4301 1955 4369 appellat.Quae
1978 4317 2102 4355 cum
2143 4316 2275 4356 vera
2299 4315 2421 4355 esse
2452 4314 2561 4353 non
2595 4312 2789 4367 negem
2814 4295 3016 4363 (neque
3044 4292 3190 4346 enim
3244 4301 3513 4358 quorum-

279 4383 406 4437 dam
439 4385 691 4440 fabulosa
729 4394 1033 4440 commenta
1065 4399 1180 4440 rem
1205 4385 1376 4454 ipsam
1410 4400 1765 4454 corrumpere
1793 4388 2071 4455 possunt),
2111 4396 2315 4452 tamen,
2348 4386 2393 4441 si
2431 4384 2665 4438 maxima
2697 4399 2762 4436 ex
2793 4389 2946 4450 parte
2983 4378 3228 4433 omnium
3291 4382 3514 4430 aetatum

280 4474 538 4534 consilia,
564 4483 706 4534 acta,
741 4485 969 4527 eventus
997 4473 1350 4537 aestimemus,
1385 4471 1513 4541 quid
1545 4482 1628 4526 est
1655 4473 1802 4527 aliud
1838 4473 2068 4528 historia
2137 4488 2301 4543 quam
2359 4474 2552 4541 ingens
2610 4469 2884 4539 quoddam
2935 4467 3157 4536 pelagus
3215 4480 3277 4518 ac
3333 4462 3520 4531 potius

279 4559 632 4628 naufragium
661 4557 977 4612 miserabile
999 4558 1252 4612 humana:
1273 4559 1540 4624 stultitiae,
1573 4559 1941 4626 improbitatis
1962 4572 2017 4615 et
2049 4561 2306 4623 miseriae,
2337 4569 2392 4614 et
2413 4558 2697 4627 speculum
2722 4558 2880 4626 longe
2908 4553 3179 4609 illustrius
3220 4551 3344 4605 vita:
3406 4549 3507 4618 pri-

278 4656 424 4700 vatae
446 4655 502 4700 et
528 4646 786 4715 politica2,
824 4661 987 4715 quam
1019 4646 1125 4699 ulla
1160 4647 1429 4702 commdia
1457 4657 1550 4700 aut
1586 4647 1849 4716 tragmdia
1868 4649 1890 4701 ?
1908 4646 2038 4713 Quze
2065 4647 2320 4715 cogitatio
2344 4646 2396 4699 in
2421 4647 2584 4716 hujus
2612 4645 2796 4715 operis
2817 4641 3231 4698 elucubrationc
3253 4647 3518 4708 perpetuo

278 4733 545 4785 sensibus
564 4742 728 4802 atque
761 4733 948 4785 animo
982 4747 1102 4784 meo
1135 4734 1419 4787 obversata
1453 4743 1557 4788 est.
1583 4733 1709 4787 Sive
1739 4733 1887 4788 enim
1915 4751 2068 4790 saera
2086 4737 2200 4788 sive
2229 4734 2473 4803 profana,
2519 4734 2634 4788 sive
2697 4748 2835 4787 nova
2858 4732 2973 4785 sive
3019 4738 3204 4782 vetera
3260 4737 3515 4779 occurre-

280 4829 432 4882 rent,
468 4820 583 4874 sive
607 4819 830 4874 Hebrzea
852 4819 967 4872 sive
986 4818 1171 4874 Grzeca
1197 4829 1582 4884 tractarentur,
1611 4821 1873 4876 cramben
1900 4821 2148 4876 eamdem
2177 4822 2372 4890 repeti,
2395 4819 2727 4875 cantinelam
2753 4818 3004 4872 eamdem
3051 4813 3173 4868 cani
3223 4811 3474 4864 videbam
3502 4825 3514 4861 :

279 4907 474 4960 omnia
499 4908 657 4977 plena
680 4917 1015 4971 enatorum,
1052 4909 1344 4971 scelerum,
1378 4909 1654 4973 fraudum,
1691 4909 2122 4974 mendaciorum,
2149 4909 2574 4979 praestigiarum,
2641 4919 3036 4965 azrumnarum,
3085 4897 3514 4955 dissensionum,

283 4995 549 5058 czedium,
575 4997 941 5051 excidiorum.
976 4997 1043 5053 Ut
1067 5013 1158 5051 res
1184 4997 1299 5065 ipsa
1335 4997 1554 5052 abunde
1582 4997 1799 5063 doceat,
1833 4999 2131 5052 humanum
2165 4997 2442 5068 ingenium
2500 4994 2589 5058 ab,
2619 4998 2738 5064 ipso
2797 5001 2920 5046 ortu
2970 5004 3094 5044 esse
3136 4987 3516 5055 depravatum,

285 5099 469 5152 neque
497 5083 717 5139 inanem
755 5085 1030 5138 exstitisse
1065 5084 1306 5137 divinam
1341 5085 1800 5146 exsecrationem,
1832 5100 1957 5139 cum
1986 5085 2191 5152 ubique
2231 5083 2399 5137 sudor
2440 5083 2643 5144 vultus,
2693 5081 2898 5147 ubique
2951 5075 3145 5130 tribuli
3202 5082 3258 5126 et
3322 5070 3515 5139 spinae,

287 5169 497 5239 ubique
521 5171 798 5240 serpentis
827 5171 1042 5225 insidiae
1070 5181 1388 5239 appareant.
1423 5171 1557 5226 Boni
1584 5181 1638 5227 et
1667 5171 1946 5241 simplices
1973 5171 2130 5241 pauci
2171 5179 2299 5223 sunt
2327 5186 2340 5222 :
2376 5178 2431 5222 et
2467 5169 2510 5222 si
2542 5169 2634 5237 qui
2663 5175 2814 5229 sunt,
2842 5166 2877 5218 ii
2905 5164 3038 5218 alias
3065 5179 3164 5232 per
3195 5159 3499 5228 impruden

288 5257 425 5309 tiam
463 5259 518 5310 in
558 5258 770 5312 facinus
797 5266 984 5320 ruunt,
1011 5257 1146 5310 alias
1177 5258 1332 5311 malis
1357 5260 1622 5329 exemplis
1643 5267 2095 5328 corrumpuntur,
2153 5257 2337 5311 aliasa
2385 5257 2620 5309 maximo
2677 5252 3051 5321 improborum
3102 5258 3158 5303 ct
3189 5245 3510 5300 callidorum

288 5361 527 5400 numero
550 5346 961 5415 opprimuntur.
995 5346 1062 5399 Et
1093 5361 1408 5414 quanquam
1432 5357 1640 5402 natura:
1671 5347 1954 5400 hominum
1988 5347 2100 5400 duo
2127 5345 2359 5413 insignia
2392 5357 2637 5406 munera,
2667 5341 2898 5396 facultas
2926 5339 3156 5394 rationis
3201 5345 3256 5389 et
3307 5331 3513 5387 oratio-

284 5449 375 5486 nts
394 5432 658 5487 divinitus
687 5443 817 5487 sunt
843 5447 1126 5497 concessa,
1157 5435 1357 5501 quibus
1391 5434 1459 5487 ad
1493 5434 1975 5503 contemplandum
2037 5443 2095 5489 et
2141 5431 2533 5488 celebrandum
2575 5432 2739 5501 hujus
2792 5426 3166 5482 universitatis
3223 5421 3514 5488 Opificem.

282 5529 346 5574 et
369 5520 439 5573 ad
463 5519 719 5574 tuendam
751 5535 815 5574 ac
843 5520 1141 5590 juvandam
1175 5521 1459 5576 hominum
1489 5522 1636 5575 inter
1670 5522 1817 5591 ipsos
1841 5523 2288 5578 communitatem
2312 5519 2578 5576 utendum
2602 5527 2742 5578 erat,
2801 5516 2854 5570 in
2911 5514 3121 5568 nullum
3175 5515 3287 5565 fere
3345 5505 3514 5561 alium

289 5621 454 5660 usum
477 5621 508 5660 a
531 5607 808 5676 plerisque
838 5623 902 5662 ea
937 5608 1186 5662 converti
1216 5607 1490 5673 videmus,
1521 5608 1627 5662 nisi
1664 5609 1735 5663 ad
1763 5608 2074 5678 expeditius
2102 5604 2402 5661 fallendum
2433 5613 2488 5658 et
2531 5602 2870 5664 nocendum,
2923 5610 2981 5655 et
3030 5598 3347 5651 vastitatem
3404 5592 3512 5647 elli-

284 5693 569 5751 ciendam.
592 5694 790 5750 Annon
847 5696 920 5750 ita
961 5696 1284 5764 plerumque
1310 5695 1538 5760 vivitur,
1569 5705 1629 5752 ut
1655 5695 2117 5762 quemadmodum
2144 5694 2273 5750 fera:
2299 5693 2352 5748 in
2371 5691 2671 5747 solitudine
2696 5699 2752 5746 et
2782 5689 2957 5748 silvis,
3012 5685 3188 5743 pisces
3238 5683 3293 5738 in
3335 5679 3510 5736 flumi-
