4070 6214
494 325 563 392 31
1143 354 1147 359 λ
1732 334 2137 394 HIERONYM
2148 335 2171 392 l
2214 337 2497 396 WOLFII
3659 338 3738 401 39

495 438 660 493 nibus
682 446 739 493 et
768 438 927 503 mari,
958 439 1212 495 volucres
1242 440 1296 496 in
1330 441 1614 497 immensis
1634 441 1743 498 illis
1766 444 1912 498 aeris
1943 445 2155 511 spatiis,
2189 461 2382 516 magna
2409 461 2475 498 ex
2502 452 2657 513 parte
2687 445 2844 514 quasi
2871 457 3081 501 natura:
3103 447 3337 516 quadam
3375 449 3495 517 lege
3561 449 3738 505 imbe-

493 526 735 581 cilliores
759 529 1081 596 opprimunt
1109 538 1166 583 et
1191 528 1483 592 devorant,
1519 529 1592 583 ita
1618 530 1784 585 etiam
1815 531 1868 584 in
1904 541 2094 585 nostro
2127 548 2329 601 genere
2354 532 2695 587 callidissimi
2729 541 2786 587 et
2821 535 3190 604 potentissimi
3217 537 3421 607 quique
3488 537 3740 595 imbecil-

493 610 699 665 litatem
736 621 792 667 et
815 613 1225 682 simplicitatem
1262 625 1587 670 czeterorum
1626 616 1680 670 in
1714 632 1870 671 suam
1897 617 2138 686 prtedam
2172 619 2742 689 vertunt.aliquando
2766 621 2932 674 etiam
2965 622 3084 676 sine
3112 623 3318 687 fructu,
3373 624 3503 691 quid
3553 624 3736 681 fructu

493 696 659 751 dico?
704 697 816 752 imo
868 700 1032 754 etiam
1082 717 1207 755 cum
1248 702 1494 771 periculo
1521 704 1958 757 etincommodo
1992 719 2092 758 suo
2125 705 2250 759 aliis
2290 715 2521 770 nocent;
2589 705 2754 775 idque
2806 722 2930 761 cmn
2979 708 3213 772 faciunt,
3271 710 3422 776 quasi
3473 725 3533 764 re
3596 711 3737 768 bene

491 792 641 851 gesta
665 784 993 854 gloriantur.
1021 787 1232 843 Interea
1253 789 1490 859 theologi
1512 790 1579 844 de
1605 791 1756 860 justo
1792 791 1889 845 Dei
1926 792 2158 861 judicio,
2209 792 2277 846 de
2325 792 2566 862 prasmiis
2620 795 2857 862 piorum,
2892 794 2960 848 de
3020 796 3310 865 suppliciis
3364 796 3736 865 improborum

492 871 933 939 concionantur;
970 889 1096 929 cum
1125 875 1228 945 ipsi
1254 892 1396 939 sese,
1434 877 1590 946 quasi
1621 878 1911 948 terrigena:
1935 879 2009 932 illi
2040 879 2261 942 fratres,
2301 879 2481 933 acutis
2525 880 2865 934 exacerbata:
2905 879 3103 948 lingua:
3161 882 3492 952 pugionibus
3544 886 3736 940 confo-

494 955 674 1021 diant,
702 960 1069 1030 eumdemque
1094 963 1342 1017 morbum
1371 964 1425 1017 in
1458 963 1657 1018 animis
1684 965 2001 1019 auditorum
2036 978 2365 1036 propagent,
2390 977 2448 1021 ut
2476 960 2635 1021 haud
2658 967 2862 1039 injuria
2911 969 3151 1024 dubitari
3209 981 3376 1039 queat
3433 989 3502 1027 an
3639 977 3732 1030 sed

493 1045 919 1111 temperandum
945 1057 1028 1102 est
1043 1049 1274 1113 calamo,
1302 1065 1369 1104 ne
1398 1047 1515 1119 ipse
1543 1050 1595 1103 in
1623 1051 1768 1105 idem
1801 1051 1999 1105 vitium
2032 1042 2289 1109 incidam.
2310 1056 2626 1125 Philosophi
2661 1057 2728 1111 de
2763 1056 2955 1111 olliciis
2988 1057 3335 1127 praecipiunt,
3397 1067 3451 1114 et
3515 1059 3618 1128 ipsi
3669 1060 3737 1114 ab

489 1128 669 1183 ollicio
703 1147 844 1201 saepe
875 1133 1165 1189 discedunt
1210 1153 1227 1192 :
1270 1152 1447 1204 neque
1502 1137 1616 1192 fere
1662 1154 1892 1208 usquam
1944 1140 2067 1209 plus
2105 1151 2191 1197 est
2234 1143 2449 1213 injuria:
2504 1158 2669 1213 quam
2719 1143 2809 1197 ubi
2837 1144 2980 1214 juris
3024 1144 3347 1213 plurimum,
3396 1160 3576 1215 neque
3617 1146 3740 1215 plus

490 1217 807 1272 morborum
858 1235 1021 1289 quam
1076 1222 1131 1277 in
1179 1223 1336 1293 copia
1386 1225 1779 1289 remediorum,
1840 1243 2108 1297 nusquam
2162 1230 2284 1299 plus
2348 1231 2686 1300 paupertatis
2733 1247 2897 1301 quam
2954 1231 3008 1285 in
3048 1232 3279 1285 summis
3330 1233 3551 1301 opibus,
3600 1249 3739 1288 nus-

488 1318 651 1372 quam
710 1306 834 1375 plus
894 1307 1183 1364 dementiae
1239 1308 1406 1380 quam
1453 1311 1509 1365 in
1563 1327 1777 1367 summa
1848 1315 2128 1383 sapientiae
2197 1318 2571 1385 persuasione.
2627 1316 2759 1383 Quae
2812 1316 3035 1387 quidem
3100 1318 3368 1388 sapientia
3436 1332 3739 1373 consuetu-

486 1389 636 1446 dinis
693 1393 1047 1460 inveteratae,
1112 1407 1462 1468 acceptaeque
1517 1414 1549 1453 a
1616 1400 1917 1470 majoribus
1988 1403 2304 1471 opinionis,
2362 1413 2418 1458 et
2491 1404 2837 1460 auctoritatis
2912 1406 3298 1475 magistrorum
3363 1404 3737 1462 fundamentis

491 1475 638 1531 haud
691 1479 807 1534 scio
872 1497 1035 1549 quam
1099 1483 1275 1539 firmis
1331 1484 1608 1539 innititur.
1659 1485 1797 1541 Hinc
1868 1488 2079 1542 infinita
2138 1489 2228 1542 illa
2278 1489 2504 1543 dissidia
2573 1490 2940 1559 religionum,
3002 1490 3412 1553 dortrinarum,
3475 1508 3734 1557 morum,

494 1562 901 1630 institutorum,
950 1576 1007 1622 et
1066 1581 1293 1639 propter
1347 1571 1667 1640 opinionum
1734 1573 1835 1641 (rei
1897 1575 2206 1641 levissima!)
2269 1575 2647 1629 diversitatem
2711 1575 2976 1644 capitales
3037 1576 3380 1638 inimicitias,
3433 1578 3736 1634 seditiones

494 1650 836 1719 perniciosae,
880 1653 1133 1724 bellaque
1193 1656 1563 1711 atrocissima.
1626 1657 1770 1711 inter
1819 1659 1934 1712 haec
1991 1660 2085 1713 alii
2131 1660 2395 1723 fremunt,
2453 1660 2544 1713 alii
2592 1670 2840 1730 gemunt,
2897 1662 3064 1730 aliqui
3117 1662 3316 1725 rident,
3374 1664 3529 1718 multi
3578 1664 3734 1725 flent,

492 1738 676 1807 plures
703 1740 1077 1810 indignantur,
1113 1742 1358 1813 plerique
1392 1759 1586 1799 omnes
1632 1754 2071 1814 conquerantur.
2110 1744 2281 1799 Nemo
2303 1761 2415 1800 non
2451 1746 2629 1799 aliena
2673 1744 2808 1799 vitia
2863 1746 3130 1815 perspicit
3183 1758 3240 1800 et
3301 1750 3576 1818 cxag‘tat;
3633 1765 3732 1803 sua

490 1841 623 1880 vero
647 1827 793 1881 serio
824 1839 880 1882 et
903 1838 1223 1884 constanter
1247 1832 1504 1886 emendat
1530 1830 1644 1885 fere
1668 1846 1851 1895 nemo,
1886 1841 1981 1886 aut
2003 1846 2136 1886 sane
2170 1831 2489 1901 paucissimi
2523 1832 2612 1885 :in
2644 1847 2754 1901 quo
2804 1832 3004 1900 exiguo
3048 1847 3209 1902 grege
3256 1835 3465 1887 utinam
3515 1845 3571 1889 et
3627 1851 3732 1904 ego

490 1913 762 1983 meipsum
788 1910 1079 1971 numerare
1108 1933 1325 1987 possem
1348 1920 1361 1973 !
1401 1918 1506 1974 Sed
1542 1919 1729 1974 nescio
1750 1934 1860 1988 quo
1891 1929 2054 1988 pacto
2078 1919 2347 1987 exemplis
2368 1918 2541 1987 magis
2568 1932 2762 1972 omnes
2788 1918 3060 1971 trahimur
3085 1935 3251 1987 quam
3312 1919 3604 1988 disciplina
3671 1931 3729 1974 ct

491 2001 724 2062 ratione,
749 2003 845 2054 καὶ
883 2002 969 2056 τὸν
997 2004 1318 2075 ἐπιχώριον,
1349 2016 1410 2059 ut
1445 2006 1845 2078 Aristophanes
1876 2006 1973 2068 ait,
2000 2009 2098 2060 ἀσκ

2123 2005 2283 2073 >ῦμεν
2309 2005 2530 2074 τρόπον.
2568 2005 2731 2059 Pauci
2762 2006 2910 2059 enitn
2938 2020 3003 2059 ea
3028 2015 3152 2060 sunt
3185 2007 3268 2061 vel
3317 2006 3611 2076 prudentia
3647 2009 3730 2061 vel

490 2087 797 2141 animorum
835 2090 1145 2145 constantia
1179 2093 1418 2161 praaditi,
1445 2102 1505 2146 ut
1530 2109 1654 2148 cum
1687 2094 1837 2149 vitiis
1872 2104 1928 2148 et
1958 2093 2246 2148 erroribus
2285 2107 2513 2147 suorum
2545 2100 2858 2162 temporum
2885 2108 3127 2163 pugnare
3157 2094 3392 2163 possint.
3437 2095 3515 2149 lta
3576 2096 3733 2165 quasi

490 2174 600 2228 fato
625 2176 857 2242 quodam
891 2178 1205 2247 praecipites
1230 2179 1282 2232 in
1313 2179 1443 2234 vitia
1472 2180 1706 2245 ruimus,
1738 2190 1795 2235 et
1817 2197 1885 2235 ex
1914 2182 2061 2237 vitiis
2089 2182 2143 2235 in
2170 2180 2535 2234 calamitates.
2562 2181 2693 2247 Quae
2724 2180 2959 2235 fortasse
3008 2182 3194 2236 minus
3240 2182 3428 2236 multa:
3462 2192 3560 2237 aut
3617 2185 3727 2238 sal-

492 2273 598 2314 tem
635 2263 872 2318 leviores
895 2276 1102 2329 essent,
1126 2266 1171 2320 si
1204 2275 1413 2322 rectam
1446 2268 1712 2320 rationem
1746 2277 1801 2322 et
1842 2267 2086 2336 reliquos
2115 2267 2296 2322 adhuc
2326 2265 2383 2319 in
2416 2276 2611 2320 natura
2655 2277 2847 2321 nostra
2902 2267 3106 2321 divina:
3152 2268 3297 2323 lucis
3344 2268 3615 2339 igniculos
3672 2271 3726 2324 in

491 2351 657 2403 tantis
677 2351 909 2407 fortunre
939 2352 1184 2407 tenebris
1212 2363 1470 2422 tanquam
1505 2352 1857 2407 fidelissimos
1879 2351 2049 2406 duces
2074 2366 2464 2421 sequeremur.
2496 2351 2655 2416 Quod
2682 2352 2728 2405 si
2752 2352 2929 2417 fieret,
2961 2369 3071 2408 non
3105 2355 3270 2410 toties
3298 2355 3466 2411 fatum
3497 2357 3633 2412 fatui
3672 2366 3731 2414 et

489 2452 686 2491 caecam
712 2439 989 2494 fortunam
1015 2440 1144 2495 caaci
1179 2454 1790 2508 accusaremus.neque
1831 2449 2056 2493 nostros
2081 2453 2304 2493 errores
2333 2447 2391 2491 et
2420 2438 2553 2492 vitia
2599 2438 2856 2493 obscuris
2911 2441 3244 2509 quibusdam
3286 2444 3603 2500 nominibus
3638 2461 3735 2501 vc?

490 2521 745 2579 Iaremus.
772 2526 928 2581 Nulla
952 2526 1178 2597 quidem
1212 2536 1296 2583 est
1325 2524 1380 2580 in
1417 2527 1580 2581 terris
1616 2526 1698 2580 vel
1720 2524 2006 2595 sapientia:
2034 2522 2122 2578 vel
2152 2521 2378 2576 virtutis
2404 2520 2699 2591 perfectio,
2724 2530 2782 2576 et
2805 2521 3012 2579 frustra
3048 2524 3386 2582 describitur
3434 2528 3594 2584 nobis
3640 2528 3733 2584 ille

487 2611 580 2680 qui
609 2614 754 2682 apud
796 2613 1081 2669 Horatium
1120 2632 1135 2669 :

1400 2768 1411 2777 -
1948 2728 2062 2783 Uno
2101 2727 2274 2780 minor
2310 2733 2385 2779 est
2421 2724 2544 2779 love
2572 2738 2593 2777 :
2631 2726 2795 2789 dives,

1449 2799 1625 2861 Liber,
1654 2800 1964 2865 honoratus,
1987 2796 2224 2869 pulcher,
2265 2811 2358 2849 rex
2383 2796 2604 2865 denique
2635 2811 2841 2867 regum,

1440 2869 1715 2940 Prwripue
1740 2885 1927 2935 sanus,

485 3014 582 3059 aut
607 3003 744 3075 apud
774 3003 1009 3060 Gellium
1038 3003 1339 3067 ἀκώλυτος,
1377 3003 1757 3069 ἀνεκδίαστος,
1788 3000 2092 3074 ἀπαρεμπόι

2133 3018 2287 3067 ιστος,
2318 2999 2623 3069 ἐλεύθερος,
2658 2997 2917 3071 εὔπορος,
2950 3001 3247 3071 εὐδαίμων.
3285 3003 3494 3071 Qualis,
3528 3016 3588 3062 ιιι
3615 3009 3740 3078 opi-

486 3106 609 3155 nor,
639 3106 801 3144 nemo
834 3106 1074 3159 unquam
1123 3090 1227 3144 fuit
1267 3105 1448 3159 neque
1486 3090 1711 3145 futurus
1742 3099 1846 3145 est.
1879 3090 2150 3145 Omnibus
2194 3092 2365 3153 enim,
2396 3090 2541 3158 quod
2589 3090 2860 3161 satyricus
2895 3090 3167 3160 perfacete
3208 3091 3381 3157 addit,
3415 3110 3522 3151 non
3569 3098 3734 3152 modo

416 3176 429 3184 “
484 3178 704 3247 pituita.
740 3177 835 3232 sed
869 3176 1002 3232 ﬂava
1029 3185 1084 3231 et
1108 3186 1223 3231 atra
1268 3177 1391 3232 bilis
1410 3177 1704 3246 aliquando
1734 3178 1964 3233 molesta
2000 3186 2107 3233 est.
2145 3176 2301 3243 Quod
2332 3176 2541 3230 utinam
2573 3176 2756 3230 minus
2786 3175 2980 3231 crebro
3008 3186 3065 3231 et
3100 3178 3155 3231 in
3185 3179 3348 3235 dictis
3378 3189 3433 3235 et
3479 3182 3533 3236 in
3572 3182 3735 3240 factis
3808 3216 3811 3219 -

484 3265 1060 3334 praestantissimorum
1093 3264 1337 3319 virorum
1369 3273 1686 3319 cerneretur
1718 3264 1971 3332 lAlioqui
2003 3263 2310 3331 doctrinam
2347 3263 2656 3318 divinarum
2682 3263 3153 3334 humanarumque
3188 3282 3367 3320 rerum
3390 3278 3446 3323 et
3474 3269 3736 3341 integrio-

487 3368 603 3404 rem
638 3360 695 3405 et
728 3352 911 3405 minus
945 3361 1355 3406 controversam
1386 3360 1438 3405 et
1471 3352 1644 3405 multo
1673 3352 2069 3420 expeditiorem
2097 3350 2453 3416 haberemus,
2484 3359 2541 3404 et
2565 3350 2675 3404 vita
2701 3351 3015 3405 mortalium
3040 3354 3299 3409 aerumnis
3323 3354 3482 3426 longe
3514 3358 3738 3426 paucio-

485 3436 638 3489 rilms
680 3444 1043 3504 premeretur.
1087 3436 1192 3491 Sed
1228 3443 1431 3491 tantam
1460 3453 1579 3491 esse
1606 3437 1915 3492 vecordiam
1949 3444 2005 3491 et
2032 3439 2320 3503 malitiam,
2354 3448 2412 3492 ut
2450 3438 2604 3508 quasi
2632 3437 2698 3491 de
2739 3437 3008 3492 industria
3035 3440 3265 3495 miseros
3286 3451 3342 3496 et
3372 3458 3472 3499 nos
3506 3445 3653 3514 ipsos
3677 3455 3736 3500 et

485 3522 624 3577 alios
661 3537 781 3578 esse
814 3523 1083 3584 velimus,
1112 3523 1168 3576 id
1203 3540 1338 3578 vero
1369 3533 1455 3578 est
1495 3523 1815 3578 dolendum.
1847 3522 1988 3588 Quid
2033 3525 2179 3578 enim
2229 3526 2435 3587 obstat,
2486 3524 2696 3579 morbis
2720 3536 2777 3579 et
2826 3533 3002 3580 morte
3047 3528 3290 3597 excrptis
3320 3530 3571 3598 (quorum
3612 3532 3735 3587 illos

490 3609 917 3678 intemperantia
956 3610 1296 3680 voluptatum
1332 3606 1495 3680 atque
1530 3610 1820 3664 libidinum
1848 3612 2218 3674 ctuuulamus.
2251 3613 2393 3667 hanc
2434 3628 2577 3682 saepe
2602 3612 2758 3680 quasi
2794 3612 3158 3683 refugientem
3191 3615 3332 3669 ultro
3358 3618 3733 3687 arcessimus).

484 3698 786 3765 quominus
825 3698 992 3753 etiam
1030 3697 1083 3751 in
1117 3699 1278 3753 terris
1311 3698 1496 3768 aliquo
1527 3698 1693 3754 tundo
1722 3698 1868 3753 beati
1912 3698 2118 3754 simus?
2149 3716 2272 3754 cum
2312 3700 2501 3754 divina
2531 3699 2838 3769 benignitas
2871 3700 2940 3753 ad
2972 3700 3180 3755 vietum
3209 3711 3264 3757 et
3303 3703 3508 3757 cultum
3543 3721 3735 3761 neces-

485 3785 627 3838 saria
668 3785 970 3840 liberaliter
1009 3786 1194 3838 omnia
1241 3786 1589 3854 suppeditet,
1622 3786 1786 3840 modo
1828 3795 1975 3840 recte
2010 3794 2295 3841 uteremur
2324 3796 2380 3841 et
2426 3786 2744 3840 humaniter
2777 3788 3330 3846 communicat-emus.
3381 3791 3519 3845 Nam
3567 3795 3738 3863 pesti-

486 3870 664 3926 lentia:
691 3872 912 3939 quidem
955 3884 1011 3927 et
1042 3873 1362 3927 sterilitates
1407 3884 1462 3927 et
1489 3883 1648 3927 terrae
1691 3883 1872 3927 motus
1904 3882 1960 3927 et
1997 3874 2272 3929 siccitates
2303 3882 2358 3928 et
2410 3871 2816 3932 inundationes.
2865 3882 2922 3925 et
2955 3873 3000 3926 si
3048 3889 3172 3942 qua:
3200 3885 3329 3929 sunt
3370 3877 3490 3946 ejus
3521 3880 3741 3947 generis

485 3957 589 4010 alia
633 3958 852 4027 publica
899 3960 1071 4022 mala,
1116 3960 1169 4014 in
1201 3961 1365 4014 unius
1396 3960 1636 4014 hominis
1664 3969 1879 4015 aetatem
1928 3960 2103 4015 rarius
2145 3960 2413 4014 incidunt.
2449 3959 2595 4013 Bella
2628 3974 2761 4013 vero
2800 3958 2947 4012 nulla
2990 3968 3200 4015 natura:
3254 3965 3604 4027 necessitate,
3636 3966 3737 4018 sed

486 4045 795 4111 hominum,
826 4061 1130 4116 eorumque
1170 4048 1479 4117 principum
1515 4058 1570 4102 et
1600 4064 1813 4118 regum,
1846 4065 1985 4117 (pios
2011 4049 2216 4101 virtute
2245 4057 2299 4098 et
2338 4045 2607 4113 sapientia
2633 4052 2895 4113 przestare
2924 4046 3135 4099 caeteris
3164 4055 3219 4099 et
3246 4048 3396 4101 cives
3427 4063 3560 4105 suos
3599 4051 3754 4116 reda

463 4134 619 4190 'dere
657 4135 849 4191 beatos
879 4135 1130 4196 decebat.
1172 4136 1256 4191 vel
1299 4135 1600 4191 ambitione
1628 4136 1710 4190 vel
1743 4136 2095 4190 zenntlatione
2126 4134 2208 4187 vel
2233 4133 2462 4187 avaritia
2491 4132 2578 4185 vel
2605 4131 2930 4186 crudelitate
2958 4132 3249 4195 exsistunt,
3275 4144 3333 4189 et
3358 4135 3518 4206 longe
3560 4139 3736 4209 majo-

486 4239 602 4278 rem
641 4224 907 4279 malorum
940 4222 1185 4278 omnium
1216 4223 1411 4279 molem
1442 4238 1631 4278 secum
1666 4224 1894 4276 trahunt
1922 4238 2084 4293 quam
2109 4239 2232 4292 quae
2265 4233 2482 4277 natura:
2518 4222 2677 4275 nobis
2707 4220 3003 4275 necessitas
3037 4220 3321 4291 imposuit.
3352 4223 3429 4279 Ne
3461 4241 3595 4281 vero
3630 4243 3738 4284 car-

486 4310 588 4365 teri
617 4327 717 4366 nos
747 4320 1036 4367 excusatos
1064 4300 1319 4382 putemus
1342 4349 1358 4374 ,
1392 4326 1675 4381 nunquam
1708 4309 1990 4380 principes
2021 4318 2203 4365 tantos
2236 4311 2383 4365 ciere
2419 4309 2692 4365 tumultus
2736 4316 2984 4378 possent,
3037 4308 3140 4363 nisi
3184 4310 3494 4379 inferiores,
3538 4314 3736 4371 iisdem

486 4402 695 4455 morbis
717 4401 1054 4466 laborantes,
1082 4402 1298 4458 illorum
1325 4401 1725 4472 cupiditatibus
1751 4417 1859 4455 non
1887 4400 2168 4456 ministros
2195 4397 2358 4453 modo
2389 4397 2486 4452 sed
2519 4396 2688 4452 duces
2714 4396 2880 4451 etiam
2912 4409 2970 4451 se
3004 4399 3315 4466 prazberent
3345 4415 3359 4450 :
3393 4401 3487 4469 qui
3518 4401 3741 4459 honesti

484 4486 691 4541 laboris
720 4488 843 4557 fuga
866 4495 926 4542 et
964 4488 1183 4543 scelesti
1219 4490 1318 4544 otii
1347 4490 1646 4559 cupiditate
1678 4488 1863 4543 divina
1894 4489 2264 4555 humanaque.
2284 4487 2409 4555 jura
2440 4484 2625 4538 omnia
2656 4483 2859 4538 violare
2904 4498 3013 4537 non
3051 4494 3336 4553 verentttr,
3376 4498 3435 4543 et
3482 4489 3739 4546 horribili

485 4574 671 4627 furore
696 4583 753 4628 et
779 4574 902 4642 plus
928 4590 1090 4642 quam
1120 4575 1362 4629 belluina
1389 4575 1731 4629 immanitate
1762 4585 2109 4644 grassantur;
2140 4589 2376 4641 cum'jue
2419 4570 2524 4640 ipsi
2573 4571 2797 4639 pessimi
2858 4570 2991 4632 sint,
3029 4570 3172 4626 bona
3203 4574 3370 4629 etiam
3405 4584 3501 4628 aut
3540 4576 3735 4630 saltem

389 4701 393 4705 .
486 4660 785 4715 mediocria
822 4659 1039 4729 ingenia
1076 4669 1470 4728 corrumpunt,
1506 4668 1600 4713 aut
1631 4668 1860 4713 caeteros
1890 4659 2109 4728 quietos
2134 4668 2190 4713 et
2223 4658 2548 4727 tranquillos
2592 4672 2713 4711 esse
2750 4671 2859 4710 non
2892 4657 3201 4725 patiuntur.
3233 4659 3445 4714 Stevum
3483 4660 3733 4730 profecto

484 4757 541 4802 et
570 4745 902 4802 horrendum
941 4754 1025 4801 est
1059 4744 1246 4800 Martis
1276 4746 1589 4814 imperium,
1623 4745 1717 4815 qui
1754 4745 1901 4799 ferro
1930 4753 1985 4799 et
2019 4745 2126 4815 igni
2152 4745 2343 4808 stevit;
2387 4744 2480 4799 sed
2516 4744 2679 4814 paulo
2711 4742 2899 4797 mitior
2923 4749 3009 4796 est
3034 4743 3288 4798 Hercurii
3330 4746 3600 4813 tyrannis.
3633 4749 3733 4815 qui

487 4836 642 4891 falsis
688 4834 997 4890 rationibus
1033 4842 1091 4889 et
1120 4832 1337 4889 callidis
1364 4833 1548 4887 verbis
1576 4833 1769 4888 miscet
1796 4832 2003 4897 omnia,
2045 4840 2102 4888 et
2144 4832 2251 4887 tela
2294 4831 2407 4886 fere
2436 4830 2748 4901 suppeditat
2779 4844 2903 4898 quze
2946 4829 3087 4883 Mars
3120 4832 3421 4899 ejacnletur
3453 4850 3466 4885 :
3507 4834 3737 4901 pessimi

488 4940 619 4980 sane
653 4924 958 4996 demagogi,
1001 4932 1063 4979 ut
1095 4922 1164 4979 ab
1208 4922 1500 4994 astrologis
1531 4919 1901 4992 appellantur.
1936 4936 1999 4977 ac
2043 4922 2227 4991 potius
2262 4921 2732 4991 κοσμοκράτορες.
2765 4918 2901 4972 Nam
2942 4918 3025 4971 vis
3056 4926 3113 4971 et
3153 4918 3455 4988 fraus,jure
3492 4929 3548 4974 et
3593 4921 3741 4975 veri-

492 5022 600 5066 tate
626 5012 930 5082 oppressis,
959 5012 1285 5081 plerumque
1314 5026 1496 5065 rerum
1529 5009 1837 5080 potiuntur.
1868 5009 2023 5075 Quod
2052 5010 2153 5064 etsi
2188 5008 2261 5063 ita
2294 5010 2347 5063 in
2383 5017 2637 5078 promptu
2670 5015 2777 5067 est,
2812 5017 2872 5059 ut
2898 5004 3137 5073 optabile
3167 5007 3238 5058 sit
3269 5008 3737 5070 esse'obscurins.

490 5110 670 5155 tamen
712 5100 900 5155 nescio
929 5116 1040 5169 quo
1071 5099 1237 5156 modo
1261 5099 1500 5154 lectione
1526 5098 1883 5151 historiarum
1918 5097 2090 5166 magis
2115 5098 2334 5151 animus
2366 5104 2747 5149 commmetur
2780 5104 2837 5148 et
2865 5091 2933 5146 ad
2973 5092 3432 5148 considerandam
3473 5096 3598 5149 vitat
3634 5097 3740 5149 hu-

491 5204 660 5242 tnanzr
686 5187 801 5241 sive
819 5186 1390 5257 comico-tragoediam
1408 5185 1522 5240 sive
1551 5184 2111 5255 tragico-committam
2129 5192 2185 5239 et
2212 5183 2488 5237 miseriam
2518 5180 2681 5235 simul
2708 5189 2764 5234 et
2788 5178 3084 5232 vanitatem
3113 5178 3415 5248 impellitur
3440 5194 3453 5233 :
3485 5180 3608 5251 qua:
3641 5201 3741 5239 nos

489 5277 557 5331 ad
586 5276 750 5330 aliam
768 5275 958 5339 vitam,
975 5274 1077 5344 piis
1093 5274 1361 5329 divinitus
1376 5275 1723 5343 promissam,
1738 5271 1929 5341 majori
1948 5272 2129 5326 Studio
2153 5283 2208 5327 et
2224 5269 2632 5325 ardentiorilms
2650 5267 2791 5321 votis
2812 5268 3173 5333 expetendam
3190 5266 3430 5337 excitare
3445 5269 3747 5340 debebant,

490 5375 547 5421 et
566 5364 695 5419 dum
715 5362 805 5418 hic
819 5377 1031 5426 sumus,
1062 5363 1228 5418 etiam
1247 5361 1645 5430 diligentiores,
1668 5360 2055 5430 pr’udentiores
2082 5369 2137 5413 et
2174 5356 2571 5411 moderatiores
2590 5354 2827 5408 efﬁcere.
2854 5350 2988 5405 Nam
3027 5352 3264 5423 tragicos
3303 5369 3488 5418 casus.
3508 5373 3745 5427 quorum

492 5454 667 5524 plene
683 5450 1090 5515 sunthistoria’,
1108 5450 1191 5505 vel
1221 5465 1286 5504 ex
1319 5447 1575 5518 superbia
1604 5458 1662 5505 et
1691 5448 2013 5510 ambitione,
2040 5446 2126 5501 vel
2150 5461 2219 5499 ex
2253 5443 2581 5513 negligentia
2609 5454 2664 5494 ct
2695 5438 3028 5502 temeritate,
3049 5441 3132 5495 vel
3161 5456 3226 5495 ex
3253 5442 3422 5498 animi
3443 5445 3671 5500 libidine
3687 5457 3746 5501 et

491 5538 764 5610 injuslitia
778 5545 959 5594 ortum
979 5536 1232 5605 habuisse
1254 5536 1369 5592 fere
1390 5544 1635 5600 constat;
1662 5548 1967 5605 perpaucos
1981 5532 2333 5597 autem,dum
2365 5529 2543 5585 ollicio
2562 5528 2945 5595 fungerentur,
2980 5527 3291 5600 impegisse.
3324 5531 3495 5603 Cujus
3524 5533 3601 5587 rei
3636 5533 3743 5586 Zo-

493 5636 856 5681 narasnoster
879 5625 1128 5695 exempla
1156 5639 1295 5696 pene
1330 5624 1638 5686 innumera,
1672 5626 1726 5676 in
1756 5631 2031 5691 postremo
2060 5630 2210 5675 tomo
2243 5618 2544 5688 pravsertim
2578 5615 2805 5685 (absque
2830 5627 2941 5681 quo
2977 5613 3021 5667 si
3053 5624 3220 5680 esset,
3248 5619 3617 5686 posteriorum
3642 5619 3745 5673 im-

499 5723 811 5774 peratorum
855 5729 946 5770 res
976 5722 1158 5780 gestas
1186 5727 1379 5780 magna
1396 5727 1461 5768 ex
1494 5720 1649 5780 parte
1676 5707 2075 5781 ignoraremus)
2099 5705 2424 5778 compendio
2464 5701 2742 5774 proponit.
2777 5698 2834 5755 In
2868 5715 2979 5770 qtto
3005 5704 3110 5759 etsi
3156 5704 3248 5761 alii
3280 5706 3386 5762 alia
3428 5706 3742 5763 desiderare
