  <div class='ocr_page' id='page_1' title='image "/cluster/home/n/w/nwhite01/storage/ocr_20150623/134/hvd.32044073502510/022.png"; bbox 0 0 4042 6212; ppageno 0'>
   <div class='ocr_carea' id='block_1_1' title="bbox 315 290 3569 362">
    <p class='ocr_par' dir='ltr' id='par_1_1' title="bbox 315 290 3569 362">
     <span class='ocr_line' id='line_1_1' title="bbox 315 290 3569 362; baseline -0.001 -8"><span class='ocrx_word' id='word_1_1' title='bbox 315 294 394 355; x_wconf 78' lang='lat'><strong>33</strong></span> <span class='ocrx_word' id='word_1_2' title='bbox 1741 290 2161 351; x_wconf 55' lang='lat' dir='ltr'><strong>PRIEFATIU.</strong></span> <span class='ocrx_word' id='word_1_3' title='bbox 3494 298 3569 362; x_wconf 75' lang='grc'><strong>34</strong></span> 
     </span>
    </p>
   </div>
   <div class='ocr_carea' id='block_1_2' title="bbox 311 403 3584 479">
    <p class='ocr_par' dir='ltr' id='par_1_2' title="bbox 311 403 3584 479">
     <span class='ocr_line' id='line_1_2' title="bbox 311 403 3584 479; baseline 0.003 -21"><span class='ocrx_word' id='word_1_4' title='bbox 311 413 548 478; x_wconf 77' lang='lat' dir='ltr'><strong>possunt</strong></span> <span class='ocrx_word' id='word_1_5' title='bbox 579 403 727 476; x_wconf 85' lang='lat' dir='ltr'><strong>{quis</strong></span> <span class='ocrx_word' id='word_1_6' title='bbox 753 404 902 460; x_wconf 85' lang='lat' dir='ltr'><strong>enim</strong></span> <span class='ocrx_word' id='word_1_7' title='bbox 929 405 1228 460; x_wconf 89' lang='lat' dir='ltr'><strong>satisfaciat</strong></span> <span class='ocrx_word' id='word_1_8' title='bbox 1263 403 1602 471; x_wconf 84' lang='lat' dir='ltr'><strong>omnibus?),</strong></span> <span class='ocrx_word' id='word_1_9' title='bbox 1637 411 1818 458; x_wconf 90' lang='lat' dir='ltr'><strong>tamen</strong></span> <span class='ocrx_word' id='word_1_10' title='bbox 1857 414 2087 459; x_wconf 80' lang='lat' dir='ltr'><strong>conatus</strong></span> <span class='ocrx_word' id='word_1_11' title='bbox 2121 406 2241 476; x_wconf 89' lang='lat' dir='ltr'><strong>ejus</strong></span> <span class='ocrx_word' id='word_1_12' title='bbox 2271 405 2526 478; x_wconf 86' lang='lat' dir='ltr'><strong>egregius</strong></span> <span class='ocrx_word' id='word_1_13' title='bbox 2549 413 2714 475; x_wconf 91' lang='lat' dir='ltr'><strong>atque</strong></span> <span class='ocrx_word' id='word_1_14' title='bbox 2744 407 3056 463; x_wconf 92' lang='lat' dir='ltr'><strong>institutum</strong></span> <span class='ocrx_word' id='word_1_15' title='bbox 3090 409 3412 479; x_wconf 81' lang='lat' dir='ltr'><strong>praeclarum</strong></span> <span class='ocrx_word' id='word_1_16' title='bbox 3443 412 3548 466; x_wconf 90' lang='lat' dir='ltr'><strong>fuit</strong></span> <span class='ocrx_word' id='word_1_17' title='bbox 3569 455 3584 476; x_wconf 86' lang='lat'><strong>,</strong></span> 
     </span>
    </p>
   </div>
   <div class='ocr_carea' id='block_1_3' title="bbox 309 492 3588 564">
    <p class='ocr_par' dir='ltr' id='par_1_3' title="bbox 309 492 3588 564">
     <span class='ocr_line' id='line_1_3' title="bbox 309 492 3588 564; baseline 0.002 -17"><span class='ocrx_word' id='word_1_18' title='bbox 309 503 521 548; x_wconf 79' lang='lat' dir='ltr'><strong>certam</strong></span> <span class='ocrx_word' id='word_1_19' title='bbox 559 492 853 562; x_wconf 82' lang='lat' dir='ltr'><strong>quamdam</strong></span> <span class='ocrx_word' id='word_1_20' title='bbox 900 493 1142 547; x_wconf 71' lang='lat' dir='ltr'><strong>htstorim</strong></span> <span class='ocrx_word' id='word_1_21' title='bbox 1174 493 1330 562; x_wconf 91' lang='lat' dir='ltr'><strong>quasi</strong></span> <span class='ocrx_word' id='word_1_22' title='bbox 1369 492 1717 562; x_wconf 88' lang='lat' dir='ltr'><strong>disciplinam</strong></span> <span class='ocrx_word' id='word_1_23' title='bbox 1758 493 2159 558; x_wconf 88' lang='lat' dir='ltr'><strong>constituendi,</strong></span> <span class='ocrx_word' id='word_1_24' title='bbox 2190 501 2246 546; x_wconf 88' lang='lat' dir='ltr'><strong>et</strong></span> <span class='ocrx_word' id='word_1_25' title='bbox 2275 493 2519 563; x_wconf 90' lang='lat' dir='ltr'><strong>dispersa</strong></span> <span class='ocrx_word' id='word_1_26' title='bbox 2554 494 2608 548; x_wconf 92' lang='lat' dir='ltr'><strong>in</strong></span> <span class='ocrx_word' id='word_1_27' title='bbox 2645 495 2896 564; x_wconf 85' lang='lat' dir='ltr'><strong>plurimis</strong></span> <span class='ocrx_word' id='word_1_28' title='bbox 2927 497 3300 552; x_wconf 69' lang='lat' dir='ltr'><strong>voluminibus</strong></span> <span class='ocrx_word' id='word_1_29' title='bbox 3339 501 3588 556; x_wconf 86' lang='lat' dir='ltr'><strong>membra</strong></span> 
     </span>
    </p>
   </div>
   <div class='ocr_carea' id='block_1_4' title="bbox 307 579 3588 655">
    <p class='ocr_par' dir='ltr' id='par_1_4' title="bbox 307 579 3588 655">
     <span class='ocr_line' id='line_1_4' title="bbox 307 579 3588 655; baseline 0.003 -23"><span class='ocrx_word' id='word_1_30' title='bbox 307 593 367 636; x_wconf 88' lang='lat' dir='ltr'><strong>et</strong></span> <span class='ocrx_word' id='word_1_31' title='bbox 405 591 590 649; x_wconf 86' lang='lat' dir='ltr'><strong>partes</strong></span> <span class='ocrx_word' id='word_1_32' title='bbox 619 581 739 650; x_wconf 87' lang='lat' dir='ltr'><strong>ejus</strong></span> <span class='ocrx_word' id='word_1_33' title='bbox 771 580 824 633; x_wconf 92' lang='lat' dir='ltr'><strong>in</strong></span> <span class='ocrx_word' id='word_1_34' title='bbox 855 596 1024 632; x_wconf 90' lang='lat' dir='ltr'><strong>unum</strong></span> <span class='ocrx_word' id='word_1_35' title='bbox 1057 580 1333 649; x_wconf 83' lang='lat' dir='ltr'><strong>quoddam</strong></span> <span class='ocrx_word' id='word_1_36' title='bbox 1374 594 1579 649; x_wconf 90' lang='lat' dir='ltr'><strong>corpus</strong></span> <span class='ocrx_word' id='word_1_37' title='bbox 1611 579 1916 649; x_wconf 84' lang='lat' dir='ltr'><strong>redigendi,</strong></span> <span class='ocrx_word' id='word_1_38' title='bbox 1948 595 2012 633; x_wconf 92' lang='lat' dir='ltr'><strong>ea</strong></span> <span class='ocrx_word' id='word_1_39' title='bbox 2040 580 2418 635; x_wconf 69' lang='lat' dir='ltr'><strong>moderatione</strong></span> <span class='ocrx_word' id='word_1_40' title='bbox 2453 582 2720 644; x_wconf 90' lang='lat' dir='ltr'><strong>adhibita,</strong></span> <span class='ocrx_word' id='word_1_41' title='bbox 2754 592 2814 635; x_wconf 91' lang='lat' dir='ltr'><strong>ut</strong></span> <span class='ocrx_word' id='word_1_42' title='bbox 2844 583 3019 637; x_wconf 91' lang='lat' dir='ltr'><strong>instar</strong></span> <span class='ocrx_word' id='word_1_43' title='bbox 3047 585 3182 638; x_wconf 89' lang='lat' dir='ltr'><strong>lauti</strong></span> <span class='ocrx_word' id='word_1_44' title='bbox 3222 586 3394 654; x_wconf 84' lang='lat' dir='ltr'><strong>magis</strong></span> <span class='ocrx_word' id='word_1_45' title='bbox 3423 602 3588 655; x_wconf 89' lang='lat' dir='ltr'><strong>quam</strong></span> 
     </span>
    </p>
   </div>
   <div class='ocr_carea' id='block_1_5' title="bbox 305 667 3587 738">
    <p class='ocr_par' dir='ltr' id='par_1_5' title="bbox 305 667 3587 738">
     <span class='ocr_line' id='line_1_5' title="bbox 305 667 3587 738; baseline 0.003 -18"><span class='ocrx_word' id='word_1_46' title='bbox 305 668 525 738; x_wconf 74' lang='lat' dir='ltr'><strong>copiosi</strong></span> <span class='ocrx_word' id='word_1_47' title='bbox 561 668 933 726; x_wconf 84' lang='lat' dir='ltr'><strong>convivatoris</strong></span> <span class='ocrx_word' id='word_1_48' title='bbox 962 667 1167 736; x_wconf 90' lang='lat' dir='ltr'><strong>optima</strong></span> <span class='ocrx_word' id='word_1_49' title='bbox 1210 669 1394 736; x_wconf 88' lang='lat' dir='ltr'><strong>potius</strong></span> <span class='ocrx_word' id='word_1_50' title='bbox 1435 683 1599 737; x_wconf 89' lang='lat' dir='ltr'><strong>quam</strong></span> <span class='ocrx_word' id='word_1_51' title='bbox 1649 667 1888 736; x_wconf 91' lang='lat' dir='ltr'><strong>plurima</strong></span> <span class='ocrx_word' id='word_1_52' title='bbox 1920 680 2239 738; x_wconf 88' lang='lat' dir='ltr'><strong>apponeret,</strong></span> <span class='ocrx_word' id='word_1_53' title='bbox 2281 686 2381 725; x_wconf 90' lang='lat' dir='ltr'><strong>nec</strong></span> <span class='ocrx_word' id='word_1_54' title='bbox 2413 672 2672 726; x_wconf 85' lang='lat' dir='ltr'><strong>convivas</strong></span> <span class='ocrx_word' id='word_1_55' title='bbox 2701 687 2824 725; x_wconf 86' lang='lat' dir='ltr'><strong>cum</strong></span> <span class='ocrx_word' id='word_1_56' title='bbox 2858 672 3078 727; x_wconf 89' lang='lat' dir='ltr'><strong>fastidio</strong></span> <span class='ocrx_word' id='word_1_57' title='bbox 3112 673 3454 735; x_wconf 84' lang='lat' dir='ltr'><strong>dimitteret.</strong></span> <span class='ocrx_word' id='word_1_58' title='bbox 3489 676 3587 729; x_wconf 90' lang='lat' dir='ltr'><strong>sed</strong></span> 
     </span>
    </p>
   </div>
   <div class='ocr_carea' id='block_1_6' title="bbox 309 755 3584 832">
    <p class='ocr_par' dir='ltr' id='par_1_6' title="bbox 309 755 3584 832">
     <span class='ocr_line' id='line_1_6' title="bbox 309 755 3584 832; baseline 0.002 -24"><span class='ocrx_word' id='word_1_59' title='bbox 309 757 384 810; x_wconf 83' lang='lat' dir='ltr'><strong>ita</strong></span> <span class='ocrx_word' id='word_1_60' title='bbox 422 757 676 821; x_wconf 75' lang='lat' dir='ltr'><strong>affectos,</strong></span> <span class='ocrx_word' id='word_1_61' title='bbox 705 765 765 810; x_wconf 90' lang='lat' dir='ltr'><strong>ut</strong></span> <span class='ocrx_word' id='word_1_62' title='bbox 797 757 1150 810; x_wconf 89' lang='lat' dir='ltr'><strong>Timotheum</strong></span> <span class='ocrx_word' id='word_1_63' title='bbox 1189 755 1257 810; x_wconf 91' lang='lat' dir='ltr'><strong>de</strong></span> <span class='ocrx_word' id='word_1_64' title='bbox 1297 757 1524 811; x_wconf 88' lang='lat' dir='ltr'><strong>Platone</strong></span> <span class='ocrx_word' id='word_1_65' title='bbox 1557 756 1761 810; x_wconf 80' lang='lat' dir='ltr'><strong>dixisse</strong></span> <span class='ocrx_word' id='word_1_66' title='bbox 1797 757 2000 819; x_wconf 87' lang='lat' dir='ltr'><strong>ferunt,</strong></span> <span class='ocrx_word' id='word_1_67' title='bbox 2028 771 2215 810; x_wconf 86' lang='lat' dir='ltr'><strong>coenas</strong></span> <span class='ocrx_word' id='word_1_68' title='bbox 2237 759 2358 828; x_wconf 86' lang='lat' dir='ltr'><strong>ejus</strong></span> <span class='ocrx_word' id='word_1_69' title='bbox 2386 760 2552 811; x_wconf 90' lang='lat' dir='ltr'><strong>etiam</strong></span> <span class='ocrx_word' id='word_1_70' title='bbox 2585 759 2850 827; x_wconf 88' lang='lat' dir='ltr'><strong>postridie</strong></span> <span class='ocrx_word' id='word_1_71' title='bbox 2879 759 3169 814; x_wconf 80' lang='lat' dir='ltr'><strong>delectare.</strong></span> <span class='ocrx_word' id='word_1_72' title='bbox 3204 762 3410 832; x_wconf 87' lang='lat' dir='ltr'><strong>Delegit</strong></span> <span class='ocrx_word' id='word_1_73' title='bbox 3437 763 3584 816; x_wconf 89' lang='lat' dir='ltr'><strong>enim</strong></span> 
     </span>
    </p>
   </div>
   <div class='ocr_carea' id='block_1_7' title="bbox 303 843 3576 916">
    <p class='ocr_par' dir='ltr' id='par_1_7' title="bbox 303 843 3576 916">
     <span class='ocr_line' id='line_1_7' title="bbox 303 843 3576 916; baseline 0.002 -18"><span class='ocrx_word' id='word_1_74' title='bbox 303 845 417 898; x_wconf 77' lang='lat' dir='ltr'><strong>sibi</strong></span> <span class='ocrx_word' id='word_1_75' title='bbox 457 862 569 897; x_wconf 90' lang='lat' dir='ltr'><strong>non</strong></span> <span class='ocrx_word' id='word_1_76' title='bbox 601 847 868 910; x_wconf 72' lang='lat' dir='ltr'><strong>omnium.</strong></span> <span class='ocrx_word' id='word_1_77' title='bbox 901 845 993 898; x_wconf 88' lang='lat' dir='ltr'><strong>sed</strong></span> <span class='ocrx_word' id='word_1_78' title='bbox 1026 846 1427 914; x_wconf 74' lang='lat' dir='ltr'><strong>przecipuarum</strong></span> <span class='ocrx_word' id='word_1_79' title='bbox 1452 843 1696 913; x_wconf 89' lang='lat' dir='ltr'><strong>gentium</strong></span> <span class='ocrx_word' id='word_1_80' title='bbox 1730 843 2010 903; x_wconf 71' lang='lat' dir='ltr'><strong>historias,</strong></span> <span class='ocrx_word' id='word_1_81' title='bbox 2043 859 2222 912; x_wconf 86' lang='lat' dir='ltr'><strong>neque</strong></span> <span class='ocrx_word' id='word_1_82' title='bbox 2253 860 2347 898; x_wconf 85' lang='lat' dir='ltr'><strong>eas</strong></span> <span class='ocrx_word' id='word_1_83' title='bbox 2378 861 2589 911; x_wconf 89' lang='lat' dir='ltr'><strong>omnes,</strong></span> <span class='ocrx_word' id='word_1_84' title='bbox 2621 847 2716 899; x_wconf 91' lang='lat' dir='ltr'><strong>sed</strong></span> <span class='ocrx_word' id='word_1_85' title='bbox 2745 847 2828 899; x_wconf 92' lang='lat' dir='ltr'><strong>vel</strong></span> <span class='ocrx_word' id='word_1_86' title='bbox 2861 847 3165 916; x_wconf 87' lang='lat' dir='ltr'><strong>praecipuas</strong></span> <span class='ocrx_word' id='word_1_87' title='bbox 3196 848 3460 903; x_wconf 80' lang='lat' dir='ltr'><strong>duntaxat</strong></span> <span class='ocrx_word' id='word_1_88' title='bbox 3490 851 3576 904; x_wconf 89' lang='lat' dir='ltr'><strong>vel</strong></span> 
     </span>
    </p>
   </div>
   <div class='ocr_carea' id='block_1_8' title="bbox 298 930 3574 1005">
    <p class='ocr_par' dir='ltr' id='par_1_8' title="bbox 298 930 3574 1005">
     <span class='ocr_line' id='line_1_8' title="bbox 298 930 3574 1005; baseline 0.002 -23"><span class='ocrx_word' id='word_1_89' title='bbox 298 948 407 984; x_wconf 72' lang='lat' dir='ltr'><strong>cas</strong></span> <span class='ocrx_word' id='word_1_90' title='bbox 444 948 569 1000; x_wconf 80' lang='lat' dir='ltr'><strong>qua:</strong></span> <span class='ocrx_word' id='word_1_91' title='bbox 602 932 666 985; x_wconf 93' lang='lat' dir='ltr'><strong>ad</strong></span> <span class='ocrx_word' id='word_1_92' title='bbox 704 933 952 986; x_wconf 67' lang='lat' dir='ltr'><strong>ecclesiae</strong></span> <span class='ocrx_word' id='word_1_93' title='bbox 997 933 1196 987; x_wconf 88' lang='lat' dir='ltr'><strong>seriem</strong></span> <span class='ocrx_word' id='word_1_94' title='bbox 1242 930 1691 1000; x_wconf 87' lang='lat' dir='ltr'><strong>perspiciendam</strong></span> <span class='ocrx_word' id='word_1_95' title='bbox 1739 931 1916 983; x_wconf 85' lang='lat' dir='ltr'><strong>facere</strong></span> <span class='ocrx_word' id='word_1_96' title='bbox 1949 931 2296 997; x_wconf 83' lang='lat' dir='ltr'><strong>videbantur,</strong></span> <span class='ocrx_word' id='word_1_97' title='bbox 2340 933 2573 986; x_wconf 89' lang='lat' dir='ltr'><strong>consilio</strong></span> <span class='ocrx_word' id='word_1_98' title='bbox 2601 933 2922 1002; x_wconf 88' lang='lat' dir='ltr'><strong>judicioqne</strong></span> <span class='ocrx_word' id='word_1_99' title='bbox 2963 949 3084 988; x_wconf 92' lang='lat' dir='ltr'><strong>suo.</strong></span> <span class='ocrx_word' id='word_1_100' title='bbox 3119 935 3275 1000; x_wconf 83' lang='lat' dir='ltr'><strong>Quod</strong></span> <span class='ocrx_word' id='word_1_101' title='bbox 3305 937 3418 991; x_wconf 82' lang='lat' dir='ltr'><strong>sive</strong></span> <span class='ocrx_word' id='word_1_102' title='bbox 3449 951 3574 1005; x_wconf 91' lang='lat' dir='ltr'><strong>pro-</strong></span> 
     </span>
    </p>
   </div>
   <div class='ocr_carea' id='block_1_9' title="bbox 303 1009 3583 1090">
    <p class='ocr_par' dir='ltr' id='par_1_9' title="bbox 303 1009 3583 1090">
     <span class='ocr_line' id='line_1_9' title="bbox 303 1009 3583 1090; baseline 0.002 -19"><span class='ocrx_word' id='word_1_103' title='bbox 303 1020 461 1072; x_wconf 81' lang='lat' dir='ltr'><strong>barit</strong></span> <span class='ocrx_word' id='word_1_104' title='bbox 491 1021 606 1072; x_wconf 83' lang='lat' dir='ltr'><strong>sive</strong></span> <span class='ocrx_word' id='word_1_105' title='bbox 635 1035 742 1072; x_wconf 91' lang='lat' dir='ltr'><strong>non</strong></span> <span class='ocrx_word' id='word_1_106' title='bbox 771 1019 1022 1088; x_wconf 90' lang='lat' dir='ltr'><strong>probarit</strong></span> <span class='ocrx_word' id='word_1_107' title='bbox 1051 1020 1331 1081; x_wconf 87' lang='lat' dir='ltr'><strong>omnibus,</strong></span> <span class='ocrx_word' id='word_1_108' title='bbox 1361 1020 1464 1073; x_wconf 90' lang='lat' dir='ltr'><strong>hoc</strong></span> <span class='ocrx_word' id='word_1_109' title='bbox 1491 1019 1566 1072; x_wconf 91' lang='lat' dir='ltr'><strong>illi</strong></span> <span class='ocrx_word' id='word_1_110' title='bbox 1593 1034 1719 1071; x_wconf 90' lang='lat' dir='ltr'><strong>cum</strong></span> <span class='ocrx_word' id='word_1_111' title='bbox 1751 1009 2119 1080; x_wconf 84' lang='lat' dir='ltr'><strong>multis,illud</strong></span> <span class='ocrx_word' id='word_1_112' title='bbox 2153 1036 2275 1073; x_wconf 89' lang='lat' dir='ltr'><strong>cum</strong></span> <span class='ocrx_word' id='word_1_113' title='bbox 2310 1021 2658 1088; x_wconf 83' lang='lat' dir='ltr'><strong>paucissimis</strong></span> <span class='ocrx_word' id='word_1_114' title='bbox 2679 1021 3060 1090; x_wconf 81' lang='lat' dir='ltr'><strong>scriptoribus,</strong></span> <span class='ocrx_word' id='word_1_115' title='bbox 3089 1037 3156 1075; x_wconf 89' lang='lat' dir='ltr'><strong>ne</strong></span> <span class='ocrx_word' id='word_1_116' title='bbox 3182 1022 3360 1078; x_wconf 78' lang='lat' dir='ltr'><strong>dicam</strong></span> <span class='ocrx_word' id='word_1_117' title='bbox 3395 1024 3583 1090; x_wconf 89' lang='lat' dir='ltr'><strong>nullis,</strong></span> 
     </span>
    </p>
   </div>
   <div class='ocr_carea' id='block_1_10' title="bbox 301 1107 3581 1179">
    <p class='ocr_par' dir='ltr' id='par_1_10' title="bbox 301 1107 3581 1179">
     <span class='ocr_line' id='line_1_10' title="bbox 301 1107 3581 1179; baseline 0.002 -22"><span class='ocrx_word' id='word_1_118' title='bbox 301 1123 609 1160; x_wconf 77' lang='lat' dir='ltr'><strong>commune</strong></span> <span class='ocrx_word' id='word_1_119' title='bbox 642 1107 767 1161; x_wconf 88' lang='lat' dir='ltr'><strong>erit.</strong></span> <span class='ocrx_word' id='word_1_120' title='bbox 806 1109 861 1162; x_wconf 89' lang='lat' dir='ltr'><strong>lu</strong></span> <span class='ocrx_word' id='word_1_121' title='bbox 896 1109 1035 1162; x_wconf 90' lang='lat' dir='ltr'><strong>bona</strong></span> <span class='ocrx_word' id='word_1_122' title='bbox 1079 1117 1257 1162; x_wconf 89' lang='lat' dir='ltr'><strong>tamen</strong></span> <span class='ocrx_word' id='word_1_123' title='bbox 1293 1123 1388 1177; x_wconf 87' lang='lat' dir='ltr'><strong>spe</strong></span> <span class='ocrx_word' id='word_1_124' title='bbox 1429 1123 1574 1171; x_wconf 90' lang='lat' dir='ltr'><strong>sum,</strong></span> <span class='ocrx_word' id='word_1_125' title='bbox 1606 1107 1726 1161; x_wconf 89' lang='lat' dir='ltr'><strong>fore</strong></span> <span class='ocrx_word' id='word_1_126' title='bbox 1753 1107 1938 1176; x_wconf 81' lang='lat' dir='ltr'><strong>plures</strong></span> <span class='ocrx_word' id='word_1_127' title='bbox 1972 1108 2062 1176; x_wconf 87' lang='lat' dir='ltr'><strong>qui</strong></span> <span class='ocrx_word' id='word_1_128' title='bbox 2091 1107 2244 1161; x_wconf 91' lang='lat' dir='ltr'><strong>avidc</strong></span> <span class='ocrx_word' id='word_1_129' title='bbox 2269 1107 2548 1176; x_wconf 77' lang='lat' dir='ltr'><strong>accepturi</strong></span> <span class='ocrx_word' id='word_1_130' title='bbox 2581 1116 2636 1162; x_wconf 89' lang='lat' dir='ltr'><strong>et</strong></span> <span class='ocrx_word' id='word_1_131' title='bbox 2667 1109 2840 1176; x_wconf 84' lang='lat' dir='ltr'><strong>gratis</strong></span> <span class='ocrx_word' id='word_1_132' title='bbox 2870 1109 3070 1162; x_wconf 88' lang='lat' dir='ltr'><strong>animis</strong></span> <span class='ocrx_word' id='word_1_133' title='bbox 3101 1109 3206 1163; x_wconf 92' lang='lat' dir='ltr'><strong>hoc</strong></span> <span class='ocrx_word' id='word_1_134' title='bbox 3239 1124 3379 1178; x_wconf 91' lang='lat' dir='ltr'><strong>opus</strong></span> <span class='ocrx_word' id='word_1_135' title='bbox 3407 1111 3581 1179; x_wconf 89' lang='lat' dir='ltr'><strong>pelle-</strong></span> 
     </span>
    </p>
   </div>
   <div class='ocr_carea' id='block_1_11' title="bbox 299 1193 3587 1266">
    <p class='ocr_par' dir='ltr' id='par_1_11' title="bbox 299 1193 3587 1266">
     <span class='ocr_line' id='line_1_11' title="bbox 299 1193 3587 1266; baseline 0.002 -21"><span class='ocrx_word' id='word_1_136' title='bbox 299 1196 455 1246; x_wconf 70' lang='lat' dir='ltr'><strong>cturi</strong></span> <span class='ocrx_word' id='word_1_137' title='bbox 490 1195 624 1256; x_wconf 85' lang='lat' dir='ltr'><strong>sint,</strong></span> <span class='ocrx_word' id='word_1_138' title='bbox 659 1210 822 1263; x_wconf 85' lang='lat' dir='ltr'><strong>quam</strong></span> <span class='ocrx_word' id='word_1_139' title='bbox 863 1197 955 1263; x_wconf 91' lang='lat' dir='ltr'><strong>qui</strong></span> <span class='ocrx_word' id='word_1_140' title='bbox 986 1195 1361 1265; x_wconf 86' lang='lat' dir='ltr'><strong>eontempturi</strong></span> <span class='ocrx_word' id='word_1_141' title='bbox 1400 1205 1494 1248; x_wconf 89' lang='lat' dir='ltr'><strong>aut</strong></span> <span class='ocrx_word' id='word_1_142' title='bbox 1534 1194 1946 1249; x_wconf 90' lang='lat' dir='ltr'><strong>calumniaturi.</strong></span> <span class='ocrx_word' id='word_1_143' title='bbox 1985 1193 2325 1249; x_wconf 82' lang='lat' dir='ltr'><strong>Morosorum</strong></span> <span class='ocrx_word' id='word_1_144' title='bbox 2367 1211 2500 1248; x_wconf 86' lang='lat' dir='ltr'><strong>vero</strong></span> <span class='ocrx_word' id='word_1_145' title='bbox 2549 1204 2605 1248; x_wconf 91' lang='lat' dir='ltr'><strong>et</strong></span> <span class='ocrx_word' id='word_1_146' title='bbox 2657 1194 3096 1251; x_wconf 85' lang='lat' dir='ltr'><strong>obtrectatorum</strong></span> <span class='ocrx_word' id='word_1_147' title='bbox 3128 1197 3382 1266; x_wconf 87' lang='lat' dir='ltr'><strong>querelas</strong></span> <span class='ocrx_word' id='word_1_148' title='bbox 3421 1207 3587 1266; x_wconf 85' lang='lat' dir='ltr'><strong>atque</strong></span> 
     </span>
    </p>
   </div>
   <div class='ocr_carea' id='block_1_12' title="bbox 303 1281 3588 1353">
    <p class='ocr_par' dir='ltr' id='par_1_12' title="bbox 303 1281 3588 1353">
     <span class='ocr_line' id='line_1_12' title="bbox 303 1281 3588 1353; baseline 0.002 -22"><span class='ocrx_word' id='word_1_149' title='bbox 303 1282 540 1333; x_wconf 78' lang='lat' dir='ltr'><strong>aculeos</strong></span> <span class='ocrx_word' id='word_1_150' title='bbox 570 1281 695 1348; x_wconf 83' lang='lat' dir='ltr'><strong>quis</strong></span> <span class='ocrx_word' id='word_1_151' title='bbox 731 1281 1018 1334; x_wconf 87' lang='lat' dir='ltr'><strong>hominum</strong></span> <span class='ocrx_word' id='word_1_152' title='bbox 1054 1282 1354 1336; x_wconf 89' lang='lat' dir='ltr'><strong>deorumve</strong></span> <span class='ocrx_word' id='word_1_153' title='bbox 1381 1283 1642 1352; x_wconf 75' lang='lat' dir='ltr'><strong>effugiat?</strong></span> <span class='ocrx_word' id='word_1_154' title='bbox 1673 1283 1899 1352; x_wconf 85' lang='lat' dir='ltr'><strong>quibus,</strong></span> <span class='ocrx_word' id='word_1_155' title='bbox 1929 1281 2030 1336; x_wconf 88' lang='lat' dir='ltr'><strong>nisi</strong></span> <span class='ocrx_word' id='word_1_156' title='bbox 2065 1282 2210 1349; x_wconf 88' lang='lat' dir='ltr'><strong>quod</strong></span> <span class='ocrx_word' id='word_1_157' title='bbox 2242 1281 2342 1349; x_wconf 74' lang='lat' dir='ltr'><strong>ipsn</strong></span> <span class='ocrx_word' id='word_1_158' title='bbox 2380 1281 2648 1345; x_wconf 89' lang='lat' dir='ltr'><strong>fecerunt,</strong></span> <span class='ocrx_word' id='word_1_159' title='bbox 2689 1281 2826 1335; x_wconf 81' lang='lat' dir='ltr'><strong>nihil</strong></span> <span class='ocrx_word' id='word_1_160' title='bbox 2860 1282 3040 1350; x_wconf 81' lang='lat' dir='ltr'><strong>placet</strong></span> <span class='ocrx_word' id='word_1_161' title='bbox 3069 1297 3080 1332; x_wconf 93' lang='lat'><strong>:</strong></span> <span class='ocrx_word' id='word_1_162' title='bbox 3115 1297 3180 1336; x_wconf 92' lang='lat' dir='ltr'><strong>ac</strong></span> <span class='ocrx_word' id='word_1_163' title='bbox 3206 1297 3276 1337; x_wconf 87' lang='lat' dir='ltr'><strong>ne</strong></span> <span class='ocrx_word' id='word_1_164' title='bbox 3318 1283 3424 1352; x_wconf 85' lang='lat' dir='ltr'><strong>ipsi</strong></span> <span class='ocrx_word' id='word_1_165' title='bbox 3458 1284 3588 1353; x_wconf 90' lang='lat' dir='ltr'><strong>qui-</strong></span> 
     </span>
    </p>
   </div>
   <div class='ocr_carea' id='block_1_13' title="bbox 299 1367 3582 1440">
    <p class='ocr_par' dir='ltr' id='par_1_13' title="bbox 299 1367 3582 1440">
     <span class='ocr_line' id='line_1_13' title="bbox 299 1367 3582 1440; baseline 0.002 -20"><span class='ocrx_word' id='word_1_166' title='bbox 299 1370 438 1421; x_wconf 85' lang='lat' dir='ltr'><strong>dem</strong></span> <span class='ocrx_word' id='word_1_167' title='bbox 481 1368 588 1422; x_wconf 83' lang='lat' dir='ltr'><strong>sibi</strong></span> <span class='ocrx_word' id='word_1_168' title='bbox 630 1369 832 1438; x_wconf 88' lang='lat' dir='ltr'><strong>ubique</strong></span> <span class='ocrx_word' id='word_1_169' title='bbox 862 1370 996 1424; x_wconf 90' lang='lat' dir='ltr'><strong>satis</strong></span> <span class='ocrx_word' id='word_1_170' title='bbox 1025 1371 1267 1440; x_wconf 86' lang='lat' dir='ltr'><strong>placent,</strong></span> <span class='ocrx_word' id='word_1_171' title='bbox 1302 1371 1510 1440; x_wconf 81' lang='lat' dir='ltr'><strong>alioqui</strong></span> <span class='ocrx_word' id='word_1_172' title='bbox 1548 1387 1657 1426; x_wconf 90' lang='lat' dir='ltr'><strong>non</strong></span> <span class='ocrx_word' id='word_1_173' title='bbox 1698 1371 1835 1424; x_wconf 90' lang='lat' dir='ltr'><strong>alias</strong></span> <span class='ocrx_word' id='word_1_174' title='bbox 1861 1367 2010 1424; x_wconf 91' lang='lat' dir='ltr'><strong>aliud</strong></span> <span class='ocrx_word' id='word_1_175' title='bbox 2041 1367 2339 1437; x_wconf 89' lang='lat' dir='ltr'><strong>probarent</strong></span> <span class='ocrx_word' id='word_1_176' title='bbox 2369 1378 2534 1438; x_wconf 90' lang='lat' dir='ltr'><strong>atque</strong></span> <span class='ocrx_word' id='word_1_177' title='bbox 2572 1369 2974 1438; x_wconf 86' lang='lat' dir='ltr'><strong>improbarent.</strong></span> <span class='ocrx_word' id='word_1_178' title='bbox 3003 1370 3123 1424; x_wconf 86' lang='lat' dir='ltr'><strong>Non</strong></span> <span class='ocrx_word' id='word_1_179' title='bbox 3174 1370 3392 1424; x_wconf 87' lang='lat' dir='ltr'><strong>inﬁcior</strong></span> <span class='ocrx_word' id='word_1_180' title='bbox 3419 1387 3582 1439; x_wconf 87' lang='lat' dir='ltr'><strong>posse</strong></span> 
     </span>
    </p>
   </div>
   <div class='ocr_carea' id='block_1_14' title="bbox 295 1456 3582 1530">
    <p class='ocr_par' dir='ltr' id='par_1_14' title="bbox 295 1456 3582 1530">
     <span class='ocr_line' id='line_1_14' title="bbox 295 1456 3582 1530; baseline 0.002 -22"><span class='ocrx_word' id='word_1_181' title='bbox 295 1456 489 1510; x_wconf 82' lang='lat' dir='ltr'><strong>videri</strong></span> <span class='ocrx_word' id='word_1_182' title='bbox 517 1457 785 1510; x_wconf 87' lang='lat' dir='ltr'><strong>Zonaram</strong></span> <span class='ocrx_word' id='word_1_183' title='bbox 831 1457 968 1511; x_wconf 90' lang='lat' dir='ltr'><strong>alias</strong></span> <span class='ocrx_word' id='word_1_184' title='bbox 1017 1458 1371 1526; x_wconf 83' lang='lat' dir='ltr'><strong>prolixiorem</strong></span> <span class='ocrx_word' id='word_1_185' title='bbox 1399 1497 1414 1521; x_wconf 94' lang='lat'><strong>,</strong></span> <span class='ocrx_word' id='word_1_186' title='bbox 1459 1470 1517 1512; x_wconf 93' lang='lat' dir='ltr'><strong>ut</strong></span> <span class='ocrx_word' id='word_1_187' title='bbox 1557 1459 1610 1512; x_wconf 89' lang='lat' dir='ltr'><strong>in</strong></span> <span class='ocrx_word' id='word_1_188' title='bbox 1651 1458 1882 1514; x_wconf 84' lang='lat' dir='ltr'><strong>Judaica</strong></span> <span class='ocrx_word' id='word_1_189' title='bbox 1921 1457 2173 1523; x_wconf 84' lang='lat' dir='ltr'><strong>historia,</strong></span> <span class='ocrx_word' id='word_1_190' title='bbox 2223 1458 2360 1512; x_wconf 89' lang='lat' dir='ltr'><strong>alias</strong></span> <span class='ocrx_word' id='word_1_191' title='bbox 2393 1459 2730 1521; x_wconf 83' lang='lat' dir='ltr'><strong>breviorem,</strong></span> <span class='ocrx_word' id='word_1_192' title='bbox 2763 1468 2824 1512; x_wconf 91' lang='lat' dir='ltr'><strong>ut</strong></span> <span class='ocrx_word' id='word_1_193' title='bbox 2869 1459 2923 1512; x_wconf 93' lang='lat' dir='ltr'><strong>in</strong></span> <span class='ocrx_word' id='word_1_194' title='bbox 2973 1469 3290 1514; x_wconf 82' lang='lat' dir='ltr'><strong>exterarum</strong></span> <span class='ocrx_word' id='word_1_195' title='bbox 3334 1461 3582 1530; x_wconf 81' lang='lat' dir='ltr'><strong>gentium</strong></span> 
     </span>
    </p>
   </div>
   <div class='ocr_carea' id='block_1_15' title="bbox 299 1533 3585 1615">
    <p class='ocr_par' dir='ltr' id='par_1_15' title="bbox 299 1533 3585 1615">
     <span class='ocr_line' id='line_1_15' title="bbox 299 1533 3585 1615; baseline 0.002 -19"><span class='ocrx_word' id='word_1_196' title='bbox 299 1545 480 1598; x_wconf 86' lang='lat' dir='ltr'><strong>rebus</strong></span> <span class='ocrx_word' id='word_1_197' title='bbox 523 1545 712 1612; x_wconf 77' lang='lat' dir='ltr'><strong>gestis.</strong></span> <span class='ocrx_word' id='word_1_198' title='bbox 756 1545 814 1598; x_wconf 90' lang='lat' dir='ltr'><strong>In</strong></span> <span class='ocrx_word' id='word_1_199' title='bbox 845 1559 957 1614; x_wconf 92' lang='lat' dir='ltr'><strong>quo</strong></span> <span class='ocrx_word' id='word_1_200' title='bbox 987 1545 1032 1599; x_wconf 90' lang='lat' dir='ltr'><strong>si</strong></span> <span class='ocrx_word' id='word_1_201' title='bbox 1066 1561 1175 1615; x_wconf 85' lang='lat' dir='ltr'><strong>qua</strong></span> <span class='ocrx_word' id='word_1_202' title='bbox 1212 1545 1374 1614; x_wconf 92' lang='lat' dir='ltr'><strong>culpa</strong></span> <span class='ocrx_word' id='word_1_203' title='bbox 1409 1545 1701 1599; x_wconf 90' lang='lat' dir='ltr'><strong>commissa</strong></span> <span class='ocrx_word' id='word_1_204' title='bbox 1733 1555 1836 1609; x_wconf 88' lang='lat' dir='ltr'><strong>est,</strong></span> <span class='ocrx_word' id='word_1_205' title='bbox 1869 1545 2279 1599; x_wconf 78' lang='lat' dir='ltr'><strong>excusationem</strong></span> <span class='ocrx_word' id='word_1_206' title='bbox 2318 1545 2524 1600; x_wconf 82' lang='lat' dir='ltr'><strong>habere</strong></span> <span class='ocrx_word' id='word_1_207' title='bbox 2556 1546 2777 1600; x_wconf 88' lang='lat' dir='ltr'><strong>videtur</strong></span> <span class='ocrx_word' id='word_1_208' title='bbox 2824 1533 2986 1610; x_wconf 87' lang='lat' dir='ltr'><strong>hanc,</strong></span> <span class='ocrx_word' id='word_1_209' title='bbox 3025 1546 3172 1614; x_wconf 90' lang='lat' dir='ltr'><strong>quod</strong></span> <span class='ocrx_word' id='word_1_210' title='bbox 3220 1547 3334 1615; x_wconf 92' lang='lat' dir='ltr'><strong>ipse</strong></span> <span class='ocrx_word' id='word_1_211' title='bbox 3373 1562 3482 1600; x_wconf 93' lang='lat' dir='ltr'><strong>non</strong></span> <span class='ocrx_word' id='word_1_212' title='bbox 3515 1565 3585 1604; x_wconf 84' lang='lat' dir='ltr'><strong>ex</strong></span> 
     </span>
    </p>
   </div>
   <div class='ocr_carea' id='block_1_16' title="bbox 295 1632 3570 1702">
    <p class='ocr_par' dir='ltr' id='par_1_16' title="bbox 295 1632 3570 1702">
     <span class='ocr_line' id='line_1_16' title="bbox 295 1632 3570 1702; baseline 0.001 -17"><span class='ocrx_word' id='word_1_213' title='bbox 295 1646 413 1685; x_wconf 88' lang='lat' dir='ltr'><strong>suo</strong></span> <span class='ocrx_word' id='word_1_214' title='bbox 448 1633 671 1701; x_wconf 85' lang='lat' dir='ltr'><strong>ingenio</strong></span> <span class='ocrx_word' id='word_1_215' title='bbox 706 1633 1049 1702; x_wconf 70' lang='lat' dir='ltr'><strong>deprompsit</strong></span> <span class='ocrx_word' id='word_1_216' title='bbox 1075 1649 1138 1688; x_wconf 92' lang='lat' dir='ltr'><strong>ea</strong></span> <span class='ocrx_word' id='word_1_217' title='bbox 1171 1648 1293 1702; x_wconf 82' lang='lat' dir='ltr'><strong>quae</strong></span> <span class='ocrx_word' id='word_1_218' title='bbox 1324 1633 1566 1702; x_wconf 91' lang='lat' dir='ltr'><strong>scripsit,</strong></span> <span class='ocrx_word' id='word_1_219' title='bbox 1593 1632 1688 1687; x_wconf 91' lang='lat' dir='ltr'><strong>sed</strong></span> <span class='ocrx_word' id='word_1_220' title='bbox 1728 1648 1795 1686; x_wconf 88' lang='lat' dir='ltr'><strong>ex</strong></span> <span class='ocrx_word' id='word_1_221' title='bbox 1825 1633 1991 1686; x_wconf 91' lang='lat' dir='ltr'><strong>variis</strong></span> <span class='ocrx_word' id='word_1_222' title='bbox 2027 1633 2350 1686; x_wconf 85' lang='lat' dir='ltr'><strong>auctoribus</strong></span> <span class='ocrx_word' id='word_1_223' title='bbox 2381 1633 2610 1688; x_wconf 86' lang='lat' dir='ltr'><strong>collecta</strong></span> <span class='ocrx_word' id='word_1_224' title='bbox 2658 1633 2712 1686; x_wconf 93' lang='lat' dir='ltr'><strong>in</strong></span> <span class='ocrx_word' id='word_1_225' title='bbox 2764 1640 2975 1686; x_wconf 89' lang='lat' dir='ltr'><strong>certum</strong></span> <span class='ocrx_word' id='word_1_226' title='bbox 3017 1632 3270 1687; x_wconf 87' lang='lat' dir='ltr'><strong>ordinem</strong></span> <span class='ocrx_word' id='word_1_227' title='bbox 3310 1633 3570 1702; x_wconf 79' lang='lat' dir='ltr'><strong>redegit;</strong></span> 
     </span>
    </p>
   </div>
   <div class='ocr_carea' id='block_1_17' title="bbox 285 1718 3584 1790">
    <p class='ocr_par' dir='ltr' id='par_1_17' title="bbox 285 1718 3584 1790">
     <span class='ocr_line' id='line_1_17' title="bbox 285 1718 3584 1790; baseline 0.001 -20"><span class='ocrx_word' id='word_1_228' title='bbox 285 1718 404 1786; x_wconf 16' lang='lat' dir='ltr'><strong>equi</strong></span> <span class='ocrx_word' id='word_1_229' title='bbox 437 1729 695 1772; x_wconf 87' lang='lat' dir='ltr'><strong>auctores</strong></span> <span class='ocrx_word' id='word_1_230' title='bbox 739 1718 884 1772; x_wconf 90' lang='lat' dir='ltr'><strong>inter</strong></span> <span class='ocrx_word' id='word_1_231' title='bbox 915 1735 972 1774; x_wconf 87' lang='lat' dir='ltr'><strong>se</strong></span> <span class='ocrx_word' id='word_1_232' title='bbox 1003 1719 1356 1774; x_wconf 83' lang='lat' dir='ltr'><strong>dissimillimi</strong></span> <span class='ocrx_word' id='word_1_233' title='bbox 1398 1728 1546 1774; x_wconf 83' lang='lat' dir='ltr'><strong>sunt.</strong></span> <span class='ocrx_word' id='word_1_234' title='bbox 1577 1718 1734 1784; x_wconf 83' lang='lat' dir='ltr'><strong>Quod</strong></span> <span class='ocrx_word' id='word_1_235' title='bbox 1769 1728 1952 1773; x_wconf 87' lang='lat' dir='ltr'><strong>autem</strong></span> <span class='ocrx_word' id='word_1_236' title='bbox 1983 1734 2092 1771; x_wconf 88' lang='lat' dir='ltr'><strong>non</strong></span> <span class='ocrx_word' id='word_1_237' title='bbox 2128 1719 2308 1773; x_wconf 89' lang='lat' dir='ltr'><strong>omnia</strong></span> <span class='ocrx_word' id='word_1_238' title='bbox 2335 1729 2658 1789; x_wconf 86' lang='lat' dir='ltr'><strong>persecutus</strong></span> <span class='ocrx_word' id='word_1_239' title='bbox 2683 1728 2785 1782; x_wconf 92' lang='lat' dir='ltr'><strong>est,</strong></span> <span class='ocrx_word' id='word_1_240' title='bbox 2838 1719 3069 1773; x_wconf 81' lang='lat' dir='ltr'><strong>fortasse</strong></span> <span class='ocrx_word' id='word_1_241' title='bbox 3109 1733 3216 1772; x_wconf 89' lang='lat' dir='ltr'><strong>nou</strong></span> <span class='ocrx_word' id='word_1_242' title='bbox 3254 1720 3584 1790; x_wconf 80' lang='lat' dir='ltr'><strong>negligentia</strong></span> 
     </span>
    </p>
   </div>
   <div class='ocr_carea' id='block_1_18' title="bbox 287 1804 3577 1877">
    <p class='ocr_par' dir='ltr' id='par_1_18' title="bbox 287 1804 3577 1877">
     <span class='ocr_line' id='line_1_18' title="bbox 287 1804 3577 1877; baseline 0.002 -19"><span class='ocrx_word' id='word_1_243' title='bbox 287 1805 404 1858; x_wconf 80' lang='lat' dir='ltr'><strong>sed</strong></span> <span class='ocrx_word' id='word_1_244' title='bbox 443 1805 514 1858; x_wconf 84' lang='lat' dir='ltr'><strong>de</strong></span> <span class='ocrx_word' id='word_1_245' title='bbox 551 1804 819 1859; x_wconf 88' lang='lat' dir='ltr'><strong>industria</strong></span> <span class='ocrx_word' id='word_1_246' title='bbox 855 1805 1005 1859; x_wconf 86' lang='lat' dir='ltr'><strong>fecit.</strong></span> <span class='ocrx_word' id='word_1_247' title='bbox 1044 1805 1180 1860; x_wconf 87' lang='lat' dir='ltr'><strong>Nam</strong></span> <span class='ocrx_word' id='word_1_248' title='bbox 1215 1807 1464 1860; x_wconf 92' lang='lat' dir='ltr'><strong>omnium</strong></span> <span class='ocrx_word' id='word_1_249' title='bbox 1496 1806 1745 1876; x_wconf 86' lang='lat' dir='ltr'><strong>gentium</strong></span> <span class='ocrx_word' id='word_1_250' title='bbox 1775 1815 1941 1874; x_wconf 88' lang='lat' dir='ltr'><strong>atque</strong></span> <span class='ocrx_word' id='word_1_251' title='bbox 1975 1805 2194 1859; x_wconf 89' lang='lat' dir='ltr'><strong>urbium</strong></span> <span class='ocrx_word' id='word_1_252' title='bbox 2234 1823 2320 1861; x_wconf 84' lang='lat' dir='ltr'><strong>res</strong></span> <span class='ocrx_word' id='word_1_253' title='bbox 2366 1817 2546 1877; x_wconf 83' lang='lat' dir='ltr'><strong>gestas</strong></span> <span class='ocrx_word' id='word_1_254' title='bbox 2573 1808 2890 1861; x_wconf 81' lang='lat' dir='ltr'><strong>describere</strong></span> <span class='ocrx_word' id='word_1_255' title='bbox 2943 1806 3196 1861; x_wconf 87' lang='lat' dir='ltr'><strong>immensi</strong></span> <span class='ocrx_word' id='word_1_256' title='bbox 3235 1815 3321 1860; x_wconf 86' lang='lat' dir='ltr'><strong>est</strong></span> <span class='ocrx_word' id='word_1_257' title='bbox 3369 1809 3577 1877; x_wconf 78' lang='lat' dir='ltr'><strong>negotii</strong></span> 
     </span>
    </p>
   </div>
   <div class='ocr_carea' id='block_1_19' title="bbox 297 1892 3584 1963">
    <p class='ocr_par' dir='ltr' id='par_1_19' title="bbox 297 1892 3584 1963">
     <span class='ocr_line' id='line_1_19' title="bbox 297 1892 3584 1963; baseline 0 -17"><span class='ocrx_word' id='word_1_258' title='bbox 297 1903 478 1959; x_wconf 81' lang='lat' dir='ltr'><strong>atque</strong></span> <span class='ocrx_word' id='word_1_259' title='bbox 511 1892 652 1946; x_wconf 86' lang='lat' dir='ltr'><strong>adeo</strong></span> <span class='ocrx_word' id='word_1_260' title='bbox 677 1893 900 1959; x_wconf 91' lang='lat' dir='ltr'><strong>inﬁniti,</strong></span> <span class='ocrx_word' id='word_1_261' title='bbox 934 1903 993 1948; x_wconf 93' lang='lat' dir='ltr'><strong>ut</strong></span> <span class='ocrx_word' id='word_1_262' title='bbox 1026 1903 1236 1948; x_wconf 89' lang='lat' dir='ltr'><strong>taceam</strong></span> <span class='ocrx_word' id='word_1_263' title='bbox 1269 1909 1377 1947; x_wconf 90' lang='lat' dir='ltr'><strong>non</strong></span> <span class='ocrx_word' id='word_1_264' title='bbox 1411 1909 1630 1963; x_wconf 88' lang='lat' dir='ltr'><strong>semper</strong></span> <span class='ocrx_word' id='word_1_265' title='bbox 1661 1910 1780 1947; x_wconf 90' lang='lat' dir='ltr'><strong>esse</strong></span> <span class='ocrx_word' id='word_1_266' title='bbox 1808 1894 2176 1947; x_wconf 86' lang='lat' dir='ltr'><strong>fructuosum.</strong></span> <span class='ocrx_word' id='word_1_267' title='bbox 2223 1895 2301 1947; x_wconf 86' lang='lat' dir='ltr'><strong>Ac</strong></span> <span class='ocrx_word' id='word_1_268' title='bbox 2348 1910 2540 1963; x_wconf 89' lang='lat' dir='ltr'><strong>parum</strong></span> <span class='ocrx_word' id='word_1_269' title='bbox 2569 1895 2724 1948; x_wconf 85' lang='lat' dir='ltr'><strong>abest</strong></span> <span class='ocrx_word' id='word_1_270' title='bbox 2744 1894 2874 1963; x_wconf 92' lang='lat' dir='ltr'><strong>quin</strong></span> <span class='ocrx_word' id='word_1_271' title='bbox 2902 1893 3102 1954; x_wconf 90' lang='lat' dir='ltr'><strong>dicam,</strong></span> <span class='ocrx_word' id='word_1_272' title='bbox 3131 1893 3182 1946; x_wconf 91' lang='lat' dir='ltr'><strong>id</strong></span> <span class='ocrx_word' id='word_1_273' title='bbox 3210 1893 3265 1946; x_wconf 88' lang='lat' dir='ltr'><strong>in</strong></span> <span class='ocrx_word' id='word_1_274' title='bbox 3294 1901 3442 1947; x_wconf 86' lang='lat' dir='ltr'><strong>tanta</strong></span> <span class='ocrx_word' id='word_1_275' title='bbox 3466 1909 3584 1949; x_wconf 85' lang='lat' dir='ltr'><strong>am-</strong></span> 
     </span>
    </p>
   </div>
   <div class='ocr_carea' id='block_1_20' title="bbox 297 1979 3583 2050">
    <p class='ocr_par' dir='ltr' id='par_1_20' title="bbox 297 1979 3583 2050">
     <span class='ocr_line' id='line_1_20' title="bbox 297 1979 3583 2050; baseline 0.001 -19"><span class='ocrx_word' id='word_1_276' title='bbox 297 1979 585 2048; x_wconf 89' lang='lat' dir='ltr'><strong>plitudine</strong></span> <span class='ocrx_word' id='word_1_277' title='bbox 627 1980 780 2034; x_wconf 91' lang='lat' dir='ltr'><strong>orbis</strong></span> <span class='ocrx_word' id='word_1_278' title='bbox 817 1990 1089 2035; x_wconf 86' lang='lat' dir='ltr'><strong>terrarum</strong></span> <span class='ocrx_word' id='word_1_279' title='bbox 1129 1997 1239 2035; x_wconf 90' lang='lat' dir='ltr'><strong>non</strong></span> <span class='ocrx_word' id='word_1_280' title='bbox 1281 1981 1454 2050; x_wconf 82' lang='lat' dir='ltr'><strong>magis</strong></span> <span class='ocrx_word' id='word_1_281' title='bbox 1500 1995 1621 2034; x_wconf 86' lang='lat' dir='ltr'><strong>esse</strong></span> <span class='ocrx_word' id='word_1_282' title='bbox 1666 1981 1752 2034; x_wconf 85' lang='lat' dir='ltr'><strong>vel</strong></span> <span class='ocrx_word' id='word_1_283' title='bbox 1783 1981 1913 2033; x_wconf 89' lang='lat' dir='ltr'><strong>utile</strong></span> <span class='ocrx_word' id='word_1_284' title='bbox 1954 1981 2039 2035; x_wconf 89' lang='lat' dir='ltr'><strong>vel</strong></span> <span class='ocrx_word' id='word_1_285' title='bbox 2076 1981 2468 2044; x_wconf 89' lang='lat' dir='ltr'><strong>necessarium,</strong></span> <span class='ocrx_word' id='word_1_286' title='bbox 2519 1996 2686 2050; x_wconf 90' lang='lat' dir='ltr'><strong>quam</strong></span> <span class='ocrx_word' id='word_1_287' title='bbox 2730 1980 2775 2034; x_wconf 90' lang='lat' dir='ltr'><strong>si</strong></span> <span class='ocrx_word' id='word_1_288' title='bbox 2817 1979 3018 2050; x_wconf 90' lang='lat' dir='ltr'><strong>quisin</strong></span> <span class='ocrx_word' id='word_1_289' title='bbox 3072 1979 3292 2034; x_wconf 88' lang='lat' dir='ltr'><strong>civitate</strong></span> <span class='ocrx_word' id='word_1_290' title='bbox 3345 1979 3583 2034; x_wconf 88' lang='lat' dir='ltr'><strong>maxima</strong></span> 
     </span>
    </p>
   </div>
   <div class='ocr_carea' id='block_1_21' title="bbox 291 2067 3581 2138">
    <p class='ocr_par' dir='ltr' id='par_1_21' title="bbox 291 2067 3581 2138">
     <span class='ocr_line' id='line_1_21' title="bbox 291 2067 3581 2138; baseline 0.001 -18"><span class='ocrx_word' id='word_1_291' title='bbox 291 2067 560 2120; x_wconf 87' lang='lat' dir='ltr'><strong>omnium</strong></span> <span class='ocrx_word' id='word_1_292' title='bbox 585 2067 879 2121; x_wconf 89' lang='lat' dir='ltr'><strong>domorum</strong></span> <span class='ocrx_word' id='word_1_293' title='bbox 912 2076 1032 2122; x_wconf 92' lang='lat' dir='ltr'><strong>acta</strong></span> <span class='ocrx_word' id='word_1_294' title='bbox 1059 2083 1390 2138; x_wconf 83' lang='lat' dir='ltr'><strong>cognoscere</strong></span> <span class='ocrx_word' id='word_1_295' title='bbox 1418 2067 1654 2121; x_wconf 89' lang='lat' dir='ltr'><strong>studeat.</strong></span> <span class='ocrx_word' id='word_1_296' title='bbox 1685 2067 1943 2137; x_wconf 84' lang='lat' dir='ltr'><strong>insignia,</strong></span> <span class='ocrx_word' id='word_1_297' title='bbox 1978 2084 2121 2128; x_wconf 90' lang='lat' dir='ltr'><strong>rara,</strong></span> <span class='ocrx_word' id='word_1_298' title='bbox 2148 2069 2440 2138; x_wconf 86' lang='lat' dir='ltr'><strong>exquisita,</strong></span> <span class='ocrx_word' id='word_1_299' title='bbox 2465 2085 2568 2124; x_wconf 89' lang='lat' dir='ltr'><strong>nos</strong></span> <span class='ocrx_word' id='word_1_300' title='bbox 2596 2070 2777 2138; x_wconf 90' lang='lat' dir='ltr'><strong>aliqua</strong></span> <span class='ocrx_word' id='word_1_301' title='bbox 2800 2084 2865 2122; x_wconf 89' lang='lat' dir='ltr'><strong>cx</strong></span> <span class='ocrx_word' id='word_1_302' title='bbox 2895 2078 3046 2137; x_wconf 90' lang='lat' dir='ltr'><strong>parte</strong></span> <span class='ocrx_word' id='word_1_303' title='bbox 3072 2068 3399 2137; x_wconf 85' lang='lat' dir='ltr'><strong>attingentia</strong></span> <span class='ocrx_word' id='word_1_304' title='bbox 3424 2068 3581 2138; x_wconf 84' lang='lat' dir='ltr'><strong>igno-</strong></span> 
     </span>
    </p>
   </div>
   <div class='ocr_carea' id='block_1_22' title="bbox 293 2154 3582 2226">
    <p class='ocr_par' dir='ltr' id='par_1_22' title="bbox 293 2154 3582 2226">
     <span class='ocr_line' id='line_1_22' title="bbox 293 2154 3582 2226; baseline 0.001 -20"><span class='ocrx_word' id='word_1_305' title='bbox 293 2168 437 2207; x_wconf 74' lang='lat' dir='ltr'><strong>rare</strong></span> <span class='ocrx_word' id='word_1_306' title='bbox 473 2164 630 2224; x_wconf 91' lang='lat' dir='ltr'><strong>turpe</strong></span> <span class='ocrx_word' id='word_1_307' title='bbox 664 2171 678 2206; x_wconf 92' lang='lat'>:</span> <span class='ocrx_word' id='word_1_308' title='bbox 715 2155 1028 2209; x_wconf 89' lang='lat' dir='ltr'><strong>consectari</strong></span> <span class='ocrx_word' id='word_1_309' title='bbox 1065 2155 1282 2226; x_wconf 88' lang='lat' dir='ltr'><strong>singula</strong></span> <span class='ocrx_word' id='word_1_310' title='bbox 1313 2155 1652 2210; x_wconf 83' lang='lat' dir='ltr'><strong>curiositatis</strong></span> <span class='ocrx_word' id='word_1_311' title='bbox 1683 2154 1867 2224; x_wconf 89' lang='lat' dir='ltr'><strong>potius</strong></span> <span class='ocrx_word' id='word_1_312' title='bbox 1895 2164 1980 2209; x_wconf 88' lang='lat' dir='ltr'><strong>est</strong></span> <span class='ocrx_word' id='word_1_313' title='bbox 2023 2171 2188 2224; x_wconf 89' lang='lat' dir='ltr'><strong>quam</strong></span> <span class='ocrx_word' id='word_1_314' title='bbox 2214 2156 2562 2210; x_wconf 91' lang='lat' dir='ltr'><strong>eruditionis.</strong></span> <span class='ocrx_word' id='word_1_315' title='bbox 2612 2155 2668 2209; x_wconf 93' lang='lat' dir='ltr'><strong>Si</strong></span> <span class='ocrx_word' id='word_1_316' title='bbox 2701 2155 3050 2225; x_wconf 88' lang='lat' dir='ltr'><strong>geographis,</strong></span> <span class='ocrx_word' id='word_1_317' title='bbox 3093 2154 3187 2223; x_wconf 88' lang='lat' dir='ltr'><strong>qui</strong></span> <span class='ocrx_word' id='word_1_318' title='bbox 3225 2155 3393 2208; x_wconf 88' lang='lat' dir='ltr'><strong>totius</strong></span> <span class='ocrx_word' id='word_1_319' title='bbox 3422 2164 3582 2209; x_wconf 71' lang='lat' dir='ltr'><strong>terrae</strong></span> 
     </span>
    </p>
   </div>
   <div class='ocr_carea' id='block_1_23' title="bbox 299 2231 3584 2314">
    <p class='ocr_par' dir='ltr' id='par_1_23' title="bbox 299 2231 3584 2314">
     <span class='ocr_line' id='line_1_23' title="bbox 299 2231 3584 2314; baseline 0.001 -19"><span class='ocrx_word' id='word_1_320' title='bbox 299 2243 546 2297; x_wconf 86' lang='lat' dir='ltr'><strong>formam</strong></span> <span class='ocrx_word' id='word_1_321' title='bbox 581 2253 770 2298; x_wconf 89' lang='lat' dir='ltr'><strong>tenere</strong></span> <span class='ocrx_word' id='word_1_322' title='bbox 799 2261 858 2298; x_wconf 90' lang='lat' dir='ltr'><strong>se</strong></span> <span class='ocrx_word' id='word_1_323' title='bbox 887 2244 1238 2314; x_wconf 84' lang='lat' dir='ltr'><strong>proﬁtentur,</strong></span> <span class='ocrx_word' id='word_1_324' title='bbox 1267 2244 1469 2298; x_wconf 89' lang='lat' dir='ltr'><strong>multas</strong></span> <span class='ocrx_word' id='word_1_325' title='bbox 1498 2252 1553 2297; x_wconf 91' lang='lat' dir='ltr'><strong>et</strong></span> <span class='ocrx_word' id='word_1_326' title='bbox 1583 2258 1806 2313; x_wconf 85' lang='lat' dir='ltr'><strong>magnas</strong></span> <span class='ocrx_word' id='word_1_327' title='bbox 1845 2242 1997 2297; x_wconf 88' lang='lat' dir='ltr'><strong>orbis</strong></span> <span class='ocrx_word' id='word_1_328' title='bbox 2033 2254 2218 2312; x_wconf 90' lang='lat' dir='ltr'><strong>partes</strong></span> <span class='ocrx_word' id='word_1_329' title='bbox 2258 2244 2512 2314; x_wconf 84' lang='lat' dir='ltr'><strong>ignorare</strong></span> <span class='ocrx_word' id='word_1_330' title='bbox 2541 2244 2721 2308; x_wconf 91' lang='lat' dir='ltr'><strong>licuit,</strong></span> <span class='ocrx_word' id='word_1_331' title='bbox 2759 2259 2858 2297; x_wconf 85' lang='lat' dir='ltr'><strong>cur</strong></span> <span class='ocrx_word' id='word_1_332' title='bbox 2907 2231 3013 2296; x_wconf 84' lang='lat' dir='ltr'><strong>non</strong></span> <span class='ocrx_word' id='word_1_333' title='bbox 3059 2242 3204 2296; x_wconf 90' lang='lat' dir='ltr'><strong>idem</strong></span> <span class='ocrx_word' id='word_1_334' title='bbox 3246 2243 3304 2295; x_wconf 91' lang='lat' dir='ltr'><strong>in</strong></span> <span class='ocrx_word' id='word_1_335' title='bbox 3350 2242 3584 2298; x_wconf 85' lang='lat' dir='ltr'><strong>historia</strong></span> 
     </span>
    </p>
   </div>
   <div class='ocr_carea' id='block_1_24' title="bbox 300 2329 3582 2402">
    <p class='ocr_par' dir='ltr' id='par_1_24' title="bbox 300 2329 3582 2402">
     <span class='ocr_line' id='line_1_24' title="bbox 300 2329 3582 2402; baseline 0 -19"><span class='ocrx_word' id='word_1_336' title='bbox 300 2346 534 2401; x_wconf 88' lang='lat' dir='ltr'><strong>quoque</strong></span> <span class='ocrx_word' id='word_1_337' title='bbox 574 2347 700 2385; x_wconf 87' lang='lat' dir='ltr'><strong>cum</strong></span> <span class='ocrx_word' id='word_1_338' title='bbox 736 2331 895 2386; x_wconf 85' lang='lat' dir='ltr'><strong>venia</strong></span> <span class='ocrx_word' id='word_1_339' title='bbox 928 2332 1124 2385; x_wconf 85' lang='lat' dir='ltr'><strong>liceat?</strong></span> <span class='ocrx_word' id='word_1_340' title='bbox 1164 2331 1282 2386; x_wconf 84' lang='lat' dir='ltr'><strong>Jam</strong></span> <span class='ocrx_word' id='word_1_341' title='bbox 1317 2331 1464 2402; x_wconf 85' lang='lat' dir='ltr'><strong>quod</strong></span> <span class='ocrx_word' id='word_1_342' title='bbox 1501 2329 1566 2384; x_wconf 90' lang='lat' dir='ltr'><strong>ad</strong></span> <span class='ocrx_word' id='word_1_343' title='bbox 1593 2330 1967 2384; x_wconf 87' lang='lat' dir='ltr'><strong>elocutionem</strong></span> <span class='ocrx_word' id='word_1_344' title='bbox 1996 2329 2217 2392; x_wconf 88' lang='lat' dir='ltr'><strong>attinet,</strong></span> <span class='ocrx_word' id='word_1_345' title='bbox 2246 2331 2557 2394; x_wconf 89' lang='lat' dir='ltr'><strong>contiones,</strong></span> <span class='ocrx_word' id='word_1_346' title='bbox 2589 2337 3000 2400; x_wconf 75' lang='lat' dir='ltr'><strong>strategemate.</strong></span> <span class='ocrx_word' id='word_1_347' title='bbox 3028 2329 3281 2390; x_wconf 88' lang='lat' dir='ltr'><strong>consilia,</strong></span> <span class='ocrx_word' id='word_1_348' title='bbox 3325 2339 3582 2397; x_wconf 84' lang='lat' dir='ltr'><strong>eventus,</strong></span> 
     </span>
    </p>
   </div>
   <div class='ocr_carea' id='block_1_25' title="bbox 295 2416 3584 2487">
    <p class='ocr_par' dir='ltr' id='par_1_25' title="bbox 295 2416 3584 2487">
     <span class='ocr_line' id='line_1_25' title="bbox 295 2416 3584 2487; baseline 0.001 -16"><span class='ocrx_word' id='word_1_349' title='bbox 295 2417 506 2471; x_wconf 77' lang='lat' dir='ltr'><strong>eadem</strong></span> <span class='ocrx_word' id='word_1_350' title='bbox 541 2417 656 2472; x_wconf 88' lang='lat' dir='ltr'><strong>fere</strong></span> <span class='ocrx_word' id='word_1_351' title='bbox 689 2417 896 2486; x_wconf 89' lang='lat' dir='ltr'><strong>ubique</strong></span> <span class='ocrx_word' id='word_1_352' title='bbox 935 2427 1255 2472; x_wconf 88' lang='lat' dir='ltr'><strong>recurrunt.</strong></span> <span class='ocrx_word' id='word_1_353' title='bbox 1289 2417 1424 2471; x_wconf 86' lang='lat' dir='ltr'><strong>Nam</strong></span> <span class='ocrx_word' id='word_1_354' title='bbox 1469 2416 1731 2472; x_wconf 89' lang='lat' dir='ltr'><strong>ﬁnitimos</strong></span> <span class='ocrx_word' id='word_1_355' title='bbox 1764 2417 1997 2486; x_wconf 90' lang='lat' dir='ltr'><strong>populos</strong></span> <span class='ocrx_word' id='word_1_356' title='bbox 2027 2417 2352 2487; x_wconf 90' lang='lat' dir='ltr'><strong>plerumque</strong></span> <span class='ocrx_word' id='word_1_357' title='bbox 2397 2419 2465 2473; x_wconf 91' lang='lat' dir='ltr'><strong>de</strong></span> <span class='ocrx_word' id='word_1_358' title='bbox 2510 2419 2715 2473; x_wconf 85' lang='lat' dir='ltr'><strong>ﬁnibus</strong></span> <span class='ocrx_word' id='word_1_359' title='bbox 2759 2419 3049 2481; x_wconf 85' lang='lat' dir='ltr'><strong>dimicare,</strong></span> <span class='ocrx_word' id='word_1_360' title='bbox 3096 2433 3220 2472; x_wconf 89' lang='lat' dir='ltr'><strong>esse</strong></span> <span class='ocrx_word' id='word_1_361' title='bbox 3262 2433 3458 2472; x_wconf 87' lang='lat' dir='ltr'><strong>causas</strong></span> <span class='ocrx_word' id='word_1_362' title='bbox 3495 2419 3584 2474; x_wconf 87' lang='lat' dir='ltr'><strong>vel</strong></span> 
     </span>
    </p>
   </div>
   <div class='ocr_carea' id='block_1_26' title="bbox 301 2495 3583 2576">
    <p class='ocr_par' dir='ltr' id='par_1_26' title="bbox 301 2495 3583 2576">
     <span class='ocr_line' id='line_1_26' title="bbox 301 2495 3583 2576; baseline 0.001 -18"><span class='ocrx_word' id='word_1_363' title='bbox 301 2514 614 2573; x_wconf 72' lang='lat' dir='ltr'><strong>pmtextus</strong></span> <span class='ocrx_word' id='word_1_364' title='bbox 642 2505 909 2574; x_wconf 90' lang='lat' dir='ltr'><strong>quosdam</strong></span> <span class='ocrx_word' id='word_1_365' title='bbox 953 2503 1222 2559; x_wconf 90' lang='lat' dir='ltr'><strong>bellorum</strong></span> <span class='ocrx_word' id='word_1_366' title='bbox 1257 2513 1313 2558; x_wconf 90' lang='lat' dir='ltr'><strong>et</strong></span> <span class='ocrx_word' id='word_1_367' title='bbox 1359 2503 1573 2558; x_wconf 90' lang='lat' dir='ltr'><strong>subitas</strong></span> <span class='ocrx_word' id='word_1_368' title='bbox 1607 2503 1946 2569; x_wconf 88' lang='lat' dir='ltr'><strong>occasiones,</strong></span> <span class='ocrx_word' id='word_1_369' title='bbox 1978 2504 2084 2558; x_wconf 90' lang='lat' dir='ltr'><strong>alia</strong></span> <span class='ocrx_word' id='word_1_370' title='bbox 2136 2495 2304 2574; x_wconf 79' lang='lat' dir='ltr'><strong>atque</strong></span> <span class='ocrx_word' id='word_1_371' title='bbox 2351 2505 2458 2559; x_wconf 90' lang='lat' dir='ltr'><strong>alia</strong></span> <span class='ocrx_word' id='word_1_372' title='bbox 2504 2506 2760 2571; x_wconf 91' lang='lat' dir='ltr'><strong>consilia,</strong></span> <span class='ocrx_word' id='word_1_373' title='bbox 2796 2504 3122 2569; x_wconf 87' lang='lat' dir='ltr'><strong>sententias,</strong></span> <span class='ocrx_word' id='word_1_374' title='bbox 3154 2515 3407 2572; x_wconf 85' lang='lat' dir='ltr'><strong>eventus,</strong></span> <span class='ocrx_word' id='word_1_375' title='bbox 3457 2505 3583 2576; x_wconf 84' lang='lat' dir='ltr'><strong>quis</strong></span> 
     </span>
    </p>
   </div>
   <div class='ocr_carea' id='block_1_27' title="bbox 303 2590 542 2644">
    <p class='ocr_par' dir='ltr' id='par_1_27' title="bbox 303 2590 542 2644">
     <span class='ocr_line' id='line_1_27' title="bbox 303 2590 542 2644; baseline -0.004 0"><span class='ocrx_word' id='word_1_376' title='bbox 303 2590 498 2644; x_wconf 83' lang='lat' dir='ltr'><strong>nescit</strong></span> <span class='ocrx_word' id='word_1_377' title='bbox 517 2591 542 2643; x_wconf 83' lang='lat' dir='ltr'><strong>‘I</strong></span> 
     </span>
    </p>
   </div>
   <div class='ocr_carea' id='block_1_28' title="bbox 1099 2693 2378 2768">
    <p class='ocr_par' dir='ltr' id='par_1_28' title="bbox 1099 2693 2378 2768">
     <span class='ocr_line' id='line_1_28' title="bbox 1099 2693 2378 2768; baseline 0 -19"><span class='ocrx_word' id='word_1_378' title='bbox 1099 2693 1294 2751; x_wconf 80' lang='lat' dir='ltr'><strong>Occidit</strong></span> <span class='ocrx_word' id='word_1_379' title='bbox 1321 2695 1534 2749; x_wconf 79' lang='lat' dir='ltr'><strong>miseros</strong></span> <span class='ocrx_word' id='word_1_380' title='bbox 1560 2695 1768 2748; x_wconf 87' lang='lat' dir='ltr'><strong>crambe</strong></span> <span class='ocrx_word' id='word_1_381' title='bbox 1807 2697 2028 2766; x_wconf 82' lang='lat' dir='ltr'><strong>repetita</strong></span> <span class='ocrx_word' id='word_1_382' title='bbox 2070 2698 2378 2768; x_wconf 80' lang='lat' dir='ltr'><strong>magistros,</strong></span> 
     </span>
    </p>
   </div>
   <div class='ocr_carea' id='block_1_29' title="bbox 308 2781 1037 2854">
    <p class='ocr_par' dir='ltr' id='par_1_29' title="bbox 308 2781 1037 2854">
     <span class='ocr_line' id='line_1_29' title="bbox 308 2781 1037 2854; baseline 0 -16"><span class='ocrx_word' id='word_1_383' title='bbox 308 2783 501 2854; x_wconf 72' lang='lat' dir='ltr'><strong>inquit</strong></span> <span class='ocrx_word' id='word_1_384' title='bbox 529 2783 642 2848; x_wconf 78' lang='lat' dir='ltr'><strong>ille,</strong></span> <span class='ocrx_word' id='word_1_385' title='bbox 684 2791 741 2838; x_wconf 89' lang='lat' dir='ltr'><strong>et</strong></span> <span class='ocrx_word' id='word_1_386' title='bbox 774 2781 886 2838; x_wconf 89' lang='lat' dir='ltr'><strong>alio</strong></span> <span class='ocrx_word' id='word_1_387' title='bbox 913 2782 1037 2838; x_wconf 92' lang='lat' dir='ltr'><strong>loco</strong></span> 
     </span>
    </p>
   </div>
   <div class='ocr_carea' id='block_1_30' title="bbox 1092 2869 2762 2940">
    <p class='ocr_par' dir='ltr' id='par_1_30' title="bbox 1092 2869 2762 2940">
     <span class='ocr_line' id='line_1_30' title="bbox 1092 2869 2762 2940; baseline 0 -18"><span class='ocrx_word' id='word_1_388' title='bbox 1092 2869 1361 2940; x_wconf 79' lang='lat' dir='ltr'><strong>Quidquid</strong></span> <span class='ocrx_word' id='word_1_389' title='bbox 1396 2879 1560 2938; x_wconf 86' lang='lat' dir='ltr'><strong>agunt</strong></span> <span class='ocrx_word' id='word_1_390' title='bbox 1590 2871 1845 2933; x_wconf 79' lang='lat' dir='ltr'><strong>homines,</strong></span> <span class='ocrx_word' id='word_1_391' title='bbox 1886 2879 2085 2935; x_wconf 81' lang='lat' dir='ltr'><strong>votum,</strong></span> <span class='ocrx_word' id='word_1_392' title='bbox 2114 2873 2301 2940; x_wconf 79' lang='lat' dir='ltr'><strong>timor,</strong></span> <span class='ocrx_word' id='word_1_393' title='bbox 2338 2871 2421 2924; x_wconf 88' lang='lat' dir='ltr'><strong>ira</strong></span> <span class='ocrx_word' id='word_1_394' title='bbox 2449 2910 2464 2936; x_wconf 94' lang='lat'><strong>,</strong></span> <span class='ocrx_word' id='word_1_395' title='bbox 2495 2869 2762 2940; x_wconf 70' lang='lat' dir='ltr'><strong>voluptas,</strong></span> 
     </span>
    </p>
   </div>
   <div class='ocr_carea' id='block_1_31' title="bbox 1089 2939 2286 3011">
    <p class='ocr_par' dir='ltr' id='par_1_31' title="bbox 1089 2939 2286 3011">
     <span class='ocr_line' id='line_1_31' title="bbox 1089 2939 2286 3011; baseline 0 -16"><span class='ocrx_word' id='word_1_396' title='bbox 1089 2939 1327 3006; x_wconf 83' lang='lat' dir='ltr'><strong>Gaudia,</strong></span> <span class='ocrx_word' id='word_1_397' title='bbox 1358 2941 1625 2993; x_wconf 74' lang='lat' dir='ltr'><strong>discursus</strong></span> <span class='ocrx_word' id='word_1_398' title='bbox 1658 2943 1822 2993; x_wconf 80' lang='lat' dir='ltr'><strong>nostri</strong></span> <span class='ocrx_word' id='word_1_399' title='bbox 1852 2940 2069 3011; x_wconf 79' lang='lat' dir='ltr'><strong>farrago</strong></span> <span class='ocrx_word' id='word_1_400' title='bbox 2103 2939 2286 2995; x_wconf 81' lang='lat' dir='ltr'><strong>libelli.</strong></span> 
     </span>
    </p>
   </div>
   <div class='ocr_carea' id='block_1_32' title="bbox 378 3077 3579 3150">
    <p class='ocr_par' dir='ltr' id='par_1_32' title="bbox 378 3077 3579 3150">
     <span class='ocr_line' id='line_1_32' title="bbox 378 3077 3579 3150; baseline 0.002 -21"><span class='ocrx_word' id='word_1_401' title='bbox 378 3077 518 3143; x_wconf 63' lang='lat' dir='ltr'><strong>Qum</strong></span> <span class='ocrx_word' id='word_1_402' title='bbox 545 3093 673 3132; x_wconf 90' lang='lat' dir='ltr'><strong>cum</strong></span> <span class='ocrx_word' id='word_1_403' title='bbox 710 3080 784 3134; x_wconf 92' lang='lat' dir='ltr'><strong>ita</strong></span> <span class='ocrx_word' id='word_1_404' title='bbox 814 3094 874 3134; x_wconf 89' lang='lat' dir='ltr'><strong>se</strong></span> <span class='ocrx_word' id='word_1_405' title='bbox 907 3078 1166 3141; x_wconf 89' lang='lat' dir='ltr'><strong>habeant,</strong></span> <span class='ocrx_word' id='word_1_406' title='bbox 1195 3086 1252 3133; x_wconf 92' lang='lat' dir='ltr'><strong>et</strong></span> <span class='ocrx_word' id='word_1_407' title='bbox 1285 3077 1618 3148; x_wconf 84' lang='lat' dir='ltr'><strong>Philosophe</strong></span> <span class='ocrx_word' id='word_1_408' title='bbox 1645 3089 1870 3134; x_wconf 65' lang='lat' dir='ltr'><strong>auctore</strong></span> <span class='ocrx_word' id='word_1_409' title='bbox 1903 3078 2200 3150; x_wconf 80' lang='lat' dir='ltr'><strong>singularia</strong></span> <span class='ocrx_word' id='word_1_410' title='bbox 2229 3078 2442 3133; x_wconf 90' lang='lat' dir='ltr'><strong>inﬁnita</strong></span> <span class='ocrx_word' id='word_1_411' title='bbox 2469 3079 2578 3134; x_wconf 92' lang='lat' dir='ltr'><strong>sint</strong></span> <span class='ocrx_word' id='word_1_412' title='bbox 2606 3095 2710 3136; x_wconf 91' lang='lat' dir='ltr'><strong>nec</strong></span> <span class='ocrx_word' id='word_1_413' title='bbox 2742 3081 2870 3140; x_wconf 88' lang='lat' dir='ltr'><strong>ullis</strong></span> <span class='ocrx_word' id='word_1_414' title='bbox 2907 3083 3153 3139; x_wconf 83' lang='lat' dir='ltr'><strong>scientiae</strong></span> <span class='ocrx_word' id='word_1_415' title='bbox 3180 3079 3450 3136; x_wconf 90' lang='lat' dir='ltr'><strong>limitibus</strong></span> <span class='ocrx_word' id='word_1_416' title='bbox 3489 3080 3579 3135; x_wconf 85' lang='lat' dir='ltr'><strong>in-</strong></span> 
     </span>
    </p>
   </div>
   <div class='ocr_carea' id='block_1_33' title="bbox 309 3164 3581 3239">
    <p class='ocr_par' dir='ltr' id='par_1_33' title="bbox 309 3164 3581 3239">
     <span class='ocr_line' id='line_1_33' title="bbox 309 3164 3581 3239; baseline 0.001 -21"><span class='ocrx_word' id='word_1_417' title='bbox 309 3165 464 3218; x_wconf 85' lang='lat' dir='ltr'><strong>cludi</strong></span> <span class='ocrx_word' id='word_1_418' title='bbox 494 3165 732 3232; x_wconf 84' lang='lat' dir='ltr'><strong>possint,</strong></span> <span class='ocrx_word' id='word_1_419' title='bbox 768 3165 1042 3234; x_wconf 75' lang='lat' dir='ltr'><strong>praeeipua</strong></span> <span class='ocrx_word' id='word_1_420' title='bbox 1074 3179 1142 3218; x_wconf 87' lang='lat' dir='ltr'><strong>ex</strong></span> <span class='ocrx_word' id='word_1_421' title='bbox 1178 3164 1246 3218; x_wconf 89' lang='lat' dir='ltr'><strong>iis</strong></span> <span class='ocrx_word' id='word_1_422' title='bbox 1283 3165 1424 3219; x_wconf 92' lang='lat' dir='ltr'><strong>scire</strong></span> <span class='ocrx_word' id='word_1_423' title='bbox 1453 3165 1589 3219; x_wconf 88' lang='lat' dir='ltr'><strong>satis</strong></span> <span class='ocrx_word' id='word_1_424' title='bbox 1618 3174 1710 3220; x_wconf 89' lang='lat' dir='ltr'><strong>est</strong></span> <span class='ocrx_word' id='word_1_425' title='bbox 1742 3167 1834 3234; x_wconf 89' lang='lat' dir='ltr'><strong>(de</strong></span> <span class='ocrx_word' id='word_1_426' title='bbox 1862 3167 2182 3220; x_wconf 84' lang='lat' dir='ltr'><strong>hominibus</strong></span> <span class='ocrx_word' id='word_1_427' title='bbox 2221 3167 2505 3235; x_wconf 87' lang='lat' dir='ltr'><strong>occupatis</strong></span> <span class='ocrx_word' id='word_1_428' title='bbox 2533 3167 2751 3239; x_wconf 83' lang='lat' dir='ltr'><strong>loquor)</strong></span> <span class='ocrx_word' id='word_1_429' title='bbox 2792 3178 2848 3224; x_wconf 86' lang='lat' dir='ltr'><strong>et</strong></span> <span class='ocrx_word' id='word_1_430' title='bbox 2891 3171 3139 3225; x_wconf 88' lang='lat' dir='ltr'><strong>ordinem</strong></span> <span class='ocrx_word' id='word_1_431' title='bbox 3185 3179 3489 3238; x_wconf 86' lang='lat' dir='ltr'><strong>temporum</strong></span> <span class='ocrx_word' id='word_1_432' title='bbox 3515 3184 3581 3222; x_wconf 88' lang='lat' dir='ltr'><strong>ac</strong></span> 
     </span>
    </p>
   </div>
   <div class='ocr_carea' id='block_1_34' title="bbox 311 3249 3579 3323">
    <p class='ocr_par' dir='ltr' id='par_1_34' title="bbox 311 3249 3579 3323">
     <span class='ocr_line' id='line_1_34' title="bbox 311 3249 3579 3323; baseline 0.002 -19"><span class='ocrx_word' id='word_1_433' title='bbox 311 3266 503 3304; x_wconf 84' lang='lat' dir='ltr'><strong>rerum</strong></span> <span class='ocrx_word' id='word_1_434' title='bbox 531 3259 810 3320; x_wconf 88' lang='lat' dir='ltr'><strong>gestarum</strong></span> <span class='ocrx_word' id='word_1_435' title='bbox 842 3251 1028 3304; x_wconf 87' lang='lat' dir='ltr'><strong>animo</strong></span> <span class='ocrx_word' id='word_1_436' title='bbox 1070 3250 1386 3318; x_wconf 89' lang='lat' dir='ltr'><strong>complecti.</strong></span> <span class='ocrx_word' id='word_1_437' title='bbox 1418 3249 1594 3315; x_wconf 86' lang='lat' dir='ltr'><strong>Quam</strong></span> <span class='ocrx_word' id='word_1_438' title='bbox 1643 3252 1709 3305; x_wconf 90' lang='lat' dir='ltr'><strong>ad</strong></span> <span class='ocrx_word' id='word_1_439' title='bbox 1752 3268 1865 3307; x_wconf 91' lang='lat' dir='ltr'><strong>rem</strong></span> <span class='ocrx_word' id='word_1_440' title='bbox 1905 3269 2014 3307; x_wconf 88' lang='lat' dir='ltr'><strong>non</strong></span> <span class='ocrx_word' id='word_1_441' title='bbox 2043 3268 2235 3320; x_wconf 87' lang='lat' dir='ltr'><strong>parum</strong></span> <span class='ocrx_word' id='word_1_442' title='bbox 2273 3252 2575 3321; x_wconf 89' lang='lat' dir='ltr'><strong>adjumenti</strong></span> <span class='ocrx_word' id='word_1_443' title='bbox 2617 3253 2812 3308; x_wconf 77' lang='lat' dir='ltr'><strong>afferet</strong></span> <span class='ocrx_word' id='word_1_444' title='bbox 2844 3255 3085 3310; x_wconf 86' lang='lat' dir='ltr'><strong>Zonaras</strong></span> <span class='ocrx_word' id='word_1_445' title='bbox 3118 3263 3340 3316; x_wconf 87' lang='lat' dir='ltr'><strong>noster,</strong></span> <span class='ocrx_word' id='word_1_446' title='bbox 3373 3255 3468 3323; x_wconf 91' lang='lat' dir='ltr'><strong>qui</strong></span> <span class='ocrx_word' id='word_1_447' title='bbox 3509 3255 3579 3309; x_wconf 89' lang='lat' dir='ltr'><strong>ab</strong></span> 
     </span>
    </p>
   </div>
   <div class='ocr_carea' id='block_1_35' title="bbox 310 3333 3579 3412">
    <p class='ocr_par' dir='ltr' id='par_1_35' title="bbox 310 3333 3579 3412">
     <span class='ocr_line' id='line_1_35' title="bbox 310 3333 3579 3412; baseline 0.002 -21"><span class='ocrx_word' id='word_1_448' title='bbox 310 3339 452 3392; x_wconf 87' lang='lat' dir='ltr'><strong>orbe</strong></span> <span class='ocrx_word' id='word_1_449' title='bbox 479 3336 707 3390; x_wconf 89' lang='lat' dir='ltr'><strong>condito</strong></span> <span class='ocrx_word' id='word_1_450' title='bbox 735 3335 1050 3408; x_wconf 86' lang='lat' dir='ltr'><strong>auspicatus</strong></span> <span class='ocrx_word' id='word_1_451' title='bbox 1077 3333 1147 3388; x_wconf 89' lang='lat' dir='ltr'><strong>ad</strong></span> <span class='ocrx_word' id='word_1_452' title='bbox 1179 3350 1331 3390; x_wconf 90' lang='lat' dir='ltr'><strong>suam</strong></span> <span class='ocrx_word' id='word_1_453' title='bbox 1363 3351 1538 3407; x_wconf 91' lang='lat' dir='ltr'><strong>usque</strong></span> <span class='ocrx_word' id='word_1_454' title='bbox 1567 3347 1782 3391; x_wconf 72' lang='lat' dir='ltr'><strong>aztatem</strong></span> <span class='ocrx_word' id='word_1_455' title='bbox 1808 3379 1822 3401; x_wconf 94' lang='lat'><strong>,</strong></span> <span class='ocrx_word' id='word_1_456' title='bbox 1856 3339 1962 3393; x_wconf 91' lang='lat' dir='ltr'><strong>hoc</strong></span> <span class='ocrx_word' id='word_1_457' title='bbox 1994 3349 2081 3393; x_wconf 89' lang='lat' dir='ltr'><strong>est</strong></span> <span class='ocrx_word' id='word_1_458' title='bbox 2109 3340 2173 3394; x_wconf 91' lang='lat' dir='ltr'><strong>ad</strong></span> <span class='ocrx_word' id='word_1_459' title='bbox 2205 3355 2380 3394; x_wconf 87' lang='lat' dir='ltr'><strong>annos</strong></span> <span class='ocrx_word' id='word_1_460' title='bbox 2410 3339 2613 3395; x_wconf 90' lang='lat' dir='ltr'><strong>abhinc</strong></span> <span class='ocrx_word' id='word_1_461' title='bbox 2640 3343 2876 3411; x_wconf 91' lang='lat' dir='ltr'><strong>amplius</strong></span> <span class='ocrx_word' id='word_1_462' title='bbox 2915 3341 3020 3395; x_wconf 68' lang='lat'><strong>400</strong></span> <span class='ocrx_word' id='word_1_463' title='bbox 3051 3343 3344 3412; x_wconf 88' lang='lat' dir='ltr'><strong>processit.</strong></span> <span class='ocrx_word' id='word_1_464' title='bbox 3381 3342 3436 3396; x_wconf 89' lang='lat' dir='ltr'><strong>In</strong></span> <span class='ocrx_word' id='word_1_465' title='bbox 3467 3358 3579 3412; x_wconf 88' lang='lat' dir='ltr'><strong>quo</strong></span> 
     </span>
    </p>
   </div>
   <div class='ocr_carea' id='block_1_36' title="bbox 312 3421 3580 3500">
    <p class='ocr_par' dir='ltr' id='par_1_36' title="bbox 312 3421 3580 3500">
     <span class='ocr_line' id='line_1_36' title="bbox 312 3421 3580 3500; baseline 0.002 -23"><span class='ocrx_word' id='word_1_466' title='bbox 312 3438 546 3478; x_wconf 85' lang='lat' dir='ltr'><strong>necesse</strong></span> <span class='ocrx_word' id='word_1_467' title='bbox 583 3421 772 3474; x_wconf 87' lang='lat' dir='ltr'><strong>habuit</strong></span> <span class='ocrx_word' id='word_1_468' title='bbox 809 3421 982 3490; x_wconf 89' lang='lat' dir='ltr'><strong>prima</strong></span> <span class='ocrx_word' id='word_1_469' title='bbox 1016 3423 1172 3489; x_wconf 88' lang='lat' dir='ltr'><strong>quasi</strong></span> <span class='ocrx_word' id='word_1_470' title='bbox 1206 3437 1390 3476; x_wconf 89' lang='lat' dir='ltr'><strong>rerum</strong></span> <span class='ocrx_word' id='word_1_471' title='bbox 1425 3433 1703 3493; x_wconf 83' lang='lat' dir='ltr'><strong>gestarum</strong></span> <span class='ocrx_word' id='word_1_472' title='bbox 1731 3425 2014 3480; x_wconf 78' lang='lat' dir='ltr'><strong>cunabula</strong></span> <span class='ocrx_word' id='word_1_473' title='bbox 2037 3443 2100 3479; x_wconf 85' lang='lat' dir='ltr'><strong>ex</strong></span> <span class='ocrx_word' id='word_1_474' title='bbox 2135 3427 2362 3480; x_wconf 87' lang='lat' dir='ltr'><strong>Litteris</strong></span> <span class='ocrx_word' id='word_1_475' title='bbox 2385 3428 2580 3489; x_wconf 87' lang='lat' dir='ltr'><strong>sacris.</strong></span> <span class='ocrx_word' id='word_1_476' title='bbox 2605 3429 2846 3499; x_wconf 81' lang='lat' dir='ltr'><strong>Josepho</strong></span> <span class='ocrx_word' id='word_1_477' title='bbox 2873 3439 3034 3500; x_wconf 91' lang='lat' dir='ltr'><strong>atque</strong></span> <span class='ocrx_word' id='word_1_478' title='bbox 3065 3431 3188 3484; x_wconf 90' lang='lat' dir='ltr'><strong>aliis</strong></span> <span class='ocrx_word' id='word_1_479' title='bbox 3215 3431 3580 3499; x_wconf 84' lang='lat' dir='ltr'><strong>scriptoribus</strong></span> 
     </span>
    </p>
   </div>
   <div class='ocr_carea' id='block_1_37' title="bbox 312 3508 3579 3583">
    <p class='ocr_par' dir='ltr' id='par_1_37' title="bbox 312 3508 3579 3583">
     <span class='ocr_line' id='line_1_37' title="bbox 312 3508 3579 3583; baseline 0.003 -21"><span class='ocrx_word' id='word_1_480' title='bbox 312 3510 554 3564; x_wconf 76' lang='lat' dir='ltr'><strong>vetustis</strong></span> <span class='ocrx_word' id='word_1_481' title='bbox 588 3516 864 3577; x_wconf 84' lang='lat' dir='ltr'><strong>repetere.</strong></span> <span class='ocrx_word' id='word_1_482' title='bbox 907 3508 1037 3572; x_wconf 73' lang='lat' dir='ltr'><strong>Quae</strong></span> <span class='ocrx_word' id='word_1_483' title='bbox 1077 3508 1258 3572; x_wconf 86' lang='lat' dir='ltr'><strong>nobis,</strong></span> <span class='ocrx_word' id='word_1_484' title='bbox 1286 3510 1332 3564; x_wconf 88' lang='lat' dir='ltr'><strong>si</strong></span> <span class='ocrx_word' id='word_1_485' title='bbox 1365 3512 1573 3580; x_wconf 90' lang='lat' dir='ltr'><strong>absque</strong></span> <span class='ocrx_word' id='word_1_486' title='bbox 1603 3510 1749 3566; x_wconf 81' lang='lat' dir='ltr'><strong>Mose</strong></span> <span class='ocrx_word' id='word_1_487' title='bbox 1781 3511 1994 3576; x_wconf 83' lang='lat' dir='ltr'><strong>fuisset,</strong></span> <span class='ocrx_word' id='word_1_488' title='bbox 2026 3513 2185 3582; x_wconf 86' lang='lat' dir='ltr'><strong>plane</strong></span> <span class='ocrx_word' id='word_1_489' title='bbox 2218 3514 2416 3583; x_wconf 66' lang='lat' dir='ltr'><strong>ignota:</strong></span> <span class='ocrx_word' id='word_1_490' title='bbox 2444 3524 2629 3569; x_wconf 89' lang='lat' dir='ltr'><strong>essent</strong></span> <span class='ocrx_word' id='word_1_491' title='bbox 2662 3537 2676 3570; x_wconf 89' lang='lat'><strong>:</strong></span> <span class='ocrx_word' id='word_1_492' title='bbox 2716 3518 2804 3572; x_wconf 91' lang='lat' dir='ltr'><strong>cui</strong></span> <span class='ocrx_word' id='word_1_493' title='bbox 2837 3533 2938 3572; x_wconf 90' lang='lat' dir='ltr'><strong>nos</strong></span> <span class='ocrx_word' id='word_1_494' title='bbox 2983 3527 3042 3572; x_wconf 92' lang='lat' dir='ltr'><strong>ut</strong></span> <span class='ocrx_word' id='word_1_495' title='bbox 3083 3519 3348 3572; x_wconf 89' lang='lat' dir='ltr'><strong>divinitus</strong></span> <span class='ocrx_word' id='word_1_496' title='bbox 3380 3519 3579 3572; x_wconf 78' lang='lat' dir='ltr'><strong>edocm</strong></span> 
     </span>
    </p>
   </div>
   <div class='ocr_carea' id='block_1_38' title="bbox 323 3595 3581 3670">
    <p class='ocr_par' dir='ltr' id='par_1_38' title="bbox 323 3595 3581 3670">
     <span class='ocr_line' id='line_1_38' title="bbox 323 3595 3581 3670; baseline 0.002 -21"><span class='ocrx_word' id='word_1_497' title='bbox 323 3597 515 3666; x_wconf 88' lang='lat' dir='ltr'><strong>religio</strong></span> <span class='ocrx_word' id='word_1_498' title='bbox 547 3607 756 3658; x_wconf 88' lang='lat' dir='ltr'><strong>nostra,</strong></span> <span class='ocrx_word' id='word_1_499' title='bbox 783 3595 1039 3665; x_wconf 82' lang='lat' dir='ltr'><strong>quamvis</strong></span> <span class='ocrx_word' id='word_1_500' title='bbox 1073 3595 1401 3651; x_wconf 88' lang='lat' dir='ltr'><strong>adversante</strong></span> <span class='ocrx_word' id='word_1_501' title='bbox 1440 3599 1812 3669; x_wconf 84' lang='lat' dir='ltr'><strong>philosophia,</strong></span> <span class='ocrx_word' id='word_1_502' title='bbox 1845 3600 2071 3654; x_wconf 88' lang='lat' dir='ltr'><strong>credere</strong></span> <span class='ocrx_word' id='word_1_503' title='bbox 2103 3599 2263 3670; x_wconf 87' lang='lat' dir='ltr'><strong>jubet</strong></span> <span class='ocrx_word' id='word_1_504' title='bbox 2291 3615 2352 3653; x_wconf 88' lang='lat' dir='ltr'><strong>ac</strong></span> <span class='ocrx_word' id='word_1_505' title='bbox 2383 3601 2548 3669; x_wconf 86' lang='lat' dir='ltr'><strong>cogit.</strong></span> <span class='ocrx_word' id='word_1_506' title='bbox 2584 3602 2651 3658; x_wconf 91' lang='lat' dir='ltr'><strong>Ut</strong></span> <span class='ocrx_word' id='word_1_507' title='bbox 2683 3612 2741 3656; x_wconf 91' lang='lat' dir='ltr'><strong>ut</strong></span> <span class='ocrx_word' id='word_1_508' title='bbox 2763 3604 2856 3666; x_wconf 90' lang='lat' dir='ltr'><strong>sit,</strong></span> <span class='ocrx_word' id='word_1_509' title='bbox 2889 3613 3170 3658; x_wconf 87' lang='lat' dir='ltr'><strong>auctorem</strong></span> <span class='ocrx_word' id='word_1_510' title='bbox 3207 3618 3273 3655; x_wconf 89' lang='lat' dir='ltr'><strong>eo</strong></span> <span class='ocrx_word' id='word_1_511' title='bbox 3303 3604 3581 3670; x_wconf 86' lang='lat' dir='ltr'><strong>antiquio-</strong></span> 
     </span>
    </p>
   </div>
   <div class='ocr_carea' id='block_1_39' title="bbox 331 3682 3575 3758">
    <p class='ocr_par' dir='ltr' id='par_1_39' title="bbox 331 3682 3575 3758">
     <span class='ocr_line' id='line_1_39' title="bbox 331 3682 3575 3758; baseline 0.001 -21"><span class='ocrx_word' id='word_1_512' title='bbox 331 3699 451 3737; x_wconf 85' lang='lat' dir='ltr'><strong>rem</strong></span> <span class='ocrx_word' id='word_1_513' title='bbox 472 3693 526 3736; x_wconf 80' lang='lat' dir='ltr'><strong>et</strong></span> <span class='ocrx_word' id='word_1_514' title='bbox 546 3683 831 3738; x_wconf 84' lang='lat' dir='ltr'><strong>certiorem</strong></span> <span class='ocrx_word' id='word_1_515' title='bbox 856 3697 964 3736; x_wconf 91' lang='lat' dir='ltr'><strong>non</strong></span> <span class='ocrx_word' id='word_1_516' title='bbox 1000 3682 1288 3737; x_wconf 86' lang='lat' dir='ltr'><strong>habemus.</strong></span> <span class='ocrx_word' id='word_1_517' title='bbox 1316 3683 1412 3737; x_wconf 91' lang='lat' dir='ltr'><strong>Est</strong></span> <span class='ocrx_word' id='word_1_518' title='bbox 1441 3685 1587 3737; x_wconf 91' lang='lat' dir='ltr'><strong>enim</strong></span> <span class='ocrx_word' id='word_1_519' title='bbox 1614 3684 1839 3740; x_wconf 83' lang='lat' dir='ltr'><strong>Judaica</strong></span> <span class='ocrx_word' id='word_1_520' title='bbox 1870 3687 2094 3741; x_wconf 89' lang='lat' dir='ltr'><strong>historia</strong></span> <span class='ocrx_word' id='word_1_521' title='bbox 2127 3687 2294 3741; x_wconf 91' lang='lat' dir='ltr'><strong>veluti</strong></span> <span class='ocrx_word' id='word_1_522' title='bbox 2328 3686 2741 3748; x_wconf 84' lang='lat' dir='ltr'><strong>fundamentum</strong></span> <span class='ocrx_word' id='word_1_523' title='bbox 2765 3699 2858 3742; x_wconf 89' lang='lat' dir='ltr'><strong>aut</strong></span> <span class='ocrx_word' id='word_1_524' title='bbox 2887 3690 3222 3758; x_wconf 89' lang='lat' dir='ltr'><strong>principium</strong></span> <span class='ocrx_word' id='word_1_525' title='bbox 3252 3698 3575 3742; x_wconf 84' lang='lat' dir='ltr'><strong>eaeterarum</strong></span> 
     </span>
    </p>
   </div>
   <div class='ocr_carea' id='block_1_40' title="bbox 329 3771 3580 3844">
    <p class='ocr_par' dir='ltr' id='par_1_40' title="bbox 329 3771 3580 3844">
     <span class='ocr_line' id='line_1_40' title="bbox 329 3771 3580 3844; baseline 0.001 -20"><span class='ocrx_word' id='word_1_526' title='bbox 329 3771 581 3825; x_wconf 88' lang='lat' dir='ltr'><strong>omnium</strong></span> <span class='ocrx_word' id='word_1_527' title='bbox 615 3793 626 3826; x_wconf 94' lang='lat'><strong>:</strong></span> <span class='ocrx_word' id='word_1_528' title='bbox 657 3782 712 3826; x_wconf 87' lang='lat' dir='ltr'><strong>et</strong></span> <span class='ocrx_word' id='word_1_529' title='bbox 740 3773 920 3840; x_wconf 80' lang='lat' dir='ltr'><strong>gentis</strong></span> <span class='ocrx_word' id='word_1_530' title='bbox 954 3772 1103 3826; x_wconf 91' lang='lat' dir='ltr'><strong>illius</strong></span> <span class='ocrx_word' id='word_1_531' title='bbox 1136 3772 1340 3824; x_wconf 90' lang='lat' dir='ltr'><strong>mirum</strong></span> <span class='ocrx_word' id='word_1_532' title='bbox 1375 3771 1652 3840; x_wconf 88' lang='lat' dir='ltr'><strong>quoddam</strong></span> <span class='ocrx_word' id='word_1_533' title='bbox 1685 3773 1880 3838; x_wconf 87' lang='lat' dir='ltr'><strong>fatum,</strong></span> <span class='ocrx_word' id='word_1_534' title='bbox 1915 3785 1972 3828; x_wconf 92' lang='lat' dir='ltr'><strong>ut</strong></span> <span class='ocrx_word' id='word_1_535' title='bbox 2001 3789 2142 3844; x_wconf 91' lang='lat' dir='ltr'><strong>pene</strong></span> <span class='ocrx_word' id='word_1_536' title='bbox 2177 3783 2348 3828; x_wconf 91' lang='lat' dir='ltr'><strong>totum</strong></span> <span class='ocrx_word' id='word_1_537' title='bbox 2381 3781 2653 3828; x_wconf 89' lang='lat' dir='ltr'><strong>terrarum</strong></span> <span class='ocrx_word' id='word_1_538' title='bbox 2693 3775 2882 3830; x_wconf 90' lang='lat' dir='ltr'><strong>orbem</strong></span> <span class='ocrx_word' id='word_1_539' title='bbox 2913 3784 3224 3842; x_wconf 85' lang='lat' dir='ltr'><strong>pervagata,</strong></span> <span class='ocrx_word' id='word_1_540' title='bbox 3261 3773 3315 3826; x_wconf 93' lang='lat' dir='ltr'><strong>in</strong></span> <span class='ocrx_word' id='word_1_541' title='bbox 3345 3775 3580 3829; x_wconf 84' lang='lat' dir='ltr'><strong>summis</strong></span> 
     </span>
    </p>
   </div>
   <div class='ocr_carea' id='block_1_41' title="bbox 322 3858 3579 3930">
    <p class='ocr_par' dir='ltr' id='par_1_41' title="bbox 322 3858 3579 3930">
     <span class='ocr_line' id='line_1_41' title="bbox 322 3858 3579 3930; baseline 0 -16"><span class='ocrx_word' id='word_1_542' title='bbox 322 3869 634 3914; x_wconf 79' lang='lat' dir='ltr'><strong>exterarum</strong></span> <span class='ocrx_word' id='word_1_543' title='bbox 657 3862 904 3930; x_wconf 86' lang='lat' dir='ltr'><strong>gentium</strong></span> <span class='ocrx_word' id='word_1_544' title='bbox 928 3859 1071 3914; x_wconf 89' lang='lat' dir='ltr'><strong>odiis</strong></span> <span class='ocrx_word' id='word_1_545' title='bbox 1095 3869 1153 3915; x_wconf 89' lang='lat' dir='ltr'><strong>et</strong></span> <span class='ocrx_word' id='word_1_546' title='bbox 1181 3858 1682 3922; x_wconf 88' lang='lat' dir='ltr'><strong>adversationibus,</strong></span> <span class='ocrx_word' id='word_1_547' title='bbox 1709 3869 1888 3914; x_wconf 89' lang='lat' dir='ltr'><strong>tamen</strong></span> <span class='ocrx_word' id='word_1_548' title='bbox 1919 3861 2208 3930; x_wconf 84' lang='lat' dir='ltr'><strong>Opinioues</strong></span> <span class='ocrx_word' id='word_1_549' title='bbox 2234 3875 2364 3914; x_wconf 91' lang='lat' dir='ltr'><strong>suas</strong></span> <span class='ocrx_word' id='word_1_550' title='bbox 2389 3860 2625 3914; x_wconf 89' lang='lat' dir='ltr'><strong>mirabili</strong></span> <span class='ocrx_word' id='word_1_551' title='bbox 2653 3862 2768 3914; x_wconf 89' lang='lat' dir='ltr'><strong>sive</strong></span> <span class='ocrx_word' id='word_1_552' title='bbox 2797 3860 3098 3928; x_wconf 88' lang='lat' dir='ltr'><strong>pertinacia</strong></span> <span class='ocrx_word' id='word_1_553' title='bbox 3125 3861 3239 3914; x_wconf 85' lang='lat' dir='ltr'><strong>sive</strong></span> <span class='ocrx_word' id='word_1_554' title='bbox 3266 3864 3579 3916; x_wconf 85' lang='lat' dir='ltr'><strong>constantia</strong></span> 
     </span>
    </p>
   </div>
   <div class='ocr_carea' id='block_1_42' title="bbox 318 3946 3576 4018">
    <p class='ocr_par' dir='ltr' id='par_1_42' title="bbox 318 3946 3576 4018">
     <span class='ocr_line' id='line_1_42' title="bbox 318 3946 3576 4018; baseline 0.001 -17"><span class='ocrx_word' id='word_1_555' title='bbox 318 3946 658 4011; x_wconf 87' lang='lat' dir='ltr'><strong>defenderit,</strong></span> <span class='ocrx_word' id='word_1_556' title='bbox 697 3957 863 4016; x_wconf 89' lang='lat' dir='ltr'><strong>atque</strong></span> <span class='ocrx_word' id='word_1_557' title='bbox 898 3947 1062 4001; x_wconf 90' lang='lat' dir='ltr'><strong>etiam</strong></span> <span class='ocrx_word' id='word_1_558' title='bbox 1092 3946 1256 4001; x_wconf 90' lang='lat' dir='ltr'><strong>hodie</strong></span> <span class='ocrx_word' id='word_1_559' title='bbox 1291 3953 1533 4009; x_wconf 90' lang='lat' dir='ltr'><strong>tueatur,</strong></span> <span class='ocrx_word' id='word_1_560' title='bbox 1566 3953 1628 3999; x_wconf 88' lang='lat' dir='ltr'><strong>et</strong></span> <span class='ocrx_word' id='word_1_561' title='bbox 1667 3946 1869 4001; x_wconf 83' lang='lat' dir='ltr'><strong>multos</strong></span> <span class='ocrx_word' id='word_1_562' title='bbox 1895 3947 1949 4000; x_wconf 94' lang='lat' dir='ltr'><strong>in</strong></span> <span class='ocrx_word' id='word_1_563' title='bbox 1975 3963 2130 4002; x_wconf 89' lang='lat' dir='ltr'><strong>suam</strong></span> <span class='ocrx_word' id='word_1_564' title='bbox 2160 3949 2490 4004; x_wconf 89' lang='lat' dir='ltr'><strong>sententiam</strong></span> <span class='ocrx_word' id='word_1_565' title='bbox 2523 3948 2870 4018; x_wconf 83' lang='lat' dir='ltr'><strong>pertraxerit.</strong></span> <span class='ocrx_word' id='word_1_566' title='bbox 2899 3949 3070 4013; x_wconf 80' lang='lat' dir='ltr'><strong>Quale</strong></span> <span class='ocrx_word' id='word_1_567' title='bbox 3101 3947 3237 4002; x_wconf 90' lang='lat' dir='ltr'><strong>nihil</strong></span> <span class='ocrx_word' id='word_1_568' title='bbox 3269 3948 3325 4002; x_wconf 92' lang='lat' dir='ltr'><strong>in</strong></span> <span class='ocrx_word' id='word_1_569' title='bbox 3356 3952 3576 4003; x_wconf 79' lang='lat' dir='ltr'><strong>caeteris</strong></span> 
     </span>
    </p>
   </div>
   <div class='ocr_carea' id='block_1_43' title="bbox 317 4033 3577 4108">
    <p class='ocr_par' dir='ltr' id='par_1_43' title="bbox 317 4033 3577 4108">
     <span class='ocr_line' id='line_1_43' title="bbox 317 4033 3577 4108; baseline -0 -19"><span class='ocrx_word' id='word_1_570' title='bbox 317 4035 545 4105; x_wconf 84' lang='lat' dir='ltr'><strong>populis</strong></span> <span class='ocrx_word' id='word_1_571' title='bbox 574 4035 852 4089; x_wconf 86' lang='lat' dir='ltr'><strong>cernitur:</strong></span> <span class='ocrx_word' id='word_1_572' title='bbox 873 4048 1107 4103; x_wconf 89' lang='lat' dir='ltr'><strong>quorum</strong></span> <span class='ocrx_word' id='word_1_573' title='bbox 1144 4033 1410 4098; x_wconf 70' lang='lat' dir='ltr'><strong>historiae,</strong></span> <span class='ocrx_word' id='word_1_574' title='bbox 1436 4033 1659 4087; x_wconf 90' lang='lat' dir='ltr'><strong>insertis</strong></span> <span class='ocrx_word' id='word_1_575' title='bbox 1693 4033 1859 4086; x_wconf 90' lang='lat' dir='ltr'><strong>etiam</strong></span> <span class='ocrx_word' id='word_1_576' title='bbox 1885 4043 1939 4089; x_wconf 91' lang='lat' dir='ltr'><strong>et</strong></span> <span class='ocrx_word' id='word_1_577' title='bbox 1967 4037 2252 4105; x_wconf 83' lang='lat' dir='ltr'><strong>explicatis</strong></span> <span class='ocrx_word' id='word_1_578' title='bbox 2279 4035 2519 4091; x_wconf 87' lang='lat' dir='ltr'><strong>Danielis</strong></span> <span class='ocrx_word' id='word_1_579' title='bbox 2539 4045 2596 4090; x_wconf 85' lang='lat' dir='ltr'><strong>et</strong></span> <span class='ocrx_word' id='word_1_580' title='bbox 2625 4037 2862 4091; x_wconf 90' lang='lat' dir='ltr'><strong>aliorum</strong></span> <span class='ocrx_word' id='word_1_581' title='bbox 2896 4036 3286 4108; x_wconf 84' lang='lat' dir='ltr'><strong>prophetarum</strong></span> <span class='ocrx_word' id='word_1_582' title='bbox 3314 4035 3577 4100; x_wconf 89' lang='lat' dir='ltr'><strong>oraculis,</strong></span> 
     </span>
    </p>
   </div>
   <div class='ocr_carea' id='block_1_44' title="bbox 315 4119 3579 4193">
    <p class='ocr_par' dir='ltr' id='par_1_44' title="bbox 315 4119 3579 4193">
     <span class='ocr_line' id='line_1_44' title="bbox 315 4119 3579 4193; baseline -0.001 -14"><span class='ocrx_word' id='word_1_583' title='bbox 315 4125 506 4179; x_wconf 83' lang='lat' dir='ltr'><strong>obiter</strong></span> <span class='ocrx_word' id='word_1_584' title='bbox 553 4123 926 4193; x_wconf 85' lang='lat' dir='ltr'><strong>attinguntur,</strong></span> <span class='ocrx_word' id='word_1_585' title='bbox 959 4131 1020 4176; x_wconf 92' lang='lat' dir='ltr'><strong>ut</strong></span> <span class='ocrx_word' id='word_1_586' title='bbox 1061 4120 1393 4192; x_wconf 61' lang='lat' dir='ltr'><strong>Egyptiacae</strong></span> <span class='ocrx_word' id='word_1_587' title='bbox 1419 4160 1434 4184; x_wconf 94' lang='lat'><strong>,</strong></span> <span class='ocrx_word' id='word_1_588' title='bbox 1476 4121 1745 4191; x_wconf 69' lang='lat' dir='ltr'><strong>Assyriae,</strong></span> <span class='ocrx_word' id='word_1_589' title='bbox 1782 4119 2044 4187; x_wconf 68' lang='lat' dir='ltr'><strong>Persicae,</strong></span> <span class='ocrx_word' id='word_1_590' title='bbox 2076 4124 2436 4178; x_wconf 83' lang='lat' dir='ltr'><strong>Macedonicae</strong></span> <span class='ocrx_word' id='word_1_591' title='bbox 2460 4165 2474 4187; x_wconf 89' lang='lat'><strong>,</strong></span> <span class='ocrx_word' id='word_1_592' title='bbox 2505 4125 2782 4179; x_wconf 67' lang='lat' dir='ltr'><strong>Romamn.</strong></span> <span class='ocrx_word' id='word_1_593' title='bbox 2821 4124 3143 4190; x_wconf 85' lang='lat' dir='ltr'><strong>Quanquam</strong></span> <span class='ocrx_word' id='word_1_594' title='bbox 3180 4122 3264 4174; x_wconf 90' lang='lat' dir='ltr'><strong>bis</strong></span> <span class='ocrx_word' id='word_1_595' title='bbox 3300 4122 3579 4190; x_wconf 87' lang='lat' dir='ltr'><strong>peculiare</strong></span> 
     </span>
    </p>
   </div>
   <div class='ocr_carea' id='block_1_45' title="bbox 316 4207 3581 4278">
    <p class='ocr_par' dir='ltr' id='par_1_45' title="bbox 316 4207 3581 4278">
     <span class='ocr_line' id='line_1_45' title="bbox 316 4207 3581 4278; baseline -0.001 -15"><span class='ocrx_word' id='word_1_596' title='bbox 316 4212 585 4266; x_wconf 82' lang='lat' dir='ltr'><strong>volumen</strong></span> <span class='ocrx_word' id='word_1_597' title='bbox 653 4209 953 4270; x_wconf 88' lang='lat' dir='ltr'><strong>dedicavit,</strong></span> <span class='ocrx_word' id='word_1_598' title='bbox 1023 4211 1170 4278; x_wconf 92' lang='lat' dir='ltr'><strong>quod</strong></span> <span class='ocrx_word' id='word_1_599' title='bbox 1231 4223 1330 4276; x_wconf 88' lang='lat' dir='ltr'><strong>ego</strong></span> <span class='ocrx_word' id='word_1_600' title='bbox 1390 4207 1443 4260; x_wconf 91' lang='lat' dir='ltr'><strong>in</strong></span> <span class='ocrx_word' id='word_1_601' title='bbox 1507 4207 1645 4262; x_wconf 88' lang='lat' dir='ltr'><strong>duas</strong></span> <span class='ocrx_word' id='word_1_602' title='bbox 1700 4218 1885 4278; x_wconf 88' lang='lat' dir='ltr'><strong>partes</strong></span> <span class='ocrx_word' id='word_1_603' title='bbox 1937 4207 2200 4276; x_wconf 81' lang='lat' dir='ltr'><strong>distinxi,</strong></span> <span class='ocrx_word' id='word_1_604' title='bbox 2267 4221 2322 4264; x_wconf 91' lang='lat' dir='ltr'><strong>et</strong></span> <span class='ocrx_word' id='word_1_605' title='bbox 2375 4211 2724 4265; x_wconf 86' lang='lat' dir='ltr'><strong>Christianos</strong></span> <span class='ocrx_word' id='word_1_606' title='bbox 2793 4210 3155 4278; x_wconf 89' lang='lat' dir='ltr'><strong>imperatores</strong></span> <span class='ocrx_word' id='word_1_607' title='bbox 3214 4207 3282 4260; x_wconf 91' lang='lat' dir='ltr'><strong>ab</strong></span> <span class='ocrx_word' id='word_1_608' title='bbox 3340 4207 3581 4261; x_wconf 86' lang='lat' dir='ltr'><strong>ethnicis</strong></span> 
     </span>
    </p>
   </div>
   <div class='ocr_carea' id='block_1_46' title="bbox 317 4292 3580 4368">
    <p class='ocr_par' dir='ltr' id='par_1_46' title="bbox 317 4292 3580 4368">
     <span class='ocr_line' id='line_1_46' title="bbox 317 4292 3580 4368; baseline -0.002 -12"><span class='ocrx_word' id='word_1_609' title='bbox 317 4299 613 4368; x_wconf 76' lang='lat' dir='ltr'><strong>separavi,</strong></span> <span class='ocrx_word' id='word_1_610' title='bbox 668 4307 728 4352; x_wconf 92' lang='lat' dir='ltr'><strong>ut</strong></span> <span class='ocrx_word' id='word_1_611' title='bbox 789 4306 964 4351; x_wconf 89' lang='lat' dir='ltr'><strong>totum</strong></span> <span class='ocrx_word' id='word_1_612' title='bbox 1007 4313 1148 4366; x_wconf 89' lang='lat' dir='ltr'><strong>opus</strong></span> <span class='ocrx_word' id='word_1_613' title='bbox 1206 4295 1545 4366; x_wconf 88' lang='lat' dir='ltr'><strong>tripartitum</strong></span> <span class='ocrx_word' id='word_1_614' title='bbox 1587 4307 1756 4351; x_wconf 86' lang='lat' dir='ltr'><strong>esset.</strong></span> <span class='ocrx_word' id='word_1_615' title='bbox 1819 4296 1898 4349; x_wconf 88' lang='lat' dir='ltr'><strong>De</strong></span> <span class='ocrx_word' id='word_1_616' title='bbox 1942 4297 2100 4365; x_wconf 87' lang='lat' dir='ltr'><strong>cujus</strong></span> <span class='ocrx_word' id='word_1_617' title='bbox 2159 4304 2485 4364; x_wconf 84' lang='lat' dir='ltr'><strong>argumento</strong></span> <span class='ocrx_word' id='word_1_618' title='bbox 2544 4297 2827 4351; x_wconf 82' lang='lat' dir='ltr'><strong>hactenus.</strong></span> <span class='ocrx_word' id='word_1_619' title='bbox 2872 4296 3030 4349; x_wconf 84' lang='lat' dir='ltr'><strong>Nunc</strong></span> <span class='ocrx_word' id='word_1_620' title='bbox 3088 4292 3254 4347; x_wconf 88' lang='lat' dir='ltr'><strong>etiam</strong></span> <span class='ocrx_word' id='word_1_621' title='bbox 3306 4293 3373 4347; x_wconf 91' lang='lat' dir='ltr'><strong>de</strong></span> <span class='ocrx_word' id='word_1_622' title='bbox 3437 4294 3580 4363; x_wconf 82' lang='lat' dir='ltr'><strong>stylo</strong></span> 
     </span>
    </p>
   </div>
   <div class='ocr_carea' id='block_1_47' title="bbox 315 4379 3578 4452">
    <p class='ocr_par' dir='ltr' id='par_1_47' title="bbox 315 4379 3578 4452">
     <span class='ocr_line' id='line_1_47' title="bbox 315 4379 3578 4452; baseline -0.002 -11"><span class='ocrx_word' id='word_1_623' title='bbox 315 4386 568 4441; x_wconf 78' lang='lat' dir='ltr'><strong>auctoris</strong></span> <span class='ocrx_word' id='word_1_624' title='bbox 597 4385 858 4450; x_wconf 84' lang='lat' dir='ltr'><strong>nonnihil</strong></span> <span class='ocrx_word' id='word_1_625' title='bbox 907 4393 992 4438; x_wconf 89' lang='lat' dir='ltr'><strong>est</strong></span> <span class='ocrx_word' id='word_1_626' title='bbox 1031 4384 1348 4448; x_wconf 89' lang='lat' dir='ltr'><strong>dicendum,</strong></span> <span class='ocrx_word' id='word_1_627' title='bbox 1392 4384 1485 4452; x_wconf 90' lang='lat' dir='ltr'><strong>qui</strong></span> <span class='ocrx_word' id='word_1_628' title='bbox 1533 4398 1656 4436; x_wconf 90' lang='lat' dir='ltr'><strong>cum</strong></span> <span class='ocrx_word' id='word_1_629' title='bbox 1681 4398 1789 4435; x_wconf 89' lang='lat' dir='ltr'><strong>non</strong></span> <span class='ocrx_word' id='word_1_630' title='bbox 1830 4382 1996 4435; x_wconf 90' lang='lat' dir='ltr'><strong>unius</strong></span> <span class='ocrx_word' id='word_1_631' title='bbox 2037 4381 2108 4435; x_wconf 91' lang='lat' dir='ltr'><strong>sit</strong></span> <span class='ocrx_word' id='word_1_632' title='bbox 2146 4381 2365 4451; x_wconf 84' lang='lat' dir='ltr'><strong>generis</strong></span> <span class='ocrx_word' id='word_1_633' title='bbox 2392 4390 2449 4434; x_wconf 86' lang='lat' dir='ltr'><strong>et</strong></span> <span class='ocrx_word' id='word_1_634' title='bbox 2479 4379 2688 4444; x_wconf 65' lang='lat' dir='ltr'><strong>formae,</strong></span> <span class='ocrx_word' id='word_1_635' title='bbox 2720 4381 2816 4435; x_wconf 89' lang='lat' dir='ltr'><strong>sed</strong></span> <span class='ocrx_word' id='word_1_636' title='bbox 2866 4397 2966 4450; x_wconf 93' lang='lat' dir='ltr'><strong>pro</strong></span> <span class='ocrx_word' id='word_1_637' title='bbox 2996 4380 3256 4434; x_wconf 84' lang='lat' dir='ltr'><strong>varietate</strong></span> <span class='ocrx_word' id='word_1_638' title='bbox 3293 4389 3578 4434; x_wconf 90' lang='lat' dir='ltr'><strong>auctorum</strong></span> 
     </span>
    </p>
   </div>
   <div class='ocr_carea' id='block_1_48' title="bbox 316 4465 3580 4544">
    <p class='ocr_par' dir='ltr' id='par_1_48' title="bbox 316 4465 3580 4544">
     <span class='ocr_line' id='line_1_48' title="bbox 316 4465 3580 4544; baseline -0.002 -16"><span class='ocrx_word' id='word_1_639' title='bbox 316 4491 349 4528; x_wconf 82' lang='grc' dir='ltr'><strong>ο</strong></span> <span class='ocrx_word' id='word_1_640' title='bbox 373 4475 580 4544; x_wconf 85' lang='lat' dir='ltr'><strong>quibus</strong></span> <span class='ocrx_word' id='word_1_641' title='bbox 605 4474 722 4527; x_wconf 66' lang='lat' dir='ltr'><strong>haec</strong></span> <span class='ocrx_word' id='word_1_642' title='bbox 750 4473 921 4541; x_wconf 84' lang='lat' dir='ltr'><strong>petita</strong></span> <span class='ocrx_word' id='word_1_643' title='bbox 952 4479 1101 4536; x_wconf 88' lang='lat' dir='ltr'><strong>sunt,</strong></span> <span class='ocrx_word' id='word_1_644' title='bbox 1136 4480 1191 4524; x_wconf 89' lang='lat' dir='ltr'><strong>et</strong></span> <span class='ocrx_word' id='word_1_645' title='bbox 1231 4471 1346 4540; x_wconf 90' lang='lat' dir='ltr'><strong>ipse</strong></span> <span class='ocrx_word' id='word_1_646' title='bbox 1369 4470 1562 4534; x_wconf 85' lang='lat' dir='ltr'><strong>variet,</strong></span> <span class='ocrx_word' id='word_1_647' title='bbox 1591 4471 1645 4524; x_wconf 89' lang='lat' dir='ltr'><strong>in</strong></span> <span class='ocrx_word' id='word_1_648' title='bbox 1680 4465 1874 4524; x_wconf 87' lang='lat' dir='ltr'><strong>ultimo</strong></span> <span class='ocrx_word' id='word_1_649' title='bbox 1901 4477 2048 4522; x_wconf 91' lang='lat' dir='ltr'><strong>tomo</strong></span> <span class='ocrx_word' id='word_1_650' title='bbox 2084 4466 2386 4536; x_wconf 86' lang='lat' dir='ltr'><strong>praesertim</strong></span> <span class='ocrx_word' id='word_1_651' title='bbox 2411 4505 2424 4530; x_wconf 90' lang='lat'><strong>,</strong></span> <span class='ocrx_word' id='word_1_652' title='bbox 2459 4481 2565 4535; x_wconf 90' lang='lat' dir='ltr'><strong>qua</strong></span> <span class='ocrx_word' id='word_1_653' title='bbox 2610 4475 2767 4520; x_wconf 74' lang='lat' dir='ltr'><strong>aetate</strong></span> <span class='ocrx_word' id='word_1_654' title='bbox 2793 4466 2979 4521; x_wconf 69' lang='lat' dir='ltr'><strong>Graeca</strong></span> <span class='ocrx_word' id='word_1_655' title='bbox 3005 4466 3208 4535; x_wconf 89' lang='lat' dir='ltr'><strong>pariter</strong></span> <span class='ocrx_word' id='word_1_656' title='bbox 3241 4474 3296 4521; x_wconf 88' lang='lat' dir='ltr'><strong>et</strong></span> <span class='ocrx_word' id='word_1_657' title='bbox 3336 4467 3580 4522; x_wconf 83' lang='lat' dir='ltr'><strong>Romana</strong></span> 
     </span>
    </p>
   </div>
   <div class='ocr_carea' id='block_1_49' title="bbox 315 4553 3581 4634">
    <p class='ocr_par' dir='ltr' id='par_1_49' title="bbox 315 4553 3581 4634">
     <span class='ocr_line' id='line_1_49' title="bbox 315 4553 3581 4634; baseline -0.003 -16"><span class='ocrx_word' id='word_1_658' title='bbox 315 4565 508 4634; x_wconf 81' lang='lat' dir='ltr'><strong>lingua</strong></span> <span class='ocrx_word' id='word_1_659' title='bbox 529 4561 902 4633; x_wconf 81' lang='lat' dir='ltr'><strong>degeneravit,</strong></span> <span class='ocrx_word' id='word_1_660' title='bbox 931 4558 1134 4614; x_wconf 88' lang='lat' dir='ltr'><strong>eruditi</strong></span> <span class='ocrx_word' id='word_1_661' title='bbox 1182 4561 1435 4614; x_wconf 80' lang='lat' dir='ltr'><strong>homines</strong></span> <span class='ocrx_word' id='word_1_662' title='bbox 1470 4559 1525 4612; x_wconf 90' lang='lat' dir='ltr'><strong>in</strong></span> <span class='ocrx_word' id='word_1_663' title='bbox 1577 4574 1644 4612; x_wconf 92' lang='lat' dir='ltr'><strong>eo</strong></span> <span class='ocrx_word' id='word_1_664' title='bbox 1690 4558 1940 4613; x_wconf 91' lang='lat' dir='ltr'><strong>nonnihil</strong></span> <span class='ocrx_word' id='word_1_665' title='bbox 1986 4554 2408 4626; x_wconf 79' lang='lat' dir='ltr'><strong>desiderabant.</strong></span> <span class='ocrx_word' id='word_1_666' title='bbox 2459 4553 2774 4608; x_wconf 85' lang='lat' dir='ltr'><strong>Desideravi</strong></span> <span class='ocrx_word' id='word_1_667' title='bbox 2818 4563 2874 4608; x_wconf 92' lang='lat' dir='ltr'><strong>et</strong></span> <span class='ocrx_word' id='word_1_668' title='bbox 2915 4557 3032 4622; x_wconf 90' lang='lat' dir='ltr'><strong>ipse</strong></span> <span class='ocrx_word' id='word_1_669' title='bbox 3073 4555 3350 4618; x_wconf 88' lang='lat' dir='ltr'><strong>nonnihil,</strong></span> <span class='ocrx_word' id='word_1_670' title='bbox 3404 4555 3581 4623; x_wconf 85' lang='lat' dir='ltr'><strong>parci-</strong></span> 
     </span>
    </p>
   </div>
   <div class='ocr_carea' id='block_1_50' title="bbox 318 4640 3575 4718">
    <p class='ocr_par' dir='ltr' id='par_1_50' title="bbox 318 4640 3575 4718">
     <span class='ocr_line' id='line_1_50' title="bbox 318 4640 3575 4718; baseline -0.003 -12"><span class='ocrx_word' id='word_1_671' title='bbox 318 4652 564 4706; x_wconf 87' lang='lat' dir='ltr'><strong>moniam</strong></span> <span class='ocrx_word' id='word_1_672' title='bbox 605 4651 661 4704; x_wconf 90' lang='lat' dir='ltr'><strong>in</strong></span> <span class='ocrx_word' id='word_1_673' title='bbox 705 4649 903 4718; x_wconf 88' lang='lat' dir='ltr'><strong>primis</strong></span> <span class='ocrx_word' id='word_1_674' title='bbox 947 4646 1380 4701; x_wconf 75' lang='lat' dir='ltr'><strong>Demosthenicze</strong></span> <span class='ocrx_word' id='word_1_675' title='bbox 1423 4644 1692 4701; x_wconf 89' lang='lat' dir='ltr'><strong>orationis</strong></span> <span class='ocrx_word' id='word_1_676' title='bbox 1718 4685 1732 4710; x_wconf 96' lang='lat'><strong>,</strong></span> <span class='ocrx_word' id='word_1_677' title='bbox 1777 4660 1899 4714; x_wconf 59' lang='lat' dir='ltr'><strong>qua</strong></span> <span class='ocrx_word' id='word_1_678' title='bbox 1942 4659 2068 4700; x_wconf 89' lang='lat' dir='ltr'><strong>meo</strong></span> <span class='ocrx_word' id='word_1_679' title='bbox 2100 4644 2283 4713; x_wconf 90' lang='lat' dir='ltr'><strong>palato</strong></span> <span class='ocrx_word' id='word_1_680' title='bbox 2335 4642 2496 4711; x_wconf 89' lang='lat' dir='ltr'><strong>longe</strong></span> <span class='ocrx_word' id='word_1_681' title='bbox 2539 4641 2645 4696; x_wconf 90' lang='lat' dir='ltr'><strong>fuit</strong></span> <span class='ocrx_word' id='word_1_682' title='bbox 2688 4640 2895 4710; x_wconf 82' lang='lat' dir='ltr'><strong>gratior</strong></span> <span class='ocrx_word' id='word_1_683' title='bbox 2932 4649 2989 4695; x_wconf 92' lang='lat' dir='ltr'><strong>et</strong></span> <span class='ocrx_word' id='word_1_684' title='bbox 3032 4641 3099 4695; x_wconf 88' lang='lat' dir='ltr'><strong>ad</strong></span> <span class='ocrx_word' id='word_1_685' title='bbox 3141 4642 3575 4696; x_wconf 87' lang='lat' dir='ltr'><strong>convertendum</strong></span> 
     </span>
    </p>
   </div>
   <div class='ocr_carea' id='block_1_51' title="bbox 317 4729 3577 4807">
    <p class='ocr_par' dir='ltr' id='par_1_51' title="bbox 317 4729 3577 4807">
     <span class='ocr_line' id='line_1_51' title="bbox 317 4729 3577 4807; baseline -0.004 -13"><span class='ocrx_word' id='word_1_686' title='bbox 317 4757 429 4794; x_wconf 89' lang='lat' dir='ltr'><strong>non</strong></span> <span class='ocrx_word' id='word_1_687' title='bbox 489 4748 698 4792; x_wconf 87' lang='lat' dir='ltr'><strong>tantum</strong></span> <span class='ocrx_word' id='word_1_688' title='bbox 729 4734 1028 4807; x_wconf 84' lang='lat' dir='ltr'><strong>jucundior</strong></span> <span class='ocrx_word' id='word_1_689' title='bbox 1081 4733 1175 4789; x_wconf 91' lang='lat' dir='ltr'><strong>sed</strong></span> <span class='ocrx_word' id='word_1_690' title='bbox 1225 4733 1389 4788; x_wconf 88' lang='lat' dir='ltr'><strong>etiam</strong></span> <span class='ocrx_word' id='word_1_691' title='bbox 1445 4731 1658 4786; x_wconf 81' lang='lat' dir='ltr'><strong>facilior</strong></span> <span class='ocrx_word' id='word_1_692' title='bbox 1697 4749 1708 4784; x_wconf 94' lang='lat'>:</span> <span class='ocrx_word' id='word_1_693' title='bbox 1743 4741 1804 4787; x_wconf 91' lang='lat' dir='ltr'><strong>ut</strong></span> <span class='ocrx_word' id='word_1_694' title='bbox 1852 4740 1912 4786; x_wconf 91' lang='lat' dir='ltr'><strong>ut</strong></span> <span class='ocrx_word' id='word_1_695' title='bbox 1963 4732 2086 4784; x_wconf 89' lang='lat' dir='ltr'><strong>aliis</strong></span> <span class='ocrx_word' id='word_1_696' title='bbox 2125 4730 2364 4783; x_wconf 85' lang='lat' dir='ltr'><strong>difﬁcilis</strong></span> <span class='ocrx_word' id='word_1_697' title='bbox 2394 4729 2668 4792; x_wconf 87' lang='lat' dir='ltr'><strong>videatur,</strong></span> <span class='ocrx_word' id='word_1_698' title='bbox 2715 4738 2772 4784; x_wconf 87' lang='lat' dir='ltr'><strong>et</strong></span> <span class='ocrx_word' id='word_1_699' title='bbox 2815 4744 2934 4783; x_wconf 89' lang='lat' dir='ltr'><strong>mea</strong></span> <span class='ocrx_word' id='word_1_700' title='bbox 2984 4729 3251 4783; x_wconf 91' lang='lat' dir='ltr'><strong>tenuitate</strong></span> <span class='ocrx_word' id='word_1_701' title='bbox 3303 4730 3577 4796; x_wconf 78' lang='lat' dir='ltr'><strong>superior.</strong></span> 
     </span>
    </p>
   </div>
   <div class='ocr_carea' id='block_1_52' title="bbox 317 4815 1913 4884">
    <p class='ocr_par' dir='ltr' id='par_1_52' title="bbox 317 4819 1913 4884">
     <span class='ocr_line' id='line_1_52' title="bbox 317 4819 1913 4884; baseline -0.008 0"><span class='ocrx_word' id='word_1_702' title='bbox 317 4829 398 4884; x_wconf 63' lang='lat' dir='ltr'><strong>Na</strong></span> <span class='ocrx_word' id='word_1_703' title='bbox 536 4843 576 4880; x_wconf 80' lang='lat' dir='ltr'><strong>&quot;ll</strong></span> <span class='ocrx_word' id='word_1_704' title='bbox 628 4827 730 4881; x_wconf 79' lang='lat' dir='ltr'><strong>hoc</strong></span> <span class='ocrx_word' id='word_1_705' title='bbox 779 4834 1006 4879; x_wconf 86' lang='lat' dir='ltr'><strong>auctore</strong></span> <span class='ocrx_word' id='word_1_706' title='bbox 1061 4822 1248 4875; x_wconf 65' lang='lat' dir='ltr'><strong>multa:</strong></span> <span class='ocrx_word' id='word_1_707' title='bbox 1302 4829 1432 4874; x_wconf 90' lang='lat' dir='ltr'><strong>sunt</strong></span> <span class='ocrx_word' id='word_1_708' title='bbox 1492 4830 1589 4875; x_wconf 89' lang='lat' dir='ltr'><strong>aut</strong></span> <span class='ocrx_word' id='word_1_709' title='bbox 1641 4819 1778 4873; x_wconf 91' lang='lat' dir='ltr'><strong>mihi</strong></span> <span class='ocrx_word' id='word_1_710' title='bbox 1832 4833 1913 4872; x_wconf 85' lang='lat' dir='ltr'><strong>cet</strong></span> 
     </span>
    </p>
   </div>
   <div class='ocr_carea' id='block_1_53' title="bbox 1975 4815 3571 4884">
    <p class='ocr_par' dir='ltr' id='par_1_53' title="bbox 1975 4815 3571 4884">
     <span class='ocr_line' id='line_1_53' title="bbox 1975 4815 3571 4884; baseline -0.001 -13"><span class='ocrx_word' id='word_1_711' title='bbox 1975 4836 1983 4870; x_wconf 70' lang='grc' dir='ltr'><strong><em>ε</em></strong></span> <span class='ocrx_word' id='word_1_712' title='bbox 2037 4831 2158 4871; x_wconf 89' lang='lat' dir='ltr'><strong>esse</strong></span> <span class='ocrx_word' id='word_1_713' title='bbox 2209 4815 2470 4869; x_wconf 86' lang='lat' dir='ltr'><strong>videntur</strong></span> <span class='ocrx_word' id='word_1_714' title='bbox 2523 4816 2973 4884; x_wconf 76' lang='grc' dir='ltr'><strong>περισσολογεαι,</strong></span> <span class='ocrx_word' id='word_1_715' title='bbox 3040 4832 3162 4884; x_wconf 70' lang='lat' dir='ltr'><strong>quae</strong></span> <span class='ocrx_word' id='word_1_716' title='bbox 3220 4826 3281 4869; x_wconf 92' lang='lat' dir='ltr'><strong>ut</strong></span> <span class='ocrx_word' id='word_1_717' title='bbox 3323 4815 3571 4870; x_wconf 68' lang='lat' dir='ltr'><strong>Grarcum</strong></span> 
     </span>
    </p>
   </div>
   <div class='ocr_carea' id='block_1_54' title="bbox 318 4904 3573 4980">
    <p class='ocr_par' dir='ltr' id='par_1_54' title="bbox 318 4904 3573 4980">
     <span class='ocr_line' id='line_1_54' title="bbox 318 4904 3573 4980; baseline -0.004 -10"><span class='ocrx_word' id='word_1_718' title='bbox 318 4928 634 4970; x_wconf 83' lang='lat' dir='ltr'><strong>sermonem</strong></span> <span class='ocrx_word' id='word_1_719' title='bbox 691 4927 794 4966; x_wconf 90' lang='lat' dir='ltr'><strong>suo</strong></span> <span class='ocrx_word' id='word_1_720' title='bbox 845 4909 1084 4980; x_wconf 88' lang='lat' dir='ltr'><strong>quodam</strong></span> <span class='ocrx_word' id='word_1_721' title='bbox 1118 4908 1280 4978; x_wconf 85' lang='lat' dir='ltr'><strong>genio</strong></span> <span class='ocrx_word' id='word_1_722' title='bbox 1315 4922 1456 4976; x_wconf 81' lang='lat' dir='ltr'><strong>saepe</strong></span> <span class='ocrx_word' id='word_1_723' title='bbox 1491 4923 1600 4960; x_wconf 89' lang='lat' dir='ltr'><strong>non</strong></span> <span class='ocrx_word' id='word_1_724' title='bbox 1632 4905 1924 4959; x_wconf 82' lang='lat' dir='ltr'><strong>infeliciter</strong></span> <span class='ocrx_word' id='word_1_725' title='bbox 1953 4905 2326 4960; x_wconf 89' lang='lat' dir='ltr'><strong>lascivientem</strong></span> <span class='ocrx_word' id='word_1_726' title='bbox 2383 4905 2636 4968; x_wconf 89' lang='lat' dir='ltr'><strong>deceant,</strong></span> <span class='ocrx_word' id='word_1_727' title='bbox 2680 4904 2892 4959; x_wconf 89' lang='lat' dir='ltr'><strong>Latinis</strong></span> <span class='ocrx_word' id='word_1_728' title='bbox 2939 4905 3166 4958; x_wconf 87' lang='lat' dir='ltr'><strong>auribus</strong></span> <span class='ocrx_word' id='word_1_729' title='bbox 3208 4904 3378 4958; x_wconf 87' lang='lat' dir='ltr'><strong>multo</strong></span> <span class='ocrx_word' id='word_1_730' title='bbox 3415 4918 3573 4957; x_wconf 85' lang='lat' dir='ltr'><strong>sevc-</strong></span> 
     </span>
    </p>
   </div>
   <div class='ocr_carea' id='block_1_55' title="bbox 319 4991 3572 5064">
    <p class='ocr_par' dir='ltr' id='par_1_55' title="bbox 319 4991 3572 5064">
     <span class='ocr_line' id='line_1_55' title="bbox 319 4991 3572 5064; baseline -0.003 -10"><span class='ocrx_word' id='word_1_731' title='bbox 319 5001 586 5064; x_wconf 87' lang='lat' dir='ltr'><strong>rioribus,</strong></span> <span class='ocrx_word' id='word_1_732' title='bbox 623 4999 725 5052; x_wconf 88' lang='lat' dir='ltr'><strong>nisi</strong></span> <span class='ocrx_word' id='word_1_733' title='bbox 759 4999 992 5051; x_wconf 89' lang='lat' dir='ltr'><strong>multum</strong></span> <span class='ocrx_word' id='word_1_734' title='bbox 1034 5010 1136 5064; x_wconf 86' lang='lat' dir='ltr'><strong>ego</strong></span> <span class='ocrx_word' id='word_1_735' title='bbox 1183 4993 1360 5053; x_wconf 89' lang='lat' dir='ltr'><strong>fallor,</strong></span> <span class='ocrx_word' id='word_1_736' title='bbox 1400 4991 1746 5060; x_wconf 79' lang='lat' dir='ltr'><strong>permolestae</strong></span> <span class='ocrx_word' id='word_1_737' title='bbox 1788 4991 1986 5044; x_wconf 69' lang='lat' dir='ltr'><strong>futura:</strong></span> <span class='ocrx_word' id='word_1_738' title='bbox 2016 5002 2197 5048; x_wconf 88' lang='lat' dir='ltr'><strong>erant.</strong></span> <span class='ocrx_word' id='word_1_739' title='bbox 2226 4995 2412 5064; x_wconf 88' lang='lat' dir='ltr'><strong>anue</strong></span> <span class='ocrx_word' id='word_1_740' title='bbox 2445 4995 2513 5048; x_wconf 91' lang='lat' dir='ltr'><strong>de</strong></span> <span class='ocrx_word' id='word_1_741' title='bbox 2543 5009 2730 5058; x_wconf 89' lang='lat' dir='ltr'><strong>causa,</strong></span> <span class='ocrx_word' id='word_1_742' title='bbox 2776 4994 2866 5046; x_wconf 91' lang='lat' dir='ltr'><strong>ubi</strong></span> <span class='ocrx_word' id='word_1_743' title='bbox 2921 4993 3059 5047; x_wconf 90' lang='lat' dir='ltr'><strong>citra</strong></span> <span class='ocrx_word' id='word_1_744' title='bbox 3089 4993 3378 5047; x_wconf 73' lang='lat' dir='ltr'><strong>sententia:</strong></span> <span class='ocrx_word' id='word_1_745' title='bbox 3405 4991 3572 5047; x_wconf 87' lang='lat' dir='ltr'><strong>detri-</strong></span> 
     </span>
    </p>
   </div>
   <div class='ocr_carea' id='block_1_56' title="bbox 321 5077 3574 5154">
    <p class='ocr_par' dir='ltr' id='par_1_56' title="bbox 321 5077 3574 5154">
     <span class='ocr_line' id='line_1_56' title="bbox 321 5077 3574 5154; baseline -0.003 -14"><span class='ocrx_word' id='word_1_746' title='bbox 321 5097 570 5141; x_wconf 84' lang='lat' dir='ltr'><strong>mentum</strong></span> <span class='ocrx_word' id='word_1_747' title='bbox 610 5086 728 5140; x_wconf 89' lang='lat' dir='ltr'><strong>ﬁeri</strong></span> <span class='ocrx_word' id='word_1_748' title='bbox 763 5083 960 5154; x_wconf 85' lang='lat' dir='ltr'><strong>potuit,</strong></span> <span class='ocrx_word' id='word_1_749' title='bbox 1005 5098 1035 5136; x_wconf 92' lang='lat' dir='ltr'><strong>a</strong></span> <span class='ocrx_word' id='word_1_750' title='bbox 1079 5096 1164 5135; x_wconf 91' lang='lat' dir='ltr'><strong>me</strong></span> <span class='ocrx_word' id='word_1_751' title='bbox 1202 5079 1405 5134; x_wconf 91' lang='lat' dir='ltr'><strong>alicubi</strong></span> <span class='ocrx_word' id='word_1_752' title='bbox 1445 5077 1832 5148; x_wconf 67' lang='lat' dir='ltr'><strong>praetermissa:</strong></span> <span class='ocrx_word' id='word_1_753' title='bbox 1872 5087 2016 5131; x_wconf 91' lang='lat' dir='ltr'><strong>sunt.</strong></span> <span class='ocrx_word' id='word_1_754' title='bbox 2052 5078 2222 5148; x_wconf 88' lang='lat' dir='ltr'><strong>quue</strong></span> <span class='ocrx_word' id='word_1_755' title='bbox 2256 5095 2380 5134; x_wconf 91' lang='lat' dir='ltr'><strong>cum</strong></span> <span class='ocrx_word' id='word_1_756' title='bbox 2409 5095 2517 5133; x_wconf 90' lang='lat' dir='ltr'><strong>non</strong></span> <span class='ocrx_word' id='word_1_757' title='bbox 2563 5088 2668 5133; x_wconf 92' lang='lat' dir='ltr'><strong>tam</strong></span> <span class='ocrx_word' id='word_1_758' title='bbox 2717 5094 2836 5132; x_wconf 91' lang='lat' dir='ltr'><strong>mea</strong></span> <span class='ocrx_word' id='word_1_759' title='bbox 2887 5088 3102 5147; x_wconf 78' lang='lat' dir='ltr'><strong>Sponte.</strong></span> <span class='ocrx_word' id='word_1_760' title='bbox 3146 5095 3309 5148; x_wconf 90' lang='lat' dir='ltr'><strong>quam</strong></span> <span class='ocrx_word' id='word_1_761' title='bbox 3364 5079 3574 5133; x_wconf 91' lang='lat' dir='ltr'><strong>monitu</strong></span> 
     </span>
    </p>
   </div>
   <div class='ocr_carea' id='block_1_57' title="bbox 320 5164 3579 5235">
    <p class='ocr_par' dir='ltr' id='par_1_57' title="bbox 320 5164 3579 5235">
     <span class='ocr_line' id='line_1_57' title="bbox 320 5164 3579 5235; baseline -0.004 -6"><span class='ocrx_word' id='word_1_762' title='bbox 320 5175 776 5230; x_wconf 86' lang='lat' dir='ltr'><strong>doctissimorum</strong></span> <span class='ocrx_word' id='word_1_763' title='bbox 811 5172 1078 5235; x_wconf 90' lang='lat' dir='ltr'><strong>virorum,</strong></span> <span class='ocrx_word' id='word_1_764' title='bbox 1113 5165 1380 5224; x_wconf 85' lang='lat' dir='ltr'><strong>Joachimi</strong></span> <span class='ocrx_word' id='word_1_765' title='bbox 1412 5165 1714 5221; x_wconf 85' lang='lat' dir='ltr'><strong>Camerarii</strong></span> <span class='ocrx_word' id='word_1_766' title='bbox 1748 5174 1802 5218; x_wconf 86' lang='lat' dir='ltr'><strong>et</strong></span> <span class='ocrx_word' id='word_1_767' title='bbox 1835 5164 2096 5220; x_wconf 90' lang='lat' dir='ltr'><strong>Ludovici</strong></span> <span class='ocrx_word' id='word_1_768' title='bbox 2143 5165 2352 5231; x_wconf 89' lang='lat' dir='ltr'><strong>Carini,</strong></span> <span class='ocrx_word' id='word_1_769' title='bbox 2406 5166 2654 5229; x_wconf 88' lang='lat' dir='ltr'><strong>fecerim,</strong></span> <span class='ocrx_word' id='word_1_770' title='bbox 2693 5180 2779 5219; x_wconf 91' lang='lat' dir='ltr'><strong>me</strong></span> <span class='ocrx_word' id='word_1_771' title='bbox 2815 5165 2976 5220; x_wconf 91' lang='lat' dir='ltr'><strong>facile</strong></span> <span class='ocrx_word' id='word_1_772' title='bbox 3008 5165 3144 5220; x_wconf 88' lang='lat' dir='ltr'><strong>viris</strong></span> <span class='ocrx_word' id='word_1_773' title='bbox 3177 5164 3356 5218; x_wconf 89' lang='lat' dir='ltr'><strong>doctis</strong></span> <span class='ocrx_word' id='word_1_774' title='bbox 3383 5164 3579 5232; x_wconf 90' lang='lat' dir='ltr'><strong>proba-</strong></span> 
     </span>
    </p>
   </div>
   <div class='ocr_carea' id='block_1_58' title="bbox 320 5251 3576 5329">
    <p class='ocr_par' dir='ltr' id='par_1_58' title="bbox 320 5251 3576 5329">
     <span class='ocr_line' id='line_1_58' title="bbox 320 5251 3576 5329; baseline -0.005 -12"><span class='ocrx_word' id='word_1_775' title='bbox 320 5273 511 5318; x_wconf 86' lang='lat' dir='ltr'><strong>turum</strong></span> <span class='ocrx_word' id='word_1_776' title='bbox 536 5261 779 5316; x_wconf 88' lang='lat' dir='ltr'><strong>conﬁdo.</strong></span> <span class='ocrx_word' id='word_1_777' title='bbox 810 5259 1192 5329; x_wconf 90' lang='lat' dir='ltr'><strong>lmperitorum</strong></span> <span class='ocrx_word' id='word_1_778' title='bbox 1227 5265 1410 5310; x_wconf 89' lang='lat' dir='ltr'><strong>autem</strong></span> <span class='ocrx_word' id='word_1_779' title='bbox 1445 5261 1501 5308; x_wconf 91' lang='lat' dir='ltr'><strong>et</strong></span> <span class='ocrx_word' id='word_1_780' title='bbox 1528 5252 1959 5307; x_wconf 86' lang='lat' dir='ltr'><strong>obtrectatorum</strong></span> <span class='ocrx_word' id='word_1_781' title='bbox 1987 5251 2219 5320; x_wconf 87' lang='lat' dir='ltr'><strong>judicia,</strong></span> <span class='ocrx_word' id='word_1_782' title='bbox 2245 5267 2366 5320; x_wconf 62' lang='lat' dir='ltr'><strong>qua:</strong></span> <span class='ocrx_word' id='word_1_783' title='bbox 2396 5252 2482 5307; x_wconf 89' lang='lat' dir='ltr'><strong>vel</strong></span> <span class='ocrx_word' id='word_1_784' title='bbox 2506 5251 2654 5305; x_wconf 90' lang='lat' dir='ltr'><strong>nulla</strong></span> <span class='ocrx_word' id='word_1_785' title='bbox 2678 5251 2762 5306; x_wconf 90' lang='lat' dir='ltr'><strong>vel</strong></span> <span class='ocrx_word' id='word_1_786' title='bbox 2797 5266 3055 5322; x_wconf 82' lang='lat' dir='ltr'><strong>perversa</strong></span> <span class='ocrx_word' id='word_1_787' title='bbox 3082 5261 3231 5316; x_wconf 91' lang='lat' dir='ltr'><strong>sunt,</strong></span> <span class='ocrx_word' id='word_1_788' title='bbox 3267 5260 3576 5310; x_wconf 89' lang='lat' dir='ltr'><strong>contemno,</strong></span> 
     </span>
    </p>
   </div>
   <div class='ocr_carea' id='block_1_59' title="bbox 319 5337 3579 5420">
    <p class='ocr_par' dir='ltr' id='par_1_59' title="bbox 319 5337 3579 5420">
     <span class='ocr_line' id='line_1_59' title="bbox 319 5337 3579 5420; baseline -0.005 -15"><span class='ocrx_word' id='word_1_789' title='bbox 319 5366 506 5420; x_wconf 85' lang='lat' dir='ltr'><strong>neque</strong></span> <span class='ocrx_word' id='word_1_790' title='bbox 529 5349 670 5404; x_wconf 86' lang='lat' dir='ltr'><strong>facio</strong></span> <span class='ocrx_word' id='word_1_791' title='bbox 702 5348 880 5418; x_wconf 88' lang='lat' dir='ltr'><strong>pluris</strong></span> <span class='ocrx_word' id='word_1_792' title='bbox 907 5360 1071 5416; x_wconf 88' lang='lat' dir='ltr'><strong>quam</strong></span> <span class='ocrx_word' id='word_1_793' title='bbox 1109 5356 1352 5398; x_wconf 90' lang='lat' dir='ltr'><strong>morsum</strong></span> <span class='ocrx_word' id='word_1_794' title='bbox 1383 5339 1582 5409; x_wconf 87' lang='lat' dir='ltr'><strong>pulicis</strong></span> <span class='ocrx_word' id='word_1_795' title='bbox 1615 5339 1944 5407; x_wconf 86' lang='lat' dir='ltr'><strong>elephantus</strong></span> <span class='ocrx_word' id='word_1_796' title='bbox 1971 5337 2212 5393; x_wconf 89' lang='lat' dir='ltr'><strong>ludieus.</strong></span> <span class='ocrx_word' id='word_1_797' title='bbox 2253 5338 2444 5392; x_wconf 87' lang='lat' dir='ltr'><strong>Fabris</strong></span> <span class='ocrx_word' id='word_1_798' title='bbox 2472 5339 2620 5393; x_wconf 88' lang='lat' dir='ltr'><strong>enim</strong></span> <span class='ocrx_word' id='word_1_799' title='bbox 2652 5338 2869 5392; x_wconf 87' lang='lat' dir='ltr'><strong>fabrilia</strong></span> <span class='ocrx_word' id='word_1_800' title='bbox 2909 5339 3190 5392; x_wconf 86' lang='lat' dir='ltr'><strong>tractanda</strong></span> <span class='ocrx_word' id='word_1_801' title='bbox 3219 5347 3366 5400; x_wconf 90' lang='lat' dir='ltr'><strong>sunt,</strong></span> <span class='ocrx_word' id='word_1_802' title='bbox 3399 5351 3579 5403; x_wconf 88' lang='lat' dir='ltr'><strong>neque</strong></span> 
     </span>
    </p>
   </div>
   <div class='ocr_carea' id='block_1_60' title="bbox 322 5422 3581 5493">
    <p class='ocr_par' dir='ltr' id='par_1_60' title="bbox 322 5422 3581 5493">
     <span class='ocr_line' id='line_1_60' title="bbox 322 5422 3581 5493; baseline -0.006 -1"><span class='ocrx_word' id='word_1_803' title='bbox 322 5447 534 5492; x_wconf 83' lang='lat' dir='ltr'><strong>temere</strong></span> <span class='ocrx_word' id='word_1_804' title='bbox 583 5437 754 5491; x_wconf 87' lang='lat' dir='ltr'><strong>falces</strong></span> <span class='ocrx_word' id='word_1_805' title='bbox 787 5437 843 5490; x_wconf 93' lang='lat' dir='ltr'><strong>in</strong></span> <span class='ocrx_word' id='word_1_806' title='bbox 872 5434 1108 5488; x_wconf 88' lang='lat' dir='ltr'><strong>alienam</strong></span> <span class='ocrx_word' id='word_1_807' title='bbox 1147 5443 1380 5486; x_wconf 89' lang='lat' dir='ltr'><strong>messem</strong></span> <span class='ocrx_word' id='word_1_808' title='bbox 1424 5426 1808 5482; x_wconf 63' lang='lat' dir='ltr'><strong>immittendae.</strong></span> <span class='ocrx_word' id='word_1_809' title='bbox 1852 5425 2124 5480; x_wconf 86' lang='lat' dir='ltr'><strong>Concessa</strong></span> <span class='ocrx_word' id='word_1_810' title='bbox 2166 5425 2424 5479; x_wconf 90' lang='lat' dir='ltr'><strong>omnibus</strong></span> <span class='ocrx_word' id='word_1_811' title='bbox 2455 5433 2540 5480; x_wconf 91' lang='lat' dir='ltr'><strong>est</strong></span> <span class='ocrx_word' id='word_1_812' title='bbox 2571 5425 2640 5479; x_wconf 87' lang='lat' dir='ltr'><strong>ab</strong></span> <span class='ocrx_word' id='word_1_813' title='bbox 2685 5425 2886 5479; x_wconf 86' lang='lat' dir='ltr'><strong>invidia</strong></span> <span class='ocrx_word' id='word_1_814' title='bbox 2931 5434 2986 5479; x_wconf 93' lang='lat' dir='ltr'><strong>et</strong></span> <span class='ocrx_word' id='word_1_815' title='bbox 3017 5424 3291 5493; x_wconf 89' lang='lat' dir='ltr'><strong>imperitia</strong></span> <span class='ocrx_word' id='word_1_816' title='bbox 3319 5423 3383 5476; x_wconf 87' lang='lat' dir='ltr'><strong>ad</strong></span> <span class='ocrx_word' id='word_1_817' title='bbox 3410 5422 3581 5490; x_wconf 62' lang='lat' dir='ltr'><strong>atqui-</strong></span> 
     </span>
    </p>
   </div>
   <div class='ocr_carea' id='block_1_61' title="bbox 319 5509 3578 5590">
    <p class='ocr_par' dir='ltr' id='par_1_61' title="bbox 319 5509 3578 5590">
     <span class='ocr_line' id='line_1_61' title="bbox 319 5509 3578 5590; baseline -0.006 -9"><span class='ocrx_word' id='word_1_818' title='bbox 319 5535 490 5580; x_wconf 86' lang='lat' dir='ltr'><strong>tatem</strong></span> <span class='ocrx_word' id='word_1_819' title='bbox 523 5534 583 5580; x_wconf 88' lang='lat' dir='ltr'><strong>et</strong></span> <span class='ocrx_word' id='word_1_820' title='bbox 617 5523 988 5580; x_wconf 88' lang='lat' dir='ltr'><strong>eruditionem</strong></span> <span class='ocrx_word' id='word_1_821' title='bbox 1038 5519 1374 5590; x_wconf 88' lang='lat' dir='ltr'><strong>provocatio.</strong></span> <span class='ocrx_word' id='word_1_822' title='bbox 1413 5515 1561 5570; x_wconf 86' lang='lat' dir='ltr'><strong>Idem</strong></span> <span class='ocrx_word' id='word_1_823' title='bbox 1593 5513 1725 5568; x_wconf 90' lang='lat' dir='ltr'><strong>mihi</strong></span> <span class='ocrx_word' id='word_1_824' title='bbox 1771 5514 1881 5582; x_wconf 89' lang='lat' dir='ltr'><strong>jus,</strong></span> <span class='ocrx_word' id='word_1_825' title='bbox 1921 5513 2010 5567; x_wconf 91' lang='lat' dir='ltr'><strong>ubi</strong></span> <span class='ocrx_word' id='word_1_826' title='bbox 2054 5514 2138 5567; x_wconf 89' lang='lat' dir='ltr'><strong>vel</strong></span> <span class='ocrx_word' id='word_1_827' title='bbox 2175 5514 2371 5567; x_wconf 82' lang='lat' dir='ltr'><strong>decere</strong></span> <span class='ocrx_word' id='word_1_828' title='bbox 2415 5513 2498 5566; x_wconf 90' lang='lat' dir='ltr'><strong>vel</strong></span> <span class='ocrx_word' id='word_1_829' title='bbox 2533 5513 2907 5567; x_wconf 84' lang='lat' dir='ltr'><strong>necessarium</strong></span> <span class='ocrx_word' id='word_1_830' title='bbox 2939 5527 3059 5565; x_wconf 88' lang='lat' dir='ltr'><strong>esse</strong></span> <span class='ocrx_word' id='word_1_831' title='bbox 3091 5511 3267 5562; x_wconf 88' lang='lat' dir='ltr'><strong>visum</strong></span> <span class='ocrx_word' id='word_1_832' title='bbox 3300 5517 3402 5573; x_wconf 91' lang='lat' dir='ltr'><strong>est,</strong></span> <span class='ocrx_word' id='word_1_833' title='bbox 3437 5517 3490 5562; x_wconf 93' lang='lat' dir='ltr'><strong>et</strong></span> <span class='ocrx_word' id='word_1_834' title='bbox 3523 5509 3578 5563; x_wconf 89' lang='lat' dir='ltr'><strong>in</strong></span> 
     </span>
    </p>
   </div>
   <div class='ocr_carea' id='block_1_62' title="bbox 319 5597 3580 5683">
    <p class='ocr_par' dir='ltr' id='par_1_62' title="bbox 319 5597 3580 5683">
     <span class='ocr_line' id='line_1_62' title="bbox 319 5597 3580 5683; baseline -0.006 -15"><span class='ocrx_word' id='word_1_835' title='bbox 319 5613 669 5683; x_wconf 86' lang='lat' dir='ltr'><strong>dialogismis</strong></span> <span class='ocrx_word' id='word_1_836' title='bbox 710 5611 777 5665; x_wconf 90' lang='lat' dir='ltr'><strong>ad</strong></span> <span class='ocrx_word' id='word_1_837' title='bbox 812 5619 1132 5680; x_wconf 87' lang='lat' dir='ltr'><strong>perpetuam</strong></span> <span class='ocrx_word' id='word_1_838' title='bbox 1170 5608 1475 5662; x_wconf 89' lang='lat' dir='ltr'><strong>orationem</strong></span> <span class='ocrx_word' id='word_1_839' title='bbox 1519 5603 1836 5672; x_wconf 82' lang='lat' dir='ltr'><strong>redigendis</strong></span> <span class='ocrx_word' id='word_1_840' title='bbox 1881 5601 2022 5655; x_wconf 90' lang='lat' dir='ltr'><strong>haud</strong></span> <span class='ocrx_word' id='word_1_841' title='bbox 2073 5618 2196 5655; x_wconf 88' lang='lat' dir='ltr'><strong>raro</strong></span> <span class='ocrx_word' id='word_1_842' title='bbox 2240 5601 2489 5670; x_wconf 87' lang='lat' dir='ltr'><strong>permisi,</strong></span> <span class='ocrx_word' id='word_1_843' title='bbox 2539 5617 2605 5653; x_wconf 86' lang='lat' dir='ltr'><strong>ne</strong></span> <span class='ocrx_word' id='word_1_844' title='bbox 2652 5601 2871 5668; x_wconf 89' lang='lat' dir='ltr'><strong>propria</strong></span> <span class='ocrx_word' id='word_1_845' title='bbox 2919 5599 3135 5651; x_wconf 80' lang='lat' dir='ltr'><strong>nomina</strong></span> <span class='ocrx_word' id='word_1_846' title='bbox 3170 5605 3226 5650; x_wconf 91' lang='lat' dir='ltr'><strong>et</strong></span> <span class='ocrx_word' id='word_1_847' title='bbox 3256 5597 3580 5666; x_wconf 89' lang='lat' dir='ltr'><strong>pronomina</strong></span> 
     </span>
    </p>
   </div>
   <div class='ocr_carea' id='block_1_63' title="bbox 319 5683 3580 5772">
    <p class='ocr_par' dir='ltr' id='par_1_63' title="bbox 319 5683 3580 5772">
     <span class='ocr_line' id='line_1_63' title="bbox 319 5683 3580 5772; baseline -0.007 -15"><span class='ocrx_word' id='word_1_848' title='bbox 319 5705 576 5772; x_wconf 70' lang='lat' dir='ltr'><strong>quaedam</strong></span> <span class='ocrx_word' id='word_1_849' title='bbox 603 5711 660 5758; x_wconf 90' lang='lat' dir='ltr'><strong>ct</strong></span> <span class='ocrx_word' id='word_1_850' title='bbox 687 5700 917 5756; x_wconf 84' lang='lat' dir='ltr'><strong>verbum</strong></span> <span class='ocrx_word' id='word_1_851' title='bbox 945 5698 1114 5766; x_wconf 83' lang='lat' dir='ltr'><strong>inquit</strong></span> <span class='ocrx_word' id='word_1_852' title='bbox 1146 5707 1202 5752; x_wconf 88' lang='lat' dir='ltr'><strong>et</strong></span> <span class='ocrx_word' id='word_1_853' title='bbox 1227 5695 1332 5749; x_wconf 68' lang='lat' dir='ltr'><strong>alia</strong></span> <span class='ocrx_word' id='word_1_854' title='bbox 1367 5689 1686 5762; x_wconf 85' lang='lat' dir='ltr'><strong>ltujusmodi</strong></span> <span class='ocrx_word' id='word_1_855' title='bbox 1712 5687 1778 5743; x_wconf 90' lang='lat' dir='ltr'><strong>ad</strong></span> <span class='ocrx_word' id='word_1_856' title='bbox 1810 5689 2090 5746; x_wconf 81' lang='lat' dir='ltr'><strong>fastidium</strong></span> <span class='ocrx_word' id='word_1_857' title='bbox 2140 5705 2313 5758; x_wconf 83' lang='lat' dir='ltr'><strong>usque</strong></span> <span class='ocrx_word' id='word_1_858' title='bbox 2346 5687 2671 5743; x_wconf 76' lang='lat' dir='ltr'><strong>inculcanda</strong></span> <span class='ocrx_word' id='word_1_859' title='bbox 2699 5694 2900 5740; x_wconf 85' lang='lat' dir='ltr'><strong>essent.</strong></span> <span class='ocrx_word' id='word_1_860' title='bbox 2939 5683 3072 5747; x_wconf 81' lang='lat' dir='ltr'><strong>Quis</strong></span> <span class='ocrx_word' id='word_1_861' title='bbox 3103 5683 3249 5737; x_wconf 89' lang='lat' dir='ltr'><strong>enim</strong></span> <span class='ocrx_word' id='word_1_862' title='bbox 3286 5698 3395 5737; x_wconf 92' lang='lat' dir='ltr'><strong>non</strong></span> <span class='ocrx_word' id='word_1_863' title='bbox 3427 5683 3580 5737; x_wconf 90' lang='lat' dir='ltr'><strong>malit</strong></span> 
     </span>
    </p>
   </div>
  </div>
