4070 6214
428 297 502 360 35
1682 280 2137 342 lIlERONYMI
2178 278 2466 340 WOLFII
3610 276 3682 338 36

429 416 558 456 cum
588 398 920 456 Aristoxeno
955 395 1138 454 redire
1178 394 1236 449 in
1267 390 1545 452 latomias,
1581 404 1748 461 quam
1776 388 2025 444 eamdem
2068 387 2246 441 cuculi
2290 380 2621 442 cantilen‘am
2651 382 2844 438 audire
2876 382 3081 439 toties?
3116 382 3180 439 Ut
3211 384 3360 441 enim
3382 384 3557 441 Graci
3592 384 3679 439 vel

427 490 503 545 ob
527 489 842 559 complures
874 488 1073 542 breves
1104 494 1162 539 et
1203 480 1520 538 commodas
1549 480 1953 534 connexionum
2000 478 2316 546 particulas,
2356 476 2441 530 vel
2476 476 2546 531 ob
2601 475 3039 545 participiorum.
3090 490 3208 545 qua
3238 478 3501 545 prateriti
3537 487 3678 531 tem-

432 577 586 647 poris
611 574 1069 645 signiﬁcationem
1101 572 1324 633 habent,
1359 566 1797 628 multitudinem,
1828 566 1943 620 sive
1981 565 2145 618 etiam
2179 564 2302 617 aliis
2331 562 2399 617 de
2424 562 2625 625 causis,
2656 578 2794 633 quas
2827 563 2915 618 hic
2947 563 3203 633 persequi
3232 564 3449 633 longum
3487 566 3678 621 fuerit.

431 681 463 719 a
498 664 810 733 tautologiis
845 672 900 717 et
934 659 1309 731 perissologiis
1359 658 1544 712 minus
1593 656 1916 717 abhorrent.
1970 665 2026 708 et
2057 651 2241 705 omnia
2277 650 2543 705 minutius
2586 662 2644 706 et
2700 652 2976 707 curiosius
3014 662 3443 721 persequuntur,
3475 654 3555 706 sic
3583 656 3676 723 qui

434 752 580 821 apud
609 750 834 805 Latinos
860 750 1062 803 imitari
1106 750 1298 803 eadem
1336 744 1595 808 Voluerit,
1624 760 1708 799 na
1742 744 1787 797 is
1824 742 1879 796 in
1908 739 2239 794 horrendam
2291 749 2347 793 et
2386 739 2627 808 ineptam
2671 739 2876 794 incidet
2913 738 3350 807 loquacitatem?
3388 739 3488 804 Qui
3519 741 3683 809 igitur

434 839 797 907 interpretem
828 835 1144 907 huiusmodi
1182 834 1429 889 salebras
1457 831 1576 885 sine
1608 831 1719 884 ullo
1746 829 2032 885 sententiae
2064 828 2396 882 detrimento
2427 830 2690 884 vitantem
2731 829 2820 883 vel
2871 828 3213 897 negligentiae
3245 828 3329 880 vel
3361 830 3516 882 mala:
3556 830 3679 883 ﬁdei

431 935 716 987 accusant,
759 941 917 979 suam
938 924 1025 977 vel
1054 922 1325 977 inscitiam
1350 928 1408 975 et
1430 919 1626 990 judicii
1662 919 1900 989 inopiam
1924 915 2014 972 vel
2050 916 2304 970 morbum
2336 915 2505 969 animi
2541 925 2597 970 et
2641 916 2788 970 nulla
2817 916 2883 969 de
2913 931 3074 968 causa
3105 915 3469 969 maledicendi
3499 916 3683 969 libidi-

432 1029 557 1067 nem
600 1014 860 1082 produnt.
893 1012 1083 1081 Neque
1126 1019 1308 1065 tamen
1359 1008 1563 1063 indulsi
1601 1007 1734 1061 mihi
1770 1008 2027 1065 nimium.
2081 1010 2214 1064 Nam
2255 1012 2400 1080 quod
2432 1011 2584 1065 Plato
2614 1012 2712 1077 ait,
2748 1010 2797 1065 ei
2833 1009 2924 1078 qui
2980 1008 3033 1065 in
3073 1008 3410 1077 disputando
3457 1024 3685 1077 respon-

431 1098 560 1154 deat
595 1099 990 1168 interrogantis
1038 1098 1265 1167 vestigia
1308 1095 1692 1166 persequenda
1724 1110 1866 1159 esse,
1909 1095 1962 1151 id
2014 1099 2187 1153 multo
2211 1099 2381 1169 magis
2426 1097 2734 1152 faciendum
2785 1112 2904 1152 esse
2940 1096 3130 1151 aliena
3160 1096 3362 1180 lingua
3394 1096 3555 1164 inter;
3581 1096 3682 1150 reti

431 1188 695 1258 cogitavi.
721 1188 877 1254 Quod
926 1188 970 1241 si
1015 1187 1060 1243 is
1090 1187 1349 1256 scriptor,
1377 1198 1542 1253 quem
1584 1183 1971 1253 explicandum
2005 1186 2336 1256 susceperis,
2371 1194 2524 1240 rer-to
2572 1184 2787 1239 itineris
2820 1184 3118 1253 praeessit,
3170 1184 3275 1239 hoc
3303 1190 3388 1238 est
3420 1186 3465 1237 si
3495 1199 3682 1237 rerum

433 1275 734 1331 bonitatem
770 1290 899 1330 cum
923 1274 1195 1345 elegantia
1240 1272 1502 1327 dictionis
1534 1272 1844 1341 conjunxit,
1891 1272 2164 1343 interpres
2201 1282 2252 1328 et
2286 1273 2469 1328 minus
2500 1273 2705 1328 laboris
2739 1282 2795 1326 et
2831 1273 2954 1341 plus
2987 1271 3166 1326 laudis
3190 1271 3369 1340 capit:
3412 1271 3495 1325 sin
3531 1271 3681 1325 illius

433 1362 710 1417 salebrosa
741 1371 827 1417 est
850 1364 1051 1424 oratio,
1099 1369 1155 1417 et
1189 1375 1278 1415 res
1318 1358 1464 1413 haud
1507 1358 1687 1425 magni
1741 1360 2000 1414 momenti
2043 1360 2312 1422 continet,
2353 1359 2545 1416 aliena
2592 1359 2769 1428 culpa
2808 1358 2940 1412 dare
2974 1372 3165 1428 parias
3206 1359 3373 1411 etiam
3404 1356 3679 1426 interpres

434 1451 670 1519 cogitur.
701 1450 863 1516 Nam,
886 1460 949 1505 ut
980 1448 1282 1519 Sophocles
1318 1448 1427 1501 alio
1456 1461 1620 1502 sensu
1647 1445 1897 1509 allirmat,
1924 1447 2186 1502 malarum
2220 1464 2401 1503 rerum
2431 1448 2661 1518 pulchra
2689 1464 2811 1503 esse
2847 1447 3301 1501 commemoratio
3328 1460 3436 1500 non
3472 1455 3675 1515 potest,

432 1547 491 1592 et
526 1535 780 1591 ordinem
821 1551 886 1592 ac
928 1535 1351 1605 dispositionem
1389 1549 1581 1589 earum
1632 1533 1924 1588 immutare
1973 1535 2064 1589 vix
2113 1537 2456 1590 conceditur.
2494 1537 2565 1592 Ut
2610 1537 2774 1602 igitur
2819 1537 2996 1590 oratio
3041 1532 3591 1603 interpretis'Latina
3621 1542 3679 1587 et

432 1641 572 1695 pura
609 1624 700 1688 sit,
736 1625 851 1694 ipsa
887 1633 1068 1679 tamen
1098 1625 1431 1693 compositio
1455 1624 1739 1678 horridum
1778 1624 2036 1694 qui-Idam
2066 1633 2231 1693 atque
2260 1638 2517 1691 asperum
2543 1631 2722 1685 sonat,
2757 1623 3019 1676 membris
3048 1632 3103 1677 et
3135 1622 3386 1691 partibus
3418 1622 3538 1690 ejus
3564 1635 3675 1674 non

434 1713 610 1767 multo
642 1713 843 1768 melius
879 1729 1042 1783 quam
1077 1728 1243 1767 arena
1277 1714 1398 1768 sine
1425 1714 1578 1768 calce
1604 1713 2038 1768 coharentibus.
2065 1711 2197 1778 Qua
2232 1712 2365 1766 vitia
2398 1711 2491 1780 qui
2521 1712 2766 1781 effugere
2799 1711 3012 1774 volunt,
3047 1712 3100 1765 in
3128 1710 3274 1765 aliud
3312 1710 3530 1780 gravius
3563 1710 3681 1778 ple-

434 1816 668 1870 rumque
694 1801 968 1865 incidunt,
1007 1809 1069 1854 ut
1098 1802 1227 1855 dum
1259 1801 1497 1854 orationi
1530 1800 1800 1869 polienda
1829 1808 1886 1853 et
1913 1798 2246 1853 exornanda
2273 1798 2518 1865 impense
2545 1797 2792 1859 student,
2826 1799 2894 1851 ab
2925 1797 3172 1851 auctoris
3201 1797 3490 1852 sententiis
3518 1796 3680 1864 longe

434 1888 730 1949 aberrent,
783 1897 840 1942 et
890 1888 1216 1957 gravissimo
1246 1888 1489 1956 perﬁdia
1531 1887 1764 1942 crimine
1821 1902 1881 1941 se
1927 1887 2296 1957 obstringam.
2348 1885 2445 1940 llis
2484 1885 2849 1941 incommodis
2887 1896 3050 1940 acute
3100 1885 3418 1955 perspectis,
3465 1897 3705 1937 summo.

434 1973 657 2043 ingenio
687 1983 745 2028 et
773 1974 1027 2030 doctrina
1075 1975 1159 2029 vir
1199 1975 1441 2030 Joannes
1476 1974 1742 2029 Jovianus
1777 1975 2062 2029 Pontanus
2117 1976 2374 2044 praclare
2420 1973 2663 2043 scripsit,
2714 1974 2873 2028 malle
2915 1989 2974 2029 se
3013 1987 3287 2043 quemque
3332 1971 3531 2028 aﬂ’erre
3562 1986 3682 2035 sua,

434 2075 598 2128 quam
633 2059 833 2116 oﬁ‘erre
867 2063 1084 2117 aliena:
1134 2073 1191 2117 et
1216 2065 1361 2131 quod
1409 2060 1651 2130 scripsrt,
1706 2063 1822 2132 ipse
1850 2062 1904 2117 in
1933 2062 2183 2117 doctrina
2212 2077 2427 2116 morum
2456 2071 2513 2114 et
2539 2077 2723 2115 rerum
2756 2061 3065 2117 caelestium
3103 2060 3422 2129 explicanda
3466 2058 3617 2122 fecit,
3653 2076 3682 2112 a

435 2147 782 2219 philosophis
812 2158 868 2203 et
891 2150 1186 2220 astrologis
1229 2151 1399 2220 petita
1446 2150 1696 2214 materia,
1734 2166 1895 2218 quam
1932 2166 2035 2207 suo
2064 2150 2336 2205 arbitratu
2380 2159 2438 2204 et
2469 2149 2766 2204 collocaret
2793 2158 2849 2203 et
2895 2157 3209 2203 cxornaret.
3259 2146 3364 2202 Sed
3402 2145 3536 2200 tanti
3575 2145 3681 2200 viri

435 2236 742 2305 exemplum
770 2253 871 2305 ego
900 2238 1123 2304 imitari,
1147 2238 1455 2308 prasertim
1488 2239 1541 2292 in
1568 2238 1674 2293 hoc
1697 2239 1886 2307 scripti
1910 2253 2133 2308 genere,
2170 2245 2226 2291 et
2250 2237 2451 2307 ingenii
2483 2236 2751 2292 tenuitate
2773 2245 2830 2291 et
2851 2236 2974 2291 aliis
3001 2234 3361 2291 incommodis
3384 2233 3685 2303 impeditus

436 2337 615 2392 neque
649 2327 852 2394 possim
888 2342 1067 2396 neque
1097 2327 1297 2381 ausim.
1330 2327 1467 2382 illud
1498 2327 1632 2381 mihi
1665 2328 1799 2382 satis
1832 2328 1959 2392 fuit,
1985 2336 2044 2380 ut
2064 2327 2368 2381 sententias
2398 2326 2540 2380 bona
2569 2325 2673 2381 ﬁde
2700 2326 3095 2396 appenderem,
3124 2332 3181 2379 et
3213 2323 3474 2384 dictione,
3505 2338 3682 2392 quan-

436 2419 553 2465 tum
582 2412 699 2481 ipse
724 2423 920 2468 auctor
946 2423 999 2468 et
1039 2413 1306 2468 orationis
1337 2429 1471 2471 mea
1500 2424 1798 2483 paupertas
1825 2424 2128 2484 pateretur,
2178 2428 2343 2483 quam
2391 2412 2618 2468 minime
2662 2428 2857 2482 aspera
2901 2422 3090 2467 uterer
3121 2419 3218 2466 aut
3266 2410 3520 2465 barbara.
3567 2410 3682 2464 Nec

438 2506 625 2555 tamen
654 2500 770 2569 ipse
817 2502 950 2556 mihi
1000 2502 1205 2571 ubique
1235 2501 1496 2567 satisfeci,
1533 2511 1590 2557 et
1625 2503 1680 2557 in
1709 2518 1843 2559 mese
1879 2500 2222 2558 infelicitatis
2248 2509 2400 2570 parte
2425 2499 2732 2565 numeravi,
2768 2500 2914 2571 quod
2954 2499 3007 2554 in
3039 2509 3318 2555 auctorem
3348 2497 3683 2554 luculentio-

437 2601 553 2639 rem
587 2602 696 2640 non
724 2587 1064 2642 incidissem.
1093 2589 1211 2642 Non
1246 2589 1392 2659 quod
1426 2589 1574 2643 hunc
1601 2589 2026 2659 reprehendam;
2063 2587 2159 2643 sed
2190 2586 2337 2657 quod
2387 2601 2583 2642 vereor
2626 2602 2695 2641 ne
2740 2588 2809 2641 ab
2840 2586 2964 2642 aliis
3011 2588 3127 2657 ipse
3164 2586 3555 2656 reprehendar.
3586 2587 3681 2655 «ιιιί

438 2670 573 2723 nihil
607 2671 709 2726 nisi
746 2672 931 2728 ﬁerem
961 2674 1222 2729 dictionis
1246 2685 1576 2745 sequuntur,
1607 2677 1700 2746 qui
1738 2676 1983 2746 profecto
2035 2676 2091 2730 in
2132 2675 2403 2730 brevitate
2442 2673 2722 2728 annalium
2775 2674 2954 2728 locum
3004 2691 3112 2728 non
3148 2675 3333 2729 habet.
3363 2674 3678 2729 Ubertatem

440 2755 577 2809 Livii
613 2758 860 2825 quaris?
896 2768 952 2814 at
986 2762 1250 2816 orationis
1280 2762 1486 2817 divitia
1512 2778 1636 2817 cum
1665 2773 1986 2833 paupertate
2014 2779 2197 2819 rerum
2227 2763 2654 2832 conjungentur.
2683 2762 3028 2833 Diligentiam
3055 2764 3109 2819 in
3140 2762 3525 2817 minutissimis
3556 2762 3681 2831 qui-

438 2844 655 2911 busque
685 2847 1081 2915 persequendis
1109 2850 1398 2919 postulas?
1453 2850 1606 2919 atqui
1640 2850 1695 2905 in
1746 2850 2076 2905 immensum
2101 2852 2360 2908 volumen
2404 2861 2684 2907 excrescet
2716 2852 2968 2918 historia,
3011 2868 3113 2907 nec
3146 2853 3259 2923 jam
3293 2851 3680 2921 compendium

437 2931 545 2983 erit
579 2931 673 2984 sed
701 2932 1052 3002 dispendium
1082 2946 1179 2989 aut
1202 2937 1386 3005 potius
1416 2936 1646 2992 furtum.
1698 2939 1834 2993 Nam
1860 2954 2022 3009 quem
2055 2939 2343 3006 prolixitas
2369 2940 2710 2994 voluminum
2753 2939 3013 3005 delectat,
3060 2940 3107 2995 is
3150 2956 3257 2995 non
3291 2940 3558 3011 epitomas
3582 2941 3677 2996 sed

441 3018 702 3073 historias
730 3019 892 3090 legat.
925 3020 1071 3087 Quas
1104 3023 1149 3077 si
1185 3039 1378 3079 omnes
1408 3024 1681 3089 meminit,
1716 3026 1855 3079 bene
1880 3034 2000 3080 est:
2041 3025 2127 3079 sin
2158 3025 2360 3091 minus,
2406 3025 2618 3080 Zonara
2651 3038 2907 3096 tanquam
2962 3027 3143 3083 indice
3178 3037 3232 3082 et
3266 3028 3535 3082 monitore
3563 3037 3650 3080 uta

442 3116 563 3172 tur;
601 3122 665 3161 ac
688 3106 893 3178 cogitet
915 3109 1056 3165 nihil
1085 3111 1153 3164 ab
1191 3111 1340 3164 omni
1373 3120 1527 3181 parte
1551 3112 1771 3165 beatum
1798 3127 1942 3177 esse,
1970 3121 2027 3165 et
2057 3112 2415 3180 multiplicem
2447 3113 2724 3166 variarum
2771 3128 2955 3167 rerum
2986 3113 3039 3168 in
3068 3129 3180 3169 uno
3206 3131 3314 3169 non
3342 3128 3513 3181 usque
3541 3111 3679 3166 adeo

440 3209 638 3264 magno
665 3196 944 3251 volumine
979 3198 1350 3267 cegnitionem
1383 3198 1505 3269 styli
1538 3198 1925 3262 incommodis,
1960 3198 2006 3253 si
2038 3214 2147 3268 qua
2178 3206 2328 3262 sunt,
2377 3209 2680 3269 comparet.
2717 3199 2848 3266 Qua
2875 3202 3013 3254 ratio
3046 3216 3134 3256 me
3164 3216 3384 3270 quoque
3419 3200 3591 3255 movit
3619 3208 3681 3253 ut

440 3295 550 3334 non
579 3282 1027 3352 conquiescerem
1064 3286 1219 3354 prius
1250 3301 1413 3355 quam
1442 3301 1632 3340 saxum
1660 3286 1784 3350 hoc,
1817 3286 1967 3355 quod
1997 3295 2112 3340 toto
2138 3285 2243 3341 hoc
2270 3300 2417 3339 anno
2450 3287 2688 3348 versavi,
2720 3286 2788 3340 ad
2825 3288 3030 3340 montis
3059 3302 3322 3341 cacumen
3349 3287 3679 3355 perductum

441 3366 662 3421 tandem
690 3369 988 3437 aliquando
1019 3372 1383 3436 constitisset,
1439 3373 1644 3442 ingenti
1693 3375 1882 3443 utique
1919 3373 2107 3426 labore
2143 3380 2200 3425 et
2246 3371 2432 3425 multis
2477 3372 2795 3439 sudoribus,
2834 3387 3168 3443 quocunque
3202 3375 3420 3427 tandem
3451 3384 3677 3428 eventu.

438 3453 583 3508 Nam’
612 3464 671 3508 ut
694 3456 761 3511 de
792 3459 1169 3514 conversionis
1200 3461 1375 3529 ipsius
1402 3460 1663 3514 arumnis
1694 3468 1924 3523 taceam,
1951 3468 2217 3528 quantum
2246 3461 2584 3517 difﬁcultatis
2614 3462 2668 3516 in
2700 3463 2814 3532 ipsa
2844 3463 3083 3518 lectione
3114 3463 3217 3518 fuit
3236 3463 3307 3519 ob
3330 3465 3679 3520 characteres

439 3542 877 3612 elegantissimos
907 3544 1031 3598 illos
1065 3546 1287 3613 quidem
1318 3546 1413 3600 sed
1440 3546 1584 3601 lectu
1612 3546 1962 3600 diﬁicsllimos
1997 3555 2223 3616 propter
2246 3546 2500 3602 aﬂectata
2541 3548 2631 3602 illa
2673 3549 2953 3604 scribendi
2983 3551 3305 3619 compendia
3340 3560 3397 3605 et
3429 3542 3528 3620 τῆς
3549 3551 3680 3604 κιλ-

440 3626 753 3698 λιγραφίας,
786 3628 1029 3683 studium
1071 3632 1217 3684 unde
1244 3631 1455 3687 inﬁnita
1496 3644 1678 3688 errata
1712 3634 1970 3687 oriuntur
2002 3648 2070 3687 ex
2120 3633 2266 3687 facili
2308 3643 2563 3687 notarum
2610 3635 2954 3689 mutatione:
3008 3652 3130 3706 qua
3167 3651 3292 3693 cum
3331 3637 3535 3692 alicubi
3568 3653 3679 3692 non

442 3716 746 3771 dissimiles
774 3727 905 3778 sint.
934 3718 1043 3771 vim
1077 3718 1506 3773 diversissimam
1537 3721 1763 3775 habent.
1799 3720 1954 3776 Unde
1988 3720 2190 3775 factum
2221 3728 2300 3784 ut,
2327 3719 2792 3789 quemadmodum
2828 3721 3159 3779 Plutarchus
3200 3739 3258 3779 se
3287 3724 3480 3779 Latina
3514 3726 3682 3782 verba

440 3817 506 3856 ex
533 3804 847 3871 cognitione
881 3817 1064 3857 rerum
1093 3814 1406 3859 assecutum
1464 3807 1756 3875 proﬁtetur
1776 3850 1790 3869 .
1825 3808 1899 3861 ita
1925 3824 2028 3878 ego
2062 3821 2205 3876 sape
2231 3807 2298 3861 de
2333 3806 2600 3860 varietate
2626 3806 2880 3864 lectionis
2901 3824 2969 3864 ex
2999 3826 3162 3866 sensu
3189 3821 3247 3866 et
3272 3814 3683 3869 constructione

441 3886 692 3941 divinare
740 3888 841 3941 sim
897 3898 1143 3954 coactus,
1192 3892 1405 3945 ratione
1454 3893 1615 3962 plane
1661 3900 2013 3961 praepostera.
2059 3893 2196 3947 Nam
2244 3902 2301 3946 et
2332 3893 2496 3947 verba
2528 3908 2736 3959 rerum,
2785 3904 2841 3950 et
2891 3896 3092 3952 littera
3121 3900 3414 3954 verborum
3442 3911 3582 3956 nota
3622 3910 3683 3956 ut

440 3985 629 4029 essent
667 3981 797 4027 sunt
830 3973 1081 4027 inventa.
1117 3975 1306 4043 Neque
1327 3986 1511 4032 tamen
1551 3978 1652 4033 bac
1682 3978 1905 4032 solertia
1940 3994 2026 4031 me
2055 3979 2315 4046 expedire
2347 3979 2552 4049 ubique
2584 3982 2907 4051 potuissem,
2938 3985 3043 4038 nisi
3078 3988 3263 4054 plures
3293 3988 3427 4041 mihi
3463 3989 3681 4043 codices

441 4058 777 4129 suppeditati
810 4057 1065 4114 fuissent.
1100 4059 1348 4125 Quorum
1384 4070 1494 4117 tres
1526 4078 1556 4117 e
1591 4075 1682 4118 tua
1714 4064 2051 4117 bibliotheca
2086 4065 2295 4133 accepi,
2348 4068 2559 4136 magnis
2592 4069 2906 4138 sumptibus
2945 4071 3099 4141 Cpoli
3140 4082 3487 4143 comparat-os
3510 4090 3679 4145 opera

439 4156 607 4216 atque
638 4145 910 4202 industria
934 4148 1141 4218 egregii
1174 4149 1279 4202 viri
1315 4161 1371 4205 et
1402 4151 1693 4220 prudentia
1725 4151 2040 4222 longinquis
2072 4153 2613 4223 peregrinationibus
2648 4156 2855 4229 Ulyssis
2899 4160 3153 4230 exemplo
3188 4176 3252 4215 ac
3292 4161 3466 4217 multo
3493 4177 3677 4218 rerum

439 4244 745 4321 usuiparta
787 4234 943 4298 clari,
963 4235 1195 4291 Joannis
1238 4237 1653 4298 Dernschwam.
1699 4238 1796 4307 qui
1852 4238 1908 4291 in
1959 4238 2142 4295 fronte
2193 4242 2555 4297 vetustissimi
2608 4244 2759 4301 illius
2802 4247 3006 4301 codicis
3046 4247 3162 4303 hac
3211 4250 3376 4304 verba
3417 4250 3679 4321 scripsit:

444 4337 466 4370 ι
512 4318 826 4376 Chronicon
857 4322 1088 4379 Joannis
1126 4324 1353 4380 Zonarzu
1381 4325 1599 4380 duobus
1634 4326 1799 4382 tomis
1827 4325 2175 4390 distinctum,
2218 4340 2454 4396 quorum
2488 4327 2641 4396 prior
2682 4329 2967 4385 historiam
3011 4331 3293 4388 Judaicam
3331 4318 3681 4403 potissimum

438 4406 511 4460 ab
533 4409 758 4462 exordio
793 4410 980 4463 mundi
1014 4427 1184 4481 usque
1214 4412 1281 4467 ad
1316 4411 1821 4485 Hierosolymorum
1853 4413 2150 4477 excidium,
2176 4414 2317 4469 alter
2349 4414 2741 4485 imperatorum
2776 4428 2885 4474 tam
2932 4419 3250 4477 Grecorum
3286 4440 3449 4493 quam
3478 4426 3682 4482 Roma-

441 4506 640 4546 norum
666 4509 755 4548 res
783 4506 964 4562 gestas
994 4513 1166 4565 usque
1190 4499 1256 4550 ad
1292 4499 1466 4553 Alexii
1495 4498 1762 4555 Comneni
1787 4503 2001 4555 obitum
2034 4502 2455 4569 complectitur:
2496 4519 2643 4558 anno
2673 4506 2888 4560 Domini
2928 4509 3065 4563 1554
3099 4509 3254 4579 Cpoli
3302 4511 3357 4564 in
3396 4512 3529 4567 Pera
3566 4515 3682 4568 sive

440 4575 641 4667 (ialata
669 4578 856 4667 (quam
897 4580 1029 4633 olim
1063 4583 1231 4650 κέρας
1259 4582 1375 4637 sive
1398 4584 1582 4637 Cornu
1613 4586 1942 4654 appellatam
1976 4590 2193 4655 putant)
2226 4588 2330 4642 150
2355 4591 2573 4646 ducatis
2603 4590 2926 4663 Hungaricis
2952 4597 3058 4649 emi
3087 4611 3117 4650 a
3142 4575 3430 4667 magniﬁco
3456 4600 3679 4654 domino

440 4662 682 4719 Antonio
725 4663 1112 4719 Cantacnzeno
1139 4670 1356 4736 vcnjus
1401 4668 1634 4730 familia,
1684 4671 1813 4723 dum
1852 4686 1941 4725 res
1977 4672 2277 4743 Byzantina
2306 4678 2483 4741 stetit,
2532 4662 2884 4749 imperatoria
2936 4679 3062 4748 fuit,
3111 4662 3259 4738 nunc
3310 4685 3413 4738 sub
3446 4684 3679 4741 Turcico

440 4750 728 4804 dominatu
774 4750 841 4805 ad
874 4751 1146 4821 privatam
1199 4752 1574 4808 conditionem
1623 4755 1838 4808 redacta
1868 4765 1989 4809 est:
2034 4759 2103 4813 ab
2134 4776 2311 4832 eoque
2346 4770 2567 4834 rogatus
2610 4782 2731 4821 sum
2766 4777 2826 4821 ut
2860 4768 2966 4823 hoc
3001 4785 3139 4839 opus
3180 4770 3481 4840 aliquando
3506 4788 3678 4828 excu-

440 4837 690 4900 deretur,
736 4845 792 4893 et
836 4837 1089 4909 impressi
1146 4839 1352 4895 codicis
1399 4840 1503 4895 sibi
1535 4842 1693 4911 capia
1732 4841 1889 4897 ﬁeret
1921 4843 1991 4896 ob
2026 4843 2296 4902 Zonaram
2344 4864 2754 4909 conservatum.
2798 4837 3068 4911 Praterea
3110 4837 3414 4911 secundum
3451 4859 3680 4916 Zonara

442 4933 652 4978 tomum
700 4926 768 4979 de
814 4926 1246 4995 imperatoribus
1296 4927 1617 4983 conferendi
1667 4931 1841 5000 gratia
1894 4930 1964 4985 ab
1996 4933 2309 4991 Alexandro
2357 4938 2783 5009 chartophylace
2822 4942 3043 5012 triginta
3098 4942 3310 4999 ducatis
3353 4945 3683 5017 Hungaricis

438 5012 778 5101 comparavi.
813 5012 997 5068 Alium
1044 5014 1176 5069 item
1212 5014 1438 5070 Zonara
1476 5016 1722 5071 libellum
1754 5018 1823 5072 de
1858 5019 2025 5075 rebus
2058 5020 2273 5089 imperii
2310 5032 2365 5076 et
2386 5023 2640 5081 Ecclesia
2672 5042 2702 5082 a
2728 5026 3088 5084 Constantino
3115 5045 3290 5101 usque
3319 5032 3388 5086 ad
3416 5012 3684 5090 Justinia-

443 5113 576 5152 num
608 5099 996 5168 imperatorem
1036 5118 1101 5157 ex
1154 5111 1374 5158 vetusto
1417 5104 1609 5159 codice
1639 5107 2121 5164 transcribendum
2175 5112 2386 5169 curavi.
2424 5134 2445 5167 ι
2484 5114 2765 5174 Hactenus
2792 5099 3494 5190 ille.Quartutnvcodicem,
3526 5127 3686 5196 quia

438 5188 805 5245 Constantino
837 5190 1029 5260 Magno
1055 5192 1376 5264 incipiebat,
1405 5195 1665 5251 omnibus
1701 5198 2045 5254 ornamentis
2092 5198 2414 5267 amplissimi
2447 5203 2573 5267 viri,
2623 5205 2834 5261 domini
2865 5217 2924 5263 et
2950 5209 3260 5265 Maecenatis
3290 5214 3421 5278 mei,
3453 5188 3687 5273 Joannis

437 5275 628 5331 Jacobi
661 5276 892 5347 Fuggeri
924 5279 1254 5336 bibliotheca
1286 5282 1714 5338 instructissima
1746 5285 2141 5355 suppeditavit.
2190 5289 2434 5360 Denique
2463 5302 2664 5361 prater
2691 5311 2912 5352 omnem
2948 5313 3102 5368 spem
3133 5311 3187 5353 et
3216 5275 3683 5369 exspectationem

444 5385 622 5425 meam
652 5371 887 5424 accessit
916 5371 1245 5428 Viennensis
1293 5375 1643 5431 bibliotheca
1691 5376 1864 5432 codex
1900 5378 2132 5448 integer,
2164 5376 2503 5448 benignitate
2555 5381 2822 5452 singulari
2862 5386 3163 5441 clarissimi
3190 5387 3294 5442 viri
3329 5398 3385 5443 et
3411 5390 3685 5445 senatoris

439 5455 597 5526 regii,
629 5456 838 5549 domini
870 5455 1126 5527 Gasparis
1151 5475 1180 5514 a
1212 5461 1489 5532 Nydprug,
1522 5472 1657 5527 ete.,
1692 5466 1839 5520 ultro
1856 5466 2277 5535 suppeditatus:
2312 5485 2475 5540 quem
2507 5481 2704 5536 totum,
2746 5475 2999 5546 adjutore
3021 5476 3263 5533 Jeremia
3303 5479 3517 5542 Martio,
3550 5495 3687 5549 pra-
3766 5520 3775 5527 κ

441 5549 601 5603 ciara
628 5548 828 5605 indolis
854 5549 1201 5607 adolescente
1237 5554 1416 5625 (cujus
1457 5555 1511 5609 in
1555 5555 1661 5611 hoc
1705 5571 1871 5626 opere
1905 5556 2092 5611 Graec
2121 5555 2427 5628 Latineque
2476 5562 2841 5618 exscribendo
2874 5565 3064 5618 solerti
3097 5574 3154 5620 et
3184 5565 3332 5621 ﬁdeli
3360 5583 3526 5637 opera
3552 5548 3681 5621 sum

442 5638 618 5703 usus),
654 5638 883 5706 contuli,
915 5647 969 5694 et
996 5641 1198 5696 multas
1225 5642 1399 5697 nostri
1433 5642 1643 5699 codicis
1673 5643 1899 5699 lacunas
1921 5644 2161 5715 explevi.
2187 5643 2291 5710 Qui
2316 5645 2493 5702 sicubi
2521 5649 2686 5705 ambo
2717 5666 2823 5706 non
2851 5651 3261 5717 satisfecerunt,
3290 5663 3518 5709 cateros
3548 5669 3685 5715 auo-
