4042 6212
254 303 327 362 31
1703 305 1800 364 PR
1813 307 1850 364 xl

1932 310 2122 370 ATIO.
3456 310 3528 374 38

257 430 370 482 que
407 423 519 466 tres
550 415 787 484 inspexi,
813 426 871 469 et
906 432 936 471 e
963 418 1131 472 variis
1162 417 1578 476 dtlﬁcultatibus
1603 438 1688 476 mc
1721 433 1928 492 quanto
1954 427 2106 494 potui
2139 426 2322 480 studio
2357 427 2646 495 expedivi:
2691 437 2900 495 quanto
2931 427 3140 491 labore,
3185 445 3349 484 nemo
3380 432 3532 484 testi-

261 499 434 553 mabit
466 499 668 554 melius
693 517 861 569 quam
889 503 986 572 qui
1019 505 1133 573 ipse
1166 505 1350 574 operis
1384 523 1490 560 non
1517 508 1806 563 dissimilis
1841 517 2148 580 periculum
2179 519 2391 574 fecerit,
2429 521 2484 572 Si
2520 506 2650 588 qua,
2680 519 2729 572 in
2762 521 3085 574 diversitate
3112 521 3224 585 illa,
3262 529 3529 580 momenti

258 593 499 661 alicujus
550 608 673 646 esse
700 594 1058 661 videbantur,
1105 597 1172 650 ad
1201 597 1363 650 finem
1398 600 1582 668 operis
1626 602 1876 670 ascripsi.
1934 604 2217 659 Manifeste
2262 623 2393 660 vero
2432 609 2794 676 prastermissa
2833 618 2926 660 aut
2955 601 3250 676 depravata
3291 626 3400 662 non
3433 614 3532 665 ad-

260 682 470 732 notavi.
505 679 680 748 Cujus
708 682 857 734 enim
900 683 1192 738 dementia:
1216 685 1404 751 fuerit,
1440 689 1820 767 persequenda
1847 690 2200 746 librariorum
2237 695 2319 748 vel
2353 695 2569 748 inscitia
2606 697 2688 748 vel
2735 697 3067 760 negligentia
3105 696 3189 748 vel
3219 697 3446 764 perﬁdia
3473 707 3532 752 et

259 772 394 823 mihi
422 782 480 825 et
520 771 829 825 lectoribus
875 775 1146 830 facessere
1195 780 1524 845 negotium?
1563 780 1630 834 Ut
1667 782 1815 834 enim
1861 781 2054 834 oculus
2103 781 2317 849 integer
2353 781 2650 834 candidum
2680 798 2708 834 a
2760 783 2917 848 nigro
2950 783 3108 836 facile
3135 783 3421 846 discernit,
3449 786 3531 840 sic

255 868 424 913 acuto
449 869 508 913 et
539 861 849 914 exercitato
895 862 1119 931 ingenio
1159 864 1349 919 videre
1392 882 1499 919 non
1531 867 1750 920 diﬁieile
1777 880 1880 936 est,
1928 889 2047 941 quze
2078 873 2243 925 lectio
2274 889 2400 926 vera
2447 874 2537 937 sit,
2586 889 2708 942 quae
2759 876 3152 942 prxterntissa,
3190 893 3312 946 quae
3341 878 3529 932 addita

247 967 325 1005 ex
357 968 724 1022 supervacuo,
758 970 882 1022 quae
906 955 1202 1024 depravata
1237 957 1370 1011 sint.
1414 959 1600 1028 Neque
1645 961 1732 1013 his
1765 961 2334 1022 eontentus,indicem
2381 977 2602 1030 quoque
2641 962 2814 1031 adjeci
2846 978 2859 1014 :
2915 964 3060 1033 quod
3111 979 3284 1033 genus
3322 981 3528 1034 operae,

256 1040 522 1108 quamvis
548 1041 852 1094 lectoribus
883 1043 1264 1108 utilissimum,
1294 1055 1352 1098 ut
1379 1047 1512 1100 nihil
1539 1049 1834 1102 admodum
1857 1050 2034 1103 laudis
2061 1059 2116 1104 et
2145 1051 2346 1119 ingenii
2379 1052 2564 1112 habet,
2588 1053 2661 1104 ita
2696 1053 2929 1106 multum
2958 1054 3223 1122 temporis
3245 1065 3300 1108 et
3325 1055 3530 1110 laboris

258 1131 370 1184 sibi
417 1131 690 1196 vindicat,
736 1134 1045 1202 prmsertim
1089 1135 1133 1188 si
1185 1151 1314 1189 eum
1369 1136 1608 1190 indicem
1655 1153 1753 1207 per
1786 1137 2053 1206 temporis
2097 1139 2378 1206 angustias
2402 1147 2456 1191 et
2495 1140 2630 1192 alias
2689 1142 3082 1210 occupationes
3122 1142 3194 1194 ita
3238 1153 3527 1210 pertexere

256 1218 510 1273 licuisset
547 1221 628 1274 uti
654 1235 958 1290 ceperam.
993 1221 1132 1289 Quid
1169 1224 1392 1278 multa?
1427 1223 1658 1279 Conﬁdo
1699 1242 1784 1280 me
1823 1226 2001 1281 oflicio
2035 1226 2210 1280 ﬁdelis
2255 1237 2312 1282 et
2356 1243 2465 1281 non
2509 1229 2762 1285 indiserti
2812 1231 3134 1301 interpretis
3177 1231 3372 1286 sedulo
3405 1248 3526 1288 esse

253 1307 558 1371 functum;
604 1313 657 1366 in
693 1312 745 1365 id
787 1321 940 1368 certe
969 1330 1197 1383 operam
1239 1315 1384 1370 dedi.
1437 1317 1533 1371 Siti
1570 1317 1692 1373 aliis
1729 1316 1876 1370 aliud
1916 1315 2214 1378 videbitur,
2273 1315 2408 1369 illud
2435 1317 2630 1372 saltem
2666 1317 2938 1373 afﬁrmare
2976 1335 3218 1389 possum,
3261 1309 3522 1392 tiie"quod

247 1398 478 1451 scierim
530 1409 585 1452 et
621 1403 894 1468 pomerim
957 1401 1063 1456 fide
1104 1403 1310 1471 optima
1347 1403 1541 1460 fecisse
1584 1417 1639 1459 et
1687 1406 1967 1473 diligentia
2001 1424 2245 1472 summa;
2290 1408 2464 1462 sicubi
2503 1425 2632 1463 vero
2665 1421 2760 1463 aut
2792 1411 2996 1480 ingenii
3033 1413 3175 1466 vires
3199 1422 3295 1466 aut
3331 1413 3523 1468 crudi-

251 1489 423 1544 tionis
451 1492 609 1544 nervi
644 1493 778 1546 mihi
811 1493 1110 1556 defuerint,
1143 1496 1377 1550 fortunae
1405 1513 1524 1550 eam
1553 1513 1674 1552 esse
1703 1498 1942 1565 culpam,
1987 1492 2366 1547 infelicitatem
2410 1508 2609 1556 meam,
2654 1511 2776 1563 quae
2829 1512 2952 1550 eum
2992 1496 3113 1551 aliis
3172 1505 3384 1551 tantum
3412 1498 3524 1552 dis-

251 1577 480 1644 pliceat,
519 1578 652 1632 mihi
685 1582 852 1634 etiam
891 1581 1186 1649 plurimum
1225 1593 1403 1638 nocet.
1439 1583 1628 1654 Neque
1659 1595 1768 1638 tam
1802 1583 2053 1651 iniquum
2082 1580 2253 1632 ullum
2282 1594 2404 1634 esse
2431 1589 2587 1648 puto,
2617 1583 2710 1649 qui
2751 1581 2874 1650 plus
2899 1599 2928 1636 a
2972 1599 3059 1638 me
3085 1585 3326 1652 postulet
3353 1600 3519 1653 quam

249 1674 516 1731 praestare
565 1681 788 1734 queam.
839 1667 950 1736 Ego
993 1685 1127 1723 vero
1175 1671 1264 1734 iis,
1309 1671 1404 1739 qui
1449 1672 1532 1725 vel
1585 1672 1640 1726 in
1676 1671 1781 1724 hoc
1829 1671 1916 1723 vel
1955 1669 2009 1720 in
2041 1667 2164 1720 aliis
2201 1667 2461 1734 Operibus
2496 1682 2526 1720 a
2568 1683 2655 1721 me
2698 1670 2984 1723 conversis
3031 1670 3250 1724 laudem
3288 1670 3518 1724 solidam

244 1764 640 1819 assequentur,
691 1755 1010 1824 gratulabor
1057 1757 1245 1825 potius
1289 1773 1455 1826 quam
1496 1759 1775 1814 invidebo.
1826 1757 1963 1813 Cum
2006 1755 2177 1819 enim,
2223 1755 2493 1823 quidquid
2543 1755 2812 1810 hactenus
2851 1757 3018 1825 edidi,
3067 1757 3119 1811 id
3168 1758 3252 1811 vel
3296 1758 3518 1827 publica

246 1837 498 1890 utilitate
528 1840 612 1893 vel
664 1842 1008 1910 temporibus
1049 1843 1190 1898 meis
1223 1844 1496 1899 adductus
1540 1845 1786 1905 fecerim,
1822 1859 1924 1898 nec
1969 1853 2074 1897 tam
2110 1843 2308 1896 famam
2341 1843 2604 1910 captarim
2647 1858 2812 1911 quam
2854 1844 3052 1898 famem
3096 1845 3339 1908 vitarim,
3364 1846 3408 1899 si
3439 1861 3519 1899 ea:

245 1923 668 1978 lucubrationes
701 1943 836 1982 mea:
865 1929 1261 1985 illustriorihus
1293 1933 1533 1988 aliorum
1571 1931 1936 1994 editionibus,
1971 1931 2164 2000 quales
2214 1929 2385 1998 aliqui
2421 1930 2777 1998 pollicentur,
2809 1931 2979 2000 aliqui
3015 1932 3180 1986 etiam
3213 1932 3516 1995 minantur,

243 2011 469 2064 abolita":
521 2014 755 2078 fuerint,
793 2030 903 2068 non
947 2017 1140 2089 iniquo
1184 2018 1371 2073 animo
1408 2021 1699 2075 ferendum
1768 2019 1875 2074 erit
1914 2033 2097 2072 meum
2149 2016 2425 2085 privatum
2465 2015 2710 2072 dedecus
2754 2019 2819 2083 (si
2871 2019 3019 2087 quod
3064 2029 3244 2072 tamen
3282 2017 3518 2072 infelicis

244 2103 434 2165 pecus
468 2113 635 2166 quam
667 2100 950 2157 inhonesti
985 2116 1217 2160 conatus
1249 2114 1333 2162 est
1364 2108 1628 2178 dedecus)
1667 2123 1792 2162 cum
1833 2105 1913 2160 rei
1947 2104 2176 2174 publica:
2211 2103 2494 2157 litteraria:
2535 2104 2770 2158 utilitate
2797 2105 3079 2175 conjungi.
3113 2107 3200 2160 cui
3228 2120 3296 2159 ex
3331 2105 3520 2158 animo

242 2186 561 2240 consultum
606 2203 730 2243 esse
774 2199 832 2244 et
873 2193 996 2246 volo
1034 2203 1089 2248 et
1121 2195 1292 2248 volui.
1340 2196 1549 2250 Vellem
1589 2196 1846 2266 equidem
1881 2192 1936 2246 id
1961 2205 2085 2259 Cllle
2118 2191 2280 2244 laude
2327 2205 2445 2244 mea
2480 2191 2663 2260 potius
2689 2201 2746 2246 et
2773 2193 2946 2258 gloria
2975 2192 3090 2246 fieri
3133 2193 3336 2262 (neque
3361 2192 3513 2246 enim

240 2285 494 2324 amorem
527 2275 706 2328 nostri
737 2275 808 2329 ab
848 2277 965 2346 ipsa
995 2289 1190 2334 natura
1223 2281 1450 2337 insitum
1479 2285 1640 2353 plane
1670 2279 2018 2352 abiecimus),
2049 2277 2145 2335 sed
2171 2277 2216 2332 si
2251 2277 2378 2330 fatis
2405 2277 2568 2332 aliter
2608 2280 2785 2332 visum
2836 2288 2942 2342 est,
2995 2279 3100 2333 hoc
3125 2295 3346 2350 quoque
3368 2279 3512 2349 asqui

240 2359 490 2427 bonique
521 2359 837 2417 faciendum
870 2365 1002 2420 erit.

311 2448 498 2518 Atque
531 2446 647 2506 haec
676 2451 746 2504 de
777 2462 1001 2508 auctore
1035 2463 1092 2508 et
1119 2465 1427 2521 argumenti
1465 2473 1663 2526 genere
1695 2464 1750 2510 ct
1781 2469 1946 2525 opera
1981 2468 2099 2508 mea
2127 2471 2141 2506 :
2179 2467 2328 2506 nunc
2357 2451 2424 2505 ad
2471 2465 2590 2505 eam
2623 2451 2966 2507 Praefationis
2995 2461 3205 2522 partem
3235 2454 3513 2510 acceden-

242 2536 377 2590 dum
430 2548 538 2603 est,
580 2539 634 2592 in
687 2554 795 2608 qua
846 2539 1051 2608 alioqui
1105 2541 1339 2594 multum
1375 2541 1576 2596 sudare
1619 2543 1834 2603 solitus,
1873 2541 2022 2611 quod
2075 2541 2310 2594 verebar
2340 2554 2409 2593 ne
2455 2539 2543 2593 vel
2592 2539 2647 2592 itt
2695 2540 3088 2594 assentationis
3135 2540 3510 2610 suspicionem

234 2625 734 2680 commemorando
778 2626 865 2680 vel
917 2625 972 2679 in
1006 2626 1354 2696 negligentiae
1387 2628 1596 2682 crimen
1644 2629 2042 2685 dissimulando
2075 2628 2323 2682 venirem
2364 2643 2376 2678 :
2431 2641 2578 2680 nunc
2628 2635 2687 2677 ιιι
2724 2625 2989 2680 liberiore
3034 2628 3137 2680 sim
3173 2628 3380 2694 animo,
3416 2638 3510 2684 tua

239 2711 514 2765 modestia
547 2713 630 2766 vel
670 2713 858 2781 potius
886 2713 1213 2782 magnitudo
1243 2715 1414 2769 animi
1461 2715 1611 2778 facit,
1652 2732 1758 2785 qua
1789 2715 1844 2770 id
1889 2716 1959 2769 ab
1993 2717 2220 2770 ineunte
2252 2723 2414 2770 aetate
2458 2712 2759 2769 meditatus
2789 2728 2911 2767 esse
2946 2714 3153 2768 videris
3182 2716 3328 2783 quod
3364 2716 3510 2784 apud

233 2797 562 2852 Ciceronem
594 2798 844 2868 Scipioni
876 2799 1145 2856 divinitus
1173 2802 1513 2871 praecipitur,
1547 2811 1606 2857 ut
1641 2803 1750 2856 alte
1784 2811 2040 2871 spectans
2077 2812 2242 2871 atque
2277 2800 2344 2853 ad
2380 2799 2656 2854 cmlestem
2691 2799 2876 2853 sedem
2909 2811 2964 2854 et
2993 2811 3255 2856 mternam
3283 2803 3509 2856 domum

234 2894 527 2946 contuens.
558 2902 741 2957 neque
770 2887 1121 2943 sermonibus
1150 2890 1296 2960 vulgi
1337 2889 1557 2944 dederis
1584 2897 1658 2952 te,
1691 2905 1792 2943 nec
1825 2888 1881 2942 in
1907 2889 2147 2957 praemiis
2176 2887 2436 2941 humanis
2461 2903 2613 2958 spem
2641 2887 2892 2956 posueris
2927 2903 3110 2942 rerum
3141 2900 3386 2957 tuarum,
3411 2889 3507 2945 sed

231 2972 350 3030 suis
381 2983 436 3029 te
462 2975 746 3032 illecebris
774 2976 892 3046 ipsa
925 2977 1100 3032 virtus
1127 2978 1356 3033 traxerit
1383 2976 1452 3033 ad
1483 2992 1674 3032 verum
1705 2977 1983 3031 decuszut
2013 2974 2146 3029 illud
2186 2974 2356 3029 Grccci
2398 2983 2572 3044 poeta:
2604 2974 2673 3029 de
2707 2984 2758 3030 te
2789 2974 2896 3028 dici
2931 2977 3140 3044 possit:

1117 3171 1334 3243 Odyde
1365 3170 1545 3243 sonit:
1578 3171 1799 3243 ᾄριστος
1829 3173 1946 3227 ἀλλ’
1972 3167 2112 3225 εἶναι
2149 3172 2346 3236 θέλεις,

1114 3241 1350 3312 Βαθεξάν
1380 3241 1552 3312 ἄλοκᾳ
1585 3241 1672 3312 δικ
1707 3245 1921 3311 φρενῶν
1953 3244 2363 3312 καρπούμενος,

1125 3312 1213 3380 Ἐξ
1250 3308 1317 3383 ἧς
1345 3312 1413 3363 τὰ
1452 3310 1610 3364 κεδνὰ
1648 3308 1934 3381 βλὰὸτάνει
1968 3308 2312 3383 βυὺλεύματα
2335 3329 2352 3345 ο

229 3493 432 3560 quibus
452 3488 708 3543 versibus
745 3487 798 3540 id
837 3483 1174 3556 Amphiarao
1214 3505 1315 3544 suo
1349 3492 1544 3546 tribuit
1583 3487 1898 3559 Aischylus,
1935 3498 1994 3543 ut
2027 3489 2263 3542 afﬁrmet
2296 3501 2423 3540 eum
2465 3487 2643 3541 virum
2679 3490 2952 3557 Optimum
2981 3503 3104 3544 esse
3137 3489 3300 3546 malle
3334 3506 3503 3562 quam

231 3580 430 3638 videri,
469 3580 631 3646 cujus
670 3577 890 3630 animus
929 3587 1188 3645 tanquatn
1243 3593 1373 3648 ager
1403 3579 1675 3634 fecundus
1701 3587 1755 3634 et
1809 3578 1978 3647 probe
2009 3578 2298 3640 subactus,
2335 3577 2618 3644 conceptis
2649 3576 2916 3630 virtutum
2963 3578 3293 3640 seminibus,
3326 3578 3500 3634 bone-

234 3677 444 3718 storum
473 3665 830 3720 consiliorum
864 3673 921 3716 et
947 3679 1068 3732 quae
1096 3664 1222 3718 inde
1251 3667 1511 3721 oriuntur
1545 3669 1824 3722 actionum
1855 3665 2148 3734 quamdam
2177 3664 2330 3732 quasi
2362 3671 2602 3732 segetem
2636 3663 2901 3731 proferat.
2926 3663 3058 3729 Qua:
3087 3665 3132 3718 si
3161 3680 3257 3733 per
3277 3679 3496 3719 omnem

237 3752 423 3803 a-tatis
453 3761 555 3803 tua:
584 3751 899 3810 decursum,
935 3765 1099 3818 quem
1141 3750 1216 3803 ita
1253 3739 1571 3808 moderatus
1605 3769 1665 3808 es
1696 3763 1754 3806 ut
1791 3753 2020 3807 honesta
2061 3755 2278 3822 negotia
2319 3751 2643 3806 suavissimo
2679 3752 2795 3806 otio
2825 3767 3046 3821 semper
3084 3751 3490 3820 anteposueris,

229 3835 559 3907 singulatim
585 3838 850 3904 explicare
884 3835 1160 3898 studeam.
1190 3853 1330 3906 opus
1362 3840 1532 3894 Iliade
1574 3841 1838 3908 prolixius
1887 3840 2022 3894 mihi
2075 3850 2353 3905 nascetur,
2383 3847 2439 3893 et
2468 3849 2574 3892 tua:
2605 3853 2770 3892 aures
2798 3840 2930 3892 satis
2976 3838 3096 3892 scio
3128 3853 3238 3891 non
3289 3838 3491 3893 ferent.

224 3926 362 3992 Quae
396 3926 566 3995 igitur
590 3928 796 3978 calamo
823 3923 911 3978 vel
950 3932 1040 3978 tua
1073 3925 1329 3979 voluntas
1364 3927 1447 3980 vel
1482 3941 1602 3981 mea
1631 3928 1965 3982 verecundia
2011 3936 2197 3996 negat,
2226 3941 2290 3981 ea
2339 3925 2684 3995 posteritatis
2720 3925 3071 3980 sermonibus
3111 3926 3196 3981 vel
3236 3926 3405 3980 invito
3441 3937 3494 3980 te

223 4014 674 4070 celebrabuntur.
704 4012 853 4068 Idem
880 4011 1025 4066 enim
1055 4019 1140 4066 est
1164 4013 1349 4082 gloriae
1378 4014 1527 4082 quod
1556 4015 1819 4070 crocodili
1858 4015 2138 4083 ingenium
2172 4031 2186 4067 :
2219 4021 2518 4081 sequentes
2547 4011 2707 4082 lugit,
2736 4011 3011 4082 fugientes
3035 4014 3310 4083 sequitur.
3341 4011 3490 4065 Nihil

222 4111 304 4172 (ut
330 4104 668 4172 eloquentia:
703 4103 967 4157 Romanae
1013 4117 1213 4171 parens
1249 4105 1506 4173 testatur)
1551 4104 1619 4158 de
1653 4101 1964 4172 insignibus
2013 4102 2078 4154 ad
2127 4099 2346 4153 laudem
2383 4099 2518 4153 viris
2551 4099 2788 4153 obscure
2836 4100 3080 4154 nttntiari
3117 4101 3296 4154 solet:
3331 4099 3489 4152 fama:

223 4205 384 4244 acino
418 4189 974 4257 unquamimperare
1005 4188 1204 4257 potuit.
1236 4188 1354 4242 Non
1392 4191 1602 4258 patitur
1625 4191 1715 4244 illa
1747 4189 1967 4243 Hesiodi
1995 4187 2097 4241 dea
2131 4187 2236 4241 sibi
2267 4185 2454 4240 frenos
2485 4186 2635 4256 injici
2673 4205 2684 4239 :
2724 4187 2975 4256 loquitur
3010 4196 3066 4240 et
3091 4186 3310 4248 clamat,
3337 4185 3485 4238 utab

225 4281 330 4341 ipsa
383 4278 716 4346 posteritate
745 4291 849 4330 vox
879 4277 1000 4345 ejus
1031 4275 1309 4329 audiatur.
1339 4277 1670 4332 Praedicabit
1717 4279 1804 4331 illa
1837 4291 1947 4330 non
1987 4285 2199 4330 tantum
2229 4287 2556 4328 ornamenta
2588 4275 2846 4337 fortunae,
2882 4275 2954 4327 ob
2982 4289 3107 4342 qua:
3135 4288 3261 4327 cum
3291 4273 3487 4326 beatus

225 4365 495 4426 habearis,
529 4371 588 4416 tu
635 4377 699 4416 ea
753 4363 964 4416 umbra:
1008 4364 1282 4432 parietum
1331 4378 1658 4431 comparare
1690 4363 1855 4422 soles,
1887 4362 1984 4415 sed
2032 4370 2088 4414 et
2133 4361 2340 4430 ingenii
2383 4361 2823 4429 magnitudinem
2860 4370 2916 4414 et
2951 4359 3300 4430 prudentiam
3334 4369 3484 4412 tuam

225 4449 712 4514 periculosissimis
749 4449 1091 4518 temporibus
1129 4452 1182 4503 in
1214 4465 1272 4504 re
1307 4459 1364 4503 et
1398 4450 1618 4518 publica
1649 4461 1704 4504 et
1731 4449 1964 4518 privata,
1998 4449 2165 4500 animi
2200 4447 2570 4501 constantiam
2608 4457 2664 4500 et
2695 4447 3127 4516 aequabilitatem
3162 4447 3217 4500 in
3250 4457 3486 4515 utraque

217 4535 458 4597 fortuna,
491 4535 545 4588 in
579 4535 938 4604 amplissimis
965 4536 1186 4605 opibus.
1215 4550 1353 4605 quas
1392 4551 1422 4589 a
1449 4536 1748 4604 majoribus
1773 4543 2029 4602 acceptas
2055 4542 2110 4587 et
2143 4534 2382 4587 feliciter
2413 4535 2757 4588 conservasti
2792 4543 2847 4588 et
2875 4535 2996 4588 sine
3039 4534 3366 4604 cujusquam
3401 4533 3488 4586 in-

211 4622 356 4689 juria
383 4622 742 4691 ampliﬁcasti
773 4633 828 4676 et
855 4623 919 4675 ad
952 4622 1091 4675 bt'ne
1123 4624 1450 4676 merendum
1476 4623 1541 4675 de
1572 4622 1760 4674 tnultis
1790 4620 2096 4684 contulisti,
2125 4637 2247 4676 earn
2277 4620 2605 4674 modestiam
2633 4631 2688 4674 et
2715 4621 2888 4675 debiti
2909 4621 3072 4676 etiam
3107 4621 3331 4675 honoris
3351 4635 3486 4675 con-

217 4719 512 4778 temptum,
543 4709 638 4777 qui
680 4710 766 4762 vel
814 4709 871 4762 in
911 4708 1116 4763 infimis
1147 4708 1471 4762 hominibus
1503 4722 1626 4762 raro
1660 4709 1974 4773 invenitur;
2016 4723 2117 4763 nec
2151 4708 2351 4762 tacebit
2398 4707 2483 4761 vel
2534 4709 2933 4777 benignitatem
2986 4722 3112 4777 erga
3146 4709 3380 4761 miseros
3426 4717 3484 4761 et

209 4796 469 4860 afﬂictos,
503 4798 592 4850 vel
618 4797 1008 4852 liberalitatem
1036 4811 1162 4867 erga
1211 4798 1491 4852 studiosos
1532 4806 1582 4852 et
1615 4797 1808 4852 doctos
1837 4813 1850 4850 :
1887 4795 1942 4850 in
1975 4811 2086 4865 quo
2117 4811 2353 4849 numero
2380 4796 2426 4849 si
2477 4799 2603 4865 quis
2649 4796 2785 4850 mihi
2834 4797 2991 4850 locus
3021 4804 3126 4857 est,
3159 4804 3213 4848 et
3259 4793 3305 4847 si
3337 4793 3482 4847 inter

206 4881 527 4945 Luscinios,
553 4883 810 4948 Carinos,
847 4883 1159 4948 Tonneros,
1195 4884 1449 4950 Streitos,
1479 4882 1757 4951 Sipbanos
1789 4890 1955 4951 atque
1983 4884 2120 4937 alios
2147 4884 2484 4952 complures,
2515 4885 2610 4952 qui
2648 4893 2740 4937 tua
2772 4882 3155 4936 munificentia
3192 4881 3477 4944 fruuntur,

204 4971 492 5025 numerari
524 4985 743 5024 mereor
771 4972 856 5035 (ιιι
881 4981 1064 5025 autem
1093 4985 1325 5034 merear,
1355 4979 1445 5025 tua
1477 4970 1791 5024 humanitas
1816 4971 2000 5038 potius
2023 4987 2186 5040 quam
2221 4985 2338 5023 mea
2371 4970 2611 5040 dignitas
2642 4970 2821 5039 facit),
2849 4980 2906 5023 et
2925 4983 3028 5039 ego
3061 4983 3261 5022 nomen
3293 4980 3476 5019 meum

202 5073 266 5112 ex
299 5060 448 5128 grati
476 5057 648 5112 animi
674 5057 854 5111 officio
890 5057 1137 5126 proﬁteri
1173 5057 1366 5116 debeo.
1398 5057 1492 5125 qui
1525 5069 1647 5126 post
1681 5057 1884 5110 multas
1911 5073 2186 5111 aerumnas
2215 5065 2308 5110 tua
2349 5057 2709 5120 liberalitate,
2739 5057 2832 5110 Vir
2862 5055 3224 5124 amplissime,
3253 5053 3471 5107 tandem

203 5147 308 5200 hoc
345 5156 689 5200 consecutus
723 5146 932 5209 videor,
963 5155 1025 5200 ut
1052 5146 1118 5199 ad
1146 5161 1339 5201 omnes
1381 5145 1616 5200 fortuna:
1659 5159 1840 5208 casus,
1875 5145 1968 5211 qui
2007 5145 2144 5198 varii
2191 5144 2534 5213 impendent,
2569 5143 2780 5213 aliquid
2825 5143 3001 5212 parati
3051 5142 3286 5198 subsidii
3339 5137 3470 5210 (nisi

199 5233 383 5286 fatalis
414 5234 601 5302 aliqua
633 5233 919 5287 calamitas
951 5234 1350 5303 intercesserit)
1385 5249 1470 5286 me
1503 5232 1707 5286 habere
1742 5230 2014 5284 conﬁdam
2041 5250 2054 5284 :
2086 5241 2142 5286 et
2168 5231 2258 5285 hic
2283 5247 2484 5296 annus,
2511 5231 2603 5284 cui
2641 5241 2697 5284 ιιι
2727 5240 2987 5299 tanquam
3021 5231 3258 5286 salutare
3289 5223 3469 5294 qned-

197 5321 324 5373 dam
353 5321 508 5374 sidus
537 5319 826 5380 atl‘ulsisti,
855 5320 908 5374 id
939 5319 1074 5372 tnihi
1097 5320 1366 5386 attulerit,
1393 5319 1539 5388 quod
1569 5335 1666 5388 per
1693 5332 1912 5372 omnem
1942 5328 2158 5374 aetatem
2199 5319 2450 5374 exhausti
2477 5318 2697 5372 labores
2732 5333 2841 5371 non
2873 5317 3251 5371 contulerunt.
3282 5313 3356 5364 lta
3380 5322 3466 5362 res

195 5408 316 5477 ipsa
349 5425 439 5462 me
475 5408 658 5470 docet,
696 5407 862 5461 nimis
893 5423 1084 5461 verum
1114 5407 1246 5460 illud
1274 5423 1396 5464 esse
1423 5408 1578 5476 Regii
1609 5407 1762 5460 Vatis
1785 5406 2095 5469 oraculum,
2131 5407 2224 5476 qui
2257 5407 2462 5460 frustra
2495 5414 2623 5459 ante
2659 5405 2837 5458 lucem
2873 5403 3022 5472 surgi
3056 5409 3111 5454 et
3146 5411 3338 5467 panem
3371 5408 3466 5446 co-

193 5497 346 5551 medi
369 5495 606 5555 doloris.
642 5495 814 5548 Deum
843 5504 1024 5547 autem
1061 5494 1174 5547 suis
1198 5495 1281 5548 vel
1313 5493 1720 5548 dormientibus
1749 5493 2102 5562 suppeditare
2129 5493 2310 5547 omnia
2338 5492 2647 5548 conﬁrmat.
2682 5491 2792 5545 Etsi
2821 5499 3003 5542 autem
3036 5489 3090 5540 in
3123 5493 3269 5539 tanto
3295 5492 3463 5547 opere

194 5600 380 5653 neque
407 5584 718 5636 dormitare
745 5597 924 5650 neque
981 5581 1226 5635 dormire
1287 5581 1543 5642 nimium,
1573 5596 1638 5634 ac
1687 5595 1756 5632 ne
1806 5581 2140 5636 valetudinis
2169 5581 2390 5651 quidem
2438 5596 2653 5650 semper
2711 5577 2976 5631 rationem
3058 5573 3255 5626 habere
3307 5566 3463 5622 licuit

195 5675 350 5737 (nam
378 5673 518 5727 alias
549 5685 837 5738 nunquam
872 5677 1083 5724 tantum
1113 5671 1372 5724 volumen
1407 5669 1625 5724 tantillo
1656 5669 1839 5738 spatio
1873 5670 2135 5738 temporis
2165 5668 2566 5738 absolvissem),
2603 5676 2805 5729 tamen,
2838 5665 2884 5718 si
2917 5663 2973 5716 hi
2996 5661 3184 5714 decem
3218 5669 3457 5723 menses,
