4042 6212
475 274 556 338 39-
1749 273 2054 335 JOANNIS

2156 272 2429 334 ΟΝΑΒίΕ
3381 275 3399 289 ⁸
3642 274 3710 338 40

473 389 680 458 quibus
721 389 774 444 in
810 389 912 448 hac
941 387 1328 445 lucubratione
1349 389 1699 445 continenter
1729 389 1978 454 elaboro,
2015 405 2140 444 cum
2169 391 2318 445 omni
2362 397 2613 445 anteacta
2640 389 2750 444 vita
2795 405 2912 444 mea
2944 397 3355 460 comparentur,
3385 393 3550 462 plane
3592 391 3715 446 dor-

471 479 699 534 mientis
727 488 844 533 rete
877 479 1108 533 traxisse
1137 477 1350 542 videor,
1381 493 1578 548 meque
1603 478 1800 549 insigni
1833 478 2103 534 beneﬁcio
2125 488 2222 532 tuo
2249 479 2564 534 devinctum
2589 492 2707 532 esse
2745 477 2850 532 hoc
2877 477 3098 548 publico
3129 491 3490 535 monumento
3526 490 3714 542 testor,

474 567 621 637 quod
658 575 747 620 tua
773 564 1151 620 munificentia
1176 564 1444 619 studiosis
1479 565 1836 620 historiarum
1871 581 2018 619 nunc
2052 567 2291 635 primum
2325 567 2787 621 communicatur.
2818 567 2976 621 Faxit
3009 569 3154 622 Deus
3182 567 3422 638 optimus
3451 569 3717 623 maximus

474 663 534 707 ut
567 666 747 721 neque
783 661 834 704 te
862 661 1184 720 sumptuum
1217 662 1492 707 tantorum
1526 667 1706 720 neque
1740 665 1825 705 me
1855 651 2106 705 laborum
2139 655 2438 722 paeniteat;
2469 655 2725 724 idemque
2757 663 2806 708 te
2830 669 2957 708 cum
2993 655 3184 709 liberis
3215 657 3323 710 tuis
3355 655 3720 713 ornatissimis

475 743 698 807 totaque
729 739 1066 809 amplissima
1097 740 1419 809 Fuggerana
1445 738 1650 792 familia
1676 753 1840 806 quam
1871 739 2181 794 diutissime
2211 741 2541 795 incolumem
2573 752 2629 796 et
2656 741 2943 796 ﬂorentem
2981 751 3290 796 conservet.
3314 743 3572 814 Augustae
3593 743 3693 797 Vin

474 827 804 892 delicorum,
835 843 903 882 ex
935 828 1274 883 bibliotheca
1307 826 1468 881 herili
1507 843 1521 879 :
1555 826 1821 881 Kalendis
1849 826 2196 890 Novembris,
2233 844 2378 882 anno
2415 844 2444 882 a
2484 827 2782 884 Nativitate
2816 829 3033 883 Domini
3063 827 3298 883 MDLVI.

639 1195 1846 1406 ΙΟΑΝΝΟΥ
1925 1198 2457 1406 ΤΟΥ
2547 1075 3594 1412 ΖΩΝΑΡΑ

1660 1501 2588 1693 ΧΡΟΝΙΚΟΝ.

954 1969 957 1972 ·
1086 1916 1999 2098 JOANNIS

2156 1915 3087 2102 ΖΟΝΑΒᾸΕ

1709 2221 2484 2373 ANNALES.

873 2659 916 2730 1
961 2655 1637 2750 PRIEFATIO.
2079 2655 2126 2710 ³

493 1016 3706 1044 mm

542 2817 810 2892 Equidem
829 2820 974 2878 haud
991 2825 1176 2894 inepte
1195 2825 1361 2882 rideri
1379 2841 1599 2897 queam,
1620 2835 1681 2882 ut
1697 2830 2056 2898 supervacuis

476 2914 538 2969 in
573 2914 740 2969 rebus
786 2915 978 2985 magis,
1018 2931 1182 2986 quam
1237 2917 1295 2971 in
1347 2919 1674 2974 necessariis
1733 2930 2052 2990 occupatus.

475 3001 831 3072 Posteaquam
849 3006 996 3060 enim
1021 3021 1052 3060 e
1093 3007 1274 3062 medio
1304 3010 1546 3074 excessi,
1573 3011 1851 3080 vitamque
1880 3011 2056 3082 delegi

473 3097 1076 3168 solitariam,perpetuo
1091 3099 1226 3154 mihi
1246 3100 1346 3170 ipsi
1366 3103 1515 3156 velut
1529 3103 1718 3157 exsilio
1737 3102 2063 3169 indicto(id-

473 3203 581 3258 que
615 3189 761 3243 illius
780 3200 917 3244 nqu
941 3206 1251 3261 arcauoque
1280 3193 1511 3247 consilto
1529 3194 1754 3255 factum,
1772 3195 1864 3263 qui
1891 3210 2056 3264 supra

474 3294 577 3334 nos
605 3289 707 3343 est,
742 3283 920 3351 ruptis
951 3276 1186 3338 vinculis
1218 3286 1372 3350 meis,
1404 3285 1733 3354 ercptisque.
1755 3285 1890 3338 mihi
1923 3287 2058 3340 cha-

475 3371 731 3437 rissimis,
757 3388 880 3428 cum
905 3373 1094 3428 dolore
1109 3374 1357 3444 quidem,
1390 3375 1599 3430 utiliter
1633 3375 2060 3444 tamen),omni-

475 3475 548 3514 no
570 3463 1254 3531 mejampridem,omissis
1285 3463 1539 3532 negotiis,
1563 3463 1849 3532 turbisque
1883 3479 2052 3533 repu-

473 3551 658 3617 diatis,
694 3553 832 3607 nihil
863 3553 1007 3607 aliud
1035 3563 1269 3607 tractare
1298 3553 1681 3617 conveniebat,
1706 3553 1810 3607 nisi
1837 3568 1900 3606 ea
1930 3569 2053 3623 quae

471 3643 716 3697 animum
737 3649 1015 3713 excolunt,
1035 3655 1092 3700 et
1117 3661 1144 3697 a
1186 3645 1414 3699 maculis
1437 3659 1729 3713 pravarum
1769 3647 2053 3699 actionum

471 3737 831 3792 assuetudine
880 3738 931 3806 2
956 3737 1242 3806 impressis
1267 3745 1520 3805 purgant,
1553 3751 1784 3805 qumque
1835 3735 2047 3792 Numen

474 3827 732 3881 infestum
765 3830 898 3882 mihi
945 3829 1016 3883 ob
1047 3829 1166 3899 ejus
1206 3837 1474 3898 praecepta
1523 3827 1747 3891 violata,
1781 3837 1837 3883 et
1867 3829 2060 3884 deser-

474 3925 584 3971 tam
618 3918 848 3989 justitiae
896 3920 1040 3973 viam
1081 3920 1301 3989 placare
1355 3928 1580 3988 queant,
1613 3919 1796 3988 itaque
1826 3921 2053 3977 delicto-

2605 2661 3270 2769 ΠΡΟΟΙΜΙΟΝ.

2149 2869 2154 2872 .
2224 2819 2303 2871 A'.
2372 2819 2656 2892 Εὑστόχως
2707 2823 2772 2876 ἄν
2817 2839 2901 2886 τις
2969 2822 3157 2888 είποι,
3211 2821 3563 2886 ὲπιτωῡάζων
3614 2837 3726 2890 μοι,

2156 2911 2340 2980 μεῖζόν
2372 2929 2452 2964 σοι
2483 2912 2577 2966 τοῦ
2632 2915 2792 2985 ἔργου
2837 2917 2897 2967 τδ
2944 2916 3239 2986 πάρεργον.
3287 2915 3434 2968 Ἔδει
3475 2915 3584 2984 γάρ
3635 2931 3725 2984 με,

2156 3003 2230 3065 ὡς
2283 3005 2499 3074 ἀληθῶς
2555 3007 2722 3060 πάλαι
2781 3008 2889 3060 τῶν
2930 3010 3270 3078 πραγμάτων
3308 3009 3600 3076 ἀφέμενον,
3636 3003 3730 3058 καὶ

2154 3089 2484 3159 τυρϐάζεται
2523 3093 2920 3165 ἀποσχόμενον,
2977 3096 3071 3150 καὶ
3119 3096 3212 3148 τοῦ
3267 3097 3435 3166 μέσου
3492 3111 3727 3165 μετανα-

2155 3181 2435 3248 στεύοντα,
2469 3186 2560 3238 καὶ
2589 3187 2711 3240 καθ’
2733 3188 2923 3242 ἑαυτὸν
2952 3189 3206 3258 ἑλόμενον
3251 3189 3372 3260 ζῇν,
3437 3188 3729 3258 ἀειφυγίαν

2155 3291 2214 3325 τε
2251 3273 2445 3327 ἑαυτοῦ
2499 3277 3022 3349 καταψηφισάμενον
3079 3278 3244 3346 (οὕτω
3298 3279 3367 3332 τὰ
3416 3278 3538 3332 καθ’
3582 3279 3731 3348 ἡμᾶς

2155 3368 2611 3439 οίκονομήσαντος
2638 3370 2732 3424 τοῦ
2765 3370 2905 3442 ὑπὲρ
2929 3373 3097 3440 ἡμᾶς,
3131 3372 3320 3442 ἐπειδὴ
3351 3373 3475 3434 τοὺς
3497 3368 3730 3440 δεσμούς

2158 3475 2259 3527 μου
2293 3459 2566 3529 διέρρηξε,
2602 3460 2709 3513 τῶν
2738 3460 3009 3530 φιλτάτων
3045 3462 3314 3532 στερήσεις
3353 3477 3442 3530 με,
3481 3456 3562 3523 οἷς
3592 3455 3732 3512 οἶδεν

2153 3551 2361 3613 ἐκεῖνος
2415 3551 2616 3618 λόγοις,
2667 3552 2932 3622 ἀλγεινῶς
2984 3553 3083 3623 μὲν
3133 3554 3277 3623 ἐμοὶ,
3339 3553 3732 3622 συμφερόντως

2153 3641 2196 3693 δ’
2228 3641 2398 3710 ὅμως)
2443 3643 2610 3712 μηδὲν
2651 3642 2839 3714 ἕτερον
2877 3647 3141 3714 μετιέναι,
3179 3645 3209 3714 ἢ
3251 3645 3350 3698 ὅσα
3386 3644 3562 3715 ψυχὴν
3601 3661 3732 3696 κατ-

2155 3734 2435 3803 αρτίζουσι
2489 3735 2583 3786 καὶ
2646 3734 2973 3804 καθαίρουσι
3027 3737 3137 3789 τῶν
3199 3736 3538 3790 ὲντακέντων
3592 3737 3732 3806 αὐτῇ

2159 3822 2518 3894 μολυσμάτων
2555 3825 2642 3878 διὰ
2672 3825 2984 3896 φαυλότητα
3021 3827 3297 3896 πράξεων,
3332 3828 3425 3882 καὶ
3472 3830 3610 3883 ἄττα
3643 3827 3734 3892 ἐξ·

2163 3913 2431 3968 ιλεοῦνται
2479 3916 2539 3968 τὸ
2565 3915 2728 3979 θεῖον,
2757 3916 2842 3983 ἐφ’
2880 3911 2960 3980 οἷς
3005 3919 3372 3988 παρόργισται
3393 3920 3529 3988 παρ’
3572 3919 3733 3988 ἐμοῦ,

475 4027 594 4064 rum
644 4012 856 4066 veniam
915 4012 1240 4080 impetrare.
1301 4012 1410 4081 Ego
1462 4026 1592 4065 vero
1634 4013 1778 4080 (quae
1824 4028 1943 4067 mea
1983 4015 2049 4068 ad

2159 4007 2608 4077 παραϐεϐηκότος
2625 4006 2725 4070 τὰς
2746 4008 2964 4070 ἐντολὰς
2981 3983 3169 4070 αὐτοῦ,
3186 3983 3279 4060 διαὶ
3294 4009 3361 4060 τὰ
3379 4007 3408 4058 δ
3415 3983 3731 4076 ικαιώματα

471 4113 620 4156 recte
681 4101 999 4157 faciendum
1059 4101 1310 4156 socordia
1361 4104 1464 4168 est)
1522 4104 1688 4156 rebus
1722 4103 2051 4157 necessariis

471 4195 758 4264 neglectis,
802 4195 855 4248 in
903 4193 1262 4263 supervacuis
1293 4192 1542 4247 claboro.
1589 4191 1818 4257 Tamen,
1863 4202 1920 4245 ut
1951 4207 2051 4262 pro

471 4285 578 4340 mei
615 4285 937 4340 defensione
974 4286 1186 4355 aliquid
1232 4285 1460 4339 all'eram
1497 4301 1511 4339 :
1555 4301 1667 4339 non
1708 4294 1921 4356 meapte
1952 4302 2054 4340 au-

470 4377 726 4431 ctoritate
749 4389 1068 4448 susceptum
1105 4380 1209 4434 hoc
1244 4395 1386 4448 opus
1413 4388 1518 4444 est,
1551 4379 1644 4434 sed
1674 4379 1894 4434 hortatu
1918 4382 2077 4480 ami-‘

471 4476 664 4516 corum
714 4469 854 4535 :qui
891 4484 1018 4522 cum
1077 4485 1163 4523 me
1222 4472 1396 4525 otium
1453 4486 1618 4539 agere
1667 4472 1941 4535 viderent,
1998 4469 2068 4568 idl‘

471 4552 695 4606 aiebant
729 4555 784 4607 in
831 4561 1114 4626 negotium
1166 4561 1392 4628 aliquod
1451 4577 1574 4616 esse
1627 4562 2050 4626 conferendum,

472 4641 617 4711 quod
649 4652 706 4696 et
756 4647 1149 4716 rempublicam
1176 4650 1419 4718 juvaret,
1442 4651 1690 4718 etipsum
1714 4667 1933 4720 quoque
1966 4651 2052 4704 di-

470 4733 660 4787 vinum
693 4735 825 4790 mihi
879 4738 1164 4806 praemium
1207 4740 1553 4794 conciliaret.
1599 4741 1890 4795 Addebant
1933 4756 2051 4806 eos,

474 4824 567 4891 qui
617 4825 870 4882 historiis
914 4836 971 4882 et
1027 4829 1196 4884 rebus
1251 4830 1384 4883 olim
1441 4830 1614 4898 gestis
1674 4831 2056 4885 describendis

473 4913 840 4983 laborassent,
886 4922 1084 4990 partim
1132 4938 1258 4976 cum
1290 4923 1395 4976 alia
1443 4921 1585 4976 facta
1632 4931 1902 4987 veterum,
1939 4933 2052 4978 tum

475 5015 861 5077 stratcgcmala
909 5013 1176 5082 prolixius
1232 5013 1643 5083 conscripsisse,
1686 5023 1851 5084 atque
1909 5016 2054 5072 acies

479 5095 776 5156 insuuctas
815 5141 830 5165 ,
903 5107 1246 5159 exercituum
1345 5104 1686 5170 conﬂictus,
1757 5118 2056 5162 castrame-

478 5187 751 5254 tationes,
787 5207 1012 5262 aggeres
1057 5197 1344 5261 excitatos,
1391 5205 1442 5250 et
1470 5196 1606 5251 alias
1669 5196 1834 5268 hujus
1890 5214 2054 5269 gene-

479 5291 559 5331 I'IS
621 5295 875 5337 enarrare

481 5369 699 5434 itinera,
727 5383 778 5426 et
807 5383 1020 5432 montes
1043 5380 1246 5434 arduos
1271 5391 1434 5450 atque
1465 5381 1795 5446 inaccessos,
1829 5383 2050 5437 vallium

481 5461 609 5515 item
661 5466 958 5532 angustias,
1016 5469 1240 5522 urbium
1297 5470 1655 5532 munitiones,
1706 5481 1762 5526 et
1815 5474 2049 5527 turrium

481 5554 801 5609 altitudines
834 5557 1152 5621 immensas,
1193 5574 1472 5628 propequc
1522 5561 1576 5613 in
1616 5563 1813 5616 coelum
1863 5577 2051 5630 porre-

483 5651 600 5699 ctas
628 5645 785 5714 quasi
821 5648 995 5703 oculis
1029 5648 1304 5721 subjicere
1336 5667 1347 5703 :
1381 5652 1580 5724 partim
1619 5653 1821 5722 scripta
1843 5669 1939 5710 sua
1981 5657 2048 5710 ad

2157 4100 2250 4151 καὶ
2269 4097 2452 4167 ζητεῖν
2472 4098 2614 4151 οὕτω
2633 4097 2960 4167 συγγνώμην
2977 4097 3070 4149 ἐπὶ
3083 4100 3192 4158 τοῖς
3212 4098 3568 4166 πταίσμασιν.
3587 4099 3730 4166 Ἐγὼ

2156 4191 2198 4244 δ’
2224 4191 2442 4259 ἀμελῶς
2464 4191 2602 4261 πρὸς
2621 4191 2684 4244 τὸ
2701 4191 2858 4261 ἔργον
2876 4191 2938 4241 ὲκ
2963 4189 3058 4254 τῆς
3087 4188 3225 4258 πρὸς
3240 4189 3308 4241 τὰ
3330 4189 3470 4242 καλά
3490 4191 3731 4260 νωτριάς

2157 4281 2549 4351 διατιῡέμενος,
2582 4280 2714 4352 περὶ
2743 4280 2802 4334 τὸ
2825 4280 3100 4350 πάρεργον
3127 4279 3414 4333 κατέτεινα
3440 4279 3539 4350 τὴν
3563 4297 3733 4334 σπου-

2153 4374 2274 4446 δήν.
2295 4373 2437 4428 Ἀλλ’
2464 4375 2550 4428 ἶνα
2569 4391 2622 4428 τι
2640 4375 2734 4427 καὶ
2753 4372 3309 4444 ὑπεραπολογήσομαι
3336 4373 3600 4442 ἐμαυτοῦ,
3629 4374 3736 4427 οὐκ

2155 4468 2365 4521 οἴκοθεν
2395 4466 2661 4539 ὡρμήθην
2692 4468 2828 4537 πρὸς
2852 4464 2914 4519 τὸ
2949 4465 3278 4536 ἐγχείρημα.
3315 4466 3545 4536 Ἄνδρες
3575 4467 3632 4519 δέ
3663 4483 3733 4536 με

2158 4561 2300 4627 φίλοι
2330 4560 2465 4629 πρὸς
2494 4559 2656 4612 τοῦτο
2681 4559 3023 4628 παρέθηξαν,
3061 4559 3388 4629 σχολάζοντα
3414 4558 3728 4628 βλέποντες,

2157 4651 2251 4700 καὶ
2279 4649 2480 4718 χρῆσαι
2507 4649 2757 4715 λέγοντες
2789 4652 2853 4719 τῇ
2905 4649 3070 4720 σχολῇ
3105 4650 3240 4720 πρὸς
3277 4649 3437 4718 ἔργον
3468 4667 3736 4718 κοινωφε-

2157 4738 2264 4800 λὲς,
2299 4741 2389 4790 καὶ
2420 4738 2673 4805 κείσηταί
2712 4755 2794 4790 σοι
2838 4756 2891 4790 τι
2926 4741 3034 4792 κάκ
3081 4741 3271 4792 τούτου
3302 4742 3440 4809 πρὸς
3475 4742 3568 4793 τοῦ
3590 4741 3733 4794 Θεοῦ

2157 4831 2531 4900 ἀνταπόδομα.
2565 4831 2924 4903 Προσεπῆγον
2954 4835 3084 4906 γὰρ,
3117 4832 3191 4896 ὡς
3221 4833 3269 4886 οἱ
3296 4834 3424 4903 περὶ
3455 4834 3552 4896 τὰς
3591 4835 3740 4886 ἱστο-

2161 4922 2282 4992 ρίας
2306 4923 2664 4994 πονήσαντες,
2688 4924 2781 4977 καὶ
2813 4923 2881 4976 τὰ
2908 4924 3076 4978 πάλαι
3109 4925 3376 4994 γενόμενα
3409 4923 3740 4996 συγγραψά-

2161 5030 2333 5084 μενοι,
2367 5016 2416 5066 οί
2460 5015 2558 5084 μὲν
2597 5014 3039 5085 διεξοδικώτερον
3074 5018 3174 5078 τάς
3214 5034 3273 5069 τε
3309 5016 3472 5078 ἄλλας
3505 5017 3741 5086 πράξεις

2158 5106 2268 5158 τῶν
2302 5105 2548 5159 παλαιῶν
2572 5106 2804 5178 ἀνδρῶν,
2833 5107 3018 5161 καὶτὰ
3055 5109 3489 5178 στρατηγήματα
3531 5123 3741 5174 συγγε-

2159 5196 2406 5267 γράφασι
2448 5195 2786 5268 παρατάξεις
2838 5193 3209 5264 διηγούμενοι,
3258 5195 3351 5247 καὶ
3410 5193 3740 5263 συμπλοκὰς

939 5301 954 5339 :
1009 5295 1382 5356 praetereaque
1447 5287 1607 5353 loca,
1671 5298 1727 5343 et
1792 5289 2052 5360 impedita

2161 5291 2608 5362 στρατευμάτων,
2634 5290 2727 5344 καὶ
2752 5288 3191 5358 στρατοπεδείας,
3219 5288 3312 5340 καὶ
3340 5289 3610 5358 χάρακας,
3640 5287 3741 5339 καὶ

2160 5384 2212 5435 εί
2246 5401 2298 5436 τι
2327 5382 2538 5446 τούτοις
2590 5381 2876 5450 ἑπόμενον.
2929 5379 3070 5450 Πρὸς
3113 5379 3172 5430 δὲ
3213 5381 3324 5442 τοῖς
3376 5382 3743 5450 περιηγήσεις

2159 5472 2374 5542 χωρίων
2413 5472 2509 5524 καὶ
2543 5469 2834 5539 δυσχορίας
2861 5466 3018 5531 ὁδῶν,
3050 5467 3142 5519 καὶ
3172 5465 3271 5536 ὅρη
3313 5470 3589 5539 προσάντη
3636 5467 3744 5520 καὶ

2158 5561 2421 5624 δύσϐατα,
2480 5561 2575 5614 καὶ
2623 5557 2881 5614 αὐλώνων
2933 5558 3330 5628 στενοχωρίας,
3384 5562 3477 5613 καὶ
3525 5560 3744 5612 πόλεων

2158 5652 2513 5724 ὀχυρότητας,
2551 5654 2644 5704 καὶ⁵
2677 5649 3067 5720 πυργωμάτων
3092 5649 3202 5720 ὕψη
3235 5655 3506 5721 μετέωρα,
3532 5652 3623 5704 καὶ
3658 5653 3745 5713 ὡς
