4042 6212
2114 120 2152 135 ⁴

294 247 373 310 45
984 286 989 291 λ
1734 236 2152 299 ΡΒίΕΕΛΤίΟ.
3498 236 3567 294 46

288 354 482 407 αὐτῶν
520 352 941 423 συγγράψαντες
994 350 1387 422 ἠναντίωνται,
1437 354 1484 404 εἰ
1545 352 1619 422 μή
1676 369 1729 403 τι
1780 350 1892 401 τῶν

2002 359 2098 401 aut
2130 346 2316 416 culpet
2341 344 2669 409 orationem,
2692 350 2787 398 aut
2814 358 2900 398 me
2930 352 3212 399 auctorem
3241 345 3408 401 illius.
3434 346 3571 401 Cum

286 447 438 512 ἄγαν
471 446 558 516 είη
591 443 924 508 σπουδαίων,
966 444 1062 496 καὶ
1097 443 1126 495 ὃ
1157 443 1723 512 παραλιμπανόμενον
1761 440 1891 508 περὶ

2002 436 2138 490 3nim
2166 436 2453 491 historiam
2496 452 2527 490 e
2556 435 2724 490 variis
2763 435 3134 504 scriptoribus
3166 438 3338 492 veluti
3366 439 3567 509 stipem

285 538 360 588 τα
387 536 587 605 καίρια
607 533 929 603 λυμανεῖται
949 536 1015 603 τῇ
1042 534 1356 603 συγγραφῇ..
1386 532 1447 584 Ei
1478 531 1522 584 δ’
1546 533 1574 583 ὁ
1599 528 1883 601 χαρακτὴρ

285 628 388 681 τοῦ
417 628 582 695 λόγου
620 626 982 690 ποικίλλεται,
1015 625 1110 677 καὶ
1136 625 1214 694 μὴ
1243 623 1313 676 δι’
1358 623 1479 676 ὅλου
1521 623 1706 693 ὅμοιός
1734 624 1884 674 ἐστιν

286 721 505 789 ἐαυτῷ,
544 720 876 790 θαυμαζέτω
910 717 1135 789 μηδεὶς,
1166 716 1302 787 μηδέ
1342 734 1428 779 τις
1470 716 1562 769 τὸν
1602 715 1759 783 λόγον
1796 715 1883 766 αἱ·

283 813 488 884 τιῷτο,
541 812 577 882 ἢ
629 813 723 865 τὸν
767 811 959 863 τούτου
998 810 1216 878 πατέρα
1249 825 1339 879 με.
1382 807 1477 861 Ἐκ
1522 806 1734 861 πολλῶν
1774 806 1881 874 γὰρ

286 905 502 974 βίϐλων
539 905 637 966 τὰς
691 902 933 974 ἱστορίας
980 900 1398 973 ἐρανισὰμενος,
1444 898 1503 950 ἔν
1550 914 1615 965 γε
1663 895 1883 957 πολλοῖς

1993 528 2254 599 colligere
2281 543 2509 584 necesse
2562 527 2796 582 habeam
2837 564 2854 592 ,
2906 527 2961 581 in
2999 528 3213 592 multis,
3261 529 3485 585 illorum
3512 543 3575 586 et

1994 618 2241 675 dictione
2287 630 2345 675 et
2395 620 2801 689 compositione
2852 619 3120 675 utendum
3178 620 3309 675 erit.
3383 620 3573 677 Sicubi

1993 721 2176 767 tamen
2198 714 2315 783 ipse
2336 713 2405 768 de
2422 729 2546 768 meo
2565 713 2772 782 aliquid
2803 713 3137 783 interjeeero
3155 729 3224 770 ac
3247 715 3536 769 inseruere
3559 734 3573 769 :

1991 804 2165 876 stylus
2184 806 2251 861 ad
2284 805 2455 871 illius,
2497 820 2661 875 quem
2694 821 2896 876 sequar
2919 815 3226 870 auctorem,
3248 805 3580 861 lormamac-

1952 932 1959 937 -
1989 898 2527 962 commodabitur,ne
2544 899 2817 968 scriptura
2838 914 2866 952 a
2881 913 3002 953 sese
3017 898 3285 954 dissidere
3303 900 3575 953 videatur.

278 999 414 1058 ταῖς
440 997 555 1049 τῶν
579 995 947 1064 συγγραφέων
981 993 1205 1048 ἐκείνων
1240 991 1561 1063 χρησαίμην
1593 990 1661 1044 ἂν
1687 987 1988 1058 συνθήκαις
2041 992 2138 1044 καὶ
2204 991 2494 1062 φράσεσιν,
2528 995 2587 1046 ἐν
2655 994 2802 1056 ὅσοις
2871 993 2916 1045 δ’
2951 992 3020 1047 ἂν
3065 994 3228 1059 αιῖτὺς
3267 995 3582 1064 παρῳδήσω

282 1089 320 1158 ἦ
366 1088 791 1163 παρεμφρασω,
834 1087 970 1157 πρὸς
1017 1085 1112 1138 τὸν
1159 1085 1388 1138 ἐκείνων
1420 1082 1754 1155 χαρακτῆρα
1791 1081 1893 1150 τὴν
1930 1079 2075 1135 ἰδέαν
2116 1084 2209 1137 τοῦ
2240 1084 2400 1153 λόγου
2452 1101 2557 1156 μου
2627 1085 3076 1157 μεθαρμόσομαι,
3121 1085 3209 1140 ἵνα
3253 1086 3329 1157 μὴ
3399 1085 3580 1157 ἀσύμ-

283 1194 476 1246 φωνος
502 1176 642 1245 αὐτῇ
679 1177 849 1244 ἑαυτῇ
879 1176 1010 1244 δοκῇ
1039 1176 1071 1245 ἡ
1105 1173 1316 1244 γραφή.

363 1268 446 1322 1".
498 1267 666 1322 Ἀλλά
706 1284 797 1335 μοι
842 1266 953 1341 πρὸ
1001 1267 1099 1336 τῆς
1145 1266 1389 1335 ἱστορίας
1426 1262 1897 1334 κεφαλαιωδέστε-

286 1378 389 1432 ρον
421 1361 694 1432 εἰρήσθω,
725 1360 848 1413 τινὰ
877 1359 947 1412 τὰ
996 1357 1584 1429 ίστορηθησόμενα,ῖν’
1612 1357 1808 1409 εἰδοῖεν
1839 1356 1889 1406 οἱ

282 1453 372 1523 τῷ
431 1452 843 1524 συγγράμματι
877 1452 1256 1521 ἐντευξόμενοι
1309 1451 1386 1513 ὡς
1441 1450 1653 1503 πολλῶν
1698 1466 1760 1501 τε
1796 1448 1895 1500 καὶ

286 1543 511 1596 τούτων
544 1544 998 1610 ἀναγκαιοτάτων
1016 1541 1273 1612 ἱστοριῶν
1303 1542 1361 1594 ὲν
1386 1541 1595 1611 εἱδήσει
1635 1540 1895 1609 γενήσον-

293 1654 417 1691 ται.
466 1636 788 1707 Περιέιεται
831 1635 963 1703 γοῦν
996 1638 1061 1704 τῇ
1115 1634 1385 1704 Ἐπιτομῇ
1425 1634 1458 1703 ἡ
1507 1632 1890 1700 Ὀκτάτευχος,

2065 1263 2159 1317 ΙΙΙ.
2218 1265 2516 1320 Enimvero
2546 1274 2850 1335 antequam
2886 1266 3061 1334 ipsam
3108 1279 3224 1319 rem
3266 1264 3577 1335 aggrediar,

1998 1358 2312 1410 summatim
2340 1373 2404 1412 ea
2434 1356 2855 1428 complectenda
2896 1364 3049 1415 sunt.
3091 1373 3215 1426 quae
3263 1357 3584 1414 tractabun—

1998 1453 2113 1508 tur,
2143 1455 2202 1499 ut
2224 1448 2416 1501 nurin‘t
2443 1450 2704 1514 lectores,
2736 1463 2902 1519 quam
2932 1449 3156 1510 multas.
3186 1463 3392 1519 easque
3433 1466 3586 1506 sum-

2006 1552 2091 1591 me
2140 1541 2487 1596 necessarias
2527 1541 2794 1596 historias
2857 1541 2972 1596 sint
3025 1541 3325 1614 cognituri.
3388 1542 3573 1597 Conti-

2006 1640 2212 1685 nentur
2247 1632 2416 1702 igitur
2450 1635 2556 1688 hoc
2584 1632 2950 1703 Compendio,
3003 1644 3131 1690 octo
3179 1634 3344 1704 primi
3376 1634 3585 1690 Biblio-

289 1730 393 1783 καὶ
425 1731 528 1783 ὅσα
567 1732 625 1782 ἐν
657 1729 844 1800 ἐκείνη
870 1726 1158 1797 ἱστόρηται
1187 1743 1202 1758 ο
1236 1728 1334 1779 καὶ
1368 1724 1482 1778 τῶν
1512 1723 1815 1777 Βασιλειῶν
1842 1723 1898 1775 αἱ

2007 1735 2128 1773 rum
2164 1720 2317 1783 libri,
2349 1731 2407 1776 et
2433 1738 2556 1791 qua:
2596 1723 2651 1777 in
2681 1723 2793 1777 illis
2828 1732 3155 1788 narrantur;
3209 1724 3419 1794 Regum
3456 1725 3584 1781 item

290 1820 476 1887 βίϐλοι
494 1818 670 1891 ταύτῃ
688 1819 1174 1889 συμπεριέχονται,
1195 1817 1288 1870 καὶ
1312 1816 1400 1869 ἐπ’
1420 1815 1614 1875 αὐταῖς
1630 1814 1701 1867 τὰ
1719 1815 1898 1884 Παρα⁹

289 1910 628 1979 λειπόμενα,
671 1910 767 1963 καὶ
814 1909 915 1961 ὅσα
954 1908 1204 1976 Ἐϐραῖος
1256 1906 1522 1978 Ἰώσηπος
1566 1906 1906 1974 Ἀρχαιολοο

292 2003 489 2074 γὼηῆ
509 2004 614 2055 τῶι
633 1992 1011 2071 παλαιοτέρων
1040 2016 1125 2064 τις
1144 1995 1304 2053 εἶπεν
1330 2000 1615 2063 ἐπέκεινα,
1637 1997 1670 2067 ἢ
1691 2014 1903 2066 παρεκ-

290 2096 676 2165 όατικώτερον
700 2096 732 2165 ἢ
764 2096 861 2147 καὶ
889 2093 1251 2163 ἀλλοιὼτερόν
1278 2092 1381 2162 μού
1407 2109 1461 2144 τι
1505 2093 1635 2161 παρ’
1659 2090 1901 2152 ἐκείνους

296 2190 569 2261 ἱστόρησε
594 2206 607 2218 ·
638 2188 736 2241 καὶ
756 2189 823 2241 tit
859 2186 952 2240 τοῦ
985 2186 1213 2254 Ἕσδρα,
1254 2185 1324 2239 τά
1361 2201 1422 2237 τε
1465 2183 1577 2237 τῶν
1611 2182 1900 2253 αἰχμαλω-

303 2283 443 2336 σιῶν
492 2281 608 2335 τῶν
650 2280 926 2351 Ἐϐραίων
984 2280 1265 2351 προτέρας
1314 2281 1414 2348 μὲν
1470 2278 1571 2349 τῆς
1619 2277 1729 2331 τῶν
1766 2278 1902 2331 δέκα

298 2375 487 2443 φυλῶν
520 2375 561 2445 ἦ
599 2375 754 2444 παρὰ
799 2373 895 2425 τοῦ
950 2371 1243 2444 ’Δσσυρίου
1286 2370 1662 2443 Σαλμανασάρ
1702 2371 1898 2439 γέγονε

297 2472 403 2543 τὴν
461 2472 786 2541 Σαμάρειαν
841 2468 1056 2531 ἑλόντος
1112 2465 1423 2537 πολιορκίᾳ,
1481 2466 1579 2518 καὶ
1630 2463 1693 2516 τὸ
1747 2464 1899 2525 ἔθνος

302 2562 840 2632 αἱχμαλωτὶσαντος,
876 2561 971 2613 καὶ
1021 2560 1196 2631 πέραν
1239 2557 1531 2628 Εὐφράτου
1575 2555 1898 2624 ἀπαγαγόν-

300 2674 397 2719 ¹τος
439 2657 539 2708 καὶ
580 2655 1018 2714 κατοικίσαντας,
1066 2653 1147 2714 εἱς
1188 2652 1245 2704 δὲ
1291 2650 1610 2720 Σαμάρειαν
1655 2648 1900 2710 μετοικί-

303 2762 506 2807 εαντος
548 2743 678 2813 ἔθνη
722 2742 868 2805 τινὰ,
910 2740 945 2795 ἃ
982 2741 1245 2795 Χουθαῖοι
1283 2739 1707 2810 ὲπωιομάζοντο
1730 2754 1743 2766 ·
1777 2735 1900 2791 εἶτα

304 2838 409 2892 καὶ
441 2838 543 2908 τῆς
592 2837 748 2908 παρὰ
789 2836 886 2889 τοῦ
916 2833 1399 2904 Ναϐουχοδονόσορ
1448 2831 1899 2901 ἐπενενηγμένης

306 2934 378 3002 τῇ
419 2928 802 3001 Ἰερουσαλὴμ,
824 2930 919 2981 καὶ
939 2927 1017 2990 ὡς
1042 2927 1250 2998 ἕρημος
1284 2927 1318 2997 ή
1349 2925 1508 2988 πόλις
1533 2925 1775 2992 ἐγένετο,
1802 2925 1899 2976 καὶ

301 3027 335 3078 ὁ
367 3025 494 3085 vat-'3;
529 3023 937 3092 ὲνεπέπρηστο,
974 3020 1067 3073 καὶ
1106 3021 1166 3072 τὸ
1205 3020 1356 3080 ἔθνος
1390 3019 1534 3072 am»
1565 3015 1892 3087 ἐξηνδραπόο

300 3118 496 3169 διστο’
545 3116 643 3167 καὶ
683 3115 763 3177 ὡς
812 3113 950 3184 μετὰ
1003 3111 1290 3174 ἐνιαυτοὺς
1336 3109 1707 3180 ὲὸδομὴκοντα
1753 3107 1895 3160 κατὰ
1922 3081 1969 3143 C

297 3209 408 3273 τὰς
436 3207 782 3277 προρρήσεις
810 3204 919 3257 τῶν
942 3203 1237 3275 προφητῶν
1262 3201 1646 3270 ὲκκεχιῦρηται
1670 3198 1748 3268 τῷ
1780 3198 1896 3268 λαῷ

301 3306 416 3360 ὑπὸ
446 3303 640 3374 Κύρου
677 3298 774 3353 τοῦ
804 3298 905 3370 τὴν
931 3299 1043 3352 τῶν
1083 3297 1387 3368 Ἀσσυρίων
1420 3295 1700 3367 βασιλείαν
1726 3293 1898 3363 καθῃ-

302 3396 551 3465 ρηκότος
597 3391 848 3446 ἀνελθεῖν
882 3390 963 3452 εἰς
1009 3386 1395 3458 Ἰερουσαλὴμ,
1445 3385 1543 3438 καὶ
1588 3385 1687 3454 τὴν
1742 3383 1899 3435 πόλιν

302 3487 637 3556 ἀνεγεῖραι,
685 3484 783 3537 καὶ⁵
825 3480 1182 3536 ἀνακαινίσαι
1226 3481 1287 3532 τὸ
1323 3477 1496 3549 ἱερόνο
1537 3477 1621 3540 τίς
1667 3493 1724 3528 τε
1767 3472 1836 3546 ἧν
1871 3477 1899 3529 ὁ

308 3578 526 3647 Κῦρος,
561 3578 659 3629 καὶ
684 3577 832 3638 ὅπως
862 3574 963 3641 τὴν
989 3572 1098 3625 τῶν
1123 3569 1432 3639 Ἀσσυρίων
1465 3568 1744 3639 βασιλείαν
1768 3584 1904 3620 κατ-

310 3672 506 3734 έλυσε,
536 3671 634 3721 καὶ
678 3669 824 3730 τίνες
874 3684 978 3737 μετ
1029 3666 1240 3718 ἐκεῖνον
1279 3663 1376 3730 τῆς
1417 3660 1697 3732 βασιλείας
1728 3661 1899 3730 ἐκρά-

317 3777 525 3829 τησαν,
550 3761 645 3813 καὶ
674 3761 826 3820 ὅπως
850 3759 944 3811 καὶ
970 3757 1124 3825 παρὰ
1150 3754 1314 3806 τίνων
1341 3754 1374 3824 η
1399 3756 1499 3823 τῆς
1524 3752 1732 3815 πόλεως
1756 3754 1900 3806 ἐκω-

316 3853 471 3921 λύθη
493 3851 763 3921 οἰκοδομὴ,
787 3851 898 3903 κάκ
928 3848 1076 3911 τίνος
1108 3846 1265 3909 αὖθις
1292 3847 1325 3914 ἡ
1348 3845 1552 3915 ταύτης
1578 3843 1902 3914 ὲξηχωρήθη

312 3946 632 4013 ἀνέγερσις.
680 3943 793 3996 Καὶ
851 3940 983 4010 περὶ
1035 3939 1241 4008 Δανιὴλ
1286 3939 1382 3990 τοῦ
1438 3938 1755 4007 προφήτου,
1807 3939 1905 3991 καὶ

309 4044 474 4099 ὅπως
507 4037 692 4108 ἔκρινε
733 4036 807 4088 τὰ
838 4033 934 4086 τοῦ
973 4030 1461 4103 Ναϐουχοδοκόσῳ
1502 4029 1778 4101 ὀνείρατα,
1808 4030 1906 4083 καὶ

310 4133 413 4186 τοῦ
477 4129 768 4200 Βαλτάσαρ
815 4126 914 4198 τὴν
964 4128 1188 4196 ὅρασιν,
1232 4124 1312 4177 ὅτ’
1346 4118 1486 4175 εἶδεν
1538 4123 1565 4173 ὁ
1612 4121 1905 4190 Βάρδαρος

306 4228 534 4288 ἐκεῖνος
558 4224 658 4290 τῆς
698 4222 881 4293 χειρὸς
921 4220 1014 4272 τὸν
1046 4218 1394 4290 ἀστράγαλον
1426 4216 1709 4284 γράφοντα
1743 4216 1801 4267 ὲν
1823 4213 1904 4282 τῷ

310 4322 511 4389 τοίχῳ,
556 4317 655 4370 καὶ
696 4315 825 4383 περί
867 4329 1031 4365 τινων
1058 4309 1166 4363 τῶν
1199 4309 1294 4362 τοῦ
1325 4311 1607 4378 προφήτου
1630 4306 1898 4374 όρά.εων,

310 4410 352 4465 ὃ.
376 4410 563 4463 πάντα
592 4410 730 4476 μετά
774 4404 1226 4474 συντετμημένης
1256 4401 1533 4473 ἱστόρηται
1560 4396 1900 4466 ἐξηγήσεως.

317 4504 435 4555 Καὶ
466 4501 594 4571 περὶ
617 4498 728 4551 τῶν
759 4497 929 4569 τριῶν
953 4496 1184 4557 παίδων,
1223 4493 1319 4545 καὶ
1357 4491 1470 4544 τῶν
1514 4490 1595 4551 εἰς
1642 4486 1840 4548 αὐτοὺς
1870 4484 1904 4554 ἢ

314 4594 389 4647 δι’
437 4592 622 4644 αὐτῶν
659 4589 962 4658 γεγονότων
998 4584 1104 4639 ὑπὸ
1155 4583 1295 4637 Θεοῦ
1333 4580 1624 4648 ἐξαισίων·
1665 4576 1794 4647 περί
1843 4593 1904 4628 τε

319 4688 423 4755 τῆς
468 4683 689 4753 Ἐσθὴρ,
714 4681 810 4735 καὶ
840 4681 990 4740 ὅπως
1031 4676 1093 4729 τὸ
1124 4676 1231 4729 τῶν
1273 4672 1541 4743 Ἐϐραίων
1572 4668 1727 4737 γένος
1772 4684 1907 4720 παν-

320 4777 597 4847 ωλεθρίας
664 4776 805 4844 αὕτη
847 4772 1148 4844 ἐρρύσατο·
1191 4768 1285 4823 καὶ
1323 4767 1453 4837 περὶ
1484 4762 1708 4826 ἰουδὶθ,
1740 4763 1774 4831 ἦ
1814 4760 1907 4813 τὸν

312 4869 669 4939 Ὀλοφέρνην
699 4863 1188 4935 κατασοφισαμένη
1225 4858 1428 4922 ἀνεῖλε,
1470 4856 1567 4910 καὶ
1596 4855 1696 4923 τὴν
1737 4850 1905 4905 αὐτοῦ

319 4963 591 5034 στρατιὰν
618 4959 936 5019 παρέδωκεν
960 4957 1039 5018 εἱς
1077 4956 1386 5007 ἀπώλειαν·
1419 4952 1514 5004 καὶ
1548 4951 1679 5019 περὶ
1702 4948 1745 4999 Τ
1748 4945 1904 5010 ωϐὶτ,

316 5060 416 5109 καὶ
461 5056 614 5114 ὅπως
657 5050 897 5123 ἀορασίᾳ
945 5047 1218 5117 πληγεὶς,
1272 5047 1367 5098 καὶ
1417 5043 1478 5107 ἐξ
1526 5042 1789 5112 εὐπορίας
1823 5041 1901 5101 εἱς

317 5147 533 5217 ἀκριϐῆ
581 5147 778 5199 πενίαν
825 5143 1173 5203 συπλαθεὶς,
1218 5139 1375 5202 αὖθις
1407 5137 1475 5190 δι’
1511 5134 1901 5203 ἀγαθοεργίαν,

317 5243 460 5296 Θεοῦ
500 5240 735 5311 προνοίᾳ
786 5238 1059 5307 τετύχηκε
1090 5233 1187 5302 τοῦ
1225 5234 1381 5306 όρᾷν,
1416 5232 1513 5284 καλ⁸
1554 5228 1789 5282 πλούτου
1813 5226 1909 5279 δα-

314 5338 545 5406 ψίλειαν
583 5334 799 5388 ἑλαδεν,
841 5331 1007 5386 Ἀλλὰ
1040 5330 1138 5381 καὶ
1170 5328 1239 5380 τὰ
1274 5325 1369 5378 τοῦ
1410 5322 1727 5384 Μακεδόνος
1755 5320 1908 5375 Ἀλε-

318 5430 556 5496 ξάνδρου
613 5426 851 5479 ὲνταῦοα
920 5422 1367 5492 συντέτμηνται,
1415 5417 1753 5488 μνησθείσης
1806 5416 1907 5480 τῆς

317 5523 575 5591 ἱστορίας
621 5518 938 5586 ἀναγκαίως
983 5515 1220 5577 ἐκείνου,
1261 5513 1350 5566 διά
1392 5528 1453 5564 τε
1484 5509 1642 5571 ἄλλα,
1689 5510 1782 5560 καὶ
1825 5508 1907 5559 ὅτι

313 5620 388 5685 τῇ
449 5613 814 5682 Ἰερουσαλὴμ
870 5610 1010 5683 μετά
1062 5609 1162 5679 τὴν
1206 5609 1263 5659 ὲν
1315 5604 1472 5673 Ἰσσῷ
1525 5603 1621 5654 τοῦ
1678 5600 1907 5669 Δαρείου

320 5705 614 5779 προτέραν
645 5702 814 5776 ἧτταν
839 5702 1239 5773 ἐπιδεδήμηκε,
1264 5701 1362 5752 καὶ
1393 5696 1483 5752 τὸν
1507 5693 1771 5767 ἀρχιερέα
1791 5692 1908 5744 δια-

2010 1812 2161 1880 libri,
2193 1825 2248 1869 et
2276 1816 2723 1886 Paralipomena,
2752 1830 2987 1887 quaeque
3020 1817 3103 1871 vel
3132 1816 3187 1870 in
3230 1816 3459 1887 Josephi
3487 1816 3585 1872 lle-

2012 1895 2141 1961 lira'i
2172 1908 2595 1978 Antiquitatibus
2619 1908 3008 1972 inveniuntur,
3035 1910 3124 1964 vel
3152 1910 3222 1964 ab
3252 1911 3586 1980 antiquiori-

2006 1999 2111 2054 bus
2142 2002 2559 2071 antcopiosius,
2612 2011 2711 2056 aut
2739 2002 2903 2056 aliter
2953 2002 3117 2071 paulo
3159 2018 3327 2072 quam
3374 2003 3587 2058 abillis

2005 2094 2209 2148 factum
2240 2095 2291 2164 7
2323 2104 2428 2160 est,
2450 2094 2802 2161 releruntur;
2845 2103 2901 2150 et
2930 2094 3058 2150 libri
3080 2095 3292 2160 Esdrte,
3310 2105 3368 2152 et
3411 2099 3587 2167 capti-

2004 2189 2205 2242 vitates
2243 2187 2625 2254 Hebraeorum,
2659 2203 2895 2258 quarum
2933 2188 3088 2257 prior
3114 2189 3309 2245 decem
3338 2189 3584 2244 tribuum

2004 2281 2108 2335 sub
2147 2280 2374 2352 Assyrio
2405 2280 2818 2336 Salmannssare
2854 2281 3114 2352 contigit,
3144 2283 3245 2351 qui
3276 2281 3583 2338 Samariam

2003 2384 2332 2444 gentemque
2390 2372 2683 2429 obsidione
2744 2374 2928 2443 cepit,
3008 2388 3185 2443 caque
3256 2376 3404 2430 ultra
3473 2376 3586 2430 Eu-

2003 2465 2256 2534 phratem
2326 2464 2564 2521 abducta
2594 2505 2610 2531 ,
2685 2475 2875 2536 gentes
2950 2465 3217 2536 quasdam
3279 2466 3584 2523 Samariam

2005 2556 2304 2619 transtulit,
2356 2558 2451 2626 qui
2501 2555 2716 2612 Chutaai
2772 2557 3344 2627 cognominabantur;
3409 2559 3586 2614 altera

2002 2646 2107 2702 sub
2138 2647 2708 2713 Nabuchodonosore,
2755 2648 2932 2716 captis
2980 2647 3402 2721 Hierosolymis,
3442 2650 3582 2707 urbe

2002 2740 2245 2803 deserta,
2277 2749 2334 2796 et
2360 2742 2565 2812 templo
2596 2742 2846 2806 incenso,
2877 2751 3105 2813 totaque
3139 2753 3302 2815 gente
3329 2746 3388 2798 in
3414 2746 3584 2801 servi-

2002 2840 2180 2886 tutem
2233 2830 2474 2887 abducta
2529 2851 2544 2897 ;
2604 2840 2772 2901 utque
2817 2842 2943 2901 post
2978 2848 3161 2890 annos
3207 2835 3579 2904 septuaginta,

2002 2923 2312 2978 secundum
2352 2925 2574 2979 oracula
2606 2925 3034 2995 prophetarum,
3073 2942 3104 2982 a
3132 2926 3297 2998 Cyro,
3351 2927 3582 2999 Babylo-

2002 3016 2134 3071 nico
2173 3031 2345 3086 regno
2367 3031 2582 3080 everso,
2609 3017 2813 3087 populo
2838 3016 3212 3090 Hierosolyma
3237 3018 3424 3075 redire
3452 3035 3587 3075 coti-

2002 3123 2219 3164 cessum
2265 3109 2356 3174 sit,
2412 3119 2472 3164 et
2525 3111 2718 3166 urbem
2779 3111 3125 3175 insmurare,
3181 3123 3236 3165 et
3309 3126 3584 3167 renovare

2001 3200 2306 3269 templum;
2349 3201 2474 3269 quis
2521 3201 2690 3256 fuerit
2743 3201 2940 3273 Cyrus,
2976 3212 3038 3257 ut
3069 3218 3301 3270 regnum
3330 3202 3585 3275 Assyrio-

2003 3308 2126 3348 rum
2162 3295 2452 3359 everterit,
2483 3295 2579 3364 qui
2616 3304 2739 3365 post
2772 3310 2901 3350 eum
2929 3296 2983 3350 id
3018 3311 3243 3365 regnum
3275 3296 3581 3360 tenuerint,

2001 3388 2472 3458 quemadmodum
2506 3404 2571 3445 ac
2593 3405 2621 3442 a
2648 3390 2853 3459 quibus
2881 3389 3039 3444 urbis
3067 3389 3363 3446 aedificatio
3395 3390 3586 3461 prohi-

2002 3481 2116 3536 bita
2143 3481 2331 3546 fuerit,
2371 3498 2404 3537 a
2427 3497 2538 3553 quo
2568 3498 2762 3539 rursus
2787 3483 2910 3553 ejus
2936 3484 3267 3539 instauratio
3289 3497 3576 3540 concessa.

2000 3575 2211 3646 Agetur
2250 3576 2418 3630 etiam
2471 3576 2543 3632 de
2590 3576 2818 3632 Daniele
2865 3578 3158 3646 propheta,
3197 3588 3258 3633 ut
3292 3575 3585 3633 Nabucho-

2004 3667 2299 3721 donosoris
2341 3669 2556 3721 somnia
2597 3669 3021 3738 exposuerit,et
3052 3669 3391 3723 Balthasaris
3417 3670 3586 3725 visio-

2006 3773 2157 3821 nem,
2189 3775 2315 3814 eum
2356 3759 2628 3815 barbarus
2660 3760 2751 3816 ille
2783 3760 2989 3830 digitos
3027 3776 3222 3814 manus
3268 3760 3585 3819 scribentes

2004 3852 2140 3906 vidit
2167 3852 2222 3906 in
2255 3854 2488 3922 pariete,
2537 3861 2594 3907 et
2622 3853 2690 3907 de
2721 3852 3054 3922 quibusdam
3087 3852 3372 3922 propheta
3422 3853 3588 3907 risio-

2007 3944 2171 3998 nihus
2203 3961 2215 3996 :
2251 3958 2374 4011 quae
2428 3943 2615 3997 omnia
2655 3943 2809 3997 brevi
2857 3943 3211 4000 enarratione
3240 3944 3453 4015 adjecta
3498 3961 3591 4000 re--

2003 4043 2326 4090 censentur.
2361 4035 2439 4088 De
2471 4033 2652 4089 fribus
2676 4034 2808 4089 item
2848 4036 3060 4105 pueris,
3101 4044 3158 4091 et
3189 4037 3473 4090 miraculis
3498 4038 3586 4091 vel

2009 4130 2066 4182 in
2116 4142 2234 4192 eos,
2288 4128 2374 4182 vel
2404 4143 2502 4197 per
2543 4143 2643 4183 eos
2696 4127 2967 4183 divinitus
2989 4127 3196 4192 editis;
3228 4128 3297 4181 de
3325 4127 3584 4191 Esthere,

2016 4229 2077 4273 ut
2116 4234 2146 4273 a
2195 4228 2356 4287 gente
2394 4219 2755 4273 llebrmo‘rum
2802 4218 3238 4273 internecionem
3283 4217 3583 4295 averterit;

2007 4312 2074 4366 de
2092 4312 2340 4375 Juditha,
2355 4325 2476 4378 quae
2494 4309 2897 4380 Iloloyhernem
2922 4308 3113 4362 fraude
3133 4310 3380 4373 sustulit,
3404 4310 3589 4380 etejus

1944 4413 1984 4466 n
2010 4403 2315 4459 exercitum
2347 4401 2414 4455 ad
2447 4400 2738 4454 interitum
2770 4399 2965 4459 dedit;
3001 4400 3181 4469 deque
3210 4402 3409 4467 Tobia,
3436 4412 3496 4456 ut
3541 4404 3588 4457 is

2009 4493 2253 4547 cmcitate
2306 4504 2627 4561 percussus,
2692 4498 2749 4544 et
2807 4497 3133 4558 paupertate
3177 4491 3244 4544 ad
3280 4501 3585 4548 extremam

2006 4591 2305 4654 egestatem
2331 4581 2588 4636 redactus
2607 4621 2625 4646 ,
2672 4581 2730 4650 8
2757 4580 2829 4635 ob
2865 4580 3288 4637 beneficentiam
3313 4598 3467 4638 suam
3488 4585 3583 4640 Dei

2010 4673 2360 4744 providentia
2394 4673 2576 4726 visum
2603 4671 2895 4741 receperit,
2926 4688 3205 4743 opumque
3227 4673 3582 4731 aﬂluentiam.

2009 4766 2288 4821 Praeterea
2335 4782 2428 4821 res
2465 4765 2765 4820 Alexandri
2802 4764 3116 4821 Macedonis
3170 4767 3261 4820 hic
3313 4771 3585 4837 perstrin-

2007 4867 2236 4924 guntur,
2284 4859 2443 4928 cujus
2486 4858 2696 4912 mentio
2739 4857 2989 4912 facienda
3042 4859 3147 4913 fuit
3188 4874 3313 4914 cum
3351 4861 3423 4915 ob
3455 4863 3583 4923 alia.

2009 4960 2124 5005 tum
2165 4951 2313 5021 quod
2343 4959 2467 5017 post
2497 4951 2740 5020 priorem
2794 4950 2940 5006 Darii
2967 4951 3176 5005 cladem
3198 4953 3265 5007 ad
3294 4953 3471 5008 Issum
3493 4972 3587 5011 ac-

2007 5056 2247 5113 ceptam,
2280 5042 2659 5114 Hierosolyma
2700 5044 2988 5113 profectus
3014 5058 3291 5099 summum
3332 5048 3583 5116 pontiﬁci

2011 5140 2280 5193 honorem
2337 5136 2578 5201 habuit;
2616 5144 2674 5188 ut
2726 5136 3019 5190 Persarum
3065 5153 3292 5209 regnum
3328 5154 3581 5195 eversum

2010 5228 2319 5298 occuparit,
2345 5226 2591 5296 quandiu
2626 5226 2887 5295 regnarit,
2935 5234 2995 5279 ut
3020 5226 3315 5295 imperium
3352 5230 3422 5283 ab
3463 5231 3585 5297 ejus

2009 5320 2164 5374 obitu
2215 5320 2269 5372 in
2298 5335 2465 5388 regna
2510 5329 2753 5387 quatuor
2790 5316 2960 5371 fuerit
2989 5316 3229 5373 divisum
3260 5336 3275 5385 ;
3316 5335 3441 5388 quae
3479 5319 3575 5373 Ju-

2011 5413 2114 5467 ἀειξί
2177 5412 2247 5465 ab
2294 5410 2569 5465 Antiocho
2614 5408 2921 5478 Epiphane,
2970 5423 3081 5464 uno
3137 5425 3204 5464 ex
3253 5409 3584 5479 posteritate

2010 5517 2391 5556 successorum
2411 5498 2734 5565 Alexandri,
2757 5499 3003 5568 perpessi
3029 5499 3161 5560 sint,
3187 5507 3246 5551 ut
3272 5496 3583 5553 Asamonaei

2013 5595 2090 5649 illi
2121 5594 2451 5657 restiterim,
2483 5607 2548 5646 ac
2580 5591 2880 5661 populares
2918 5604 3049 5644 suos
3094 5589 3164 5641 ab
3204 5587 3352 5642 illius
3394 5595 3582 5659 tyran-

2012 5686 2142 5741 nidc
2173 5685 2499 5751 liberarint;
2535 5685 2631 5753 qui
2672 5683 2749 5736 illi
2775 5682 2906 5749 sint,
2935 5678 3214 5750 quomodo
3251 5688 3305 5735 et
3331 5679 3579 5750 quamdiu
