4042 6212
538 427 604 495 51
1822 432 2138 495 JOANNIS
2177 435 2497 498 ZDNARE
3726 450 3793 515 52

1690 779 2047 870 LIBER
2126 783 2622 875 PRIMUS.

604 978 645 1033 l.
714 976 1052 1032 Sumendum
1114 986 1297 1031 autem
1359 974 1496 1029 mihi
1549 982 1634 1030 est
1687 974 1855 1043 huius
1916 972 2108 1044 operis

2285 973 2364 1029 A'.
2398 976 2659 1049 Ἀρκτέον
2691 980 2748 1034 δέ
2787 997 2879 1050 μοι
2905 984 3005 1055 τῆς
3028 986 3356 1056 συγγραφῆς
3384 986 3560 1060 ἀρχὴν
3590 990 3791 1062 ταύτης

535 1069 827 1125 exordium
880 1069 950 1122 ab
1010 1066 1278 1122 ineﬂ‘abili
1335 1065 1513 1135 primo
1569 1065 1885 1135 principio,
1943 1079 2110 1118 causa

536 1175 724 1215 rerum
772 1160 1044 1222 omnium,
1090 1156 1348 1228 principii
1387 1166 1443 1212 et
1476 1155 1740 1225 temporis
1774 1164 2024 1225 experte,
2056 1162 2114 1209 et

536 1254 605 1308 ab
627 1254 694 1308 iis
724 1268 845 1323 qua!
869 1251 936 1305 ab
964 1251 1059 1305 illo
1091 1265 1156 1304 ex
1191 1248 1365 1303 nihilo
1400 1232 1664 1318 producta
1686 1255 1816 1300 sunt
1840 1254 1901 1299 ut
1925 1255 2113 1300 essent

537 1351 700 1412 atque
731 1340 1119 1402 subsisterent,
1154 1348 1521 1406 naturamque
1550 1344 1605 1390 et
1631 1346 1815 1391 ortum
1855 1350 2015 1389 suum
2041 1335 2111 1389 ab

537 1434 631 1488 illo
693 1440 1013 1488 consecuta.
1069 1428 1194 1483 Fuit
1254 1429 1421 1500 igitur
1477 1428 1622 1483 Deus
1670 1441 1911 1497 semper,
1943 1441 2111 1496 super

536 1541 753 1581 omnem
797 1539 1019 1579 causam
1052 1531 1108 1577 et
1144 1521 1445 1591 potentiam
1477 1519 1767 1589 effulgens,
1815 1520 1933 1573 siue
1968 1529 2109 1573 tem-

535 1636 687 1691 pore,
710 1633 836 1674 cum
855 1617 1138 1686 majestate
1159 1630 1271 1669 suae
1301 1613 1488 1682 gloria
1516 1627 1581 1666 ac
1614 1610 1927 1681 apiendoris
1952 1618 2113 1665 acter-

534 1728 664 1768 num
715 1719 1054 1773 moveretur,
1090 1718 1147 1763 et
1178 1708 1297 1762 sine
1344 1706 1638 1778 principio.
1677 1719 1854 1775 neque
1898 1719 1963 1758 ex
2005 1704 2109 1757 alia

539 1803 794 1873 quapiam
821 1818 880 1856 re
914 1800 1065 1871 prius
1109 1808 1234 1853 nata
1267 1808 1444 1863 ortus,
1484 1813 1668 1867 neque
1702 1806 1829 1865 post
1866 1796 2011 1849 ultro
2044 1810 2110 1849 ex

542 1896 611 1950 iis
646 1911 770 1965 qua:
802 1911 909 1948 non
955 1893 1173 1948 fuerant
1206 1893 1403 1954 factus,
1449 1900 1545 1945 aut
1584 1889 1847 1959 paulatim
1872 1889 1963 1943 .ad
2000 1904 2112 1942 suae

531 1989 720 2059 gloriae
741 1986 1209 2057 complementum
1255 1998 1599 2055 progressus.
1645 1982 1752 2037 Sed
1780 1996 2001 2049 semper
2029 1988 2115 2034 est

531 2087 588 2135 et
613 2088 932 2150 permanet,
965 2075 1021 2130 id
1069 2075 1217 2145 quod
1259 2088 1426 2144 supra
1470 2082 1724 2127 naturam
1771 2072 1922 2125 solus
1961 2069 2114 2123 novit

532 2176 921 2226 sacrosanctus
979 2167 1069 2222 ille
1122 2166 1387 2236 Spiritus,
1419 2164 1512 2233 qui
1563 2177 1757 2217 omnes
1799 2159 2113 2216 divinitatis

534 2280 788 2322 recessus
820 2271 1228 2337 perscrutatur,
1278 2271 1444 2331 atque
1471 2258 1527 2312 in
1565 2258 1631 2312 iis
1674 2256 1958 2311 exsultans
1984 2270 2107 2324 per-

533 2368 694 2429 petua
725 2326 997 2414 suavitate
1024 2371 1132 2410 una
1166 2326 1496 2425 perfruitur.
1531 2352 1893 2418 Posteaquam
1922 2354 2104 2400 autem
2141 2326 2176 2378 n

534 2466 601 2505 ex
646 2464 863 2503 summa
899 2447 1147 2502 bonitate
1194 2453 1251 2499 et
1303 2442 1571 2496 immensa
1620 2437 2021 2499 misericordia,
2052 2449 2109 2492 et

534 2539 799 2596 ineﬂ'abili
833 2537 1194 2608 benignitate,
1238 2531 1636 2604 napectabilem
1667 2530 1816 2585 hunc
1840 2528 2106 2584 mundum

532 2632 770 2687 formare
800 2629 1154 2692 instituisset,
1196 2635 1363 2697 atque
1385 2623 1587 2681 exinde
1615 2623 1669 2677 in
1707 2622 1948 2677 medium
1980 2634 2110 2692 pro-

530 2726 733 2780 ducere
764 2721 1050 2784 mundum,
1070 2728 1131 2774 ut
1156 2733 1325 2790 Opere
1347 2715 1674 2780 secundum,
1694 2713 1767 2768 ita
1803 2711 1907 2784 14
1935 2711 2108 2781 gratia

530 2818 770 2885 primum
810 2827 866 2870 et
894 2813 1301 2877 admirabilem,
1331 2817 1393 2864 ut
1419 2809 1514 2880 qui
1560 2808 1628 2863 ad
1663 2807 1759 2862 Dei
1800 2808 1872 2861 sit
1918 2804 2111 2874 imagi—

532 2924 657 2967 nem
706 2905 1103 2967 conformatus,
1158 2901 1438 2957 hominem
1494 2902 1720 2970 inquam
1775 2917 1789 2948 :
1844 2897 1989 2951 viam
2039 2895 2108 2950 ad

533 2996 815 3068 opiﬁcium
866 2996 1151 3066 ingressus
1208 2992 1495 3063 optimam,
1556 2992 1739 3046 omnis
1768 3006 1834 3046 ex
1878 2989 2108 3045 materia

533 3088 905 3147 concrctionis
929 3097 1183 3157 expertes
1212 3093 1510 3155 potestates
1535 3095 1591 3140 et
1625 3084 1881 3139 cmlestes
1908 3091 2105 3137 centu-

535 3185 721 3238 rienes
744 3182 905 3253 prius
929 3178 1199 3245 condidit,
1237 3178 1354 3232 solo
1385 3177 1585 3231 mentis
1624 3184 1917 3243 conceptu,
1954 3175 2105 3244 οοεὶι-

534 3277 739 3329 latione
784 3274 875 3328 illa
923 3274 1068 3327 dicto
1106 3273 1274 3327 citius
1325 3272 1383 3325 in
1439 3285 1579 3340 Opus
1639 3283 1949 3339 progressa.
2012 3267 2108 3322 Est

531 3381 714 3425 autem
759 3370 904 3423 Deus
931 3380 1127 3423 natura
1169 3365 1377 3420 nullius
1405 3379 1574 3434 egens
1611 3363 1711 3427 rei,
1743 3361 1924 3429 seipsa
1963 3375 2103 3414 con-

535 3472 682 3515 tenta
714 3461 780 3515 ad
810 3459 1038 3527 gloriam
1081 3468 1137 3512 et
1177 3457 1586 3528 perceptionem
1619 3471 1631 3506 :
1670 3469 1793 3522 qua:
1828 3468 1927 3505 nec
1967 3452 2105 3506 alie-

532 3568 656 3606 nam
680 3550 913 3623 gloriam
945 3549 1246 3614 desiderat,
1280 3563 1382 3602 nec
1409 3548 1478 3601 ab
1512 3547 1620 3601 alio
1650 3545 1853 3615 percipi
1879 3553 2057 3613 potest
2087 3561 2103 3599 :

2221 1070 2530 1141 ποιουμένῳ
2579 1071 2677 1143 τήν
2718 1072 2959 1144 ἄρρητον
3009 1075 3234 1147 πρώτην
3285 1077 3481 1148 ἀρχὴν,
3532 1082 3632 1151 τῆς
3679 1083 3786 1135 τῶν

2215 1160 2353 1213 ὅλων
2389 1161 2589 1228 αἰτίαν,
2618 1163 2719 1233 τὴν
2765 1164 3001 1235 ᾶναρχόν
3052 1182 3111 1217 τε
3152 1168 3245 1219 καὶ
3272 1167 3522 1237 ἄχρονον,
3556 1171 3649 1221 καὶ
3682 1168 3788 1222 τῶν

2216 1253 2308 1306 ὑπ’
2354 1253 2572 1323 ἐκείνης
2612 1257 3004 1325 παραχθέντων
3044 1258 3109 1311 ὲκ
3132 1256 3224 1309 τοῦ
3252 1259 3324 1327 μὴ
3352 1257 3502 1320 ὄντος
3533 1260 3612 1321 είς
3662 1258 3792 1313 ὐπό-

2216 1363 2406 1401 στασιν
2474 1357 2568 1401 καὶ
2629 1349 2918 1409 οὐσίωσιν,
2979 1349 3077 1419 τὴν
3138 1351 3477 1419 παραγωγὴν
3535 1350 3629 1403 καὶ
3691 1352 3789 1421 τήν

2213 1438 2453 1506 γένεσιν.
2491 1434 2603 1491 Ἦν
2636 1434 2730 1493 οὖν
2762 1439 2851 1492 ἀεὶ
2888 1437 2963 1509 (9)
2993 1441 3052 1491 τὸ
3092 1437 3270 1500 Θεῖον,
3304 1439 3444 1509 ὑπὲρ
3474 1441 3655 1493 αἱτῖαν
3684 1443 3792 1495 πᾶ-

2214 1548 2314 1584 σαν
2343 1535 2438 1584 καὶ
2470 1531 2699 1600 δύναμιν
2731 1531 3016 1600 ἐκλάμπον
3045 1530 3317 1601 ἀχρόνως,
3357 1533 3453 1583 καὶ
3487 1532 3569 1602 τῷ
3604 1532 3791 1585 κάλλει

2211 1624 2314 1692 τῆς
2340 1623 2548 1686 οἰκείας
2577 1623 2733 1693 δόξης
2761 1640 2820 1675 τε
2849 1624 2943 1675 καὶ
2970 1624 3357 1694 λαμπρότητος
3390 1623 3574 1687 ἀῖδεως
3610 1626 3791 1678 κινού-

2219 1732 2402 1785 μενον,
2428 1717 2524 1768 καὶ
2552 1716 2808 1784 ἀνάρχως
2838 1715 2971 1784 μήτ’
2991 1712 3054 1767 ἔκ
3079 1732 3224 1776 τινος
3244 1715 3407 1768 ἄλλου
3438 1716 3791 1784 προῠποστὰν

2215 1809 2483 1879 πρότερον
2548 1808 2913 1877 οὐσιώματος.
2975 1807 3104 1878 μηθ’
3157 1808 3386 1877 ὕστερον
3468 1809 3792 1878 αὐτομάτως

2213 1900 2508 1969 γενόμενον
2554 1898 2615 1962 ἐξ
2646 1897 2746 1950 οὐκ
2777 1896 2972 1959 ὄντων,
3009 1897 3104 1949 καὶ
3136 1897 3217 1958 είς
3251 1895 3658 1966 συμπλήρωσιν
3690 1895 3791 1963 τῆς

2215 1990 2411 2044 ἑαυτοῦ
2461 1989 2621 2060 δόξης
2674 1991 2765 2042 ἐπὶ
2814 1989 3012 2060 μικρὸν
3067 1988 3279 2060 προϊὸν,
3314 1987 3430 2044 ἀλλ’
3458 1988 3518 2040 ὃν
3560 1987 3650 2041 ἀεὶ
3695 1988 3792 2040 καὶ

2213 2079 2490 2149 διαμένον,
2523 2078 2599 2142 ὡς
2627 2078 2769 2147 ἔγνω
2806 2078 2968 2147 μόνον
3001 2076 3302 2148 ὑπερφυῶς
3331 2075 3393 2128 τὸ
3418 2077 3487 2128 τὰ
3524 2074 3664 2144 βάθη
3693 2076 3792 2144 τῆς

2215 2173 2471 2243 θεότητος
2519 2171 2697 2226 πάντα
2736 2168 3032 2240 διερευνῶν
3083 2168 3352 2233 πανάγιον
3398 2166 3647 2236 Πνεῦμα,
3695 2164 3793 2219 καὶ

2216 2264 2426 2327 τούτοις
2455 2264 2745 2326 συναῖδίως
2770 2260 3131 2330 ἐπεντρυφῶν
3154 2260 3250 2314 καὶ
3278 2257 3791 2328 συναγαλλώμενον.

2223 2353 2379 2416 Ἐπεὶ
2409 2353 2467 2406 δὲ
2495 2353 2564 2406 δι’
2591 2353 2769 2420 ἄκραν
2795 2351 3134 2420 ἀγαθότητα.
3171 2349 3270 2403 καὶ
3302 2351 3539 2417 πέλαγος
3579 2348 3790 2413 ἐλέους,

2209 2448 2304 2501 καὶ
2318 2446 2602 2516 οἱκτιρμδν
2627 2446 2850 2513 ἄφατον,
2869 2445 2962 2497 τὸν
2977 2444 3173 2513 ὁρατὸν
3191 2443 3407 2496 τουτονὶ
3436 2442 3641 2512 κόσμον
3657 2442 3795 2494 είδο-

2211 2540 2436 2607 ποιῆσαι
2455 2538 2757 2608 προείλετο,
2773 2534 3069 2590 κάντεῦθεν
3084 2537 3142 2598 ἐς
3160 2534 3324 2605 μέσον
3345 2537 3684 2605 παραγαγεῖν
3699 2535 3793 2586 τὶν

2208 2630 2463 2703 δεύτερον
2504 2629 2603 2698 μὲν
2631 2628 2709 2700 τῷ
2757 2630 3050 2699 ποιήματι,
3079 2628 3300 2698 πρῶτον
3327 2626 3385 2679 δὲ
3415 2628 3512 2679 ποια)⁸
3539 2624 3789 2690 ἐξαίσιον

2210 2724 2288 2795 τῷ
2326 2723 2629 2794 χαρίσματι
2678 2720 2906 2790 κόσμον,
2951 2720 3064 2774 ὅσω
3112 2720 3208 2773 καὶ
3251 2718 3374 2774 κατ’
3413 2720 3599 2774 εἰκόνα
3647 2717 3789 2772 Θεοῦ

2212 2817 2761 2887 πεπ>.αστούργηται,
2792 2815 2939 2885 φημὶ
2974 2814 3039 2884 δὴ
3074 2814 3164 2869 τὸν
3215 2813 3525 2884 ἄνθρωπον,
3557 2809 3647 2867 οἷά
3681 2829 3793 2865 τινι

2211 2909 2561 2980 χρησάμενος
2591 2907 2792 2979 ἀρίστῃ
2826 2906 2962 2977 πρὸς
2998 2907 3097 2977 τὴν
3129 2905 3497 2976 δημιουργίαν
3530 2905 3657 2974 ὁδῷ,
3688 2904 3793 2965 τὰς

2211 3001 2409 3063 ἀΰλους
2441 3000 2705 3069 πρότερον
2749 2999 3024 3068 Δυνάμεις
3071 2997 3164 3052 καὶ
3218 2998 3504 3069 οὐρανίους
3551 2996 3796 3067 Ταξιάρ-

2212 3108 2312 3161 χας
2344 3089 2455 3161 (ID)
2492 3090 2793 3156 ὐφίστησιν
2826 3089 3090 3158 ἐννοῆσαν
3124 3087 3482 3152 ἁπαξαπλῶς,
3516 3085 3794 3157 προϐεϐη-

2212 3184 2372 3248 κυίας
2417 3183 2612 3237 θᾶττον
2654 3183 2686 3254 ἢ
2721 3181 2880 3250 λόγος
2936 3184 3017 3244 είς
3051 3181 3214 3252 ἔργον
3249 3180 3354 3250 τῆς
3407 3178 3790 3249 ἐνθυμήσεως.

2210 3276 2341 3341 Θεὸς
2365 3276 2413 3329 δ’
2432 3275 2548 3329 ἔστι
2582 3277 2682 3346 μὲν
2710 3276 2972 3345 ἀνενδεὴς
2999 3275 3183 3344 φύσις,
3213 3273 3351 3343 αὐτὴ
3378 3274 3548 3343 ἑαυτῇ
3583 3272 3792 3341 ἀντάρ-

2210 3386 2311 3439 κης
2350 3369 2432 3431 εἰς
2478 3367 2638 3431 δόξαν
2692 3367 2786 3420 καὶ
2829 3367 2910 3430 είς
2957 3364 3285 3435 κατάληψιν,
3327 3363 3451 3417 οὔτε
3502 3365 3603 3434 τῆς
3658 3367 3794 3435 ⁶παρ’

2209 3460 2417 3530 ἑτέρων
2466 3459 2697 3528 δεομένη
2734 3458 2917 3527 δόξης.
2965 3456 3081 3510 οὗθ’
3114 3457 3289 3527 ἑτέρῳ
3323 3457 3650 3525 καταληπτή
3677 3474 3692 3488 ·
3742 3458 3791 3508 εἰ

2186 3554 2287 3623 ’μή
2325 3570 2407 3616 τις
2458 3552 2596 3621 φαίη
2623 3550 2989 3628 ,καταληπτὸν
3037 3545 3179 3601 εἶναι
3214 3548 3273 3600 τὸ
3305 3548 3532 3615 ἄπειρον
3595 3546 3791 3615 αὐτῆς,

534 3645 637 3700 nisi
682 3643 808 3714 quis
842 3641 975 3696 illud
1026 3639 1235 3711 percipi
1282 3638 1451 3703 dicat,
1502 3636 1647 3707 quod
1687 3650 1868 3704 neque
1910 3644 2105 3689 natura

2212 3647 2308 3698 καὶ
2335 3646 2397 3699 τδ
2428 3645 2839 3715 ἀκατάληπτον.
2873 3643 3007 3696 Θεὸν
3036 3642 3092 3703 δὲ
3125 3641 3320 3709 λέγων,
3358 3640 3575 3710 Πατέρα
3619 3634 3791 3710 φημὶ,

532 3751 710 3807 neque
741 3734 1083 3789 immensitas
1119 3733 1237 3802 ejus
1279 3730 1484 3800 percipi
1530 3737 1719 3798 queat.
1754 3726 1892 3783 Cum
1919 3736 2104 3780 autem

533 3831 706 3883 Deum
723 3829 866 3891 dico,
895 3828 1110 3881 Patrem
1134 3824 1280 3883 dico,
1298 3831 1355 3877 et
1379 3822 1598 3883 Filium,
1617 3828 1675 3873 et
1693 3819 1957 3889 Spiritum
1982 3834 2108 3872 san—

532 3940 546 3969 σ
569 3929 706 3979 tum,
724 3934 846 3989 qua:
865 3929 949 3971 est
973 3918 1178 3983 Deitas,
1192 3924 1417 3970 auctore
1442 3927 1637 3983 magno
1657 3914 1815 3967 Patre
1842 3910 2109 3981 Gregorio

533 4010 833 4082 Tlieologo.
863 4011 1006 4065 Deus
1029 4010 1217 4079 igitur,
1234 4009 1336 4063 hac
1358 4018 1550 4062 natura
1570 4006 1850 4077 praaditus,
1870 4006 2106 4074 primum

530 4106 804 4178 angelicas
830 4086 1128 4173 potestates
1153 4113 1321 4163 creat,
1353 4110 1412 4155 ut
1443 4099 1678 4154 ministri
1705 4098 1817 4153 sint
1869 4108 1926 4154 et
1959 4099 2105 4153 cele-

532 4198 782 4253 braIOrcs
804 4195 1043 4251 cmlestis
1069 4192 1371 4264 maj‘estatis
1397 4210 1411 4244 :
1436 4206 1545 4245 non
1578 4189 1723 4260 quod
1753 4189 1821 4243 iis
1841 4188 2106 4259 indigeat,

531 4291 624 4343 sed
649 4304 716 4343 ne
746 4289 833 4344 sui
861 4288 1129 4342 duntaxat
1160 4282 1628 4355 contemplatione
1657 4290 1968 4349 moveatur,
2010 4282 2104 4337 sed

531 4380 875 4435 «litl'undatur
902 4391 958 4434 et
982 4378 1368 4450 progrediatur
1396 4379 1626 4440 bonum,
1661 4384 1716 4428 et
1744 4373 2108 4430 beneﬁcentia

532 4470 696 4523 latius
748 4480 972 4539 pateat;
1026 4471 1132 4523 hoc
1180 4469 1328 4523 enim
1380 4482 1608 4522 summa:
1657 4466 1922 4522 bonitatis
1980 4467 2106 4521 fuit.

536 4561 742 4615 Deinde
772 4563 1041 4615 mundum
1068 4563 1238 4615 etiam
1273 4561 1423 4615 hunc
1448 4560 1863 4629 aspectabilem,
1898 4561 2109 4632 quique

533 4662 752 4708 constat
795 4669 861 4707 ex
914 4654 1168 4717 materia,
1217 4651 1485 4706 condidit.
1543 4652 1622 4705 Ae
1671 4652 1833 4707 initio
1885 4654 2107 4724 quidem

532 4745 733 4798 uelum
773 4743 927 4803 fecit,
969 4752 1025 4797 et
1060 4752 1288 4796 terram.
1329 4740 1467 4795 Cum
1508 4750 1694 4795 autem
1736 4750 1883 4798 terra
1916 4744 2108 4800 lateret

535 4852 682 4891 lnam
734 4835 976 4889 tenebrae
1033 4842 1215 4898 erant,
1275 4842 1332 4887 et
1372 4848 1512 4902 aqua
1567 4837 1918 4903 superliciem
1987 4838 2109 4907 ejus

535 4928 882 4999 occupabat),
939 4928 1115 4983 lucem
1173 4924 1437 4996 produxit
1484 4914 1651 4991 Deus,
1699 4927 1994 5000 lucemque
2042 4947 2105 4985 ac

535 5025 794 5079 tenebras
828 5022 1109 5092 separavit
1156 5038 1170 5075 :

532 5116 856 5189 appellavit,
901 5116 1132 5186 ejusque
1185 5111 1365 5178 initio,
1421 5115 1638 5182 vesperi
1689 5131 1702 5166 :
1757 5114 1941 5183 primo
1997 5118 2107 5172 diei

529 5209 771 5272 exortui,
826 5223 988 5264 mane
1032 5221 1233 5261 nomen
1282 5204 1434 5260 fecit.
1470 5206 1563 5260 Sic
1591 5221 1660 5260 ex
1690 5221 1849 5263 mane
1897 5220 1954 5266 ct
1985 5226 2109 5267 ves-

531 5318 661 5376 pere
710 5301 830 5357 dies
880 5316 1024 5354 unus
1078 5299 1310 5354 exstitit.
1372 5298 1638 5368 Equidem
1685 5300 1802 5355 scio
1836 5301 1888 5355 in
1940 5319 2106 5371 parva

2211 3741 2305 3793 καὶ
2362 3738 2513 3801 Υίδν,
2566 3738 2662 3791 καὶ
2700 3736 2761 3789 τὸ
2807 3735 3038 3805 Πνεῦμα
3086 3736 3149 3787 τὸ
3198 3735 3373 3801 ἅγιον,
3408 3733 3443 3787 ἃ
3489 3736 3525 3801 ἡ
3572 3734 3789 3805 θεότης,

2212 3830 2356 3883 κατὰ
2384 3830 2477 3883 τὸν
2515 3830 2690 3899 μέγαν
2740 3828 2961 3897 Πατέρα
3009 3828 3101 3880 τὸν
3148 3827 3413 3896 Θεολόγον
3463 3825 3791 3895 Γρηγόριον.

2209 3921 2367 3976 Οὕτω
2400 3922 2449 3975 δ’
2474 3921 2600 3993 ἔχον
2648 3923 2710 3975 τὸ
2744 3922 2921 3984 θεῖον,
2956 3920 3173 3987 πρῶτον
3218 3920 3321 3988 μὲν
3353 3918 3455 3979 τὰς
3489 3916 3795 3984 ἀγγελικὰς

2208 4015 2499 4085 οὐρανίους
2546 4014 2810 4084 δυνάμεις
2858 4012 3208 4080 λειτουργούς
3254 4027 3314 4062 τε
3363 4009 3461 4061 καὶ
3505 4010 3794 4078 ὑμνῳδοὺς

2208 4109 2310 4179 τῆς
2349 4107 2461 4178 ἄνῳ
2504 4106 2913 4176 λαμπρότητος,
2964 4104 3065 4171 οὐχ
3124 4102 3202 4163 ὡς
3263 4100 3470 4154 τούτων
3509 4100 3794 4168 δεόμενον,

2210 4202 2329 4257 ἁλλ’
2360 4202 2449 4255 ἵνα
2500 4199 2575 4269 μὴ
2607 4200 2672 4267 τῇ
2711 4192 2909 4248 ἑαυτοῦ
2946 4193 3110 4262 μόνον
3144 4191 3350 4264 θεωρίᾳ
3391 4195 3615 4256 κινοῖτο,
3651 4192 3793 4263 χυθῇ

2208 4295 2265 4349 δὲ
2297 4293 2391 4348 καὶ
2425 4290 2619 4362 ὁδεύσῃ
2655 4288 2717 4342 τδ
2750 4284 2979 4355 ἀγαθὸν,
3010 4284 3105 4338 καὶ
3140 4286 3176 4355 ή
3221 4284 3517 4357 εὐεργεσία
3556 4283 3795 4357 χωρήσῃ

2210 4387 2350 4458 πρὸς
2383 4384 2639 4447 πλείονας
2664 4400 2678 4414 ο
2718 4379 2881 4434 τοῦτο
2922 4378 3034 4448 γὰρ
3066 4380 3167 4448 τῆς
3197 4378 3373 4447 ἄκρας
3407 4372 3481 4449 ἦν
3519 4376 3797 4447 ἀγαθότη-

2208 4497 2318 4543 τος.
2351 4475 2487 4530 Εἶτα
2515 4476 2611 4528 καὶ
2639 4474 2789 4527 τόνδε
2846 4471 2938 4526 τὸν
2967 4470 3173 4540 κόσμον
3201 4470 3462 4540 ὐφίστησι
3486 4469 3578 4523 τδν
3606 4469 3798 4523 ὑλικὸν

2186 4571 2305 4622 -καὶ
2333 4566 2636 4635 δρώμενον.
2658 4565 2771 4618 Καὶ
2801 4566 2859 4615 έν
2881 4563 3024 4634 ἀρχῇ
3058 4562 3160 4632 μὲν
3182 4561 3411 4630 ἐποίησε
3442 4560 3536 4613 τὸν
3560 4559 3797 4630 οὐρανὸν

2209 4659 2305 4713 καὶ
2333 4659 2433 4726 τὴν
2472 4658 2595 4726 γῆν.
2634 4655 2751 4723 Τῆς
2799 4654 2857 4706 δὲ
2904 4653 3011 4723 γῆς
3065 4652 3302 4723 ἀορασίᾳ
3344 4651 3793 4720 καλυπτομένης,

2210 4750 2332 4803 ἐπεὶ
2364 4748 2462 4800 καὶ
2510 4746 2702 4807 σκότος
2737 4740 2828 4814 ἦν,
2860 4747 2958 4796 καὶ
2992 4741 3139 4812 ὕδωρ
3182 4742 3319 4811 αὐτῇ
3355 4740 3682 4805 ἐπεπόλαζε,
3733 4741 3801 4794 τὸ

2210 4841 2324 4912 φῶς
2358 4840 2689 4911 παρήγαγεν
2717 4839 2745 4891 ό
2778 4835 2936 4897 Θεὸς,
2968 4836 3066 4888 καὶ
3108 4831 3398 4903 διεχώρισε
3448 4832 3512 4885 τὸ
3547 4834 3662 4902 φῶς
3692 4834 3797 4885 καὶ

2209 4934 2271 4986 τὸ
2325 4931 2535 4993 σκότος.
2588 4928 2697 4982 Καὶ
2739 4927 2802 4980 τὸ
2860 4927 2980 4996 μὲν,
3034 4924 3254 4995 ἡμέραν
3306 4923 3577 4976 ἐκάλεσεο
3623 4922 3685 4975 τὸ
3735 4922 3799 4976 δὲ

1225 5035 1290 5075 ac
1327 5021 1501 5085 illam,
1535 5021 1704 5086 diem,
1741 5024 1840 5078 bas
1882 5034 2101 5081 noctem

2215 5023 2426 5088 σκότος,
2490 5022 2664 5075 νύκτα
2717 5016 3037 5089 ὠνόμασεν·
3078 5010 3140 5070 οὗ
3195 5017 3261 5086 τῇ
3319 5015 3460 5083 ἀρχῇ
3520 5015 3796 5083 ἑσπέραν,

2219 5116 2364 5189 πρωῒ
2393 5118 2450 5171 δὲ
2475 5119 2544 5188 τῇ
2572 5114 2767 5187 πρώτῃ
2791 5111 2989 5182 ψαύσει
3012 5111 3117 5181 τῆς
3153 5108 3370 5181 ἡμέρας
3400 5109 3573 5176 ὄνομα
3601 5109 3795 5161 ἔθετο·

2218 5216 2313 5268 καὶ
2370 5210 2588 5278 ἐγένετο
2615 5208 2844 5280 ἑσπέρα,
2872 5208 2971 5261 καὶ
2998 5204 3220 5275 ἐγένετο
3243 5201 3414 5274 πρωϊ,
3446 5202 3631 5275 ήμέρα
3664 5202 3797 5272 μία.

2219 5304 2353 5361 Οἶδα
2388 5304 2488 5375 μὲν
2521 5301 2614 5355 οὖν
2658 5301 2717 5354 ὲν
2746 5300 2815 5369 τῇ
2850 5298 3038 5367 Aemi;
3066 5295 3286 5349 Γενέσει
3316 5290 3429 5364 (Η)
3465 5292 3806 5364 γεγραμμέ-

1725 5445 1922 5509 Varia:
1957 5450 2263 5516 lectiones
2305 5457 2370 5513 et
2411 5457 2603 5511 noue.

600 5600 676 5665 (9)
716 5594 839 5654 Ἦν
860 5591 975 5652 οὖν
996 5596 1110 5667 ἀεί.
1139 5593 1346 5667 Ηιεοεῑ
1366 5609 1427 5648 ea
1448 5608 1573 5667 ιιιιςξ
1598 5605 1908 5667 sequuntur
1935 5613 2109 5667 usque

525 5663 766 5791 pupae;
794 5668 838 5720 δ’
871 5669 1012 5731 ἐστι,
1041 5666 1242 5720 desunt
1270 5666 1325 5719 in
1360 5663 1648 5718 codicibus
1680 5663 1868 5735 Regiis
1892 5677 1948 5722 et
1976 5663 2105 5724 Col-

548 5756 624 5791 ittt‘
649 5755 735 5793 ('0.

548 5756 1103 5876 Νίίθῗταξιάρκας.
1156 5805 1499 5878 βεηιιιιῐοηεε
1534 5804 1737 5878 ,Σθτίῃ
1799 5806 2094 5878 iulcrprcs’

522 5893 644 5943 quae
667 5877 750 5930 vis
770 5888 854 5932 est
877 5872 1028 5933 voc—is
1064 5876 1376 5946 Ταξιάρχης
1405 5873 1545 5942 apud
1574 5872 1823 5931 Taeticos
1857 5894 1869 5931 :
1900 5872 2097 5934 melius

2217 5599 2435 5654 calcatis
2495 5596 2699 5651 militia:
2741 5594 3024 5665 principes,
3057 5607 3153 5648 seu
3193 5592 3349 5647 duces
3380 5608 3398 5646 :
3432 5603 3560 5645 nam
3607 5587 3806 5715 Ἀεὲίι-

2217 5668 2517 5715 στρατηγοὶ
2557 5666 2763 5715 nassim
2803 5663 3167 5715 indieitantur
3194 5663 3291 5715 SS.
3326 5659 3556 5715 Michael
3591 5667 3650 5711 et
3736 5680 3806 5715 tl-

2215 5668 2517 5748 papas-qva}
2549 5659 2763 5748 passim
2803 5659 3167 5748 ind'i'giltantur
3194 5663 3303 5748 SS.|
3326 5659 3556 5748 Ll‘ichae‘l
3591 5667 3650 5741 et
3675 5659 3807 5748 gs-

2211 5730 2346 5861 ari-el
2374 5730 2517 5805 apud
2545 5730 2781 5793 Graecos.
2807 5730 2948 5791 Vide
2964 5735 3143 5793 Gloss.
3181 5733 3327 5790 med.
3351 5732 3571 5788 ercit.
3598 5730 3651 5782 in
3675 5730 3797 5786 Τα-

2263 5824 2396 5861 αογο
2410 5826 2446 5861 Τ.

2208 5807 2635 5947 ξίῖῗίῖῗλεπτῇ
2670 5878 2924 5951 γενέσει.
2962 5878 3132 5944 Quam
3160 5875 3318 5931 unica
3340 5890 3481 5929 .voce
3510 5875 3804 5944 Λεπτογέ-
