4070 6214
438 356 440 358 ⁷
497 360 568 423 59
1763 363 2077 422 JHANNIS

2180 361 2448 419 DXMLE

3679 352 3754 415 60

494 483 676 526 autem
709 473 855 526 Deus
888 471 1039 527 Abeli
1085 489 1333 539 munera,
1382 473 1536 530 Caini
1586 476 1867 532 oblatione
1910 493 2075 546 repu-

2183 475 2432 544 καρπῶψ
2453 474 2546 524 xz".
2572 473 2867 539 προσέσχε-ι
2887 470 3054 532 όθεῖις
3082 471 3186 531 τοῖς
3215 468 3304 522 τοῦ
3332 468 3496 521 Ἅϐελ
3526 468 3554 520 δ
3578 470 3750 540 ἰροις,

495 565 666 627 diata,
698 573 1060 632 acceptassct,
1099 565 1144 618 is
1167 567 1320 619 illum
1352 566 1456 620 sibi
1496 569 1780 636 prazlatum
1821 585 1963 638 aegre
1997 569 2076 622 le-

494 671 644 720 rens,
669 655 913 710 occidit:
949 667 1006 712 et
1039 657 1175 712 diris
1205 660 1480 730 obligatus
1510 675 1537 712 a
1566 661 1674 713 Deo
1713 661 1779 714 ad
1807 663 2072 730 gemitum

492 753 550 798 et
609 754 907 799 tremorem
941 748 1364 811 condemnatur.
1421 760 1477 802 et
1530 765 1559 802 a
1605 763 1904 820 conspectu
1977 754 2070 806 Dei

423 826 452 885 ⁸1
491 837 722 903 eiectus.
751 838 964 892 interra
999 840 1134 894 Naid
1171 841 1402 905 habitat,
1455 844 1640 914 ibique
1679 846 1885 899 liberos
1941 861 2076 914 pro-

446 927 469 1008 .‘_
492 937 667 982 creat.
727 919 829 984 Hic
881 945 1171 986 mensuras
1211 943 1267 986 et
1329 935 1569 1002 pondera
1623 937 1978 1004 excogitavit,
2019 945 2075 990 et

463 1003 471 1018 “
494 1023 706 1085 primus
720 1037 882 1091 agros
907 1023 1178 1079 limitibus
1200 1026 1472 1085 distinxit.
1498 1030 1758 1097 magister
1777 1029 2071 1091 scelerum,

493 1121 660 1182 atque
697 1114 889 1167 urbem
941 1115 1010 1170 de
1052 1117 1272 1172 nomine
1322 1120 1671 1188 primogeniti
1729 1120 1813 1173 sui
1877 1121 2073 1174 Enossi

493 1206 763 1262 condidit.
793 1209 987 1263 Enossi
1018 1211 1166 1266 ﬁlius
1198 1213 1301 1266 fuit
1338 1213 1570 1278 Gaidad,
1597 1216 1692 1284 qui
1732 1215 2071 1270 Maleleelem

493 1297 684 1362 genuit
701 1337 716 1360 ,
741 1298 982 1353 Maleleel
1001 1301 1352 1356 Mathusalem
1379 1320 1392 1356 :
1424 1321 1534 1374 quo
1557 1317 1718 1359 natus
1744 1306 2071 1371 Lamechus,

496 1403 528 1437 e
554 1386 770 1442 duabus
800 1391 1066 1445 uxoribus
1108 1391 1250 1447 ﬁlios
1292 1396 1536 1464 suscepit
1593 1413 1795 1458 Lxxvu.
1837 1414 2072 1467 quorum

489 1477 682 1532 .Ioabel
713 1484 1083 1537 armentarius
1106 1484 1227 1549 fuit,
1257 1497 1413 1554 pastu
1448 1489 1553 1557 18
1581 1493 1765 1542 ovium
1788 1493 2067 1561 gaudens;

491 1568 650 1622 Juba]
688 1573 952 1626 musicam
987 1576 1339 1644 excogitavit,
1363 1586 1420 1632 et
1454 1579 1722 1633 citharam
1755 1597 1820 1635 ac
1870 1584 2073 1652 psalte-

491 1661 636 1712 rium
673 1665 982 1731 coinposuit
1019 1683 1034 1731 ;
1067 1666 1278 1722 Tliobel
1338 1669 1460 1724 Sola
1514 1681 1697 1734 natus,
1740 1673 1895 1728 faber
1946 1673 2070 1739 fuit,

491 1752 638 1803 tiu-ro
670 1760 726 1805 et
747 1767 854 1806 :ere
885 1755 1169 1811 tractando
1193 1770 1514 1829 occupatus.
1550 1763 1760 1817 Adamo
1790 1763 2073 1833 postAhe-

493 1842 564 1894 lis
625 1844 889 1897 nteritum
925 1861 1098 1901 annos
1129 1857 1259 1903 nato
1289 1866 1456 1905 ccxxx
1490 1853 1632 1906 alius
1665 1862 1827 1909 natus
1862 1865 1946 1910 est
2003 1856 2071 1910 ﬁ-

492 1933 620 1997 lius,
645 1950 809 2002 quem
847 1936 1416 2010 Sethum.appellavit.
1448 1942 1594 1998 Obiit
1646 1945 1907 2011 Adamus,
1942 1963 2067 2000 cum

491 2041 668 2078 :nmos
694 2027 917 2082 vixisset
978 2046 1137 2086 pcccc
1165 2044 1220 2086 et
1255 2049 1406 2088 xxx..
1435 2034 1639 2090 Sethus
1668 2052 1843 2092 annos
1866 2054 1899 2091 v
1931 2048 1984 2092 et
2009 2054 2071 2094 cc

494 2118 684 2182 genuit
718 2119 1008 2174 Enossum.
1045 2123 1143 2178 llic
1191 2125 1406 2192 primus
1466 2141 1637 2182 ausus
1679 2137 1761 2180 est
1813 2129 2070 2184 invocare

494 2223 691 2262 nomen
724 2211 936 2266 Domini
970 2213 1088 2280 Dei,
1137 2225 1194 2270 et
1241 2217 1413 2271 Deum
1446 2218 1721 2288 appellare
1753 2220 2068 2286 Dominum.

489 2301 693 2357 Sethus
712 2319 834 2357 cum
859 2320 1034 2360 annos
1072 2324 1234 2364 acccc
1259 2318 1316 2364 et
1343 2327 1416 2364 xu
1456 2312 1812 2381 explevisset,
1840 2314 2068 2379 defecit,

493 2393 621 2446 tiiiis
645 2404 701 2449 et
729 2395 946 2452 filiabus
978 2400 1207 2455 relictis.
1239 2401 1339 2456 Hic
1367 2404 1630 2460 virtutem
1661 2405 1856 2468 coluit,
1893 2407 2068 2461 idem-

491 2499 599 2550 que
623 2487 868 2541 studium
901 2491 1138 2558 posteris
1168 2493 1286 2548 suis
1331 2495 1578 2557 tradidit,
1623 2497 1716 2566 qui
1760 2496 2068 2552 doctrinam

489 2592 675 2630 rerum
701 2580 1003 2634 cmlestium
1041 2597 1068 2634 a
1101 2597 1160 2638 se
1196 2585 1493 2649 inventam,
1517 2586 1732 2642 duabus
1770 2591 2067 2656 columnis,

489 2667 643 2719 alteri
674 2670 920 2738 lapideae.
949 2673 1108 2726 alteri
1135 2689 1201 2727 ex
1230 2673 1401 2729 latere
1420 2677 1606 2730 coctili
1641 2678 2069 2748 inscripserunt:

491 2761 638 2826 quod
673 2761 915 2817 Adamus
945 2766 1297 2835 praedixerat,
1341 2769 1755 2825 universitatem
1794 2787 1977 2826 rerum
2015 2784 2072 2827 et

489 2850 600 2912 igni
629 2860 684 2904 et
713 2868 853 2920 aqua
885 2856 1204 2923 perituram.
1245 2857 1453 2913 Enosso
1497 2870 1659 2916 natus
1708 2871 1792 2915 est
1837 2861 2068 2926 Cainan,

491 2944 698 3010 a‘iique
737 2945 830 2998 ﬁiii
858 2958 914 3000 et
965 2947 1108 3002 ﬁlire.
1142 2949 1392 3005 Mortuus
1420 2960 1524 3016 est,
1555 2969 1680 3008 eum
1714 2955 1944 3010 vixisset
1975 2971 2072 3010 an-

492 3051 593 3087 nos
612 3053 640 3090 v
669 3048 724 3090 et
746 3053 929 3093 occec.
948 3038 1193 3096 Cainano
1210 3043 1313 3098 orti
1345 3055 1473 3099 sunt
1493 3045 1757 3111 Meleleel,
1785 3048 2071 3118 aliiqueli-

493 3128 628 3182 heri.
658 3127 826 3192 Obiit.
849 3145 972 3185 cum
1005 3133 1228 3190 vixisset
1247 3153 1420 3192 annos
1438 3153 1593 3193 acccc
1615 3147 1670 3193 et
1693 3155 1744 3198 x.
1777 3140 2071 3196 Meleleelis
2099 3171 2138 3226 ε

495 3220 640 3274 [ilius
668 3219 979 3286 l‘uitJared,
1012 3232 1068 3277 et
1097 3224 1190 3280 alii
1228 3242 1241 3278 ι
1278 3227 1386 3280 vita
1423 3229 1659 3282 excessit
1695 3243 1840 3282 anno
1892 3230 2069 3284 aetatis

493 3327 746 3365 ncccxcv.
784 3312 947 3367 Jared
1017 3325 1171 3384 pater
1224 3315 1495 3383 llenoclti,
1545 3327 1601 3373 et
1656 3321 2075 3388 prazterbunc,

494 3402 748 3463 aliorum.
808 3406 1102 3462 defunctus
1149 3417 1254 3474 est,
1291 3425 1416 3463 cum
1469 3411 1696 3464 vixisset
1727 3427 1904 3467 annos
1966 3428 2076 3466 Lxu

496 3507 664 3562 supra
693 3511 875 3551 acccc.
919 3497 1159 3556 llenochi
1203 3500 1348 3556 ﬁlius
1375 3501 1477 3555 fuit
1511 3502 1834 3570 Mathusala,
1870 3512 1926 3559 et
1961 3503 2080 3558 alii.

493 3590 769 3656 Acceplus
797 3600 979 3646 autem
1006 3592 1109 3646 fuit
1136 3592 1432 3649 llenochus
1471 3595 1724 3659 Domino,
1760 3605 1816 3648 et
1844 3597 2082 3649 transla—

499 3690 610 3742 lus,
644 3697 746 3736 nec
774 3695 1049 3753 repertus,
1073 3701 1248 3741 annos
1274 3697 1437 3742 natus
1487 3704 1710 3743 ccccsv.
1762 3687 2082 3742 Mathusala:

499 3771 644 3823 titius
665 3771 976 3828 Lamechus
1007 3775 1131 3838 fuit,
1163 3786 1217 3829 et
1269 3777 1384 3830 alii.
1433 3777 1664 3831 Moritur
1708 3794 1854 3832 anno
1905 3777 2081 3832 aetatis

495 3876 806 3916 vcccccxix.
839 3865 1114 3924 Lamecho
1145 3877 1309 3923 natus
1337 3879 1419 3924 est
1449 3870 1578 3924 Noe.
1609 3869 1915 3924 Lamechus
1949 3884 2080 3924 vero

499 3963 748 4006 mortuus
788 3964 892 4022 cst,
927 3960 1162 4027 expletis
1191 3963 1354 4015 annis
1380 3978 1595 4016 DCCLIII.

2178 569 2243 636 τῇ
2277 566 2332 618 δὲ
2359 568 2456 616 τοῦ
2495 565 2632 616 Κάῖν
2670 564 2728 614 οὐ
2755 562 3030 633 προσέσχε
3062 559 3498 630 προσαγωγῇ.⁹0
3537 561 3592 613 δὲ
3624 561 3758 630 φθο-

2175 663 2346 728 νήσας
2363 657 2457 711 ἐπὶ
2475 661 2539 728 τῇ
2561 659 2914 727 προτιμήσει.
2941 657 3142 708 κτείνει
3165 655 3346 716 αὑτὸν,
3369 655 3465 708 καὶ
3483 656 3759 726 ἐπάρατος

2176 751 2396 819 γίνεται
2423 749 2502 820 τῷ
2539 750 2684 820 Θεῷ,
2732 749 2828 801 καὶ
2869 748 3074 800 στένειν
3120 747 3214 800 καὶ
3257 748 3485 817 τρέμειν
3530 749 3759 802 καταδε-

2175 843 2450 896 δίκασται.
2487 839 2808 910 Ἐκΰληθεὶς
2843 838 2898 890 δὲ
2953 837 3062 890 ἀπὸ
3115 836 3412 906 προσώπου
3442 836 3538 888 τοῦ
3595 837 3753 903 Θεοῦ,

2177 936 2236 987 ἐν
2298 937 2368 1006 γῇ
2418 933 2556 988 Nam
2615 932 2854 1003 ᾤκησεν.
2919 929 3047 983 ἔνθα
3110 932 3207 983 καὶ
3243 930 3438 992 παῖδας
3484 931 3755 996 ἐγείνατο,

2176 1020 2346 1090 Οὗτος
2379 1026 2555 1097 μέτρα
2581 1044 2641 1078 τε
2677 1027 2773 1078 καλ⁸
2811 1024 3049 1096 στάθμια
3073 1025 3358 1092 ἐπενόησε.
3396 1025 3504 1076 Καὶ
3539 1023 3758 1094 πρῶτος

2176 1121 2337 1190 ὅρους
2375 1122 2616 1189 ἐπήξατο
2651 1120 2761 1191 (23)
2794 1120 2920 1188 γῆς,
2954 1118 3220 1189 πονηρίας
3254 1117 3577 1187 καθηγητὴς
3619 1133 3758 1185 χρή-

2179 1211 2486 1282 ματισθείς.
2547 1212 2657 1264 Καὶ
2714 1211 2871 1264 πόλιν
2922 1213 3002 1272 εἰς
3052 1210 3222 1276 ὄνομα
3271 1209 3365 1260 τοῦ
3405 1210 3758 1277 πρωτοτόκου

2175 1307 2294 1357 υἱοῦ
2343 1305 2511 1358 αὐτοῦ
2557 1303 2704 1367 Ενὼς
2735 1303 3105 1374 ᾠκοδόμησεν·
3163 1303 3278 1364 υίὸς
3337 1302 3393 1354 δέ
3423 1300 3518 1353 τοῦ
3589 1300 3760 1362 Ἑνὼς

2177 1397 2393 1462 Γαῖδὰδ,
2435 1398 2551 1459 υίὸς
2605 1397 2660 1449 δέ
2697 1397 2886 1450 τούτου
2945 1394 3250 1464 Μαλελεήλ,
3297 1393 3395 1446 τοῦ
3429 1394 3481 1446 δὲ
3538 1393 3759 1446 Μαθου-

2174 1489 2338 1548 σαλα,
2375 1481 2434 1540 οὗ
2485 1488 2675 1557 Λάμεχ
2709 1488 2843 1548 υἱός.
2882 1479 3054 1548 Οὗτος
3112 1485 3204 1539 δύο
3257 1487 3524 1552 γυναῖκας
3575 1484 3758 1551 ἐαυτῷ

2179 1581 2550 1650 συναρμόσας,
2587 1580 2749 1631 Ἀδὰν
2801 1579 2895 1631 καὶ
2954 1577 3144 1634 Σελὰν.
3179 1577 3378 1639 παῖδας
3442 1577 3499 1641 ἐξ
3553 1577 3761 1644 ἀμφοῖν

2177 1673 2332 1740 ἔσχεν
2365 1672 2739 1741 ἐϐδομήκοντα
2788 1673 2883 1724 καὶ
2914 1670 3082 1724 ἑπτά·
3114 1663 3189 1721 ὧν
3245 1669 3465 1722 Ίωαὸἐλ
3496 1668 3593 1736 μὲν
3624 1685 3761 1734 κτη-
3824 1664 3840 1679 ¹

2176 1763 2441 1832 νοτρόφος
2472 1759 2564 1833 ἦν,
2601 1764 2696 1815 καὶ
2739 1763 3074 1832 προϐατείαν
3109 1759 3422 1832 ἠγάπησεν
3458 1760 3670 1814 Ἰουεὰλ
3701 1761 3761 1812 δὲ

2174 1855 2465 1922 Μουσικὴν
2516 1853 2806 1921 ἐπενόησε,
2831 1855 2922 1906 καὶ
2957 1853 3192 1921 κιθάραν
3217 1852 3622 1920 ἐμηχανήσατο,
3664 1851 3762 1902 καὶ

2173 1941 2496 2010 ψαλτήριον.
2532 1943 2704 1994 Θόϐελ
2735 1943 2792 1996 δέ
2847 1942 3084 2010 γεγονὼς
3140 1945 3204 1994 ἐκ
3268 1943 3457 2005 Σελᾶς,
3504 1942 3762 2009 σιδηρεῦς

2173 2029 2271 2105 ἦν,
2307 2035 2547 2105 ἐργάτης
2582 2036 2806 2105 σιδήρου
2831 2051 2890 2086 τε
2921 2036 3014 2088 καὶ
3060 2033 3288 2104 χαλκοῦ.
3350 2033 3442 2102 Τῷ
3497 2032 3553 2085 δὲ
3585 2032 3766 2085 Ἀδὰμ

2175 2131 2317 2194 μετὰ
2343 2127 2576 2181 θάνατον
2608 2127 2774 2181 Ἅϐελ
2825 2128 3118 2180 διακοσίων
3175 2126 3472 2194 τριάκοντα
3513 2126 3768 2194 γεγονότι

2173 2221 2336 2283 ἐτῶν,
2377 2221 2565 2292 ἕτερος
2609 2219 2876 2293 ἐγεννήθη
2921 2222 3057 2286 υίὸς,
3097 2221 3157 2273 ὃν
3191 2221 3418 2273 ἐκάλεσε
3483 2218 3615 2287 Σήθ.
3647 2217 3772 2286 ¹Τέω

2174 2311 2341 2380 θνηκε
2362 2312 2418 2365 δὲ
2458 2314 2485 2363 ὁ
2521 2313 2710 2381 Ἀδὰμ.
2743 2314 2842 2383 ἔτη
2903 2314 3077 2385 ζήσας
3113 2315 3406 2368 ἐννακόσια
3461 2299 3579 2365 καῖ
3610 2311 3773 2380 τριά-

2173 2417 2352 2455 κοντα.
2389 2403 2497 2474 Σήθ
2521 2403 2577 2456 δέ
2621 2404 2918 2473 γενόμενος
2960 2405 3098 2458 ἐτῶν
3130 2405 3293 2459 πέντε
3328 2405 3421 2458 καὶ
3447 2403 3768 2463 διακοσίων,

2171 2491 2430 2558 ἐγέννησε
2461 2493 2550 2544 τὸν
2573 2491 2766 2557 Ἐνὼς,
2799 2495 2864 2558 ὃς
2887 2495 3102 2564 πρῶτος
3134 2496 3363 2565 ἤλπισεν
3381 2491 3768 2548 ἐπικαλεῖσθαι

2170 2585 2232 2636 τὸ
2263 2584 2435 2654 ὄνομα
2467 2584 2671 2654 Κυρίου
2699 2585 2794 2638 τοῦ
2841 2586 3000 2651 Θεοῦ,
3052 2588 3144 2641 τόν
3207 2604 3267 2640 τε
3323 2587 3457 2639 Θεὸν
3493 2601 3773 2656 προσαγο-

2175 2675 2372 2747 ρεῦσαι
2406 2678 2496 2730 τὸν
2526 2677 2756 2747 Κύριον.
2815 2677 3037 2731 Δώδεκα
3066 2679 3123 2732 δέ
3186 2681 3282 2732 καὶ
3311 2679 3603 2732 ἐννακόσια
3663 2677 3767 2746 ἔτη

2171 2770 2238 2822 τὰ
2289 2773 2463 2824 πάντα
2516 2771 2695 2842 ζήσας
2743 2771 2874 2840 Σὴθ,
2933 2773 3029 2824 καὶ
3095 2772 3248 2835 υἱοὺς
3300 2772 3398 2826 καὶ
3454 2769 3771 2841 θυγατέρας

2172 2862 2366 2928 λιπὼν,
2398 2863 2634 2927 ἐξέλιπεε
2674 2864 2730 2926 ὃς
2756 2865 2959 2934 ἀρετὴν
3002 2865 3213 2934 μετῄει,
3247 2865 3342 2917 καὶ
3374 2864 3618 2933 μιμητὰς
3637 2863 3771 2924 τοὺς

2172 2953 2472 3020 ἀπογόνους
2507 2953 2910 3022 κατέλειψεν,οῖ
2945 2957 3136 3022 σοφίαν
3169 2957 3264 3025 τὴν
3296 2956 3422 3022 περὶ
3450 2956 3518 3007 τα
3537 2953 3774 3024 οὐράνια

2174 3044 2530 3114 κατενόησαν⁹
2567 3048 2662 3099 καὶ
2694 3047 2916 3116 στήλαις
2950 3047 3093 3114 δυσὶ,
3135 3050 3201 3117 τῇ
3248 3048 3346 3115 μὲν
3380 3049 3444 3099 ἐκ
3484 3046 3658 3107 λίθου,
3696 3047 3766 3114 τῇ

2180 3138 2239 3192 δὲ
2293 3139 2358 3191 ἐκ
2400 3137 2625 3190 πλίνθου
2695 3138 2869 3207 ὀπτῆς
2917 3141 3334 3208 πεποιημέναις.
3384 3140 3452 3190 τὰ
3488 3138 3774 3207 εὑρημέηα

2172 3227 2497 3297 ἐνέγραψαν,
2517 3228 2603 3282 ἵνα
2627 3228 2848 3291 καὶτοῖς
2871 3227 3170 3298 μετέπειτα
3195 3228 3775 3292 σώζωνται.Ἔσεσθαι

2171 3317 2283 3386 γὰρ
2329 3318 2642 3387 ἀφανισμὸν
2679 3317 2773 3370 τοῦ
2808 3318 3036 3382 παντὸς,
3069 3319 3247 3389 Ἀδὰμ
3291 3323 3643 3390 προειρήκει,
3705 3321 3776 3373 ἐκ

2173 3410 2344 3477 πυρός
2378 3427 2437 3462 τε
2489 3413 2582 3464 καὶ
2611 3410 2822 3473 ὓδατος.
2845 3410 2939 3476 Ἐξ
2965 3411 3131 3474 Ἐνὼς
3163 3412 3219 3464 δὲ
3254 3412 3445 3482 ἐτέχθη
3483 3415 3510 3466 ὁ
3541 3414 3772 3484 Καῖνᾰν,

2176 3500 2327 3553 ἄλλοι
2361 3517 2420 3552 τε
2480 3501 2586 3552 υἱοί⁸
2625 3501 2720 3553 καὶ
2766 3501 3186 3570 θυγατέρες,καὶ
3207 3503 3476 3556 ἀπέθανεν
3494 3503 3585 3572 ἐτη
3603 3505 3777 3571 ζήσας

2177 3594 2339 3644 πέντε
2370 3593 2462 3644 καὶ
2485 3593 2800 3648 ἐννακόσια,
2837 3592 2934 3645 Ἐκ
2964 3594 3021 3646 δέ
3051 3596 3259 3647 Καϊνὰν
3299 3595 3466 3664 ἐξέφυ
3494 3595 3775 3664 Mela}.th

2183 3687 2278 3742 καὶ
2332 3684 2513 3754 ἕτεροι
2547 3686 2756 3747 παῖδες,
2797 3685 2894 3737 καὶ
2915 3686 3147 3755 τέθνηκε
3173 3685 3347 3756 ζήσας
3382 3688 3615 3757 ἀριθμὸν
3636 3689 3775 3739 ἐτῶν

2191 3779 2522 3832 ἐννακοσίων
2576 3781 2670 3831 καὶ
2700 3779 2854 3832 δέκα.
2897 3781 3043 3851 Παῖς,
3087 3780 3145 3834 δέ
3180 3780 3463 3850 Μελελεὴλ
3520 3782 3548 3832 ὁ
3577 3781 3774 3849 Ἰάρεδ,

2188 3873 2284 3924 καὶ
2311 3872 2510 3940 ἕτεροι,
2543 3871 2597 3934 ὃς
2651 3872 2921 3924 κατέλυσε
2960 3871 3060 3941 τὴν
3088 3872 3234 3938 ζωὴν
3269 3871 3357 3924 ἐπ’
3393 3873 3574 3926 ἐτεσιν
3602 3873 3765 3924 ὀκτα-

2181 3963 2385 4024 κοσίοις
2416 3963 2508 4014 καὶ⁵
2537 3965 2699 4014 πέντε
2729 3961 2865 4032 πρὸς
2895 3963 3247 4031 ἐνενήκοντα.
3291 3962 3466 4032 Ἰἀρεδ
3495 3963 3549 4014 δέ
3588 3963 3777 4030 πατὴρ

497 4047 592 4097 ’τοῦ
641 4047 839 4119 Ἑνὼχ,
893 4052 987 4103 καὶ
1052 4054 1259 4107 παίδων
1319 4057 1412 4107 ἐπὶ
1476 4057 1648 4126 τούτῳ
1699 4056 1926 4127 ἐτέρων,
1986 4055 2081 4107 καὶ
2119 4052 2349 4121 τέθνηκε
2425 4053 2628 4124 βιώσας
2676 4055 2770 4124 ἐτη
2814 4056 3110 4110 ἐννακόσια
3163 4057 3258 4108 καὶ
3324 4055 3589 4124 ἐξήκοντα
3637 4057 3782 4122 πρὸς

495 4139 650 4194 δυσίν
685 4158 702 4173 ο
744 4143 857 4207 υίὸς
911 4145 968 4198 δὲ
1018 4145 1111 4198 τοῦ
1178 4145 1355 4218 Ἑνὼχ
1407 4147 1741 4200 Μαθουσάλα
1799 4154 1893 4200 καὶ
1947 4147 2148 4215 ἕτεροι.
2193 4146 2544 4218 Εὺηρέστησε
2593 4147 2650 4199 δέ
2701 4145 2872 4216 Ἑνὼχ
2936 4147 3014 4217 τῷ
3054 4147 3265 4218 Κυρίῳ,
3324 4149 3417 4200 καὶ
3476 4147 3772 4216 μετετέθη,

501 4239 593 4290 mi.
641 4241 738 4309 οὐχ
773 4241 1085 4312 εὑρίσκετο,
1129 4243 1267 4296 ἐτῶν
1306 4241 1550 4312 γεγονὼς
1620 4243 1954 4314 τριακοσίων
2019 4242 2288 4312 ἐξήκοντα
2350 4243 2446 4295 καὶ
2512 4244 2698 4296 πέντε.
2743 4243 2880 4305 Παῖς
2917 4243 2974 4296 δέ
3021 4242 3116 4296 τοῦ
3164 4240 3490 4296 Μασουσάλα
3551 4241 3780 4312 Λάμεχ.

500 4334 593 4384 καὶ
621 4333 818 4402 ἕτεροι,
853 4336 948 4387 καὶ
999 4336 1223 4405 θνήσκει
1280 4335 1451 4408 ζήσας
1487 4335 1580 4406 ἐτη
1626 4335 1913 4390 ἐννακόσια
1985 4336 2253 4404 ἐξήκοντα
2287 4337 2382 4388 καὶ
2420 4336 2598 4390 ἐννέα.
2631 4335 2753 4388 Νῶε
2826 4336 2870 4389 δ’
2905 4335 3103 4405 ἐτέχθη
3139 4334 3216 4403 τῷ
3239 4336 3455 4404 Λάμεχ,
3523 4335 3617 4388 καὶ
3681 4337 3776 4391 τέ·

501 4429 665 4498 ονηκε
697 4431 890 4499 Λάμεχ
928 4433 1232 4486 ἑπτακόσια
1252 4432 1424 4504 ζήσας
1449 4434 1567 4501 ἐτη,
1611 4434 1706 4486 καὶ
1745 4437 2085 4503 πεντήκοντα
2126 4435 2262 4502 πρὸς
2288 4436 2400 4498 τοῖς
2427 4433 2597 4504 τρισί.

573 4524 661 4576 IV.
695 4525 825 4577 Nom
859 4537 969 4580 tres
1001 4531 1112 4582 nali
1145 4539 1273 4584 sunt
1311 4531 1432 4596 lilii,
1467 4530 1686 4592 Senius,
1715 4529 2077 4591 Chamus,.la-

2266 4536 2342 4582 A'.
2369 4531 2461 4600 Τῷ
2504 4531 2561 4583 δὲ
2588 4529 2712 4581 Νῶε
2756 4531 2904 4599 τρεῖς
2936 4528 3189 4597 ἐγένοντο
3219 4528 3427 4592 παῖδες,
3455 4527 3592 4600 Σήμ,
3624 4529 3790 4600 Χὰμ,

501 4613 723 4683 phetus.
747 4614 868 4667 Filii
911 4632 1077 4684 porro
1105 4619 1223 4682 Dei,
1257 4620 1570 4688 conspectis
1634 4621 1854 4673 ﬁliabus
1906 4619 2086 4672 homi-

503 4720 660 4770 num,
687 4721 782 4758 eas
814 4723 1014 4760 uxores
1039 4708 1338 4762 duxerunt.
1375 4711 1541 4764 Vocat
1569 4719 1753 4763 autem
1803 4709 1898 4764 Dei
1947 4709 2091 4763 ﬁlios

503 4797 810 4867 Scriptura,
845 4797 998 4853 Setlii
1028 4809 1297 4870 posteros,
1344 4801 1416 4855 ob
1470 4801 1711 4855 studium
1771 4811 1829 4856 et
1879 4801 2090 4856 cultum

503 4891 726 4946 virtutis
768 4909 780 4945 :
819 4909 929 4963 quo
975 4905 1134 4963 pacto
1186 4895 1352 4949 etiam
1413 4895 1556 4950 ﬁlios
1611 4895 1878 4950 Altissimi
1930 4904 2092 4949 vocat

502 4997 620 5045 eos,
653 4987 743 5053 qui
773 4995 900 5039 sunt
931 4991 1132 5041 virtute
1164 4989 1402 5057 prazditi.
1440 4987 1737 5043 Hominum
1777 5003 1908 5042 vero
1941 4986 2096 5040 ﬁlias

504 5075 771 5139 nominat,
810 5078 1074 5134 oriundas
1097 5095 1165 5134 ex
1209 5079 1362 5136 Caini
1411 5083 1757 5152 posteritate.
1801 5079 2091 5150 Josephus

504 5175 688 5220 autem
746 5169 843 5231 ait,
885 5171 1110 5240 angelos
1145 5173 1427 5242 accepisse
1480 5174 1617 5228 ﬁlias
1659 5174 1968 5234 hominum,
2023 5184 2090 5223 eo

505 5259 586 5313 sic
610 5262 851 5329 (opinor)
887 5276 1130 5331 vocatos,
1171 5267 1316 5336 quod
1343 5269 1624 5338 placerent
1661 5267 1792 5329 Dco,
1829 5267 2089 5320 illorum-

506 5369 612 5420 que
644 5355 766 5408 vita:
807 5356 1074 5410 rationem
1128 5360 1544 5414 aemularentur.
1605 5359 1949 5430 Multiplicati
1983 5362 2088 5416 ho-

2197 4621 2406 4688 Ἰάςεθ.
2442 4621 2668 4683 Ἰδόντες
2703 4621 2758 4673 δέ
2791 4622 2842 4673 οί
2871 4622 2977 4674 υίοὶ
2999 4621 3092 4675 τοῦ
3153 4622 3291 4675 Θεοῦ
3319 4621 3417 4685 τὰς
3472 4622 3783 4690 θυγατέρας

2196 4713 2307 4765 τῶν
2343 4713 2669 4781 ἀνθρώπων,
2701 4713 2895 4767 ἔλαϐον
2927 4716 3144 4777 ἑαυτοῖς
3175 4718 3462 4781 γυναῖκας’
3506 4717 3658 4775 υίοῦς
3720 4716 3786 4769 δέ

2201 4803 2294 4858 τοῦ
2325 4804 2462 4857 Θεοῦ
2497 4821 2664 4874 φησιν
2683 4808 2715 4872 ὴ
2746 4805 2962 4878 Γραφὴ,
2984 4809 3114 4870 τοὺς
3161 4808 3470 4875 ἀπογόνους
3516 4808 3611 4860 τοῦ
3644 4807 3780 4876 Σὴθ,

2199 4898 2275 4960 ὡς
2302 4897 2502 4966 ἀρετὴν
2540 4898 2846 4965 μετιόντας,
2883 4899 3024 4952 καθὸ
3056 4899 3150 4953 καὶ
3179 4899 3330 4961 υἱοὺς
3371 4899 3629 4967 Ὑψίστου
3655 4915 3787 4961 τους

2195 4989 2488 5059 ἐναρέτους
2506 4990 2680 5044 καλεῖ.
2707 4990 3027 5064 Θυγατέρας
3071 4992 3128 5046 δέ
3151 4993 3259 5045 τῶν
3285 4992 3592 5062 ἀνθρώπων
3622 4993 3786 5058 φησι,

2198 5082 2296 5140 τὰς
2323 5082 2387 5132 ἐκ
2412 5081 2521 5134 τῶν
2574 5081 2668 5134 τοῦ
2720 5081 2860 5136 Κάῐν
2916 5083 3202 5152 ἀπογόνων
3257 5086 3668 5156 καταγομένας.
3720 5084 3788 5136 '0

2197 5173 2254 5227 δὲ
2291 5172 2561 5244 Ἰώσηπος
2620 5173 2893 5242 ἀγγέλους
2963 5175 3115 5243 λέγει
3158 5176 3257 5238 τὰς
3318 5177 3626 5243 θυγατέρας
3672 5176 3789 5228 τῶν

2197 5264 2504 5336 ἀνθρώπων
2539 5265 2748 5330 λαϐεῖν,
2783 5265 2925 5320 οὕτω
2944 5267 3203 5334 καλέσας,
3237 5264 3414 5337 οἶμαι,
3453 5269 3673 5332 αὐτοὺς,
3707 5269 3789 5329 ὼς

2199 5357 2636 5430 εὐαρεστοῦντας
2694 5358 2838 5428 Θεῷ,
2897 5361 2994 5412 καὶ
3043 5360 3144 5430 τὴν
3205 5361 3433 5414 ἐκείνων
3505 5360 3788 5412 πολιτείαν

1689 5506 1889 5568 Variae
1928 5505 2235 5570 lectiones
2267 5513 2328 5568 et
2374 5511 2566 5568 notua.

581 5634 598 5703 ί
609 5636 1081 5709 Ξῖῑγίῗπενόησε.
1106 5638 1200 5692 καὶ
1225 5637 1453 5706 πρῶτος
1476 5637 1653 5706 ὅρους
1681 5640 1968 5709 ἐπήξατο.
1997 5642 2045 5696 Α
2063 5674 2087 5685 -

511 5717 596 5757 ter
617 5707 739 5758 cod.
765 5709 868 5762 hoc
895 5710 1014 5762 loco
1043 5711 1268 5763 mutilus
1297 5709 1409 5764 haec
1434 5710 1697 5764 duntaxat
1725 5707 1886 5764 habet
1909 5730 1921 5764 :
1958 5711 2013 5764 Ἐ
2027 5733 2084 5763 ττ-

515 5777 724 5841 ενόησε.
758 5779 944 5847 Τούτῳ
973 5783 1224 5845 γεννᾶται
1265 5784 1392 5843 παῖς
1432 5779 1618 5842 Ἐνώς.
1663 5783 1749 5847 Ἐξ
1771 5779 1829 5835 οὗ
1860 5783 1982 5835 Γαῐδ
1999 5785 2072 5843 '16,

2185 5643 2278 5708 ἀφ’
2308 5637 2370 5698 οὗ
2397 5641 2685 5710 Μαλελεήλ
2705 5657 2718 5671 ·
2747 5641 2824 5707 τῷ
2854 5639 2910 5694 δὲ
2939 5639 3275 5694 Μαθουσάλα
3302 5638 3547 5690 τίκτεται
3581 5634 3786 5704 Λαμὲκ

2186 5716 2320 5776 υἱός.
2363 5718 2557 5777 Οοτος,
2583 5724 2693 5767 etc.
2729 5711 2816 5767 W.
