4042 6212
288 399 349 462 fl
1554 407 1867 469 ANNALH

2001 411 2146 471 LIB.
2193 411 2241 472 Ι.
3475 414 3546 478 62

287 516 742 587 ἐπιτηδεύοντας.
772 516 1184 587 Πληθυνθέντες
1216 518 1272 572 δέ
1307 520 1356 572 οἱ
1404 518 1706 592 άιθρωποι,
1737 524 1867 593 πρὸς

1982 524 2176 584 mines,
2204 522 2269 577 atl
2297 520 2701 592 improbitatem
2732 520 3094 584 deuerterunt.
3132 537 3196 577 ac
3218 523 3420 581 liberos
3448 546 3548 599 ge-

287 612 490 665 κακίαν
522 609 852 664 ἀπέκλιναν·
882 605 967 672 οἷς
983 611 1076 662 iul.
1105 610 1295 673 παῖδες
1319 612 1566 679 ἐγένοντο
1589 614 1867 682 ὑϐρισταὶ,

288 704 379 754 καὶ
418 700 747 765 ἀτάσθαλοι,
783 697 869 752 διά
900 699 1000 770 τὴν
1032 702 1090 752 ἐν
1152 701 1219 770 τῇ
1253 699 1479 770 δυνάμει
1518 702 1865 771 πεποίθησιν.

288 788 383 853 οἷς
412 790 476 843 τὸ
515 790 677 842 Θεῖον
706 788 1075 859 προσῶχθισε,
1122 790 1218 843 καὶ
1252 790 1314 842 τὸ
1348 790 1645 861 μακρόὸιον
1674 791 1864 845 ὑπετέ-

255 892 268 914 ’
291 901 445 953 μετο,
484 882 688 937 ἑκατὸν
736 885 833 935 καὶ
861 884 1068 935 εἴκοσιν
1100 881 1248 935 ἔτεσι
1285 881 1384 954 τὴν
1412 882 1524 935 τῶν
1560 883 1869 953 ἀνθρώπων

285 972 642 1043 περιγράψας
660 972 823 1042 ζωήν.
847 971 969 1025 Νῶε
987 964 1113 1043 εὗρε
1143 973 1303 1044 χάριν
1323 974 1566 1036 ἐναντίον
1595 974 1688 1026 τοῦ
1708 973 1867 1026 Θεοῦ.

287 1066 379 1119 Διὸ
408 1065 507 1117 καὶ
560 1066 643 1128 είς
693 1064 972 1140 θάλασσαν
1002 1064 1101 1133 τῆς
1155 1066 1386 1135 ἠπείρου
1432 1064 1867 1134 μεταϐληθείσης

287 1161 353 1214 δι’
386 1158 705 1229 ἐπομϐρίας
731 1156 1083 1227 πολυημέρου
1108 1174 1166 1209 τε
1196 1157 1291 1211 καὶ
1323 1157 1579 1228 σφοδρᾶς,
1622 1159 1731 1211 πᾶν
1766 1159 1867 1227 μὲν

284 1255 346 1306 τὸ
400 1251 757 1322 ἀνθρώπινον
793 1250 1077 1320 φθείρεται
1094 1251 1276 1314 γένος.
1308 1248 1431 1303 Νῶε
1477 1250 1532 1303 δέ
1567 1251 1725 1321 μόνος
1758 1252 1857 1303 σῶ-

281 1350 440 1412 ζεται
468 1343 785 1415 προμηθείᾳ
813 1341 973 1404 Θεοῦ,
999 1340 1184 1413 ξυλίνῃ
1218 1342 1474 1413 λάρνακι,
1508 1344 1574 1413 ἣν
1592 1345 1867 1414 τετράγω-

280 1457 375 1492 νον
415 1436 817 1499 κατεσκεύασε,
862 1435 1040 1505 μῆκος
1087 1436 1185 1505 μὲν
1211 1435 1442 1505 ἔχουσαν
1459 1437 1679 1506 πήχεων
1713 1455 1868 1507 τρια·

280 1530 511 1593 κοσίων,
553 1528 615 1581 τὸ
670 1527 729 1581 δέ
781 1528 983 1591 πλάτος
1042 1528 1402 1598 πεντήκοντα,
1438 1530 1534 1583 καὶ
1582 1529 1645 1583 τὸ
1701 1530 1866 1599 βάθος

279 1623 611 1692 τριάκοντα.
653 1622 745 1676 Ἐν
777 1614 812 1690 ἦ
843 1621 1004 1682 αὐτός
1036 1620 1219 1677 τεκαὶ
1250 1621 1298 1673 οἱ
1341 1622 1531 1685 παῖδες
1562 1625 1659 1675 σὺν
1692 1622 1863 1694 αὐτῷ,

278 1712 624 1782 ἐμεέϐηκεν,
681 1711 779 1765 καὶ
806 1712 841 1780 η
874 1712 1079 1780 μήτηρ,
1139 1710 1235 1764 καὶ
1274 1713 1329 1765 αἱ
1365 1714 1625 1780 γυναῖκες
1660 1713 1863 1775 αὐτῶν,

282 1804 588 1874 σπέρματά
630 1819 691 1856 τε
718 1803 949 1854 παντοῖα
971 1801 1279 1870 ἐνθέμενος.
1328 1803 1423 1856 καὶ
1488 1801 1603 1865 ζῶα
1661 1804 1865 1869 ὁμοίως

281 1897 346 1948 ἐκ
373 1894 575 1962 γένους
602 1895 827 1955 παντός,
866 1894 999 1963 πρὸς
1031 1894 1361 1967 διατήρησιν
1400 1895 1509 1950 τῶν
1546 1898 1742 1966 -γενῶν
1769 1899 1865 1953 αὐ-

278 1987 416 2049 τῶν,
450 1984 557 2038 ἀνὰ
574 1984 667 2036 δύο
702 1984 800 2051 μὲν
829 1984 939 2036 τῶν
978 1983 1051 2054 μὴ
1091 1982 1374 2053 καθαρῶν,
1406 1983 1547 2036 ama:
1577 1984 1623 2036 δ’
1653 1985 1712 2049 ἐξ
1734 1986 1867 2038 ἐκάν

283 2092 415 2127 στου
451 2074 649 2142 γένους
670 2073 779 2126 τῶν
805 2071 1086 2142 καθαρῶν.
1118 2074 1355 2135 Δέκατος
1391 2073 1437 2127 δ’
1463 2069 1531 2144 ἦν
1565 2074 1593 2126 ό
1620 2074 1743 2127 Νῶε
1805 2075 1869 2127 ἐκ

279 2166 380 2221 τοῦ
416 2166 596 2233 ’Δδὰμ
622 2164 1060 2237 ἀριθμούμενος,
1092 2164 1185 2217 καὶ
1241 2166 1380 2236 μετὰ
1412 2164 1629 2236 χιλιάδα
1674 2164 1869 2236 διπλὴν

281 2259 432 2311 ἐτῶν
460 2259 602 2329 πρὸς
656 2257 956 2320 διακοσίοις
984 2259 1399 2330 τεσσαράκοντα
1448 2260 1543 2312 καὶ
1577 2258 1671 2312 δύο
1707 2260 1868 2330 μέχρι

283 2353 382 2407 καὶ
428 2352 595 2406 αὑτοῦ
637 2352 729 2405 τοῦ
789 2351 1201 2421 κατακλυσμοῦ.
1244 2353 1600 2420 Ἀνοιγέντων
1656 2353 1712 2405 δὲ
1759 2353 1869 2406 τῶν

284 2441 657 2510 καταρακτῶν
697 2438 793 2492 τοῦ
826 2438 1060 2508 οὐρανοῦ
1090 2439 1306 2510 ἡμέρας
1329 2442 1743 2512 τεσσαράκοντα
1775 2427 1868 2494 καὶ

285 2531 521 2593 νύκτας.
555 2530 615 2582 τὸ
668 2529 814 2600 ὕδωρ
868 2530 962 2583 ἐπὶ
1022 2530 1219 2599 πήχεις
1285 2532 1682 2585 πεντεκαίδεκα
1725 2531 1870 2601 ὁρῶν

285 2622 629 2692 ὑψηλότερον
659 2622 876 2689 γέγονε.
928 2619 1205 2693 Λήξαντος
1229 2622 1285 2675 δέ
1321 2639 1384 2690 γε
1416 2622 1508 2676 τοῦ
1529 2622 1714 2689 ὑετοῦ,
1774 2623 1870 2676 καὶ

284 2715 382 2767 ὀὗ
415 2714 610 2773 ὓδατος
650 2712 1043 2782 ἐλαττουμένου
1092 2710 1214 2782 μεθ’
1248 2712 1461 2784 ἡμέρας
1518 2714 1715 2766 ἑκατὸν
1764 2714 1862 2766 καὶ

288 2806 717 2875 πεντήκοντα,η
753 2803 961 2872 λάρναξ
990 2803 1109 2875 ὄρει
1140 2804 1247 2857 τινὶ
1278 2803 1377 2873 τῆς
1403 2804 1702 2875 ’Λρμενίας
1732 2821 1869 2874 προ-

290 2897 549 2958 οὼκειλε.
597 2896 741 2949 κατὰ
802 2895 1085 2967 τίνμῆνα
1135 2896 1227 2949 τὸν
1277 2896 1526 2966 ἕϐδομον.
1584 2897 1714 2949 Ὅτε
1777 2900 1870 2951 καὶ

288 2988 516 3054 ανοίξας
546 2989 574 3039 ὁ
610 2987 756 3050 Νῶε,
789 2986 1016 3059 μεθίησι
1052 2988 1284 3060 κόρακα·
1314 2989 1343 3040 ό
1364 2987 1420 3041 δέ
1442 2989 1543 3041 οὐκ
1573 2988 1865 3058 ἐπανῆλθε.

288 3083 402 3135 Καὶ.
432 3079 557 3149 μεθ’
590 3080 804 3149 ἡμέρας
837 3080 1017 3149 ἀφῆκε
1050 3080 1406 3152 περιστερὰν,
1464 3082 1498 3152 ἦ
1535 3080 1696 3135 πάλιν
1736 3081 1869 3134 ὑπέ-

1973 629 2145 667 nuere
2198 612 2532 682 iujurios,et
2563 628 2628 666 ex
2680 612 2877 666 lilucia
2926 612 3123 666 virium
3173 617 3495 672 temerarios
3526 638 3545 677 :

1971 709 2175 777 quibus
2202 709 2345 762 Deus
2376 707 2641 770 offensus.
2668 707 2831 762 etiam
2862 708 3263 778 longaevitatem
3300 712 3547 780 sustulit,

1969 802 2081 854 vita
2117 799 2400 853 hominum
2436 811 2658 854 centum
2694 799 2888 869 viginti
2914 801 3078 853 anuis
3105 799 3547 872 circumscripta.

1970 891 2084 946 Noe
2110 906 2240 946 vero
2262 891 2536 962 gratiosus
2560 892 2661 947 fuit
2690 891 2831 961 apud
2857 891 3046 945 Deum.
3072 891 3176 961 l9
3194 892 3385 960 Itaque
3411 909 3545 948 con-

1975 983 2184 1038 tinente
2216 984 2271 1036 in
2304 999 2453 1038 mare
2485 984 2785 1037 vehemens
2835 992 2889 1036 ct
2935 982 3259 1037 diuturnum
3303 1000 3551 1039 commuv

1971 1084 2103 1134 tata.
2131 1089 2293 1128 omne
2315 1075 2615 1127 humanum
2647 1089 2821 1143 genus
2864 1073 3071 1128 interit.
3100 1073 3214 1128 Noe
3263 1075 3414 1128 solus
3456 1073 3544 1127 di-

1970 1167 2097 1220 vina
2143 1164 2493 1219 Providentia
2547 1182 2673 1220 arca
2722 1165 2899 1235 lignea
2941 1174 3317 1227 conservatur,
3380 1178 3544 1234 quam

1968 1254 2397 1326 quadrangulam
2448 1254 2752 1319 fabrcfecit,
2825 1254 3170 1324 longitudine
3255 1253 3545 1307 cubituum

1968 1362 2082 1411 ccc,
2118 1345 2406 1401 latitudine
2440 1362 2491 1406 L.
2530 1346 2816 1401 altitudine
2858 1361 2987 1399 xxx.
3041 1345 3168 1397 Eam
3225 1342 3550 1398 conscendit

1968 1437 2088 1508 ipse
2109 1453 2231 1491 cum
2267 1437 2414 1504 ﬁliis,
2455 1446 2509 1491 et
2541 1446 2737 1503 mater,
2771 1453 3081 1507 uxoresque
3113 1452 3303 1491 eorum
3332 1453 3349 1492 :
3374 1451 3438 1490 ac
3468 1450 3552 1490 se-

1968 1528 2209 1583 minibus
2244 1528 2411 1585 variis
2454 1529 2749 1598 impositis,
2796 1538 2850 1584 et
2895 1527 3226 1581 animalibus
3278 1528 3548 1597 cujusque.

1967 1622 2203 1691 generis,
2235 1620 2301 1673 ad
2330 1635 2528 1691 genera
2569 1635 2760 1673 eorum
2786 1620 3183 1684 conservanda,
3234 1618 3383 1673 binis
3436 1619 3543 1672 im-

1967 1713 2319 1774 mundorum,
2359 1718 2414 1765 et
2447 1710 2689 1778 septenis
2749 1709 2979 1778 paribus
3030 1709 3389 1763 mundorum.
3430 1709 3545 1763 Noe

1966 1803 2037 1859 ab
2096 1802 2304 1857 Adamo
2335 1801 2582 1856 decimus
2634 1810 3003 1885 numeratur“
3054 1801 3216 1855 annis
3297 1816 3548 1855 )IIICCSLII

1969 1895 2171 1965 elapsis
2204 1909 2375 1963 usque
2402 1893 2469 1947 ad
2504 1892 2794 1947 diluvium.
2826 1893 3048 1960 Apertis
3077 1901 3255 1946 autem
3289 1891 3415 1947 cmli
3453 1906 3546 1945 ca-

1974 1986 2196 2042 taractis
2227 1986 2291 2041 ad
2317 1986 2439 2039 dies
2468 2002 2534 2039 XI.
2566 1983 2905 2052 totidemque
2930 1992 3141 2050 noctes,
3173 1999 3313 2053 aqua
3347 2000 3414 2037 xv
3450 1998 3548 2037 cu—

1971 2078 2103 2132 bitis
2142 2076 2412 2131 montium
2467 2075 2859 2130 altissimorum
2914 2074 3198 2129 cacumina
3243 2074 3545 2142 superavit.

1969 2169 2105 2225 Cum
2132 2170 2315 2240 pluvia
2341 2167 2614 2228 desiisset,
2648 2176 2703 2220 et
2738 2181 2877 2235 aqua
2918 2174 3042 2235 post
3069 2164 3188 2218 dies
3227 2179 3290 2218 et.
3330 2163 3544 2217 minue-

1972 2271 2125 2316 retur
2159 2278 2174 2316 :
2214 2276 2340 2315 arca
2384 2260 2450 2313 ad
2473 2260 2763 2329 quemdam
2787 2259 3060 2313 Armeniae
3103 2264 3346 2312 montem
3376 2255 3549 2324 septi-

1971 2371 2062 2409 mo
2093 2370 2278 2409 mense
2314 2354 2603 2424 applicuit.
2649 2352 2764 2407 Noe
2798 2367 2925 2407 vero
2969 2367 3192 2406 corvum
3239 2366 3336 2420 per
3389 2348 3548 2402 fene—

1969 2454 2137 2499 stram
2170 2444 2378 2507 emisit,
2406 2443 2500 2513 qui
2534 2456 2645 2497 non
2679 2456 2937 2497 reversus
2968 2451 3073 2496 est.
3119 2438 3247 2494 Post
3288 2438 3407 2493 dies
3440 2437 3550 2491 ali-

1969 2548 2103 2606 quot
2130 2536 2314 2590 emisn
2345 2535 2652 2590 columbam
2684 2550 2788 2600 ;ea
2843 2532 3028 2587 rediit.
3084 2530 3306 2603 Septem
3348 2528 3549 2584 diebus

1968 2630 2192 2700 elapsis,
2225 2628 2445 2693 eadem,
2484 2642 2679 2681 rursus
2710 2627 2927 2689 emissa,
2961 2624 3226 2678 festucam
3271 2621 3428 2677 oliva:
3460 2636 3550 2675 re-

1970 2723 2115 2776 tulit.
2155 2720 2313 2776 Unde
2345 2719 2635 2782 intellexit,
2691 2732 2889 2788 aquam
2933 2715 3198 2770 defecisse
3258 2713 3313 2768 in
3362 2723 3539 2768 terra.

1969 2817 2158 2886 Itaque
2181 2813 2293 2869 Noe
2319 2823 2374 2866 et
2405 2828 2540 2865 uxor
2571 2811 2710 2881 ejus,
2745 2817 2802 2863 et
2862 2806 2958 2861 lilii
3008 2821 3133 2861 cum
3195 2805 3312 2859 suis
3368 2804 3550 2858 uxori-

1970 2908 2095 2969 bus,
2133 2914 2265 2961 sunt
2287 2903 2515 2975 egressi,
2552 2910 2609 2955 et
2635 2897 2891 2953 animalia
2917 2911 3039 2967 quae
3062 2910 3185 2950 cum
3209 2893 3371 2950 eisin
3413 2909 3543 2948 arca

1970 2999 2209 3058 fuerant.
2242 3011 2305 3050 ac
2339 2992 2720 3050 sacriﬁcarunt
2745 2989 2877 3044 Deo.
2912 2988 3117 3043 Locum
3140 3001 3267 3041 eum
3306 2985 3547 3040 Exsecu-

1970 3108 2089 3148 suin
2116 3089 2300 3146 vocari
2336 3087 2405 3141 ab
2434 3085 2727 3149 Armeniis,
2767 3081 2933 3137 tradit
2979 3080 3272 3150 Iosephus,
3307 3087 3363 3132 et
3400 3090 3546 3131 arcae

290 3173 549 3243 στρεψεν.
598 3172 768 3227 Ἑπτά
792 3173 849 3227 δέ
878 3173 1201 3229 διελθουσῶν
1250 3174 1496 3246 ἡμερῶν,
1532 3174 1690 3240 αῦοις
1725 3177 1865 3246 ἀφῆ-

1971 3182 2233 3253 reliquias
2261 3180 2336 3236 ihi
2360 3177 2681 3240 monstrari,
2722 3189 2787 3229 ac
2823 3172 3158 3229 mentionem
3192 3169 3370 3224 facere
3401 3167 3543 3221 dilu~

289 3286 389 3319 κεν
419 3266 623 3336 αὐτὴν,
667 3266 790 3337 ἡδὲ
852 3266 1064 3338 κάρφος
1126 3266 1313 3330 ἐλαίας
1375 3267 1617 3337 φέρουσα
1680 3268 1870 3322 ὑπενό-

291 3377 486 3428 στησε.
529 3358 845 3411 Κόντεῦθεν
893 3357 1055 3423 ἔγνω,
1098 3358 1468 3412 ἐκλελοιπέναι
1500 3360 1559 3411 τὸ
1590 3359 1731 3429 ὕδωρ
1760 3357 1869 3411 ἀπὸ

288 3451 392 3519 τῆς
424 3450 556 3521 γῆς.
583 3450 692 3504 Καὶ
722 3449 944 3522 ἐξῆλθον
974 3449 1097 3502 Νῶε
1127 3450 1221 3504 καὶ
1258 3452 1291 3519 ὴ
1326 3451 1488 3528 ,γυνὴ
1528 3449 1719 3510 αὑτοῦ,
1773 3453 1867 3503 καὶ

290 3544 342 3595 οἱ
374 3544 488 3595 υἱοὶ
512 3541 678 3595 αὐτοῦ
712 3543 809 3596 σὺν
842 3544 963 3602 ταῖς
996 3542 1180 3595 αὐτῶν
1208 3541 1449 3611 γυναιξὶ,
1487 3541 1581 3596 καὶ
1635 3542 1706 3596 τὰ
1753 3541 1868 3609 ζῶα

293 3638 397 3688 ὃσα
427 3631 497 3705 ἦν
531 3634 652 3706 μετ’
706 3635 889 3688 αὐτῶν
938 3637 995 3688 ἐν
1057 3638 1125 3707 τῇ
1159 3636 1398 3707 κιεωτῷ,
1438 3638 1533 3691 καὶ
1577 3638 1737 3691 ἔθυσε
1790 3640 1869 3709 τῷ

299 3724 442 3792 Θεῷ.
484 3724 882 3797 ’Δποόατὴριον
937 3725 994 3779 δὲ
1047 3728 1140 3779 τὸν
1205 3728 1367 3780 τόπον
1420 3727 1707 3782 καλεῖσθαι
1755 3734 1871 3797 τοῖς

315 3815 619 3883 Ἀρμενίοις
652 3816 820 3886 φησὶν
843 3816 871 3867 ό
909 3816 1196 3887 Ἰώσηπος,
1261 3818 1354 3870 καὶ
1392 3817 1615 3885 λείψανα
1658 3820 1871 3874 δείκνυ-

298 3906 429 3958 σθαι
456 3906 551 3975 τῆς
570 3907 847 3976 λάρνακος
877 3909 999 3960 ἐκεῖ
1034 3926 1045 3938 ·
1086 3909 1403 3978 μεμνῆσθαι
1427 3910 1482 3964 δὲ
1518 3913 1611 3963 καὶ
1637 3912 1730 3963 τοῦ
1768 3914 1869 3965 κά-

294 3997 613 4070 τακλυσμοῦ
646 4000 861 4070 καὶτῆς
893 4001 1131 4058 κιϐωτοῦ
1165 4002 1316 4070 λέγει
1366 3994 1461 4057 καὶ
1495 4005 1723 4070 πολλοὺς
1758 4006 1868 4058 τῶν

294 4092 394 4153 τὰς
469 4089 820 4162 βαρδαρικὰς
910 4093 1157 4163 ἱστορίας
1216 4098 1719 4166 συγγραψαμένων,
1776 4101 1869 4152 τὸν

294 4174 579 4236 Χαλδαῐον
600 4201 661 4237 τε
695 4184 973 4255 Βηρωσδν,
1003 4187 1098 4240 καὶ
1143 4185 1473 4259 Ἱερώνυμον
1508 4190 1598 4243 τὸν
1656 4191 1868 4259 Αἰγύπ-

292 4290 432 4337 τιον,
468 4274 531 4336 ὃς
567 4274 667 4346 τὴν
701 4276 1092 4346 ἀρχαιολογίαν
1125 4278 1221 4348 τὴν
1248 4280 1564 4350 Φοινικικὴν
1603 4281 1870 4353 συνεγρά-

295 4366 455 4434 ψατο,
487 4369 704 4422 καὶτὸν
749 4369 858 4425 ἀπὸ
915 4371 1209 4439 Δαμασκοῦ
1249 4372 1530 4428 Μνασέαν·
1564 4376 1592 4427 ό
1644 4375 1702 4429 δὲ
1735 4376 1868 4436 Θεὸς

300 4459 501 4527 μηκέτι
560 4462 863 4529 ἐπαγαγεῖν
930 4458 1051 4517 εἶπε
1107 4465 1372 4517 τοιουτονὶ
1426 4464 1598 4527 πάθος
1656 4470 1720 4535 τῇ
1770 4469 1864 4538 γῇ.

1968 3275 2041 3330 vii
2067 3283 2118 3328 et
2150 3287 2289 3327 arca:
2328 3270 2531 3325 multos
2564 3265 2865 3321 barbariem
2900 3261 3146 3317 historiae
3188 3257 3486 3328 scriptores
3523 3271 3540 3308 :

1967 3376 2028 3421 ut
2047 3366 2308 3420 Berosum
2339 3360 2677 3416 Chaldaeum.
2706 3366 2762 3411 et
2786 3352 3098 3425 [Egyptium
3126 3349 3541 3418 Hieronymum,

1968 3457 2059 3526 qui
2088 3454 2399 3510 Plio-nicias
2428 3448 2789 3518 antiquitates
2811 3440 3119 3514 scripserit,
3166 3449 3222 3494 et
3264 3438 3538 3493 Muascatn

1968 3550 2390 3606 Damascenum;
2428 3542 2571 3597 Deus
2601 3548 2781 3596 autem
2818 3553 2876 3593 se
2916 3550 3027 3591 non
3081 3532 3318 3603 amplius
3378 3531 3541 3585 talem

1968 3644 2178 3699 cladem
2218 3650 2374 3695 terra:
2407 3638 2780 3693 immissurum
2798 3632 2935 3687 dixit
2984 3627 3378 3699 etvescijussit
3412 3624 3533 3679 ani—

1970 3734 2248 3789 mantibus
2279 3734 2522 3801 (carnem
2582 3737 2760 3782 tamen
2800 3725 2854 3778 in
2888 3722 3152 3793 sanguine
3202 3719 3397 3772 animm
3450 3729 3548 3770 ve—

1969 3824 2284 3893 tuitcdere)
2322 3831 2376 3876 et
2426 3822 2573 3875 caede
2624 3818 2908 3873 hominum
2957 3814 3253 3867 abstinere.
3308 3808 3537 3876 Signum

1969 3932 2077 3971 non
2109 3917 2365 3985 periturae
2386 3929 2525 3983 aqua
2551 3922 2733 3975 terrai,
2766 3921 2823 3961 ut
2853 3907 2904 3960 iu
2949 3904 3158 3959 diluvio
3186 3901 3413 3965 factum,
3454 3915 3541 3953 ar-

1970 4025 2093 4064 eum
2128 4009 2181 4062 in
2213 4008 2359 4062 nube
2390 4003 2595 4075 posuit,
2625 4002 2819 4056 iridem
2841 4015 2937 4070 per
2957 4013 3143 4052 arcum
3164 3992 3540 4063 intelligendo.

1968 4099 2083 4155 Noe
2112 4106 2234 4168 post
2266 4095 2533 4150 diluvium
2566 4091 2699 4145 vixit
2731 4104 2905 4144 annos
2934 4103 3082 4149 cccc;
3117 4086 3352 4137 moritur
3379 4091 3544 4135 natus

1970 4204 2144 4244 annos
2190 4201 2403 4243 nccccc.
2438 4182 2711 4253 Josephus
2753 4182 2821 4235 de
2867 4176 3217 4232 multitudine
3264 4186 3536 4226 annorum

1971 4282 2118 4336 illius
2150 4277 2632 4334 aetatishomiuum
2678 4275 2757 4328 sic
2786 4274 2861 4325 ait
2899 4288 2914 4324 :
2954 4269 3119 4324 Nemo
3168 4271 3307 4321 hanc
3350 4265 3536 4325 vitam,

1971 4386 2335 4440 annorumque
2362 4377 2678 4438 paucitatem
2705 4368 2932 4427 intuens,
2987 4360 3129 4432 falsa
3184 4359 3441 4412 existimet
3476 4371 3539 4408 ea

1970 4479 2088 4534 qua
2108 4462 2169 4515 de
2197 4462 2451 4515 veteribus
2488 4465 2869 4511 memorantur.
2927 4452 3071 4507 Nam
3107 4451 3247 4513 illos,
3281 4464 3400 4502 cum
3429 4447 3542 4500 Deo

311 4551 646 4608 Ἐνετείὶατο
680 4553 741 4607 δέ
782 4554 918 4626 πρὸς
953 4555 1158 4627 βρῶσιν
1187 4556 1492 4628 κεχρῆσθαι
1531 4561 1642 4616 τοῖς
1678 4558 1861 4622 ζώοις.

1969 4555 2117 4612 chari
2143 4562 2332 4618 essent,
2373 4563 2420 4606 et
2445 4552 2509 4605 ab
2543 4553 2654 4621 ipso
2682 4548 2784 4602 Deo
2812 4547 2934 4611 orti,
2990 4563 3053 4600 ac
3083 4546 3207 4599 cibis
3258 4543 3419 4596 etiam
3474 4538 3544 4592 ad

305 4643 447 4712 πλὴν
473 4645 645 4713 κρέας
684 4648 741 4697 ἐν
764 4646 955 4715 αἵματι
976 4648 1154 4720 ψυχῆς
1189 4648 1263 4718 μὴ
1299 4647 1520 4711 ἐσθίειν,
1558 4652 1652 4702 καὶ
1702 4651 1865 4719 φόνου

301 4734 602 4806 ἀνθρώπων
650 4737 970 4808 ἀπέχεσθαι.
1007 4740 1236 4810 Σημεῖον
1267 4740 1321 4792 δὲ
1368 4739 1463 4795 τοῦ
1529 4743 1726 4810 μηκέτι
1764 4760 1866 4796 κα-

301 4828 566 4880 τακλύσαι
593 4829 695 4898 τὴν
724 4826 831 4899 γῆν
862 4832 919 4883 ἐν
938 4830 1152 4900 ὄμϐρῳ,
1202 4832 1260 4884 τὸ
1277 4833 1429 4899 τόξον
1490 4831 1644 4886 ἔθετο
1691 4835 1750 4886 τὸ
1811 4838 1870 4888 ἐν

301 4919 362 4986 τῇ
418 4919 642 4992 νεφέλῃ,
683 4922 787 4988 τὴν
817 4921 959 4992 Ἴριν
986 4923 1075 4976 διὰ
1106 4922 1199 4975 τοῦ
1228 4923 1383 4989 τόξου
1434 4922 1634 4992 δηλῶν.
1671 4924 1794 4977 Νῶε
1817 4925 1874 4982 δὲ.

306 5013 438 5078 μετὰ
470 5013 566 5065 τὸν
603 5014 992 5083 κατακλυσμὸν
1029 5013 1236 5085 βιώσας
1285 5015 1379 5086 ἐτη
1438 5017 1729 5088 τριακόσια
1781 5018 1876 5070 καὶ

306 5106 661 5174 πεντήκοντα,
727 5106 953 5176 θνήσκει
1029 5106 1294 5160 ἐνιαυτῶν
1350 5108 1590 5175 γεγονὼς
1646 5110 1872 5161 ἐννακο-

306 5195 431 5246 σίων
453 5197 550 5247 καὶ
581 5197 942 5265 πεντήκοντα.
987 5193 1219 5265 Εἴρηται
1275 5196 1331 5251 δέ
1365 5214 1430 5265 γε
1468 5197 1598 5267 περὶ
1627 5200 1726 5266 τῆς
1784 5214 1874 5248 πο-

1971 4648 2373 4703 diuturuitatem
2397 4641 2684 4715 aptioribus
2740 4649 3036 4701 uterentur,
3079 4654 3181 4691 non
3207 4637 3399 4690 mirum
3422 4633 3543 4702 fuit.

1974 4751 2182 4796 tantum
2224 4738 2468 4808 temporis
2494 4736 2725 4807 spatium
2760 4734 2948 4787 vivere.
2983 4731 3165 4788 Altera
3197 4726 3543 4796 longauitatis

1973 4851 2135 4889 causa
2159 4833 2280 4902 luit,
2303 4830 2507 4884 utilitas
2551 4843 2730 4882 rerum
2764 4825 2830 4879 ab
2870 4826 2943 4879 eis
2999 4823 3436 4893 excogitatarum,
3483 4822 3542 4868 ut

1969 4924 2305 4980 astronomia:
2345 4930 2395 4975 et
2430 4920 2726 4990 geometria!
2756 4932 2775 4973 :
2804 4932 2922 4989 qua:
2977 4911 3292 4984 deprehendi
3333 4909 3399 4963 ab
3468 4909 3541 4960 eis

1969 5027 2110 5075 certo
2132 5025 2181 5070 et
2211 5013 2467 5084 explicari
2494 5013 2638 5066 haud
2663 5010 2972 5080 potuissent,
2996 5009 3059 5059 “ni
3089 5021 3153 5060 pc
3180 5019 3348 5058 annos
3373 5001 3538 5055 vixis-

1969 5119 2107 5171 sent,
2137 5108 2245 5177 2ο
2270 5112 2468 5176 quanto
2504 5104 2677 5175 spatio
2730 5117 2954 5173 magnus
2998 5114 3171 5154 annus
3228 5092 3537 5164 completur.

1969 5200 2098 5255 "me
2123 5201 2236 5254 ille.

305 5288 515 5355 λυετίας
543 5292 654 5347 τῶν
678 5291 984 5363 ἀνθρώπων
1014 5293 1240 5348 ἐκείνων
1278 5293 1448 5347 ταῦτα
1480 5293 1559 5362 τῷ
1589 5295 1842 5364 Ἰωσήπῳ
1881 5310 1896 5325 ο
1939 5296 2163 5363 Μηδεὶς
2203 5289 2318 5350 οὖν
2363 5293 2509 5363 πρὸς
2542 5289 2651 5346 τὸν
2713 5289 2832 5346 νῦν
2856 5290 3001 5356 ,βίον
3024 5285 3123 5342 καί
3152 5285 3268 5354 τὴν
3310 5278 3540 5350 βραχύ·

306 5405 445 5457 tnta
493 5390 613 5443 τῶν
640 5390 812 5451 ἐτῶν,
867 5388 1068 5458 ψευδῆ
1110 5389 1386 5461 νομιζέτω
1424 5389 1498 5445 τὰ
1559 5390 1694 5459 περὶ
1760 5389 1881 5444 τῶν
1916 5391 2188 5447 παλαιῶν
2226 5391 2643 5459 ἱστορούμενα.
2705 5390 2770 5442 οι
2806 5386 2922 5456 μὲν
2958 5385 3067 5456 γὰρ
3106 5380 3397 5450 θεοφιλεῖς
3439 5376 3538 5426 δν·

307 5497 419 5549 ης,
449 5483 549 5538 καὶ
580 5484 677 5538 ὑπ’
701 5482 888 5538 αὐτοῦ
918 5483 1024 5538 τοῦ
1048 5482 1197 5555 Θεοῦ
1251 5482 1583 5553 γενόμενοι.
1656 5481 1755 5537 καὶ
1807 5482 1905 5537 διὰ
1940 5484 2009 5538 τὸ
2071 5483 2201 5551 ταῖς
2248 5481 2497 5553 τροφαῖς
2531 5479 2645 5553 (24)
2682 5474 3177 5547 ἐπιτηδειοτέραις
3210 5466 3537 5539 κεχρῆσθαι

1482 5635 1683 5699 Varia)
1716 5634 2025 5698 lectiones
2064 5642 2127 5699 et
2161 5643 2351 5699 noue.

375 5759 617 5883 (QR'Kal
649 5760 746 5816 διὰ
776 5761 840 5815 τό
872 5760 998 5829 ταῖς
1032 5760 1289 5831 τροφαῖς.
1323 5758 1406 5816 ΔΙ.
1473 5760 1584 5813 Kal
1605 5757 1690 5821 διὰ
1722 5758 1781 5811 τ’)
1836 5755 1933 5820 τὰς
1972 5758 2178 5830 τροφὰς
2232 5758 2675 5828 ἐπιτηδειοτὲρας
2740 5754 2873 5824 πρὸς
2929 5749 3145 5802 πλείονα
3200 5744 3392 5817 χρόνον
3455 5741 3533 5800 εἶ-

313 5845 405 5889 ναι.
442 5845 523 5883 \\'.
