4042 6212
1953 272 2040 282 ιον
2085 270 2223 284 Μαι.

452 330 605 394 πρὸς
679 346 928 384 nam...“
984 349 1229 401 ωπον,
1270 333 1538 422 εἰκότως.
1568 335 1713 396 ἔζων
1764 335 1998 404 πλῆθος
2028 336 2181 390 ἐτῶν
2238 339 2566 394 τοσούτων.
2625 341 2868 396 Ἔπειτα
2905 341 3004 394 καὶ
3066 339 3163 394 διὰ
3198 339 3723 422 τ-ὴιχεὺχιηστιάγ

449 417 539 472 ὧν
602 425 918 484 ἐπενόουν.
960 428 1362 497 ἀστρονομίας
1392 447 1451 483 rs
1506 412 1605 484 καὶ
1664 433 2040 502 γεωμετρίας,
2074 431 2226 500 ἅπερ
2248 435 2360 488 οὐκ
2430 435 2511 503 ἦν
2569 436 2862 504 ἀσφαλῶς
2924 437 3148 501 αὐτοὺς
3204 412 3584 502 κατανοῆσαι
3657 455 3724 493 τε

453 515 548 566 καὶ
606 517 798 570 εἰπεῖν
831 518 917 586 μὴ
966 519 1262 587 ζῆσαντίις
1330 522 1687 587 ἑξακοσίους
1732 522 2066 588 ἐνιαυτούς-ο
2109 523 2206 578 διὰ
2261 528 2566 581 τοσούτων
2600 527 2708 596 γὰρ
2756 527 3089 597 πληροῦται
3130 531 3164 582 ό
3207 529 3393 600 μέγας
3422 529 3721 597 ἐνιαυτός.

526 609 731 664 V.No:e
764 626 890 665 vero
920 612 1034 671 lilii.
1065 614 1283 679 Semus,
1315 616 1884 688 Chamus,Japbetus,
1905 631 2030 672 cum

2208 619 2284 672 E'.
2313 619 2377 672 Οἱ
2416 621 2472 674 δέ
2509 619 2601 673 τοῦ
2625 620 2747 673 Νῶε
2776 621 2987 685 παῖδες,
3030 622 3171 691 Σῆμ.
3202 621 3356 691 Χὰμ,
3385 621 3481 674 καὶ
3519 622 3725 692 Ἰάφεθ,

465 703 623 755 sedes
649 719 775 757 suas
813 721 842 757 οι
875 707 1154 760 montibus
1190 711 1241 762 in
1276 710 1556 778 planitiem
1582 710 2032 773 transtulissent,

453 793 588 854 Noe.
621 795 862 863 plantata
895 797 1076 858 vinea.
1115 809 1388 869 cpotoque
1432 803 1559 856 vino
1596 801 1901 858 inebriatus
1934 819 2039 856 nu-

452 883 638 940 datur.
669 886 745 939 lbi
772 887 1034 954 Chamus,
1070 893 1318 947 nuditate
1341 893 1514 963 patris
1553 895 1687 957 visa.
1724 910 1840 948 rem
1867 895 2036 949 veluti

456 991 558 1042 per
584 977 828 1034 derisum
864 982 977 1035 suis
1007 983 1271 1038 fratribus
1301 987 1536 1041 nuntiat.
1557 987 1758 1041 Verum
1785 987 1861 1042 illi
1885 997 2038 1042 veste

457 1070 511 1121 in
554 1080 767 1138 tergum
799 1073 1021 1140 rcjecta,
1066 1085 1374 1131 retrorsum
1426 1087 1799 1142 accesserunt,
1838 1088 1894 1133 et
1937 1096 2040 1134 nu-

392 1207 423 1234 .“
451 1157 682 1214 ditatem
725 1163 842 1231 ejus
879 1165 1086 1219 aversis
1135 1169 1311 1222 oculis
1341 1177 1730 1224 contexerunt.
1791 1170 1908 1237 Qua
1965 1169 2036 1226 de

450 1265 617 1301 causa
649 1251 786 1309 Noe.
811 1253 1058 1309 discussa
1083 1255 1370 1322 ebrietate,
1422 1259 1544 1313 illos
1581 1261 1723 1315 votis
1771 1277 2037 1316 remune-

453 1349 627 1404 ratur,
681 1342 948 1397 Chatuum
1013 1347 1340 1402 detestatur.
1393 1348 1630 1420 Campus
1678 1367 1843 1421 quem
1881 1353 2033 1408 inco-

451 1430 609 1485 luere
644 1431 771 1486 Noaa
828 1434 944 1494 lilii.
978 1435 1222 1491 Sennaar
1241 1449 1512 1506 vocatur;
1552 1456 1788 1510 quorum
1832 1443 2034 1514 cuique

454 1524 642 1578 nmitis
699 1526 889 1580 liberis
953 1530 1118 1591 natis,
1159 1540 1214 1583 et
1259 1532 1311 1585 in
1355 1532 1591 1588 familias
1651 1536 1964 1606 propagatis
2018 1578 2033 1603 ,

453 1617 800 1686 multiplicati
835 1631 962 1674 sunt
1000 1637 1192 1676 eorum
1225 1626 1454 1692 posteri.
1480 1625 1813 1693 Nemrodus,
1843 1628 2036 1684 Chami

457 1724 649 1776 nepos.
683 1709 775 1778 qui
807 1713 1017 1779 primus
1052 1713 1105 1766 in
1133 1715 1295 1769 terris
1325 1715 1476 1786 gigas
1522 1718 1674 1773 visus
1716 1731 1820 1783 est,
1873 1721 2038 1777 homo

456 1801 655 1862 audax,
693 1811 743 1854 et
782 1803 981 1858 robore
1035 1820 1295 1860 manuum
1351 1817 1619 1878 praestans
1657 1813 1893 1877 ca-teris,
1952 1825 2034 1886 ty-

455 1893 748 1946 rannicum
779 1893 1071 1959 imperium
1113 1897 1372 1962 instituit,
1406 1915 1471 1955 ac
1493 1901 1574 1955 eis
1595 1902 1895 1958 condendae
1923 1912 2039 1959 tur—

459 1982 533 2035 ris
567 1999 632 2035 ex
667 1984 840 2037 coctis
876 1985 1144 2041 lateribus
1189 1998 1385 2043 auctor
1425 1990 1546 2045 fuit.
1601 1993 1706 2047 Sed
1756 1993 1898 2049 Deus
1953 1997 2038 2050 in-
2073 2025 2112 2080 Β

457 2074 710 2128 stitutum
748 2092 938 2130 corum
971 2079 1169 2134 callide
1213 2082 1404 2142 elusit.
1461 2082 1658 2153 injecta
1724 2086 2035 2154 linguarum

457 2164 798 2231 diversitate,
835 2179 893 2222 ut
923 2169 1017 2223 alii
1060 2170 1294 2226 aliorum
1327 2188 1638 2228 sermonem
1683 2192 1794 2230 non
1836 2178 2040 2232 intelli-

457 2268 670 2327 gerent.
706 2258 947 2330 Campus
977 2262 1066 2315 ille
1103 2279 1250 2318 nunc
1278 2265 1516 2334 Babylon
1539 2278 1786 2331 vocatur,
1817 2269 1888 2323 ob
1922 2285 2040 2324 ser-

461 2365 684 2404 monum
712 2351 1116 2407 confusionem.
1150 2354 1283 2408 Nam
1319 2355 1484 2409 Babel
1522 2357 1767 2413 Hebraeis
1787 2353 1872 2414 est
1905 2376 2036 2414 con-

461 2441 623 2496 lusio.
668 2442 749 2497 Ob
779 2459 899 2498 eam
947 2444 1261 2514 linguarum
1317 2447 1694 2503 diversitatem
1758 2451 1828 2504 ita
1882 2452 2038 2508 fuere

459 2535 718 2602 dispersi.
772 2544 830 2588 ut
876 2551 1094 2592 omnem
1145 2543 1542 2602 continentem,
1594 2557 1785 2598 omnes
1830 2543 2038 2599 insulas

459 2627 819 2696 complerent.
858 2629 931 2682 Ex
983 2629 1092 2684 illis
1143 2631 1272 2686 Nom
1327 2634 1563 2702 posteris
1609 2635 1682 2688 ita
1737 2635 2037 2706 dissipatis,

458 2728 649 2783 gentes
709 2720 944 2775 condita:
1003 2731 1058 2775 et
1114 2725 1513 2793 cognominata:
1567 2735 1716 2781 sunt.
1771 2727 2039 2796 Japhetus

456 2810 680 2878 quidem
713 2823 920 2882 septem
950 2814 1138 2882 genuit
1175 2814 1334 2880 titius,
1363 2817 1456 2883 qui
1486 2831 1515 2869 a
1543 2816 1822 2871 montibus
1854 2815 2037 2871 Tauro

459 2914 516 2956 ct
543 2904 754 2958 Amano
795 2905 1069 2975 progressi
1121 2916 1269 2970 sunt,
1310 2907 1362 2961 in
1417 2907 1546 2961 Asia
1587 2924 1761 2978 usque
1812 2908 1879 2963 ad
1927 2908 2036 2964 Ta-

458 2995 604 3049 naim
670 2995 894 3050 ﬂuvium
929 3037 944 3058 ,
981 2997 1033 3050 in
1071 2998 1286 3065 EurOpa
1358 3015 1530 3068 usque
1564 3001 1628 3054 ad
1670 2999 1871 3066 Gades,
1899 3016 2039 3070 quo-

462 3104 583 3142 rum
609 3090 929 3159 cognomina
950 3091 1211 3158 gentibus
1235 3101 1363 3146 sunt
1389 3091 1580 3145 indita.
1611 3091 1871 3146 Gomares
1887 3092 2036 3146 enim

458 3197 488 3232 ιι
523 3178 745 3244 Comer,
770 3196 917 3235 nunc
945 3179 1146 3235 Galate:
1179 3181 1460 3236 dicuntur.
1494 3181 1745 3252 Magogos
1772 3198 1902 3238 suos
1936 3199 2035 3253 po-

457 3281 637 3324 steros
675 3272 979 3324 nominatit
1025 3271 1234 3341 Magog,
1287 3287 1435 3327 nunc
1480 3273 1694 3344 Scytha:
1745 3284 2036 3328 vocantur.

2141 709 2205 762 ἐκ
2228 709 2338 763 τῶν
2387 711 2532 782 ὀρῶν
2563 714 2643 773 εἰς
2695 711 2794 784 τὴν
2833 713 3060 768 πεδιάδα
3102 711 3454 783 κατῴκησαν.
3489 714 3612 767 Νῶε
3664 715 3724 768 δὲ

2141 799 2420 866 φυτεύσας
2459 804 2786 872 ἀμπελῶνα,
2836 804 2994 860 ἔπιεν
3045 805 3108 857 ἐκ
3135 803 3232 857 τοῦ
3263 805 3430 867 οἴνου,
3463 807 3558 858 καὶ
3596 807 3720 876 ἐμε-

2141 889 2336 960 θύσθη,
2386 894 2481 946 καὶ
2517 894 2828 967 ἐγυμνώθη.
2863 895 2994 964 Χὰμ
3045 893 3101 947 δέ
3140 895 3239 965 τὴν
3287 893 3571 964 γύμνωσιν
3627 895 3724 949 τοῦ

2141 983 2354 1053 πατρὸς
2406 984 2553 1050 ἰδὼν,
2587 989 2701 1049 τοῖς
2741 987 3027 1055 συγγένοις
3061 987 3408 1057 ἀνήγγειλεν,
3434 983 3546 1040 οἷον
3561 988 3726 1056 ἐπεγ-

2138 1073 2315 1142 γελῶν
2337 1075 2414 1145 τῷ
2447 1075 2636 1146 πατρί.
2677 1077 2739 1129 Ol
2766 1076 2823 1130 δὲ
2851 1076 2994 1129 κατὰ
3024 1075 3194 1130 νώτου
3245 1076 3464 1145 θέμενοι
3496 1078 3559 1130 τὸ
3585 1079 3720 1147 ἱμά-

2137 1183 2274 1226 τιον,
2323 1168 2424 1236 τὴν
2456 1167 2736 1238 πατρικὴν
2764 1168 3047 1238 ἐκάλυψαν
3076 1167 3385 1238 γύμνωσιν,
3424 1169 3729 1240 ὀπισθοφασ

2139 1257 2249 1319 νῶς
2281 1258 2474 1324 ἰόντες,
2518 1259 2613 1313 καὶ
2653 1259 2730 1329 μὴ
2779 1260 3224 1330 προσϐλέψαντες
3256 1259 3331 1330 τῷ
3395 1261 3584 1332 πατρί.
3631 1261 3727 1313 Διὸ

2138 1350 2235 1400 καὶ
2269 1349 2553 1418 ἀνανήψας
2580 1349 2608 1401 6
2636 1350 2760 1401 Νῶε
2789 1350 2916 1412 τούς
2959 1349 3060 1418 μὲν
3096 1349 3283 1418 εὐχαῖς
3311 1349 3609 1418 ἠμείψατο,
3645 1349 3725 1417 τῷ

2138 1435 2199 1489 δὲ
2230 1437 2362 1508 Χάμ
2391 1440 2766 1509 κατηράσατο·
2803 1439 2864 1492 τὸ
2921 1440 2977 1492 δὲ
3017 1440 3196 1492 πεδίον
3249 1439 3278 1492 6
3330 1439 3615 1510 κατῴκουν
3675 1442 3725 1494 οἱ

2141 1527 2248 1578 υἱοὶ
2280 1527 2428 1592 Νῶε,
2491 1527 2757 1598 κέκληται
2791 1529 3022 1601 Σεναάρ.
3059 1531 3279 1583 Πολλῶν
3321 1531 3376 1584 δὲ
3413 1532 3726 1601 γενομένων

2142 1619 2373 1690 ἑκάστῳ
2414 1621 2643 1684 παίδων,
2684 1626 2778 1675 καὶ
2832 1623 2911 1686 εἰς
2959 1623 3151 1690 γενεὰς
3178 1623 3547 1694 προελθόντων
3586 1625 3726 1693 (25),

2139 1711 2562 1783 ἐπληθύνθησαν
2608 1716 2657 1766 οἱ
2693 1713 2900 1768 τούτων
2930 1715 3209 1781 ἀπόγονοι.
3248 1713 3478 1782 Νεϐρὼδ
3530 1715 3586 1768 δέ
3639 1733 3725 1778 τις

2138 1805 2166 1856 6
2205 1803 2300 1856 τοῦ
2369 1805 2500 1873 Χὰμ
2558 1805 2773 1868 υἱωνὸς,
2815 1805 2876 1868 ὃς
2939 1807 3156 1876 πρῶτος
3203 1805 3360 1876 ὤφθη
3419 1807 3582 1874 γίγας
3632 1806 3726 1858 ἐπὶ

2140 1896 2242 1962 τῆς
2276 1896 2400 1966 γῆς,
2449 1895 2726 1966 τολμηρὸς
2783 1897 2877 1950 καὶ
2927 1898 3071 1950 κατά
3131 1901 3291 1968 χεῖρα
3341 1901 3724 1967 γενναιότερος

2139 1989 2250 2042 τῶν
2303 1987 2479 2040 ἄλλων
2526 1988 2812 2058 ὑπάρχων,
2855 1989 2937 2051 είς
2972 1991 3267 2056 τυραννίδα
3303 1992 3370 2042 τὰ
3409 1989 3720 2058 πράγματα

2147 2079 2500 2149 περιέστησε.
2531 2079 2630 2133 καὶ
2663 2079 2876 2151 πύργον
2930 2081 3236 2150 οἰκοδομεῖν
3277 2081 3461 2144 αὐτοῖς
3487 2081 3730 2135 ὐπέοεῖο

2145 2169 2205 2234 ἐξ
2233 2170 2412 2241 ὀπτῆς
2468 2171 2691 2224 πλίνθου
2749 2171 3140 2242 δεδομημένον.
3188 2174 3330 2226 Ἀλλ’
3376 2177 3404 2228 6
3444 2175 3576 2238 Θεὸς
3623 2176 3727 2238 τὰς

2144 2261 2355 2314 τούτων
2389 2262 2588 2331 βουλὰς
2622 2263 2732 2332 (26)
2771 2263 3121 2317 διεσκέδασεν
3148 2266 3388 2334 εὐφυῶς,
3431 2267 3726 2326 ἀσυνέτους

2143 2351 2256 2405 τῶν
2318 2353 2449 2422 παρ’
2480 2353 2730 2421 ἀλλήλων
2769 2355 2965 2422 φωνῶν
3003 2355 3091 2408 διὰ
3140 2357 3235 2410 τοῦ
3283 2357 3394 2410 τῶν
3461 2356 3726 2424 γλωσσῶν

2148 2441 2421 2512 μερισμοῦ
2484 2444 2706 2507 τούτους
2759 2447 3203 2515 ἀποφηνάμενος.
3281 2447 3355 2499 Τὸ
3417 2446 3474 2499 δὲ
3538 2445 3727 2498 π.δίον

2145 2534 2328 2586 ἐκεῖνο
2361 2532 2456 2586 νῦν
2491 2535 2754 2588 Βαϐυλὼν
2795 2536 3062 2601 καλεῖται,
3091 2537 3178 2590 διά
3227 2536 3326 2605 τὴν
3358 2540 3484 2606 περὶ
3541 2535 3726 2588 διάῗνε-

2145 2642 2272 2678 κτον
2320 2625 2603 2695 σύγχυσιν.
2648 2627 2889 2698 Ἑϐραῖοι
2949 2629 3046 2698 μὲν
3102 2628 3214 2698 γὰρ
3273 2627 3444 2680 Βαϐὲλ
3495 2628 3727 2682 καλοῦσι

2142 2718 2242 2788 τὴν
2275 2717 2556 2788 σύγχυσιν.
2602 2720 2927 2773 Σκίδνανται
2975 2721 3030 2773 δέ
3070 2721 3258 2774 λοιπὸν
3288 2721 3391 2773 ὐπὸ
3434 2721 3534 2789 τῆς
3568 2721 3726 2775 ἀλλο-

2145 2811 2446 2880 γλωσσίας,
2506 2811 2580 2874 ὡς
2624 2815 2810 2866 πᾶσαν
2862 2815 3093 2884 ἤπειρον
3137 2815 3234 2867 καὶ
3268 2815 3435 2882 νῆσον
3497 2815 3724 2883 πληρω-

2145 2902 2309 2972 θῆναι
2345 2902 2548 2959 αὐτῶν.
2606 2904 3024 2958 Σκεδασθέντων
3072 2905 3127 2958 δὲ
3158 2907 3268 2958 τῶν
3301 2905 3580 2974 ἀπογόνων
3628 2905 3723 2957 τοῦ

2145 2995 2292 3060 Νῶε,
2345 2995 2406 3060 ἐξ
2449 2997 2678 3049 ἐκείνων
2710 2998 2778 3050 τὰ
2814 2996 2943 3067 ἔθνη
2996 2998 3340 3068 συνέστησάν
3379 3015 3436 3051 τε
3465 2999 3557 3052 κα)⁸
3589 2997 3727 3050 ὠνο-

2147 3088 2455 3158 μάσθησαν.
2512 3089 2682 3142 Ἑπτὰ
2718 3089 2850 3157 γοῦν
2915 3091 2944 3142 6
2996 3088 3178 3158 Ἰάφεθ
3230 3090 3378 3153 υἱοὺς
3406 3091 3723 3161 ἐγέννησεν,

2143 3181 2192 3232 οἱ
2225 3179 2333 3232 ἀπὸ
2367 3177 2462 3232 τοῦ
2478 3180 2697 3248 Ταύρου
2729 3180 2822 3233 καὶ⁵
2853 3179 2912 3232 ’Δ
2923 3180 3094 3251 μάνου
3122 3181 3230 3234 τῶν
3254 3182 3397 3251 ὀρῶν
3426 3182 3722 3252 προῆλθον,

2148 3273 2242 3325 ἐπὶ
2285 3272 2386 3342 μὲν
2413 3272 2512 3342 τῆς
2541 3272 2897 3343 Ἀσίας·ᾰχρι
2929 3273 3179 3342 ποταμοῦ
3223 3273 3510 3337 Ταναῒδος·
3544 3274 3636 3326 ἐπὶ
3663 3273 3722 3327 δὲ

458 3363 540 3416 Ab
565 3364 760 3427 Jovan,
791 3364 949 3418 loncs
979 3374 1240 3418 etomnes
1263 3364 1435 3420 Grzeci
1467 3383 1770 3436 cognomen
1803 3367 2031 3420 habent.

2145 3365 2244 3433 τῆς
2269 3363 2541 3434 Εὐρώπης
2589 3365 2693 3426 ἕως
2729 3364 3020 3435 Γαδείρων,
3054 3359 3130 3419 ὧν
3169 3367 3280 3428 τοῖς
3327 3365 3558 3433 ὀνόμασι
3624 3366 3724 3420 καὶ

459 3457 503 3509 Λ
540 3454 717 3508 Madai
777 3454 988 3517 Madaei,
1025 3455 1130 3511 hoc
1175 3467 1260 3512 est
1315 3457 1478 3523 Medi,
1546 3477 1693 3514 nunc
1745 3472 2033 3518 vocantur.

464 3547 968 3606 ThobclThobelos
995 3566 1025 3605 a
1065 3566 1122 3606 se
1147 3555 1575 3623 cognominavit,
1600 3555 1785 3611 lbercs
1814 3557 1866 3610 hi
1893 3567 2041 3612 sunt.

464 3643 686 3698 Mosoch
716 3653 910 3700 auctor
939 3645 1043 3699 fuit
1064 3646 1508 3715 Mescbenorum,
1540 3651 1634 3720 qui
1663 3667 1809 3707 nunc
1832 3651 2046 3721 Cappao

459 3737 626 3792 doces
658 3737 953 3794 habentur.
989 3738 1188 3794 Thiras
1213 3756 1242 3793 a
1273 3755 1332 3795 se
1359 3742 1664 3796 nominavit
1698 3742 1918 3807 Thiros,
1947 3745 2042 3813 qui

463 3835 672 3881 mutato
728 3839 852 3897 post
903 3828 1127 3883 nomine
1179 3829 1422 3885 Thraces
1468 3829 1600 3884 dicti
1663 3840 1811 3886 sunt.
1843 3832 1924 3886 Ab
1949 3833 2046 3887 Ja-

462 3919 612 3988 pheti
635 3935 800 3989 porro
830 3922 1065 3989 posteris
1103 3920 1157 3974 bi
1190 3921 1293 3976 orti
1336 3933 1502 3976 sunt:
1530 3923 1899 3983 Aschanaxes.
1936 3924 2043 3979 Re—

460 4027 629 4080 genes
653 4011 901 4075 dicti,ab
938 4013 1264 4067 Aschanaxo
1322 4029 1336 4064 :
1388 4012 1695 4084 Riphathazi
1751 4014 1855 4083 (sic
1912 4016 2045 4068 olim

463 4105 841 4176 Paphlagones
886 4104 1178 4174 vocabant)
1242 4121 1418 4175 genus
1468 4105 1672 4160 ducere
1725 4123 1756 4160 a
1809 4107 2046 4176 Riphato

461 4199 786 4254 creduntur.
883 4197 1227 4269 Thorgamtei
1305 4197 1672 4268 Thorgamam
1760 4206 2043 4252 auctorem

458 4296 706 4362 jactant,
808 4303 933 4363 post
1018 4302 1229 4347 mutato
1314 4292 1536 4346 nomine
1629 4290 1872 4364 Phryges
1958 4308 2052 4362 ap-

467 4387 672 4454 pellati.
750 4387 935 4442 Elisan
1017 4387 1341 4441 Alisa‘orum
1435 4386 1697 4458 princeps
1787 4385 2045 4448 exstitit.

468 4478 562 4545 qui
631 4487 762 4532 sunt
825 4477 1115 4534 Eolenses
1152 4496 1167 4533 :
1210 4488 1266 4534 ct
1331 4480 1570 4535 Tarseus
1628 4479 2046 4543 Tharsensium,

466 4571 547 4628 sic
639 4567 788 4623 cnim
889 4570 1018 4622 olim
1097 4569 1298 4624 Cilices
1380 4573 1718 4623 vocabantur
1798 4585 1811 4621 :

465 4662 741 4732 precipua
813 4661 946 4714 urbs
1014 4676 1208 4714 eorum
1285 4661 1488 4714 Tarsus
1563 4659 1818 4722 dicitur,
1905 4659 2048 4713 facta

472 4756 578 4839 g1
617 4754 782 4807 unius
806 4752 1002 4807 littera:
1026 4752 1350 4806 mutatione.
1383 4749 1472 4804 S.c
1501 4750 1648 4804 enim
1683 4751 1955 4820 Josephus
1981 4750 2051 4804 de

476 4847 651 4908 Tarso
700 4845 915 4900 scribit.
969 4844 1077 4899 Alii
1131 4845 1343 4900 dicunt.
1401 4843 1660 4898 Perseum
1711 4842 1763 4896 in
1801 4842 2050 4898 Ciliciam

476 4939 810 5012 profectum,
845 4951 909 4991 ac
931 4937 998 4990 de
1033 4933 1317 4990 condenda
1354 4933 1492 4990 urbe
1522 4933 1879 5004 COgitantem.
1917 4932 2048 4986 dum

469 5033 644 5101 labris
699 5031 879 5086 locum
939 5029 1093 5084 urbis
1171 5028 1598 5093 demonstraret,
1657 5027 1838 5097 planta
1893 5025 2051 5096 pedis

471 5138 672 5181 terram
701 5124 1058 5195 percussisse,
1085 5133 1249 5192 atque
1280 5121 1406 5177 inde
1430 5121 1618 5177 urbem
1646 5121 1880 5190 (Τάρσος
1899 5118 2047 5173 cnim

471 5219 712 5296 plantam
748 5215 958 5272 Latinis
997 5215 1290 5286 signiﬁcat)
1334 5214 1794 5285 cognominatam.
1847 5211 2040 5267 Cheti-

1903 4567 2048 4622 unde
2081 4597 2130 4655 ο

2144 3456 2277 3525 ἔθνη
2313 3455 2723 3528 ἐπεκλήθησαν.
2771 3457 3044 3528 Γομαρεῖς
3101 3457 3204 3527 μὲν
3238 3457 3350 3510 ἀπὸ
3418 3459 3618 3529 Γόμερ,
3668 3459 3722 3511 οι

2144 3546 2240 3600 νῦν
2272 3547 2511 3601 Γαλάται
2537 3547 2851 3617 λεγόμενοι⁹
2893 3547 3178 3615 Μαγώγας
3201 3548 3256 3601 δὲ
3286 3549 3416 3612 τοὺς
3454 3549 3513 3612 ἐξ
3553 3549 3722 3602 αὐτοῦ

2144 3638 2435 3710 ὠνόμασεν
2461 3641 2489 3692 6
2519 3639 2757 3708 Μαγὼγ,
2790 3640 2996 3693 Σκύθαι
3029 3639 3085 3692 δὲ
3115 3639 3213 3694 νῦν
3265 3640 3576 3696 καλοῦνται.
3622 3637 3722 3694 Ἐκ

2143 3732 2199 3786 δὲ
2233 3732 2426 3784 Ἰωὸαν
2456 3732 2641 3793 Ἴωνες
2658 3733 2752 3784 καὶ
2788 3732 2992 3793 πάντες
3023 3731 3285 3800 Ἕλληνες
3317 3733 3722 3802 ἐπεκλήθησαν,

2147 3827 2244 3878 Ἐκ
2288 3824 2471 3879 Μαδαῖ
2506 3825 2564 3878 δέ
2589 3823 2843 3888 Μαδαῖοι,
2881 3823 2928 3875 οἱ
2988 3823 3166 3893 Μῆδοι
3219 3824 3724 3896 προσαγορεύονται

2150 3916 2265 3970 νῦν.
2303 3916 2494 3977 Θοόὲλ,
2524 3913 2800 3983 Θοσήλους
2828 3912 2957 3975 τούς
3018 3911 3078 3978 ἐξ
3123 3913 3286 3966 αὐτοῦ
3344 3914 3722 3982 ἐπωνόμασεν·

2147 4002 2297 4062 οὐτοι
2326 4007 2370 4058 δ’
2397 4007 2536 4059 εἰσὶν
2572 4007 2805 4076 Ἴϐηρές·
2840 4007 2868 4058 6
2919 4003 2974 4056 δέ
3014 4007 3077 4072 γε
3131 4004 3318 4073 Μοσδχ
3381 4003 3475 4056 τοῦ
3531 4004 3725 4072 γένους

2151 4099 2388 4172 κατῆρξε
2440 4096 2546 4150 τῶν
2577 4097 2906 4167 Μεσχηνῶν,
2943 4095 3310 4149 Καππαδόκαι
3363 4089 3509 4148 οὗτοι
3561 4095 3722 4164 νομί-

2151 4192 2357 4256 ζονται.
2399 4187 2600 4259 Θειράς
2635 4187 2694 4239 δὲ
2729 4188 2935 4258 Θείρας
2969 4188 3095 4248 τούς
3125 4186 3185 4250 ἐξ
3230 4185 3394 4248 αὐτοῦ
3447 4186 3723 4256 προσηγό-

2155 4299 2367 4352 ρευσεν,
2408 4282 2458 4332 οἱ
2509 4279 2722 4350 Θρᾲκες
2769 4278 3268 4349 μετωνομάσθησαν
3321 4276 3568 4346 ὕστερον.
3623 4276 3723 4330 Ἐκ

2151 4376 2208 4430 δὲ
2236 4377 2342 4428 τῶν
2373 4372 2614 4442 ἐκγόνων
2663 4371 2846 4439 Ἰάφεθ
2901 4369 3228 4441 Ἀσχανάξαι
3267 4368 3365 4438 μὲν
3393 4370 3442 4422 οῖ
3492 4368 3723 4438 κληθέν·

2150 4489 2243 4536 τες
2311 4473 2596 4542 Ῥηγῆνες,
2663 4467 2722 4533 ἐξ
2758 4468 3031 4538 Ἀσχανὰξ
3086 4463 3468 4537 προήχθησαν.
3536 4465 3724 4532 Ῥιφαο

2156 4565 2295 4617 θαῖοι
2331 4563 2387 4614 δὲ
2424 4562 2586 4629 (οὕτω
2630 4563 2760 4633 πρὶν
2809 4562 2933 4618 τοὺς
2968 4557 3328 4625 Παφλαγόνας
3374 4554 3622 4625 ἐκάλουν)
3659 4559 3722 4609 ἐκ

2169 4655 2361 4722 Ῥιφὰθ
2385 4656 2444 4708 τὸ
2473 4654 2628 4722 γένος
2665 4654 2844 4707 ἕλκειν
2869 4652 3233 4707 πιστεύονται·
3267 4654 3358 4702 καὶ
3379 4652 3720 4720 θοργαμαῑοι

2155 4747 2246 4800 τὸν
2312 4747 2608 4817 Θοργαμᾶν
2662 4746 2928 4816 πρόγονον
3002 4745 3214 4806 ἑαυτοῖς
3301 4743 3721 4811 ἐπιγράφουσιν,

2151 4839 2199 4890 οἳ
2255 4838 2466 4909 Φρύγες
2541 4836 2960 4907 μετεκλήθησαν
3031 4834 3280 4902 ὕστερον.
3367 4832 3586 4886 Ἐλισάν
3667 4831 3722 4884 δὲ

2148 4929 2762 5001 Ἀλισαίωνάρχηγέτης
2795 4927 3047 4996 ἐγένετο,
3089 4927 3251 4996 οἷπερ
3299 4926 3440 4980 εἰσὶν
3490 4925 3720 4986 Αἰολεῖς.

2153 5024 2261 5075 Καὶ
2319 5022 2570 5092 Θαρσεὺς
2621 5022 2730 5073 τῶν
2807 5019 3068 5088 Θαρσέων
3095 5018 3313 5082 ἐγένετο
3349 5017 3630 5087 πρόγονος·
3663 5016 3724 5068 τὸ

2148 5116 2258 5183 γὰρ
2320 5115 2486 5166 πάλαι
2520 5113 2754 5182 Θαρσεῖς
2802 5111 3099 5166 ἐκαλοῦντο
3151 5113 3201 5162 ol.
3262 5108 3505 5171 Κίλικες.
3559 5107 3724 5160 Ὅθεν

2149 5212 2246 5262 καὶ
2273 5208 2306 5277 ὴ
2331 5206 2440 5258 τῶν
2479 5207 2610 5275 παρ’
2641 5208 2827 5268 αὐτοῖς
2874 5205 3084 5258 πόλεων
3133 5203 3532 5272 ἁξιολογωτέρα
3572 5201 3722 5268 Ταρ-

1665 5306 1860 5366 Varia:
1895 5303 2200 5371 lectiones
2242 5308 2302 5362 et
2342 5308 2532 5362 noue.

541 5418 652 5485 (25)
685 5415 783 5483 Εἰς
807 5415 1017 5484 γενεὰς
1043 5415 1478 5483 προελθόντων.
1513 5411 1919 5485 Παρελθόντων.
1956 5407 2042 5485 κν..

542 5479 656 5555 (ἳῦ)
701 5479 858 5541 Ἀλλ’
895 5489 926 5539 ό
963 5479 1104 5551 Θεὸξ
1138 5487 1243 5549 τὰς
1268 5485 1493 5555 τούτων
1520 5479 1781 5555 βοολιὶς.
1807 5480 1965 5555 pineo
1989 5479 2044 5532 δὲ

475 5551 787 5630 μεμηνότως
844 5558 1046 5630 αὐτοὺς
1103 5555 1246 5630 ὀρῶν
1308 5557 1334 5606 ὁ
1398 5551 2047 5630 Θεδςηέτερογλιίίσσους

473 5621 793 5703 ᾇιργάσατο.
843 5627 958 5684 Hoc
1012 5636 1097 5683 est
1117 5621 1147 5690 ,⁷
1178 5625 1335 5690 Deus,
1387 5641 1504 5678 cum
1553 5625 1783 5694 furorem
1829 5621 2047 5675 illorum

2144 5415 2398 5485 cerneret,
2435 5403 2968 5485 eﬂecitnu£_diversis
3020 5400 3214 5485 linguis
3260 5395 3726 5485 ίοφιιενεηιμῃθιεξι

2146 5479 2308 5548 paulo
2351 5467 2526 5548 post:
2577 5473 2639 5529 Ὀ
2668 5473 2746 5548 δὲ
2809 5475 2995 5537 τόπος,
3046 5467 3114 5524 ἐν’
3157 5467 3202 5536 ᾧ
3260 5467 3727 5548 πύργονΑαοδὸ-

2149 5538 2303 5618 μουν,
2339 5538 2479 5598 locus
2510 5561 2630 5598 vero
2659 5546 2711 5618 in
2747 5559 2847 5618 quo
2878 5551 3077 5618 turi-5m
3103 5539 3460 5594 exstruebant.
3488 5538 3552 5592 Et
3578 5552 3729 5608 mox,

2149 5613 2246 5687 pro
2281 5621 2403 5685 ἄχρι
2437 5615 2715 5686 ποταμοῦ,
2753 5615 2936 5682 μέχρι.
2966 5613 3058 5670 Ἦ,
