4070 6214
485 225 545 288 67
1757 224 2082 286 JUANNIS
2118 222 2438 286 ZONARIE
3679 219 3756 282 68

486 352 676 391 norem
700 336 1008 393 asserebat.
1032 338 1147 404 Qua
1169 336 1240 393 de
1273 353 1332 394 re
1362 339 1742 395 controversia
1768 342 1905 395 inter
1936 353 2061 394 eum

2172 341 2458 411 μιουργὸν,
2502 341 2567 392 ἐκ
2593 338 2701 392 τῶν
2746 336 3066 410 ποιημάτων
3110 335 3444 391 καταλαϐὼν
3465 333 3559 387 τὸν
3592 350 3729 400 ποιη

486 438 542 483 ct
567 414 857 484 Chaldaeos
889 438 1034 492 orta,
1058 429 1387 500 demigravit
1420 431 1591 495 illinc,
1622 440 1849 487 auctore
1895 446 2059 500 quem

484 531 819 591 cognoverat
845 522 979 586 Deo,
1014 532 1072 578 et
1097 522 1464 579 Chananaeam
1501 522 1698 578 tenuit.
1732 523 1906 589 Quam
1935 539 2061 578 cum

483 614 656 669 fames
686 624 985 683 premeret,
1032 616 1170 669 abiit
1199 615 1254 669 in
1282 615 1601 685 Egyptum,
1650 615 1839 683 ibique
1869 615 1940 669 ob
1971 629 2062 668 sa-

484 702 744 770 pientiam
803 704 1156 760 admirationi
1241 705 1492 769 habitus,
1552 706 1956 760 arithmeticam
2006 714 2065 760 et

484 795 884 848 astronomiam
915 795 1147 850 rudibus
1166 805 1280 850 tum
1305 797 1510 851 artium
1544 797 1761 850 illarum
1789 794 2063 866 Aigyptiis

484 884 716 938 tradidit
761 901 775 938 :
829 902 953 954 qua:
986 887 1211 956 quidem
1254 904 1286 941 a
1329 888 1605 942 Chaldaais
1640 889 1695 942 in
1741 887 2058 958 Egyptum,

484 987 651 1046 atque
685 977 811 1032 inde
846 994 897 1030 in
940 979 1202 1034 Graeciam
1235 981 1499 1036 transisse
1533 980 1923 1049 perhibentur.
1959 979 2063 1033 As-

486 1070 652 1139 syriis
674 1081 858 1124 autem
900 1069 1214 1126 Sodomitas
1236 1073 1531 1142 aggressis,
1563 1071 1708 1142 apud
1735 1088 1874 1140 quos
1892 1071 2064 1127 Lotus

488 1158 675 1212 fratris
716 1160 1010 1214 Ahrahami
1048 1162 1216 1227 ﬁlius,
1255 1172 1312 1217 et
1342 1162 1489 1217 Sam
1533 1162 1701 1217 frater
1737 1162 2058 1226 habitabat,

488 1263 553 1301 ac
576 1251 766 1304 multis
796 1250 1209 1307 Sodomitarum
1255 1254 1585 1321 interfectis,
1613 1255 1940 1324 exterisque
1967 1270 2064 1309 ea-

489 1340 620 1407 ptis,
654 1340 824 1396 Lotus
852 1345 1018 1398 etiam
1048 1345 1189 1398 inter
1219 1354 1449 1400 czeteros
1474 1350 1708 1417 capitur.
1742 1346 1862 1413 Quo
1889 1347 2066 1401 Abra-

489 1432 686 1486 hamus
720 1434 1019 1501 intellecto,
1051 1451 1177 1491 cum
1210 1453 1441 1493 cccxvnt
1486 1439 1674 1493 vernis
1697 1448 1754 1493 et
1783 1455 1843 1494 ιιι
1870 1439 2064 1495 amicis

489 1523 742 1592 Assyrios
778 1528 1155 1595 persequitur,
1186 1527 1384 1584 Lotum
1413 1543 1479 1583 ac
1505 1528 1820 1584 Sodomitas
1840 1531 2061 1585 liberat.

493 1612 883 1670 Revertentem
926 1617 996 1671 ab
1042 1618 1285 1673 hostium
1336 1621 1742 1689 persecutione,
1780 1621 1933 1675 urbis
1961 1621 2061 1675 So.

490 1705 648 1775 lymae
683 1723 779 1762 rex
801 1710 1021 1764 nomine
1053 1710 1487 1768 Melchisedecus
1515 1712 1628 1785 (qui
1665 1712 1870 1768 Grzecis
1892 1729 2062 1781 regem
2098 1698 2135 1750 Β

486 1793 692 1862 justum
722 1795 1016 1866 signiﬁcat)
1062 1798 1286 1868 excipit.
1328 1797 1548 1870 Solyma
1591 1816 1723 1855 vero
1756 1810 1873 1855 tum
1910 1800 2065 1855 dicc—

493 1881 656 1936 batur
684 1885 817 1939 urbs
848 1885 1176 1941 Jerusalem.
1201 1889 1354 1945 Adeo
1388 1900 1601 1946 vetusta
1636 1892 1729 1947 illa
1753 1901 1857 1957 est,
1901 1901 2064 1962 atque

496 1989 691 2030 omnes
724 1977 1051 2046 antiquitate
1083 1991 1326 2050 superat.
1356 1982 1503 2037 Dens
1528 1984 1824 2057 approbata
1861 1985 2066 2040 virtute

490 2067 813 2130 Abrahami,
848 2071 1348 2128 remunerationem
1384 2074 1463 2128 illi
1497 2076 1811 2144 pollicetur.
1838 2077 1936 2131 Illo
1968 2093 2067 2133 au-

493 2171 602 2216 tem
630 2161 871 2227 dicente,
901 2165 1134 2233 quodvis
1164 2167 1269 2221 sibi
1303 2166 1630 2225 beneﬁcium
1662 2170 1901 2241 insuave
1922 2172 2063 2239 fore,

492 2253 588 2322 qui
646 2252 866 2307 becrede
915 2266 1133 2312 careret
1182 2260 1514 2329 (nequedum
1567 2260 1711 2314 enim
1751 2278 2065 2331 germanam

494 2345 737 2400 sobolem
770 2357 1113 2416 susceperat,
1160 2350 1308 2406 Sara:
1354 2352 1515 2406 vulva
1572 2354 2068 2424 obstructa;,Deus

492 2436 657 2490 etiam
687 2438 858 2493 ﬁlium
882 2440 932 2493 ei
954 2455 1016 2495 se
1048 2440 1308 2496 daturum
1332 2444 1626 2512 promittit,
1647 2461 1678 2499 a
1702 2462 1812 2516 quo
1837 2464 2070 2520 magnus

492 2529 730 2601 populus
781 2540 929 2587 esset
975 2534 1383 2604 prapagandus.
1422 2536 1597 2592 stellis
1644 2555 1875 2595 numero
1905 2557 2006 2612 par
2048 2561 2063 2597 :

493 2638 734 2693 eumque
767 2639 875 2679 uua
905 2640 1029 2680 eum
1060 2626 1180 2681 suis
1209 2628 1435 2682 masculi
1468 2645 1633 2685 sexus
1663 2631 1918 2701 pudenda
1958 2635 2069 2689 cir-

493 2716 810 2771 cumcidere
838 2718 1023 2788 jussit,
1055 2734 1124 2774 ne
1146 2735 1320 2790 genus
1346 2721 1466 2791 ejus
1497 2738 1623 2777 cum
1658 2724 1780 2779 aliis
1810 2726 2068 2795 gentibus

504 2809 942 2866 confunderetur
987 2828 1000 2865 :
1025 2812 1210 2882 itaque
1232 2813 1727 2870 circumciduntur.
1752 2817 2068 2873 Abrahamo

487 2898 602 2967 jam
637 2901 963 2956 centenario
1019 2907 1266 2959 nascitur
1294 2921 1324 2959 e
1367 2904 1501 2960 Sara
1551 2907 1718 2974 ﬁlius,
1771 2908 1866 2964 Dei
1909 2910 2065 2981 jussu

493 2992 712 3048 lsaaeus
762 2995 1091 3064 appellatus.
1146 2999 1293 3068 quod
1353 3002 1516 3056 risum
1564 3002 1837 3074 signiﬁcat
1883 3021 1898 3057 :
1951 3004 2069 3060 sive

491 3084 641 3157 quod
695 3085 850 3147 Sara,
883 3087 1013 3143 dato
1059 3092 1285 3146 oraculo
1323 3092 1394 3148 de
1441 3104 1602 3164 partu
1650 3110 1754 3151 suo
1805 3097 2002 3152 riserat
2049 3113 2063 3150 :

493 3179 638 3247 quod
669 3178 740 3234 ob
763 3178 979 3234 eﬂ‘ctam
1013 3190 1255 3247 aetatem,
1284 3184 1638 3254 promissioni
1669 3185 1832 3240 ﬁdem
1864 3185 2070 3243 habere

493 3266 733 3333 .Iiﬁicile,
747 3284 924 3338 neque
941 3270 1047 3324 ulla
1059 3286 1185 3341 spes
1196 3273 1367 3343 prolis
1382 3281 1502 3331 erat
1516 3274 1908 3345 (nonagenaria
1919 3275 2069 3331 enim

492 3345 737 3416 lsaacum
771 3362 878 3432 23
905 3364 1139 3434 peperit)
1168 3382 1181 3419 :
1219 3365 1336 3421 sive
1367 3366 1513 3438 quod
1545 3382 1702 3437 puer,
1729 3367 1874 3421 risus
1894 3382 2070 3422 occa-

495 3450 580 3502 sio
607 3450 773 3505 fuerit
798 3454 1142 3522 parentibus,
1168 3453 1274 3508 hoc
1301 3464 1407 3520 est,
1433 3454 1732 3511 alacritatis
1760 3463 1815 3509 et
1844 3456 2068 3512 laetitiae.

488 3540 699 3596 Octavo
730 3553 858 3612 post
902 3544 1249 3600 nativitatem
1297 3546 1389 3600 die
1443 3561 1578 3616 puer
1605 3548 2067 3607 circumciditur:

491 3636 586 3705 qui
617 3651 738 3692 mos
775 3640 942 3694 etiam
984 3654 1015 3693 a
1043 3640 1250 3695 Iudaeis
1292 3640 1641 3697 observatur.
1684 3643 1895 3699 Arabes
1936 3660 2070 3699 vero

491 3742 638 3782 anno
663 3744 756 3782 xm
790 3729 1187 3785 circumcidere
1231 3746 1433 3801 pueros
1475 3734 1672 3797 solent,
1703 3734 1850 3804 quod
1877 3734 2068 3788 Ismacl

490 3818 672 3886 gentis
716 3819 969 3875 conditor
1003 3821 1151 3876 circa
1191 3836 1312 3876 eam
1348 3822 1517 3878 fuerit
1559 3834 1776 3879 aitatent
1829 3824 2071 3880 cireum-

491 3907 660 3962 a-isus.
687 3907 820 3962 Nam
848 3926 958 3979 quo
989 3920 1236 3981 tempore
1257 3897 1737 3967 circumcisionem
1760 3915 2071 3970 Ahrahamo

492 3998 782 4054 mandarat
808 4000 974 4059 Dens.
1005 4018 1102 4056 xui
1125 4018 1396 4058 annorum
1430 4006 1631 4061 fuerat.
1660 4007 1943 4077 Signiﬁcat
1970 4023 2071 4061 au-

494 4103 602 4145 tem
627 4090 870 4146 lsmaelis
893 4108 1094 4146 nomen
1119 4095 1369 4149 divinitus
1394 4108 1674 4163 vocatum,-
1701 4098 1901 4168 quippe
1924 4099 2071 4169 quod

494 4185 639 4237 licus
678 4183 1057 4239 Abrahamum
1112 4186 1380 4257 supplicis
1437 4190 1546 4241 voti
1600 4200 1912 4258 compotem
1949 4191 2074 4244 red-

493 4273 745 4342 didisset,
782 4278 911 4332 dato
947 4279 1082 4334 ﬁlio.
1121 4279 1321 4336 Genuit
1355 4290 1539 4335 autem
1575 4281 1723 4336 hunc
1747 4298 1815 4337 ex
1853 4284 2070 4351 ancilla,

2161 438 2282 503 τὴν,
2334 435 2428 486 καὶ
2478 434 2655 504 τούτῳ
2720 433 2872 505 μόνῳ
2925 433 3025 501 τὴν
3070 431 3239 501 τιμὴν
3291 429 3597 498 ἀπονέμειν
3637 428 3753 480 δεῖν

2163 526 2340 594 ἔλεγε.
2387 526 2807 579 Στασιασαντων
2833 525 2891 577 δὲ
2933 523 3025 576 διὰ
3054 523 3230 576 ταῦτα
3276 521 3414 591 πρὸς
3443 519 3613 573 αὑτὸν
3638 518 3755 571 τῶν

2165 619 2469 682 Χαλδαίων,
2491 614 2814 688 μετῴκησεν
2838 617 3074 678 ἐκεῖθεν,
3101 614 3197 668 τοῦ
3224 613 3568 681 γνωσθέντος
3598 609 3754 680 αὐτῷ

2163 712 2412 766 κελεύσει
2441 710 2600 773 Θεοῦ,
2629 710 2724 762 καὶ
2754 709 2854 779 τὴν
2883 708 3200 761 Χαναναίαν
3226 706 3436 775 ἔσχηκε
3472 702 3602 772 γῆν.
3645 702 3753 754 At-

2167 805 2271 876 μοῦ
2295 804 2352 856 δὲ
2381 805 2482 873 τὴν
2512 801 2831 855 Χαναναίαν
2883 800 3190 865 πιέζοντος,
3233 797 3645 869 μεταναστεύει
3669 798 3758 860 εἰς

2164 900 2458 965 Αίγυπτον.
2490 896 2602 948 Καὶ
2629 895 2970 964 θαυμασθεὶς
2992 893 3087 948 ὲπί
3109 892 3353 953 συνέσει,
3377 890 3478 959 τὴν
3505 888 3757 959 ἀριθμη-

2163 990 2327 1061 τικὴν
2378 992 2491 1053 τοῖς
2543 989 2863 1058 Αἰγυπτίοις
2918 989 3017 1041 καὶ
3073 986 3144 1039 τὰ
3193 986 3324 1056 περὶ
3352 982 3751 1054 ἀστρονομίας,

2163 1083 2394 1153 ἀμαθῶς
2423 1081 2632 1136 τούτων
2655 1082 2861 1151 ἔχουσι,
2893 1079 3292 1153 παραδίδωσιν.
3336 1076 3435 1128 Ἐκ
3458 1073 3756 1127 Χαλδαίων

2164 1176 2276 1247 γὰρ
2309 1175 2534 1244 λέγεται
2569 1172 2829 1241 φοιτῆσαι
2848 1170 3025 1224 ταῦτα
3050 1169 3187 1239 πρὸς
3219 1166 3527 1234 Αἴγυπτον,
3557 1166 3757 1219 κάκεῖ-

2165 1269 2259 1322 θεν
2291 1268 2428 1333 πρὸς
2477 1265 2753 1335 Ἕλληνας
2796 1263 2934 1333 (29).
2968 1261 3278 1332 ’Δσσυρίων
3315 1259 3361 1312 δ’
3406 1258 3755 1311 ἐπελθόντων

2162 1362 2278 1423 τοῖς
2329 1359 2664 1429 Σοδομίταις.
2699 1351 2780 1420 οἷς
2840 1354 3076 1425 συνῴκει
3108 1354 3204 1407 καὶ
3232 1351 3383 1415 Λὼτ,
3406 1350 3752 1418 ἀδελφόπαις

2163 1453 2241 1507 ὣν
2272 1451 2549 1523 Ἀϐραὰμ,
2580 1452 2682 1519 τῆς
2709 1450 2928 1520 Σάρρας
2976 1465 3037 1500 τε
3091 1446 3344 1514 ἀδελφὸς,
3372 1444 3471 1498 καὶ
3530 1442 3753 1497 πολλῶν

2169 1547 2269 1617 μὲν
2300 1546 2579 1598 πεσόντων
2615 1541 2941 1611 Σοδομιτῶν,
2967 1538 3523 1611 αἰχμαλωτισθέντων
3551 1537 3611 1590 δὲ
3638 1536 3753 1589 τῶν

2165 1637 2392 1699 λοιπῶν,
2431 1636 2527 1688 καί¹
2573 1633 2700 1688 Λὼτ
2736 1636 2849 1696 τοῖς
2880 1632 3198 1703 Σοδομίταις
3225 1628 3751 1701 συνηχμαλώτευτο.

2170 1737 2237 1787 Ὀ
2266 1733 2453 1804 μαθὼν
2475 1730 2751 1801 Ἀϐραὰμ.
2781 1730 2878 1782 σὺν
2904 1727 3242 1799 τριακοσίοις
3289 1726 3438 1778 ὀκτὼ
3483 1724 3581 1778 καὶ
3611 1723 3753 1776 δέκα

2164 1824 2406 1885 οἰκέταις
2445 1822 2636 1888 αὐτοῦ,
2669 1822 2766 1875 καὶ
2791 1820 2970 1890 φίλοις
3005 1820 3178 1891 τρισὶ,
3205 1816 3535 1880 κατεδίωξεν
3570 1815 3754 1867 ὀπίσω

2165 1916 2274 1968 τῶν
2306 1912 2635 1984 Ἀσσυρίων,
2680 1915 2776 1967 καὶ
2800 1912 2926 1978 τούς
2960 1929 3019 1964 τε
3067 1910 3365 1979 Σοδομίτας
3400 1906 3599 1964 ἔσωσε.
3653 1906 3755 1955 καὶ

2166 2009 2259 2061 τὸν
2284 2007 2426 2061 Λώτ.
2463 2004 2775 2061 Ἐπανιόντι
2802 2004 2847 2058 δ’
2876 2007 2939 2057 ἐκ
2960 2006 3057 2073 τῆς
3080 2001 3381 2066 διώξεως,ό
3404 1998 3505 2069 τῆς
3529 1999 3753 2065 Σόλυμα

2167 2098 2379 2161 πόλεως
2399 2098 2652 2165 βασιλεὺς
2672 2096 2888 2165 αὐτὸνύ
2899 2095 3204 2165 ποδέχεται,
3229 2091 3573 2161 κεκλη;ιένο;
3602 2088 3755 2142 Μελ-

2167 2191 2406 2261 χισεδέκ.
2439 2191 2708 2259 Σημαίνει
2735 2188 2791 2241 δὲ
2820 2187 2981 2239 τοῦτο
3021 2184 3515 2255 μεθαρμοςόμενον
3541 2184 3620 2243 εἰς
3650 2181 3754 2249 τὴν

2178 2283 2453 2351 Ἑλλήνων
2505 2281 2809 2345 διάλεκτον,
2865 2277 3169 2343 ,βασιλεὺς
3206 2276 3461 2341 δίκαιος.
3527 2272 3753 2341 Σόλυμα

2167 2376 2278 2445 γὰρ
2324 2371 2392 2446 ἦν
2430 2374 2601 2442 ὄνομα
2640 2372 2763 2427 τότε
2794 2374 2858 2441 τῇ
2896 2371 3053 2423 πόλει
3120 2367 3515 2440 Ἰερουσαλήμο
3571 2365 3753 2426 οὕτως

2167 2467 2375 2538 ἀρχαία
2420 2466 2542 2519 λίαν
2579 2466 2613 2534 ἡ
2657 2464 2834 2526 πόλις,
2882 2464 2976 2514 καὶ
3009 2462 3190 2532 χρόνῳ
3218 2460 3287 2514 τὰ
3319 2459 3586 2531 πρεσϐεῖα
3613 2459 3755 2527 κληο

2170 2557 2463 2627 ρωσαμένη
2497 2556 2636 2608 κατὰ
2672 2554 2883 2607 πασῶν.
2909 2553 3022 2623 Τῆς
3053 2552 3254 2623 ἀρετῆς
3286 2553 3345 2605 δὲ
3373 2552 3465 2605 τὸν
3487 2550 3756 2619 Ἀϐραὰμ.

2168 2648 2570 2718 ἀποδεξάμενος
2602 2649 2630 2700 6
2660 2646 2793 2709 Θεὸς
2820 2646 3060 2716 ἀμοιϐὴν
3097 2646 3240 2716 ὑπὲρ
3264 2645 3436 2714 αὐτῆς
3462 2643 3753 2713 ἐπηγγέλ-

2167 2742 2292 2794 λετο
2311 2758 2326 2772 ’
2360 2740 2455 2793 τοῦ
2493 2740 2550 2791 δὲ
2586 2742 2833 2808 φαμένου
2864 2739 3029 2808 ἄχαρι
3057 2740 3167 2790 πᾶν
3201 2736 3351 2806 αύτῷ
3378 2737 3559 2789 δοκεῖν
3584 2736 3752 2804 εύερα⁵

2169 2834 2408 2904 γέτημα,
2461 2834 2538 2900 μὴ
2567 2830 2748 2900 ἔχοντι
2797 2828 2889 2882 τὸν
2917 2826 3078 2880 τοῦτο
3102 2827 3480 2896 διαδεξόμενον
3502 2832 3518 2893 (
3537 2820 3605 2896 ἦν
3634 2826 3755 2899 γὰρ

2170 2926 2249 2980 ἔτι
2284 2925 2450 2995 γονῆς
2479 2922 2731 2994 ἀμοιρῶν
2764 2923 3015 2993 γνησίας,
3039 2921 3123 2975 ὃτι
3142 2922 3241 2990 τὴν
3270 2921 3482 2991 μήτραν
3505 2922 3540 2990 ἡ
3561 2920 3756 2990 Σάρρα

2095 3051 2138 3105 C
2172 3017 2490 3089 πεπήρωτώ
2533 3018 2562 3069 6
2589 3016 2724 3079 Θεὸς
2755 3015 2851 3067 καὶ
2882 3016 3053 3068 παῖδα
3093 3013 3293 3105 δώσειν
3322 3011 3477 3105 αὐτῷ
3504 3013 3755 3105 καθυπέ-

2173 3126 2354 3180 σχετο,
2385 3110 2481 3164 καὶ
2517 3106 2579 3172 ἐξ
2627 3106 2841 3160 ἐκείνου
2879 3105 3023 3176 μέγα
3077 3103 3365 3175 προελθεῖν
3417 3104 3594 3168 ἔθνος,
3635 3104 3755 3166 τοῖς

2170 3204 2409 3273 ἁστρασι
2427 3200 2518 3254 τὸν
2541 3198 2778 3270 ἀριθμὸν
2804 3198 3154 3266 ἐξισούμενον
3172 3213 3188 3228 ’
3218 3197 3314 3250 καὶ
3334 3194 3755 3266 περιτμηθῆναι

2169 3293 2239 3346 τὰ
2258 3291 2449 3345 -αίόοἰα
2480 3290 2643 3342 αὐτὸν
2664 3289 2760 3345 καὶ
2790 3289 2917 3352 τοῦς
2944 3287 3037 3339 ὑπ’
3068 3287 3236 3340 αὑτὸν
3262 3286 3556 3340 ἐκέλευσεν
3577 3287 3755 3359 ipsis-

2171 3401 2288 3448 νας,
2317 3383 2385 3436 ἵν’
2408 3383 2493 3452 εἴη
2521 3382 2582 3436 τὸ
2611 3383 2771 3449 γένος
2809 3379 2977 3434 αὐτοῦ
3010 3383 3123 3443 τοῖς
3152 3379 3334 3442 ἄλλοις
3369 3379 3584 3432 ἔθνεσιν
3618 3381 3751 3433 ἀνε-

2172 3472 2458 3542 πιμικτδν,
2516 3472 2612 3525 καὶ⁸
2665 3471 3138 3543 περιετμήθησαν.
3190 3471 3407 3522 Γίνεται
3455 3470 3637 3523 τοίνυν
3670 3469 3755 3539 τῷ

2185 3564 2434 3634 Ἀϐραὰμ
2498 3567 2628 3626 παῖς
2676 3564 2875 3618 ἑκατὸν
2930 3564 3181 3631 γεγονότι
3239 3563 3505 3618 ἐνιαυτῶν
3536 3564 3600 3616 ὲκ
3647 3563 3759 3631 τῆς

2172 3657 2411 3727 Σάρρας,
2441 3654 2499 3707 ὃν
2519 3656 2546 3706 6
2580 3654 2710 3717 Θεὸς
2736 3655 2926 3708 Ἰσαὰκ
2953 3654 3188 3707 καλέσαι
3224 3652 3552 3725 προσέταξε.
3586 3652 3756 3724 Δηλοῖ

2171 3747 2226 3798 δὲ
2252 3747 2327 3800 τδ’
2346 3746 2519 3816 δνομα
2543 3747 2771 3814 γέλωτα,
2800 3746 2832 3818 ἢ
2867 3747 2949 3798 ὅτι
2996 3746 3259 3817 μειδίαμα
3302 3750 3371 3817 τῇ
3405 3748 3596 3818 Σάρρᾳ
3623 3747 3752 3813 ἐγέ-

2171 3856 2312 3903 νετο,
2348 3838 2599 3903 τέξεσθαι
2653 3837 2824 3906 αὐτὴν
2852 3836 2948 3890 τοῦ
2997 3837 3135 3890 Θεοῦ
3167 3837 3633 3907 χρηματίσαντος,
3662 3836 3757 3888 διὰ

2171 3935 2231 3986 τὸ
2258 3933 2356 4001 τῆς
2388 3931 2735 4000 ὑποσχέσεως
2765 3930 3014 3996 δύσελπι,
3049 3931 3319 4001 παρήλικι
3360 3929 3521 4002 οὔσῃ,
3545 3930 3648 3981 και
3673 3930 3753 3997 μὴ

2174 4021 2530 4093 προσδοκώσῃ
2594 4023 2775 4077 τεκεῖν
2865 4021 3220 4091 (ἐνενήκοντα
3280 4020 3388 4090 γὰρ
3451 4020 3593 4072 ἐτῶν
3656 4019 3754 4072 τὸν

2174 4113 2362 4167 Ἰσαὰκ
2380 4112 2614 4165 τεκοῦσα
2647 4111 2970 4184 ἐτύγχανεν)
3005 4114 3038 4184 ἢ
3091 4114 3175 4167 ὅτι
3211 4112 3445 4182 γέλωτος
3484 4111 3755 4175 ὑπόθεσις

2173 4209 2285 4269 τοῖς
2308 4206 2527 4275 γονεῦσι
2552 4206 2611 4258 τὸ
2635 4205 2847 4261 παιδίον
2871 4207 3110 4274 ἐγένετο,
3136 4205 3399 4276 θυμηδίας
3420 4203 3625 4275 δηλαδὴ
3650 4207 3753 4258 καλ⁵

2175 4300 2369 4369 χαρᾶς.
2430 4299 2706 4368 Τεχθέντα
2760 4298 2816 4351 δὲ
2880 4298 2971 4351 τὸν
3029 4299 3201 4352 παῖδα
3237 4297 3450 4364 τοῦτον,
3475 4297 3620 4352 κατὰ
3644 4296 3750 4369 τὴν

492 4406 620 4447 cum
651 4409 757 4463 qua
787 4408 914 4449 eum
942 4393 1075 4449 Sara
1102 4410 1217 4450 rem
1254 4396 1457 4451 habere
1483 4397 1743 4467 jusserat.
1769 4396 1906 4451 Nam
1937 4398 2067 4469 quia

2179 4392 2375 4462 ὀγδόην
2413 4392 2629 4462 ἡμέραν
2660 4392 2688 4444 6
2711 4391 2893 4462 πατὴρ
2914 4392 3264 4462 περιέτεμεν.
3297 4391 3462 4464 Ὅθεν
3488 4389 3548 4444 οὖ
3560 4408 3629 4442 τω
3654 4391 3756 4444 καὶ

496 4492 613 4535 tum
639 4498 706 4535 ex
736 4498 857 4537 sese
887 4483 1026 4538 nihil
1071 4501 1268 4554 patere
1310 4479 1546 4556 poterat;
1597 4501 1629 4541 a
1665 4489 1864 4542 marito
1894 4489 2073 4556 petiit,

498 4582 558 4624 ut
581 4588 705 4626 cum
732 4575 931 4627 ancilla
958 4576 1282 4638 domestica.
1318 4578 1573 4648 Aigyptia
1598 4594 1818 4647 genere,
1857 4579 1943 4630 cui
1968 4595 2071 4632 no-

493 4681 620 4719 men
646 4666 791 4735 Agar
820 4676 963 4733 erat,
997 4670 1394 4724 concumberet
1421 4689 1434 4722 :
1461 4686 1491 4723 e
1523 4686 1629 4739 qua
1656 4679 1842 4725 natum
1876 4672 2072 4726 lsmae-

2177 4485 2290 4544 τοῖς
2318 4484 2594 4546 Ἰουδαίοις
2646 4482 2961 4549 ὲνενόμιστο
3005 4481 3455 4552 περιτέμνεσθαι.
3506 4481 3756 4551 Ἀραϐες

2176 4575 2234 4627 δὲ
2263 4576 2402 4643 μετὰ
2449 4572 2902 4643 τρισκαιδέκατον
2950 4571 3070 4634 ἔτος
3122 4571 3250 4634 τοὺς
3285 4571 3485 4633 παῖδας
3537 4572 3758 4640 περιτέ-

2181 4681 2334 4733 μνειν
2365 4664 2648 4728 εἰώθασιν,
2676 4665 2761 4717 ὃτι
2787 4664 2881 4715 καὶ
2928 4662 3155 4734 ἰσμαὴλ
3190 4665 3218 4714 ὁ
3250 4663 3550 4735 προπάτωρ
3570 4660 3759 4713 αὐτῶν

490 4755 628 4816 lem,
666 4772 763 4825 pro
796 4756 909 4812 lilio
942 4757 1048 4812 sibi
1080 4759 1411 4813 vendicavit.
1450 4761 1583 4814 Post
1614 4769 1793 4815 tamen
1827 4762 2067 4817 lsaacum

2174 4753 2232 4808 ιν
2264 4758 2438 4825 τούτῳ
2471 4755 2547 4826 τῷ
2580 4757 2756 4827 χρόνῳ
2790 4758 3212 4827 περιετέτμητο.
3247 4756 3620 4827 Τρισκαίδεκα
3646 4754 3759 4826 γὰρ

497 4848 766 4917 genitum,
785 4850 1015 4920 Agarem
1035 4852 1298 4922 cunqﬁlio
1320 4867 1384 4907 ex
1406 4854 1755 4907 aemulatione
1783 4854 2067 4923 relegavit.

2177 4844 2245 4921 ἦν
2282 4848 2440 4911 ἑτῶν,
2474 4850 2563 4901 ὅτε
2591 4846 2669 4918 τῷ
2704 4847 2959 4918 Ἀϐραὰμ
2989 4850 3016 4900 6
3047 4849 3178 4910 Θεὸς
3211 4847 3444 4911 ἐπέταξε
3479 4847 3577 4916 τὴν
3602 4863 3758 4918 περι-

496 4942 633 4996 Cum
662 4942 995 4999 adolevisset
1015 4944 1254 5011 lsaacus,
1276 4956 1396 5011 aut,
1436 4954 1490 5000 ut
1516 4947 1785 5015 Josephus
1808 4946 2067 5002 Hebraeus

2178 4943 2373 5012 τομήν.
2432 4941 2699 5012 Σημαίνει
2751 4941 2807 4994 δὲ
2845 4942 2907 4994 τὸ
2967 4940 3141 5010 δνομα
3188 4940 3350 4992 τοῦτο
3392 4941 3761 5006 Θεόκλητον,

499 5032 686 5092 tradit.
713 5032 797 5086 vir
830 5034 1008 5089 factus
1035 5047 1181 5090 esset
1216 5041 1361 5107 (nam
1398 5038 1645 5094 lsaacum
1681 5049 1793 5093 tum
1829 5040 2067 5109 quinde-

2167 5037 2239 5097 ὡς
2267 5034 2363 5088 τοῦ
2389 5034 2526 5087 Θεοῦ
2574 5033 2679 5103 τῆς
2717 5034 2930 5096 ἱκεσίας
2965 5034 3222 5104 Ἀϐραὰμ
3262 5033 3618 5097 ακούσαντος,
3658 5035 3761 5087 καὶ

496 5126 605 5179 cim
654 5141 926 5198 annorum
1000 5129 1171 5185 fuisse
1233 5132 1361 5202 ait),
1395 5133 1539 5188 Deus
1588 5133 1893 5202 pericuhnn
1943 5133 2067 5188 facit

2170 5129 2338 5182 παῖδα
2369 5129 2549 5190 δόντο;
2588 5126 2758 5197 αὐτῷ.
2808 5128 3095 5196 Ἐγείνατο
3138 5127 3194 5180 δὲ
3228 5125 3420 5180 τοῦτον
3478 5130 3542 5179 ἐκ
3570 5126 3761 5178 παιδί-

495 5219 818 5286 Abrahami,
844 5233 900 5277 et
924 5223 1093 5276 ﬁlium
1112 5224 1398 5279 immolare
1414 5225 1593 5295 jubet,
1620 5236 1785 5295 atque
1809 5227 1864 5280 in
1888 5238 2067 5282 monte

2171 5237 2331 5290 σκης,
2374 5221 2499 5290 ἦνή
2547 5219 2732 5288 Σαρῤα
2766 5217 2916 5286 αύτῴ
2952 5217 3405 5285 συγκατέκλινεν.
3443 5214 3604 5277 ’ἰδίας
3645 5216 3763 5286 γὰρ

495 5312 733 5383 quodam
759 5314 986 5369 adolere
1010 5315 1354 5385 unigenitum
1385 5316 1538 5371 illum
1562 5328 1616 5372 et
1638 5318 1923 5373 dilectum.
1954 5318 2067 5373 Non

2172 5312 2484 5382 ἀμοιροῦσα
2507 5314 2625 5364 τότε
2656 5311 2843 5379 γονῆς,
2879 5311 3061 5379 οἰκεία
3097 5310 3384 5382 παιδίσκῃ,
3421 5303 3600 5378 ’Ἅγαρ
3634 5307 3757 5358 ὀνοο

497 5405 808 5479 refragatur
853 5407 1200 5464 Abrahamus
1233 5428 1246 5464 :
1294 5409 1391 5465 sed
1440 5408 1553 5465 ﬁlio
1583 5422 1894 5480 assumpto,
1926 5420 1981 5465 et
2018 5411 2067 5467 in

2181 5407 2475 5478 μασθείσῃ,
2528 5406 2805 5481 Αἰγυπτία
2860 5404 2922 5457 τὸ
2969 5405 3150 5473 γένος,
3207 5402 3561 5475 μιγῆναιτδν
3583 5400 3759 5472 ἄνδρα

1685 5534 1886 5595 Variae
1917 5535 2225 5598 lectiones
2257 5541 2316 5595 et
2350 5540 2541 5595 notae.

569 5661 684 5735 (29)
714 5667 870 5735 Πρὸς
903 5668 1235 5735 Ἕλληνας.
1264 5665 1376 5730 Ek.
1406 5664 1471 5719 Et
1494 5673 1616 5735 post
1648 5662 2067 5735 αἰχμαλωτισθὲ

2172 5681 2198 5714 ν
2228 5676 2326 5732 pro
2357 5656 2927 5729 α’χμαλωτευθὲντων.
2960 5654 3049 5714 W.
