4042 6212
471 219 534 283 Ἠ
1739 205 2062 269 JOANNIS
2096 191 2418 267 zoxaua‘:
3665 202 3742 266 τε

473 341 588 388 nat.
645 329 933 387 Profectus
963 327 1228 391 Carram,
1278 324 1422 397 apud
1465 324 1741 380 Labancm
1788 325 2051 381 Rebecca:

2164 343 2283 390 νους
2314 326 2408 380 τοῦ
2445 326 2712 396 ᾀδομένου
2747 325 3024 394 θεάματος
3063 325 3162 393 τῆς
3197 323 3482 393 κλίμακος,
3525 319 3593 397 ἧς
3627 327 3745 379 τῶν

474 420 672 476 matris
718 419 944 473 fratrem
973 417 1200 472 divertit
1230 435 1241 469 :
1275 433 1303 470 a
1337 432 1448 486 quo
1489 426 1754 486 exceptus
1800 416 2052 485 hospita-

471 512 624 576 liter,
669 526 817 565 cura:
861 526 1087 581 gregum
1119 508 1438 580 praeﬁcitur.
1485 508 1693 562 Labani
1745 523 1910 577 porro
1931 506 2054 562 dum

471 615 636 659 erant
661 604 782 657 lili.c
819 620 833 656 ε
865 613 996 657 natu
1033 603 1223 673 majori
1257 601 1391 665 Lize,
1425 602 1626 655 minori
1663 600 1921 655 Rachelis
1959 617 2056 654 no-

476 711 603 750 men
631 704 769 749 erat.
810 695 1048 750 Jacobus
1091 710 1279 748 amore
1316 693 1553 764 junioris
1579 693 1903 762 corripitur,
1935 709 2056 762 qua:

477 801 724 842 sororem
758 787 931 840 forma
964 787 1258 856 superabat
1293 803 1306 839 :
1344 794 1400 839 et
1434 785 1708 839 Labanem
1738 785 1805 839 de
1828 799 1892 838 ea
1916 785 2056 839 allo-

477 875 688 946 quitur.
729 877 775 931 ls
804 876 1209 946 desponsurum
1255 890 1312 930 se
1366 875 1511 929 illam
1560 875 1609 930 ei
1661 875 1973 945 pollicetur,
2008 875 2055 929 si

478 976 686 1036 septem
719 967 823 1022 sibi
846 982 1024 1022 annos
1052 967 1338 1022 inserviat.
1374 984 1376 986 '
1411 966 1620 1022 Annuit
1651 975 1884 1028 amator,
1916 974 2058 1020 tem-

475 1077 582 1131 pus
611 1062 868 1126 elabitur,
902 1061 1123 1130 nuptias
1141 1072 1369 1131 apparat
1414 1075 1574 1115 socer
1609 1079 1622 1113 :
1661 1059 1757 1114 sed
1793 1069 1957 1114 noctu
1997 1058 2060 1113 ﬁ-

478 1154 607 1208 liam
651 1163 783 1208 natu
818 1155 1080 1224 majorem
1127 1154 1332 1208 Jacobo
1370 1154 1424 1207 in
1469 1152 1765 1207 thalamum
1815 1153 2056 1207 adducit.

481 1248 584 1313 Qui
646 1263 809 1302 mane
867 1249 1172 1318 impostura
1232 1247 1491 1317 cognita,
1552 1263 1676 1299 cum
1745 1261 1938 1300 socero
1991 1245 2059 1299 dc

484 1337 686 1405 injuria
717 1339 1054 1407 expostulat.
1110 1338 1204 1392 llle
1243 1348 1426 1392 autem
1459 1337 1753 1392 Rachelem
1810 1336 1976 1391 etiam
2010 1337 2059 1391 ei

487 1427 593 1497 25
636 1439 762 1497 post
805 1429 1035 1484 alterius
1083 1429 1320 1497 septenii
1371 1429 1692 1482 servitutem
1750 1428 2057 1496 pollicetur.

479 1519 612 1573 Eam
643 1519 1015 1573 conditionem
1048 1518 1288 1574 Jacobus
1318 1533 1504 1571 amore
1559 1517 1826 1571 subactus
1878 1517 2060 1570 denuo

479 1611 680 1680 accipit
714 1629 728 1664 :
764 1621 818 1665 et
842 1612 1034 1667 alteris
1063 1620 1274 1681 septem
1327 1611 1488 1665 annis
1545 1610 1768 1680 elapsis,
1805 1610 2063 1665 Rachelis

479 1703 645 1756 etiam
679 1704 1036 1757 matrimonio
1065 1705 1299 1773 potitur.
1328 1702 1424 1756 Lia
1443 1703 1554 1772 jam
1583 1718 1614 1757 ο
1637 1701 2064 1757 Jacoboliberos

477 1791 743 1854 habebat,
776 1791 1062 1846 Rubenem
1097 1791 1546 1861 primogenitum,
1589 1790 1733 1860 quod
1770 1806 1838 1846 ex
1877 1791 2063 1846 divina

483 1882 863 1937 misericordia
901 1884 947 1938 is
979 1883 1089 1938 sibi
1152 1883 1497 1954 contigisset.
1553 1882 1717 1952 Aﬁgre
1761 1883 1974 1940 ferebat
2002 1899 2063 1939 eo

480 1975 594 2030 nim
623 1990 866 2030 amorem
898 1976 1082 2030 mariti
1111 1991 1241 2046 erga
1270 1991 1520 2030 sororem
1554 1993 1568 2028 :
1601 1977 1972 2046 sperabatque
2001 1991 2062 2032 se

481 2067 895 2124 honoratiorem
955 2067 1093 2132 fore,
1142 2069 1190 2124 si
1253 2077 1470 2124 uterum
1505 2070 1695 2124 ferret.
1750 2069 2064 2125 Secundum

477 2159 795 2216 Simeonem
847 2161 1118 2230 appellat,
1159 2161 1305 2230 quod
1351 2170 1476 2215 vota
1525 2160 1699 2232 ipsius
1749 2163 2068 2218 exaudisset

477 2252 648 2307 Deus.
679 2253 808 2308 Post
846 2253 995 2307 hunc
1029 2251 1192 2308 Levis
1235 2255 1503 2316 nascitur,
1554 2257 1647 2324 qui
1681 2257 2066 2323 conjunctionis

478 2341 950 2410 conﬁrmationem
1003 2341 1302 2412 signiﬁcat.
1375 2342 1533 2398 Hunc
1579 2343 1752 2398 ludas
1782 2345 2061 2416 sequitur,

483 2432 629 2502 quod
645 2448 842 2488 nomen
866 2435 1168 2504 gratiarum
1187 2436 1447 2489 actionem
1473 2444 1655 2493 sonat.
1683 2437 1913 2504 Rachel,
1937 2439 2065 2510 quia

483 2525 694 2580 liberos
717 2541 828 2580 non
848 2527 1106 2592 habebat,
1132 2526 1306 2582 verita
1333 2543 1402 2582 ne
1421 2530 1603 2582 minus
1630 2530 1868 2600 gratiosa
1893 2540 2063 2597 esset,

485 2614 744 2668 maritum
775 2625 916 2678 orat,
953 2625 1013 2671 ut
1041 2631 1167 2672 cum
1203 2617 1401 2673 ancilla
1435 2633 1534 2672 sua
1588 2621 2064 2690 congrederetur:

485 2705 579 2760 ille
609 2708 975 2779 obtemperat.
1033 2711 1110 2768 Ex
1167 2725 1344 2781 eoque
1395 2711 1586 2768 Jacobi
1651 2731 1774 2770 cum
1808 2715 1955 2770 Balla
1987 2717 2065 2787 (id

481 2798 633 2853 enim
653 2800 866 2855 ancillae
893 2818 1095 2858 nomen
1120 2804 1261 2875 erat)
1283 2821 1603 2876 congressu,
1630 2809 1744 2863 Dan
1772 2811 2020 2866 nascitur
2048 2829 2061 2866 :

484 2890 722 2943 divinum
751 2891 1022 2964 judicium
1051 2894 1156 2949 hoc
1182 2895 1510 2950 vocabulum
1536 2898 1824 2969 signiﬁcat.
1851 2900 2065 2957 Rursus

2155 419 2346 490 ἄκρων
2376 417 2436 471 τὸ
2475 425 2575 487 μὲν
2601 420 2665 489 τῇ
2697 420 2794 488 γῇ,
2823 417 2886 470 τὸ
2915 416 2971 470 δὲ
2997 417 3076 486 τῷ
3101 416 3316 486 οὐρανῷ
3343 421 3742 487 προσ-ἠρειστο,

2155 511 2248 562 καὶ
2280 511 2497 579 μυεῖται
2525 508 2597 561 τὰ
2619 508 2885 576 μέλλοντα
2917 509 2983 560 ὲκ
3016 506 3110 560 τοῦ
3137 507 3479 576 κρείττονος,
3513 509 3609 561 καὶ
3644 509 3746 562 τὸν

2155 600 2320 653 τόπον
2355 601 2412 653 ἐν
2546 601 2607 652 τὸ
2641 600 2825 670 ὅραμα
2865 593 2993 661 εἶδε,
3034 597 3242 666 Βαιθὴλ
3277 599 3698 669 προσηγόρευσε
3727 616 3741 628 ·

2157 692 2311 760 δηλοῖ
2347 691 2402 744 δὲ
2438 692 2616 745 ere/ar
2652 692 2864 745 ἑστίαν
2891 689 3015 743 καθ²
3042 689 3332 759 Ἕλληνας.
3367 691 3748 760 Καταντησας

2156 783 2214 835 δὲ
2241 786 2322 847 εἰς
2347 783 2600 853 Κάρραν,
2643 783 2893 854 κατήχθη
2941 783 3078 853 πρὸς
3121 782 3310 836 Λάϐαν
3353 781 3444 834 τὸν
3479 783 3577 850 τῆς
3631 800 3750 850 μη-

2157 876 2284 942 τρὶς
2329 876 2429 945 τῆς
2487 875 2785 938 Ῥεϐέκκας
2845 875 3152 946 ὁμαίμονα,
3205 874 3301 928 καὶ
3360 873 3537 939 ξενίας
3607 875 3747 944 παρ’

2159 969 2356 1038 ἐκείνῳ
2386 967 2673 1038 τετύχηκε,
2707 967 2803 1021 καὶ
2833 967 2931 1038 τὴν
2968 965 3288 1038 ἐπιμέλειαν
3321 966 3430 1020 τῶν
3467 967 3746 1037 ποιμνίων

2162 1059 2497 1113 πιστεύεται.
2530 1059 2636 1112 Δύο
2673 1059 2731 1112 δὲ
2762 1058 2840 1129 τῷ
2868 1058 3056 1112 Λάϐαν
3093 1058 3392 1128 θυγατέρες
3415 1057 3743 1128 ἐτύγχανον,

2159 1144 2234 1204 ὧν
2273 1154 2307 1222 ἡ
2341 1152 2439 1222 μὲν
2463 1151 2812 1222 πρεσϐυτέρα
2849 1153 3005 1216 Λεία,
3039 1152 3074 1220 ἡ
3103 1150 3147 1205 δ’
3177 1151 3342 1220 ἑτέρα
3375 1151 3573 1220 Ῥαχὴλ
3608 1151 3747 1201 ἐπε-

2161 1244 2448 1315 κέκληντο.
2493 1244 2586 1306 Εἰς
2627 1243 2811 1313 ἔρωτα
2854 1243 2946 1297 οὖν
2997 1243 3098 1312 τῆς
3148 1244 3419 1312 νεωτέρας
3486 1242 3749 1312 ἠρέθιστο

2175 1335 2390 1392 Ἰακὼϐ.
2423 1337 2647 1398 ἀστείας
2680 1333 2850 1405 οὔσης
2887 1336 2946 1387 τὸ
2979 1333 3121 1401 εἶδος
3156 1337 3305 1405 παρὰ
3334 1335 3432 1404 τὴν
3469 1335 3746 1402 ἀδελφὴν,

2162 1429 2257 1480 καὶ
2291 1427 2554 1496 προσάγει
2588 1429 2778 1494 λόγους
2819 1427 2896 1498 τῷ
2935 1427 3126 1480 Λάὖαν
3166 1430 3294 1497 περὶ
3363 1428 3532 1498 αὐτῆς
3585 1430 3644 1478 ³0
3685 1427 3749 1479 ει

2162 1521 2416 1588 ὁμολογεί
2466 1524 2843 1592 κατεγγυῆσαι
2889 1521 2967 1590 τῷ
3017 1519 3214 1574 Ἰακὼϐ
3261 1522 3362 1591 τὴν
3435 1520 3645 1590 Ραχηλ,
3694 1525 3748 1573 εί

2166 1612 2260 1663 ἐπὶ
2289 1610 2384 1682 ἔτη
2419 1612 2559 1663 ἑπτὰ
2582 1611 2863 1665 δουλεύσει
2892 1611 3060 1682 αὐτῷ.
3087 1613 3394 1666 Κατανεύει
3420 1613 3557 1682 πρὸς
3581 1613 3751 1665 τοῦτο

2095 1672 2137 1730 Β
2166 1704 2195 1755 ὁ
2242 1672 2501 1774 ἐραστὴς,
2551 1705 2884 1775 παρέρχεται
2927 1708 2954 1757 ὁ
3005 1672 3219 1775 καιρὸς,
3280 1672 3571 1772 ἑτοιμαζει
3613 1705 3750 1767 τοὺς

2166 1796 2377 1865 γάμους
2427 1798 2456 1849 ὁ
2505 1798 2792 1864 πενθερὸς.
2839 1795 3051 1858 Νυκτὸς
3100 1796 3156 1848 δὲ
3205 1797 3305 1868 τὴν
3355 1797 3748 1867 πρεσϐυτέραν

2161 1888 2274 1940 τῶν
2295 1887 2494 1956 θυγατέ
2505 1906 2615 1961 ρων
2642 1889 2960 1954 συνευνάζει
2982 1889 3062 1959 τῷ
3091 1888 3308 1944 Ἰακώϐ.
3340 1889 3507 1952 Γνοὺς
3536 1889 3592 1942 δὲ
3625 1889 3750 1959 μεθ’

2167 1979 2418 2050 ἡμέραν,
2472 1982 2549 2040 ὡς
2592 1981 2970 2052 ἔξηπάτηται,
3019 1981 3237 2036 ἀδικίαν
3293 1983 3612 2036 έπενεκάλει
3669 1981 3752 2052 τῷ

2168 2072 2440 2142 πενθερῷ.
2488 2072 2547 2128 '0
2581 2072 2638 2126 δὴ
2669 2073 2763 2126 καὶ
2799 2074 2896 2144 τὴν
2942 2071 3145 2144 Ῥαχὴλ
3188 2073 3339 2145 αὐτῷ
3374 2073 3754 2144 ἐπηγγέλλετο

2171 2165 2312 2235 μετὰ
2336 2165 2583 2219 δουλείαν
2605 2167 2798 2236 ἑτέρας
2831 2167 3151 2229 ἑπταετίας.
3173 2166 3430 2220 Πείθεται
3462 2166 3556 2220 οὖν
3583 2163 3751 2224 αὖθις

2167 2258 2457 2312 δουλεῦσαι
2499 2261 2527 2312 ὁ
2585 2259 2803 2323 Ἰακὼὸ,
2846 2259 3206 2330 δουλούμενος
3257 2259 3443 2332 ἔρωτι.
3485 2259 3596 2313 Kal
3625 2260 3752 2330 μεθ’

2168 2349 2365 2420 ἑτέραν
2403 2351 2694 2408 ἑπταετίαν
2739 2351 2834 2404 καὶ
2866 2353 2934 2422 τῇ
2984 2351 3190 2423 Ῥαχὴλ
3224 2352 3629 2416 συνευνάζεται.
3663 2351 3749 2423 Τῇ

2171 2442 2274 2511 μὲν
2307 2442 2400 2498 οὖν
2439 2443 2575 2514 Λείᾳ
2607 2443 2799 2507 παῖδες
2826 2438 2970 2514 ἦσαν
3001 2444 3063 2509 ἐξ
3103 2443 3323 2499 Ὶακὼσ.
3367 2446 3477 2498 Kal
3519 2444 3753 2516 Ῥουϐὶμ

2172 2536 2271 2606 μὲν
2301 2537 2459 2589 καλεῖ
2495 2537 2588 2588 τὸν
2621 2537 2994 2608 πρωτότοκον,
3027 2539 3108 2591 ὃτι
3143 2537 3262 2591 κατ’
3293 2537 3445 2591 ἔλεον
3478 2539 3615 2607 αὐτῇ
3650 2541 3750 2606 γὲδ

2168 2646 2314 2683 νοιτο
2348 2629 2442 2680 τού
2476 2628 2634 2682 Θεοῦ.
2676 2629 2963 2684 Ἐδάκνετο
2991 2630 3100 2701 γὰρ
3140 2632 3427 2701 ἐρωμένης
3464 2633 3564 2701 τῆς
3589 2631 3755 2683 ἁδελ-

2170 2719 2278 2788 φῆς
2309 2716 2386 2788 τῷ
2436 2719 2614 2788 ἀνδρὶ,
2667 2721 2761 2772 καὶ
2817 2721 3124 2788 προσεδόκα
3171 2721 3374 2790 μᾶλλον
3423 2723 3754 2792 ἐντιμοτέρα

2167 2812 2521 2884 γενήσεσθαι,
2550 2814 2597 2865 εί
2631 2811 2788 2882 σχοίη
2837 2812 2980 2866 κατὰ
3030 2813 3291 2884 γαστρὸς.
3342 2814 3447 2866 Τὸν
3489 2813 3752 2884 δεύτερον

2168 2905 2225 2958 δὲ
2272 2902 2500 2974 Συμεὼν
2531 2904 2815 2976 ὀνομάζει.
2870 2906 3035 2976 Δηλοῖ
3075 2905 3136 2959 δὲ
3167 2904 3328 2958 τοῦτο
3366 2906 3610 2975 ἐπήκοον
3657 2907 3755 2959 τὸν

481 2981 673 3036 eadem
728 2982 1038 3052 Nephtalim
1095 2987 1259 3055 parit,
1313 2989 1418 3043 hoc
1468 2998 1553 3045 est
1588 3000 1823 3045 astutum
1855 3007 1875 3046 :
1909 2994 2058 3064 quod

2167 2994 2300 3048 Θεὸν
2335 2995 2590 3064 γενέσθαι
2637 2998 2797 3066 αὐτῇ.
2839 2997 2948 3051 Kal
2979 2997 3074 3052 int
3104 2996 3263 3050 τοῦτο
3292 2999 3551 3064 γεννᾶται
3589 2997 3751 3064 Λευῒ,

483 3073 592 3130 hoc
617 3085 743 3131 astu
772 3075 1100 3134 fecunditati
1145 3081 1354 3136 sororis
1383 3097 1442 3137 se
1466 3085 1834 3153 opposuisset.
1857 3085 1954 3140 Lia
1983 3103 2062 3142 ar-

475 3188 794 3243 ‘malatione
859 3189 1110 3254 incitata,
1168 3189 1429 3260 Zelpham
1474 3194 1730 3248 ancillam
1791 3209 1949 3251 suam
2007 3208 2064 3252 et

473 3275 600 3344 ipsa
628 3277 836 3332 Jacobo
870 3280 1199 3348 despondet,
1238 3297 1362 3350 quae
1401 3281 1614 3338 Gadum
1662 3286 1878 3354 peperit
1909 3304 1924 3341 :
1953 3287 2064 3356 for-

478 3369 651 3422 suitus
683 3370 869 3424 vocari
901 3379 1087 3438 queat.
1117 3371 1296 3425 Alium
1337 3383 1457 3442 post
1489 3373 1638 3428 hunc
1683 3379 1936 3430 Asserem
1971 3393 2065 3446 pa-

498 3457 598 3524 rit,
631 3471 793 3525 quem
818 3475 1128 3528 prosperum
1173 3463 1562 3532 interpreteris
1590 3464 1722 3519 licet
1753 3481 1766 3518 :
1793 3467 1939 3534 quod
1966 3467 2062 3522 Lia

483 3549 558 3604 ob
609 3548 913 3604 liberorum
965 3553 1376 3609 multitudinem
1415 3555 1650 3610 celebris
1673 3567 1728 3611 et
1777 3557 1937 3614 beata
1966 3576 2064 3628 per

484 3641 638 3695 illum
698 3651 920 3710 partum
972 3641 1220 3698 habenda
1249 3655 1416 3699 esset.
1449 3645 1584 3700 Cum
1635 3657 1817 3703 autem
1868 3651 2064 3706 Ruben

482 3729 594 3785 Lia:
628 3730 772 3786 [ilius
811 3733 1182 3804 mandragorae
1205 3737 1343 3790 ntala
1366 3738 1662 3803 attulisset,
1696 3739 1906 3796 Rachel
1938 3758 2067 3812 par-

480 3832 596 3875 tem
633 3823 739 3876 sibi
765 3825 887 3880 dari
932 3826 1116 3896 petiit,
1152 3843 1418 3883 concesso
1443 3829 1555 3885 Lia:
1599 3840 1759 3887 nocte
1799 3834 1910 3900 illa,
1943 3850 2066 3904 quae

474 3915 588 3969 sibi
613 3915 938 3982 debebatur,
965 3921 1147 3976 mariti
1171 3929 1468 3977 concubitu
1505 3940 1520 3977 :
1549 3939 1579 3979 e
1603 3940 1712 3993 quo
1737 3923 2064 3982 muiiercula

479 4006 793 4062 lsacharem
817 4010 1067 4081 suscipit,
1089 4017 1233 4082 quod
1259 4031 1458 4071 nomen
1484 4020 1716 4073 mercede
1731 4021 1962 4088 genitum
1989 4021 2064 4076 si-

475 4099 704 4168 gniﬁcat
739 4117 752 4154 :
787 4112 846 4156 et
900 4103 1135 4161 alterum
1197 4105 1372 4160 lilium
1413 4108 1769 4172 Zabulonem,
1817 4111 1923 4166 hoc
1959 4122 2063 4179 est,

486 4195 680 4263 pignus
711 4195 1086 4254 benevolentia:
1117 4213 1250 4270 erga
1278 4215 1374 4265 se;
1399 4215 1463 4255 ac
1491 4201 1659 4254 tiliam
1693 4202 1908 4256 Dinam.
1957 4203 2066 4259 Na-

489 4285 668 4339 scitur
696 4295 751 4340 et
781 4287 1007 4344 Racheli
1043 4289 1188 4347 [ilius
1218 4290 1493 4360 Josephus
1524 4307 1540 4345 :
1564 4290 1621 4346 id
1648 4307 1848 4348 nomen
1877 4308 2065 4351 acces-

2171 3089 2490 3154 κοινωνίας
2535 3087 2774 3159 τοῦνομα
2815 3088 3075 3158 σημαίνει
3109 3089 3472 3156 βεϐαιωτήν.
3503 3090 3642 3144 Μεθ’
3687 3091 3752 3143 ὃν

2183 3180 2385 3244 Ἰούδας
2429 3182 2566 3252 αὐτῇ
2611 3181 2966 3235 ἀποτίκτεται
3003 3184 3394 3251 εὐχαριστίας
3437 3186 3475 3252 ἠ
3520 3182 3751 3253 κλῆσις

2169 3272 2466 3343 δηλωτική.
2500 3273 2579 3344 Τῇ
2618 3273 2674 3327 δὲ
2717 3273 2925 3344 Ῥαχὴλ
2963 3274 3176 3330 παιδίον
3209 3276 3310 3329 οὐκ
3342 3271 3434 3347 ἦν,
3457 3277 3553 3328 καὶ
3581 3277 3755 3330 δεδοιο

2170 3366 2299 3418 κυῖα
2345 3366 2421 3435 μὴ
2477 3364 2545 3418 δι’
2600 3366 2858 3420 ἀτεκνίαν
2908 3367 3387 3438 παρευδοκιμηθῇ,
3429 3368 3606 3422 δέεται
3649 3371 3752 3423 τοῦ

2169 3457 2364 3527 ἀνδρὸς
2412 3461 2477 3528 τῇ
2531 3458 2836 3530 θεραπαίνῃ
2883 3459 3055 3528 αὐτῆς
3107 3460 3408 3514 συνελθεῖν.
3453 3460 3514 3513 '0
3549 3461 3604 3513 δὲ
3649 3463 3752 3515 καὶ

2171 3549 2440 3616 πείθεται,
2475 3555 2570 3605 καὶ
2598 3555 2664 3623 τῇ
2708 3552 2891 3623 Βάλλα
2930 3553 3273 3624 συνέρχεται,
3309 3554 3407 3607 καὶ
3445 3555 3660 3606 παιδίον
3685 3557 3751 3619 ἐξ

2183 3640 2375 3694 Ἰακὼὸ
2398 3645 2430 3712 ἡ
2465 3642 2639 3697 Βάλλα
2670 3647 2860 3716 γεννᾷ,
2883 3647 2980 3699 καὶ
3005 3648 3112 3698 Δὰν
3150 3647 3356 3716 ὲκληθη
3387 3649 3414 3700 ὁ
3441 3649 3592 3709 παῖς,
3618 3651 3748 3702 θεό-

2169 3751 2378 3802 κριτον
2402 3735 2608 3791 είποιεν
2639 3737 2748 3809 (50)
2781 3738 3064 3808 Ἕλληνες.
3097 3741 3220 3794 Κάκ
3254 3741 3354 3809 τῆς
3387 3740 3556 3811 αὐτῆς
3589 3741 3752 3804 αὖθις

2170 3827 2414 3880 τίκτεται
2445 3828 2794 3900 Νεφθαλεὶμ;
2821 3830 3266 3899 εὑμηχάνητος,
3295 3826 3408 3884 οἷον
3428 3831 3518 3884 διὰ
3557 3830 3618 3884 τὸ
3655 3832 3754 3884 ἀν-

2169 3917 2600 3986 τιτεχνάσασθαι
2651 3920 2788 3989 πρὸς
2836 3921 2938 3989 τὴν
2989 3919 3276 3973 εὐτεκνίαν
3326 3919 3427 3988 τῆς
3486 3919 3748 3989 ἀδελφῆς.

2173 4008 2337 4076 Ζηλοῖ
2359 4009 2452 4060 επὶ
2486 4009 2701 4073 τούτοις
2734 4011 2767 4079 ἡ
2808 4011 2970 4076 Λεία,
3010 4013 3105 4065 καὶ
3133 4010 3607 4080 παρακατακλίνει
3639 4015 3747 4066 κὰ-

2172 4098 2324 4169 κείνη
2375 4097 2454 4169 τῷ
2517 4100 2716 4154 Ἰακὼῦ
2767 4101 2978 4171 Ζελφὰν
3027 4104 3127 4170 τὴν
3184 4101 3321 4155 ίδίαν
3375 4100 3747 4170 θεράπαιναν.

2173 4191 2302 4244 Υίδν
2347 4191 2404 4244 δὲ
2435 4191 2530 4245 καὶ
2572 4191 2712 4263 αὐτὴ
2743 4193 2992 4262 ἐγείνατο
3007 4193 3045 4245 Γ
3049 4192 3113 4246 άδ
3133 4207 3146 4220 ·
3178 4191 3429 4260 τυχαῖον
3449 4191 3514 4245 ἄν
3531 4208 3614 4254 τις
3646 4207 3746 4244 κα-

2173 4283 2304 4356 λέσῃ
2333 4285 2518 4341 αὐτόν.
2550 4287 2663 4340 Καὶ
2692 4287 2787 4340 επὶ
2820 4287 2995 4358 τούτῳ
3022 4287 3194 4340 τίκτει
3225 4287 3319 4339 καὶ
3348 4285 3556 4356 ἕτερον,
3587 4279 3745 4349 οὗτος

477 4378 796 4434 εἰσποιητοὶ
833 4381 1070 4454 alicujus
1095 4383 1294 4442 futura:
1317 4394 1490 4441 notat.

2164 4384 2210 4438 δ’
2230 4380 2298 4456 ἦν
2319 4384 2348 4435 ὁ
2388 4383 2624 4453 ’Δσσήρο
2657 4381 2866 4451 λέγοιτο
2881 4380 2938 4432 δὲ
2955 4382 3334 4448 μακαριστὴς
3389 4376 3463 4440 ὡς
3493 4376 3749 4444 εὐκλείας

481 4472 547 4538 τῇ
577 4469 715 4540 Λείᾳ
741 4470 832 4524 διὰ
861 4472 959 4539 τὴν
988 4475 1348 4532 πολυτεκνίαν
1386 4479 1484 4531 καὶ
1516 4478 1871 4550 μακαρισμοῦ
1901 4479 2191 4549 γενόμενος
2238 4477 2436 4539 αἴτιος.
2500 4476 2580 4545 Τῇ
2653 4474 2788 4544 Λεία
2831 4474 2890 4526 δὲ
2971 4471 3202 4542 Ῥουὸἱμ
3270 4471 3365 4527 τοῦ
3430 4469 3549 4524 υίοῦ
3593 4488 3741 4540 «μαν-

471 4560 750 4631 «δραγόρου
783 4563 930 4632 μῆλα
959 4564 1316 4634 κομίσαντος,
1356 4567 1482 4636 ᾔτει
1521 4568 1722 4638 Ῥαχὴλ
1749 4570 2074 4638 μεταδοῦναι
2112 4569 2318 4622 τούτων
2349 4568 2508 4636 αὐτῇ,
2545 4569 2642 4620 καὶ
2689 4567 2926 4636 ἀμοιϐὴν
2972 4565 3260 4636 προύτίθει
3289 4568 3355 4636 τῇ
3389 4564 3595 4634 ἁδελφῇ
3656 4565 3750 4617 τὸν

476 4656 607 4710 κατ’
657 4657 878 4727 ἐκείνην
926 4658 1024 4726 τὴν
1071 4658 1242 4713 νύκτα
1297 4660 1524 4730 λέκτρον
1574 4661 1667 4713 τοῦ
1722 4663 1937 4717 Ἰακώϐ.
1993 4663 2058 4715 'H
2133 4662 2243 4732 γὰρ
2291 4662 2391 4726 νὺξ
2434 4662 2621 4732 εκείνη
2672 4664 2740 4732 τῇ
2813 4661 3017 4732 Ῥαχὴλ
3067 4662 3552 4733 προσκεκλήρωτο.
3637 4663 3750 4736 Καὶ

485 4749 877 4814 συνευνάζεται
901 4750 991 4804 διὰ
1034 4749 1194 4805 τοῦτο
1222 4755 1290 4824 τῇ
1329 4751 1468 4822 Λείᾳ
1493 4754 1521 4805 ὁ
1566 4753 1784 4818 Ἰακὼϐ,
1857 4755 1954 4808 καὶ
2001 4755 2179 4808 τίκτει
2209 4756 2407 4818 παῖδας
2435 4755 2516 4808 ἔτι
2585 4753 2698 4808 δύω
2733 4754 2795 4807 τὸ
2858 4755 3105 4822 γύναιον,
3136 4754 3229 4808 τὸν
3271 4753 3529 4825 Ἰσαχαρ·
3559 4755 3652 4807 τὸν
3684 4758 3750 4806 ὲκ

480 4845 704 4916 μισθοῦ
723 4845 783 4899 δὲ
811 4846 1100 4916 γεγνονότα
1131 4847 1394 4918 σημαίνει
1413 4847 1474 4900 τὸ
1499 4846 1674 4918 ὄνομα
1694 4865 1709 4880 ·
1744 4850 1838 4902 καὶ
1898 4849 2187 4904 Ζαϐουλὼν
2207 4864 2221 4879 ⁸
2283 4849 2439 4918 δηλοῖ
2498 4849 2557 4902 δὲ
2599 4846 2690 4901 τδν
2723 4848 3227 4918 ἠνεχυρασμένον
3275 4849 3484 4914 εὐνοία
3504 4850 3569 4918 τῇ
3604 4849 3749 4918 πρὸς

481 4939 689 5010 αὐτήν·
727 4939 822 4993 καὶ
847 4939 1124 5011 θυγατέρα
1166 4939 1464 5011 κληθεῖσαν
1498 4943 1712 4997 Δεῖναν.
1747 4942 1966 4997 Γίνεται
1997 4943 2056 4997 δδ
2095 4945 2191 4998 καλ⁸
2251 4946 2318 5016 τῇ
2373 4943 2575 5015 Ῥαχὴλ
2609 4943 2726 5008 υίὸς
2799 4942 3000 5012 Ἰωσήφ
3024 4956 3038 4971 °
3063 4942 3124 4996 τὸ
3148 4941 3191 4995 δ’
3220 4941 3393 5011 ὄνομα
3422 4941 3748 5013 προσθήκην

491 5032 626 5096 τινὸς
662 5034 1029 5104 γενησομένω
1069 5033 1240 5104 δηλοῖ.

554 5128 692 5186 Vlll.
723 5127 815 5184 Sic
868 5132 1031 5186 annis
1093 5131 1299 5201 vigenti
1366 5130 1608 5186 Jacobus
1650 5132 1828 5188 soceri
1891 5133 2061 5202 opilio

2245 5131 2330 5188 H’.
2360 5130 2498 5194 Ἐτη
2535 5129 2636 5200 μὲν
2684 5124 2780 5183 οὖν
2829 5129 3005 5182 εἰκοσι
3048 5128 3337 5200 ἐποίμαινε
3381 5126 3459 5198 τῷ
3495 5126 3748 5197 πενθερῷ

1683 5295 1881 5356 Variae
1909 5296 2216 5358 lectiones
2246 5302 2308 5358 et
2345 5306 2537 5356 notae.

550 5440 664 5514 ('50)
699 5440 1012 5514 Θεόκριτον
1042 5441 1291 5496 εἴποιεν.
1327 5440 1456 5514 llaec
1488 5442 1678 5514 Latine
1715 5443 1847 5514 satis
1892 5458 2048 5496 com-

483 5512 653 5567 mode
691 5513 846 5567 reddi
898 5529 1008 5567 non
1057 5523 1303 5582 possunt.
1338 5512 1452 5566 sive
1485 5513 1721 5566 divinum
1763 5513 2048 5582 judicium,

483 5592 574 5636 aut
603 5585 851 5648 iudicent,
882 5585 998 5640 sive
1028 5585 1274 5638 divinitus
1309 5582 1612 5652 judicatum
1651 5583 1820 5637 dicas.
1869 5583 2054 5652 Εὐμηο

486 5654 714 5723 (avaro;
738 5656 966 5724 passiva:
988 5653 1403 5724 signiﬁcationis
1432 5654 1616 5720 potius
1643 5668 1761 5706 esse
1794 5653 2012 5708 videtur
2037 5671 2052 5707 :

2157 5460 2328 5513 quare
2355 5453 2470 5496 arte
2500 5443 2775 5513 quantum
2809 5449 3025 5513 vertere
3064 5455 3254 5502 malui,
3283 5456 3447 5509 quam
3477 5452 3737 5509 astutum,

2159 5511 2254 5567 aut
2302 5511 2670 5579 artiﬁciosum.
2715 5512 2791 5564 lla
2824 5511 2988 5582 etiam
3037 5513 3406 5582 μακαριστὴς,
3450 5514 3742 5580 (tentarem,

2161 5587 2203 5638 si
2241 5584 2425 5638 dicere
2460 5585 2640 5644 liccat,
2689 5581 3126 5653 quanrmbeatum
3193 5584 3379 5650 potius
3437 5585 3738 5653 signiﬁcat.

2169 5655 2485 5709 Ρτυςυετιιηι
2525 5669 2626 5720 ego
2654 5651 2811 5705 verti.
2849 5650 2935 5704 κν.
3009 5694 3011 5696 .
