4070 6214
287 368 347 429 73
1527 362 1935 428 ANNALIUM
1983 364 2134 429 LIB.
2178 365 2227 424 Ι.

3451 359 3522 423 τι

280 475 466 533 Ἰακώϐ.
502 472 635 532 Εἶτα
674 477 1035 548 ὑποχωρῆσαι
1086 476 1281 543 θέλων,
1326 476 1385 529 οὐ
1420 476 1834 547 συγκεχώρητο.

1971 475 2080 530 uit:
2105 484 2162 529 et
2186 491 2311 529 cum
2333 474 2680 529 discessurus
2709 480 2878 534 esset,
2904 484 3010 524 non
3037 470 3178 525 situs
3204 480 3308 526 est.
3333 473 3519 543 Itaque

282 573 419 625 Ὅθεν
441 573 624 643 κρύφα
661 574 801 643 μετὰ
820 575 929 626 τῶν
970 572 1247 640 γυναικῶν
1289 573 1387 626 σὺν
1420 575 1536 635 ταῖς
1561 572 1829 641 θεραπαι-

277 666 369 718 νίσι
402 664 632 728 καὶτοῖς
666 666 857 718 παισὶν
895 664 1318 734 ἀπεδίδρασκεν,
1368 665 1461 718 καὶ
1488 664 1587 733 τὴν
1637 664 1828 731 κτῆσιν

277 759 760 828 πῳσεπαγὸμενος,
792 755 886 810 καὶ
918 755 1027 808 τῶν
1083 755 1452 825 βοσκημάτων
1506 752 1648 825 ἅπερ
1680 752 1831 823 αὐτῷ

273 849 356 903 τοῦ
399 852 706 922 ποιμαίνειν
759 850 953 918 μισθὸς
1002 851 1467 923 προσνενέμηντο.
1530 847 1731 919 Ῥαχὴλ
1777 846 1833 900 δὲ

274 945 361 996 καὶ
388 944 453 997 τὰ
480 944 675 997 εἴδωλα
713 944 810 997 τοῦ
860 940 1071 1014 πατρὸς
1122 940 1446 1012 ἐπεφέρετο,
1496 941 1594 1012 οὐχ
1637 939 1709 1004 ὼς
1748 956 1833 991 τι-

279 1038 441 1105 μῶσα,
475 1037 585 1088 ἀλλ’
629 1037 697 1088 ἵν’
735 1037 850 1108 ἔχοι
879 1036 1051 1090 ταῦτα
1086 1035 1434 1106 καταφυγὴν,
1468 1035 1517 1087 εἰ
1545 1032 1833 1099 ἐπιδιώξας

277 1131 454 1191 αὐτοὺς
476 1128 503 1180 6
533 1128 720 1199 πατὴρ
754 1128 1083 1183 καταλάϐοι.
1121 1120 1232 1181 Τοῦ
1277 1120 1334 1179 δὲ
1367 1126 1555 1179 Λάϐαν
1584 1124 1708 1178 καθ’
1743 1124 1837 1177 €6-

276 1222 428 1288 ἓόμην
470 1221 689 1290 ἡμέραν
738 1220 1181 1283 καταλαϐόντος,
1224 1222 1344 1274 κατ’
1393 1218 1526 1287 ὃναρ
1572 1216 1838 1281 ἐπέταξεν

275 1313 617 1381 αὐτῴὁθεὸς
665 1312 1000 1367 σπείσασθαι
1055 1308 1134 1383 τῷ
1165 1310 1386 1367 Ἰακώϐ.
1435 1310 1571 1365 Μεθ’
1622 1311 1840 1380 ἡμέραν

274 1404 324 1455 δὲ
368 1402 512 1471 λογοι
560 1406 768 1473 ἀμφοῖν
807 1406 1073 1472 γίνονται,
1119 1405 1217 1458 καλ⁹
1266 1402 1362 1456 τοῦ
1420 1401 1617 1455 Ἰακὼϐ
1675 1403 1840 1472 μηδὲν

274 1495 471 1547 ἀδικεῖν
530 1497 924 1561 ἀποδείξαντος
967 1499 1097 1573 περὶ
1130 1498 1241 1550 τῶν
1274 1495 1546 1567 πατρῴων
1578 1495 1715 1547 θεῶν
1744 1496 1844 1548 ὲπ-

274 1582 508 1636 ενεκάλει
551 1587 580 1637 ὁ
615 1585 805 1639 Λάϐαν
832 1588 1001 1657 αὐτῷ.
1047 1588 1105 1640 '0
1153 1587 1212 1639 δὲ
1265 1587 1433 1658 μηδὲν
1485 1586 1615 1655 περὶ
1664 1584 1844 1637 αὐτῶν

277 1676 540 1742 συνειδὼς,
579 1680 812 1750 ὲρευνᾷν
850 1677 1190 1750 παρεχώρει,
1243 1678 1338 1731 καὶ
1379 1678 1653 1748 γίνεταιὴ
1690 1676 1847 1748 spatio

276 1788 333 1822 να
362 1771 493 1842 (51).
537 1772 607 1823 Ἡ
648 1770 853 1842 Ῥαχὴλ
898 1771 953 1824 δὲ
992 1775 1063 1824 τὰ
1113 1766 1307 1824 εἴδωλα
1345 1773 1413 1841 τῇ
1463 1769 1714 1842 ἁστράὄῃ
1746 1769 1847 1837 τῆς

1945 564 2082 617 clunt
2114 580 2237 618 cum
2266 562 2548 624 uxoribus,
2579 561 2796 617 ancillis
2821 569 2877 615 et
2908 560 3104 615 liberis
3139 560 3320 633 fugam
3350 565 3517 633 capit,

1944 653 2200 708 abductis
2236 669 2341 707 una
2396 652 2557 706 bonis
2607 652 2750 715 suis,
2782 664 2839 708 et
2891 653 3217 722 pecudibus,
3262 670 3399 725 quas
3425 671 3522 727 pa-

1942 744 2140 801 Stionis
2173 744 2426 799 mercede
2456 755 2651 799 nactus
2671 744 2870 799 fuerat.
2904 745 3109 800 Rachel
3154 747 3320 801 etiam
3355 748 3527 803 simu-

1944 832 2091 890 lacra
2129 836 2300 906 patris
2324 835 2552 890 abstulit
2595 853 2608 888 :
2644 852 2753 897 non
2794 836 2942 907 quod
2998 836 3091 892 illa
3141 849 3526 906 veneraretur,

1944 927 2037 982 sed
2078 937 2137 983 ut
2179 927 2246 982 ad
2289 944 2352 982 ea
2405 927 2705 997 confugere
2742 938 2950 998 posset,
2982 930 3092 986 sia
3137 942 3291 1001 patre
3336 947 3526 1005 perge.

1945 1029 2148 1088 quente
2190 1020 2543 1090 deprehensa
2570 1031 2741 1078 esset.
2785 1021 2929 1076 Cum
2955 1033 3140 1079 autem
3194 1025 3383 1084 Labant
3430 1044 3529 1086 eos

1947 1113 2035 1167 die
2063 1115 2297 1183 septimo
2324 1125 2653 1170 consecutus
2679 1125 2847 1183 esset,
2871 1119 3092 1173 somnio
3117 1119 3388 1178 divinitus
3410 1138 3533 1179 mo-

1948 1215 2077 1260 netu
2087 1212 2135 1269 r,’
2150 1217 2207 1260 ut
2222 1207 2610 1262 reconcilietur
2627 1208 2855 1265 iacebo.
2877 1211 3149 1267 Postridie
3168 1215 3348 1269 verbis
3364 1218 3536 1272 utrin-

1948 1314 2055 1368 que
2095 1299 2204 1370 26
2248 1300 2428 1366 fartis,
2454 1301 2556 1356 etsi
2594 1301 2830 1357 Iacobus
2867 1302 3293 1371 demonstrant,
3322 1311 3531 1366 nullam

1950 1406 1979 1444 a
2010 1406 2066 1445 se
2099 1402 2277 1444 ortam
2302 1391 2475 1447 fuisse
2506 1393 2788 1464 injuriam,
2815 1395 3001 1451 Laban
3029 1408 3210 1455 tamen
3245 1401 3315 1455 de
3337 1405 3533 1473 patriis

1952 1481 2057 1537 diis
2095 1500 2221 1537 eam
2262 1484 2582 1539 accusabat.
2621 1486 2725 1552 Qui
2761 1490 2881 1558 ejus
2908 1490 2984 1544 rei
3027 1493 3268 1558 nescius,
3298 1495 3536 1565 inquisi-

1956 1575 2160 1630 tionem
2192 1578 2271 1630 illi
2303 1580 2595 1646 permittit.
2644 1581 2882 1651 lnquirit
2921 1583 3035 1639 ille.
3069 1585 3175 1641 Sed
3222 1588 3430 1645 Rachel
3464 1590 3539 1646 si—

1954 1669 2218 1724 mulacris
2259 1670 2407 1725 sellae
2463 1672 2680 1737 cameli,
2728 1689 2839 1742 qua
2885 1676 3224 1744 vehebatur,
3273 1681 3539 1749 subjectis

1958 1763 2224 1831 insidens,
2243 1777 2655 1823 menstruorum
2678 1769 2827 1824 fluxu
2849 1770 3103 1827 laborare
3123 1788 3182 1828 se
3205 1776 3303 1828 ait.
3329 1775 3537 1841 Laban,

278 1856 540 1930 φερούσης
572 1860 747 1929 αὐτὴν
776 1861 1031 1929 καμήλου
1058 1859 1329 1929 ἐντίθησι,
1362 1861 1460 1912 καὶ⁸
1481 1862 1619 1930 αὑτὴ
1653 1861 1849 1914 ὲπεκάο

1971 1858 2052 1927 qui
2112 1858 2278 1912 tiliam
2338 1861 2404 1914 ad
2441 1861 2576 1916 deos
2610 1877 2743 1917 suos
2798 1879 2865 1918 eo
2904 1865 3048 1919 maio
3106 1866 3538 1936 conﬂictautem,

279 1950 420 2020 θητο,
454 1953 748 2020 φᾶσκουσα
782 1955 882 2024 τὴν
932 1953 1041 2007 τῶν
1087 1950 1352 2024 ἐμμήνων
1403 1953 1561 2022 ῥύσιν
1592 1954 1731 2024 αὐτῇ
1763 1956 1850 2005 ὲν-

279 2043 480 2112 ολλεῖν.
525 2043 586 2096 ὐ
620 2043 678 2096 δὲ
704 2045 893 2098 Λάϐαν
920 2046 995 2116 μὴ
1030 2045 1095 2100 ἄν
1126 2062 1255 2097 ποτε
1279 2046 1377 2115 τὴν
1408 2044 1684 2114 θυγατέρα
1716 2048 1857 2115 μετὰ

282 2136 521 2189 τοιούτου
556 2137 770 2201 πάθους
805 2140 920 2201 τοῖς
968 2138 1111 2201 θεοῖς
1161 2139 1332 2191 αὑτοῦ
1372 2137 1698 2208 προσελθεῖν
1738 2139 1858 2208 οἰηὁ

285 2226 414 2292 θεὶς,
457 2230 743 2301 παρῆλθεν
777 2231 972 2300 αὐτὴν.
1016 2231 1126 2285 Καὶ
1168 2234 1197 2285 ὁ
1233 2232 1333 2302 μὲν
1364 2231 1652 2297 ἀνέζευξεν
1686 2246 1700 2261 ο
1746 2232 1772 2282 ὁ
1801 2230 1859 2283 δὲ

282 2320 497 2388 Ἰακὼϐ,
521 2324 615 2376 τὸν
642 2323 874 2394 ἀδελφὸν
895 2324 1106 2389 δεδιὼς,
1134 2325 1475 2396 προπέμπει,
1507 2324 1682 2394 δηλῶν
1712 2323 1861 2393 αὐτῷ

284 2418 371 2486 τὴν
413 2417 699 2481 ἐπάνοδον,
741 2420 837 2469 καὶ
881 2418 1031 2489 δῶρα
1087 2419 1297 2472 στέλλει
1346 2417 1515 2487 αὐτῷ.
1572 2417 1788 2480 Ννκτὸς
1814 2416 1860 2470 δ’

286 2510 711 2580 ἐπιγενομένης,
741 2510 1094 2579 φαντάσματι
1123 2509 1400 2581 συντυχὼν
1433 2510 1743 2576 διεπάλαιε,
1768 2511 1863 2565 καὶ

288 2600 454 2654 ἐδόκει
494 2605 742 2670 κρατεῖν.
780 2600 1118 2672 Αίσθόμενος
1160 2603 1216 2656 δὲ
1255 2603 1488 2671 ἄγγελον
1522 2599 1664 2656 εἶναι
1703 2604 1859 2669 Θεοῦ,

285 2695 455 2745 εἰπεῖν
499 2692 652 2762 αὑτῷ
693 2693 1023 2764 παρεκάλει,
1067 2693 1190 2748 τίνα
1228 2699 1425 2763 μοῖραν
1446 2693 1580 2759 ἕξει.
1629 2695 1687 2747 Ὁ
1718 2695 1863 2749 δὲτὸ

289 2787 562 2857 κρατῆσαι
618 2785 766 2839 θείου
801 2787 1037 2855 ἀγγέλου
1095 2786 1347 2857 μεγάλων
1384 2786 1606 2856 ἀγαθῶν
1638 2792 1865 2857 σημεῖον

286 2872 539 2947 ἡγεῖσθαι
581 2880 695 2934 δεῖν
738 2878 920 2947 ἔλεγε.
977 2878 1085 2931 Καὶ
1115 2878 1338 2949 Ἰσραὴλ
1380 2879 1543 2931 αὐτὸν
1582 2879 1865 2931 καλεῖσθαι

290 2972 559 3027 ἐκέλευεν.
594 2971 768 3026 Τοῦτο
805 2970 864 3024 δὲ
900 2971 950 3023 οἱ
997 2971 1096 3040 μὲν
1130 2969 1281 3023 ἄλλοι
1315 2970 1462 3037 νοῦς
1495 2971 1651 3039 ὀρῶν
1696 2972 1865 3038 Θεὸν,

291 3068 713 3137 ἑρμηνεύουσιν.
772 3067 1042 3136 Ἰώσηπος
1094 3067 1176 3131 δὲ,
1230 3068 1322 3120 τὸν
1367 3067 1694 3123 ἀντιστάντα
1740 3070 1869 3140 θείῳ

288 3161 523 3230 ἀγγέλῳ,
550 3159 844 3231 σημαίνειν
869 3160 1056 3230 φησίν.
1086 3158 1287 3214 Ἰακὼϐ
1314 3161 1371 3213 δὲ
1400 3160 1493 3214 τὸν
1520 3161 1686 3215 τόπον
1715 3165 1872 3216 καλεῖ

286 3254 549 3324 Φανουὴλ,
580 3255 856 3318 τούτεστι,
892 3252 1039 3307 Θεοῦ
1084 3253 1435 3321 πρόσωπον.
1482 3255 1782 3325 Γενομένου
1825 3257 1870 3310 δ’

288 3347 342 3397 ἐν
389 3350 459 3416 τῇ
493 3346 649 3416 πάλῃ
678 3342 745 3416 τῇ
785 3344 926 3415 πρὸς
967 3344 1060 3397 τὸν
1112 3345 1347 3413 ἄγγελον
1377 3346 1693 3417 ἀλγήματος
1724 3347 1872 3419 αὐτῷ

288 3439 415 3508 περὶ
441 3439 503 3490 τὸ
534 3437 731 3507 νεῦρον
756 3437 819 3489 τὸ
844 3436 1043 3500 πλατὺ,
1075 3438 1281 3500 ἐκεῖνος
1303 3453 1362 3488 τε
1386 3435 1485 3508 τὴν
1515 3437 1707 3491 τούτου
1737 3438 1873 3509 βρῶο

290 3545 370 3581 σιν
400 3528 707 3595 ἀπείπατο,
735 3528 834 3581 καὶ
859 3526 928 3580 δι’
972 3530 1204 3591 ἐκεῖνον,
1234 3529 1330 3581 καὶ
1359 3530 1438 3598 τῷ
1485 3529 1694 3582 ἐκείνου
1727 3531 1873 3598 γένει

288 3626 454 3677 παντὶ
499 3623 919 3691 ἀπηγόρευταιε
970 3620 1387 3690 ὑπαντήσαντος
1427 3620 1484 3673 δὲ
1528 3620 1608 3690 τῷ
1657 3620 1875 3692 ἀδελφῷ

288 3717 378 3770 τοῦ
434 3716 632 3779 Ἡσαῦ,
683 3712 979 3768 συνέϐαλον
1027 3712 1304 3783 ἀλλήλοις,
1348 3713 1445 3766 καὶ
1487 3715 1523 3783 ὴ
1570 3715 1871 3772 σπάσαντο.

289 3805 425 3862 Εἶτα
448 3812 476 3862 ὁ
506 3815 607 3879 μὲν
646 3807 822 3861 Ἠσαῦ
846 3805 1160 3877 ἀπηλλάγη,
1187 3804 1384 3858 Ἰακὼϐ
1413 3806 1457 3858 δ’
1487 3807 1717 3875 ἀφίκετο
1738 3809 1877 3879 πρὸς

290 3904 359 3956 τά
404 3904 639 3972 Ζικιμα.
689 3890 811 3953 Τῶν
841 3898 899 3952 δὲ
940 3898 1241 3967 Σικιμιτῶν
1295 3898 1489 3968 ἑορτὴν
1534 3900 1799 3966 ἀγόντων,
1843 3902 1877 3973 ἡ

292 3998 544 4066 θυγάτηρ
576 3992 745 4047 αὐτοῦ
779 3994 939 4044 Δεῖνα
963 3992 1044 4054 εἰς
1075 3991 1176 4060 τὴν
1203 3990 1359 4043 πόλιν
1386 3991 1655 4060 παρῆλθε,
1682 3992 1752 4045 τά
1778 3994 1877 4062 τῆς

291 4088 490 4160 ἑορτῆς
535 4090 923 4155 ίστορήσουσα.
970 4084 1320 4154 Θεασάμενος
1365 4082 1458 4138 οὖν
1490 4084 1662 4156 αὐτὴν
1692 4087 1879 4157 Συχὲμ

290 4184 318 4234 ὁ
344 4180 447 4234 τοῦ
474 4179 579 4248 τῆς
611 4179 822 4241 πόλεως
858 4176 1121 4246 βασιλέως
1156 4175 1295 4243 υἱὸς,
1332 4176 1548 4246 φθείρει
1587 4179 1658 4231 δι’
1698 4183 1879 4249 ἁρπα-

292 4277 418 4344 γῆς.
472 4275 709 4327 Ἔπειτα
758 4272 788 4322 ὁ
838 4270 1030 4323 τούτου
1072 4270 1257 4339 πατὴρ
1306 4270 1486 4323 ἐδέετο
1517 4270 1615 4324 τοῦ
1656 4271 1877 4335 Ἰακὼϐ,

293 4370 562 4436 συζεῦξαι
591 4371 694 4438 τὴν
721 4370 912 4420 Δεῖναν
937 4365 1017 4436 τῷ
1043 4366 1249 4436 Συχέμ.
1289 4364 1348 4418 ’0
1378 4365 1435 4418 δὲ
1465 4364 1528 4418 οὗ
1558 4367 1877 4422 κατένευσε.

294 4461 528 4531 Συμεὼν
562 4460 620 4513 δὲ
654 4460 751 4511 καὶ
782 4456 915 4511 Λευῒ
944 4457 1042 4528 τῆς
1072 4457 1240 4525 κόρης
1270 4454 1601 4525 ὁμομήτριοι
1632 4454 1875 4524 ἀδελφοὶ,

1957 1966 2241 2021 nunquam
2268 1968 2636 2021 accessuram,
2663 1970 2986 2024 persuasum
3014 1958 3271 2028 haberet,
3302 1974 3366 2016 ea
3405 1971 3545 2032 pra»

1962 2044 2150 2104 terita.
2203 2047 2428 2101 domum
2472 2049 2796 2103 ret'ertitur.
2853 2050 3096 2106 Iacobus
3131 2064 3266 2109 vero
3313 2054 3541 2111 fratrem

1963 2143 2240 2201 metuens,
2274 2152 2436 2191 suum
2456 2138 2697 2194 reditum
2729 2139 2832 2205 illi,
2864 2142 3192 2197 muneribus
3220 2145 3541 2213 praemissis,

1963 2227 2275 2283 denuntiat.
2317 2228 2493 2284 Nocte
2520 2232 2969 2299 superveniente,
3027 2248 3152 2289 cum
3188 2246 3408 2307 Spectro
3436 2239 3543 2296 sibi

1963 2318 2269 2385 decertare,
2326 2321 2671 2393 victoriaque
2703 2325 2871 2394 potiri
2915 2326 3090 2391 visus,
3126 2338 3250 2382 cum
3290 2334 3543 2402 angelum

1964 2424 2084 2465 esse
2110 2411 2205 2464 Dei
2238 2412 2737 2482 animadvertisset,
2782 2422 2928 2482 orat,
2965 2428 3024 2473 ut
3047 2417 3153 2474 sibi
3179 2420 3409 2488 diceret,
3435 2438 3546 2493 quo

1964 2501 2077 2558 fato
2115 2519 2317 2560 usurus
2345 2516 2515 2562 esset.
2549 2508 2643 2563 Ille
2671 2510 2962 2567 victoriam
2987 2512 3161 2568 divini
3195 2517 3395 2586 angeli,
3432 2528 3547 2571 ma‘

1966 2609 2201 2664 suorum
2235 2596 2506 2651 bonorum
2557 2598 2776 2670 signum
2832 2602 3143 2658 habendam
3170 2620 3294 2661 esse
3325 2610 3543 2670 asserit.

1966 2698 2022 2742 et
2049 2688 2307 2744 lsraelem
2343 2690 2530 2744 vocari
2566 2692 2747 2761 jubet.
2800 2693 2970 2759 Quam
3031 2704 3220 2752 vocem
3268 2699 3360 2753 alii
3400 2714 3543 2755 men-

1970 2791 2094 2843 tem,
2138 2796 2258 2849 quae
2308 2781 2475 2835 Deum
2513 2785 2710 2850 videat,
2746 2784 3207 2856 interpretantur.
3249 2790 3548 2860 .loseplius,

1967 2885 2094 2926 eum
2123 2875 2214 2942 qui
2255 2874 2443 2929 divino
2475 2876 2669 2947 angelo
2697 2878 2987 2945 restiterit,
3018 2881 3329 2951 significare
3358 2885 3543 2940 tradit.

1969 2962 2209 3018 Iacobus
2240 2964 2423 3019 locum
2456 2966 2611 3021 illum
2654 2969 2921 3036 Phanuel,
2953 2971 3059 3027 hoc
3103 2982 3209 3040 est,
3237 2973 3336 3028 Dei
3357 2975 3548 3046 {aciem

1971 3064 2152 3110 vocat.
2187 3057 2254 3111 Et
2287 3056 2417 3126 quia
2436 3058 2494 3112 in
2521 3059 2672 3115 lucta
2706 3074 2831 3116 cum
2861 3064 3078 3133 angelo,
3116 3064 3343 3135 puplitis
3359 3064 3551 3122 dolore

1973 3147 2203 3204 affectus
2229 3150 2435 3218 fuerat,
2472 3167 2600 3208 cum
2640 3155 2758 3225 ipse
2787 3155 2936 3211 illius
2987 3170 3087 3213 esu
3116 3156 3406 3227 abstinuit,
3434 3170 3549 3215 tum

1975 3243 2156 3298 omnis
2187 3245 2308 3314 ejus
2340 3247 2637 3315 posteritas
2671 3248 2741 3317 ab
2766 3248 2862 3315 'eo,
2896 3253 2958 3304 ut
3007 3251 3221 3319 illicito,
3264 3254 3549 3311 abhorret.

1977 3335 2168 3391 Frater
2204 3337 2380 3394 Esaus
2417 3339 2638 3394 obviam
2683 3341 2761 3395 illi
2798 3349 3144 3414 progrestms,
3180 3344 3358 3403 salute
3402 3346 3551 3404 dicta

1975 3440 2312 3500 acceptaque
2361 3434 2593 3488 recedit.
2626 3428 2868 3491 Jacobus
2906 3437 3108 3494 Sicima
3156 3441 3433 3509 pervenit.
3466 3441 3557 3497 Si-

1976 3522 2181 3576 cimitis
2209 3532 2393 3578 autem
2415 3525 2619 3581 festum
2642 3528 3077 3595 celebrantibus,
3114 3530 3223 3587 lilia
3251 3534 3369 3604 ejus
3397 3533 3554 3599 Dina,

1978 3617 2296 3682 spectanda:
2358 3615 2675 3675 festivitatis
2729 3616 2928 3692 gratia,
2982 3626 3176 3680 urbem
3226 3625 3554 3695 ingreditur.

1985 3703 2162 3771 Quam
2194 3720 2547 3779 conspectam
2576 3713 2883 3784 Sycbemus
2911 3716 3096 3786 regius
3122 3715 3443 3771 adolescens
3466 3731 3558 3770 ra-

1980 3805 2085 3874 pit,
2127 3814 2338 3877 raptam
2378 3812 2613 3875 stuprat.
2652 3807 2767 3860 Rex
2800 3806 3172 3862 adolescentis
3205 3816 3364 3877 pater
3395 3808 3560 3864 Jaco-

1979 3898 2109 3952 bum
2151 3906 2293 3960 orat,
2318 3908 2379 3953 ut
2402 3898 2600 3952 Dinam
2640 3897 2913 3969 Sycltemo
2946 3899 3289 3971 despondeat
3346 3903 3425 3957 Re
3448 3916 3559 3957 non

1980 3990 2290 4059 impetrata,
2322 3990 2558 4059 Symeon
2611 3998 2670 4044 et
2705 3990 2836 4044 Levi
2863 3993 3065 4047 utcrinl
3099 3994 3293 4064 puellae
3337 3993 3559 4059 fratres,

1981 4081 2198 4138 civibus
2231 4082 2306 4138 ob
2349 4083 2704 4139 festivitatem
2756 4082 3180 4140 convivantibus
3230 4094 3396 4156 atque
3446 4086 3563 4140 ine-

1979 4174 2213 4239 briatis,
2285 4175 2478 4230 urbem
2542 4185 2711 4230 noctu
2788 4176 3044 4246 Ingressi,
3102 4188 3283 4231 mares
3333 4184 3562 4247 prcrsus

1985 4280 2206 4332 omnes,
2264 4282 2537 4337 psumque
2569 4272 2755 4337 regem
2788 4278 2916 4321 eum
2950 4267 3064 4322 ﬁlio
3092 4268 3387 4324 trucidant.
3435 4262 3562 4326 Hinc

1984 4361 2260 4430 Iosephus
2320 4361 2509 4415 tradit.
2569 4353 2675 4416 Sed
2718 4359 2861 4416 liber
2914 4360 3190 4417 Geneseos
3223 4362 3566 4433 prolabilius

1982 4452 2073 4509 bis
2101 4453 2171 4508 de
2204 4452 2372 4508 rebus
2396 4453 2641 4508 disserit.
2674 4450 2833 4518 Cum,
2872 4454 3073 4523 inquit,
3100 4455 3325 4510 EmtuOr
3354 4454 3561 4530 Syehe-

293 4556 383 4608 at;
424 4556 529 4623 τὴν
574 4551 773 4622 ἑορτὴν
818 4549 1198 4619 εὐοχουμένων
1224 4546 1335 4599 τῶν
1379 4549 1438 4600 ὲν
1484 4547 1551 4617 τῇ
1594 4545 1770 4611 πόλει,
1795 4563 1864 4600 κα

1992 4548 2066 4601 ml
2096 4555 2253 4616 pater
2284 4546 2479 4600 Dinam
2517 4544 2630 4601 tilio
2674 4554 2900 4600 uxorem
2948 4555 3181 4617 peteret,
3235 4547 3565 4618 Symeouem

293 4645 800 4720 καρηϐαροῦντων,
853 4642 1071 4712 νύκτωρ
1124 4639 1506 4711 παρελθόντες,
1558 4639 1670 4692 πᾶν
1718 4639 1888 4710 ἄρσεν

295 4743 505 4815 ἡϐηδὸν
558 4738 870 4809 ἀναιροῦσι,
921 4738 1015 4789 καὶ
1060 4736 1153 4788 τὸν
1206 4733 1456 4803 βασιλέα,
1504 4732 1600 4786 καὶ
1651 4732 1742 4785 τὸν
1772 4733 1889 4786 υἱὸν

293 4836 494 4889 αὐτοῦ.
539 4832 731 4886 Ταῦτά
779 4845 949 4902 φησιν
987 4830 1015 4881 ὁ
1062 4825 1347 4897 Ἰώσηπος.
1404 4824 1783 4896 Πιθανώτερον
1832 4823 1889 4877 δι

293 4929 432 4999 περὶ
468 4928 680 4981 τούτων
710 4924 746 4993 ἡ
791 4920 973 4992 βίϐλος
1023 4919 1232 4989 ίστορεῖ
1259 4918 1358 4985 τῆς
1395 4914 1689 4977 Γενέσεως.
1725 4914 1889 4983 Λέγει

294 5021 439 5089 γάρ,
486 5019 580 5072 ὅτι
627 5014 847 5087 Ἐμμὸρ
895 5010 990 5065 τοῦ
1026 5008 1237 5079 πατρὸς
1273 5007 1458 5078 Συχὲμ
1487 5007 1768 5074 ἀξιοῦντος
1800 5024 1894 5061 συ-

294 5113 614 5182 ζευχθῆναι
654 5108 753 5178 τὴν
795 5094 985 5159 Δεῖναν
1035 5100 1115 5173 τῷ
1163 5099 1264 5169 υίῷ
1297 5098 1487 5164 αὐτοῦ,
1519 5098 1749 5170 Συμεὼν
1797 5102 1893 5151 καὶ

291 5207 440 5262 Asta:
474 5200 655 5269 εἷπον,
702 5201 777 5262 ὡς
813 5200 876 5251 El
924 5193 1316 5267 περιτμηθεῖεν
1336 5193 1387 5245 oi
1408 5193 1467 5244 ἑν
1497 5195 1565 5262 τῇ
1602 5192 1755 5245 πόλει
1791 5191 1893 5262 ἀμ

289 5302 463 5369 pave;
495 5298 728 5360 πάντες,
755 5291 1004 5359 δώσομεν
1033 5290 1136 5357 τὴν
1183 5283 1421 5354 ἀδελφὴν
1463 5283 1623 5354 ήμῶν
1668 5283 1743 5354 τῷ
1791 5282 1893 5353 υίῷ

290 5408 423 5443 σου.
466 5391 582 5443 Καὶ
605 5389 690 5440 ὅτι
723 5384 1087 5449 κατεδέξαντο
1127 5378 1222 5432 τὸν
1252 5378 1434 5445 λόγον,
1469 5378 1563 5431 καὶ
1596 5382 1896 5448 περιετμή-

289 5484 489 5553 Organa
544 5481 810 5542 ἃπαντες.
848 5475 1010 5530 Κατά
1057 5473 1116 5526 δὲ
1156 5468 1270 5541 ’τὴν
1319 5471 1383 5522 ἐκ
1433 5472 1534 5539 τῆς
1584 5472 1894 5540 περιτομῆς

286 5574 509 5644 τρίτην
559 5570 799 5641 ἡμέραν,
854 5563 1109 5634 πονηρῶς
1151 5561 1261 5613 τῶν
1293 5560 1747 5630 περιτμηθέντων
1775 5563 1895 5617 δια-

1991 4648 2048 4697 et
2079 4640 2263 4695 Levim
2290 4638 2517 4703 dixisse,
2542 4639 2589 4694 si
2628 4650 2807 4694 mares
2858 4637 3013 4694 urbis
3038 4648 3232 4696 omnes
3265 4642 3567 4697 circumci-

1995 4731 2283 4797 derentur,
2316 4746 2374 4785 se
2402 4726 2515 4785 ﬁlio
2535 4731 2657 4800 ejus
2693 4742 2941 4786 sororem
2984 4742 3140 4786 suam
3167 4730 3566 4804 desponsuros,

1999 4839 2111 4895 qua
2137 4832 2366 4894 accepta
2396 4819 2740 4887 conditione,
2773 4824 3134 4878 circumcisus
3179 4838 3301 4881 esse
3348 4842 3566 4883 omnes.

1997 4916 2074 4969 Ac
2098 4914 2187 4969 die
2220 4914 2347 4969 inde
2393 4912 2574 4978 tertio,
2610 4924 2731 4968 cum
2762 4926 2829 4967 ex
2882 4914 3127 4969 cruciatu
3183 4916 3399 4972 ardoris
3431 4918 3571 4973 male

1997 5008 2285 5071 baberent,
2344 5007 2413 5061 ab
2472 5000 2581 5061 illis
2630 5002 2959 5071 trucidatos,
3011 5006 3217 5062 Jacobo
3256 5009 3568 5079 ignorante.

1999 5101 2171 5166 Quem
2213 5099 2429 5154 facinus
2464 5098 2598 5153 illud
2629 5098 2872 5167 graviter
2893 5094 3188 5166 ferentem,
3213 5099 3362 5155 bono
3382 5102 3570 5155 animo

2000 5192 2106 5261 27
2138 5190 2284 5245 Deus
2312 5206 2432 5247 esse
2466 5191 2646 5261 jubet.
2675 5190 2805 5247 lude
2834 5190 3132 5246 Bethlelem
3177 5192 3457 5262 profectus
3486 5186 3575 5247 .la-

2000 5284 2193 5350 cobus,
2226 5282 2319 5338 ubi
2351 5283 2627 5338 somnium
2654 5282 2888 5349 viderat,
2925 5292 3039 5336 rem
3065 5276 3305 5337 divinam
3329 5280 3482 5345 facit,
3508 5296 3575 5335 ac

2000 5389 2343 5448 progressus,
2378 5375 2673 5431 Rachelem
2703 5389 2770 5430 ex
2806 5383 2968 5445 partu
2998 5383 3269 5429 mortuam
3319 5370 3574 5441 Ephrata:

2006 5470 2225 5541 sepelit,
2257 5483 2430 5539 puero
2464 5467 2537 5522 ob
2570 5468 2763 5522 matris
2805 5480 2871 5520 ex
2891 5482 2958 5521 eo
2989 5467 3233 5521 dolorem
3252 5460 3574 5535 Benjamine

2002 5562 2300 5634 appellato.
2346 5562 2696 5618 Chebronem
2740 5560 3040 5631 profectus,
3078 5567 3289 5631 patrem
3325 5557 3574 5612 lsaarum

1520 5674 1718 5738 Variae
1748 5677 2054 5739 lectiones
2087 5684 2147 5739 et
2179 5684 2373 5738 nolle.

356 5826 496 5897 (3|)
522 5821 634 5877 Καὶ
670 5819 894 5889 γίνεται
920 5815 958 5882 ἠ
1000 5806 1390 5909 ἐρευναέἕαῖ
1419 5806 1493 5869 ὡς
1518 5807 1552 5876 ἡ
1578 5805 1777 5876 ἔρευνα
1811 5805 1865 5875 γί

1971 5822 2041 5859 αι.
2074 5807 2138 5859 Et
2165 5804 2329 5875 paulo
2350 5810 2494 5874 post,
2516 5816 2617 5870 pro
2643 5801 2708 5853 ἄν
2734 5815 2887 5863 ποτε,
2924 5799 3158 5889 ἀμποτε.

596 5916 869 5976 Panos.
921 5910 1041 5969 Gn.
1088 5900 1414 5967 CXXXIV.

3227 5889 3267 5950 3
