4070 6214
468 304 538 362 75
1733 305 2047 367 JOANNIS

2149 306 2419 367 ΟΝΛΒᾸΞ
3650 304 3724 365 '76

467 418 648 473 adhuc
678 419 952 472 viventcm
989 417 1199 472 invenit
1228 438 1240 472 :
1267 418 1363 473 sed
1392 419 1637 474 Rebecca
1654 421 1770 492 jam
1798 422 2031 478 obierat.

2149 425 2456 492 κειμένων,
2517 423 2613 476 καὶ
2660 422 3020 491 όδυνωμένων
3082 422 3171 476 διὰ
3235 421 3334 491 τήν
3389 419 3726 488 φλεγμονὴν,

468 512 582 564 Nec
608 509 781 564 multo
812 510 1116 580 postetiam
1139 510 1358 565 lsaacus
1395 512 1652 577 moritur,
1688 522 1746 568 et
1779 529 1888 568 una
1920 529 2045 568 cum

2154 513 2412 565 ἐπέθεντο
2460 512 2666 576 αὐτοῖς,
2706 516 2801 565 καὶ
2846 512 3059 566 ἀνεῖλον
3098 513 3369 574 ἅπαντας,
3406 508 3730 575 ἀγνοοῦντος

468 619 638 657 uxore
684 602 741 657 in
809 603 989 672 patrio
1053 610 1412 657 monumento
1467 604 1733 673 sepelitur
1765 645 1781 671 ,
1821 605 2047 677 expletis

2154 604 2248 657 τοῦ
2290 604 2488 658 Ἰακώϐ
2525 622 2539 637 ’
2592 599 2635 672 ᾧ
2682 604 3070 676 χαλεπαίνοντι
3120 604 3207 657 διά
3252 602 3447 665 ταῦτα,
3502 600 3729 671 θαρρεῖν

464 695 591 748 νίιιυ
615 694 777 750 annis
805 709 969 764 supra
1006 709 1233 749 ccxxxv.

2157 697 2447 751 ἐκέλευσεν
2489 701 2518 751 ὁ
2548 698 2705 761 Θεός,
2751 696 2960 753 Ἐλθὼν
2995 698 3053 751 δὲ
3100 698 3161 751 έν
3190 694 3398 765 Βαιθὴλ
3441 696 3469 748 ὁ
3509 692 3728 757 Ἰακὼϐ,

464 792 598 842 ὁπου
629 787 721 840 τὸν
743 787 955 857 ὄνειρον
984 788 1269 854 ἐθεάσατο,
1301 788 1513 845 ἔθυσεν.
1544 790 1653 843 Καὶ
1681 789 1910 860 προῖὼν,
1933 788 2032 861 τὴν
2086 790 2290 861 Ῥαχὴλ
2332 793 2397 844 ὲκ
2443 790 2669 844 τοκετοῦ
2747 790 3039 855 θανοῦσαν,
3105 792 3163 845 έν
3197 790 3448 859 Ἐφρατᾶ
3500 790 3720 842 θάπτει.

466 885 577 941 ’(αὶ
603 885 665 937 τὸ
696 884 757 948 ἐξ
801 884 972 953 αὐτῆς
1007 883 1220 937 παιδίον
1250 884 1515 954 Βενιαμὶν
1545 884 1794 949 ἐκάλεσε,
1824 882 1914 936 διά
1940 883 2038 954 τήν
2078 882 2166 935 ἐπ’
2196 882 2347 953 αὐτῷ
2409 882 2713 954 γενομένην
2778 885 2845 954 τῇ
2882 884 3051 954 μητρὶ
3079 881 3296 952 ὀδύνην.
3338 879 3546 935 Ἐλθὼν
3575 881 3621 933 δ’
3646 883 3729 943 εἰς

465 984 716 1055 Χεϐρὼν,
754 980 909 1035 πόλιν
948 978 1059 1032 τῶν
1104 979 1455 1042 Χαναναίων,
1504 977 1773 1032 κατέλαϐε
1839 983 1934 1032 τὸν
1999 979 2214 1049 πατέρα
2262 977 2431 1031 αὐτοῦ
2463 978 2652 1032 Ἰσαὰκ
2682 977 2764 1030 ἔτι
2799 978 3011 1042 ζῶντα·
3079 979 3113 1048 ή
3180 980 3237 1032 δὲ
3277 978 3547 1035 Ῥεϐέκκα
3585 983 3725 1053 ἔφθη

464 1080 671 1134 θανεῖν.
718 1075 960 1147 Θνήσκει
1008 1072 1065 1125 δὲ
1102 1073 1240 1143 μετά
1277 1072 1454 1143 βραχὺ
1492 1072 1587 1124 καὶ
1628 1072 1657 1123 ὁ
1724 1071 1933 1138 Ἰσαάκ,
1981 1072 2077 1125 καὶ
2152 1071 2422 1125 θάπτεται
2461 1072 2560 1124 σὺν
2616 1072 2685 1142 τῇ
2741 1070 2966 1141 γυναικὶ
3017 1071 3171 1140 παρά
3219 1071 3298 1142 τῷ
3347 1073 3553 1144 γονικῷ
3589 1092 3730 1144 μνηο

467 1172 625 1243 μείῳ,
658 1167 867 1241 βιώσας
910 1164 1004 1236 ἔτη
1061 1166 1224 1217 πέντε
1256 1164 1355 1217 καὶ
1391 1162 1723 1232 ὀγδοήκοντα
1753 1160 1889 1233 πρὸς
1917 1165 2031 1225 τοῖς
2067 1162 2283 1215 ἑκατόν.
2530 1212 2535 1217 .

452 1300 459 1305 .
534 1260 625 1314 ιχ.
661 1259 837 1313 Esaus
862 1266 1047 1312 autem
1091 1255 1343 1310 Idumaeas
1392 1254 1720 1324 imperabat,
1754 1252 1969 1324 regioni
2007 1268 2039 1307 a

2208 1251 2284 1307 ϐ’.
2332 1251 2505 1306 Ἦσαῦ
2539 1251 2596 1307 δὲ
2627 1248 2768 1324 ἦρχε
2798 1250 2903 1322 τῆς
2971 1250 3302 1321 Ἰδουμαίας,
3341 1244 3582 1317 καλέσας
3626 1257 3727 1326 τήν

465 1371 523 1409 se
553 1354 681 1411 dato
722 1350 967 1406 nomine.
998 1349 1175 1404 Edom
1207 1348 1354 1403 enim
1403 1356 1630 1403 vocatus
1660 1346 1862 1412 fuerat,
1893 1344 2041 1415 quod

2149 1341 2327 1414 χώραν
2356 1343 2452 1411 ἀφ’
2485 1343 2705 1397 ἑαυτοῦ.
2738 1341 2921 1412 Ἐδὼμ
2943 1342 3053 1413 γὰρ
3084 1343 3292 1407 ἐκεῖνος
3323 1344 3614 1414 ἐκέκλητο,
3643 1347 3728 1398 ὃτι

460 1445 762 1517 aliquando
816 1442 1109 1498 famelicus
1159 1457 1188 1495 a
1251 1449 1455 1495 venatu
1507 1454 1786 1505 reversus,
1833 1420 1959 1493 eum
2011 1451 2042 1491 a

2149 1436 2249 1490 ἀπὸ
2278 1436 2453 1509 θήρας
2477 1434 2611 1488 ποτὲ
2636 1434 2925 1505 λιμώττων
2956 1433 3291 1512 ἐπανελθὼν,
3326 1438 3422 1489 καὶ
3447 1436 3541 1488 τὸν
3570 1436 3730 1489 ἀδελ-

461 1538 628 1590 fratre
662 1534 932 1604 petiisset,
963 1540 1025 1585 ut
1063 1532 1293 1595 lentem,
1326 1544 1492 1600 quam
1535 1529 1631 1585 ille
1660 1530 1768 1584 sibi
1794 1535 2039 1592 coxerat,

2149 1527 2245 1595 φδν
2275 1527 2454 1597 εύρὼν
2496 1525 2680 1597 φακήν
2712 1526 3085 1615 ὲτοιμάραντα
3116 1525 3298 1596 ἐαυτῷ
3329 1526 3468 1597 πρὸς
3494 1528 3727 1597 τροφὴν,

460 1632 636 1691 daret,
689 1622 1054 1695 jurejurando
1105 1620 1356 1683 adactus,
1390 1619 1569 1675 aetatis
1610 1619 2034 1690 prairogativam

2149 1618 2302 1690 ήξίου
2325 1619 2508 1673 δοῦναι
2527 1619 2701 1690 αὐτῷ.
2725 1620 2783 1673 ’0
2800 1620 2855 1672 δὲ
2872 1619 3169 1673 ἀποδόσθαι
3185 1618 3334 1690 αὐτῷ
3353 1619 3414 1672 τὸ
3435 1618 3729 1690 πρεσϐεῖον

460 1719 538 1774 illi
578 1716 871 1772 concessit.
928 1714 1007 1769 Ex
1049 1728 1118 1768 eo
1148 1712 1573 1784 cognominatus
1613 1724 1699 1767 est
1742 1711 1941 1775 Edom,
1966 1711 2039 1765 ob

2149 1712 2463 1782 ἠνάγκασεν
2506 1711 2630 1764 ἀντὶ
2678 1710 2783 1781 »ἧς
2812 1712 3017 1781 φακῆς,
3053 1711 3148 1764 καὶ
3178 1712 3506 1781 παραχωρεῖ
3532 1708 3727 1762 τούτου

461 1772 641 1869 rufum
710 1811 1004 1869 admodum
1058 1772 1504 1865 lentisvcolorem.
1546 1808 1718 1862 Edom
1753 1772 2046 1878 porro-lle-
2078 1772 2118 1827 Β

460 1907 622 1965 bracis
660 1905 858 1976 rufum
888 1900 1177 1974 significat.
1219 1900 1459 1957 Jacobus
1509 1900 1809 1970 Josephum
1861 1898 1933 1954 ob
1987 1908 2044 1955 et

459 2002 647 2055 vultus
695 1997 1052 2069 elegantiam,
1106 2004 1163 2050 et
1223 1986 1882 2067 ingeniidexteritatem,
1929 2008 2043 2064 pra:

458 2090 671 2147 caeteris
701 2086 987 2158 diligebat.
1020 2086 1210 2155 Itaque
1235 2093 1291 2141 et
1318 2084 1496 2155 patria
1518 2084 1780 2147 ebaritas,
1807 2093 1863 2139 ct
1894 2098 2040 2138 som-

458 2184 546 2239 nia
579 2197 701 2254 qua:
728 2179 963 2244 viderat,
985 2177 1215 2232 fratrum
1251 2176 1515 2232 invidiam
1538 2177 1617 2231 illi
1647 2176 2039 2231 conciliarunt.

462 2274 681 2331 Somnia
711 2269 1030 2342 huiusmodi
1063 2268 1306 2324 fuerunt.
1328 2268 1513 2325 Unum
1553 2267 1864 2335 :Tempore
1896 2281 2040 2320 mes-

460 2371 537 2423 sis
569 2382 697 2422 cum
726 2364 992 2420 fratribus
1020 2370 1255 2425 metens,
1284 2358 1602 2428 manipulos
1629 2358 1738 2412 sibi
1763 2357 1936 2428 ligare
1984 2366 2040 2412 et

460 2472 816 2530 componere,
849 2470 912 2510 ac
939 2468 1071 2509 suos
1098 2453 1359 2507 immotos
1406 2460 1581 2518 stare,
1617 2464 1757 2519 quos
1805 2449 2039 2504 fraterni

459 2552 817 2601 accurrentes
850 2542 1148 2597 adorarent
1175 2556 1188 2593 :
1220 2539 1482 2605 alterum,
1518 2555 1548 2593 a
1568 2540 1684 2595 sole
1712 2548 1767 2594 et
1796 2540 1927 2594 luna
1975 2554 2040 2595 ac

462 2634 693 2705 reliquis
721 2631 897 2689 stellis
931 2629 1152 2687 adorari
1179 2628 1285 2685 sibi
1314 2628 1633 2684 videbatur.
1665 2627 1774 2684 llas
1798 2628 2041 2683 visiones

461 2725 735 2782 fratribus
785 2722 957 2778 etiam
1000 2720 1377 2793 praesentibus
1411 2721 1558 2791 patri
1612 2719 1860 2776 referens
1908 2719 2041 2789 quid

456 2819 561 2875 sibi
591 2816 816 2883 vellent,
841 2813 984 2870 scire
1008 2813 1288 2883 cupiebat.
1325 2812 1398 2869 At
1425 2812 1521 2868 ille
1552 2812 1875 2867 felicitatem
1907 2820 2039 2867 nato

455 2906 859 2971 denuntiabat,
917 2920 982 2960 ac
1013 2904 1129 2960 fore
1160 2913 1400 2974 tempus,
1427 2918 1538 2974 quo
1578 2913 1633 2959 et
1654 2919 1684 2957 a
1719 2903 2041 2973 parentibus

458 3009 515 3055 et
541 3014 570 3052 a
598 2995 866 3052 fratribus
890 2993 1192 3060 coleretur,
1224 3003 1280 3049 et
1310 2994 1656 3049 adoraretur.
1690 2994 1815 3049 llaec
1838 2994 2035 3049 fratres

459 3104 603 3162 aegre
628 3087 798 3154 ferre,
825 3095 881 3142 et
935 3095 1094 3142 torve
1150 3084 1622 3141 adolescentulum
1654 3086 1878 3140 intueri.
1910 3086 2039 3140 Post
2069 3127 2112 3188 Ο

461 3182 577 3237 hazc
611 3188 769 3251 pater
787 3178 1093 3248 Jesepbum
1125 3177 1193 3233 ad
1221 3177 1384 3242 ﬁlios,
1413 3193 1607 3249 greges
1663 3177 1887 3233 Sicimis
1941 3193 2039 3248 pa-

460 3280 699 3337 scentes,
729 3271 908 3326 visum
935 3270 1124 3326 mittit.
1167 3269 1287 3336 Quo
1317 3279 1638 3339 conspecto,
1680 3269 1747 3323 ad
1784 3285 1909 3325 eum
1947 3286 2041 3339 pe-

460 3365 774 3420 rimendum
802 3373 932 3420 sunt
957 3363 1244 3419 concitati.
1272 3361 1377 3417 Sed
1412 3362 1608 3416 Ruben
1642 3361 1923 3427 mouebat,
1974 3377 2044 3417 ne

461 3456 706 3512 fraterno
751 3454 1018 3526 sanguine
1058 3468 1259 3509 manus
1290 3454 1632 3523 polluerent,
1676 3455 1773 3509 sed
1806 3455 1859 3508 in
1913 3470 2044 3524 pro-

462 3550 672 3604 ximum
716 3557 947 3620 puteum
1013 3548 1328 3619 conjectum
1386 3547 1562 3602 emori
1625 3532 1914 3602 sinerent:
1966 3546 2047 3601 sic

459 3645 639 3699 levius
671 3642 790 3697 fore
828 3640 1069 3696 facinus.
1125 3638 1250 3707 Quo
1304 3636 1541 3694 consilio
1597 3637 2046 3693 adolescentibus

2152 1802 2272 1873 μεθ’
2298 1803 2479 1873 ὅρκων
2518 1802 2608 1856 διὰ
2661 1801 2750 1856 τὸν
2798 1802 2990 1873 λιμόν’
3025 1802 3149 1857 ὅθεν
3191 1803 3373 1874 Ἐδὼμ
3420 1803 3726 1873 ἐπεκλήθη,

2148 1893 2236 1948 διὰ
2268 1894 2370 1965 τὴν
2406 1892 2712 1962 ξανθότητα
2749 1894 2849 1964 τῆς
2880 1894 3062 1964 φακῆς
3089 1909 3105 1926 ⁸
3141 1893 3346 1963 σφόδρα
3383 1896 3492 1966 γὰρ
3520 1891 3589 1966 ἦν
3626 1895 3728 1965 τήν

2147 1984 2339 2055 χροίαν
2381 1985 2635 2054 τοιαύτη.
2680 1984 2857 2054 Ἐδὼμ
2886 1985 2942 2039 δὲ
2976 1987 3119 2056 παρ’
3181 1985 3455 2058 Ἑϐραίοις
3484 1988 3547 2039 τὸ
3590 1988 3729 2057 ἐρυ-

2149 2076 2296 2144 θρὸν
2351 2076 2703 2147 ὀνομάζεται.
2748 2076 2943 2129 Ἰακὼϐ
3004 2078 3063 2131 δὲ
3109 2077 3201 2131 τὸν
3245 2079 3311 2133 ἐκ
3359 2078 3463 2147 τῆς
3529 2076 3731 2150 Ῥαχὴλ

2150 2169 2374 2241 Ἰωσήφ,
2408 2171 2499 2225 διά
2524 2186 2585 2223 τε
2627 2170 2722 2242 τὴν
2755 2168 2849 2223 τοῦ
2882 2169 3181 2240 προσώπου
3216 2172 3467 2241 εὐφυΐαν,
3504 2173 3598 2226 καὶ
3630 2173 3732 2242 τὴν

2154 2260 2256 2329 τῆς
2287 2261 2469 2331 ψυχῆς
2498 2260 2721 2332 ἀρετὴν,
2751 2260 2916 2314 πλέον
2940 2261 3049 2314 τῶν
3068 2261 3247 2317 ἄλλων
3279 2263 3486 2317 παίδων
3515 2264 3727 2334 ήγάπα.

2152 2353 2224 2405 Ἢ
2255 2370 2317 2406 τε
2369 2353 2503 2420 γοῦν
2538 2352 2635 2407 τοῦ
2682 2354 2885 2425 πατρὸς
2930 2357 3160 2429 στοργὴ,
3196 2356 3289 2410 καὶ
3336 2358 3385 2409 οί
3409 2356 3611 2428 ὄνειροι
3637 2355 3734 2420 οὓς

2147 2444 2428 2509 ἐθεάσατο,
2446 2445 2526 2507 είς
2549 2443 2744 2512 φθόνον
2768 2445 2934 2500 αὐτοῦ
2952 2447 3077 2509 τοὺς
3103 2446 3364 2514 ἀδελφοὺς
3381 2448 3729 2518 κεκινήκασι.

2148 2535 2268 2591 Τῶν
2318 2536 2374 2589 δὲ
2427 2536 2724 2607 ὀνειράτων
2770 2537 2832 2590 τὸ
2878 2538 2980 2608 μὲν
3029 2534 3097 2610 ἦν
3148 2539 3411 2593 τοιοῦτον.
3469 2538 3557 2592 Ἐν
3610 2539 3735 2611 ὥρᾳ

2148 2626 2342 2697 θέρους
2362 2627 2556 2694 ἐδόκει,
2587 2629 2727 2697 μετὰ
2753 2627 2862 2683 τῶν
2888 2629 3137 2698 ἀδελφῶν
3156 2629 3410 2700 θερίζων,
3436 2628 3733 2701 δράγματα

2147 2719 2371 2789 δεσμεῖν
2415 2719 2510 2772 καὶ
2550 2718 2781 2786 τιθέναι,
2818 2720 2913 2774 καὶ
2943 2722 3010 2774 τὰ
3041 2721 3140 2791 μὲν
3178 2722 3346 2776 αὑτοῦ
3379 2723 3633 2795 ἠρεμεῖν,
3662 2724 3736 2778 τά

2148 2813 2204 2866 δὲ
2226 2814 2335 2867 τῶν
2359 2814 2605 2884 ἀδελφῶν
2628 2817 3037 2887 προστρέχοντα
3060 2821 3384 2889 προσκυνεῖν
3404 2821 3515 2882 τοῖς
3539 2818 3731 2874 αύτεῦ.
3773 2834 3797 2889 ς

2149 2907 2222 2959 Τὸ
2257 2907 2335 2969 δὲ,
2372 2907 2465 2960 τὸν
2500 2908 2650 2977 ἥλιον
2675 2908 2770 2961 καὶ
2803 2911 2902 2978 τὴν
2936 2910 3190 2981 σελήνην,
3230 2911 3323 2965 καὶ
3353 2913 3481 2975 τοὺς
3505 2912 3734 2976 λοιποὺς

2149 3000 2259 3051 τῶν
2289 3000 2537 3069 ἀστέρων
2569 3004 2900 3070 προσκυνεῖν
2948 3002 3125 3056 ἐδόκει
3158 3003 3329 3073 αὐτῷ.
3367 3004 3584 3068 Ταύτας
3629 3004 3733 3067 τὰς

2150 3089 2302 3160 ὄψεις
2354 3092 2432 3162 τῷ
2484 3093 2649 3162 πατρὶ
2706 3092 3087 3161 διηγούμενος,
3136 3095 3423 3165 παρόντων
3476 3093 3568 3149 καλ
3620 3095 3735 3149 τῶν

2147 3184 2447 3248 συγγόνων,
2477 3181 2576 3252 τὴν
2603 3181 2838 3252 δήλωσιν
2869 3184 3050 3255 ἐζήτει
3085 3184 3304 3253 μαθεῖν.
3353 3185 3411 3238 '0
3454 3186 3510 3238 δὲ
3547 3184 3733 3239 εύδαι-

2149 3274 2340 3341 μονίαν
2370 3274 2709 3344 κατήγγειλε
2734 3274 2813 3346 τῷ
2837 3275 2991 3328 παιδί
3019 3293 3031 3306 °
3058 3276 3152 3330 καὶ
3179 3277 3368 3349 καιρὸν
3400 3276 3577 3347 ἥξειν,
3608 3277 3734 3331 καθ’

2148 3365 2206 3418 ὃν
2240 3366 2344 3417 ὑπὸ
2388 3366 2497 3417 τῶν
2545 3367 2753 3435 γονέων
2789 3368 3024 3420 καὶτῶν
3071 3368 3321 3438 ἀδελφῶν
3367 3371 3737 3442 τιμηθήσεται

2146 3460 2243 3511 καὶ
2274 3460 2808 3530 προσκυνηθήσεται.
2839 3459 3027 3514 Ταῦτα
3054 3461 3178 3525 τοὺς
3199 3461 3460 3531 ἀδελφοὺς
3488 3461 3733 3531 ἐλύπησε

2145 3550 2240 3604 τοῦ
2272 3550 2493 3619 Ἰωσὴφ,
2521 3550 2617 3603 καὶ
2669 3551 3040 3604 ὑπεϐλέποντο
3076 3552 3138 3605 τὸ
3182 3553 3486 3623 μειράκιον.
3520 3552 3737 3621 Νεμόν·

2145 3660 2254 3697 των
2279 3643 2335 3695 δὲ
2376 3644 2445 3695 τα
2478 3640 2707 3712 ποίμνια
2741 3642 2849 3695 τῶν
2884 3643 3091 3696 παίδων
3126 3644 3219 3697 τοῦ
3254 3642 3450 3696 Ἰακὼϐ
3481 3644 3536 3694 ὲν
3571 3642 3731 3693 Σικί-

464 3737 714 3807 probato,
741 3749 974 3805 puerum
1008 3730 1216 3788 sensim
1257 3731 1314 3784 in
1347 3739 1577 3800 puteum
1605 3729 1852 3784 demisit.
1877 3729 2047 3784 ludas

2149 3750 2292 3803 μοις,
2315 3735 2343 3786 ὁ
2359 3733 2544 3803 πατὴρ
2568 3734 2776 3804 πέμπει
2797 3734 2888 3787 τὸν
2916 3733 3137 3805 Ἰωσήφ,
3162 3734 3404 3797 ἐκείνους
3430 3734 3732 3803 ἐπισκεψό-

462 3844 596 3884 vero
617 3826 870 3883 Arabicis
897 3822 1308 3881 mercatoribus
1331 3822 1483 3890 visis,
1511 3829 1710 3877 auctor
1744 3820 1806 3875 lit
1860 3820 2047 3875 fratri-

2151 3842 2335 3894 μενον.
2389 3827 2452 3877 Ui
2515 3824 2573 3877 δὲ
2623 3824 2812 3878 τοῦτον
2875 3826 3100 3890 ἰδόντες,
3159 3825 3428 3897 ὥρμησαν
3494 3826 3731 3881 ἀνελεῖν.

469 3922 577 3976 bus
615 3917 890 3974 vendendi
918 3917 1033 3971 illis
1071 3914 1324 3985 Josepbi.
1360 3912 2047 3983 Assentiuntur,eumque

2155 3919 2390 3989 Ῥουϐὶμ
2437 3920 2494 3971 δὲ
2547 3917 2923 3982 συνεϐούλευε,
2969 3918 3045 3989 μὴ
3097 3918 3424 3990 αὐτόχειρας
3482 3918 3735 3985 γενέσθαι

463 4012 665 4085 viginti
699 4012 867 4066 minis
895 4011 1166 4074 vendunt,
1196 4024 1372 4065 annos
1394 4017 1586 4064 natum
1621 4009 2044 4080 septemdecim.

2152 4009 2248 4063 τοῦ
2277 4009 2532 4078 ἀδελφοῦ,
2561 4010 2673 4062 ἀλλ’
2695 4012 2776 4072 είς
2795 4013 2888 4064 τδν
2912 4010 3321 4082 παρακείμενον
3342 4009 3544 4063 λάκκον
3573 4010 3733 4081 ῥίψαι

462 4105 663 4161 Ruben
704 4112 873 4159 noctu
939 4101 1007 4156 ad
1068 4108 1297 4170 puteum
1340 4099 1575 4165 accedit,
1627 4111 1689 4155 ut
1745 4099 2045 4170 Josepbum

2149 4102 2346 4165 αὐτὸν,
2392 4103 2481 4155 ἵνα
2534 4100 2798 4156 ἀποθάνει
2835 4103 2986 4165 ἐκεῖ,
3018 4102 3111 4155 καὶ
3158 4101 3303 4156 οὕτω
3364 4102 3737 4175 μετριώτερον

464 4196 593 4252 inde
615 4204 867 4264 ereptum
894 4192 1036 4249 clam
1073 4190 1340 4246 fratribus
1376 4198 1755 4245 conservaret.
1791 4189 1910 4254 Quo
1936 4205 2045 4243 non

2149 4192 2324 4246 ἔσοιτο
2351 4194 2411 4245 τὸ
2436 4193 2622 4247 κακόν.
2659 4193 3099 4248 Συναινεσάντων
3119 4191 3176 4245 δὲ
3205 4192 3282 4263 τῷ
3318 4193 3461 4262 λόγῳ
3489 4194 3596 4247 τῶν
3611 4211 3736 4245 νεα-

464 4283 713 4347 invento,
783 4271 1004 4352 lugens,
1056 4280 1261 4334 fratres
1308 4277 1685 4334 criminatur:
1724 4278 1820 4333 sed
1862 4294 1921 4333 re
1979 4294 2047 4333 ex

2149 4283 2372 4346 νίσκων,
2400 4282 2581 4337 λαϐὼν
2606 4284 2634 4336 ὁ
2680 4282 2909 4354 Ῥουϐῖμ
2933 4285 2995 4336 τὸ
3049 4284 3357 4354 μειράκιον,
3382 4286 3569 4356 ἡρέμα
3601 4287 3735 4339 καθ-

463 4375 575 4444 23
606 4374 720 4430 illis
757 4373 1002 4445 cognita,
1037 4372 1230 4443 lugere
1262 4370 1489 4427 desinit.
1515 4369 1597 4424 Illi
1634 4370 1819 4425 tunica
1859 4370 2046 4425 adole-

2150 4379 2346 4445 ῖοιησεν
2398 4377 2480 4436 είς
2530 4375 2623 4428 τὸν
2674 4375 2900 4431 λάκκον.
2935 4375 3135 4439 Ἰούδας
3181 4376 3239 4428 δὲ
3288 4377 3564 4449 ἐμπόρους
3612 4378 3736 4433 ίδὼν

464 4464 669 4519 scentis
691 4464 910 4518 hircino
936 4464 1205 4534 sanguine
1217 4464 1447 4535 polluta,
1466 4462 1534 4517 ad
1557 4472 1767 4533 patrem
1795 4464 2043 4529 veniunt,

2156 4466 2424 4536 Ἀραϐας,
2472 4468 2865 4522 συνεϐούλευσε
2918 4472 3029 4533 τοῖς
3087 4470 3341 4540 ἀδελφοῖς
3390 4472 3482 4523 τδν
3530 4473 3736 4543 Ἰωσὴφ

464 4557 734 4621 dicentes,
777 4572 835 4611 se
860 4556 1164 4623 Josepbum
1198 4571 1303 4611 nec
1336 4555 1568 4620 vidisse,
1617 4570 1720 4609 nec
1766 4555 2044 4624 quomodo

470 4646 780 4703 interiisset
826 4647 1018 4700 sciret
1064 4646 1161 4700 sed
1216 4646 1464 4699 tunicam
1526 4644 1676 4697 illam
1726 4645 2043 4714 reperiisse,

465 4746 811 4795 cruentatam
846 4744 901 4791 et
936 4734 1260 4790 laceratam.
1294 4732 1537 4789 Jacobus
1585 4746 1745 4788 sacco
1796 4734 2042 4800 indutus,

464 4828 766 4901 .iosepbum
819 4829 991 4898 luget.
1043 4827 1113 4882 At
1167 4827 1321 4882 illum
1378 4841 1408 4880 a
1466 4826 1874 4882 mercatoribus
1911 4828 2048 4883 emit

467 4923 789 4993 'l’etepbics,
810 4922 977 4976 homo
998 4917 1308 4993 Egyptius,
1334 4917 1642 4974 Pharaonis
1663 4918 1810 4989 regis
1855 4919 2048 4989 ecquis

471 5015 780 5087 praefectus,
797 5022 853 5070 et
879 5012 1182 5069 honoriﬁce
1210 5018 1426 5068 tractat.
1458 5008 1658 5065 Herilis
1684 5020 1867 5064 autem
1888 5026 2046 5075 uxor,

469 5103 715 5160 etforma
739 5113 798 5159 et
830 5102 1161 5159 dexteritate
1185 5102 1307 5173 ejus
1334 5102 1389 5156 in
1420 5116 1666 5156 amorem
1697 5101 1899 5167 illecta,
1927 5116 2050 5156 ver-

471 5198 557 5254 bis
583 5197 650 5252 ad
687 5212 813 5252 eum
840 5198 909 5252 de
932 5181 1439 5265 congressu‘factis,
1471 5194 1744 5264 repulsam
1782 5194 1892 5251 fert
1928 5211 1943 5249 :
1982 5210 2049 5250 ac

470 5287 650 5345 nihilo
694 5298 879 5343 tamen
932 5286 1115 5342 secius
1167 5285 1491 5357 cupiditatis
1543 5285 1742 5341 ardore
1796 5287 2045 5353 subacta,

472 5397 683 5456 speque
721 5377 1093 5452 persuadendi
1121 5378 1355 5450 deiecta,
1394 5378 1505 5433 vim
1528 5387 1708 5448 parat.
1736 5379 1807 5434 Ut
1860 5389 2045 5435 autem

470 5473 799 5528 adolescens
828 5477 982 5525 veste
1011 5468 1204 5524 relicta
1241 5468 1446 5535 exsilit,
1478 5469 1569 5523 illa
1607 5469 1782 5526 tristis
1830 5480 1887 5526 et
1919 5487 2046 5542 per-

474 5565 692 5620 turbata
723 5563 880 5619 sedet
916 5579 930 5615 :
978 5561 1293 5630 maritoque
1347 5576 1588 5627 reverso,
1626 5561 1923 5632 Josepbum
1957 5579 2049 5618 ac-

473 5666 650 5722 cusat,
687 5655 1075 5710 demonstrans
1120 5663 1355 5718 vestem,
1405 5667 1569 5722 quam
1619 5652 1710 5707 ille
1745 5654 2048 5712 violaturus

471 5747 771 5812 dominam,
811 5746 1146 5816 reliquisset.
1178 5744 1477 5815 Petephrcs
1503 5742 1804 5815 Josephum
1838 5745 1891 5800 in
1922 5760 2045 5800 ear-

2150 4559 2540 4630 ἀπεμπολῆσαι
2569 4562 2773 4624 αὐτοῖς.
2803 4563 2915 4615 Καὶ
2938 4562 3096 4627 δόξαν
3118 4562 3298 4629 τοῦτο,
3328 4566 3436 4626 τοῖς
3462 4564 3737 4635 ἐμπόροις

2150 4650 2315 4702 αὑτὸν
2362 4652 2710 4706 ἀποδίδονται
2761 4655 2911 4723 μνῶν
2944 4655 3141 4722 εἴκοσι,
3175 4657 3316 4709 ὲτῶν
3365 4658 3739 4710 ἑπτακαίδεκα

2152 4741 2435 4809 γεγονότα.
2501 4743 2731 4815 Ῥουϐὶμ
2798 4746 2858 4799 δὲ
2948 4747 3165 4819 νύκτωρ
3210 4750 3303 4802 ἐπὶ
3361 4749 3456 4801 τὸν
3534 4749 3737 4802 λάκκον

2151 4835 2357 4901 nos»,
2431 4835 2497 4889 ἵν’
2574 4836 2840 4910 ἐξενέγκῃ
2900 4839 2991 4893 τὸν
3074 4840 3271 4911 Ἰωσὴφ
3301 4882 3316 4907 ,
3388 4841 3486 4893 καὶ
3544 4839 3692 4914 σώσῃ
3722 4880 3736 4905 ,

2150 4929 2277 4991 τοὺς
2343 4927 2607 4996 ἀδελφοὺς
2669 4928 2891 4996 λαθὼν,
2964 4933 3061 4985 καὶ
3138 4931 3212 5003 μή
3282 4932 3459 5004 εὑρὼν
3531 4933 3735 5000 αὐτὸν,

2153 5019 2364 5075 πενθῶν
2397 5021 2589 5092 ᾐτιᾶτο
2638 5023 2766 5086 τοὺς
2813 5022 3097 5092 ἀδελφούς.
3129 5026 3252 5078 Τῶν
3296 5024 3353 5078 δὲ
3385 5025 3446 5078 τὸ
3491 5027 3741 5096 πραχθὲν

2153 5111 2505 5182 φρασάντων,
2529 5111 2769 5167 παύεται
2812 5114 2907 5168 τοῦ
2931 5114 3182 5178 πένθους.
3210 5116 3317 5170 Τὸν
3332 5117 3391 5170 δὲ
3413 5118 3739 5189 χιτωνίσκον

2152 5204 2246 5258 τοῦ
2280 5205 2570 5275 μειρακίου
2594 5206 2787 5277 αῖματι
2817 5208 3025 5279 τράγου
3050 5208 3405 5280 μολύναντες,
3432 5204 3569 5284 ἧκον
3602 5211 3740 5282 πρὸς

2149 5294 2244 5348 τὸν
2284 5296 2520 5366 πατέρα,
2549 5298 2644 5350 καὶ
2687 5292 2861 5364 εἷπον,
2896 5300 2989 5352 τὸν
3039 5300 3140 5370 μὲν
3165 5301 3367 5372 Ἰωσήφ
3413 5302 3541 5373 μήτ’
3584 5303 3738 5368 ίδεῖν,

2155 5381 2283 5451 μήθ’
2331 5383 2481 5447 ὅπως
2531 5384 2856 5456 διέφθαρται
2905 5390 3148 5456 γνῶναι·
3189 5391 3396 5461 χιτῶνα
3444 5392 3504 5445 δὲ
3548 5393 3742 5448 τοῦτον

2152 5475 2353 5543 εύρεῖν,
2382 5478 2703 5548 ᾑμαγμένον
2748 5481 2845 5532 καῖ⁸
2894 5479 3252 5552 διερρωγότα.
3298 5482 3499 5537 Ἰακὼϐ
3542 5483 3601 5538 δι
3647 5485 3745 5542 ἐπὶ

2152 5565 2231 5635 τῷ
2254 5566 2528 5637 μειρακίῳ
2556 5568 2772 5624 πενθῶν
2799 5570 3116 5638 ἐκαθέζετο,
3143 5577 3240 5627 καὶ
3262 5576 3466 5629 σάκκον
3488 5576 3742 5640 ἑνδῡσας.

2154 5656 2258 5708 Τὸν
2285 5657 2487 5727 Ἰωσὴφ
2515 5657 2572 5711 δὲ
2604 5660 2667 5712 ὲκ
2698 5660 2809 5713 τῶν
2847 5663 3110 5734 ἐμπόρων
3143 5663 3400 5736 ὠνήσατο
3428 5666 3745 5737 Πετεφρὴς.

2151 5746 2289 5817 ἀνὴρ
2321 5748 2636 5821 Αίγύπτιος,
2664 5752 2755 5805 ἐπὶ
2778 5752 2887 5807 τῶν
2911 5753 3178 5823 βασιλέως
3203 5755 3404 5827 Φαραὼ
3434 5759 3745 5828 μαγείρων,
