4070 6214
364 376 440 437 ’Π
1657 371 1967 431 ANNALH

2106 371 2175 429 Ll
2191 372 2249 429 ll.
2306 372 2355 429 Ι.
3583 382 3650 444 73

370 496 465 546 καί
486 485 631 560 εἶχεν
659 488 821 542 αὑτὸν
841 489 897 538 ὲν
916 486 1076 554 τιμῇ.
1096 485 1206 555 Τῆς
1230 482 1284 537 δὲ
1309 485 1404 538 τοῦ
1423 484 1689 539 δεσπότου
1714 486 1967 553 γυναικὸς

2081 499 2262 539 cerem
2307 483 2679 539 maleficornm
2710 485 2905 558 conjici
2932 486 3111 558 jubet,
3143 505 3253 560 quo
3302 501 3356 547 ct
3393 494 3657 563 pinccrna

364 584 459 637 διὰ
492 600 550 634 τε
587 578 897 649 εὐμορφίαν
945 577 1039 631 καὶ
1088 576 1187 648 τὴν
1226 576 1390 630 αὐτοῦ
1443 575 1726 648 δεξιότητα
1775 579 1969 648 ὲρωτι.

371 674 486 737 κῶς
511 670 876 740 διατεθείσης,
915 670 1009 723 καὶ
1040 668 1233 737 λόγους
1275 670 1405 739 περὶ
1446 668 1649 739 μίξεως
1693 685 1970 738 προσαγα-

367 764 615 834 γούσης,
663 764 1002 833 παρέπεμπε
1066 763 1167 832 τὴν
1230 761 1479 825 ἀξίωσιν.
1534 760 1599 813 Ἡ
1666 760 1724 813 δὲ
1780 760 1968 823 δεινῶς

368 856 816 928 πολιορκουμένη
861 855 938 927 τῷ
984 856 1172 927 ἔρωτι,
1214 855 1482 926 δευτέραν
1528 854 1703 923 ἐπῆγε
1749 855 1965 924 πεῖραν,

364 952 462 1005 καὶ
498 951 561 1003 τὸ
586 949 798 1002 πείθειν
830 948 1171 1017 ἀπογνοῦσα,
1208 947 1494 1019 βιάζεσθαι
1530 946 1742 1017 ῆθελεν.
1786 946 1873 1009 Ὠς
1911 947 1967 999 δὲ

368 1044 469 1097 καὶ
513 1043 576 1094 τὸ
608 1042 828 1111 ἱμάτιον
871 1045 899 1094 ὀ
939 1040 1225 1104 νεανίσκος
1255 1037 1597 1097 καταλιπὼν.
1638 1037 1964 1108 ἐξεπήδησε,

372 1136 618 1205 καθῆστο
670 1133 925 1204 κατηςιὴς
978 1132 1074 1186 καὶ
1121 1132 1526 1203 συγκεχυμένη.
1561 1130 1801 1184 Ἐλθόντι
1829 1129 1885 1181 δέ
1919 1131 1965 1182 τ’

370 1225 531 1294 ἀνδρὶ
583 1224 880 1294 κατηγόρει
921 1222 1018 1276 τοῦ
1057 1222 1280 1294 Ἰωσὴφ,
1337 1224 1432 1276 καὶ
1477 1223 1539 1275 τὸ
1602 1222 1819 1291 ἱμάτιον
1866 1223 1964 1274 ἐπ-

368 1315 674 1376 εδείκνυεν,
703 1313 779 1377 ὣς
811 1313 889 1367 ὅτ’
918 1314 1191 1383 ἐπεχείρει
1229 1313 1533 1383 βιάζεσθαι,
1579 1312 1966 1375 καταλιπόντος

369 1409 526 1461 αὐτό.
563 1407 851 1477 Πετεφρὴς
887 1406 942 1459 δὲ
974 1408 1054 1468 εἰς
1097 1406 1194 1477 τὴν
1234 1404 1342 1458 τῶν
1375 1405 1701 1476 κακούργων
1738 1403 1964 1475 εἱρκτὴν

365 1499 632 1568 ὲμὸἁλλει
678 1501 772 1551 τὸν
807 1499 1011 1566 Ἰωσὴφ
1043 1536 1057 1562 ,
1090 1498 1149 1549 ἐν
1190 1491 1224 1568 ᾖ
1267 1497 1359 1550 καὶ
1404 1497 1433 1550 ὁ
1473 1496 1710 1565 οἰνοχόος
1762 1495 1964 1567 Φαραὼ

364 1588 493 1642 κατ’
524 1588 698 1662 ὀργὴν
739 1589 1143 1651 ὲνεκέκλειστο,
1176 1586 1274 1642 καὶ
1323 1590 1351 1642 ὁ
1397 1586 1840 1658 ἀρχισιτοποιός’
1882 1582 1964 1650 οἷς

367 1682 612 1751 συνήθης
672 1682 993 1751 γενόμενος,
1054 1681 1278 1752 ἠξιοῦτο
1342 1682 1553 1751 φρᾶσαι
1616 1682 1802 1744 αὐτοῖς
1852 1680 1963 1734 τῶν

365 1773 639 1826 ἐνυπνίων
662 1774 763 1844 τὴν
787 1773 1040 1843 δήλωσιν.
1075 1775 1134 1827 Ὀ
1166 1775 1266 1844 μὲν
1307 1773 1416 1844 γὰρ
1447 1773 1685 1844 οἰνοχόος
1716 1770 1962 1843 ἄμπελον

2080 574 2387 629 Pharaonis
2416 590 2514 644 per
2540 574 2884 630 iracundiam
2915 578 3200 649 coniectus
3228 580 3429 646 fuerat,
3463 593 3519 638 ct
3548 602 3656 643 ma-

2078 666 2249 736 gister
2288 667 2598 737 pistorum:
2628 666 2720 736 qui
2791 667 2927 723 inita
2984 686 3108 724 cum
3143 687 3209 726 co
3254 673 3657 741 familiaritate,

2078 760 2339 828 petebant
2369 761 2579 814 somnia
2615 760 2721 816 sibi
2757 762 2825 816 ab
2851 779 2918 817 eo
2942 779 3039 818 sua
3067 763 3360 822 declarari.
3390 768 3658 828 Pincerna

2077 854 2243 908 vitem
2274 853 2381 908 sibi
2412 854 2598 908 videre
2630 854 2776 909 visus
2816 854 3017 920 fuerat,
3059 858 3202 912 unde
3242 868 3353 914 tres
3404 863 3660 930 palmites

2075 954 2497 1007 enascerentur,
2546 946 2612 1000 de
2671 946 2874 1016 quibus
2927 964 3136 1018 magnae
3174 962 3229 1005 et
3274 961 3503 1008 matura:
3543 970 3660 1010 uva:

2077 1036 2478 1106 dependercnt.
2521 1054 2660 1110 quas
2693 1038 2747 1091 in
2780 1039 3021 1110 phialam
3044 1042 3405 1113 exprimeret,
3426 1061 3659 1116 eamque

2075 1129 2347 1183 Pharaoni
2376 1131 2623 1195 ollerrct,
2651 1133 2745 1201 qui
2769 1133 3002 1204 benigne
3020 1144 3359 1205 acceptaret.
3386 1136 3660 1207 Iosephus

2076 1220 2274 1274 bonam
2316 1223 2514 1277 somnii
2543 1238 2664 1279 esse
2697 1224 3154 1295 signiﬁcationem
3179 1227 3459 1282 asserebat
3492 1247 3504 1282 :
3533 1246 3658 1288 nam

2076 1313 2220 1367 intra
2259 1314 2504 1369 triduum
2547 1316 2838 1385 pristinam
2871 1317 2919 1371 ei
2964 1317 3308 1373 iunctionem
3342 1321 3657 1378 restitutum

2076 1405 2192 1460 iri:
2221 1407 2572 1477 petebatque,
2632 1417 2692 1462 ut
2756 1408 2802 1462 is
2864 1409 3031 1463 rebus
3079 1411 3194 1465 suis
3238 1413 3517 1476 secundis,
3573 1417 3659 1469 sui

2077 1493 2485 1548 recordaretur.
2545 1495 2818 1551 Pistorum
2846 1506 3032 1551 autem
3064 1500 3325 1570 magister
3369 1501 3520 1557 visus
3548 1504 3654 1559 sibi

2076 1582 2256 1639 fuerat
2276 1586 2380 1639 tria
2409 1586 2649 1642 canistra
2682 1588 2736 1642 in
2762 1589 2938 1659 capite
2969 1590 3135 1657 l‘errc,
3170 1592 3280 1647 duo
3312 1592 3471 1660 plena
3502 1597 3662 1664 panic

2072 1673 2197 1739 bus,
2231 1676 2455 1731 tertium
2485 1677 2716 1732 obsonio
2740 1681 2976 1734 etvariis
3000 1680 3139 1735 cibis
3160 1681 3448 1748 refertum,
3479 1699 3601 1754 quae
3626 1701 3657 1743 a

2080 1769 2469 1824 devolantibus
2496 1770 2722 1824 alitibus
2751 1770 3145 1840 diriperentur.
3166 1773 3507 1849 Dixitautem
3530 1777 3658 1832 huic

364 1867 503 1936 ζρᾷν
527 1865 733 1932 ἔδοξεν,
769 1865 828 1931 ἐξ
856 1862 922 1939 ἦς
956 1867 1084 1937 τρία
1114 1868 1343 1936 ἐφύοντο
1371 1866 1646 1937 κλήματα,
1679 1860 1754 1921 ὧν
1778 1864 1967 1937 ἀπῃώ-

2074 1862 2239 1917 etiam
2265 1861 2556 1932 Josephus,
2603 1863 2707 1916 tria
2753 1863 2997 1917 canistra
3033 1865 3346 1936 significare
3387 1866 3658 1930 triduum,

366 1972 539 2025 ρηντο
587 1956 818 2024 μεγάλοι
875 1958 969 2010 καὶ
1027 1959 1279 2030 πέπειροι
1324 1959 1569 2028 βότρυες.
1621 1956 1856 2021 Τούτους
1917 1956 1967 2009 δ’

364 2044 688 2098 ἀποθλίϐειν
735 2046 816 2111 είς
859 2048 1081 2119 φιάλην,
1117 2051 1212 2102 καὶ
1257 2052 1555 2120 προσάγειν
1603 2050 1680 2121 τῷ
1733 2049 1960 2121 Φαραὼ,

366 2136 628 2190 κάκεῖνον
655 2138 846 2193 λαϐεῖν
886 2142 1197 2211 προσηνῶς.
1239 2141 1451 2211 ’Λγαθὰ
1483 2142 1616 2211 γοῦν
1670 2140 1961 2212 σημαίνειν

2074 1970 2136 2008 ac
2165 1954 2253 2009 die
2278 1954 2455 2036 .tertia
2498 1970 2829 2025 suspensum
2886 1972 3016 2010 eum
3059 1959 3371 2013 carnivtiris
3427 1960 3659 2015 alitibus

2068 2048 2186 2102 lore
2216 2048 2422 2103 cibum.
2466 2048 2695 2120 Utrique
2757 2050 3010 2106 accidere
3059 2067 3183 2122 quae
3209 2052 3486 2122 Josephus
3522 2070 3660 2126 pra:-

2073 2143 2315 2197 dixerat.

369 2231 524 2302 αὖτῷ
561 2231 652 2284 τὸν
683 2231 893 2303 ὄνειρον
922 2233 1172 2303 ἐξηγεῖτο
1202 2235 1230 2286 ὁ
1260 2234 1488 2307 Ἰωσήφ.
1520 2234 1612 2286 Ἐν
1646 2234 1756 2304 γὰρ
1788 2235 1967 2305 τρισὶν
2008 2235 2264 2304 ἡμέραις,
2308 2237 2429 2293 ταῖς
2494 2234 2904 2303 προσαγούσαις
2934 2237 3015 2300 εἰς
3046 2237 3107 2290 τὸ
3145 2238 3411 2309 πρότερον
3444 2242 3655 2297 duo“-

367 2323 783 2396 τασταθήσεται
818 2324 1153 2397 διακόνημα,
1188 2327 1281 2381 καὶ
1313 2326 1470 2397 ἠξίου
1504 2327 1817 2398 μεμνῆσθαι
1856 2326 2048 2393 αὐτοῦ,
2114 2329 2570 2400 εὐπραγὴσαντα.
2655 2330 2712 2382 ὐ
2750 2328 2807 2382 δὲ
2840 2331 3251 2399 ἀρχισιτοποιὸς
3318 2332 3447 2401 τρία
3513 2337 3657 2391 καινὰ

369 2421 551 2474 {Muci
611 2419 799 2489 φέρειν
854 2419 949 2472 ἐπὶ
995 2422 1093 2489 τῆς
1140 2420 1408 2491 κεφαλῆς,
1461 2421 1555 2474 δύο
1620 2422 1719 2491 μὲν
1768 2403 1952 2490 ἄρτων
1992 2421 2198 2493 πλήρη,
2223 2421 2283 2474 τὸ
2315 2420 2360 2473 δ’
2390 2440 2391 2443 η
2425 2421 2616 2493 ἕτερον
2662 2421 2797 2493 ὂψου
2845 2425 2940 2477 καὶ
2981 2424 3248 2480 ποικίλων
3322 2426 3653 2499 βρωμάτων.

371 2512 457 2567 Τὰ
515 2513 574 2566 δὲ
634 2513 1008 2584 διαρπαγῆναι
1066 2513 1170 2566 ὑπὸ
1231 2515 1452 2584 πτηνῶν
1513 2514 1960 2584 καθιπταμένων.
2007 2515 2154 2583 Ἔφη
2198 2515 2255 2566 δὲ
2305 2518 2400 2568 καὶ
2429 2515 2606 2586 τούτῳ
2652 2516 2680 2567 ὁ
2746 2517 2947 2586 ἰωσὴνρ
2990 2517 3059 2570 τὰ
3101 2520 3228 2590 τρία
3298 2522 3439 2574 κανὰ
3487 2522 3657 2592 τριῶν

371 2604 605 2677 ἡμερῶν
624 2602 767 2658 εἶναι
795 2624 860 2675 ση
870 2605 1130 2673 μαντικὰ,
1156 2605 1252 2659 καὶ
1277 2609 1335 2661 ὲν
1354 2610 1421 2677 τῇ
1441 2606 1600 2679 τρίτῃ
1624 2607 1810 2678 ἡμέρᾳ
1834 2607 2051 2677 μέλλειν
2104 2606 2268 2660 αὐτὸν
2328 2608 2738 2678 κρεμασθέντα,
2807 2610 3179 2680 σαρκοφάγοις
3215 2609 3440 2666 ἔσεσθαι
3491 2613 3655 2683 βορὰν

374 2701 671 2762 πετεινοῖς.
708 2698 907 2766 Γέγονε
940 2697 987 2749 δ’
1016 2696 1103 2751 ἐπ’
1137 2699 1364 2768 ἀμφοῖν,
1399 2699 1473 2763 ὡς
1505 2697 1704 2767 Ἰωσὴφ
1746 2699 2079 2769 ἐξηγήσατο.

450 2791 506 2847 l'.
550 2788 687 2845 Εἶτα
731 2792 809 2861 τῷ
846 2789 1048 2862 Φαραὼ
1080 2792 1108 2844 ὁ
1157 2790 1288 2855 Θεὸς
1326 2792 1477 2860 libat;
1523 2792 1791 2845 ἐνυπνίων
1837 2794 1957 2843 ὲπι-

344 2936 347 2937 ,
376 2885 591 2953 πέμπει
617 2883 826 2945 διττὰς,
855 2884 950 2935 καὶ
978 2882 1076 2945 τὰς
1107 2880 1371 2952 δηλώσεις
1408 2885 1632 2952 ἀμφοῖν.
1679 2882 1736 2936 Ὀ
1774 2883 1830 2935 δὲ
1852 2883 1962 2935 τῶν

376 2979 480 3046 μὲν
528 2976 709 3046 ὄψεων
756 2976 1152 3047 ὲμιμνήσκετο,
1176 2976 1282 3028 τῶν
1323 2975 1367 3027 δ’
1405 2975 1723 3045 ἐξηγήσεων
1765 2975 1962 3029 ἐπελά-

372 3068 521 3122 θετο.
554 3067 833 3134 Συγκαλεί
860 3069 1041 3121 τοίνυν
1069 3070 1198 3131 τοὺς
1235 3067 1344 3121 τῶν
1374 3068 1695 3135 Αἰγυπτίων
1741 3068 1963 3138 σοφοὺς,

2136 2791 2203 2848 Χ.
2240 2793 2508 2847 Ροειιιωο
2535 2793 2683 2847 Deus
2716 2792 2990 2848 Pharaoni
3030 2795 3159 2850 bina
3217 2792 3331 2853 visa
3369 2800 3423 2853 in
3447 2805 3658 2858 somnis

2066 2886 3081 2954 oﬂ'ert,eorumqueenarrationes.At
3128 2886 3219 2944 ille
3267 2890 3384 2945 visa
3428 2892 3655 2961 quidem

2065 2976 2413 3041 meminerat,
2445 2977 2864 3032 enarrationum
2891 2989 3077 3033 autem
3103 2981 3311 3036 oblitus
3330 2982 3531 3038 fuerat.
3553 2984 3657 3040 Its-

2066 3080 2172 3136 quc
2189 3063 2859 3136 sapientelegyptiorum
2874 3077 3160 3133 convocat,
3182 3070 3391 3124 somnia
3408 3082 3653 3137 enarrat,

371 3165 471 3218 καὶ
536 3164 881 3232 ἀπαγγέλλει
957 3165 1140 3227 αὐτοῖς
1203 3163 1273 3217 τὰ
1344 3162 1571 3216 ἐνύπνια
1603 3202 1617 3226 ,
1699 3163 1794 3215 καὶ
1866 3162 1967 3232 τὴν

2072 3158 2586 3229 interpretationem
2631 3157 2872 3227 expetit:
2906 3157 3111 3228 quibus
3140 3158 3526 3217 haesitantibus
3548 3162 3657 3218 ira-

368 3258 607 3328 δήλωσιν
636 3259 897 3311 ἀπαιτεῖ·
954 3256 1309 3327 ἀπορούντων
1354 3256 1407 3309 δ’
1455 3256 1705 3317 ἐκείνων,
1740 3252 1962 3323 ὀργίζε-

371 3368 487 3406 ται.
559 3352 619 3403 '0
668 3350 715 3405 δ’
771 3352 1030 3419 οἰνοχόος,
1090 3350 1140 3401 εί
1195 3350 1287 3401 καὶ
1351 3348 1427 3419 μὴ
1483 3347 1769 3418 πρότερον,
1825 3345 1963 3399 ἀλλὰ

370 3444 497 3497 τότε
585 3442 727 3513 πρὸς
822 3442 1048 3512 μνήμην
1142 3435 1245 3513 ἧκε
1338 3439 1433 3492 τοῦ
1528 3438 1724 3509 Ἰωσὴφ
1763 3481 1777 3505 ,
1871 3440 1964 3493 καὶ

370 3535 625 3593 διδάσκει
720 3536 851 3605 περὶ
943 3534 1159 3588 ἐκείνου
1246 3533 1338 3586 τὸν
1418 3533 1640 3603 Φαραώ.
1732 3534 1964 3600 Ἀγεται

372 3627 554 3681 τοίνυν
599 3626 820 3680 αὐτίκα.
870 3626 930 3678 '0
980 3626 1036 3678 δε
1091 3625 1267 3696 φησί·
1305 3625 1551 3690 Νεανία,
1582 3623 1809 3694 φράσαι
1858 3639 1962 3692 μοι

377 3720 498 3786 τὴν
562 3721 765 3788 κρίσιν
825 3718 943 3771 τῶν
1008 3718 1351 3785 ὀνειράτων,
1413 3711 1611 3785 ὦνπερ
1661 3716 1960 3785 τεθέαμαι.

385 3810 609 3873 Ἐδοξα
657 3811 809 3877 ,βόας
873 3809 1188 3879 εὐτραφεῖς
1250 3809 1400 3862 ἑπτὰ
1467 3809 1786 3876 προϊόντας
1853 3805 1961 3860 τοῦ

373 3902 657 3972 asangm?)
694 3904 844 3970 πρὸς
876 3902 944 3954 τὸ
978 3900 1119 3967 ἕλος
1148 3900 1363 3970 χωρεῖν
1392 3917 1406 3930 ·
1450 3901 1694 3966 ἑτέρους
1728 3898 1779 3950 δ’
1810 3897 1961 3950 ἑπτὰ

372 3995 655 4065 ἰσχνοὺς,
702 3995 799 4048 καί
849 3995 1254 4064 τετηῃιένους
1292 3990 1447 4062 λιμῷ
1481 3991 1589 4044 τοῦ
1637 3990 1820 4056 ἕλους
1863 3990 1961 4054 ἐξ·

371 4089 673 4154 ελθόντας
726 4084 1117 4156 συναντῆσαι
1176 4088 1445 4152 τούτοις,
1502 4086 1597 4139 καί
1649 4082 1961 4153 ,βρωθῆναι

370 4180 534 4251 παρὰ
569 4178 693 4234 τῶν
722 4178 1017 4247 δευτέρων
1057 4178 1201 4244 τοὺς
1243 4178 1514 4246 πρώτους
1554 4178 1650 4229 καὶ
1721 4178 1957 4239 πίονας,

371 4273 475 4327 καὶ
505 4273 722 4343 μένειν
775 4269 860 4324 ἐτ’
914 4272 1138 4336 αὐτοὺς
1196 4270 1410 4339 ὁμοίως
1460 4269 1730 4337 ἱσχνούς.
1777 4263 1959 4332 Αὖθις

372 4366 427 4418 δ’
466 4364 586 4434 ἐρῶ
636 4363 914 4434 στάχυας
950 4363 1101 4416 ἑπτὰ
1128 4363 1451 4432 ensem-mc
1478 4359 1639 4428 ῥίζης
1663 4357 1803 4426 μιᾶς
1853 4360 1959 4411 θα·

372 4459 597 4527 λεροὺς
640 4457 743 4509 καὶ
794 4454 1189 4526 κεκλιμένους
1232 4453 1313 4519 τῷ
1344 4453 1520 4521 ,βάρει
1558 4450 1638 4516 τῷ
1672 4450 1777 4504 τοῦ
1819 4466 1958 4518 καρ-

2070 3252 2261 3306 scitur.
2286 3251 2356 3306 At
2373 3251 2655 3321 pincerna,
2674 3250 2773 3304 etsi
2791 3250 3004 3319 pridem
3022 3250 3247 3318 oblitus,
3268 3253 3487 3309 tandem
3502 3254 3656 3311 Jose-

2070 3342 2163 3412 phi
2182 3342 2323 3399 redit
2341 3343 2396 3396 in
2417 3342 2739 3397 memoriam
2759 3360 2773 3397 :
2795 3343 2863 3397 de
2876 3358 2943 3398 eo
2964 3358 3146 3414 regem
3163 3343 3383 3400 edocet.
3409 3346 3654 3403 Adduci-

2070 3441 2159 3487 tur
2174 3432 2283 3503 29
2306 3432 2396 3487 ille
2419 3434 2621 3488 statim.
2651 3432 2750 3488 Cui
2776 3448 2871 3488 rex
2901 3451 2913 3487 :
2943 3433 3277 3501 Adolescens,
3298 3437 3495 3505 inquit,
3511 3453 3656 3492 som-

2068 3525 2277 3578 niorum
2305 3539 2423 3594 qua:
2468 3524 2576 3580 vidi
2598 3526 2863 3593 judicium
2899 3528 3028 3581 mihi
3060 3528 3296 3583 declara.
3345 3526 3462 3583 Vidi
3504 3530 3655 3584 boues

2067 3632 2138 3670 vn
2168 3617 2427 3686 pingucse
2451 3618 2671 3685 [lumine
2703 3618 3037 3674 ascendentes
3061 3659 3076 3685 ,
3110 3635 3165 3673 se
3196 3621 3434 3689 conferre
3462 3621 3532 3674 ad
3556 3638 3653 3690 pa-

2068 3707 2240 3762 ludem
2266 3749 2282 3773 ,
2331 3709 2516 3779 quibus
2557 3710 2653 3763 alii
2692 3726 2766 3765 vn
2801 3721 3133 3766 occurrerent
3177 3721 3358 3765 tenues
3407 3721 3456 3765 et
3509 3714 3653 3783 {ante

2067 3802 2290 3871 confecti
2312 3819 2329 3856 :
2360 3812 2519 3873 atque
2550 3804 2826 3873 pinguibus
2849 3802 2955 3856 illis
2982 3803 3243 3858 devoratis
3262 3844 3276 3869 ,
3301 3819 3448 3874 ωηατ
3475 3813 3653 3859 tenues

2066 3905 2360 3949 manerent.
2423 3892 2620 3949 Rursus
2658 3897 2763 3950 vidi
2791 3897 2962 3966 spicas
2989 3912 3064 3952 vn
3089 3938 3103 3959 ,
3131 3914 3196 3952 ex
3231 3914 3338 3952 uno
3354 3907 3534 3970 vegeto
3560 3914 3654 3952 ca-

2065 3984 2208 4038 lamo
2261 3993 2487 4052 enatos,
2540 3986 2771 4058 pondere
2828 4003 3121 4057 granorum
3176 3990 3465 4044 inclinatas
3521 4004 3541 4042 :
3587 4009 3651 4047 ac

2061 4094 2228 4149 prope
2277 4062 2398 4134 illas
2435 4081 2650 4135 totidem
2702 4082 2878 4136 uidere
2912 4084 3126 4137 videbar
3166 4084 3338 4153 spicas
3364 4093 3580 4152 tenues,
3607 4100 3656 4145 et

2066 4172 2128 4225 ob
2174 4172 2481 4245 squalorem
2504 4185 2720 4244 aspectu
2745 4177 2944 4245 (tedas,
2982 4191 3100 4244 qua:
3141 4184 3190 4228 et
3222 4175 3351 4244 ipsa:
3390 4176 3647 4244 fecundas

2062 4277 2113 4320 et
2143 4267 2391 4335 pulchras
2426 4275 2808 4321 consumerent.
2837 4267 2918 4321 Ad
2950 4266 3066 4321 haec
3089 4267 3363 4336 Iosephus
3386 4284 3404 4323 :
3431 4269 3549 4326 Etsi
3571 4310 3587 4335 ,
3617 4290 3649 4327 ο

2063 4374 2189 4419 rer,
2229 4358 2446 4427 inquit,
2491 4358 2696 4410 somnia
2737 4357 2861 4411 bina
2908 4368 3070 4423 sunt,
3116 4358 3300 4417 eadem
3350 4370 3530 4415 tamen
3577 4373 3654 4416 est

2062 4449 2335 4517 utriusque
2390 4449 2446 4501 in
2496 4448 2733 4516 futurum
2789 4449 3130 4518 signiﬁcatio.
3185 4450 3327 4506 Nam
3375 4464 3425 4507 et
3454 4455 3648 4522 boues,

375 4550 517 4604 ποῦ.
589 4548 872 4616 Πλησίον
924 4546 979 4599 δ’
1032 4545 1233 4601 αὐτῶν
1288 4547 1639 4612 ἰσαρίθμους
1704 4540 1960 4595 ἐδόκουν

2072 4540 2278 4596 animal
2310 4541 2517 4594 arando
2551 4542 2784 4595 exerceri
2819 4543 3075 4607 solitum,
3114 4561 3147 4597 a
3180 4545 3529 4602 deterioribus
3563 4553 3656 4604 ds-

374 4641 531 4709 όρᾷν
576 4638 854 4706 στάχυας
899 4636 1179 4705 ἀδρανεῖς
1212 4636 1331 4689 ὑπὸ
1365 4633 1653 4702 ἀδροσίας
1687 4632 1787 4685 καί
1815 4631 1965 4702 πρὸς

373 4730 598 4798 ὅρασιν
643 4728 873 4794 ἀηδεῖς,
931 4727 990 4781 οἳ
1041 4728 1141 4780 ναὶ
1179 4724 1525 4793 ἀνήλισκον
1579 4721 1717 4788 τοὺς
1755 4720 1970 4789 εὐκάρ-

376 4841 536 4890 πους
570 4839 636 4876 τε
669 4822 768 4875 καὶ
799 4821 1078 4889 ὡραίους.
1126 4820 1186 4872 Ὀ
1215 4818 1261 4870 δ’
1324 4816 1523 4887 Ἰωσήφ
1547 4832 1561 4846 ο
1611 4813 1743 4869 Κᾶν
1776 4814 1965 4879 διττὰ,

378 4916 573 4988 φησὶν,
610 4909 659 4970 ὦ
694 4911 986 4978 βασιλεῦ,
1022 4910 1141 4965 εἰσὶ
1184 4908 1255 4963 τὰ
1289 4908 1568 4971 ἐνύπνια,
1624 4906 1785 4959 ἀλλὰ
1818 4905 1970 4973 μίαν

375 5013 599 5079 ἔχουσι
647 5006 771 5060 τῶν
811 5006 1167 5075 μελλόντων
1194 5004 1311 5070 τὴν
1335 5000 1628 5067 δήλωσιν.
1669 4999 1735 5051 Οἳ
1766 5014 1830 5049 τε
1860 4998 1970 5066 γὰρ

371 5101 552 5167 βόες,
598 5097 748 5160 ζῶον
794 5098 886 5150 ἐπ’
915 5097 1145 5164 ἀρότρῳ
1178 5093 1431 5158 πονοῦν,
1464 5092 1584 5147 ὑπὸ
1614 5087 1733 5144 τῶν
1776 5090 1971 5160 χειρό-

381 5209 510 5249 νων
553 5191 1028 5259 κατεσθιόμενα,
1081 5186 1181 5240 καὶ
1235 5187 1291 5239 al
1322 5183 1654 5248 θάλλοντες
1702 5181 1970 5250 στάχυες

382 5282 508 5338 ὑπὸ
540 5279 665 5334 τῶν
695 5276 974 5347 ἀδρανῶν
1000 5275 1440 5344 δαπανώμενοι,
1472 5274 1653 5343 λιμὸν
1697 5271 1795 5324 ἐπὶ
1830 5284 1971 5326 τοσ-

381 5374 571 5429 οῦτον
629 5372 737 5441 ἐτη
808 5371 883 5440 τῇ
928 5372 1089 5440 χώρᾳ
1144 5388 1261 5425 σου
1318 5370 1842 5437 καταγγέλλουσιν
1905 5365 1973 5418 ἐν

384 5467 726 5536 ισαρίθμοις
754 5465 1051 5530 ἐνιαυτοῖς
1086 5462 1494 5532 εὐθηνηθείσῃ
1531 5461 1822 5527 πρότερον
1850 5455 1977 5522 τοῖς
2014 5524 2023 5541 κ

387 5557 668 5627 καρποῖς,
713 5557 797 5623 ὡς
842 5555 959 5624 τὴν
1008 5556 1242 5612 τούτων
1275 5554 1566 5623 εὐφορίαν
1589 5548 1976 5617 ἀναλωθῆναι

380 5648 510 5704 ὑπὸ
530 5644 654 5701 τῶν
675 5647 902 5700 ἔπειτα.
934 5649 1002 5701 Et
1020 5645 1090 5699 δὲ
1115 5645 1198 5699 σὺ
1228 5645 1570 5714 ταμιεύσεις
1591 5642 1664 5695 τὰ
1691 5638 1802 5707 τῆς
1832 5641 1978 5707 πρό·

388 5746 567 5815 τέρος
607 5745 1020 5816 εὐδαιμονίας,
1054 5745 1143 5809 είς
1172 5741 1316 5808 τοὺς
1343 5739 1453 5810 τῆς
1489 5737 1743 5808 ἀφορίας
1778 5735 1978 5789 ἐνιαυ-

392 5838 561 5909 τοὺς,
592 5838 809 5907 θήσεις
854 5837 981 5905 τοῖς
1030 5835 1372 5907 Αἰγυπτίοις
1419 5832 1874 5898 ἀνεπαίσθητον
1910 5828 1979 5885 τὸ
2016 5908 2031 5917 _

2069 4633 2242 4691 uorati
2266 4673 2280 4695 .
2312 4642 2362 4686 et
2389 4633 2546 4703 spica,
2571 4636 2817 4702 ﬂorentes
2845 4652 2878 4687 a
2913 4636 3152 4690 tenuibus
3199 4637 3489 4708 absumptce
3510 4680 3528 4704 ,
3579 4651 3653 4696 tot

2071 4744 2333 4783 annorum
2377 4727 2571 4797 famem
2612 4737 2714 4783 tua:
2762 4729 2965 4798 regioni
3004 4731 3354 4799 portendunt,
3387 4748 3504 4786 cum
3531 4736 3653 4803 qui-

2072 4820 2190 4876 dem
2223 4820 2440 4873 totidem
2489 4820 2645 4873 annis
2687 4828 2972 4889 proventus
3014 4836 3239 4876 annona:
3277 4822 3575 4879 uberrimus
3616 4845 3651 4881 ιι

2073 4911 2447 4982 posterioribus
2490 4912 2558 4964 sit
2608 4911 2981 4965 absumendus.
3037 4913 3116 4968 Tu
3141 4929 3282 4978 vero,
3331 4916 3377 4969 si
3422 4917 3651 4985 priorem

2073 5008 2279 5074 c0piam
2301 5006 2355 5057 in
2385 5002 2679 5058 sterilitatis
2703 5020 2873 5059 annos
2905 5007 3198 5074 seposueris
3218 5046 3235 5071 ,
3263 5023 3474 5061 sensum
3504 5011 3653 5063 istius

2075 5096 2400 5150 calamitatis
2451 5093 2715 5164 (Egyptiis
2768 5095 2988 5151 adimes.
3048 5096 3262 5152 Pharao
3304 5099 3528 5168 Josephi
3568 5117 3654 5155 sa-

2076 5184 2284 5256 pientia
2332 5184 2790 5253 obstupefactus,
2841 5196 2956 5241 tum
3008 5185 3079 5239 ob
3128 5188 3467 5243 somniorum
3520 5203 3652 5243 con-

2072 5272 2382 5342 jecturam,
2431 5279 2545 5324 tum
2603 5281 2831 5341 propter
2871 5273 3163 5329 consilium
3211 5294 3225 5330 :
3265 5275 3381 5341 Tu,
3430 5276 3648 5345 inquit.

2075 5362 2216 5433 ipse,
2252 5376 2431 5415 rerum
2459 5365 2686 5417 istarum
2719 5364 2979 5433 conjector
3003 5373 3053 5419 et
3084 5382 3293 5430 suasor,
3330 5366 3465 5419 idem
3490 5368 3649 5425 etiam

2078 5451 2417 5507 consiliorum
2471 5453 2879 5507 administrator
2920 5455 3045 5513 eris.
3090 5455 3278 5524 Itaque
3322 5462 3649 5523 potestatem

2079 5561 2255 5601 suam.
2294 5546 2352 5601 in
2378 5562 2504 5601 eum
2532 5546 2784 5610 confert,
2820 5554 2880 5599 ut
2903 5555 2961 5601 et
2992 5547 3173 5617 sigillo
3193 5547 3494 5600 Pharaonis
3522 5555 3646 5602 ute-

2082 5646 2270 5700 retur,
2323 5645 2380 5691 et
2414 5651 2713 5707 purpuram
2746 5644 3018 5705 gestaret,
3049 5644 3106 5690 et
3138 5649 3305 5689 curru
3334 5633 3648 5699 veheretur,

2081 5730 2294 5786 Accidit
2325 5730 2432 5785 hoc
2478 5729 2716 5799 Josepho
2738 5727 2807 5783 50
2836 5742 3011 5781 annos
3047 5736 3209 5791 nato,
3247 5742 3408 5797 quem
3444 5729 3653 5785 Pharao

2083 5820 2754 5894 Psoathomphttnechum,
2780 5819 2885 5874 hoc
2915 5827 3018 5885 est,
3048 5817 3372 5876 occultorum
3396 5822 3650 5893 interpre-
