4070 6214
449 472 515 533 83
1721 470 2043 532 JOANNIS
2079 468 2398 529 ZONARB
3647 471 3718 536 86

520 588 615 646 λιι
669 588 903 665 rEgyptii
932 633 947 654 .
985 592 1111 661 quia
1161 588 1355 645 ﬂorere
1401 590 1663 645 videbant
1713 588 2018 649 lsraelitas,

2200 586 2298 639 ΠΥ.
2332 588 2621 652 Αἰγύπτιοι
2673 587 2727 640 δὲ
2772 586 3129 656 ἀκμάζοντας
3181 588 3310 650 τοὺς
3367 587 3717 657 Ἰσραηλίτας

452 684 606 738 obliti
632 684 852 754 Josepbi
880 728 893 748 ,
925 686 1103 741 varias
1146 685 1201 737 in
1246 698 1343 738 ecs
1384 696 1657 736 a‘rumnas
1691 681 2023 750 excogitant.

452 769 584 828 Nam
628 785 684 830 ct
727 776 909 829 Nilum
964 776 1018 829 in
1067 775 1333 845 plurimas
1381 774 1556 829 fossas
1605 773 1855 828 derivare
1905 773 2024 842 jus-

451 874 642 918 serunt
670 906 684 925 .
732 876 786 920 ct
819 866 982 920 urbes
1013 866 1353 922 circumdare
1387 864 1694 927 menibus,
1724 875 1779 918 ct
1801 877 2028 933 aggeres

455 956 736 1021 excitare,
787 957 893 1027 32
946 971 1045 1025 per
1072 972 1212 1025 quos
1256 956 1361 1011 Nili
1398 955 1799 1009 exundationes
1859 969 2023 1009 coer‘

456 1055 748 1109 cerentur,
798 1056 856 1102 et
929 1046 1237 1117 pyramides
1309 1056 1617 1100 exstruere.
1703 1043 2023 1114 llujusmodi

458 1136 625 1205 igitur
672 1138 837 1193 rebus
889 1137 1150 1193 Hebraeos
1191 1137 1600 1192 escruciabaut.
1637 1137 1715 1191 Ac
1758 1136 1920 1204 longo
1949 1136 2024 1190 illi

461 1237 706 1297 tempore
741 1228 873 1285 istas
895 1244 1169 1285 aerumnas
1209 1229 1535 1292 tolerarunt,
1557 1243 1682 1283 cum
1709 1228 1931 1298 quidam
1960 1244 2027 1282 ex

458 1318 837 1374 sacerdotibus
874 1320 1141 1374 Pharaoni
1201 1320 1455 1383 nuntiat,
1490 1319 1609 1375 fore
1659 1329 1717 1373 ut
1766 1320 1912 1375 circa
1969 1322 2023 1375 id

460 1418 678 1479 tempus
719 1410 943 1481 quidam
995 1411 1258 1467 Israelitis
1291 1421 1630 1473 nasceretur,
1659 1411 1753 1475 qui
1800 1412 1846 1466 si
1894 1411 2026 1466 ado-

458 1499 715 1567 levissvt,
749 1513 805 1558 et
845 1504 1133 1576 Egyptios
1183 1506 1583 1575 depressuros,
1631 1516 1688 1561 et
1738 1508 2028 1577 populares

455 1607 586 1647 suos
626 1603 920 1649 evecturus
942 1605 1107 1652 esset.
1142 1596 1258 1664 Qua
1311 1613 1368 1653 re
1418 1598 1749 1667 perterritus
1793 1600 2022 1659 Pharao,

454 1700 646 1739 oiunes
691 1687 963 1742 masculos
997 1688 1089 1757 qui
1124 1687 1369 1743 Hebraeis
1412 1700 1794 1750 nascerentur.
1828 1690 1881 1743 in
1920 1689 2022 1744 llu-

454 1791 579 1831 mcn
624 1777 900 1847 projectos
946 1780 1128 1835 necari
1156 1781 1333 1851 jubet.
1369 1781 1523 1847 Quod
1572 1782 1886 1851 quicunque
1928 1797 2025 1851 pa-

455 1875 672 1922 rentum
711 1869 1045 1939 negligerent
1071 1910 1086 1933 ,
1109 1884 1234 1924 cum
1266 1871 1413 1924 omni
1450 1868 1654 1926 familia
1693 1871 1971 1939 perituros
2005 1886 2018 1922 :
2061 1909 2105 1967 ῃ

453 1967 507 2009 ct
572 1969 762 2028 partus
832 1960 1207 2017 Hebr-ararum,
1252 1963 1546 2019 mulierum
1617 1962 1689 2017 ab
1757 1961 2028 2031 Egyptiis

453 2048 848 2105 obstetricibus
887 2052 1175 2107 observari
1224 2054 1403 2123 jubet.
1460 2055 1538 2111 Ac
1575 2054 1652 2109 illi
1697 2054 1920 2123 quidem
1974 2052 2030 2105 in

454 2139 542 2196 bis
569 2152 747 2197 erant.
793 2141 1025 2209 Quidam
1068 2153 1253 2199 autem
1304 2143 1390 2197 vir
1435 2144 1639 2199 nobilis
1674 2144 1748 2198 ob
1785 2143 2030 2199 edictum

453 2231 598 2284 istud
646 2232 951 2303 angebatur
988 2233 1136 2295 (nam
1179 2249 1317 2287 uxor
1347 2234 1468 2303 ejus
1518 2232 1728 2289 ferebat
1780 2231 2025 2297 uterum)

453 2337 517 2376 nc
543 2332 798 2392 precatus
820 2324 1009 2390 Deum,
1039 2325 1093 2380 in
1116 2325 1325 2380 somnis
1347 2334 1624 2388 mouetur,
1645 2340 1713 2379 ne
1739 2326 1992 2395 desperet
2016 2342 2030 2381 :

452 2413 591 2468 Nam
626 2422 676 2467 et
701 2431 831 2484 puer
859 2416 1062 2486 (inquit
1102 2417 1268 2481 Deus)
1295 2432 1448 2487 quem
1476 2418 1722 2471 dixerunt
1752 2415 1989 2489 Αὲονριὶί
2012 2460 2029 2485 ,

455 2517 573 2561 t-ms
619 2510 761 2571 erit,
811 2516 861 2561 et
914 2511 1142 2564 manebit
1194 2511 1473 2565 incolumis
1503 2552 1521 2575 ,
1565 2518 1616 2564 et
1666 2511 2034 2582 ignorantibus

453 2598 849 2654 insidiatoribus
898 2603 1213 2657 educabitur
1262 2618 1281 2656 :
1325 2612 1374 2656 et
1421 2602 1764 2673 popularibus
1807 2604 1916 2656 suis
1968 2618 2033 2655 ea:

453 2688 770 2762 Egyptiaca
815 2696 1062 2751 servitute
1100 2698 1320 2766 ereptis,
1363 2703 1564 2751 a'terna
1599 2697 1857 2750 memoria
1891 2695 2029 2749 cele-

454 2778 715 2837 brabitur.
768 2781 965 2839 Frater
995 2787 1117 2840 item
1152 2787 1266 2856 ejus
1294 2803 1411 2840 cum
1447 2789 1557 2842 suis
1603 2789 1823 2856 posteris
1859 2803 2036 2842 sacer-

455 2874 550 2928 dos
595 2892 741 2931 meus
780 2892 983 2948 semper
1010 2880 1129 2933 erit.
1190 2878 1337 2935 Uxor
1368 2879 1507 2934 clam
1538 2878 1868 2934 custodibus
1901 2892 2035 2948 pue-

458 2982 582 3021 rum
622 2983 823 3024 marem
851 2971 903 3025 ei
928 2972 1109 3040 parit,
1153 2987 1317 3042 quem
1360 2981 1469 3027 tres
1507 2987 1726 3028 menses
1774 2980 2035 3042 parentes

456 3060 632 3116 alunt.
679 3061 784 3118 Sed
840 3073 991 3118 metu
1042 3062 1265 3119 tandem
1314 3065 1573 3128 subacti.
1630 3066 1865 3122 salutem
1913 3064 2033 3135 ejus

457 3149 571 3207 Deo
618 3153 969 3210 committunt
997 3172 1011 3213 :
1044 3171 1109 3211 ac
1140 3156 1193 3210 in
1229 3155 1489 3211 ﬁscellam
1534 3156 1803 3212 bitumine
1841 3155 2032 3211 illitam

2127 678 2385 747 ὁρῶντες,
2418 678 2513 731 καὶ
2542 680 2637 733 τοῦ
2678 679 2880 748 Ἰωσὴφ
2931 678 3381 747 ἐπιλελησμένοι,
3427 679 3715 733 ταλαιπω-

2132 769 2254 840 ρίας
2306 770 2559 833 ποικίλας
2601 770 2721 823 κατ’
2779 770 2957 825 αὐτῶν
3004 771 3285 823 ὲπένοουν.
3341 770 3447 823 Τόν
3487 787 3548 823 τε
3601 771 3719 840 γὰρ

2130 862 2375 928 ποταμὸν
2403 863 2483 922 εἰς
2525 860 2803 931 διώρυχας
2847 862 3106 923 πλείστας
3150 864 3490 929 κατατεμεῖν
3529 864 3718 927 αὐτοῖς

2130 952 2425 1017 ἐπέταξαν,
2479 955 2574 1006 καὶ
2616 953 2970 1023 οἰκοδομῆσαι
3012 953 3167 1023 τείχη
3209 956 3327 1015 ταῖς
3372 953 3586 1018 πόλεσι,
3621 956 3716 1008 καὶ

2128 1043 2362 1114 χώματα
2395 1046 2701 1114 ἀνεγεῖραι,
2734 1044 2822 1097 ἵνα
2858 1045 2927 1096 δι’
2958 1045 3144 1097 αὐτῶν
3173 1046 3201 1098 ὁ
3241 1045 3490 1114 ποταμὸς
3522 1046 3719 1115 λιμνά-

2128 1137 2244 1201 ζειν
2271 1138 2601 1205 ἀνείργοιτο,
2634 1139 2730 1190 καὶ
2761 1138 2987 1208 άνιστᾷν
3006 1136 3343 1207 πυραμίδας,
3372 1138 3467 1189 καὶ
3498 1137 3718 1202 τούτοις

2127 1230 2257 1291 τοὺς
2297 1227 2580 1297 Ἐϐραίους
2622 1227 2932 1298 ἐξέτρυχον.
2987 1229 3195 1297 Χρόνον
3244 1228 3343 1298 μὶν
3380 1228 3475 1281 οὖν
3519 1230 3718 1300 συχνὸν

2129 1322 2215 1372 ἐπ’
2248 1321 2439 1383 αὑταῖς
2483 1321 2739 1390 διήνυσαν
2768 1324 2888 1383 ταῖς
2919 1320 3253 1376 κακώσεσιν.
3292 1319 3426 1375 Εἶτα
3463 1323 3573 1377 τῶν
3614 1324 3717 1376 Ἰε-

2133 1413 2569 1483 ρογρσμματέων
2613 1430 2700 1476 τις
2748 1413 3004 1481 ἀγγέλλει
3056 1414 3133 1483 τῷ
3178 1414 3401 1483 Φαραὼ,
3446 1415 3715 1485 τεχθήσε-

2130 1505 2255 1557 σθαι
2277 1506 2400 1558 τινὰ
2435 1504 2558 1558 κατ’
2589 1506 2799 1557 ἐκεῖνον
2830 1506 2922 1558 τὸν
2947 1506 3140 1571 καιρὸν
3166 1508 3281 1569 τοῖς
3324 1506 3716 1577 Ἰσραηλίταις,

2127 1591 2186 1652 ὃς
2218 1592 2445 1660 τραφεὶς
2473 1593 2804 1646 ταπεινώσει
2844 1593 2942 1663 μὲν
2984 1595 3114 1657 τοὺς
3153 1595 3512 1662 Αἰγυπτίους,
3546 1599 3720 1667 αὐξή-

2130 1699 2214 1734 σει
2243 1681 2301 1735 δὲ
2330 1682 2457 1744 τοὺς
2488 1684 2796 1751 ὁμογενεῖς.
2834 1682 3030 1744 Δείσας
3066 1678 3163 1736 οὖν
3185 1683 3214 1734 ό
3240 1683 3468 1753 Φαραὼ,
3500 1686 3719 1741 κελεύει

2130 1776 2240 1827 πᾶν
2268 1775 2435 1845 ἄρσεν
2461 1773 2772 1843 γενώμενον
2799 1777 2911 1839 τοῖς
2941 1775 3238 1843 Ἑϐραίοις,
3272 1777 3606 1845 ῥιπτοῦντας
3637 1781 3719 1842 είς

2131 1868 2225 1921 τὸν
2245 1867 2514 1935 ποταμὸν,
2546 1866 2890 1935 διαφθείρειν
2918 1880 2933 1895 ⁸
2971 1867 3098 1927 τοὺς
3138 1866 3195 1919 δὲ
3228 1866 3304 1937 μὴ
3327 1866 3470 1922 οὕτω
3497 1870 3711 1922 ποιοῦν.

2135 1977 2232 2023 τας
2261 1959 2369 2012 τῶν
2399 1959 2608 2011 παίδων
2643 1960 2847 2019 τοκεῖς,
2894 1957 3145 2027 παγγενῆ
3189 1958 3534 2027 ἀναιρεῖσθαι
3571 1977 3585 1993 δ
3620 1963 3718 2014 καὶ

2133 2052 2259 2113 τοὺς
2287 2050 2541 2113 τοκετοὺς
2563 2049 2623 2102 δὲ
2648 2048 2755 2102 τῶν
2788 2049 3062 2118 Ἐϐραίων
3090 2051 3387 2118 γυναικῶν,
3417 2050 3516 2114 τὰς
3546 2053 3719 2121 Αίγυο

2133 2142 2297 2205 πτίας
2351 2141 2516 2211 μαίας
2562 2141 3032 2211 παραφυλάττειν.
3081 2142 3193 2196 Καὶ
3229 2143 3280 2194 oi
3324 2142 3423 2211 μὲν
3458 2139 3601 2215 ἦσαν
3660 2149 3722 2200 ὲν

2133 2232 2364 2295 τούτοις.
2411 2233 2576 2304 ’Δνὴρ
2613 2232 2671 2286 δέ
2701 2249 2783 2296 τις
2814 2232 2923 2285 τῶν
2957 2231 3018 2286 εὖ
3049 2234 3356 2302 γεγονότων
3381 2233 3521 2303 πρὸς
3543 2235 3722 2290 ταῦτα

2133 2326 2365 2379 διέκειτο
2394 2325 2668 2396 χαλεπῶς.
2712 2328 3039 2397 Ἐκυοφόρει
3081 2328 3190 2395 γὰρ
3238 2329 3271 2395 ἡ
3319 2330 3513 2383 τούτου
3554 2330 3718 2401 γυνὴ,

2136 2420 2229 2473 καὶ
2251 2417 2429 2471 ἐδέετο
2450 2417 2545 2471 τοῦ
2569 2418 2727 2472 Θεοῦ.
2758 2420 2849 2488 Μὴ
2872 2418 3278 2485 ἀπογινώσκειν
3297 2422 3354 2474 δὲ
3371 2422 3494 2475 καθ’
3514 2421 3722 2484 ὕπνους

2136 2511 2476 2582 προσέταξεν
2505 2507 2656 2579 αὐτῷ
2686 2511 2714 2561 ό
2742 2508 2964 2570 Θεός.Ὅ
3001 2527 3064 2563 τε
3102 2511 3212 2578 γὰρ
3248 2512 3411 2578 παῖς,
3443 2512 3517 2565 ὃν
3542 2509 3725 2568 εἷπον

2136 2602 2461 2671 Αἰγύπτιοι,
2511 2600 2644 2665 σὸς,
2692 2600 2925 2668 ἔλεγεν,
2974 2598 3170 2663 ἔσται,
3207 2603 3303 2656 καί
3353 2602 3723 2672 σωθήσεται,

2136 2696 2232 2750 καί
2291 2694 2679 2764 τραφήσεται,
2744 2692 2951 2748 λαϐὼν
2997 2692 3141 2759 τοὺς
3181 2693 3723 2763 ἐπιϐουλεύοντας,

2137 2790 2234 2843 καὶ
2286 2789 2463 2842 λύσει
2515 2786 2629 2855 μὲν
2678 2783 2785 2852 τῆς
2849 2784 2984 2853 παρ’
3029 2787 3377 2853 Αἰγυπτίοις
3438 2787 3726 2854 δουλείας

2136 2880 2279 2945 τοὺς
2316 2879 2686 2948 ὁμοφύλους,
2735 2875 2979 2945 μνήμης
3011 2874 3079 2928 δὲ
3125 2876 3370 2931 αὶωνίου
3423 2878 3725 2942 τεύξεται.

2149 2970 2214 3023 Ὀ
2270 2968 2339 3022 δὲ
2383 2966 2649 3035 ἀδελφὸς
2687 2966 2876 3021 αὐτοῦ
2915 2965 3221 3034 ἱερὰσεται
3272 2986 3375 3037 μοι
3425 2968 3550 3023 σὺν
3598 2970 3732 3038 τοῖς

2138 3062 2413 3129 ἐκγόνοις
2438 3057 2787 3123 διαπαντός.
2843 3059 3031 3111 Τίκτει
3086 3058 3266 3111 τοίνυν
3320 3059 3471 3130 αὐτῴ
3519 3062 3729 3133 ὴγυνὴ

2143 3151 2355 3205 παιδίον
2389 3150 2579 3222 ἄρρεν,
2604 3148 2847 3202 λαθοῦσα
2880 3150 3007 3212 τοὺς
3036 3148 3308 3219 φύλακας,
3339 3155 3434 3204 καὶ
3462 3153 3731 3223 τρέφεται

459 3241 774 3310 impositum
817 3242 1081 3299 infantem
1108 3283 1126 3309 ,
1154 3245 1207 3298 in
1261 3244 1485 3299 fluvium
1531 3245 1829 3300 demittunt
1877 3244 2032 3298 :Ma‘

2143 3241 2295 3313 παρὰ
2334 3242 2440 3294 τῶν
2486 3240 2751 3294 τεκόντων
2799 3239 2861 3293 τὸ
2915 3239 3114 3311 βρέφος
3166 3241 3259 3294 ἐπὶ
3312 3242 3490 3312 μῆνας
3550 3245 3729 3313 τρεῖς.

459 3331 690 3386 riamme
726 3335 882 3402 pueri
905 3348 1095 3390 sorore
1128 3336 1459 3389 observante
1482 3376 1497 3397 ,
1529 3334 1661 3406 quid
1701 3334 1769 3389 de
1798 3350 1866 3390 eo
1892 3334 2040 3389 futu-

457 3430 773 3476 rumcsset.
825 3421 1037 3480 Interea
1085 3423 1442 3480 Thcrmuthis
1480 3424 1588 3478 tilia
1641 3422 1945 3483 Pharaonis
1972 3424 2040 3480 ad

457 3512 633 3580 ripam
704 3512 975 3580 lusitans,
1046 3516 1304 3571 fiscellam
1384 3516 1580 3580 videt,
1653 3518 1771 3572 tolli
1840 3516 2037 3588 jubet,

456 3616 799 3672 puerumque
849 3603 1029 3660 visum
1074 3604 1146 3672 ob
1201 3606 1667 3675 pulchritudinem
1713 3618 1772 3664 et
1821 3611 2036 3680 magni-

461 3693 707 3747 tudinem
763 3693 963 3765 diligit.
1010 3695 1377 3753 Adducuntur
1421 3697 1688 3770 [Egyptiae
1733 3700 2033 3764 mulieres,

460 3783 746 3841 laetatura:
790 3801 1021 3857 puerum
1072 3804 1085 3842 :
1132 3796 1188 3842 at
1229 3788 1320 3844 ille
1384 3805 1672 3845 mammam
1726 3790 2038 3863 Egyptiam

457 3886 762 3932 aversatur.
804 3878 954 3933 Tum
987 3880 1301 3937 Mariamme
1326 3923 1341 3946 ,
1370 3883 1525 3952 quasi
1574 3882 1804 3939 fortuito
1858 3884 2039 3940 inter-

454 3967 700 4022 venisset
730 3984 746 4022 :
786 3968 1009 4040 Regina,
1034 3971 1235 4043 inquit,
1261 3975 1306 4028 si
1334 3973 1557 4029 IIebrwa
1591 3974 1782 4029 mulier
1812 3986 2043 4040 uocetur,

457 4058 696 4124 fortassis
756 4062 997 4116 admittet
1073 4080 1359 4120 mammam
1420 4066 1619 4134 infans.
1684 4067 1778 4121 [lla
1840 4070 2022 4123 vocari

452 4152 611 4224 jubet
643 4170 658 4207 :
691 4154 987 4210 adducitur
1011 4156 1165 4226 pueri
1204 4166 1400 4223 mater,
1431 4158 1520 4213 cui
1551 4158 1909 4215 Tbcrmuthis
1934 4159 2040 4214 alio

455 4243 697 4303 muniam
750 4250 871 4321 ejus
926 4251 1179 4308 mercede
1225 4253 1408 4316 locat,
1454 4254 1675 4310 nomine
1725 4270 1793 4309 ex
1837 4262 2045 4309 eventu

458 4338 655 4396 indito.
695 4341 830 4397 Nam
866 4358 1066 4413 aquam
1086 4362 1196 4400 mos
1221 4354 1423 4401 vocant
1444 4345 1685 4419 Egyptii
1704 4365 1719 4415 ;
1740 4350 1890 4420 byses
1911 4387 1926 4413 ,
1949 4363 2047 4405 eos

459 4432 557 4502 qui
582 4447 652 4486 ex
689 4448 830 4502 aqua
866 4436 1201 4505 eripiuntur.
1237 4440 1522 4497 Ambobus
1556 4441 1726 4512 igitur
1746 4441 1836 4497 his
1860 4443 2048 4498 verbis

458 4524 778 4592 compositis
801 4567 816 4590 ,
855 4527 922 4581 ad
960 4527 1184 4586 infantis
1221 4546 1418 4588 nomen
1455 4532 1547 4587 illa
1589 4549 1687 4588 usa
1722 4543 1828 4589 est.
1867 4533 2045 4590 Moses

461 4613 530 4668 ab
563 4615 878 4672 Abrahamo
915 4620 1188 4685 septimus
1219 4630 1562 4677 numeratur.
1592 4624 1729 4678 Nam
1768 4624 2042 4677 Amarami

464 4707 609 4764 filius
652 4706 792 4772 luit,
831 4707 1071 4765 Caathus
1094 4712 1369 4766 Amarami
1403 4721 1580 4783 pater,
1603 4714 1695 4770 ille
1731 4715 1891 4771 Levis
1913 4715 2051 4778 ,Le-

462 4804 545 4859 vis
565 4801 777 4865 Jacobi,
793 4800 1030 4858 Jacobus
1053 4802 1218 4858 lsaaci
1242 4804 1406 4867 ﬁlius,
1432 4815 1590 4875 patre
1612 4807 1727 4861 nati
1752 4806 2049 4863 Abraamo.

464 4899 669 4954 Mosem
734 4902 845 4950 tres
897 4909 1071 4950 annos
1113 4903 1300 4950 natum
1343 4906 1400 4952 et
1439 4907 1668 4953 staturae
1706 4901 2010 4969 proceritas
2037 4943 2052 4965 ,

464 4989 570 5060 33
599 4996 656 5044 et
682 4987 870 5042 formae
898 4986 1187 5058 elegantia,
1215 4986 1484 5044 beneﬁcio
1524 4989 1763 5059 quodam
1804 4992 2052 5047 numinis

465 5080 836 5137 decorabant:
884 5078 1163 5151 ingenium
1196 5095 1359 5150 porro
1401 5096 1566 5152 supra
1600 5091 1821 5151 captum
1871 5089 2048 5144 aetatis

467 5174 523 5229 in
579 5189 647 5229 eo
694 5172 964 5229 elucebat.
1016 5171 1370 5228 Thermutbis
1412 5174 1599 5244 itaque
1646 5175 1781 5229 orba
1830 5176 2043 5247 liberis,

465 5283 593 5322 eum
618 5264 865 5335 adoptat,
887 5262 953 5318 ad
985 5272 1192 5334 patrem
1225 5263 1404 5320 affert.
1460 5264 1509 5320 ls
1535 5280 1762 5335 puerum
1797 5271 2044 5342 comple-

468 5360 658 5423 ctitur,
681 5363 739 5415 et
764 5354 1015 5410 diadema
1050 5370 1147 5426 per
1184 5355 1475 5412 blanditias
1517 5357 1568 5412 ei
1598 5356 1868 5427 imponit:
1898 5363 2043 5431 quod

471 5466 628 5522 puer,
655 5457 715 5504 ut
746 5447 855 5504 fert
883 5446 1032 5502 illius
1063 5447 1241 5502 artatis
1270 5447 1614 5518 simplicitas,
1646 5436 1798 5507 bumi
1831 5453 2041 5525 abjicit,

2142 3332 2453 3396 Δεδοικότες
2504 3331 2581 3397 δὲ,
2640 3333 2731 3384 ἐπὶ
2780 3330 2860 3402 τῷ
2892 3330 3013 3401 Θεῷ
3063 3333 3164 3400 τὴν
3220 3332 3390 3386 αὑτοῦ
3446 3336 3731 3405 σωτηρίαν

2145 3424 2492 3494 πεποίηνται,
2516 3423 2613 3476 καὶ
2636 3423 2857 3492 πλέγμα
2881 3439 2931 3474 τι
2963 3424 3438 3494 μηχανησάμενοι,
3462 3426 3735 3497 ἀσφάλτῳ

2144 3533 2203 3569 τε
2234 3516 2679 3587 περιχρίσαντες,
2718 3514 2991 3567 ἐντιθέασι
3036 3515 3097 3567 τὸ
3142 3513 3367 3585 βρέφος,
3403 3517 3499 3569 καὶ
3529 3518 3733 3585 ἀφιᾶσι

2147 3611 2287 3681 μετά
2318 3607 2413 3662 τοῦ
2449 3607 2693 3676 ποταμοῦ
2747 3607 2882 3676 (53).
2945 3607 3009 3661 Ἦ
3034 3607 3092 3659 δὲ
3141 3608 3236 3661 τοῦ
3272 3608 3483 3661 παιδίου
3515 3609 3734 3677 ἀδελφὴ

2145 3703 2481 3772 Μαριάμμη.
2509 3699 2813 3769 παρετήρει
2838 3697 2898 3751 τὸ
2927 3698 3319 3768 γενησόμενον.
3348 3700 3632 3764 Παίζουσα
3664 3704 3732 3758 δὲ

2148 3793 2297 3864 παρὰ
2316 3794 2434 3856 ταῖς
2464 3790 2653 3860 ὄχθαις
2683 3789 2776 3843 τοῦ
2804 3789 3052 3861 ποταμοῦ
3072 3790 3448 3863 Θέρμουθι·,ή
3477 3790 3734 3865 Θυγάτηρ

2145 3884 2365 3955 Φαραὼ,
2418 3886 2523 3956 ὁρᾷ
2572 3883 2632 3936 τὸ
2677 3882 2922 3952 πλέγμα,
2981 3881 3079 3936 καὶ
3133 3884 3393 3936 στείλασα
3437 3873 3736 3954 κομίζεται

2144 3978 2325 4031 τοῦτο.
2367 3975 2574 4029 ἰδοῦσα
2615 3975 2672 4028 δὲ
2728 3974 2789 4027 τὸ
2848 3974 3088 4037 παιδίον,
3142 3974 3431 4046 ἠγάπησεν
3465 3975 3601 4029 αὐτὸ
3633 3978 3736 4031 καὶ

2146 4070 2235 4124 διὰ
2282 4067 2498 4130 κάλλος,
2535 4067 2628 4119 καὶ
2662 4066 2749 4118 διὰ
2795 4064 3046 4135 μέγεθος.
3096 4066 3206 4118 Καὶ
3242 4067 3589 4136 παράγονται
3627 4085 3735 4137 γυ-

2148 4165 2331 4226 ναῖκες
2358 4159 2655 4224 Αἰγύπτιαι
2691 4158 3027 4227 θηλάσουσαι
3047 4158 3207 4212 αὑτό.
3238 4160 3310 4212 Τὸ
3340 4160 3396 4213 δὲ
3430 4160 3605 4232 θήλην
3632 4164 3738 4218 αὖ·

2144 4255 2255 4309 τῶν
2270 4256 2331 4308 οὑ
2360 4252 2633 4325 προσίετο.
2667 4251 2732 4303 Ἦ
2746 4250 2803 4302 δὲ
2831 4250 3148 4321 Μαριάμμη
3173 4250 3250 4313 ὡς
3274 4252 3416 4321 τάχα
3443 4250 3737 4324 παρατύγ-

2147 4349 2404 4419 χάνουσα,
2461 4343 2828 4405 Βασίλιονσα,
2884 4341 3031 4399 εἶπε.
3095 4343 3151 4395 ει
3192 4342 3421 4411 Ἑϐραϊς
3474 4347 3733 4415 κληθείη

2147 4442 2325 4513 γυνὴ,
2356 4442 2502 4506 ἴσως
2530 4437 2902 4509 προσήσεται
2934 4435 3135 4503 θήλην
3170 4437 3238 4489 τὸ
3265 4437 3500 4506 ,βρέφος
3528 4443 3738 4510 dm.

2147 4534 2316 4597 νοῦς.
2378 4533 2446 4588 Ἦ
2477 4530 2554 4592 δὲ.
2597 4529 2895 4591 Κάλεσον,
2941 4527 3070 4596 ἔφη·
3136 4527 3229 4581 καὶ
3279 4529 3577 4599 παρήγαγε
3626 4532 3735 4604 τὴν

2158 4623 2391 4699 μητέρα.
2427 4620 2537 4674 Καὶ
2567 4623 2598 4689 ἠ
2635 4617 2940 4689 Θέρμουθις
2976 4618 3074 4686 τὴν
3117 4617 3214 4671 τοῦ
3274 4618 3465 4683 παιδὸς
3518 4622 3735 4693 τροφὴν

2159 4713 2428 4786 ἔμμισθον
2461 4712 2599 4780 αὐτῇ
2624 4709 2935 4779 ἀνατίθησι,
2966 4710 3063 4763 καὶ
3095 4710 3159 4763 ὲκ
3187 4708 3284 4764 τοῦ
3316 4710 3735 4782 συμϐεϐηκότος

2155 4804 2411 4876 ὀνομάζει
2465 4801 2616 4855 αὑτό.
2653 4799 2726 4853 Τὸ
2760 4800 2871 4870 γάρ
2916 4801 3061 4873 ὕδωρ
3090 4799 3220 4872 μῶς
3269 4801 3530 4857 καλοῦσιν
3561 4806 3737 4873 Atys-

2157 4916 2325 4963 πτιοι,
2353 4895 2517 4964 ὐσῆς
2543 4894 2599 4949 δὲ
2629 4895 2755 4956 τοὺς
2793 4894 2854 4959 ἐξ
2883 4892 3077 4959 ὓδατος
3113 4896 3481 4968 σωζομένους.
3522 4899 3731 4971 Ἀμφω

2155 4988 2286 5058 γοῦν
2340 4985 2593 5039 συνθεῖσα
2642 4984 2712 5038 τά
2742 4984 2965 5054 ῥήματα
3009 4988 3091 5047 εἰς
3144 4986 3338 5055 κλῆσιν
3397 4989 3584 5051 αὐτοῖς
3635 4989 3734 5044 τοῦ
3804 5052 3809 5055 ἠ

2156 5081 2391 5152 βρέφους
2442 5077 2733 5148 ἐχρήσατο.
2796 5071 2903 5129 Ἦν
2966 5075 3013 5129 δ’
3070 5075 3132 5142 ἐξ
3199 5078 3453 5149 Ἀϐραὰμ
3499 5080 3735 5150 ἕϐδομος

2152 5175 2417 5244 Μωῦσῆς.
2463 5172 2724 5242 ’Δμαρὰμ
2758 5168 2855 5239 μὲν
2876 5170 2987 5239 γὰρ
3012 5170 3174 5233 αὐτὸς
3196 5165 3265 5241 ἦν
3292 5173 3443 5235 παῖς,
3483 5158 3642 5226 Καάο
3671 5173 3731 5226 δὲ

2151 5268 2231 5337 τῷ
2260 5263 2520 5336 Ἀμαρὰμ
2543 5264 2571 5314 ὁ
2590 5261 2793 5332 πατήρ.
2814 5261 2872 5311 '0
2904 5260 2960 5313 δὲ
2986 5258 3079 5313 τοῦ
3109 5259 3262 5327 Λευτ,
3287 5262 3383 5315 καὶ
3410 5261 3502 5316 τοῦ
3535 5262 3734 5317 Ἰακὼϐ

2152 5361 2182 5413 ὁ
2226 5357 2380 5412 Λευῖ.
2440 5352 2636 5410 Ἰακὼϐ
2694 5353 2752 5406 δὲ
2797 5350 2992 5421 ἐτέχθη
3047 5350 3126 5423 τῷ
3173 5352 3381 5419 Ἰσαὰκ,
3441 5354 3629 5409 Ἰσαὰκ
3683 5355 3732 5408 δ’

2151 5453 2315 5522 ἐξέφυ
2371 5448 2468 5503 τοῦ
2540 5445 2814 5518 Ἀϐραάμ.
2872 5445 3090 5515 Τριετεῖ
3162 5447 3222 5501 δὲ
3292 5447 3371 5518 τῷ
3423 5447 3577 5501 παιδὶ
3631 5465 3734 5516 γε·

1641 5563 1844 5624 Variaa
1876 5564 2188 5628 lectiones
2219 5571 2284 5627 et
2321 5570 2511 5626 notae.

544 5690 657 5771 (5.5.)
697 5687 858 5747 Μετὰ
886 5683 992 5741 τοῦ
1026 5687 1318 5755 ποταμοῦ.
1366 5685 1509 5760 Lege
1557 5691 1719 5745 κατά.
1769 5689 1938 5746 Error
1965 5693 2036 5747 li-

476 5759 1046 5903 ιηΊίἶέῗ).Βερονίλισνσα.
1100 5834 1179 5889 Ita
1229 5831 1599 5895 Τίιθτωυιίίην
1650 5833 1793 5903 (“is
1847 5831 2039 5903 ﬁliam'

480 5897 714 5965 reginam
763 5911 922 5956 vocat
953 5902 1243 5972 Josepbus,
1274 5903 1372 5962 lib.
1400 5918 1460 5973 ιι,
1503 5916 1635 5971 αρν
1666 5897 1739 5964 δῖ
1759 5901 1903 5956 unde
1941 5916 2041 5955 sua

2145 5692 2331 5749 hausit
2355 5690 2619 5747 Zonaras.
2662 5689 2866 5746 Scribit
2894 5687 3096 5743 Suidas
3126 5703 3192 5743 ex
3228 5684 3550 5749 Aristotele,
3576 5681 3729 5754 apud

2149 5764 2378 5835 Cyprios
2429 5761 2857 5838 regumntilioi
2892 5760 3192 5838 dvaxss§,_
3221 5767 3281 5811 ut
3323 5756 3487 5838 ﬁlias
3519 5827 3531 5838 .
3552 5758 3731 5811 ἀνάσο

2152 5825 2252 5894 ea;
2286 5825 2607 5904 appellaias.
2643 5832 2775 5887 Vide
2796 5829 2972 5887 Gloss.
2999 5829 3146 5883 med.
3173 5828 3298 5882 Lat.
3322 5827 3379 5881 in
3402 5825 3630 5897 Regina.
