  <div class='ocr_page' id='page_1' title='image "/cluster/home/n/w/nwhite01/storage/ocr_20150623/134/hvd.32044073502510/050.png"; bbox 0 0 4070 6214; ppageno 0'>
   <div class='ocr_carea' id='block_1_1' title="bbox 314 365 1925 436">
    <p class='ocr_par' dir='ltr' id='par_1_1' title="bbox 314 365 1925 431">
     <span class='ocr_line' id='line_1_1' title="bbox 314 365 1925 431; baseline 0.01 -20"><span class='ocrx_word' id='word_1_1' title='bbox 314 368 396 431; x_wconf 68' lang='grc' dir='ltr'>εδ</span> <span class='ocrx_word' id='word_1_2' title='bbox 1598 365 1925 427; x_wconf 68' lang='lat' dir='ltr'><strong>ANNALII</strong></span> 
     </span>
    </p>
   </div>
   <div class='ocr_carea' id='block_1_2' title="bbox 2024 365 3600 436">
    <p class='ocr_par' dir='ltr' id='par_1_2' title="bbox 2057 367 3600 436">
     <span class='ocr_line' id='line_1_2' title="bbox 2057 367 3600 436; baseline 0.005 -10"><span class='ocrx_word' id='word_1_3' title='bbox 2057 367 2204 427; x_wconf 84' lang='lat' dir='ltr'><strong>LIB.</strong></span> <span class='ocrx_word' id='word_1_4' title='bbox 2246 369 2296 429; x_wconf 93' lang='grc' dir='ltr'><strong>Ι.</strong></span> <span class='ocrx_word' id='word_1_5' title='bbox 3530 373 3600 436; x_wconf 82' lang='lat'><em>86</em></span> 
     </span>
    </p>
   </div>
   <div class='ocr_carea' id='block_1_3' title="bbox 316 484 1925 568">
    <p class='ocr_par' dir='ltr' id='par_1_3' title="bbox 316 484 1909 559">
     <span class='ocr_line' id='line_1_3' title="bbox 316 484 1909 559; baseline 0 -17"><span class='ocrx_word' id='word_1_6' title='bbox 316 486 526 553; x_wconf 62' lang='grc' dir='ltr'>ῖόνότι,</span> <span class='ocrx_word' id='word_1_7' title='bbox 594 486 690 540; x_wconf 76' lang='grc' dir='ltr'><strong>καὶ</strong></span> <span class='ocrx_word' id='word_1_8' title='bbox 749 486 812 541; x_wconf 75' lang='grc' dir='ltr'>τὸ</span> <span class='ocrx_word' id='word_1_9' title='bbox 873 486 976 556; x_wconf 81' lang='grc' dir='ltr'>τῆς</span> <span class='ocrx_word' id='word_1_10' title='bbox 1030 485 1251 559; x_wconf 87' lang='grc' dir='ltr'>ήλικίας</span> <span class='ocrx_word' id='word_1_11' title='bbox 1311 484 1630 559; x_wconf 77' lang='grc' dir='ltr'>ἀνάστημα,</span> <span class='ocrx_word' id='word_1_12' title='bbox 1699 487 1796 542; x_wconf 80' lang='grc' dir='ltr'>καὶ</span> <span class='ocrx_word' id='word_1_13' title='bbox 1847 487 1909 542; x_wconf 86' lang='grc' dir='ltr'><strong>τδ</strong></span> 
     </span>
    </p>
   </div>
   <div class='ocr_carea' id='block_1_4' title="bbox 2024 484 3602 568">
    <p class='ocr_par' dir='ltr' id='par_1_4' title="bbox 2024 489 3602 568">
     <span class='ocr_line' id='line_1_4' title="bbox 2024 489 3602 568; baseline 0.004 -24"><span class='ocrx_word' id='word_1_14' title='bbox 2024 489 2246 559; x_wconf 83' lang='lat' dir='ltr'><strong>pedibus</strong></span> <span class='ocrx_word' id='word_1_15' title='bbox 2288 489 2570 547; x_wconf 84' lang='lat' dir='ltr'><strong>insistens.</strong></span> <span class='ocrx_word' id='word_1_16' title='bbox 2602 489 2722 557; x_wconf 83' lang='lat' dir='ltr'><strong>Quo</strong></span> <span class='ocrx_word' id='word_1_17' title='bbox 2772 490 2822 547; x_wconf 85' lang='lat' dir='ltr'><strong>is</strong></span> <span class='ocrx_word' id='word_1_18' title='bbox 2869 491 3150 557; x_wconf 77' lang='lat' dir='ltr'><strong>sacerdos,</strong></span> <span class='ocrx_word' id='word_1_19' title='bbox 3195 493 3290 563; x_wconf 88' lang='lat' dir='ltr'><strong>qui</strong></span> <span class='ocrx_word' id='word_1_20' title='bbox 3331 510 3398 551; x_wconf 80' lang='lat' dir='ltr'><strong>ex</strong></span> <span class='ocrx_word' id='word_1_21' title='bbox 3440 507 3602 568; x_wconf 86' lang='lat' dir='ltr'><strong>gente</strong></span> 
     </span>
    </p>
   </div>
   <div class='ocr_carea' id='block_1_5' title="bbox 316 577 1913 653">
    <p class='ocr_par' dir='ltr' id='par_1_5' title="bbox 316 577 1913 653">
     <span class='ocr_line' id='line_1_5' title="bbox 316 577 1913 653; baseline 0.001 -20"><span class='ocrx_word' id='word_1_22' title='bbox 316 583 420 650; x_wconf 73' lang='grc' dir='ltr'>τῆς</span> <span class='ocrx_word' id='word_1_23' title='bbox 471 580 691 649; x_wconf 82' lang='grc' dir='ltr'>μορφῆς</span> <span class='ocrx_word' id='word_1_24' title='bbox 737 580 956 633; x_wconf 82' lang='grc' dir='ltr'>ἀστεῖον</span> <span class='ocrx_word' id='word_1_25' title='bbox 999 579 1065 633; x_wconf 87' lang='grc' dir='ltr'><strong>ἐκ</strong></span> <span class='ocrx_word' id='word_1_26' title='bbox 1118 577 1400 651; x_wconf 81' lang='grc' dir='ltr'><strong>θειοτέρας</strong></span> <span class='ocrx_word' id='word_1_27' title='bbox 1444 580 1723 652; x_wconf 76' lang='grc' dir='ltr'><strong>ἐπέτρεπε</strong></span> <span class='ocrx_word' id='word_1_28' title='bbox 1755 580 1913 653; x_wconf 81' lang='grc' dir='ltr'>χάριο</span> 
     </span>
    </p>
   </div>
   <div class='ocr_carea' id='block_1_6' title="bbox 314 672 1910 744">
    <p class='ocr_par' dir='ltr' id='par_1_6' title="bbox 314 672 1910 744">
     <span class='ocr_line' id='line_1_6' title="bbox 314 672 1910 744; baseline 0.003 -19"><span class='ocrx_word' id='word_1_29' title='bbox 314 692 433 736; x_wconf 78' lang='grc' dir='ltr'>τος.</span> <span class='ocrx_word' id='word_1_30' title='bbox 469 672 609 726; x_wconf 80' lang='grc' dir='ltr'><strong>’11δέ</strong></span> <span class='ocrx_word' id='word_1_31' title='bbox 634 673 853 737; x_wconf 75' lang='grc' dir='ltr'><strong>σύνεσις</strong></span> <span class='ocrx_word' id='word_1_32' title='bbox 875 672 1013 727; x_wconf 79' lang='grc' dir='ltr'>πολὺ</span> <span class='ocrx_word' id='word_1_33' title='bbox 1036 672 1308 744; x_wconf 81' lang='grc' dir='ltr'><strong>κρείττων</strong></span> <span class='ocrx_word' id='word_1_34' title='bbox 1331 675 1434 743; x_wconf 82' lang='grc' dir='ltr'><strong>τῆς</strong></span> <span class='ocrx_word' id='word_1_35' title='bbox 1452 672 1670 744; x_wconf 80' lang='grc' dir='ltr'>ἡλικίας</span> <span class='ocrx_word' id='word_1_36' title='bbox 1692 673 1910 744; x_wconf 79' lang='grc' dir='ltr'>ἐφύετο.</span> 
     </span>
    </p>
   </div>
   <div class='ocr_carea' id='block_1_7' title="bbox 328 759 1911 833">
    <p class='ocr_par' dir='ltr' id='par_1_7' title="bbox 328 759 1911 833">
     <span class='ocr_line' id='line_1_7' title="bbox 328 759 1911 833; baseline -0.001 -16"><span class='ocrx_word' id='word_1_37' title='bbox 328 765 397 817; x_wconf 79' lang='grc' dir='ltr'><strong>Ἥ</strong></span> <span class='ocrx_word' id='word_1_38' title='bbox 425 762 740 833; x_wconf 78' lang='grc' dir='ltr'><strong>Θέρμουθις</strong></span> <span class='ocrx_word' id='word_1_39' title='bbox 765 761 860 816; x_wconf 81' lang='grc' dir='ltr'><strong>οῦν</strong></span> <span class='ocrx_word' id='word_1_40' title='bbox 893 761 1127 831; x_wconf 80' lang='grc' dir='ltr'><strong>γνησίας</strong></span> <span class='ocrx_word' id='word_1_41' title='bbox 1160 759 1474 832; x_wconf 81' lang='grc' dir='ltr'>ἀμοιροῦσα</span> <span class='ocrx_word' id='word_1_42' title='bbox 1510 760 1697 831; x_wconf 79' lang='grc' dir='ltr'>γονῆς,</span> <span class='ocrx_word' id='word_1_43' title='bbox 1732 762 1911 815; x_wconf 88' lang='grc' dir='ltr'>υίοτε-</span> 
     </span>
    </p>
   </div>
   <div class='ocr_carea' id='block_1_8' title="bbox 319 850 1914 923">
    <p class='ocr_par' dir='ltr' id='par_1_8' title="bbox 319 850 1914 923">
     <span class='ocr_line' id='line_1_8' title="bbox 319 850 1914 923; baseline 0 -18"><span class='ocrx_word' id='word_1_44' title='bbox 319 854 499 905; x_wconf 74' lang='grc' dir='ltr'>θεῖτκι</span> <span class='ocrx_word' id='word_1_45' title='bbox 534 852 723 918; x_wconf 80' lang='grc' dir='ltr'>αὑτὸν,</span> <span class='ocrx_word' id='word_1_46' title='bbox 761 853 854 905; x_wconf 71' lang='grc' dir='ltr'><strong>καὶ</strong></span> <span class='ocrx_word' id='word_1_47' title='bbox 895 850 1119 923; x_wconf 71' lang='grc' dir='ltr'>κομίζει</span> <span class='ocrx_word' id='word_1_48' title='bbox 1161 851 1301 923; x_wconf 85' lang='grc' dir='ltr'>πρὸς</span> <span class='ocrx_word' id='word_1_49' title='bbox 1349 851 1443 905; x_wconf 76' lang='grc' dir='ltr'>τὸν</span> <span class='ocrx_word' id='word_1_50' title='bbox 1485 851 1725 923; x_wconf 79' lang='grc' dir='ltr'><strong>πατέρα.</strong></span> <span class='ocrx_word' id='word_1_51' title='bbox 1770 852 1829 906; x_wconf 84' lang='grc' dir='ltr'>Ὀ</span> <span class='ocrx_word' id='word_1_52' title='bbox 1858 852 1914 905; x_wconf 80' lang='grc' dir='ltr'>δὲ</span> 
     </span>
    </p>
   </div>
   <div class='ocr_carea' id='block_1_9' title="bbox 313 944 1914 1016">
    <p class='ocr_par' dir='ltr' id='par_1_9' title="bbox 313 944 1914 1016">
     <span class='ocr_line' id='line_1_9' title="bbox 313 944 1914 1016; baseline 0.001 -19"><span class='ocrx_word' id='word_1_53' title='bbox 313 947 411 998; x_wconf 64' lang='grc' dir='ltr'><strong>τδν</strong></span> <span class='ocrx_word' id='word_1_54' title='bbox 446 947 614 999; x_wconf 73' lang='grc' dir='ltr'>παῖδα</span> <span class='ocrx_word' id='word_1_55' title='bbox 652 944 1215 1015; x_wconf 74' lang='grc' dir='ltr'><strong>προστερνισάμενος,</strong></span> <span class='ocrx_word' id='word_1_56' title='bbox 1258 944 1571 1012; x_wconf 72' lang='grc' dir='ltr'>ἐπιτίθησιν</span> <span class='ocrx_word' id='word_1_57' title='bbox 1595 945 1746 1016; x_wconf 79' lang='grc' dir='ltr'>αὐτῷ</span> <span class='ocrx_word' id='word_1_58' title='bbox 1772 946 1914 1000; x_wconf 73' lang='grc' dir='ltr'>κατὰ</span> 
     </span>
    </p>
   </div>
   <div class='ocr_carea' id='block_1_10' title="bbox 320 1039 1913 1114">
    <p class='ocr_par' dir='ltr' id='par_1_10' title="bbox 320 1039 1913 1114">
     <span class='ocr_line' id='line_1_10' title="bbox 320 1039 1913 1114; baseline 0.004 -23"><span class='ocrx_word' id='word_1_59' title='bbox 320 1042 723 1114; x_wconf 62' lang='grc' dir='ltr'>ιρελοφρόνησιν</span> <span class='ocrx_word' id='word_1_60' title='bbox 752 1042 812 1095; x_wconf 82' lang='grc' dir='ltr'>τὸ</span> <span class='ocrx_word' id='word_1_61' title='bbox 833 1041 1096 1112; x_wconf 85' lang='grc' dir='ltr'>διάδημα.</span> <span class='ocrx_word' id='word_1_62' title='bbox 1123 1042 1231 1095; x_wconf 74' lang='grc' dir='ltr'><strong>Καὶ</strong></span> <span class='ocrx_word' id='word_1_63' title='bbox 1255 1042 1283 1094; x_wconf 98' lang='lat'><strong>6</strong></span> <span class='ocrx_word' id='word_1_64' title='bbox 1306 1043 1437 1104; x_wconf 75' lang='grc' dir='ltr'>παῖς</span> <span class='ocrx_word' id='word_1_65' title='bbox 1462 1039 1615 1107; x_wconf 84' lang='grc' dir='ltr'>αὐτὸ,</span> <span class='ocrx_word' id='word_1_66' title='bbox 1650 1040 1794 1095; x_wconf 71' lang='grc' dir='ltr'>κατὰ</span> <span class='ocrx_word' id='word_1_67' title='bbox 1816 1058 1913 1111; x_wconf 86' lang='grc' dir='ltr'>νη-</span> 
     </span>
    </p>
   </div>
   <div class='ocr_carea' id='block_1_11' title="bbox 319 1132 1915 1207">
    <p class='ocr_par' dir='ltr' id='par_1_11' title="bbox 319 1132 1915 1207">
     <span class='ocr_line' id='line_1_11' title="bbox 319 1132 1915 1207; baseline 0.001 -20"><span class='ocrx_word' id='word_1_68' title='bbox 319 1137 562 1207; x_wconf 75' lang='grc' dir='ltr'><strong>πιότητα</strong></span> <span class='ocrx_word' id='word_1_69' title='bbox 589 1135 776 1207; x_wconf 81' lang='grc' dir='ltr'><strong>δῆθεν,</strong></span> <span class='ocrx_word' id='word_1_70' title='bbox 816 1136 1003 1205; x_wconf 80' lang='grc' dir='ltr'>ριπτεϊ</span> <span class='ocrx_word' id='word_1_71' title='bbox 1030 1133 1176 1187; x_wconf 73' lang='grc' dir='ltr'>κατὰ</span> <span class='ocrx_word' id='word_1_72' title='bbox 1206 1133 1336 1204; x_wconf 77' lang='grc' dir='ltr'>γῆς,</span> <span class='ocrx_word' id='word_1_73' title='bbox 1373 1132 1469 1188; x_wconf 74' lang='grc' dir='ltr'>καὶ</span> <span class='ocrx_word' id='word_1_74' title='bbox 1505 1134 1769 1188; x_wconf 83' lang='grc' dir='ltr'>ἐπέϐαινε</span> <span class='ocrx_word' id='word_1_75' title='bbox 1800 1135 1915 1199; x_wconf 86' lang='grc' dir='ltr'>τοῖς</span> 
     </span>
    </p>
   </div>
   <div class='ocr_carea' id='block_1_12' title="bbox 323 1227 1916 1302">
    <p class='ocr_par' dir='ltr' id='par_1_12' title="bbox 323 1227 1916 1302">
     <span class='ocr_line' id='line_1_12' title="bbox 323 1227 1916 1302; baseline 0.001 -20"><span class='ocrx_word' id='word_1_76' title='bbox 323 1231 504 1285; x_wconf 82' lang='grc' dir='ltr'>ποσίν.</span> <span class='ocrx_word' id='word_1_77' title='bbox 533 1230 714 1302; x_wconf 87' lang='grc' dir='ltr'>Ὅπερ</span> <span class='ocrx_word' id='word_1_78' title='bbox 746 1231 775 1283; x_wconf 89' lang='lat'><strong>6</strong></span> <span class='ocrx_word' id='word_1_79' title='bbox 822 1229 1329 1301; x_wconf 78' lang='grc' dir='ltr'>Ἰερογραμματεὺς</span> <span class='ocrx_word' id='word_1_80' title='bbox 1362 1227 1727 1299; x_wconf 82' lang='grc' dir='ltr'>θεασάμενος,</span> <span class='ocrx_word' id='word_1_81' title='bbox 1763 1228 1820 1293; x_wconf 82' lang='grc' dir='ltr'>ὃς</span> <span class='ocrx_word' id='word_1_82' title='bbox 1851 1230 1916 1283; x_wconf 85' lang='grc' dir='ltr'><strong>ἐκ</strong></span> 
     </span>
    </p>
   </div>
   <div class='ocr_carea' id='block_1_13' title="bbox 316 1320 1914 1394">
    <p class='ocr_par' dir='ltr' id='par_1_13' title="bbox 316 1320 1914 1394">
     <span class='ocr_line' id='line_1_13' title="bbox 316 1320 1914 1394; baseline -0.002 -18"><span class='ocrx_word' id='word_1_83' title='bbox 316 1324 433 1377; x_wconf 84' lang='grc' dir='ltr'><strong>τῶν</strong></span> <span class='ocrx_word' id='word_1_84' title='bbox 473 1322 748 1392; x_wconf 85' lang='grc' dir='ltr'>Ἐϐραίων</span> <span class='ocrx_word' id='word_1_85' title='bbox 794 1321 1054 1390; x_wconf 80' lang='grc' dir='ltr'>γενέσθαι</span> <span class='ocrx_word' id='word_1_86' title='bbox 1106 1320 1253 1386; x_wconf 69' lang='grc' dir='ltr'>τινὰ,</span> <span class='ocrx_word' id='word_1_87' title='bbox 1297 1321 1391 1374; x_wconf 73' lang='grc' dir='ltr'>τὸν</span> <span class='ocrx_word' id='word_1_88' title='bbox 1450 1320 1549 1394; x_wconf 82' lang='grc' dir='ltr'><strong>τὴν</strong></span> <span class='ocrx_word' id='word_1_89' title='bbox 1597 1322 1914 1391; x_wconf 74' lang='grc' dir='ltr'>Αἰγυπτίων</span> 
     </span>
    </p>
   </div>
   <div class='ocr_carea' id='block_1_14' title="bbox 316 1412 1912 1486">
    <p class='ocr_par' dir='ltr' id='par_1_14' title="bbox 316 1412 1912 1486">
     <span class='ocr_line' id='line_1_14' title="bbox 316 1412 1912 1486; baseline 0.001 -18"><span class='ocrx_word' id='word_1_90' title='bbox 316 1415 502 1486; x_wconf 73' lang='grc' dir='ltr'>ἀρχὴν</span> <span class='ocrx_word' id='word_1_91' title='bbox 537 1414 954 1469; x_wconf 83' lang='grc' dir='ltr'>ταπεινώσοντα</span> <span class='ocrx_word' id='word_1_92' title='bbox 971 1415 1260 1485; x_wconf 80' lang='grc' dir='ltr'>προεῖπεν,</span> <span class='ocrx_word' id='word_1_93' title='bbox 1290 1415 1627 1486; x_wconf 82' lang='grc' dir='ltr'>ἀνακραγών</span> <span class='ocrx_word' id='word_1_94' title='bbox 1651 1432 1667 1446; x_wconf 76' lang='grc' dir='ltr'><strong>ο</strong></span> <span class='ocrx_word' id='word_1_95' title='bbox 1699 1412 1912 1481; x_wconf 81' lang='grc' dir='ltr'>Οὗτος,</span> 
     </span>
    </p>
   </div>
   <div class='ocr_carea' id='block_1_15' title="bbox 315 1504 1915 1581">
    <p class='ocr_par' dir='ltr' id='par_1_15' title="bbox 315 1504 1915 1581">
     <span class='ocr_line' id='line_1_15' title="bbox 315 1504 1915 1581; baseline 0.002 -21"><span class='ocrx_word' id='word_1_96' title='bbox 315 1504 502 1569; x_wconf 75' lang='grc' dir='ltr'>εἶπεν,</span> <span class='ocrx_word' id='word_1_97' title='bbox 532 1506 771 1572; x_wconf 77' lang='grc' dir='ltr'>ἐκεῖνος</span> <span class='ocrx_word' id='word_1_98' title='bbox 791 1509 823 1559; x_wconf 78' lang='grc' dir='ltr'><em>ὀ</em></span> <span class='ocrx_word' id='word_1_99' title='bbox 863 1506 1026 1572; x_wconf 82' lang='grc' dir='ltr'>παῖς,</span> <span class='ocrx_word' id='word_1_100' title='bbox 1044 1505 1118 1561; x_wconf 79' lang='grc' dir='ltr'><strong>ὃν</strong></span> <span class='ocrx_word' id='word_1_101' title='bbox 1140 1507 1382 1564; x_wconf 72' lang='grc' dir='ltr'><em>ἀνελὼν</em></span> <span class='ocrx_word' id='word_1_102' title='bbox 1408 1508 1532 1575; x_wconf 85' lang='grc' dir='ltr'>τοῖς</span> <span class='ocrx_word' id='word_1_103' title='bbox 1563 1511 1915 1581; x_wconf 75' lang='grc' dir='ltr'><strong>Αἰγυπτίοις</strong></span> 
     </span>
    </p>
   </div>
   <div class='ocr_carea' id='block_1_16' title="bbox 210 1594 1914 1671">
    <p class='ocr_par' dir='ltr' id='par_1_16' title="bbox 210 1594 1914 1671">
     <span class='ocr_line' id='line_1_16' title="bbox 210 1594 1914 1671; baseline 0 -17"><span class='ocrx_word' id='word_1_104' title='bbox 210 1594 213 1595; x_wconf 16' lang='grc' dir='ltr'><em>ν</em></span> <span class='ocrx_word' id='word_1_105' title='bbox 318 1600 385 1654; x_wconf 80' lang='grc' dir='ltr'>τὸ</span> <span class='ocrx_word' id='word_1_106' title='bbox 408 1599 554 1666; x_wconf 80' lang='grc' dir='ltr'>δέος</span> <span class='ocrx_word' id='word_1_107' title='bbox 573 1599 838 1666; x_wconf 55' lang='lat' dir='ltr'><strong>aspicis.</strong></span> <span class='ocrx_word' id='word_1_108' title='bbox 878 1597 1059 1669; x_wconf 83' lang='grc' dir='ltr'>Ἐφθη</span> <span class='ocrx_word' id='word_1_109' title='bbox 1088 1599 1138 1652; x_wconf 77' lang='grc' dir='ltr'>δ’</span> <span class='ocrx_word' id='word_1_110' title='bbox 1161 1599 1324 1653; x_wconf 78' lang='grc' dir='ltr'>αὐτὸν</span> <span class='ocrx_word' id='word_1_111' title='bbox 1355 1602 1388 1671; x_wconf 88' lang='grc' dir='ltr'><strong>ή</strong></span> <span class='ocrx_word' id='word_1_112' title='bbox 1416 1600 1725 1671; x_wconf 80' lang='grc' dir='ltr'>Θέρμουθις</span> <span class='ocrx_word' id='word_1_113' title='bbox 1749 1600 1914 1671; x_wconf 78' lang='grc' dir='ltr'>ἐξαρ-</span> 
     </span>
    </p>
   </div>
   <div class='ocr_carea' id='block_1_17' title="bbox 318 1689 1915 1763">
    <p class='ocr_par' dir='ltr' id='par_1_17' title="bbox 318 1689 1915 1763">
     <span class='ocr_line' id='line_1_17' title="bbox 318 1689 1915 1763; baseline 0.002 -18"><span class='ocrx_word' id='word_1_114' title='bbox 318 1693 576 1758; x_wconf 82' lang='grc' dir='ltr'>πάσασα,</span> <span class='ocrx_word' id='word_1_115' title='bbox 604 1690 704 1744; x_wconf 78' lang='grc' dir='ltr'>καὶ</span> <span class='ocrx_word' id='word_1_116' title='bbox 735 1690 830 1744; x_wconf 76' lang='grc' dir='ltr'><strong>τὸν</strong></span> <span class='ocrx_word' id='word_1_117' title='bbox 879 1689 1082 1760; x_wconf 80' lang='grc' dir='ltr'>Φαραὼ</span> <span class='ocrx_word' id='word_1_118' title='bbox 1111 1691 1169 1745; x_wconf 82' lang='grc' dir='ltr'>δὲ</span> <span class='ocrx_word' id='word_1_119' title='bbox 1217 1691 1427 1762; x_wconf 79' lang='grc' dir='ltr'>νωθρὸν</span> <span class='ocrx_word' id='word_1_120' title='bbox 1468 1692 1605 1763; x_wconf 80' lang='grc' dir='ltr'>πρὸς</span> <span class='ocrx_word' id='word_1_121' title='bbox 1634 1694 1728 1746; x_wconf 75' lang='grc' dir='ltr'>τὸν</span> <span class='ocrx_word' id='word_1_122' title='bbox 1753 1696 1915 1762; x_wconf 83' lang='grc' dir='ltr'>φόνον</span> 
     </span>
    </p>
   </div>
   <div class='ocr_carea' id='block_1_18' title="bbox 314 1782 1911 1857">
    <p class='ocr_par' dir='ltr' id='par_1_18' title="bbox 314 1782 1911 1857">
     <span class='ocr_line' id='line_1_18' title="bbox 314 1782 1911 1857; baseline 0.002 -18"><span class='ocrx_word' id='word_1_123' title='bbox 314 1784 578 1857; x_wconf 78' lang='grc' dir='ltr'><strong>διέθηκεν</strong></span> <span class='ocrx_word' id='word_1_124' title='bbox 602 1786 631 1838; x_wconf 88' lang='lat'><strong>6</strong></span> <span class='ocrx_word' id='word_1_125' title='bbox 659 1784 809 1847; x_wconf 85' lang='grc' dir='ltr'>θεός.</span> <span class='ocrx_word' id='word_1_126' title='bbox 845 1782 1145 1855; x_wconf 73' lang='grc' dir='ltr'>Παρελθὼν</span> <span class='ocrx_word' id='word_1_127' title='bbox 1175 1783 1233 1838; x_wconf 88' lang='grc' dir='ltr'><strong>δέ</strong></span> <span class='ocrx_word' id='word_1_128' title='bbox 1260 1785 1341 1849; x_wconf 88' lang='grc' dir='ltr'><strong>είς</strong></span> <span class='ocrx_word' id='word_1_129' title='bbox 1363 1785 1589 1855; x_wconf 75' lang='grc' dir='ltr'>ἡλικίαν</span> <span class='ocrx_word' id='word_1_130' title='bbox 1617 1788 1644 1840; x_wconf 89' lang='lat'><strong>6</strong></span> <span class='ocrx_word' id='word_1_131' title='bbox 1669 1788 1799 1841; x_wconf 86' lang='grc' dir='ltr'>Μωῦ</span> <span class='ocrx_word' id='word_1_132' title='bbox 1813 1787 1911 1857; x_wconf 82' lang='grc' dir='ltr'>σῆς</span> 
     </span>
    </p>
   </div>
   <div class='ocr_carea' id='block_1_19' title="bbox 316 1862 1991 1949">
    <p class='ocr_par' dir='ltr' id='par_1_19' title="bbox 316 1862 1991 1949">
     <span class='ocr_line' id='line_1_19' title="bbox 316 1862 1991 1949; baseline 0.001 -19"><span class='ocrx_word' id='word_1_133' title='bbox 316 1879 385 1930; x_wconf 87' lang='grc' dir='ltr'><strong>ἐκ</strong></span> <span class='ocrx_word' id='word_1_134' title='bbox 418 1876 685 1948; x_wconf 77' lang='grc' dir='ltr'>τοιαύτης</span> <span class='ocrx_word' id='word_1_135' title='bbox 711 1876 884 1944; x_wconf 83' lang='grc' dir='ltr'>λαϐῆς</span> <span class='ocrx_word' id='word_1_136' title='bbox 912 1872 1024 1939; x_wconf 76' lang='grc' dir='ltr'>οἷος</span> <span class='ocrx_word' id='word_1_137' title='bbox 1055 1876 1159 1948; x_wconf 77' lang='grc' dir='ltr'><strong>τήν</strong></span> <span class='ocrx_word' id='word_1_138' title='bbox 1188 1877 1390 1947; x_wconf 79' lang='grc' dir='ltr'>ἀρετήν</span> <span class='ocrx_word' id='word_1_139' title='bbox 1410 1871 1503 1948; x_wconf 81' lang='grc' dir='ltr'>ἦν,</span> <span class='ocrx_word' id='word_1_140' title='bbox 1539 1878 1776 1949; x_wconf 80' lang='grc' dir='ltr'>φανερὸς</span> <span class='ocrx_word' id='word_1_141' title='bbox 1802 1881 1915 1940; x_wconf 81' lang='grc' dir='ltr'>τοῖς</span> <span class='ocrx_word' id='word_1_142' title='bbox 1949 1862 1991 1921; x_wconf 78' lang='grc' dir='ltr'><strong>Β</strong></span> 
     </span>
    </p>
   </div>
   <div class='ocr_carea' id='block_1_20' title="bbox 317 1968 1918 2040">
    <p class='ocr_par' dir='ltr' id='par_1_20' title="bbox 317 1968 1918 2040">
     <span class='ocr_line' id='line_1_20' title="bbox 317 1968 1918 2040; baseline -0.002 -17"><span class='ocrx_word' id='word_1_143' title='bbox 317 1968 652 2035; x_wconf 78' lang='grc' dir='ltr'>Δίγυπτίοις</span> <span class='ocrx_word' id='word_1_144' title='bbox 701 1968 939 2037; x_wconf 85' lang='grc' dir='ltr'>ἐγένετο.</span> <span class='ocrx_word' id='word_1_145' title='bbox 984 1968 1278 2039; x_wconf 85' lang='grc' dir='ltr'>Πρόσοικοι</span> <span class='ocrx_word' id='word_1_146' title='bbox 1333 1969 1489 2032; x_wconf 80' lang='grc' dir='ltr'>ὄντες</span> <span class='ocrx_word' id='word_1_147' title='bbox 1534 1971 1598 2038; x_wconf 85' lang='grc' dir='ltr'>τῇ</span> <span class='ocrx_word' id='word_1_148' title='bbox 1654 1968 1918 2040; x_wconf 79' lang='grc' dir='ltr'>Αίγύπτῳ</span> 
     </span>
    </p>
   </div>
   <div class='ocr_carea' id='block_1_21' title="bbox 318 2061 1918 2133">
    <p class='ocr_par' dir='ltr' id='par_1_21' title="bbox 318 2061 1918 2133">
     <span class='ocr_line' id='line_1_21' title="bbox 318 2061 1918 2133; baseline 0.001 -18"><span class='ocrx_word' id='word_1_149' title='bbox 318 2062 609 2127; x_wconf 75' lang='grc' dir='ltr'>Αἰθίοπες,</span> <span class='ocrx_word' id='word_1_150' title='bbox 638 2062 882 2115; x_wconf 75' lang='grc' dir='ltr'>ἐσίνοντο</span> <span class='ocrx_word' id='word_1_151' title='bbox 907 2062 1007 2130; x_wconf 81' lang='grc' dir='ltr'><strong>τὴν</strong></span> <span class='ocrx_word' id='word_1_152' title='bbox 1028 2061 1218 2133; x_wconf 83' lang='grc' dir='ltr'>χώραν</span> <span class='ocrx_word' id='word_1_153' title='bbox 1241 2062 1444 2116; x_wconf 83' lang='grc' dir='ltr'>αὐτῶν.</span> <span class='ocrx_word' id='word_1_154' title='bbox 1473 2063 1537 2115; x_wconf 72' lang='lat' dir='ltr'><strong>Oi</strong></span> <span class='ocrx_word' id='word_1_155' title='bbox 1559 2063 1604 2111; x_wconf 85' lang='grc' dir='ltr'>δ’</span> <span class='ocrx_word' id='word_1_156' title='bbox 1625 2063 1918 2130; x_wconf 79' lang='grc' dir='ltr'>Αίγύπτιοι</span> 
     </span>
    </p>
   </div>
   <div class='ocr_carea' id='block_1_22' title="bbox 320 2154 1917 2226">
    <p class='ocr_par' dir='ltr' id='par_1_22' title="bbox 320 2154 1917 2226">
     <span class='ocr_line' id='line_1_22' title="bbox 320 2154 1917 2226; baseline -0.001 -18"><span class='ocrx_word' id='word_1_157' title='bbox 320 2155 729 2226; x_wconf 74' lang='grc' dir='ltr'>στρατεύουσιν</span> <span class='ocrx_word' id='word_1_158' title='bbox 767 2155 857 2207; x_wconf 79' lang='grc' dir='ltr'>ἐπ’</span> <span class='ocrx_word' id='word_1_159' title='bbox 889 2155 1114 2220; x_wconf 70' lang='grc' dir='ltr'>αὐτοὺς,</span> <span class='ocrx_word' id='word_1_160' title='bbox 1151 2154 1246 2208; x_wconf 80' lang='grc' dir='ltr'>καὶ</span> <span class='ocrx_word' id='word_1_161' title='bbox 1287 2154 1625 2226; x_wconf 76' lang='grc' dir='ltr'>ἡττήθησαν.</span> <span class='ocrx_word' id='word_1_162' title='bbox 1658 2154 1917 2220; x_wconf 80' lang='grc' dir='ltr'>Αἰθίοπες</span> 
     </span>
    </p>
   </div>
   <div class='ocr_carea' id='block_1_23' title="bbox 318 2248 1918 2322">
    <p class='ocr_par' dir='ltr' id='par_1_23' title="bbox 318 2248 1918 2322">
     <span class='ocr_line' id='line_1_23' title="bbox 318 2248 1918 2322; baseline 0.001 -19"><span class='ocrx_word' id='word_1_163' title='bbox 318 2251 375 2303; x_wconf 81' lang='grc' dir='ltr'>δὲ</span> <span class='ocrx_word' id='word_1_164' title='bbox 416 2250 946 2321; x_wconf 78' lang='grc' dir='ltr'>καταφρονήσαντες</span> <span class='ocrx_word' id='word_1_165' title='bbox 970 2248 1175 2315; x_wconf 80' lang='grc' dir='ltr'>αὐτῶν,</span> <span class='ocrx_word' id='word_1_166' title='bbox 1205 2248 1307 2322; x_wconf 76' lang='grc' dir='ltr'><strong>τὴν</strong></span> <span class='ocrx_word' id='word_1_167' title='bbox 1332 2250 1553 2305; x_wconf 74' lang='grc' dir='ltr'>ἃπασαν</span> <span class='ocrx_word' id='word_1_168' title='bbox 1583 2249 1918 2322; x_wconf 83' lang='grc' dir='ltr'>κατέτρεχον</span> 
     </span>
    </p>
   </div>
   <div class='ocr_carea' id='block_1_24' title="bbox 321 2340 1914 2414">
    <p class='ocr_par' dir='ltr' id='par_1_24' title="bbox 321 2340 1914 2414">
     <span class='ocr_line' id='line_1_24' title="bbox 321 2340 1914 2414; baseline 0.003 -21"><span class='ocrx_word' id='word_1_169' title='bbox 321 2342 629 2409; x_wconf 74' lang='grc' dir='ltr'>Αἴγυπτον.</span> <span class='ocrx_word' id='word_1_170' title='bbox 666 2343 826 2396; x_wconf 73' lang='grc' dir='ltr'>Κατὰ</span> <span class='ocrx_word' id='word_1_171' title='bbox 857 2341 915 2394; x_wconf 89' lang='grc' dir='ltr'><strong>δέ</strong></span> <span class='ocrx_word' id='word_1_172' title='bbox 944 2342 1091 2396; x_wconf 89' lang='grc' dir='ltr'>θεῖον</span> <span class='ocrx_word' id='word_1_173' title='bbox 1120 2340 1396 2413; x_wconf 79' lang='grc' dir='ltr'>χρησμὸν,</span> <span class='ocrx_word' id='word_1_174' title='bbox 1432 2342 1581 2396; x_wconf 87' lang='grc' dir='ltr'>αίτεῖ</span> <span class='ocrx_word' id='word_1_175' title='bbox 1605 2342 1704 2414; x_wconf 83' lang='grc' dir='ltr'>τὴν</span> <span class='ocrx_word' id='word_1_176' title='bbox 1740 2343 1914 2411; x_wconf 89' lang='grc' dir='ltr'>θυγα-</span> 
     </span>
    </p>
   </div>
   <div class='ocr_carea' id='block_1_25' title="bbox 321 2434 1921 2507">
    <p class='ocr_par' dir='ltr' id='par_1_25' title="bbox 321 2434 1921 2507">
     <span class='ocr_line' id='line_1_25' title="bbox 321 2434 1921 2507; baseline -0.001 -18"><span class='ocrx_word' id='word_1_177' title='bbox 321 2436 464 2507; x_wconf 81' lang='grc' dir='ltr'>τέρα</span> <span class='ocrx_word' id='word_1_178' title='bbox 489 2437 583 2490; x_wconf 74' lang='grc' dir='ltr'><strong>τὸν</strong></span> <span class='ocrx_word' id='word_1_179' title='bbox 612 2434 859 2505; x_wconf 82' lang='grc' dir='ltr'>Μωῦσὴν</span> <span class='ocrx_word' id='word_1_180' title='bbox 899 2434 1105 2506; x_wconf 80' lang='grc' dir='ltr'>Φαραὼ</span> <span class='ocrx_word' id='word_1_181' title='bbox 1133 2436 1236 2507; x_wconf 81' lang='grc' dir='ltr'><strong>ήδη</strong></span> <span class='ocrx_word' id='word_1_182' title='bbox 1271 2435 1642 2507; x_wconf 81' lang='grc' dir='ltr'>ἀνδρωθέντα,</span> <span class='ocrx_word' id='word_1_183' title='bbox 1673 2437 1795 2489; x_wconf 88' lang='grc' dir='ltr'>κατ’</span> <span class='ocrx_word' id='word_1_184' title='bbox 1823 2438 1921 2490; x_wconf 84' lang='grc' dir='ltr'>Αί-</span> 
     </span>
    </p>
   </div>
   <div class='ocr_carea' id='block_1_26' title="bbox 323 2526 1920 2600">
    <p class='ocr_par' dir='ltr' id='par_1_26' title="bbox 323 2526 1920 2600">
     <span class='ocr_line' id='line_1_26' title="bbox 323 2526 1920 2600; baseline -0.001 -17"><span class='ocrx_word' id='word_1_185' title='bbox 323 2530 540 2583; x_wconf 87' lang='grc' dir='ltr'>θιόπων</span> <span class='ocrx_word' id='word_1_186' title='bbox 574 2527 885 2600; x_wconf 73' lang='grc' dir='ltr'>στρατηγὸν</span> <span class='ocrx_word' id='word_1_187' title='bbox 947 2526 1098 2599; x_wconf 73' lang='grc' dir='ltr'>αὐτῷ</span> <span class='ocrx_word' id='word_1_188' title='bbox 1142 2528 1539 2599; x_wconf 90' lang='grc' dir='ltr'>γενησόμενον.</span> <span class='ocrx_word' id='word_1_189' title='bbox 1584 2528 1650 2582; x_wconf 83' lang='grc' dir='ltr'><strong><em>Ἦ</em></strong></span> <span class='ocrx_word' id='word_1_190' title='bbox 1683 2528 1741 2583; x_wconf 84' lang='grc' dir='ltr'>δὲ</span> <span class='ocrx_word' id='word_1_191' title='bbox 1762 2528 1920 2582; x_wconf 75' lang='grc' dir='ltr'>δίδω-</span> 
     </span>
    </p>
   </div>
   <div class='ocr_carea' id='block_1_27' title="bbox 324 2618 1922 2692">
    <p class='ocr_par' dir='ltr' id='par_1_27' title="bbox 324 2618 1922 2692">
     <span class='ocr_line' id='line_1_27' title="bbox 324 2618 1922 2692; baseline 0.002 -17"><span class='ocrx_word' id='word_1_192' title='bbox 324 2639 437 2684; x_wconf 86' lang='grc' dir='ltr'>σιν,</span> <span class='ocrx_word' id='word_1_193' title='bbox 471 2619 771 2691; x_wconf 76' lang='grc' dir='ltr'>ὀρκὼσασα</span> <span class='ocrx_word' id='word_1_194' title='bbox 813 2621 905 2673; x_wconf 73' lang='grc' dir='ltr'><strong>τὸν</strong></span> <span class='ocrx_word' id='word_1_195' title='bbox 949 2618 1189 2689; x_wconf 84' lang='grc' dir='ltr'>πατέρα,</span> <span class='ocrx_word' id='word_1_196' title='bbox 1225 2620 1397 2692; x_wconf 83' lang='grc' dir='ltr'>μηδὲν</span> <span class='ocrx_word' id='word_1_197' title='bbox 1455 2621 1723 2675; x_wconf 79' lang='grc' dir='ltr'>διαθεῖναι</span> <span class='ocrx_word' id='word_1_198' title='bbox 1755 2623 1922 2678; x_wconf 86' lang='grc' dir='ltr'>αὐτὸν</span> 
     </span>
    </p>
   </div>
   <div class='ocr_carea' id='block_1_28' title="bbox 325 2711 1924 2784">
    <p class='ocr_par' dir='ltr' id='par_1_28' title="bbox 325 2711 1924 2784">
     <span class='ocr_line' id='line_1_28' title="bbox 325 2711 1924 2784; baseline 0.002 -17"><span class='ocrx_word' id='word_1_199' title='bbox 325 2712 528 2768; x_wconf 83' lang='grc' dir='ltr'>κακόν.</span> <span class='ocrx_word' id='word_1_200' title='bbox 563 2713 809 2782; x_wconf 81' lang='grc' dir='ltr'>Μωῦσῆς</span> <span class='ocrx_word' id='word_1_201' title='bbox 860 2712 919 2766; x_wconf 85' lang='grc' dir='ltr'>δὲ</span> <span class='ocrx_word' id='word_1_202' title='bbox 949 2711 1042 2766; x_wconf 81' lang='grc' dir='ltr'>τὸν</span> <span class='ocrx_word' id='word_1_203' title='bbox 1096 2712 1337 2784; x_wconf 78' lang='grc' dir='ltr'>πόλεμον</span> <span class='ocrx_word' id='word_1_204' title='bbox 1370 2715 1704 2779; x_wconf 73' lang='grc' dir='ltr'>πιστευθεὶς,</span> <span class='ocrx_word' id='word_1_205' title='bbox 1737 2716 1797 2768; x_wconf 77' lang='grc' dir='ltr'><strong>οὐ</strong></span> <span class='ocrx_word' id='word_1_206' title='bbox 1833 2716 1924 2771; x_wconf 83' lang='grc' dir='ltr'>διὰ</span> 
     </span>
    </p>
   </div>
   <div class='ocr_carea' id='block_1_29' title="bbox 329 2805 1924 2879">
    <p class='ocr_par' dir='ltr' id='par_1_29' title="bbox 329 2805 1924 2879">
     <span class='ocr_line' id='line_1_29' title="bbox 329 2805 1924 2879; baseline -0.001 -17"><span class='ocrx_word' id='word_1_207' title='bbox 329 2809 607 2879; x_wconf 83' lang='grc' dir='ltr'>συνήθους</span> <span class='ocrx_word' id='word_1_208' title='bbox 641 2806 765 2861; x_wconf 86' lang='grc' dir='ltr'>ὁδοῦ</span> <span class='ocrx_word' id='word_1_209' title='bbox 793 2808 917 2874; x_wconf 75' lang='grc' dir='ltr'>ἄγει</span> <span class='ocrx_word' id='word_1_210' title='bbox 971 2805 1067 2858; x_wconf 74' lang='grc' dir='ltr'>ἐπὶ</span> <span class='ocrx_word' id='word_1_211' title='bbox 1110 2808 1238 2870; x_wconf 80' lang='grc' dir='ltr'>τοὺς</span> <span class='ocrx_word' id='word_1_212' title='bbox 1288 2806 1590 2877; x_wconf 84' lang='grc' dir='ltr'>πολεμίους</span> <span class='ocrx_word' id='word_1_213' title='bbox 1622 2808 1722 2877; x_wconf 86' lang='grc' dir='ltr'>τὴν</span> <span class='ocrx_word' id='word_1_214' title='bbox 1752 2826 1924 2877; x_wconf 86' lang='grc' dir='ltr'>στρα-</span> 
     </span>
    </p>
   </div>
   <div class='ocr_carea' id='block_1_30' title="bbox 325 2898 1922 2971">
    <p class='ocr_par' dir='ltr' id='par_1_30' title="bbox 325 2898 1922 2971">
     <span class='ocr_line' id='line_1_30' title="bbox 325 2898 1922 2971; baseline -0.001 -17"><span class='ocrx_word' id='word_1_215' title='bbox 325 2904 476 2966; x_wconf 70' lang='grc' dir='ltr'>τιὰν,</span> <span class='ocrx_word' id='word_1_216' title='bbox 499 2901 641 2954; x_wconf 77' lang='grc' dir='ltr'>ἀλλὰ</span> <span class='ocrx_word' id='word_1_217' title='bbox 672 2899 743 2954; x_wconf 86' lang='grc' dir='ltr'>δι’</span> <span class='ocrx_word' id='word_1_218' title='bbox 765 2898 1066 2970; x_wconf 85' lang='grc' dir='ltr'>άστιϐήτου</span> <span class='ocrx_word' id='word_1_219' title='bbox 1099 2900 1164 2952; x_wconf 80' lang='grc' dir='ltr'><strong>ἐκ</strong></span> <span class='ocrx_word' id='word_1_220' title='bbox 1189 2899 1432 2971; x_wconf 88' lang='grc' dir='ltr'>πλήθους</span> <span class='ocrx_word' id='word_1_221' title='bbox 1476 2899 1727 2969; x_wconf 80' lang='grc' dir='ltr'>ἑρπετῶν</span> <span class='ocrx_word' id='word_1_222' title='bbox 1779 2899 1922 2953; x_wconf 67' lang='lat'><strong>[060&#39;-</strong></span> 
     </span>
    </p>
   </div>
   <div class='ocr_carea' id='block_1_31' title="bbox 326 2990 1925 3065">
    <p class='ocr_par' dir='ltr' id='par_1_31' title="bbox 326 2990 1925 3065">
     <span class='ocr_line' id='line_1_31' title="bbox 326 2990 1925 3065; baseline -0.001 -18"><span class='ocrx_word' id='word_1_223' title='bbox 326 2995 438 3050; x_wconf 78' lang='grc' dir='ltr'><strong>λων</strong></span> <span class='ocrx_word' id='word_1_224' title='bbox 458 3012 474 3026; x_wconf 78' lang='lat'><strong><em>°</em></strong></span> <span class='ocrx_word' id='word_1_225' title='bbox 511 2994 645 3047; x_wconf 82' lang='grc' dir='ltr'>ἔνθα</span> <span class='ocrx_word' id='word_1_226' title='bbox 681 2992 777 3047; x_wconf 75' lang='grc' dir='ltr'><strong>καὶ</strong></span> <span class='ocrx_word' id='word_1_227' title='bbox 804 2991 905 3065; x_wconf 83' lang='grc' dir='ltr'>τὴν</span> <span class='ocrx_word' id='word_1_228' title='bbox 946 2990 1167 3046; x_wconf 86' lang='grc' dir='ltr'>σύνεσιν</span> <span class='ocrx_word' id='word_1_229' title='bbox 1198 2991 1365 3046; x_wconf 82' lang='grc' dir='ltr'>αὐτοῦ</span> <span class='ocrx_word' id='word_1_230' title='bbox 1398 2992 1737 3059; x_wconf 83' lang='grc' dir='ltr'>ἐπεδείξατο.</span> <span class='ocrx_word' id='word_1_231' title='bbox 1782 2991 1925 3046; x_wconf 83' lang='grc' dir='ltr'>Πλέ-</span> 
     </span>
    </p>
   </div>
   <div class='ocr_carea' id='block_1_32' title="bbox 328 3083 1925 3157">
    <p class='ocr_par' dir='ltr' id='par_1_32' title="bbox 328 3083 1925 3157">
     <span class='ocr_line' id='line_1_32' title="bbox 328 3083 1925 3157; baseline -0.001 -17"><span class='ocrx_word' id='word_1_232' title='bbox 328 3105 522 3157; x_wconf 84' lang='grc' dir='ltr'>γματα</span> <span class='ocrx_word' id='word_1_233' title='bbox 556 3085 669 3157; x_wconf 81' lang='grc' dir='ltr'>γὰρ</span> <span class='ocrx_word' id='word_1_234' title='bbox 731 3086 990 3156; x_wconf 85' lang='grc' dir='ltr'>ποιήσας,</span> <span class='ocrx_word' id='word_1_235' title='bbox 1028 3084 1338 3140; x_wconf 74' lang='grc' dir='ltr'>καὶταῦτα</span> <span class='ocrx_word' id='word_1_236' title='bbox 1397 3083 1700 3155; x_wconf 85' lang='grc' dir='ltr'>πληρώσας</span> <span class='ocrx_word' id='word_1_237' title='bbox 1759 3083 1925 3139; x_wconf 71' lang='grc' dir='ltr'>ἴϐεων</span> 
     </span>
    </p>
   </div>
   <div class='ocr_carea' id='block_1_33' title="bbox 330 3176 1925 3253">
    <p class='ocr_par' dir='ltr' id='par_1_33' title="bbox 330 3176 1925 3253">
     <span class='ocr_line' id='line_1_33' title="bbox 330 3176 1925 3253; baseline -0.002 -19"><span class='ocrx_word' id='word_1_238' title='bbox 330 3181 567 3253; x_wconf 67' lang='grc' dir='ltr'>(πολλὰς</span> <span class='ocrx_word' id='word_1_239' title='bbox 594 3179 654 3232; x_wconf 77' lang='grc' dir='ltr'>δὲ</span> <span class='ocrx_word' id='word_1_240' title='bbox 685 3177 896 3242; x_wconf 84' lang='grc' dir='ltr'>ταύτας</span> <span class='ocrx_word' id='word_1_241' title='bbox 945 3178 1139 3247; x_wconf 80' lang='grc' dir='ltr'>τρέφει</span> <span class='ocrx_word' id='word_1_242' title='bbox 1175 3176 1271 3230; x_wconf 75' lang='grc' dir='ltr'>καὶ</span> <span class='ocrx_word' id='word_1_243' title='bbox 1321 3177 1637 3248; x_wconf 82' lang='grc' dir='ltr'>χειροήθεις</span> <span class='ocrx_word' id='word_1_244' title='bbox 1667 3178 1698 3247; x_wconf 81' lang='grc' dir='ltr'><strong>ή</strong></span> <span class='ocrx_word' id='word_1_245' title='bbox 1749 3178 1925 3246; x_wconf 80' lang='grc' dir='ltr'>Λίγυ-</span> 
     </span>
    </p>
   </div>
   <div class='ocr_carea' id='block_1_34' title="bbox 334 3268 1927 3343">
    <p class='ocr_par' dir='ltr' id='par_1_34' title="bbox 334 3268 1927 3343">
     <span class='ocr_line' id='line_1_34' title="bbox 334 3268 1927 3343; baseline -0.003 -15"><span class='ocrx_word' id='word_1_246' title='bbox 334 3275 519 3343; x_wconf 77' lang='grc' dir='ltr'>πτος),</span> <span class='ocrx_word' id='word_1_247' title='bbox 562 3272 709 3327; x_wconf 78' lang='grc' dir='ltr'>κατὰ</span> <span class='ocrx_word' id='word_1_248' title='bbox 738 3272 840 3341; x_wconf 82' lang='grc' dir='ltr'>τὴν</span> <span class='ocrx_word' id='word_1_249' title='bbox 869 3271 991 3325; x_wconf 81' lang='grc' dir='ltr'>ὁδὸν</span> <span class='ocrx_word' id='word_1_250' title='bbox 1026 3270 1249 3340; x_wconf 80' lang='grc' dir='ltr'>ἐκείνην</span> <span class='ocrx_word' id='word_1_251' title='bbox 1277 3268 1562 3340; x_wconf 77' lang='grc' dir='ltr'>ἐκόμιζεν.</span> <span class='ocrx_word' id='word_1_252' title='bbox 1586 3271 1652 3324; x_wconf 87' lang='grc' dir='ltr'>Δί</span> <span class='ocrx_word' id='word_1_253' title='bbox 1683 3270 1739 3323; x_wconf 85' lang='grc' dir='ltr'><strong>δέ</strong></span> <span class='ocrx_word' id='word_1_254' title='bbox 1783 3271 1927 3336; x_wconf 83' lang='grc' dir='ltr'>ῐϐεις</span> 
     </span>
    </p>
   </div>
   <div class='ocr_carea' id='block_1_35' title="bbox 332 3363 1926 3437">
    <p class='ocr_par' dir='ltr' id='par_1_35' title="bbox 332 3363 1926 3437">
     <span class='ocr_line' id='line_1_35' title="bbox 332 3363 1926 3437; baseline -0.002 -15"><span class='ocrx_word' id='word_1_255' title='bbox 332 3371 446 3432; x_wconf 82' lang='grc' dir='ltr'>τοῖς</span> <span class='ocrx_word' id='word_1_256' title='bbox 481 3366 717 3432; x_wconf 84' lang='grc' dir='ltr'>ίοϐόλοις</span> <span class='ocrx_word' id='word_1_257' title='bbox 760 3365 976 3427; x_wconf 80' lang='grc' dir='ltr'>τούτοις</span> <span class='ocrx_word' id='word_1_258' title='bbox 1018 3363 1294 3434; x_wconf 83' lang='grc' dir='ltr'>πολέμιοι.</span> <span class='ocrx_word' id='word_1_259' title='bbox 1342 3364 1450 3416; x_wconf 78' lang='grc' dir='ltr'><strong>Καὶ</strong></span> <span class='ocrx_word' id='word_1_260' title='bbox 1497 3365 1729 3429; x_wconf 82' lang='grc' dir='ltr'>ταύταις</span> <span class='ocrx_word' id='word_1_261' title='bbox 1791 3382 1926 3437; x_wconf 83' lang='grc' dir='ltr'>προ-</span> 
     </span>
    </p>
   </div>
   <div class='ocr_carea' id='block_1_36' title="bbox 331 3455 1925 3532">
    <p class='ocr_par' dir='ltr' id='par_1_36' title="bbox 331 3455 1925 3532">
     <span class='ocr_line' id='line_1_36' title="bbox 331 3455 1925 3532; baseline -0.003 -17"><span class='ocrx_word' id='word_1_262' title='bbox 331 3460 681 3532; x_wconf 77' lang='grc' dir='ltr'>ηγουμέναις</span> <span class='ocrx_word' id='word_1_263' title='bbox 706 3458 810 3527; x_wconf 81' lang='grc' dir='ltr'>τῆς</span> <span class='ocrx_word' id='word_1_264' title='bbox 835 3457 1099 3526; x_wconf 81' lang='grc' dir='ltr'>στρατιᾶς</span> <span class='ocrx_word' id='word_1_265' title='bbox 1135 3456 1442 3527; x_wconf 75' lang='grc' dir='ltr'>προμάχοις</span> <span class='ocrx_word' id='word_1_266' title='bbox 1471 3455 1616 3510; x_wconf 80' lang='grc' dir='ltr'>κατὰ</span> <span class='ocrx_word' id='word_1_267' title='bbox 1640 3456 1748 3511; x_wconf 82' lang='grc' dir='ltr'>τῶν</span> <span class='ocrx_word' id='word_1_268' title='bbox 1781 3457 1925 3512; x_wconf 69' lang='lat'><em>1066-</em></span> 
     </span>
    </p>
   </div>
   <div class='ocr_carea' id='block_1_37' title="bbox 330 3548 1928 3622">
    <p class='ocr_par' dir='ltr' id='par_1_37' title="bbox 330 3548 1928 3622">
     <span class='ocr_line' id='line_1_37' title="bbox 330 3548 1928 3622; baseline -0.003 -15"><span class='ocrx_word' id='word_1_269' title='bbox 330 3556 440 3607; x_wconf 73' lang='grc' dir='ltr'><strong>λων</strong></span> <span class='ocrx_word' id='word_1_270' title='bbox 498 3552 800 3622; x_wconf 80' lang='grc' dir='ltr'>ἐχρήσατο,</span> <span class='ocrx_word' id='word_1_271' title='bbox 852 3550 949 3603; x_wconf 71' lang='grc' dir='ltr'>καὶ</span> <span class='ocrx_word' id='word_1_272' title='bbox 989 3548 1162 3620; x_wconf 81' lang='grc' dir='ltr'>μηδὲν</span> <span class='ocrx_word' id='word_1_273' title='bbox 1213 3548 1548 3619; x_wconf 80' lang='grc' dir='ltr'>προγνοῦσιν</span> <span class='ocrx_word' id='word_1_274' title='bbox 1600 3548 1781 3603; x_wconf 78' lang='grc' dir='ltr'>ἔπεισι</span> <span class='ocrx_word' id='word_1_275' title='bbox 1811 3552 1928 3614; x_wconf 87' lang='grc' dir='ltr'>τοῖς</span> 
     </span>
    </p>
   </div>
   <div class='ocr_carea' id='block_1_38' title="bbox 334 3643 1922 3716">
    <p class='ocr_par' dir='ltr' id='par_1_38' title="bbox 334 3643 1922 3716">
     <span class='ocr_line' id='line_1_38' title="bbox 334 3643 1922 3716; baseline -0.003 -14"><span class='ocrx_word' id='word_1_276' title='bbox 334 3647 571 3716; x_wconf 67' lang='grc' dir='ltr'>Αἰθίοψι.</span> <span class='ocrx_word' id='word_1_277' title='bbox 629 3646 740 3699; x_wconf 70' lang='grc' dir='ltr'><strong>Καὶ</strong></span> <span class='ocrx_word' id='word_1_278' title='bbox 775 3643 1002 3705; x_wconf 84' lang='grc' dir='ltr'>τούτους</span> <span class='ocrx_word' id='word_1_279' title='bbox 1025 3643 1172 3713; x_wconf 79' lang='grc' dir='ltr'>νικᾷ,</span> <span class='ocrx_word' id='word_1_280' title='bbox 1199 3644 1296 3696; x_wconf 75' lang='grc' dir='ltr'>καὶ</span> <span class='ocrx_word' id='word_1_281' title='bbox 1330 3643 1518 3705; x_wconf 84' lang='grc' dir='ltr'>πόλεις</span> <span class='ocrx_word' id='word_1_282' title='bbox 1546 3643 1725 3697; x_wconf 82' lang='grc' dir='ltr'>αὐτῶν</span> <span class='ocrx_word' id='word_1_283' title='bbox 1756 3644 1922 3714; x_wconf 80' lang='grc' dir='ltr'>αἱρεῖ.</span> 
     </span>
    </p>
   </div>
   <div class='ocr_carea' id='block_1_39' title="bbox 342 3731 1928 3803">
    <p class='ocr_par' dir='ltr' id='par_1_39' title="bbox 342 3731 1928 3803">
     <span class='ocr_line' id='line_1_39' title="bbox 342 3731 1928 3803; baseline -0.001 -15"><span class='ocrx_word' id='word_1_284' title='bbox 342 3738 409 3788; x_wconf 70' lang='grc' dir='ltr'><strong>Οἱ</strong></span> <span class='ocrx_word' id='word_1_285' title='bbox 433 3738 492 3789; x_wconf 78' lang='grc' dir='ltr'><strong>δέ</strong></span> <span class='ocrx_word' id='word_1_286' title='bbox 531 3732 922 3795; x_wconf 80' lang='grc' dir='ltr'>συνελαθέντες</span> <span class='ocrx_word' id='word_1_287' title='bbox 955 3734 1035 3793; x_wconf 88' lang='grc' dir='ltr'><strong>είς</strong></span> <span class='ocrx_word' id='word_1_288' title='bbox 1073 3731 1255 3785; x_wconf 79' lang='grc' dir='ltr'>Σαϐὰν</span> <span class='ocrx_word' id='word_1_289' title='bbox 1280 3732 1418 3803; x_wconf 82' lang='grc'><strong>(55),</strong></span> <span class='ocrx_word' id='word_1_290' title='bbox 1453 3731 1607 3786; x_wconf 81' lang='grc' dir='ltr'>πόλιν</span> <span class='ocrx_word' id='word_1_291' title='bbox 1652 3732 1928 3803; x_wconf 85' lang='grc' dir='ltr'>βασίλειον</span> 
     </span>
    </p>
   </div>
   <div class='ocr_carea' id='block_1_40' title="bbox 342 3820 1925 3894">
    <p class='ocr_par' dir='ltr' id='par_1_40' title="bbox 342 3820 1925 3894">
     <span class='ocr_line' id='line_1_40' title="bbox 342 3820 1925 3894; baseline -0.002 -16"><span class='ocrx_word' id='word_1_292' title='bbox 342 3821 517 3878; x_wconf 76' lang='grc' dir='ltr'>οὖσαν</span> <span class='ocrx_word' id='word_1_293' title='bbox 560 3822 865 3886; x_wconf 80' lang='grc' dir='ltr'>Δίθιοπίας,</span> <span class='ocrx_word' id='word_1_294' title='bbox 906 3822 975 3892; x_wconf 76' lang='grc' dir='ltr'><strong>ἢν</strong></span> <span class='ocrx_word' id='word_1_295' title='bbox 1024 3820 1256 3891; x_wconf 84' lang='grc' dir='ltr'>ὕστερον</span> <span class='ocrx_word' id='word_1_296' title='bbox 1312 3821 1626 3894; x_wconf 85' lang='grc' dir='ltr'>Καμϐύσης</span> <span class='ocrx_word' id='word_1_297' title='bbox 1700 3823 1925 3893; x_wconf 82' lang='grc' dir='ltr'>Μερόην</span> 
     </span>
    </p>
   </div>
   <div class='ocr_carea' id='block_1_41' title="bbox 336 3909 1924 3986">
    <p class='ocr_par' dir='ltr' id='par_1_41' title="bbox 336 3909 1924 3986">
     <span class='ocr_line' id='line_1_41' title="bbox 336 3909 1924 3986; baseline 0.001 -19"><span class='ocrx_word' id='word_1_298' title='bbox 336 3915 601 3986; x_wconf 83' lang='grc' dir='ltr'>ὠνόμασε</span> <span class='ocrx_word' id='word_1_299' title='bbox 624 3914 710 3968; x_wconf 75' lang='grc' dir='ltr'>διὰ</span> <span class='ocrx_word' id='word_1_300' title='bbox 737 3913 840 3983; x_wconf 82' lang='grc' dir='ltr'><strong>τήν</strong></span> <span class='ocrx_word' id='word_1_301' title='bbox 869 3909 1167 3982; x_wconf 81' lang='grc' dir='ltr'>ὁμώνυμον</span> <span class='ocrx_word' id='word_1_302' title='bbox 1188 3910 1451 3986; x_wconf 75' lang='grc' dir='ltr'>ἀδελφήν,</span> <span class='ocrx_word' id='word_1_303' title='bbox 1475 3911 1924 3984; x_wconf 70' lang='grc' dir='ltr'>ἐπολιορκοῦντο.</span> 
     </span>
    </p>
   </div>
   <div class='ocr_carea' id='block_1_42' title="bbox 334 3984 1928 4080">
    <p class='ocr_par' dir='ltr' id='par_1_42' title="bbox 334 3984 1928 4080">
     <span class='ocr_line' id='line_1_42' title="bbox 334 3984 1928 4080; baseline -0.002 -17"><span class='ocrx_word' id='word_1_304' title='bbox 334 3984 535 4064; x_wconf 66' lang='grc' dir='ltr'><strong>Ἦνδὲ</strong></span> <span class='ocrx_word' id='word_1_305' title='bbox 566 4010 599 4080; x_wconf 84' lang='grc' dir='ltr'><strong>ἡ</strong></span> <span class='ocrx_word' id='word_1_306' title='bbox 634 4006 791 4072; x_wconf 84' lang='grc' dir='ltr'>πόλις</span> <span class='ocrx_word' id='word_1_307' title='bbox 821 4004 1317 4076; x_wconf 81' lang='grc' dir='ltr'>δυσπολιόρκητος.</span> <span class='ocrx_word' id='word_1_308' title='bbox 1340 3984 1575 4076; x_wconf 57' lang='grc' dir='ltr'>’Θάρϐης</span> <span class='ocrx_word' id='word_1_309' title='bbox 1598 4004 1655 4059; x_wconf 81' lang='grc' dir='ltr'>δὲ</span> <span class='ocrx_word' id='word_1_310' title='bbox 1701 4006 1796 4060; x_wconf 85' lang='grc' dir='ltr'><strong>τοῦ</strong></span> <span class='ocrx_word' id='word_1_311' title='bbox 1832 4008 1928 4060; x_wconf 73' lang='grc' dir='ltr'><strong>Αι-</strong></span> 
     </span>
    </p>
   </div>
   <div class='ocr_carea' id='block_1_43' title="bbox 335 4096 1929 4172">
    <p class='ocr_par' dir='ltr' id='par_1_43' title="bbox 335 4096 1929 4172">
     <span class='ocr_line' id='line_1_43' title="bbox 335 4096 1929 4172; baseline -0.003 -14"><span class='ocrx_word' id='word_1_312' title='bbox 335 4105 545 4158; x_wconf 85' lang='grc' dir='ltr'>θιόπων</span> <span class='ocrx_word' id='word_1_313' title='bbox 571 4100 913 4172; x_wconf 78' lang='grc' dir='ltr'>κρατοῦντος</span> <span class='ocrx_word' id='word_1_314' title='bbox 938 4097 1187 4167; x_wconf 78' lang='grc' dir='ltr'>θυγάτηρ</span> <span class='ocrx_word' id='word_1_315' title='bbox 1215 4097 1292 4160; x_wconf 83' lang='grc' dir='ltr'><strong>είς</strong></span> <span class='ocrx_word' id='word_1_316' title='bbox 1323 4096 1505 4167; x_wconf 82' lang='grc' dir='ltr'>ἔρωτα</span> <span class='ocrx_word' id='word_1_317' title='bbox 1534 4097 1732 4152; x_wconf 80' lang='grc' dir='ltr'>ὤλισθε</span> <span class='ocrx_word' id='word_1_318' title='bbox 1764 4101 1929 4154; x_wconf 86' lang='grc' dir='ltr'><strong>Μωῦ-</strong></span> 
     </span>
    </p>
   </div>
   <div class='ocr_carea' id='block_1_44' title="bbox 337 4190 1925 4263">
    <p class='ocr_par' dir='ltr' id='par_1_44' title="bbox 337 4190 1925 4263">
     <span class='ocr_line' id='line_1_44' title="bbox 337 4190 1925 4263; baseline -0.004 -11"><span class='ocrx_word' id='word_1_319' title='bbox 337 4200 501 4261; x_wconf 81' lang='grc' dir='ltr'>σέως,</span> <span class='ocrx_word' id='word_1_320' title='bbox 531 4195 634 4249; x_wconf 66' lang='grc' dir='ltr'><strong>καὶ</strong></span> <span class='ocrx_word' id='word_1_321' title='bbox 658 4190 1204 4261; x_wconf 76' lang='grc' dir='ltr'>διαπέμπεταιπρδς</span> <span class='ocrx_word' id='word_1_322' title='bbox 1236 4190 1407 4244; x_wconf 70' lang='grc' dir='ltr'>αὐτὸν</span> <span class='ocrx_word' id='word_1_323' title='bbox 1447 4192 1579 4262; x_wconf 77' lang='grc' dir='ltr'>περὶ</span> <span class='ocrx_word' id='word_1_324' title='bbox 1620 4192 1827 4263; x_wconf 87' lang='grc' dir='ltr'>γάμου.</span> <span class='ocrx_word' id='word_1_325' title='bbox 1866 4193 1925 4245; x_wconf 88' lang='grc' dir='ltr'>Ὀ</span> 
     </span>
    </p>
   </div>
   <div class='ocr_carea' id='block_1_45' title="bbox 333 4282 1923 4355">
    <p class='ocr_par' dir='ltr' id='par_1_45' title="bbox 333 4282 1923 4355">
     <span class='ocr_line' id='line_1_45' title="bbox 333 4282 1923 4355; baseline -0.006 -8"><span class='ocrx_word' id='word_1_326' title='bbox 333 4293 393 4347; x_wconf 71' lang='grc' dir='ltr'>δὲ</span> <span class='ocrx_word' id='word_1_327' title='bbox 424 4290 747 4353; x_wconf 84' lang='grc' dir='ltr'>κατένευεν,</span> <span class='ocrx_word' id='word_1_328' title='bbox 787 4285 838 4338; x_wconf 88' lang='grc' dir='ltr'><strong>εί</strong></span> <span class='ocrx_word' id='word_1_329' title='bbox 865 4283 1139 4355; x_wconf 80' lang='grc' dir='ltr'>παραδοίη</span> <span class='ocrx_word' id='word_1_330' title='bbox 1164 4282 1265 4355; x_wconf 81' lang='grc' dir='ltr'><strong>τὴν</strong></span> <span class='ocrx_word' id='word_1_331' title='bbox 1312 4283 1467 4337; x_wconf 86' lang='grc' dir='ltr'>πόλιν</span> <span class='ocrx_word' id='word_1_332' title='bbox 1508 4282 1678 4354; x_wconf 74' lang='grc' dir='ltr'>αὐτῷ.</span> <span class='ocrx_word' id='word_1_333' title='bbox 1724 4284 1923 4338; x_wconf 81' lang='grc' dir='ltr'>Φθάνει</span> 
     </span>
    </p>
   </div>
   <div class='ocr_carea' id='block_1_46' title="bbox 2017 580 3604 657">
    <p class='ocr_par' dir='ltr' id='par_1_46' title="bbox 2017 580 3604 657">
     <span class='ocr_line' id='line_1_46' title="bbox 2017 580 3604 657; baseline 0.004 -21"><span class='ocrx_word' id='word_1_334' title='bbox 2017 580 2374 636; x_wconf 62' lang='lat' dir='ltr'><strong>Hebraeorum</strong></span> <span class='ocrx_word' id='word_1_335' title='bbox 2400 583 2673 637; x_wconf 90' lang='lat' dir='ltr'><strong>oriturum</strong></span> <span class='ocrx_word' id='word_1_336' title='bbox 2707 597 2829 640; x_wconf 85' lang='lat' dir='ltr'><strong>esse</strong></span> <span class='ocrx_word' id='word_1_337' title='bbox 2864 582 3103 647; x_wconf 79' lang='lat' dir='ltr'><strong>dixerat,</strong></span> <span class='ocrx_word' id='word_1_338' title='bbox 3134 584 3227 654; x_wconf 92' lang='lat' dir='ltr'><strong>qui</strong></span> <span class='ocrx_word' id='word_1_339' title='bbox 3274 583 3487 657; x_wconf 60' lang='lat' dir='ltr'><strong>[Egypti</strong></span> <span class='ocrx_word' id='word_1_340' title='bbox 3516 604 3604 644; x_wconf 85' lang='lat' dir='ltr'><strong>re-</strong></span> 
     </span>
    </p>
   </div>
   <div class='ocr_carea' id='block_1_47' title="bbox 2014 675 3600 747">
    <p class='ocr_par' dir='ltr' id='par_1_47' title="bbox 2014 675 3600 747">
     <span class='ocr_line' id='line_1_47' title="bbox 2014 675 3600 747; baseline 0.003 -20"><span class='ocrx_word' id='word_1_341' title='bbox 2014 690 2185 743; x_wconf 89' lang='lat' dir='ltr'><strong>gnum</strong></span> <span class='ocrx_word' id='word_1_342' title='bbox 2231 675 2598 745; x_wconf 87' lang='lat' dir='ltr'><strong>depressurus</strong></span> <span class='ocrx_word' id='word_1_343' title='bbox 2644 685 2812 739; x_wconf 90' lang='lat' dir='ltr'><strong>esset,</strong></span> <span class='ocrx_word' id='word_1_344' title='bbox 2865 687 3186 747; x_wconf 89' lang='lat' dir='ltr'><strong>conspecto,</strong></span> <span class='ocrx_word' id='word_1_345' title='bbox 3236 679 3553 733; x_wconf 74' lang='lat' dir='ltr'><strong>exclamans</strong></span> <span class='ocrx_word' id='word_1_346' title='bbox 3587 719 3600 732; x_wconf 94' lang='lat'><strong>.</strong></span> 
     </span>
    </p>
   </div>
   <div class='ocr_carea' id='block_1_48' title="bbox 2018 764 3605 841">
    <p class='ocr_par' dir='ltr' id='par_1_48' title="bbox 2018 764 3605 841">
     <span class='ocr_line' id='line_1_48' title="bbox 2018 764 3605 841; baseline 0.005 -24"><span class='ocrx_word' id='word_1_347' title='bbox 2018 764 2140 829; x_wconf 82' lang='lat' dir='ltr'><strong>llic,</strong></span> <span class='ocrx_word' id='word_1_348' title='bbox 2185 765 2385 835; x_wconf 86' lang='lat' dir='ltr'><strong>inquit,</strong></span> <span class='ocrx_word' id='word_1_349' title='bbox 2420 766 2513 821; x_wconf 79' lang='lat' dir='ltr'><strong>ille</strong></span> <span class='ocrx_word' id='word_1_350' title='bbox 2554 783 2683 837; x_wconf 82' lang='lat' dir='ltr'><strong>puer</strong></span> <span class='ocrx_word' id='word_1_351' title='bbox 2704 775 2779 822; x_wconf 78' lang='lat' dir='ltr'><strong>est</strong></span> <span class='ocrx_word' id='word_1_352' title='bbox 2801 783 2819 820; x_wconf 91' lang='lat'><em>:</em></span> <span class='ocrx_word' id='word_1_353' title='bbox 2851 769 2949 821; x_wconf 76' lang='lat' dir='ltr'><strong>hoc</strong></span> <span class='ocrx_word' id='word_1_354' title='bbox 2982 768 3282 838; x_wconf 76' lang='lat' dir='ltr'><strong>interfecto,</strong></span> <span class='ocrx_word' id='word_1_355' title='bbox 3328 768 3605 841; x_wconf 63' lang='lat' dir='ltr'><strong>dfgyptios</strong></span> 
     </span>
    </p>
   </div>
   <div class='ocr_carea' id='block_1_49' title="bbox 2017 859 3605 930">
    <p class='ocr_par' dir='ltr' id='par_1_49' title="bbox 2017 859 3605 930">
     <span class='ocr_line' id='line_1_49' title="bbox 2017 859 3605 930; baseline 0.003 -18"><span class='ocrx_word' id='word_1_356' title='bbox 2017 870 2159 913; x_wconf 75' lang='lat' dir='ltr'><strong>ntetu</strong></span> <span class='ocrx_word' id='word_1_357' title='bbox 2200 859 2501 915; x_wconf 84' lang='lat' dir='ltr'><strong>libera.Sed</strong></span> <span class='ocrx_word' id='word_1_358' title='bbox 2524 860 2885 916; x_wconf 84' lang='lat' dir='ltr'><strong>Thermuthis</strong></span> <span class='ocrx_word' id='word_1_359' title='bbox 2921 875 3095 929; x_wconf 86' lang='lat' dir='ltr'><strong>puero</strong></span> <span class='ocrx_word' id='word_1_360' title='bbox 3124 869 3317 930; x_wconf 85' lang='lat' dir='ltr'><strong>erepto</strong></span> <span class='ocrx_word' id='word_1_361' title='bbox 3346 872 3605 917; x_wconf 44' lang='lat' dir='ltr'><strong>antever‘</strong></span> 
     </span>
    </p>
   </div>
   <div class='ocr_carea' id='block_1_50' title="bbox 2018 952 3609 1024">
    <p class='ocr_par' dir='ltr' id='par_1_50' title="bbox 2018 952 3609 1024">
     <span class='ocr_line' id='line_1_50' title="bbox 2018 952 3609 1024; baseline 0.004 -19"><span class='ocrx_word' id='word_1_362' title='bbox 2018 953 2177 1017; x_wconf 87' lang='lat' dir='ltr'><strong>tit,et</strong></span> <span class='ocrx_word' id='word_1_363' title='bbox 2200 952 2538 1008; x_wconf 83' lang='lat' dir='ltr'><strong>Pharaonem</strong></span> <span class='ocrx_word' id='word_1_364' title='bbox 2572 954 2716 1009; x_wconf 89' lang='lat' dir='ltr'><strong>Deus</strong></span> <span class='ocrx_word' id='word_1_365' title='bbox 2741 953 3048 1024; x_wconf 81' lang='lat' dir='ltr'><strong>segniorem</strong></span> <span class='ocrx_word' id='word_1_366' title='bbox 3085 953 3151 1007; x_wconf 87' lang='lat' dir='ltr'><strong>ad</strong></span> <span class='ocrx_word' id='word_1_367' title='bbox 3182 954 3386 1010; x_wconf 65' lang='lat' dir='ltr'><strong>caulem</strong></span> <span class='ocrx_word' id='word_1_368' title='bbox 3422 956 3609 1011; x_wconf 87' lang='lat' dir='ltr'><strong>reddi-</strong></span> 
     </span>
    </p>
   </div>
   <div class='ocr_carea' id='block_1_51' title="bbox 2015 1047 3602 1119">
    <p class='ocr_par' dir='ltr' id='par_1_51' title="bbox 2015 1047 3602 1119">
     <span class='ocr_line' id='line_1_51' title="bbox 2015 1047 3602 1119; baseline 0.003 -18"><span class='ocrx_word' id='word_1_369' title='bbox 2015 1047 2193 1102; x_wconf 82' lang='lat' dir='ltr'><strong>derat.</strong></span> <span class='ocrx_word' id='word_1_370' title='bbox 2225 1047 2407 1103; x_wconf 52' lang='lat' dir='ltr'><strong>{Etate</strong></span> <span class='ocrx_word' id='word_1_371' title='bbox 2453 1063 2775 1119; x_wconf 78' lang='lat' dir='ltr'><strong>progressus</strong></span> <span class='ocrx_word' id='word_1_372' title='bbox 2814 1049 3013 1113; x_wconf 83' lang='lat' dir='ltr'><strong>Moses,</strong></span> <span class='ocrx_word' id='word_1_373' title='bbox 3041 1064 3150 1115; x_wconf 90' lang='lat' dir='ltr'><strong>qua</strong></span> <span class='ocrx_word' id='word_1_374' title='bbox 3193 1049 3394 1105; x_wconf 82' lang='lat' dir='ltr'><strong>virtute</strong></span> <span class='ocrx_word' id='word_1_375' title='bbox 3434 1062 3602 1115; x_wconf 87' lang='lat' dir='ltr'><strong>esset,</strong></span> 
     </span>
    </p>
   </div>
   <div class='ocr_carea' id='block_1_52' title="bbox 2018 1141 3603 1214">
    <p class='ocr_par' dir='ltr' id='par_1_52' title="bbox 2018 1141 3603 1214">
     <span class='ocr_line' id='line_1_52' title="bbox 2018 1141 3603 1214; baseline 0 -18"><span class='ocrx_word' id='word_1_376' title='bbox 2018 1143 2108 1197; x_wconf 88' lang='lat' dir='ltr'><strong>tali</strong></span> <span class='ocrx_word' id='word_1_377' title='bbox 2142 1143 2428 1198; x_wconf 81' lang='lat' dir='ltr'><strong>occasione</strong></span> <span class='ocrx_word' id='word_1_378' title='bbox 2466 1141 2738 1214; x_wconf 64' lang='lat' dir='ltr'><strong>Egyptiis</strong></span> <span class='ocrx_word' id='word_1_379' title='bbox 2764 1143 3025 1198; x_wconf 88' lang='lat' dir='ltr'><strong>innotuit.</strong></span> <span class='ocrx_word' id='word_1_380' title='bbox 3059 1142 3353 1211; x_wconf 62' lang='lat' dir='ltr'><strong>Ethiopes</strong></span> <span class='ocrx_word' id='word_1_381' title='bbox 3370 1141 3603 1214; x_wconf 61' lang='lat' dir='ltr'><strong>Egypto</strong></span> 
     </span>
    </p>
   </div>
   <div class='ocr_carea' id='block_1_53' title="bbox 2017 1233 3600 1307">
    <p class='ocr_par' dir='ltr' id='par_1_53' title="bbox 2017 1233 3600 1307">
     <span class='ocr_line' id='line_1_53' title="bbox 2017 1233 3600 1307; baseline 0.001 -18"><span class='ocrx_word' id='word_1_382' title='bbox 2017 1235 2237 1290; x_wconf 87' lang='lat' dir='ltr'><strong>finitimi</strong></span> <span class='ocrx_word' id='word_1_383' title='bbox 2268 1235 2548 1306; x_wconf 79' lang='lat' dir='ltr'><strong>regionem</strong></span> <span class='ocrx_word' id='word_1_384' title='bbox 2579 1235 2934 1306; x_wconf 89' lang='lat' dir='ltr'><strong>p0pulantur.</strong></span> <span class='ocrx_word' id='word_1_385' title='bbox 2967 1233 3389 1307; x_wconf 63' lang='lat' dir='ltr'><strong>Egyptiibcllo</strong></span> <span class='ocrx_word' id='word_1_386' title='bbox 3411 1249 3600 1291; x_wconf 85' lang='lat' dir='ltr'><strong>contra</strong></span> 
     </span>
    </p>
   </div>
   <div class='ocr_carea' id='block_1_54' title="bbox 2014 1327 3607 1398">
    <p class='ocr_par' dir='ltr' id='par_1_54' title="bbox 2014 1327 3607 1398">
     <span class='ocr_line' id='line_1_54' title="bbox 2014 1327 3607 1398; baseline -0.002 -13"><span class='ocrx_word' id='word_1_387' title='bbox 2014 1344 2110 1385; x_wconf 85' lang='lat' dir='ltr'><strong>eos</strong></span> <span class='ocrx_word' id='word_1_388' title='bbox 2147 1338 2318 1393; x_wconf 86' lang='lat' dir='ltr'><strong>moto,</strong></span> <span class='ocrx_word' id='word_1_389' title='bbox 2362 1337 2418 1382; x_wconf 88' lang='lat' dir='ltr'><strong>ct</strong></span> <span class='ocrx_word' id='word_1_390' title='bbox 2464 1328 2855 1394; x_wconf 86' lang='lat' dir='ltr'><strong>succumbunt,</strong></span> <span class='ocrx_word' id='word_1_391' title='bbox 2886 1337 2944 1383; x_wconf 88' lang='lat' dir='ltr'><strong>et</strong></span> <span class='ocrx_word' id='word_1_392' title='bbox 2966 1327 3306 1398; x_wconf 89' lang='lat' dir='ltr'><strong>contemptui</strong></span> <span class='ocrx_word' id='word_1_393' title='bbox 3339 1338 3470 1383; x_wconf 88' lang='lat' dir='ltr'><strong>sunt</strong></span> <span class='ocrx_word' id='word_1_394' title='bbox 3506 1328 3607 1382; x_wconf 83' lang='lat' dir='ltr'><strong>lio-</strong></span> 
     </span>
    </p>
   </div>
   <div class='ocr_carea' id='block_1_55' title="bbox 2015 1418 3603 1492">
    <p class='ocr_par' dir='ltr' id='par_1_55' title="bbox 2015 1418 3603 1492">
     <span class='ocr_line' id='line_1_55' title="bbox 2015 1418 3603 1492; baseline -0.001 -16"><span class='ocrx_word' id='word_1_395' title='bbox 2015 1422 2212 1487; x_wconf 90' lang='lat' dir='ltr'><strong>stibus,</strong></span> <span class='ocrx_word' id='word_1_396' title='bbox 2267 1423 2340 1476; x_wconf 89' lang='lat' dir='ltr'><strong>ita</strong></span> <span class='ocrx_word' id='word_1_397' title='bbox 2400 1418 2461 1475; x_wconf 80' lang='lat' dir='ltr'><strong>ut</strong></span> <span class='ocrx_word' id='word_1_398' title='bbox 2515 1421 2827 1476; x_wconf 82' lang='lat' dir='ltr'><strong>universam</strong></span> <span class='ocrx_word' id='word_1_399' title='bbox 2890 1419 3181 1492; x_wconf 67' lang='lat' dir='ltr'><strong>Aigyptum</strong></span> <span class='ocrx_word' id='word_1_400' title='bbox 3237 1420 3603 1475; x_wconf 88' lang='lat' dir='ltr'><strong>incursarent.</strong></span> 
     </span>
    </p>
   </div>
   <div class='ocr_carea' id='block_1_56' title="bbox 2015 1513 3604 1582">
    <p class='ocr_par' dir='ltr' id='par_1_56' title="bbox 2015 1513 3604 1582">
     <span class='ocr_line' id='line_1_56' title="bbox 2015 1513 3604 1582; baseline -0.004 -11"><span class='ocrx_word' id='word_1_401' title='bbox 2015 1516 2230 1571; x_wconf 80' lang='lat' dir='ltr'><strong>Pharao</strong></span> <span class='ocrx_word' id='word_1_402' title='bbox 2277 1530 2342 1569; x_wconf 80' lang='lat' dir='ltr'><strong>ex</strong></span> <span class='ocrx_word' id='word_1_403' title='bbox 2399 1514 2626 1569; x_wconf 88' lang='lat' dir='ltr'><strong>oraculo</strong></span> <span class='ocrx_word' id='word_1_404' title='bbox 2666 1513 2871 1569; x_wconf 83' lang='lat' dir='ltr'><strong>Mosem</strong></span> <span class='ocrx_word' id='word_1_405' title='bbox 2923 1515 3036 1582; x_wconf 83' lang='lat' dir='ltr'><strong>jam</strong></span> <span class='ocrx_word' id='word_1_406' title='bbox 3071 1513 3250 1568; x_wconf 85' lang='lat' dir='ltr'><strong>virum</strong></span> <span class='ocrx_word' id='word_1_407' title='bbox 3301 1513 3527 1575; x_wconf 82' lang='lat' dir='ltr'><strong>factum,</strong></span> <span class='ocrx_word' id='word_1_408' title='bbox 3575 1526 3604 1564; x_wconf 92' lang='lat' dir='ltr'><strong>a</strong></span> 
     </span>
    </p>
   </div>
   <div class='ocr_carea' id='block_1_57' title="bbox 2019 1604 3609 1677">
    <p class='ocr_par' dir='ltr' id='par_1_57' title="bbox 2019 1604 3609 1677">
     <span class='ocr_line' id='line_1_57' title="bbox 2019 1604 3609 1677; baseline -0.003 -15"><span class='ocrx_word' id='word_1_409' title='bbox 2019 1607 2128 1662; x_wconf 84' lang='lat' dir='ltr'><strong>lilia</strong></span> <span class='ocrx_word' id='word_1_410' title='bbox 2170 1607 2370 1663; x_wconf 90' lang='lat' dir='ltr'><strong>ducem</strong></span> <span class='ocrx_word' id='word_1_411' title='bbox 2420 1608 2575 1677; x_wconf 79' lang='lat' dir='ltr'><strong>petit.</strong></span> <span class='ocrx_word' id='word_1_412' title='bbox 2616 1606 2882 1662; x_wconf 87' lang='lat' dir='ltr'><strong>Concedit</strong></span> <span class='ocrx_word' id='word_1_413' title='bbox 2920 1605 3057 1672; x_wconf 88' lang='lat' dir='ltr'><strong>illa;</strong></span> <span class='ocrx_word' id='word_1_414' title='bbox 3108 1606 3209 1662; x_wconf 38' lang='lat' dir='ltr'><strong>sed:</strong></span> <span class='ocrx_word' id='word_1_415' title='bbox 3243 1604 3609 1677; x_wconf 83' lang='lat' dir='ltr'><strong>jurejurando</strong></span> 
     </span>
    </p>
   </div>
   <div class='ocr_carea' id='block_1_58' title="bbox 2019 1697 3606 1771">
    <p class='ocr_par' dir='ltr' id='par_1_58' title="bbox 2019 1697 3606 1771">
     <span class='ocr_line' id='line_1_58' title="bbox 2019 1697 3606 1771; baseline -0.004 -16"><span class='ocrx_word' id='word_1_416' title='bbox 2019 1711 2230 1771; x_wconf 80' lang='lat' dir='ltr'><strong>patrem</strong></span> <span class='ocrx_word' id='word_1_417' title='bbox 2282 1699 2471 1771; x_wconf 81' lang='lat' dir='ltr'><strong>adigit,</strong></span> <span class='ocrx_word' id='word_1_418' title='bbox 2522 1716 2593 1755; x_wconf 83' lang='lat' dir='ltr'><strong>ne</strong></span> <span class='ocrx_word' id='word_1_419' title='bbox 2648 1698 2781 1769; x_wconf 92' lang='lat' dir='ltr'><strong>quid</strong></span> <span class='ocrx_word' id='word_1_420' title='bbox 2840 1699 2918 1754; x_wconf 89' lang='lat' dir='ltr'><strong>illi</strong></span> <span class='ocrx_word' id='word_1_421' title='bbox 2973 1706 3190 1754; x_wconf 78' lang='lat' dir='ltr'><strong>noceat.</strong></span> <span class='ocrx_word' id='word_1_422' title='bbox 3241 1698 3418 1753; x_wconf 85' lang='lat' dir='ltr'><strong>Moses</strong></span> <span class='ocrx_word' id='word_1_423' title='bbox 3472 1697 3606 1751; x_wconf 82' lang='lat' dir='ltr'><strong>belli</strong></span> 
     </span>
    </p>
   </div>
   <div class='ocr_carea' id='block_1_59' title="bbox 2019 1790 3610 1858">
    <p class='ocr_par' dir='ltr' id='par_1_59' title="bbox 2019 1790 3610 1858">
     <span class='ocr_line' id='line_1_59' title="bbox 2019 1790 3610 1858; baseline -0.004 -8"><span class='ocrx_word' id='word_1_424' title='bbox 2019 1809 2231 1850; x_wconf 84' lang='lat' dir='ltr'><strong>summa</strong></span> <span class='ocrx_word' id='word_1_425' title='bbox 2266 1794 2371 1850; x_wconf 88' lang='lat' dir='ltr'><strong>sibi</strong></span> <span class='ocrx_word' id='word_1_426' title='bbox 2406 1793 2645 1858; x_wconf 88' lang='lat' dir='ltr'><strong>credita,</strong></span> <span class='ocrx_word' id='word_1_427' title='bbox 2677 1809 2787 1847; x_wconf 88' lang='lat' dir='ltr'><strong>non</strong></span> <span class='ocrx_word' id='word_1_428' title='bbox 2815 1792 2977 1850; x_wconf 90' lang='lat' dir='ltr'><strong>solita</strong></span> <span class='ocrx_word' id='word_1_429' title='bbox 3018 1793 3105 1847; x_wconf 82' lang='lat' dir='ltr'><strong>via</strong></span> <span class='ocrx_word' id='word_1_430' title='bbox 3127 1792 3431 1848; x_wconf 80' lang='lat' dir='ltr'><strong>exercitum</strong></span> <span class='ocrx_word' id='word_1_431' title='bbox 3456 1790 3610 1845; x_wconf 88' lang='lat' dir='ltr'><strong>ducit</strong></span> 
     </span>
    </p>
   </div>
   <div class='ocr_carea' id='block_1_60' title="bbox 2020 1882 3607 1956">
    <p class='ocr_par' dir='ltr' id='par_1_60' title="bbox 2020 1882 3607 1956">
     <span class='ocr_line' id='line_1_60' title="bbox 2020 1882 3607 1956; baseline -0.003 -14"><span class='ocrx_word' id='word_1_432' title='bbox 2020 1897 2214 1942; x_wconf 87' lang='lat' dir='ltr'><strong>contra</strong></span> <span class='ocrx_word' id='word_1_433' title='bbox 2259 1888 2465 1952; x_wconf 82' lang='lat' dir='ltr'><strong>hostes,</strong></span> <span class='ocrx_word' id='word_1_434' title='bbox 2517 1886 2613 1941; x_wconf 83' lang='lat' dir='ltr'><strong>sed</strong></span> <span class='ocrx_word' id='word_1_435' title='bbox 2661 1902 2759 1956; x_wconf 90' lang='lat' dir='ltr'><strong>per</strong></span> <span class='ocrx_word' id='word_1_436' title='bbox 2792 1886 2913 1941; x_wconf 87' lang='lat' dir='ltr'><strong>loca</strong></span> <span class='ocrx_word' id='word_1_437' title='bbox 2957 1884 3029 1940; x_wconf 92' lang='lat' dir='ltr'><strong>ob</strong></span> <span class='ocrx_word' id='word_1_438' title='bbox 3059 1892 3452 1940; x_wconf 76' lang='lat' dir='ltr'><strong>venenatorum</strong></span> <span class='ocrx_word' id='word_1_439' title='bbox 3509 1882 3607 1937; x_wconf 84' lang='lat' dir='ltr'><strong>be-</strong></span> 
     </span>
    </p>
   </div>
   <div class='ocr_carea' id='block_1_61' title="bbox 2020 1973 3607 2048">
    <p class='ocr_par' dir='ltr' id='par_1_61' title="bbox 2020 1973 3607 2048">
     <span class='ocr_line' id='line_1_61' title="bbox 2020 1973 3607 2048; baseline -0.003 -15"><span class='ocrx_word' id='word_1_440' title='bbox 2020 1979 2253 2034; x_wconf 83' lang='lat' dir='ltr'><strong>stiarum</strong></span> <span class='ocrx_word' id='word_1_441' title='bbox 2313 1979 2725 2034; x_wconf 87' lang='lat' dir='ltr'><strong>multitudinem</strong></span> <span class='ocrx_word' id='word_1_442' title='bbox 2781 1979 2950 2044; x_wconf 85' lang='lat' dir='ltr'><strong>invia,</strong></span> <span class='ocrx_word' id='word_1_443' title='bbox 3009 1978 3197 2048; x_wconf 80' lang='lat' dir='ltr'><strong>ibique</strong></span> <span class='ocrx_word' id='word_1_444' title='bbox 3258 1973 3607 2046; x_wconf 82' lang='lat' dir='ltr'><strong>prudentiain</strong></span> 
     </span>
    </p>
   </div>
   <div class='ocr_carea' id='block_1_62' title="bbox 2021 2068 3608 2140">
    <p class='ocr_par' dir='ltr' id='par_1_62' title="bbox 2021 2068 3608 2140">
     <span class='ocr_line' id='line_1_62' title="bbox 2021 2068 3608 2140; baseline -0.003 -13"><span class='ocrx_word' id='word_1_445' title='bbox 2021 2087 2176 2127; x_wconf 83' lang='lat' dir='ltr'><strong>suam</strong></span> <span class='ocrx_word' id='word_1_446' title='bbox 2226 2070 2591 2127; x_wconf 84' lang='lat' dir='ltr'><strong>demonstrat.</strong></span> <span class='ocrx_word' id='word_1_447' title='bbox 2650 2071 2785 2127; x_wconf 87' lang='lat' dir='ltr'><strong>Nam</strong></span> <span class='ocrx_word' id='word_1_448' title='bbox 2843 2070 3062 2127; x_wconf 81' lang='lat' dir='ltr'><strong>fiscellis</strong></span> <span class='ocrx_word' id='word_1_449' title='bbox 3115 2069 3297 2126; x_wconf 89' lang='lat' dir='ltr'><strong>ibides</strong></span> <span class='ocrx_word' id='word_1_450' title='bbox 3351 2068 3608 2140; x_wconf 89' lang='lat' dir='ltr'><strong>(quarum</strong></span> 
     </span>
    </p>
   </div>
   <div class='ocr_carea' id='block_1_63' title="bbox 2022 2161 3607 2235">
    <p class='ocr_par' dir='ltr' id='par_1_63' title="bbox 2022 2161 3607 2235">
     <span class='ocr_line' id='line_1_63' title="bbox 2022 2161 3607 2235; baseline -0.003 -15"><span class='ocrx_word' id='word_1_451' title='bbox 2022 2167 2259 2227; x_wconf 84' lang='lat' dir='ltr'><strong>multas.</strong></span> <span class='ocrx_word' id='word_1_452' title='bbox 2306 2180 2510 2235; x_wconf 89' lang='lat' dir='ltr'><strong>easque</strong></span> <span class='ocrx_word' id='word_1_453' title='bbox 2537 2164 2754 2219; x_wconf 86' lang='lat' dir='ltr'><strong>cicures</strong></span> <span class='ocrx_word' id='word_1_454' title='bbox 2805 2162 3076 2235; x_wconf 70' lang='lat' dir='ltr'><strong>iEgyptus</strong></span> <span class='ocrx_word' id='word_1_455' title='bbox 3137 2161 3267 2231; x_wconf 86' lang='lat' dir='ltr'><strong>alit)</strong></span> <span class='ocrx_word' id='word_1_456' title='bbox 3323 2161 3607 2226; x_wconf 81' lang='lat' dir='ltr'><strong>inclusas,</strong></span> 
     </span>
    </p>
   </div>
   <div class='ocr_carea' id='block_1_64' title="bbox 2021 2253 3610 2328">
    <p class='ocr_par' dir='ltr' id='par_1_64' title="bbox 2021 2253 3610 2328">
     <span class='ocr_line' id='line_1_64' title="bbox 2021 2253 3610 2328; baseline -0.005 -13"><span class='ocrx_word' id='word_1_457' title='bbox 2021 2269 2210 2315; x_wconf 85' lang='lat' dir='ltr'><strong>contra</strong></span> <span class='ocrx_word' id='word_1_458' title='bbox 2239 2257 2531 2328; x_wconf 57' lang='lat' dir='ltr'><strong>[Ethiopes</strong></span> <span class='ocrx_word' id='word_1_459' title='bbox 2555 2256 2754 2327; x_wconf 88' lang='lat' dir='ltr'><strong>portati</strong></span> <span class='ocrx_word' id='word_1_460' title='bbox 2782 2257 2934 2325; x_wconf 90' lang='lat' dir='ltr'><strong>(sunt</strong></span> <span class='ocrx_word' id='word_1_461' title='bbox 2959 2265 3145 2311; x_wconf 90' lang='lat' dir='ltr'><strong>autem</strong></span> <span class='ocrx_word' id='word_1_462' title='bbox 3176 2253 3355 2309; x_wconf 89' lang='lat' dir='ltr'><strong>ibides</strong></span> <span class='ocrx_word' id='word_1_463' title='bbox 3379 2268 3610 2323; x_wconf 88' lang='lat' dir='ltr'><strong>serpen-</strong></span> 
     </span>
    </p>
   </div>
   <div class='ocr_carea' id='block_1_65' title="bbox 2024 2345 3614 2420">
    <p class='ocr_par' dir='ltr' id='par_1_65' title="bbox 2024 2345 3614 2420">
     <span class='ocr_line' id='line_1_65' title="bbox 2024 2345 3614 2420; baseline -0.005 -12"><span class='ocrx_word' id='word_1_464' title='bbox 2024 2352 2174 2408; x_wconf 85' lang='lat' dir='ltr'><strong>tibus</strong></span> <span class='ocrx_word' id='word_1_465' title='bbox 2220 2348 2453 2420; x_wconf 80' lang='lat' dir='ltr'><strong>inl&#39;estae)</strong></span> <span class='ocrx_word' id='word_1_466' title='bbox 2494 2349 2699 2420; x_wconf 91' lang='lat' dir='ltr'><strong>quibus</strong></span> <span class='ocrx_word' id='word_1_467' title='bbox 2737 2345 3257 2419; x_wconf 83' lang='lat' dir='ltr'><strong>propugnatricibus</strong></span> <span class='ocrx_word' id='word_1_468' title='bbox 3285 2355 3475 2402; x_wconf 87' lang='lat' dir='ltr'><strong>contra</strong></span> <span class='ocrx_word' id='word_1_469' title='bbox 3519 2360 3614 2400; x_wconf 84' lang='lat' dir='ltr'><strong>ve-</strong></span> 
     </span>
    </p>
   </div>
   <div class='ocr_carea' id='block_1_66' title="bbox 2023 2439 3615 2511">
    <p class='ocr_par' dir='ltr' id='par_1_66' title="bbox 2023 2439 3615 2511">
     <span class='ocr_line' id='line_1_66' title="bbox 2023 2439 3615 2511; baseline -0.005 -12"><span class='ocrx_word' id='word_1_470' title='bbox 2023 2454 2253 2500; x_wconf 88' lang='lat' dir='ltr'><strong>nenatas</strong></span> <span class='ocrx_word' id='word_1_471' title='bbox 2301 2443 2508 2498; x_wconf 88' lang='lat' dir='ltr'><strong>bestias</strong></span> <span class='ocrx_word' id='word_1_472' title='bbox 2558 2456 2710 2507; x_wconf 92' lang='lat' dir='ltr'><strong>usus,</strong></span> <span class='ocrx_word' id='word_1_473' title='bbox 2745 2448 2803 2495; x_wconf 90' lang='lat' dir='ltr'><strong>et</strong></span> <span class='ocrx_word' id='word_1_474' title='bbox 2855 2439 3146 2511; x_wconf 66' lang='lat' dir='ltr'><strong>zEtbiopes</strong></span> <span class='ocrx_word' id='word_1_475' title='bbox 3191 2454 3299 2494; x_wconf 87' lang='lat' dir='ltr'><strong>nec</strong></span> <span class='ocrx_word' id='word_1_476' title='bbox 3322 2439 3615 2508; x_wconf 82' lang='lat' dir='ltr'><strong>opinantes</strong></span> 
     </span>
    </p>
   </div>
   <div class='ocr_carea' id='block_1_67' title="bbox 2025 2530 3608 2609">
    <p class='ocr_par' dir='ltr' id='par_1_67' title="bbox 2025 2530 3608 2609">
     <span class='ocr_line' id='line_1_67' title="bbox 2025 2530 3608 2609; baseline -0.006 -16"><span class='ocrx_word' id='word_1_477' title='bbox 2025 2552 2334 2609; x_wconf 73' lang='lat' dir='ltr'><strong>aggressus,</strong></span> <span class='ocrx_word' id='word_1_478' title='bbox 2383 2536 2576 2599; x_wconf 88' lang='lat' dir='ltr'><strong>vincit,</strong></span> <span class='ocrx_word' id='word_1_479' title='bbox 2629 2549 2695 2589; x_wconf 90' lang='lat' dir='ltr'><strong>ac</strong></span> <span class='ocrx_word' id='word_1_480' title='bbox 2741 2532 2910 2588; x_wconf 89' lang='lat' dir='ltr'><strong>urbes</strong></span> <span class='ocrx_word' id='word_1_481' title='bbox 2945 2548 3137 2588; x_wconf 89' lang='lat' dir='ltr'><strong>eorum</strong></span> <span class='ocrx_word' id='word_1_482' title='bbox 3169 2533 3364 2602; x_wconf 88' lang='lat' dir='ltr'><strong>capit:</strong></span> <span class='ocrx_word' id='word_1_483' title='bbox 3399 2531 3493 2601; x_wconf 89' lang='lat' dir='ltr'><strong>qui</strong></span> <span class='ocrx_word' id='word_1_484' title='bbox 3552 2530 3608 2584; x_wconf 89' lang='lat' dir='ltr'><strong>in</strong></span> 
     </span>
    </p>
   </div>
   <div class='ocr_carea' id='block_1_68' title="bbox 2026 2623 3613 2698">
    <p class='ocr_par' dir='ltr' id='par_1_68' title="bbox 2026 2623 3613 2698">
     <span class='ocr_line' id='line_1_68' title="bbox 2026 2623 3613 2698; baseline -0.003 -14"><span class='ocrx_word' id='word_1_485' title='bbox 2026 2630 2220 2685; x_wconf 83' lang='lat' dir='ltr'><strong>urbem</strong></span> <span class='ocrx_word' id='word_1_486' title='bbox 2266 2627 2562 2698; x_wconf 72' lang='lat' dir='ltr'><strong>Aithiopiae</strong></span> <span class='ocrx_word' id='word_1_487' title='bbox 2586 2662 2589 2671; x_wconf 74' lang='grc' dir='ltr'><strong>ι</strong></span> <span class='ocrx_word' id='word_1_488' title='bbox 2614 2624 2820 2693; x_wconf 71' lang='lat' dir='ltr'><strong>regiam</strong></span> <span class='ocrx_word' id='word_1_489' title='bbox 2856 2624 3059 2690; x_wconf 87' lang='lat' dir='ltr'><strong>Saban,</strong></span> <span class='ocrx_word' id='word_1_490' title='bbox 3088 2628 3235 2693; x_wconf 90' lang='lat' dir='ltr'><strong>(post</strong></span> <span class='ocrx_word' id='word_1_491' title='bbox 3267 2639 3298 2678; x_wconf 89' lang='lat' dir='ltr'><strong>a</strong></span> <span class='ocrx_word' id='word_1_492' title='bbox 3341 2623 3613 2693; x_wconf 81' lang='lat' dir='ltr'><strong>Cambyse</strong></span> 
     </span>
    </p>
   </div>
   <div class='ocr_carea' id='block_1_69' title="bbox 2025 2714 3615 2786">
    <p class='ocr_par' dir='ltr' id='par_1_69' title="bbox 2025 2714 3615 2786">
     <span class='ocr_line' id='line_1_69' title="bbox 2025 2714 3615 2786; baseline -0.007 -6"><span class='ocrx_word' id='word_1_493' title='bbox 2025 2741 2091 2780; x_wconf 81' lang='lat' dir='ltr'><strong>ex</strong></span> <span class='ocrx_word' id='word_1_494' title='bbox 2121 2723 2345 2778; x_wconf 88' lang='lat' dir='ltr'><strong>nomine</strong></span> <span class='ocrx_word' id='word_1_495' title='bbox 2374 2719 2580 2777; x_wconf 86' lang='lat' dir='ltr'><strong>sororis</strong></span> <span class='ocrx_word' id='word_1_496' title='bbox 2608 2718 2793 2773; x_wconf 83' lang='lat' dir='ltr'><strong>Meroe</strong></span> <span class='ocrx_word' id='word_1_497' title='bbox 2820 2716 2967 2772; x_wconf 85' lang='lat' dir='ltr'><strong>dicta</strong></span> <span class='ocrx_word' id='word_1_498' title='bbox 2999 2716 3105 2784; x_wconf 88' lang='lat' dir='ltr'><strong>est)</strong></span> <span class='ocrx_word' id='word_1_499' title='bbox 3134 2715 3427 2786; x_wconf 83' lang='lat' dir='ltr'><strong>compulsi,</strong></span> <span class='ocrx_word' id='word_1_500' title='bbox 3466 2714 3615 2771; x_wconf 84' lang='lat' dir='ltr'><strong>obsi-</strong></span> 
     </span>
    </p>
   </div>
   <div class='ocr_carea' id='block_1_70' title="bbox 2027 2807 3611 2882">
    <p class='ocr_par' dir='ltr' id='par_1_70' title="bbox 2027 2807 3611 2882">
     <span class='ocr_line' id='line_1_70' title="bbox 2027 2807 3611 2882; baseline -0.007 -10"><span class='ocrx_word' id='word_1_501' title='bbox 2027 2819 2251 2882; x_wconf 87' lang='lat' dir='ltr'><strong>dentur,</strong></span> <span class='ocrx_word' id='word_1_502' title='bbox 2302 2824 2359 2870; x_wconf 91' lang='lat' dir='ltr'><strong>et</strong></span> <span class='ocrx_word' id='word_1_503' title='bbox 2396 2814 2442 2870; x_wconf 88' lang='lat' dir='ltr'><strong>si</strong></span> <span class='ocrx_word' id='word_1_504' title='bbox 2479 2812 2612 2868; x_wconf 91' lang='lat' dir='ltr'><strong>urbs</strong></span> <span class='ocrx_word' id='word_1_505' title='bbox 2665 2811 2756 2866; x_wconf 88' lang='lat' dir='ltr'><strong>illa</strong></span> <span class='ocrx_word' id='word_1_506' title='bbox 2814 2810 3117 2865; x_wconf 84' lang='lat' dir='ltr'><strong>haberetur</strong></span> <span class='ocrx_word' id='word_1_507' title='bbox 3151 2807 3611 2879; x_wconf 76' lang='lat' dir='ltr'><strong>inexpugnabilis.</strong></span> 
     </span>
    </p>
   </div>
   <div class='ocr_carea' id='block_1_71' title="bbox 2027 2897 3625 2975">
    <p class='ocr_par' dir='ltr' id='par_1_71' title="bbox 2027 2897 3625 2975">
     <span class='ocr_line' id='line_1_71' title="bbox 2027 2897 3625 2975; baseline -0.009 -9"><span class='ocrx_word' id='word_1_508' title='bbox 2027 2911 2230 2966; x_wconf 81' lang='lat' dir='ltr'><strong>Verum</strong></span> <span class='ocrx_word' id='word_1_509' title='bbox 2281 2906 2500 2963; x_wconf 86' lang='lat' dir='ltr'><strong>Tharbe</strong></span> <span class='ocrx_word' id='word_1_510' title='bbox 2561 2901 2831 2975; x_wconf 87' lang='lat' dir='ltr'><strong>principis</strong></span> <span class='ocrx_word' id='word_1_511' title='bbox 2893 2900 3214 2971; x_wconf 65' lang='lat' dir='ltr'><strong>AEthiOpum</strong></span> <span class='ocrx_word' id='word_1_512' title='bbox 3272 2897 3403 2962; x_wconf 84' lang='lat' dir='ltr'><strong>ﬁlia,</strong></span> <span class='ocrx_word' id='word_1_513' title='bbox 3455 2907 3625 2967; x_wconf 79' lang='lat' dir='ltr'><strong>capta.</strong></span> 
     </span>
    </p>
   </div>
   <div class='ocr_carea' id='block_1_72' title="bbox 2028 2991 3609 3065">
    <p class='ocr_par' dir='ltr' id='par_1_72' title="bbox 2028 2991 3609 3065">
     <span class='ocr_line' id='line_1_72' title="bbox 2028 2991 3609 3065; baseline -0.009 -5"><span class='ocrx_word' id='word_1_514' title='bbox 2028 3018 2213 3061; x_wconf 88' lang='lat' dir='ltr'><strong>amore</strong></span> <span class='ocrx_word' id='word_1_515' title='bbox 2237 3001 2422 3065; x_wconf 86' lang='lat' dir='ltr'><strong>Mosis,</strong></span> <span class='ocrx_word' id='word_1_516' title='bbox 2445 2995 2817 3053; x_wconf 88' lang='lat' dir='ltr'><strong>internuntios</strong></span> <span class='ocrx_word' id='word_1_517' title='bbox 2833 2994 2899 3050; x_wconf 88' lang='lat' dir='ltr'><strong>ad</strong></span> <span class='ocrx_word' id='word_1_518' title='bbox 2912 3011 3037 3051; x_wconf 77' lang='lat' dir='ltr'><strong>eum</strong></span> <span class='ocrx_word' id='word_1_519' title='bbox 3062 2992 3231 3048; x_wconf 89' lang='lat' dir='ltr'><strong>mittit</strong></span> <span class='ocrx_word' id='word_1_520' title='bbox 3248 2991 3316 3047; x_wconf 89' lang='lat' dir='ltr'><strong>de</strong></span> <span class='ocrx_word' id='word_1_521' title='bbox 3333 2991 3609 3063; x_wconf 68' lang='lat' dir='ltr'><strong>coniugio.</strong></span> 
     </span>
    </p>
   </div>
   <div class='ocr_carea' id='block_1_73' title="bbox 2030 3080 3614 3157">
    <p class='ocr_par' dir='ltr' id='par_1_73' title="bbox 2030 3080 3614 3157">
     <span class='ocr_line' id='line_1_73' title="bbox 2030 3080 3614 3157; baseline -0.008 -9"><span class='ocrx_word' id='word_1_522' title='bbox 2030 3096 2127 3150; x_wconf 83' lang='lat' dir='ltr'><strong>Ille</strong></span> <span class='ocrx_word' id='word_1_523' title='bbox 2181 3091 2408 3157; x_wconf 88' lang='lat' dir='ltr'><strong>annuit,</strong></span> <span class='ocrx_word' id='word_1_524' title='bbox 2455 3089 2501 3145; x_wconf 92' lang='lat' dir='ltr'><strong>si</strong></span> <span class='ocrx_word' id='word_1_525' title='bbox 2531 3088 2724 3143; x_wconf 89' lang='lat' dir='ltr'><strong>urbem</strong></span> <span class='ocrx_word' id='word_1_526' title='bbox 2755 3086 2860 3142; x_wconf 88' lang='lat' dir='ltr'><strong>sibi</strong></span> <span class='ocrx_word' id='word_1_527' title='bbox 2905 3084 3166 3141; x_wconf 84' lang='lat' dir='ltr'><strong>traderet.</strong></span> <span class='ocrx_word' id='word_1_528' title='bbox 3210 3082 3298 3138; x_wconf 88' lang='lat' dir='ltr'><strong>Fit</strong></span> <span class='ocrx_word' id='word_1_529' title='bbox 3332 3082 3436 3137; x_wconf 91' lang='lat' dir='ltr'><strong>hoc</strong></span> <span class='ocrx_word' id='word_1_530' title='bbox 3465 3080 3614 3136; x_wconf 88' lang='lat' dir='ltr'><strong>dicto</strong></span> 
     </span>
    </p>
   </div>
   <div class='ocr_carea' id='block_1_74' title="bbox 1952 3172 3617 3270">
    <p class='ocr_par' dir='ltr' id='par_1_74' title="bbox 1952 3172 3617 3270">
     <span class='ocr_line' id='line_1_74' title="bbox 1952 3172 3617 3270; baseline -0.011 -26"><span class='ocrx_word' id='word_1_531' title='bbox 1952 3209 1998 3270; x_wconf 61' lang='grc' dir='ltr'><strong>(ς</strong></span> <span class='ocrx_word' id='word_1_532' title='bbox 2031 3186 2215 3243; x_wconf 89' lang='lat' dir='ltr'><strong>citius.</strong></span> <span class='ocrx_word' id='word_1_533' title='bbox 2253 3182 2431 3238; x_wconf 82' lang='lat' dir='ltr'><strong>Moses</strong></span> <span class='ocrx_word' id='word_1_534' title='bbox 2478 3180 2703 3252; x_wconf 89' lang='lat' dir='ltr'><strong>nuptias</strong></span> <span class='ocrx_word' id='word_1_535' title='bbox 2749 3177 3015 3238; x_wconf 75' lang='lat' dir='ltr'><strong>celebrat.</strong></span> <span class='ocrx_word' id='word_1_536' title='bbox 3067 3173 3351 3247; x_wconf 66' lang='lat' dir='ltr'><strong>IEgyptios</strong></span> <span class='ocrx_word' id='word_1_537' title='bbox 3401 3172 3617 3228; x_wconf 89' lang='lat' dir='ltr'><strong>reducit</strong></span> 
     </span>
    </p>
   </div>
   <div class='ocr_carea' id='block_1_75' title="bbox 2028 3270 3616 3339">
    <p class='ocr_par' dir='ltr' id='par_1_75' title="bbox 2028 3270 3616 3339">
     <span class='ocr_line' id='line_1_75' title="bbox 2028 3270 3616 3339; baseline -0.01 -4"><span class='ocrx_word' id='word_1_538' title='bbox 2028 3280 2276 3336; x_wconf 89' lang='lat' dir='ltr'><strong>domum.</strong></span> <span class='ocrx_word' id='word_1_539' title='bbox 2308 3277 2377 3330; x_wconf 86' lang='lat' dir='ltr'><strong>At</strong></span> <span class='ocrx_word' id='word_1_540' title='bbox 2415 3271 2495 3329; x_wconf 91' lang='lat' dir='ltr'><strong>illi</strong></span> <span class='ocrx_word' id='word_1_541' title='bbox 2538 3282 2594 3328; x_wconf 90' lang='lat' dir='ltr'><strong>et</strong></span> <span class='ocrx_word' id='word_1_542' title='bbox 2621 3271 2856 3327; x_wconf 90' lang='lat' dir='ltr'><strong>oderant</strong></span> <span class='ocrx_word' id='word_1_543' title='bbox 2899 3270 3052 3324; x_wconf 89' lang='lat' dir='ltr'><strong>illum</strong></span> <span class='ocrx_word' id='word_1_544' title='bbox 3080 3309 3095 3332; x_wconf 88' lang='lat'><strong>,</strong></span> <span class='ocrx_word' id='word_1_545' title='bbox 3130 3280 3446 3339; x_wconf 85' lang='lat' dir='ltr'><strong>quanquam</strong></span> <span class='ocrx_word' id='word_1_546' title='bbox 3480 3279 3616 3320; x_wconf 53' lang='lat' dir='ltr'><strong>conc</strong></span> 
     </span>
    </p>
   </div>
   <div class='ocr_carea' id='block_1_76' title="bbox 2028 3355 3616 3436">
    <p class='ocr_par' dir='ltr' id='par_1_76' title="bbox 2028 3355 3616 3436">
     <span class='ocr_line' id='line_1_76' title="bbox 2028 3355 3616 3436; baseline -0.012 -7"><span class='ocrx_word' id='word_1_547' title='bbox 2028 3372 2264 3436; x_wconf 83' lang='lat' dir='ltr'><strong>servati,</strong></span> <span class='ocrx_word' id='word_1_548' title='bbox 2296 3377 2354 3425; x_wconf 91' lang='lat' dir='ltr'><strong>et</strong></span> <span class='ocrx_word' id='word_1_549' title='bbox 2380 3368 2720 3423; x_wconf 86' lang='lat' dir='ltr'><strong>Pharaonem</strong></span> <span class='ocrx_word' id='word_1_550' title='bbox 2753 3372 2943 3419; x_wconf 87' lang='lat' dir='ltr'><strong>contra</strong></span> <span class='ocrx_word' id='word_1_551' title='bbox 2964 3377 3090 3417; x_wconf 87' lang='lat' dir='ltr'><strong>eum</strong></span> <span class='ocrx_word' id='word_1_552' title='bbox 3122 3359 3476 3430; x_wconf 77' lang='lat' dir='ltr'><strong>instigabant.</strong></span> <span class='ocrx_word' id='word_1_553' title='bbox 3512 3355 3616 3423; x_wconf 85' lang='lat' dir='ltr'><strong>Qui</strong></span> 
     </span>
    </p>
   </div>
   <div class='ocr_carea' id='block_1_77' title="bbox 2028 3447 3617 3522">
    <p class='ocr_par' dir='ltr' id='par_1_77' title="bbox 2028 3447 3617 3522">
     <span class='ocr_line' id='line_1_77' title="bbox 2028 3447 3617 3522; baseline -0.012 -4"><span class='ocrx_word' id='word_1_554' title='bbox 2028 3470 2087 3518; x_wconf 88' lang='lat' dir='ltr'><strong>et</strong></span> <span class='ocrx_word' id='word_1_555' title='bbox 2121 3458 2502 3517; x_wconf 89' lang='lat' dir='ltr'><strong>sacerdotibus</strong></span> <span class='ocrx_word' id='word_1_556' title='bbox 2529 3456 2940 3522; x_wconf 87' lang='lat' dir='ltr'><strong>obtemperans,</strong></span> <span class='ocrx_word' id='word_1_557' title='bbox 2979 3458 3035 3506; x_wconf 90' lang='lat' dir='ltr'><strong>et</strong></span> <span class='ocrx_word' id='word_1_558' title='bbox 3056 3453 3203 3505; x_wconf 81' lang='lat' dir='ltr'><strong>caede</strong></span> <span class='ocrx_word' id='word_1_559' title='bbox 3231 3447 3493 3520; x_wconf 67' lang='lat' dir='ltr'><strong>Egyptii,</strong></span> <span class='ocrx_word' id='word_1_560' title='bbox 3521 3447 3617 3518; x_wconf 90' lang='lat' dir='ltr'><strong>qui</strong></span> 
     </span>
    </p>
   </div>
   <div class='ocr_carea' id='block_1_78' title="bbox 2026 3540 3618 3621">
    <p class='ocr_par' dir='ltr' id='par_1_78' title="bbox 2026 3540 3618 3621">
     <span class='ocr_line' id='line_1_78' title="bbox 2026 3540 3618 3621; baseline -0.009 -13"><span class='ocrx_word' id='word_1_561' title='bbox 2026 3553 2318 3610; x_wconf 74' lang='lat' dir='ltr'><strong>Hebraeum</strong></span> <span class='ocrx_word' id='word_1_562' title='bbox 2346 3549 2667 3621; x_wconf 74' lang='lat' dir='ltr'><strong>ﬂagellarat,</strong></span> <span class='ocrx_word' id='word_1_563' title='bbox 2688 3545 2940 3602; x_wconf 89' lang='lat' dir='ltr'><strong>irritatus</strong></span> <span class='ocrx_word' id='word_1_564' title='bbox 2966 3544 3051 3615; x_wconf 89' lang='lat' dir='ltr'><strong>(ut</strong></span> <span class='ocrx_word' id='word_1_565' title='bbox 3080 3544 3135 3600; x_wconf 90' lang='lat' dir='ltr'><strong>in</strong></span> <span class='ocrx_word' id='word_1_566' title='bbox 3167 3543 3310 3598; x_wconf 88' lang='lat' dir='ltr'><strong>libro</strong></span> <span class='ocrx_word' id='word_1_567' title='bbox 3337 3540 3618 3597; x_wconf 84' lang='lat' dir='ltr'><strong>Geneseos</strong></span> 
     </span>
    </p>
   </div>
   <div class='ocr_carea' id='block_1_79' title="bbox 2026 3634 3621 3712">
    <p class='ocr_par' dir='ltr' id='par_1_79' title="bbox 2026 3634 3621 3712">
     <span class='ocr_line' id='line_1_79' title="bbox 2026 3634 3621 3712; baseline -0.011 -7"><span class='ocrx_word' id='word_1_568' title='bbox 2026 3649 2362 3711; x_wconf 81' lang='lat' dir='ltr'><strong>continetur,</strong></span> <span class='ocrx_word' id='word_1_569' title='bbox 2387 3660 2511 3701; x_wconf 87' lang='lat' dir='ltr'><strong>esse</strong></span> <span class='ocrx_word' id='word_1_570' title='bbox 2540 3642 2816 3712; x_wconf 81' lang='lat' dir='ltr'><strong>Josephus</strong></span> <span class='ocrx_word' id='word_1_571' title='bbox 2842 3641 2947 3697; x_wconf 80' lang='lat' dir='ltr'><strong>hoc</strong></span> <span class='ocrx_word' id='word_1_572' title='bbox 3002 3639 3289 3711; x_wconf 66' lang='lat' dir='ltr'><strong>praeteriit)</strong></span> <span class='ocrx_word' id='word_1_573' title='bbox 3317 3634 3621 3691; x_wconf 66' lang='lat' dir='ltr'><strong>vitaeMosis</strong></span> 
     </span>
    </p>
   </div>
   <div class='ocr_carea' id='block_1_80' title="bbox 2032 3728 3617 3804">
    <p class='ocr_par' dir='ltr' id='par_1_80' title="bbox 2032 3728 3617 3804">
     <span class='ocr_line' id='line_1_80' title="bbox 2032 3728 3617 3804; baseline -0.012 -6"><span class='ocrx_word' id='word_1_574' title='bbox 2032 3740 2349 3798; x_wconf 85' lang='lat' dir='ltr'><strong>insidiatur.</strong></span> <span class='ocrx_word' id='word_1_575' title='bbox 2383 3737 2611 3803; x_wconf 65' lang='lat' dir='ltr'><strong>Tamen,</strong></span> <span class='ocrx_word' id='word_1_576' title='bbox 2638 3736 2749 3801; x_wconf 90' lang='lat' dir='ltr'><strong>ille,</strong></span> <span class='ocrx_word' id='word_1_577' title='bbox 2776 3734 3031 3804; x_wconf 81' lang='lat' dir='ltr'><strong>quamvis</strong></span> <span class='ocrx_word' id='word_1_578' title='bbox 3056 3732 3157 3787; x_wconf 64' lang='lat' dir='ltr'><strong>viae</strong></span> <span class='ocrx_word' id='word_1_579' title='bbox 3181 3728 3617 3790; x_wconf 86' lang='lat' dir='ltr'><strong>custodirentur,</strong></span> 
     </span>
    </p>
   </div>
   <div class='ocr_carea' id='block_1_81' title="bbox 2030 3820 3619 3905">
    <p class='ocr_par' dir='ltr' id='par_1_81' title="bbox 2030 3820 3619 3905">
     <span class='ocr_line' id='line_1_81' title="bbox 2030 3820 3619 3905; baseline -0.011 -15"><span class='ocrx_word' id='word_1_580' title='bbox 2030 3836 2169 3890; x_wconf 90' lang='lat' dir='ltr'><strong>clam</strong></span> <span class='ocrx_word' id='word_1_581' title='bbox 2205 3849 2303 3905; x_wconf 86' lang='lat' dir='ltr'><strong>per</strong></span> <span class='ocrx_word' id='word_1_582' title='bbox 2337 3831 2617 3886; x_wconf 88' lang='lat' dir='ltr'><strong>desertum</strong></span> <span class='ocrx_word' id='word_1_583' title='bbox 2658 3828 2868 3899; x_wconf 79' lang='lat' dir='ltr'><strong>aufugit</strong></span> <span class='ocrx_word' id='word_1_584' title='bbox 2896 3827 2950 3880; x_wconf 80' lang='lat' dir='ltr'><strong>in</strong></span> <span class='ocrx_word' id='word_1_585' title='bbox 2980 3823 3090 3895; x_wconf 68' lang='grc'><strong>34.</strong></span> <span class='ocrx_word' id='word_1_586' title='bbox 3121 3822 3314 3878; x_wconf 89' lang='lat' dir='ltr'><strong>urbem</strong></span> <span class='ocrx_word' id='word_1_587' title='bbox 3363 3820 3619 3884; x_wconf 85' lang='lat' dir='ltr'><strong>Madiam,</strong></span> 
     </span>
    </p>
   </div>
   <div class='ocr_carea' id='block_1_82' title="bbox 2030 3912 3620 3992">
    <p class='ocr_par' dir='ltr' id='par_1_82' title="bbox 2030 3912 3620 3992">
     <span class='ocr_line' id='line_1_82' title="bbox 2030 3912 3620 3992; baseline -0.011 -10"><span class='ocrx_word' id='word_1_588' title='bbox 2030 3942 2097 3981; x_wconf 91' lang='lat' dir='ltr'><strong>ac</strong></span> <span class='ocrx_word' id='word_1_589' title='bbox 2124 3921 2430 3980; x_wconf 87' lang='lat' dir='ltr'><strong>sacerdotis</strong></span> <span class='ocrx_word' id='word_1_590' title='bbox 2458 3921 2622 3992; x_wconf 86' lang='lat' dir='ltr'><strong>hujus</strong></span> <span class='ocrx_word' id='word_1_591' title='bbox 2645 3919 2748 3973; x_wconf 92' lang='lat' dir='ltr'><strong>loci</strong></span> <span class='ocrx_word' id='word_1_592' title='bbox 2770 3916 3011 3986; x_wconf 78' lang='lat' dir='ltr'><strong>hospitio</strong></span> <span class='ocrx_word' id='word_1_593' title='bbox 3036 3916 3210 3971; x_wconf 91' lang='lat' dir='ltr'><strong>utitur</strong></span> <span class='ocrx_word' id='word_1_594' title='bbox 3238 3933 3250 3969; x_wconf 89' lang='lat'><strong>:</strong></span> <span class='ocrx_word' id='word_1_595' title='bbox 3281 3914 3375 3986; x_wconf 91' lang='lat' dir='ltr'><strong>qui</strong></span> <span class='ocrx_word' id='word_1_596' title='bbox 3397 3912 3620 3968; x_wconf 88' lang='lat' dir='ltr'><strong>nomine</strong></span> 
     </span>
    </p>
   </div>
   <div class='ocr_carea' id='block_1_83' title="bbox 2031 4006 3617 4087">
    <p class='ocr_par' dir='ltr' id='par_1_83' title="bbox 2031 4006 3617 4087">
     <span class='ocr_line' id='line_1_83' title="bbox 2031 4006 3617 4087; baseline -0.01 -15"><span class='ocrx_word' id='word_1_597' title='bbox 2031 4017 2240 4087; x_wconf 84' lang='lat' dir='ltr'><strong>duplici</strong></span> <span class='ocrx_word' id='word_1_598' title='bbox 2283 4014 2567 4085; x_wconf 64' lang='lat' dir='ltr'><strong>praeditus,</strong></span> <span class='ocrx_word' id='word_1_599' title='bbox 2611 4014 2669 4067; x_wconf 87' lang='lat' dir='ltr'><strong>et</strong></span> <span class='ocrx_word' id='word_1_600' title='bbox 2714 4010 2919 4087; x_wconf 82' lang='lat' dir='ltr'><strong>Raguel</strong></span> <span class='ocrx_word' id='word_1_601' title='bbox 2969 4020 3025 4066; x_wconf 89' lang='lat' dir='ltr'><strong>et</strong></span> <span class='ocrx_word' id='word_1_602' title='bbox 3068 4010 3263 4067; x_wconf 77' lang='lat' dir='ltr'><strong>Jotlior</strong></span> <span class='ocrx_word' id='word_1_603' title='bbox 3296 4006 3617 4064; x_wconf 83' lang='lat' dir='ltr'><strong>vocabatur.</strong></span> 
     </span>
    </p>
   </div>
   <div class='ocr_carea' id='block_1_84' title="bbox 2032 4086 3620 4175">
    <p class='ocr_par' dir='ltr' id='par_1_84' title="bbox 2032 4086 3620 4175">
     <span class='ocr_line' id='line_1_84' title="bbox 2032 4086 3620 4175; baseline -0.009 -9"><span class='ocrx_word' id='word_1_604' title='bbox 2032 4111 2085 4166; x_wconf 78' lang='grc' dir='ltr'>ιε</span> <span class='ocrx_word' id='word_1_605' title='bbox 2114 4086 2281 4163; x_wconf 74' lang='lat' dir='ltr'><strong>tiliam</strong></span> <span class='ocrx_word' id='word_1_606' title='bbox 2327 4121 2483 4163; x_wconf 88' lang='lat' dir='ltr'><strong>suam</strong></span> <span class='ocrx_word' id='word_1_607' title='bbox 2527 4086 2830 4175; x_wconf 83' lang='lat' dir='ltr'><strong>Sephoram</strong></span> <span class='ocrx_word' id='word_1_608' title='bbox 2868 4103 3002 4159; x_wconf 88' lang='lat' dir='ltr'><strong>Mosi</strong></span> <span class='ocrx_word' id='word_1_609' title='bbox 3039 4116 3265 4157; x_wconf 77' lang='lat' dir='ltr'><strong>uxorem</strong></span> <span class='ocrx_word' id='word_1_610' title='bbox 3291 4098 3620 4168; x_wconf 84' lang='lat' dir='ltr'><strong>despondet,</strong></span> 
     </span>
    </p>
   </div>
   <div class='ocr_carea' id='block_1_85' title="bbox 2033 4196 2840 4272">
    <p class='ocr_par' dir='ltr' id='par_1_85' title="bbox 2033 4196 2840 4272">
     <span class='ocr_line' id='line_1_85' title="bbox 2033 4196 2840 4272; baseline -0.01 -13"><span class='ocrx_word' id='word_1_611' title='bbox 2033 4211 2091 4259; x_wconf 89' lang='lat' dir='ltr'><strong>et</strong></span> <span class='ocrx_word' id='word_1_612' title='bbox 2119 4216 2308 4258; x_wconf 90' lang='lat' dir='ltr'><strong>curam</strong></span> <span class='ocrx_word' id='word_1_613' title='bbox 2337 4215 2563 4272; x_wconf 86' lang='lat' dir='ltr'><strong>gregum</strong></span> <span class='ocrx_word' id='word_1_614' title='bbox 2598 4196 2840 4253; x_wconf 88' lang='lat' dir='ltr'><strong>mandat.</strong></span> 
     </span>
    </p>
   </div>
   <div class='ocr_carea' id='block_1_86' title="bbox 335 4372 3623 4455">
    <p class='ocr_par' dir='ltr' id='par_1_86' title="bbox 335 4372 3623 4455">
     <span class='ocr_line' id='line_1_86' title="bbox 335 4372 3623 4455; baseline -0.004 -16"><span class='ocrx_word' id='word_1_615' title='bbox 335 4386 397 4439; x_wconf 67' lang='grc' dir='ltr'>τὸ</span> <span class='ocrx_word' id='word_1_616' title='bbox 460 4385 630 4455; x_wconf 76' lang='grc' dir='ltr'>ἔργον</span> <span class='ocrx_word' id='word_1_617' title='bbox 677 4380 807 4445; x_wconf 78' lang='grc' dir='ltr'>τοὺς</span> <span class='ocrx_word' id='word_1_618' title='bbox 855 4379 1073 4447; x_wconf 83' lang='grc' dir='ltr'>λόγους,</span> <span class='ocrx_word' id='word_1_619' title='bbox 1133 4376 1228 4431; x_wconf 73' lang='grc' dir='ltr'>καὶ</span> <span class='ocrx_word' id='word_1_620' title='bbox 1260 4377 1503 4445; x_wconf 81' lang='grc' dir='ltr'>Μωῦσῆς</span> <span class='ocrx_word' id='word_1_621' title='bbox 1562 4376 1738 4429; x_wconf 83' lang='grc' dir='ltr'>ἐτέλει</span> <span class='ocrx_word' id='word_1_622' title='bbox 1800 4375 1929 4436; x_wconf 68' lang='grc' dir='ltr'>τοὺς</span> <span class='ocrx_word' id='word_1_623' title='bbox 1968 4375 2204 4446; x_wconf 83' lang='grc' dir='ltr'>γάμους,</span> <span class='ocrx_word' id='word_1_624' title='bbox 2239 4376 2334 4428; x_wconf 73' lang='grc' dir='ltr'><strong>καὶ</strong></span> <span class='ocrx_word' id='word_1_625' title='bbox 2388 4374 2518 4438; x_wconf 74' lang='grc' dir='ltr'>τοὺς</span> <span class='ocrx_word' id='word_1_626' title='bbox 2544 4372 2881 4442; x_wconf 75' lang='grc' dir='ltr'>Αἰγυπτίους</span> <span class='ocrx_word' id='word_1_627' title='bbox 2941 4373 3234 4444; x_wconf 82' lang='grc' dir='ltr'>απήγαγεν</span> <span class='ocrx_word' id='word_1_628' title='bbox 3258 4374 3339 4437; x_wconf 84' lang='grc' dir='ltr'><strong>είς</strong></span> <span class='ocrx_word' id='word_1_629' title='bbox 3378 4373 3476 4444; x_wconf 83' lang='grc' dir='ltr'><strong>τὴν</strong></span> <span class='ocrx_word' id='word_1_630' title='bbox 3499 4372 3623 4427; x_wconf 83' lang='grc' dir='ltr'>ἐαυ-</span> 
     </span>
    </p>
   </div>
   <div class='ocr_carea' id='block_1_87' title="bbox 336 4464 3624 4546">
    <p class='ocr_par' dir='ltr' id='par_1_87' title="bbox 336 4464 3624 4546">
     <span class='ocr_line' id='line_1_87' title="bbox 336 4464 3624 4546; baseline -0.003 -15"><span class='ocrx_word' id='word_1_631' title='bbox 336 4477 467 4531; x_wconf 81' lang='grc' dir='ltr'>τῶν.</span> <span class='ocrx_word' id='word_1_632' title='bbox 507 4475 626 4531; x_wconf 77' lang='grc' dir='ltr'>οἵδ’</span> <span class='ocrx_word' id='word_1_633' title='bbox 658 4474 889 4546; x_wconf 79' lang='grc' dir='ltr'>ἑμίσουν</span> <span class='ocrx_word' id='word_1_634' title='bbox 919 4469 1081 4526; x_wconf 69' lang='grc' dir='ltr'>αὐτὸν</span> <span class='ocrx_word' id='word_1_635' title='bbox 1115 4470 1210 4523; x_wconf 73' lang='grc' dir='ltr'><strong>καὶ</strong></span> <span class='ocrx_word' id='word_1_636' title='bbox 1237 4468 1562 4539; x_wconf 71' lang='grc' dir='ltr'>σωζόμενοι,</span> <span class='ocrx_word' id='word_1_637' title='bbox 1594 4469 1691 4523; x_wconf 74' lang='grc' dir='ltr'>καὶ</span> <span class='ocrx_word' id='word_1_638' title='bbox 1730 4466 1987 4538; x_wconf 71' lang='grc' dir='ltr'>ἠρέθιζον</span> <span class='ocrx_word' id='word_1_639' title='bbox 2052 4464 2146 4519; x_wconf 87' lang='grc' dir='ltr'><strong>τόν</strong></span> <span class='ocrx_word' id='word_1_640' title='bbox 2216 4464 2419 4539; x_wconf 84' lang='grc' dir='ltr'>Φαραὼ</span> <span class='ocrx_word' id='word_1_641' title='bbox 2448 4465 2571 4520; x_wconf 85' lang='grc' dir='ltr'>κατ’</span> <span class='ocrx_word' id='word_1_642' title='bbox 2635 4464 2826 4523; x_wconf 81' lang='grc' dir='ltr'>αὐτοῦ.</span> <span class='ocrx_word' id='word_1_643' title='bbox 2865 4465 2925 4521; x_wconf 84' lang='lat'><strong>&#39;0</strong></span> <span class='ocrx_word' id='word_1_644' title='bbox 2950 4464 3007 4520; x_wconf 84' lang='grc' dir='ltr'>δὲ</span> <span class='ocrx_word' id='word_1_645' title='bbox 3039 4467 3135 4520; x_wconf 76' lang='grc' dir='ltr'><strong>καὶ</strong></span> <span class='ocrx_word' id='word_1_646' title='bbox 3185 4468 3300 4530; x_wconf 87' lang='grc' dir='ltr'>τοῖς</span> <span class='ocrx_word' id='word_1_647' title='bbox 3321 4468 3624 4540; x_wconf 87' lang='grc' dir='ltr'>ίερογραμ-</span> 
     </span>
    </p>
   </div>
   <div class='ocr_carea' id='block_1_88' title="bbox 338 4562 3624 4645">
    <p class='ocr_par' dir='ltr' id='par_1_88' title="bbox 338 4562 3624 4645">
     <span class='ocr_line' id='line_1_88' title="bbox 338 4562 3624 4645; baseline -0.004 -16"><span class='ocrx_word' id='word_1_648' title='bbox 338 4571 581 4645; x_wconf 81' lang='grc' dir='ltr'>ματεῦσι</span> <span class='ocrx_word' id='word_1_649' title='bbox 607 4570 961 4641; x_wconf 77' lang='grc' dir='ltr'>πειθόμενος,</span> <span class='ocrx_word' id='word_1_650' title='bbox 997 4570 1096 4625; x_wconf 75' lang='grc' dir='ltr'>καὶ</span> <span class='ocrx_word' id='word_1_651' title='bbox 1141 4570 1230 4625; x_wconf 76' lang='grc' dir='ltr'><strong>διὰ</strong></span> <span class='ocrx_word' id='word_1_652' title='bbox 1272 4569 1367 4623; x_wconf 71' lang='grc' dir='ltr'>τὸν</span> <span class='ocrx_word' id='word_1_653' title='bbox 1391 4567 1557 4639; x_wconf 79' lang='grc' dir='ltr'>φόνον</span> <span class='ocrx_word' id='word_1_654' title='bbox 1606 4565 1701 4621; x_wconf 88' lang='grc' dir='ltr'><strong>τοῦ</strong></span> <span class='ocrx_word' id='word_1_655' title='bbox 1756 4565 2089 4634; x_wconf 79' lang='grc' dir='ltr'>Αἰγυπτίου,</span> <span class='ocrx_word' id='word_1_656' title='bbox 2159 4563 2255 4618; x_wconf 90' lang='grc' dir='ltr'><strong>τοῦ</strong></span> <span class='ocrx_word' id='word_1_657' title='bbox 2328 4563 2423 4619; x_wconf 83' lang='grc' dir='ltr'><strong>τὸν</strong></span> <span class='ocrx_word' id='word_1_658' title='bbox 2473 4563 2733 4637; x_wconf 85' lang='grc' dir='ltr'>Ἐϐραῖον</span> <span class='ocrx_word' id='word_1_659' title='bbox 2764 4562 3147 4636; x_wconf 75' lang='grc' dir='ltr'>μαστίξαντος,</span> <span class='ocrx_word' id='word_1_660' title='bbox 3215 4565 3291 4629; x_wconf 87' lang='grc' dir='ltr'>ὡς</span> <span class='ocrx_word' id='word_1_661' title='bbox 3316 4566 3385 4635; x_wconf 82' lang='grc' dir='ltr'>τῇ</span> <span class='ocrx_word' id='word_1_662' title='bbox 3452 4564 3624 4637; x_wconf 84' lang='grc' dir='ltr'>βίϐλῳ</span> 
     </span>
    </p>
   </div>
   <div class='ocr_carea' id='block_1_89' title="bbox 338 4660 3626 4743">
    <p class='ocr_par' dir='ltr' id='par_1_89' title="bbox 338 4660 3626 4743">
     <span class='ocr_line' id='line_1_89' title="bbox 338 4660 3626 4743; baseline -0.003 -18"><span class='ocrx_word' id='word_1_663' title='bbox 338 4672 737 4743; x_wconf 80' lang='grc' dir='ltr'>περιείληπται</span> <span class='ocrx_word' id='word_1_664' title='bbox 774 4670 874 4738; x_wconf 81' lang='grc' dir='ltr'><strong>τῆς</strong></span> <span class='ocrx_word' id='word_1_665' title='bbox 920 4668 1291 4740; x_wconf 83' lang='grc' dir='ltr'>Γενέσεως(εί</span> <span class='ocrx_word' id='word_1_666' title='bbox 1329 4666 1421 4721; x_wconf 79' lang='grc' dir='ltr'>καὶ</span> <span class='ocrx_word' id='word_1_667' title='bbox 1484 4665 1646 4720; x_wconf 85' lang='grc' dir='ltr'>τοῦτο</span> <span class='ocrx_word' id='word_1_668' title='bbox 1716 4662 2072 4735; x_wconf 79' lang='grc' dir='ltr'>παρέδραμεν</span> <span class='ocrx_word' id='word_1_669' title='bbox 2107 4664 2137 4717; x_wconf 88' lang='grc' dir='ltr'><strong>ό</strong></span> <span class='ocrx_word' id='word_1_670' title='bbox 2218 4660 2505 4734; x_wconf 85' lang='grc' dir='ltr'>Ἰώσηπος)</span> <span class='ocrx_word' id='word_1_671' title='bbox 2540 4661 2768 4715; x_wconf 76' lang='grc' dir='ltr'>ἐπέθετο</span> <span class='ocrx_word' id='word_1_672' title='bbox 2818 4664 2885 4734; x_wconf 78' lang='grc' dir='ltr'>τῇ</span> <span class='ocrx_word' id='word_1_673' title='bbox 2956 4661 3236 4733; x_wconf 77' lang='grc' dir='ltr'>ἀναιρέσει</span> <span class='ocrx_word' id='word_1_674' title='bbox 3298 4660 3393 4716; x_wconf 88' lang='grc' dir='ltr'><strong>τοῦ</strong></span> <span class='ocrx_word' id='word_1_675' title='bbox 3453 4662 3626 4717; x_wconf 84' lang='grc' dir='ltr'><strong>Μωῦ-</strong></span> 
     </span>
    </p>
   </div>
   <div class='ocr_carea' id='block_1_90' title="bbox 338 4753 3624 4830">
    <p class='ocr_par' dir='ltr' id='par_1_90' title="bbox 338 4753 3624 4830">
     <span class='ocr_line' id='line_1_90' title="bbox 338 4753 3624 4830; baseline -0.003 -10"><span class='ocrx_word' id='word_1_676' title='bbox 338 4769 503 4829; x_wconf 79' lang='grc' dir='ltr'>σέως.</span> <span class='ocrx_word' id='word_1_677' title='bbox 567 4764 629 4817; x_wconf 88' lang='lat'><strong>&#39;0</strong></span> <span class='ocrx_word' id='word_1_678' title='bbox 677 4761 737 4815; x_wconf 83' lang='grc' dir='ltr'>δὲ</span> <span class='ocrx_word' id='word_1_679' title='bbox 793 4761 892 4816; x_wconf 79' lang='grc' dir='ltr'>καὶ</span> <span class='ocrx_word' id='word_1_680' title='bbox 942 4762 1052 4814; x_wconf 83' lang='grc' dir='ltr'>τῶν</span> <span class='ocrx_word' id='word_1_681' title='bbox 1078 4760 1213 4815; x_wconf 76' lang='grc' dir='ltr'>ὁδῶν</span> <span class='ocrx_word' id='word_1_682' title='bbox 1269 4759 1701 4830; x_wconf 81' lang='grc' dir='ltr'>φυλαττομένων</span> <span class='ocrx_word' id='word_1_683' title='bbox 1754 4756 1937 4811; x_wconf 84' lang='grc' dir='ltr'>λαθὼν</span> <span class='ocrx_word' id='word_1_684' title='bbox 2012 4753 2266 4820; x_wconf 80' lang='grc' dir='ltr'>ὑπέξεισι</span> <span class='ocrx_word' id='word_1_685' title='bbox 2305 4754 2398 4809; x_wconf 87' lang='grc' dir='ltr'>διὰ</span> <span class='ocrx_word' id='word_1_686' title='bbox 2457 4755 2557 4824; x_wconf 85' lang='grc' dir='ltr'>τῆς</span> <span class='ocrx_word' id='word_1_687' title='bbox 2607 4755 2845 4825; x_wconf 85' lang='grc' dir='ltr'>ἐρήμου,</span> <span class='ocrx_word' id='word_1_688' title='bbox 2910 4756 3008 4808; x_wconf 75' lang='grc' dir='ltr'><strong>καὶ</strong></span> <span class='ocrx_word' id='word_1_689' title='bbox 3075 4755 3157 4819; x_wconf 90' lang='grc' dir='ltr'><strong>είς</strong></span> <span class='ocrx_word' id='word_1_690' title='bbox 3213 4753 3372 4808; x_wconf 88' lang='grc' dir='ltr'>πόλιν</span> <span class='ocrx_word' id='word_1_691' title='bbox 3433 4754 3624 4809; x_wconf 82' lang='grc' dir='ltr'>ἄπεισι</span> 
     </span>
    </p>
   </div>
   <div class='ocr_carea' id='block_1_91' title="bbox 335 4847 3624 4927">
    <p class='ocr_par' dir='ltr' id='par_1_91' title="bbox 335 4847 3624 4927">
     <span class='ocr_line' id='line_1_91' title="bbox 335 4847 3624 4927; baseline -0.004 -11"><span class='ocrx_word' id='word_1_692' title='bbox 335 4860 596 4927; x_wconf 69' lang='grc' dir='ltr'>Μαδιάμ,</span> <span class='ocrx_word' id='word_1_693' title='bbox 618 4857 716 4912; x_wconf 71' lang='grc' dir='ltr'><strong>καὶ</strong></span> <span class='ocrx_word' id='word_1_694' title='bbox 749 4854 1019 4922; x_wconf 68' lang='grc' dir='ltr'>ξενίζεται</span> <span class='ocrx_word' id='word_1_695' title='bbox 1047 4853 1201 4924; x_wconf 67' lang='grc' dir='ltr'>παρὰ</span> <span class='ocrx_word' id='word_1_696' title='bbox 1234 4854 1311 4924; x_wconf 86' lang='grc' dir='ltr'>τῷ</span> <span class='ocrx_word' id='word_1_697' title='bbox 1344 4854 1443 4923; x_wconf 79' lang='grc' dir='ltr'>τῆς</span> <span class='ocrx_word' id='word_1_698' title='bbox 1478 4853 1688 4915; x_wconf 84' lang='grc' dir='ltr'>πόλεως</span> <span class='ocrx_word' id='word_1_699' title='bbox 1708 4853 1866 4921; x_wconf 80' lang='grc' dir='ltr'>ἱερεῖ,</span> <span class='ocrx_word' id='word_1_700' title='bbox 1890 4849 1971 4915; x_wconf 83' lang='grc' dir='ltr'>ὃς,</span> <span class='ocrx_word' id='word_1_701' title='bbox 1995 4849 2266 4919; x_wconf 87' lang='grc' dir='ltr'>διώνυμος</span> <span class='ocrx_word' id='word_1_702' title='bbox 2292 4849 2391 4915; x_wconf 84' lang='grc' dir='ltr'>ὣν,</span> <span class='ocrx_word' id='word_1_703' title='bbox 2431 4847 2708 4919; x_wconf 80' lang='grc' dir='ltr'>Ῥαγουὴλ</span> <span class='ocrx_word' id='word_1_704' title='bbox 2731 4848 2982 4905; x_wconf 79' lang='grc' dir='ltr'>ἐκαλεῖτο</span> <span class='ocrx_word' id='word_1_705' title='bbox 3002 4850 3098 4904; x_wconf 80' lang='grc' dir='ltr'>καὶ</span> <span class='ocrx_word' id='word_1_706' title='bbox 3133 4847 3326 4920; x_wconf 85' lang='grc' dir='ltr'>ἰοθόρ.</span> <span class='ocrx_word' id='word_1_707' title='bbox 3364 4850 3422 4903; x_wconf 85' lang='lat'><strong>&#39;0</strong></span> <span class='ocrx_word' id='word_1_708' title='bbox 3442 4849 3500 4904; x_wconf 89' lang='grc' dir='ltr'>δὲ</span> <span class='ocrx_word' id='word_1_709' title='bbox 3521 4849 3624 4922; x_wconf 75' lang='grc' dir='ltr'><strong>τήν</strong></span> 
     </span>
    </p>
   </div>
   <div class='ocr_carea' id='block_1_92' title="bbox 339 4939 3622 5022">
    <p class='ocr_par' dir='ltr' id='par_1_92' title="bbox 339 4939 3622 5022">
     <span class='ocr_line' id='line_1_92' title="bbox 339 4939 3622 5022; baseline -0.002 -17"><span class='ocrx_word' id='word_1_710' title='bbox 339 4951 627 5022; x_wconf 81' lang='grc' dir='ltr'>θυγατέρα</span> <span class='ocrx_word' id='word_1_711' title='bbox 655 4946 825 5003; x_wconf 85' lang='grc' dir='ltr'>αὐτοῦ</span> <span class='ocrx_word' id='word_1_712' title='bbox 852 4944 1159 5015; x_wconf 79' lang='grc' dir='ltr'>Σεπφώραν</span> <span class='ocrx_word' id='word_1_713' title='bbox 1181 4944 1259 5015; x_wconf 78' lang='grc' dir='ltr'>τῷ</span> <span class='ocrx_word' id='word_1_714' title='bbox 1289 4945 1498 5016; x_wconf 78' lang='grc' dir='ltr'><strong>Μωῦσῇ</strong></span> <span class='ocrx_word' id='word_1_715' title='bbox 1532 4943 1669 5016; x_wconf 80' lang='grc' dir='ltr'>πρὸς</span> <span class='ocrx_word' id='word_1_716' title='bbox 1699 4942 1877 5014; x_wconf 86' lang='grc' dir='ltr'>γάμον</span> <span class='ocrx_word' id='word_1_717' title='bbox 1901 4940 2208 5007; x_wconf 81' lang='grc' dir='ltr'>ἐκδίδωσιν,</span> <span class='ocrx_word' id='word_1_718' title='bbox 2231 4940 2326 4994; x_wconf 78' lang='grc' dir='ltr'>καὶ</span> <span class='ocrx_word' id='word_1_719' title='bbox 2361 4940 2598 5011; x_wconf 83' lang='grc' dir='ltr'>ποιμένα</span> <span class='ocrx_word' id='word_1_720' title='bbox 2632 4942 2869 5007; x_wconf 77' lang='grc' dir='ltr'>ποιεῖται</span> <span class='ocrx_word' id='word_1_721' title='bbox 2902 4939 3011 4995; x_wconf 86' lang='grc' dir='ltr'><strong>τῶν</strong></span> <span class='ocrx_word' id='word_1_722' title='bbox 3037 4940 3236 4995; x_wconf 83' lang='grc' dir='ltr'>ἐαυτοῦ</span> <span class='ocrx_word' id='word_1_723' title='bbox 3262 4939 3622 5012; x_wconf 80' lang='grc' dir='ltr'>θρεμμάτων.</span> 
     </span>
    </p>
   </div>
   <div class='ocr_carea' id='block_1_93' title="bbox 410 5057 1925 5134">
    <p class='ocr_par' dir='ltr' id='par_1_93' title="bbox 410 5061 1925 5134">
     <span class='ocr_line' id='line_1_93' title="bbox 410 5061 1925 5134; baseline -0.005 -11"><span class='ocrx_word' id='word_1_724' title='bbox 410 5066 516 5123; x_wconf 78' lang='lat' dir='ltr'><strong>ll&quot;.</strong></span> <span class='ocrx_word' id='word_1_725' title='bbox 542 5065 751 5134; x_wconf 77' lang='grc' dir='ltr'>Νέμων</span> <span class='ocrx_word' id='word_1_726' title='bbox 773 5063 819 5118; x_wconf 85' lang='grc' dir='ltr'>δ’</span> <span class='ocrx_word' id='word_1_727' title='bbox 850 5063 946 5117; x_wconf 69' lang='grc' dir='ltr'>ἐπὶ</span> <span class='ocrx_word' id='word_1_728' title='bbox 967 5063 1029 5116; x_wconf 79' lang='grc' dir='ltr'><strong>τὸ</strong></span> <span class='ocrx_word' id='word_1_729' title='bbox 1058 5063 1278 5118; x_wconf 86' lang='grc' dir='ltr'>Σίναιον</span> <span class='ocrx_word' id='word_1_730' title='bbox 1317 5062 1442 5134; x_wconf 78' lang='grc' dir='ltr'>ὅρος</span> <span class='ocrx_word' id='word_1_731' title='bbox 1473 5064 1502 5117; x_wconf 90' lang='grc' dir='ltr'><strong>ό</strong></span> <span class='ocrx_word' id='word_1_732' title='bbox 1530 5064 1796 5133; x_wconf 77' lang='grc' dir='ltr'>Μωῦσῆς,</span> <span class='ocrx_word' id='word_1_733' title='bbox 1831 5061 1925 5116; x_wconf 86' lang='grc' dir='ltr'><strong>τοῦ</strong></span> 
     </span>
    </p>
   </div>
   <div class='ocr_carea' id='block_1_94' title="bbox 2024 5057 3617 5134">
    <p class='ocr_par' dir='ltr' id='par_1_94' title="bbox 2107 5057 3617 5130">
     <span class='ocr_line' id='line_1_94' title="bbox 2107 5057 3617 5130; baseline -0.001 -16"><span class='ocrx_word' id='word_1_734' title='bbox 2107 5058 2252 5114; x_wconf 77' lang='lat' dir='ltr'><strong>Xlll.</strong></span> <span class='ocrx_word' id='word_1_735' title='bbox 2277 5058 2416 5115; x_wconf 87' lang='lat' dir='ltr'><strong>Cum</strong></span> <span class='ocrx_word' id='word_1_736' title='bbox 2455 5066 2638 5113; x_wconf 81' lang='lat' dir='ltr'><strong>autem</strong></span> <span class='ocrx_word' id='word_1_737' title='bbox 2672 5057 2739 5112; x_wconf 91' lang='lat' dir='ltr'><strong>ad</strong></span> <span class='ocrx_word' id='word_1_738' title='bbox 2775 5057 3035 5130; x_wconf 68' lang='lat' dir='ltr'><strong>Synaeum</strong></span> <span class='ocrx_word' id='word_1_739' title='bbox 3065 5063 3312 5112; x_wconf 88' lang='lat' dir='ltr'><strong>montem</strong></span> <span class='ocrx_word' id='word_1_740' title='bbox 3343 5064 3617 5129; x_wconf 83' lang='lat' dir='ltr'><strong>pasceret.</strong></span> 
     </span>
    </p>
   </div>
   <div class='ocr_carea' id='block_1_95' title="bbox 344 5155 1930 5233">
    <p class='ocr_par' dir='ltr' id='par_1_95' title="bbox 344 5155 1930 5233">
     <span class='ocr_line' id='line_1_95' title="bbox 344 5155 1930 5233; baseline -0.004 -18"><span class='ocrx_word' id='word_1_741' title='bbox 344 5162 477 5233; x_wconf 79' lang='grc' dir='ltr'>περὶ</span> <span class='ocrx_word' id='word_1_742' title='bbox 498 5161 602 5231; x_wconf 78' lang='grc' dir='ltr'><strong>τήν</strong></span> <span class='ocrx_word' id='word_1_743' title='bbox 629 5158 799 5229; x_wconf 79' lang='grc' dir='ltr'>βάτον</span> <span class='ocrx_word' id='word_1_744' title='bbox 829 5155 1076 5223; x_wconf 80' lang='grc' dir='ltr'>ἀξιοῦται</span> <span class='ocrx_word' id='word_1_745' title='bbox 1108 5156 1411 5226; x_wconf 76' lang='grc' dir='ltr'>ὁράματος,</span> <span class='ocrx_word' id='word_1_746' title='bbox 1447 5156 1515 5228; x_wconf 81' lang='grc' dir='ltr'>ἢν</span> <span class='ocrx_word' id='word_1_747' title='bbox 1553 5155 1754 5225; x_wconf 71' lang='grc' dir='ltr'>ἔφλεγε</span> <span class='ocrx_word' id='word_1_748' title='bbox 1794 5155 1930 5226; x_wconf 88' lang='grc' dir='ltr'>πῦρ,</span> 
     </span>
    </p>
   </div>
   <div class='ocr_carea' id='block_1_96' title="bbox 343 5244 1936 5324">
    <p class='ocr_par' dir='ltr' id='par_1_96' title="bbox 343 5244 1936 5324">
     <span class='ocr_line' id='line_1_96' title="bbox 343 5244 1936 5324; baseline -0.005 -16"><span class='ocrx_word' id='word_1_749' title='bbox 343 5254 407 5308; x_wconf 80' lang='grc' dir='ltr'>οὐ</span> <span class='ocrx_word' id='word_1_750' title='bbox 482 5254 677 5324; x_wconf 83' lang='grc' dir='ltr'>μέντοι</span> <span class='ocrx_word' id='word_1_751' title='bbox 748 5251 1064 5305; x_wconf 81' lang='grc' dir='ltr'>κατέκαιεν.</span> <span class='ocrx_word' id='word_1_752' title='bbox 1123 5244 1264 5302; x_wconf 84' lang='grc' dir='ltr'>Εῐτα</span> <span class='ocrx_word' id='word_1_753' title='bbox 1324 5248 1424 5302; x_wconf 77' lang='grc' dir='ltr'><strong>καὶ</strong></span> <span class='ocrx_word' id='word_1_754' title='bbox 1480 5249 1671 5318; x_wconf 83' lang='grc' dir='ltr'>φωνῆς</span> <span class='ocrx_word' id='word_1_755' title='bbox 1722 5247 1936 5302; x_wconf 78' lang='grc' dir='ltr'>ἐκεῖθεν</span> 
     </span>
    </p>
   </div>
   <div class='ocr_carea' id='block_1_97' title="bbox 345 5337 1939 5413">
    <p class='ocr_par' dir='ltr' id='par_1_97' title="bbox 345 5337 1939 5413">
     <span class='ocr_line' id='line_1_97' title="bbox 345 5337 1939 5413; baseline -0.004 -16"><span class='ocrx_word' id='word_1_756' title='bbox 345 5344 561 5410; x_wconf 64' lang='grc' dir='ltr'>ἀκούει.</span> <span class='ocrx_word' id='word_1_757' title='bbox 600 5345 633 5413; x_wconf 75' lang='grc' dir='ltr'>ἢ</span> <span class='ocrx_word' id='word_1_758' title='bbox 669 5340 748 5411; x_wconf 82' lang='grc' dir='ltr'>μὴ</span> <span class='ocrx_word' id='word_1_759' title='bbox 785 5338 1105 5412; x_wconf 84' lang='grc' dir='ltr'>προϐαίνειν</span> <span class='ocrx_word' id='word_1_760' title='bbox 1144 5338 1463 5405; x_wconf 78' lang='grc' dir='ltr'>ἐπέταττεν,</span> <span class='ocrx_word' id='word_1_761' title='bbox 1500 5337 1599 5392; x_wconf 75' lang='grc' dir='ltr'>ἆτε</span> <span class='ocrx_word' id='word_1_762' title='bbox 1639 5337 1789 5391; x_wconf 86' lang='grc' dir='ltr'>θείου</span> <span class='ocrx_word' id='word_1_763' title='bbox 1839 5338 1939 5392; x_wconf 87' lang='grc' dir='ltr'><strong>τοῦ</strong></span> 
     </span>
    </p>
   </div>
   <div class='ocr_carea' id='block_1_98' title="bbox 346 5431 1928 5507">
    <p class='ocr_par' dir='ltr' id='par_1_98' title="bbox 346 5431 1928 5507">
     <span class='ocr_line' id='line_1_98' title="bbox 346 5431 1928 5507; baseline -0.004 -16"><span class='ocrx_word' id='word_1_764' title='bbox 346 5438 520 5491; x_wconf 72' lang='grc' dir='ltr'>τόπου</span> <span class='ocrx_word' id='word_1_765' title='bbox 548 5434 945 5507; x_wconf 79' lang='grc' dir='ltr'>τυγχάνοντος,</span> <span class='ocrx_word' id='word_1_766' title='bbox 1002 5434 1097 5486; x_wconf 81' lang='grc' dir='ltr'><strong>καὶ</strong></span> <span class='ocrx_word' id='word_1_767' title='bbox 1152 5432 1224 5485; x_wconf 75' lang='grc' dir='ltr'><strong>τά</strong></span> <span class='ocrx_word' id='word_1_768' title='bbox 1274 5431 1514 5500; x_wconf 72' lang='grc' dir='ltr'>ἐσόμενα</span> <span class='ocrx_word' id='word_1_769' title='bbox 1553 5433 1928 5502; x_wconf 86' lang='grc' dir='ltr'>προηγόρευε,</span> 
     </span>
    </p>
   </div>
   <div class='ocr_carea' id='block_1_99' title="bbox 346 5522 1934 5596">
    <p class='ocr_par' dir='ltr' id='par_1_99' title="bbox 346 5522 1934 5596">
     <span class='ocr_line' id='line_1_99' title="bbox 346 5522 1934 5596; baseline -0.006 -11"><span class='ocrx_word' id='word_1_770' title='bbox 346 5530 443 5585; x_wconf 73' lang='grc' dir='ltr'>καὶ</span> <span class='ocrx_word' id='word_1_771' title='bbox 473 5529 705 5582; x_wconf 78' lang='grc' dir='ltr'>ἀπιέναι</span> <span class='ocrx_word' id='word_1_772' title='bbox 731 5525 887 5596; x_wconf 85' lang='grc' dir='ltr'>αύτῷ</span> <span class='ocrx_word' id='word_1_773' title='bbox 915 5526 995 5590; x_wconf 83' lang='grc' dir='ltr'><strong>είς</strong></span> <span class='ocrx_word' id='word_1_774' title='bbox 1027 5525 1308 5593; x_wconf 74' lang='grc' dir='ltr'>Αἴγυπτον</span> <span class='ocrx_word' id='word_1_775' title='bbox 1338 5523 1583 5588; x_wconf 83' lang='grc' dir='ltr'>ἐκέλευε,</span> <span class='ocrx_word' id='word_1_776' title='bbox 1624 5522 1757 5586; x_wconf 84' lang='grc' dir='ltr'>τοὺς</span> <span class='ocrx_word' id='word_1_777' title='bbox 1795 5522 1934 5592; x_wconf 83' lang='grc' dir='ltr'>ὁμο-</span> 
     </span>
    </p>
   </div>
   <div class='ocr_carea' id='block_1_100' title="bbox 348 5613 1937 5708">
    <p class='ocr_par' dir='ltr' id='par_1_100' title="bbox 348 5613 1937 5708">
     <span class='ocr_line' id='line_1_100' title="bbox 348 5613 1937 5708; baseline -0.006 -31"><span class='ocrx_word' id='word_1_778' title='bbox 348 5624 531 5708; x_wconf 69' lang='grc' dir='ltr'>γενεῖς</span> <span class='ocrx_word' id='word_1_779' title='bbox 568 5620 671 5692; x_wconf 78' lang='grc' dir='ltr'>τῆς</span> <span class='ocrx_word' id='word_1_780' title='bbox 713 5621 833 5673; x_wconf 80' lang='grc' dir='ltr'>ἐκεῖ</span> <span class='ocrx_word' id='word_1_781' title='bbox 869 5616 1169 5682; x_wconf 80' lang='grc' dir='ltr'>κακώσεως</span> <span class='ocrx_word' id='word_1_782' title='bbox 1217 5616 1609 5682; x_wconf 80' lang='grc' dir='ltr'>ἀπαλλάξοντι,</span> <span class='ocrx_word' id='word_1_783' title='bbox 1668 5614 1764 5669; x_wconf 74' lang='grc' dir='ltr'>καὶ</span> <span class='ocrx_word' id='word_1_784' title='bbox 1806 5613 1937 5679; x_wconf 77' lang='grc' dir='ltr'><strong>ἐξᾶο</strong></span> 
     </span>
    </p>
   </div>
   <div class='ocr_carea' id='block_1_101' title="bbox 2042 5149 3623 5221">
    <p class='ocr_par' dir='ltr' id='par_1_101' title="bbox 2042 5149 3623 5221">
     <span class='ocr_line' id='line_1_101' title="bbox 2042 5149 3623 5221; baseline 0.001 -14"><span class='ocrx_word' id='word_1_785' title='bbox 2042 5152 2222 5207; x_wconf 87' lang='lat' dir='ltr'><strong>cernit</strong></span> <span class='ocrx_word' id='word_1_786' title='bbox 2267 5150 2594 5206; x_wconf 89' lang='lat' dir='ltr'><strong>miraculum</strong></span> <span class='ocrx_word' id='word_1_787' title='bbox 2644 5149 2780 5205; x_wconf 84' lang='lat' dir='ltr'><strong>illud</strong></span> <span class='ocrx_word' id='word_1_788' title='bbox 2839 5150 2965 5205; x_wconf 88' lang='lat' dir='ltr'><strong>rubl</strong></span> <span class='ocrx_word' id='word_1_789' title='bbox 3000 5168 3013 5205; x_wconf 91' lang='lat'><strong>:</strong></span> <span class='ocrx_word' id='word_1_790' title='bbox 3043 5151 3137 5221; x_wconf 87' lang='lat' dir='ltr'><strong>qui</strong></span> <span class='ocrx_word' id='word_1_791' title='bbox 3189 5165 3316 5206; x_wconf 92' lang='lat' dir='ltr'><strong>cum</strong></span> <span class='ocrx_word' id='word_1_792' title='bbox 3368 5150 3623 5208; x_wconf 75' lang='lat' dir='ltr'><strong>arderet.</strong></span> 
     </span>
    </p>
   </div>
   <div class='ocr_carea' id='block_1_102' title="bbox 2043 5242 3621 5311">
    <p class='ocr_par' dir='ltr' id='par_1_102' title="bbox 2043 5242 3621 5311">
     <span class='ocr_line' id='line_1_102' title="bbox 2043 5242 3621 5311; baseline -0.004 -11"><span class='ocrx_word' id='word_1_793' title='bbox 2043 5260 2154 5311; x_wconf 85' lang='lat' dir='ltr'><strong>non</strong></span> <span class='ocrx_word' id='word_1_794' title='bbox 2187 5244 2556 5300; x_wconf 79' lang='lat' dir='ltr'><strong>cremabatur.</strong></span> <span class='ocrx_word' id='word_1_795' title='bbox 2604 5242 2812 5299; x_wconf 87' lang='lat' dir='ltr'><strong>Deinde</strong></span> <span class='ocrx_word' id='word_1_796' title='bbox 2840 5258 3032 5299; x_wconf 83' lang='lat' dir='ltr'><strong>vocem</strong></span> <span class='ocrx_word' id='word_1_797' title='bbox 3065 5244 3230 5299; x_wconf 85' lang='lat' dir='ltr'><strong>etiam</strong></span> <span class='ocrx_word' id='word_1_798' title='bbox 3281 5243 3408 5299; x_wconf 86' lang='lat' dir='ltr'><strong>lnde</strong></span> <span class='ocrx_word' id='word_1_799' title='bbox 3449 5242 3621 5305; x_wconf 70' lang='lat' dir='ltr'><strong>audit,</strong></span> 
     </span>
    </p>
   </div>
   <div class='ocr_carea' id='block_1_103' title="bbox 2043 5336 3620 5409">
    <p class='ocr_par' dir='ltr' id='par_1_103' title="bbox 2043 5336 3620 5409">
     <span class='ocr_line' id='line_1_103' title="bbox 2043 5336 3620 5409; baseline -0.004 -16"><span class='ocrx_word' id='word_1_800' title='bbox 2043 5353 2167 5409; x_wconf 86' lang='lat' dir='ltr'><strong>quae</strong></span> <span class='ocrx_word' id='word_1_801' title='bbox 2188 5336 2445 5408; x_wconf 79' lang='lat' dir='ltr'><strong>progredi</strong></span> <span class='ocrx_word' id='word_1_802' title='bbox 2478 5345 2725 5403; x_wconf 83' lang='lat' dir='ltr'><strong>vetaret,</strong></span> <span class='ocrx_word' id='word_1_803' title='bbox 2753 5336 2900 5407; x_wconf 90' lang='lat' dir='ltr'><strong>quod</strong></span> <span class='ocrx_word' id='word_1_804' title='bbox 2933 5337 3089 5393; x_wconf 90' lang='lat' dir='ltr'><strong>locus</strong></span> <span class='ocrx_word' id='word_1_805' title='bbox 3108 5337 3200 5392; x_wconf 90' lang='lat' dir='ltr'><strong>ille</strong></span> <span class='ocrx_word' id='word_1_806' title='bbox 3215 5336 3437 5392; x_wconf 85' lang='lat' dir='ltr'><strong>divinus</strong></span> <span class='ocrx_word' id='word_1_807' title='bbox 3457 5344 3620 5395; x_wconf 75' lang='lat' dir='ltr'><strong>esset,</strong></span> 
     </span>
    </p>
   </div>
   <div class='ocr_carea' id='block_1_104' title="bbox 2045 5426 3625 5502">
    <p class='ocr_par' dir='ltr' id='par_1_104' title="bbox 2045 5426 3625 5502">
     <span class='ocr_line' id='line_1_104' title="bbox 2045 5426 3625 5502; baseline -0.008 -14"><span class='ocrx_word' id='word_1_808' title='bbox 2045 5441 2103 5488; x_wconf 85' lang='lat' dir='ltr'><strong>et</strong></span> <span class='ocrx_word' id='word_1_809' title='bbox 2123 5431 2309 5487; x_wconf 77' lang='lat' dir='ltr'><strong>futura</strong></span> <span class='ocrx_word' id='word_1_810' title='bbox 2340 5431 2685 5502; x_wconf 72' lang='lat' dir='ltr'><strong>praediceret,</strong></span> <span class='ocrx_word' id='word_1_811' title='bbox 2713 5440 2770 5487; x_wconf 88' lang='lat' dir='ltr'><strong>et</strong></span> <span class='ocrx_word' id='word_1_812' title='bbox 2798 5430 2953 5487; x_wconf 88' lang='lat' dir='ltr'><strong>abire</strong></span> <span class='ocrx_word' id='word_1_813' title='bbox 2981 5431 3035 5485; x_wconf 90' lang='lat' dir='ltr'><strong>in</strong></span> <span class='ocrx_word' id='word_1_814' title='bbox 3065 5428 3359 5500; x_wconf 67' lang='lat' dir='ltr'><strong>Egyptum</strong></span> <span class='ocrx_word' id='word_1_815' title='bbox 3384 5426 3625 5496; x_wconf 73' lang='lat' dir='ltr'><strong>iuberet,</strong></span> 
     </span>
    </p>
   </div>
   <div class='ocr_carea' id='block_1_105' title="bbox 2047 5521 3630 5597">
    <p class='ocr_par' dir='ltr' id='par_1_105' title="bbox 2047 5521 3630 5597">
     <span class='ocr_line' id='line_1_105' title="bbox 2047 5521 3630 5597; baseline -0.006 -14"><span class='ocrx_word' id='word_1_816' title='bbox 2047 5534 2109 5583; x_wconf 90' lang='lat' dir='ltr'><strong>ut</strong></span> <span class='ocrx_word' id='word_1_817' title='bbox 2141 5526 2435 5597; x_wconf 89' lang='lat' dir='ltr'><strong>populares</strong></span> <span class='ocrx_word' id='word_1_818' title='bbox 2468 5540 2598 5581; x_wconf 89' lang='lat' dir='ltr'><strong>suos</strong></span> <span class='ocrx_word' id='word_1_819' title='bbox 2629 5540 2698 5581; x_wconf 81' lang='lat' dir='ltr'><strong>ex</strong></span> <span class='ocrx_word' id='word_1_820' title='bbox 2732 5525 2841 5581; x_wconf 89' lang='lat' dir='ltr'><strong>illis</strong></span> <span class='ocrx_word' id='word_1_821' title='bbox 2869 5524 3132 5580; x_wconf 70' lang='lat' dir='ltr'><strong>aerumnis</strong></span> <span class='ocrx_word' id='word_1_822' title='bbox 3167 5521 3411 5590; x_wconf 84' lang='lat' dir='ltr'><strong>eriperet</strong></span> <span class='ocrx_word' id='word_1_823' title='bbox 3446 5536 3458 5570; x_wconf 94' lang='lat'>:</span> <span class='ocrx_word' id='word_1_824' title='bbox 3489 5533 3630 5587; x_wconf 80' lang='lat' dir='ltr'><strong>quos</strong></span> 
     </span>
    </p>
   </div>
   <div class='ocr_carea' id='block_1_106' title="bbox 2046 5609 3626 5690">
    <p class='ocr_par' dir='ltr' id='par_1_106' title="bbox 2046 5609 3626 5690">
     <span class='ocr_line' id='line_1_106' title="bbox 2046 5609 3626 5690; baseline -0.004 -18"><span class='ocrx_word' id='word_1_825' title='bbox 2046 5632 2172 5673; x_wconf 92' lang='lat' dir='ltr'><strong>cum</strong></span> <span class='ocrx_word' id='word_1_826' title='bbox 2204 5618 2486 5674; x_wconf 83' lang='lat' dir='ltr'><strong>eduxisset</strong></span> <span class='ocrx_word' id='word_1_827' title='bbox 2513 5633 2580 5673; x_wconf 82' lang='lat' dir='ltr'><strong>ex</strong></span> <span class='ocrx_word' id='word_1_828' title='bbox 2600 5615 2852 5690; x_wconf 64' lang='lat' dir='ltr'><strong>Egypto,</strong></span> <span class='ocrx_word' id='word_1_829' title='bbox 2876 5630 3031 5672; x_wconf 87' lang='lat' dir='ltr'><strong>sacra</strong></span> <span class='ocrx_word' id='word_1_830' title='bbox 3060 5614 3115 5669; x_wconf 93' lang='lat' dir='ltr'><strong>in</strong></span> <span class='ocrx_word' id='word_1_831' title='bbox 3138 5613 3258 5666; x_wconf 88' lang='lat' dir='ltr'><strong>loco</strong></span> <span class='ocrx_word' id='word_1_832' title='bbox 3280 5609 3373 5665; x_wconf 87' lang='lat' dir='ltr'><strong>illo</strong></span> <span class='ocrx_word' id='word_1_833' title='bbox 3396 5609 3626 5665; x_wconf 77' lang='lat' dir='ltr'><strong>faceret.</strong></span> 
     </span>
    </p>
   </div>
   <div class='ocr_carea' id='block_1_107' title="bbox 1596 5726 2448 5794">
    <p class='ocr_par' dir='ltr' id='par_1_107' title="bbox 1596 5726 2448 5794">
     <span class='ocr_line' id='line_1_107' title="bbox 1596 5726 2448 5794; baseline 0 -3"><span class='ocrx_word' id='word_1_834' title='bbox 1596 5728 1797 5792; x_wconf 78' lang='lat' dir='ltr'><strong>Variae</strong></span> <span class='ocrx_word' id='word_1_835' title='bbox 1823 5726 2140 5794; x_wconf 83' lang='lat' dir='ltr'><strong>lectiones</strong></span> <span class='ocrx_word' id='word_1_836' title='bbox 2171 5736 2448 5794; x_wconf 75' lang='lat' dir='ltr'><strong>etnotae.</strong></span> 
     </span>
    </p>
   </div>
   <div class='ocr_carea' id='block_1_108' title="bbox 420 5835 2041 5920">
    <p class='ocr_par' dir='ltr' id='par_1_108' title="bbox 420 5835 2041 5920">
     <span class='ocr_line' id='line_1_108' title="bbox 420 5835 2041 5920; baseline -0.007 -18"><span class='ocrx_word' id='word_1_837' title='bbox 420 5846 537 5920; x_wconf 72' lang='lat'><strong>(35)</strong></span> <span class='ocrx_word' id='word_1_838' title='bbox 568 5842 806 5901; x_wconf 81' lang='grc' dir='ltr'>Βασάν.</span> <span class='ocrx_word' id='word_1_839' title='bbox 835 5839 1039 5897; x_wconf 75' lang='grc' dir='ltr'>Σαεαν.</span> <span class='ocrx_word' id='word_1_840' title='bbox 1068 5838 1144 5896; x_wconf 87' lang='lat' dir='ltr'><strong>Ita</strong></span> <span class='ocrx_word' id='word_1_841' title='bbox 1175 5838 1365 5897; x_wconf 82' lang='lat' dir='ltr'><strong>codice</strong></span> <span class='ocrx_word' id='word_1_842' title='bbox 1401 5837 1575 5909; x_wconf 78' lang='lat' dir='ltr'><strong>Regio</strong></span> <span class='ocrx_word' id='word_1_843' title='bbox 1617 5844 1673 5895; x_wconf 87' lang='lat' dir='ltr'><strong>et</strong></span> <span class='ocrx_word' id='word_1_844' title='bbox 1698 5835 2041 5894; x_wconf 83' lang='lat' dir='ltr'><strong>Colbertino.</strong></span> 
     </span>
    </p>
   </div>
  </div>
