4070 6214
364 293 434 355 87
1631 294 1955 358 JOAN‘NIS
1997 292 2320 355 ZONARE
3558 289 3630 350 88

362 414 488 469 li:ec
513 412 645 468 Mosi
672 413 939 469 divinitus
959 429 989 468 e
1012 414 1230 469 llamma
1252 412 1647 486 significantur.
1676 412 1948 471 Cmtcrum

2082 428 2198 467 ovat
2241 409 2443 473 αὐτοὺς
2474 409 2575 480 τῆς
2606 407 2912 476 Αἰγύπτου,
2951 405 3146 470 θυσίας
3194 424 3252 462 τε
3291 406 3375 470 εἰς
3426 404 3639 461 ἐκεῖνον

365 506 412 561 is
454 506 762 567 dubitabat.
795 522 905 577 quo
935 516 1098 577 pacto
1138 507 1223 561 vel
1268 507 1626 576 populariwa
1675 505 1791 559 suis
1822 519 1950 574 per-

365 599 645 662 suaderet,
675 600 757 654 vel
793 615 822 652 a
851 600 1137 654 Pharaone
1163 607 1519 669 extorqueret
1559 599 1793 656 exitum,
1822 610 1948 649 cum

367 691 514 747 Deus
530 707 593 746 ea
614 708 673 747 se
692 690 951 748 facillime
978 692 1322 747 redditurum
1376 691 1688 761 pollicetur,
1716 690 1770 744 in
1795 690 1953 760 cujus

369 787 447 841 rei
486 786 670 850 fidem,
716 787 971 841 baculum
1008 786 1158 841 humi
1205 786 1520 855 projiceret.
1554 785 1673 851 Quo
1705 784 1870 848 facto,
1909 783 1955 838 is

369 894 599 949 serpens
618 879 831 933 exstitit
855 897 868 933 τ
895 888 1172 949 receptus,
1198 879 1251 930 in
1274 877 1529 932 baculum
1553 877 1713 933 redit.
1735 875 1953 929 Manum

373 973 505 1026 item
535 972 589 1025 in
621 973 803 1027 sinum
838 969 1039 1025 abdere
1073 972 1285 1041 jussus,
1314 970 1543 1039 protulit
1576 970 1750 1023 instar
1789 968 1959 1023 calcis

373 1062 662 1118 candidam
699 1078 714 1118 :
747 1077 870 1132 qua:
915 1077 1040 1116 mox
1091 1070 1149 1115 et
1209 1061 1322 1130 ipsa
1376 1059 1668 1130 pristinum
1721 1060 1956 1112 colorem

374 1155 591 1226 recipit.
636 1155 852 1210 Rursus
882 1168 912 1209 e
943 1154 1256 1225 propinquo
1299 1168 1497 1222 aquam
1532 1150 1818 1206 effundere
1841 1151 1960 1221 jus-

375 1265 493 1311 sus,
542 1259 825 1304 cruentam
879 1250 1047 1305 videt.
1113 1247 1208 1302 His
1262 1246 1531 1317 portentis
1582 1245 1957 1307 conﬁrmatus,

377 1359 490 1396 rem
528 1344 666 1397 citra
711 1342 1121 1397 cunctationem
1156 1341 1313 1410 jubet
1359 1338 1601 1409 aggredi.
1652 1336 1962 1406 Assumptis

376 1435 548 1504 igitur
578 1450 765 1501 uxore,
809 1443 867 1490 et
911 1449 978 1490 ex
1020 1449 1083 1490 ea
1134 1435 1407 1501 susceptis
1454 1412 1665 1493 liberis,
1693 1429 1957 1492 Gersone,

376 1528 524 1595 quod
578 1543 778 1583 nomen
831 1527 1141 1596 significat.
1179 1526 1476 1579 adventum
1525 1523 1579 1576 in
1618 1522 1961 1591 peregrinam

380 1627 607 1677 terram,
649 1629 704 1672 et
740 1618 1020 1681 Eleazaro,
1064 1620 1114 1688 (a
1162 1615 1349 1669 divino
1380 1614 1587 1669 auxilio
1626 1625 1842 1683 sumpta
1881 1618 1966 1665 est

377 1710 724 1779 appellatio),
778 1712 830 1762 in
873 1708 1165 1779 Egyptum
1214 1707 1600 1776 proficiscitur.
1640 1703 1718 1758 Ad
1769 1704 1968 1756 limites

380 1817 670 1872 progresso
704 1802 873 1857 frater
901 1801 1082 1858 Aaron
1109 1800 1376 1855 occurrit.
1413 1799 1591 1854 Ambo
1624 1797 1964 1851 Pharaonem

381 1897 606 1957 adeunt,
630 1904 686 1950 et
712 1895 806 1951 Dei
834 1894 1107 1949 mandatis
1134 1894 1402 1962 expositis
1430 1899 1672 1951 monent,
1696 1906 1761 1943 ne
1783 1888 1970 1942 divino

383 1990 617 2045 oonsilio
662 1990 1005 2045 adversetur.
1048 1989 1149 2044 lllo
1195 1988 1363 2044 verba
1419 2004 1610 2044 eorum
1660 1986 1968 2048 deridente,

385 2086 649 2149 miracula
706 2085 898 2140 edunt.
956 2086 1195 2139 Baculus
1255 2086 1534 2155 projectus
1592 2081 1652 2136 fit
1716 2096 1970 2151 serpens.

381 2179 537 2246 Quod
583 2178 1027 2243 incantatoribus
1073 2176 1454 2249 Egyptiorum
1490 2175 1741 2236 imitatis,
1795 2173 1974 2227 versis

383 2270 605 2326 illorum
647 2271 812 2325 etiam
860 2270 1071 2326 baculis
1124 2269 1178 2323 in
1208 2276 1514 2339 serpentes,
1561 2282 1753 2321 rursus
1798 2265 1974 2319 Moses

384 2381 548 2420 suum
571 2365 828 2421 baculum
881 2364 1033 2418 humi
1090 2364 1312 2435 projicit
1346 2383 1361 2417 :
1398 2364 1492 2432 qui
1554 2362 1608 2415 in
1662 2371 1974 2430 serpentem

387 2469 652 2524 mutatus,
701 2459 929 2514 baculus
1000 2457 1407 2529 Egyptiorum,
1461 2455 1554 2526 qui
1631 2454 1973 2524 serpentium

388 2553 628 2622 speciem
652 2551 952 2616 habebant,
977 2550 1224 2606 devorat.
1252 2548 1461 2603 Deinde
1485 2549 1540 2602 in
1563 2564 1716 2602 suam
1742 2547 1973 2601 formam

386 2659 672 2705 reversum
730 2642 948 2713 recipit.
1006 2642 1289 2697 Pharaone
1336 2656 1470 2696 vero
1519 2655 1577 2695 se
1634 2639 1975 2702 oiﬁrmante,

388 2751 545 2807 aqua;
586 2737 640 2791 in
687 2751 943 2791 cruorem
990 2745 1294 2799 mutantur,
1335 2732 1533 2788 deinde
1575 2748 1720 2787 ranae
1759 2746 1976 2786 omnem

391 2839 593 2891 terram
643 2827 861 2901 ,Εεγωί
910 2837 1203 2899 occupant,
1257 2835 1444 2897 postea
1486 2826 1724 2895 pediculi
1769 2832 1979 2878 eterra

393 2923 722 2985 scaturiunt.
755 2925 833 2977 Ac
859 2931 1056 2977 caetera
1081 2922 1302 2992 quidem
1352 2920 1613 2975 miracula
1643 2919 1808 2972 etiam
1838 2918 1981 2972 Pha-

395 3016 582 3072 raonis
625 3015 1055 3086 praestigiatores
1095 3015 1428 3069 videbantur
1464 3013 1668 3068 imitari
1703 3032 1714 3066 :
1749 3013 1979 3083 pedicu-

2053 506 2145 558 τὸν
2183 504 2349 558 τύπον
2390 506 2569 557 ποιεῖν
2621 500 2953 555 ἐντέλλεται.
2999 498 3188 553 Ταῦτα
3218 500 3281 557 ἐκ
3330 498 3425 552 τοῦ
3467 499 3642 568 πυρὸς

2055 598 2479 652 θεοκλυτεῖταιὸ
2524 596 2788 665 Μωῢσῆς.
2838 595 2897 648 '0
2925 593 2971 647 δ’
3015 593 3216 667 ἠπόρει
3273 590 3461 664 πῶςῆ
3512 594 3644 655 τοὺς

2055 692 2294 754 οἰκείους
2326 690 2591 749 πείσειεν,
2622 688 2654 760 ἢ
2699 687 2953 756 βιάσαιτο
2974 683 3178 755 Φαραὼ
3217 684 3515 755 ὲπιτρὲιᾷαι
3540 686 3644 751 τὴν

2056 786 2255 843 ἔξοδον.
2291 785 2398 841 Καὶ
2432 786 2459 837 ὁ
2486 785 2618 846 Θεδς
2647 784 2820 855 ῥᾷστα
2846 782 3021 836 ταῦτα
3050 778 3239 846 θήσειν
3272 777 3645 850 ἐπηγγέλλετο

2059 876 2231 947 αὐτῷ,
2265 878 2360 930 καὶ
2407 877 2487 938 εἰς
2533 875 2717 928 πίστιν
2752 872 2850 944 τὴν
2908 871 3214 943 βακτηρίαν
3276 872 3356 930 εἰς
3405 868 3507 940 τὴν
3539 869 3643 939 γῆν

2060 973 2282 1039 ἀφεῖναι
2319 958 2627 1032 κελεύεται,
2681 968 2776 1019 καὶ
2829 966 3083 1034 ἀφέντος,
3135 963 3357 1035 δράκων
3398 963 3639 1031 ἐγένετο.

2060 1060 2174 1116 Εἷτ⁹
2198 1061 2616 1132 ὲπιλαῦομένον,
2644 1058 2808 1111 πάλιν
2852 1058 3092 1128 βάκτρον
3116 1051 3205 1128 ἦν.
3239 1055 3353 1111 Καὶ
3393 1056 3645 1108 καθεῖναι

2060 1156 2160 1226 τὴν
2226 1155 2407 1222 δεξιάν
2461 1154 2541 1215 είς
2598 1152 2689 1205 τον
2753 1151 2954 1204 κόλπον
3001 1146 3394 1220 προσταχθεὶς,
3441 1145 3646 1217 λευκὴν

2062 1250 2258 1317 ὁμοίαν
2307 1247 2513 1317 τιτάνῳ
2564 1247 2666 1315 τὴν
2718 1242 2890 1314 χρόαν
2943 1240 3264 1312 ἐξήνεγκεν,
3306 1236 3427 1297 εἶτα
3458 1240 3539 1301 εἰς
3587 1237 3649 1293 τὸ

2064 1343 2332 1412 πρῦτερον
2361 1335 2501 1402 εἶδος
2526 1335 2904 1405 ἀποκατέστη.
2935 1334 3047 1387 Καὶ
3070 1332 3164 1386 τοῦ
3192 1331 3420 1401 πλησίον
3452 1329 3648 1393 ὕδατος

2063 1435 2250 1488 λαϐεῖν
2291 1430 2626 1493 κελευσθεὶς,
2673 1431 2766 1482 καὶ
2820 1427 3087 1496 καταχέαι
3128 1424 3228 1493 τῆς
3283 1423 3409 1493 γῆς,
3451 1423 3556 1495 ὁρᾷ
3588 1423 3650 1474 τὸ

2064 1528 2228 1598 χυθὲν
2258 1526 2597 1597 αἱματῶδες.
2628 1523 2867 1593 Θαῤῥεῖν
2904 1519 2998 1573 οὖν
3029 1520 3123 1572 ἐπὶ
3151 1519 3367 1579 τούτοις
3402 1531 3650 1585 παρεκε-

2066 1620 2275 1685 λεύετο,
2336 1618 2431 1671 καὶ
2488 1616 2687 1687 μηκέτι
2746 1614 2954 1683 μένειν.
3019 1608 3365 1683 Παραλαϐὼν
3416 1602 3509 1660 οὖν
3550 1605 3650 1675 τὴν

2068 1713 2328 1780 γυναῖκα,
2358 1709 2451 1761 καὶ
2473 1705 2602 1771 τοὺς
2638 1707 2837 1769 παῖδας
2868 1705 2994 1767 τοὺς
3026 1703 3085 1767 ἐξ
3117 1701 3309 1771 αὐτῆς,
3349 1698 3597 1769 Γηρσὼν,
3624 1696 3652 1749 ὅ

2076 1804 2333 1874 σημαίνει
2372 1803 2453 1854 ὅτι
2492 1803 2571 1863 εἰς
2621 1799 2721 1868 τὴν
2777 1797 2959 1867 ξένην,
3019 1798 3114 1850 καὶ
3161 1794 3452 1864 Ἐλεάζαρ,
3501 1791 3656 1862 δηλοῖ

2072 1898 2130 1950 δὲ
2152 1896 2226 1959 ὡς
2261 1893 2537 1964 συμμάχῳ
2568 1892 2838 1962 χρήσαιτο
2877 1888 2954 1959 τῷ
2991 1884 3233 1959 πατρῴῳ
3274 1884 3417 1955 Θεῷ,
3460 1883 3656 1953 ὥρμη-

2077 2006 2167 2042 σεν
2208 1990 2287 2050 είς
2317 1987 2615 2054 Αἴγυπτον.
2648 1980 3025 2052 Πλησιάσαντι
3077 1978 3136 2031 δὲ
3175 1978 3203 2029 ὁ
3228 1974 3456 2043 ἀδελφὸς
3484 1975 3657 2042 ὑπήν-

2075 2098 2242 2149 τησεν
2294 2077 2527 2148 Ἀαρών.
2594 2073 3000 2144 Παραγίνονται
3033 2069 3126 2123 οὖν
3167 2069 3336 2137 ἄμφω
3370 2066 3506 2137 πρὸς
3544 2066 3657 2117 (1)1-

2081 2173 2216 2243 ραὼ,
2271 2173 2364 2225 καὶ
2418 2170 2487 2222 τά
2551 2170 2614 2221 ὲκ
2669 2165 2806 2220 Θεοῦ
2853 2161 3316 2234 προστεταγμένα
3379 2158 3657 2219 εἰπόντες,

2076 2266 2263 2335 ἠξίουν
2299 2263 2371 2332 μὴ
2406 2260 2795 2329 ἀντιπράττειν
2831 2258 2897 2327 τῇ
2936 2255 3060 2325 θείᾳ
3104 2252 3292 2324 βουλῇ.
3339 2251 3660 2303 Χλευάσαν-

2077 2378 2168 2423 τος
2223 2358 2265 2411 δ’
2301 2356 2538 2421 ἐκείνου,
2601 2353 2750 2423 ἔργῳ
2778 2350 2846 2403 τά
2900 2351 3107 2418 σημεῖα
3160 2346 3460 2409 ἐδείκνυον,
3499 2344 3591 2394 καὶ
3625 2343 3658 2411 ἡ

2081 2452 2275 2524 ῥάϐδος
2315 2450 2440 2517 bat;
2474 2449 2693 2517 ριφεῖσα
2738 2443 2976 2510 ἐγένετο.
3011 2441 3086 2493 Τὸ
3139 2439 3184 2492 δ’
3230 2439 3364 2492 αὐτὸ
3399 2437 3496 2490 καὶ
3550 2434 3660 2488 τῶν

2078 2542 2397 2613 Αἰγυπτίων
2426 2538 2695 2595 ὲπαοιδῶν
2730 2534 3137 2605 πεποιηκότων,
3187 2532 3284 2585 καὶ
3324 2531 3423 2594 τάς
3470 2528 3665 2595 σφετέ-

2085 2656 2182 2710 ρας
2222 2635 2529 2707 βακτηρίας
2561 2631 2986 2704 μεταϐαλοντων
3024 2629 3105 2690 είς
3125 2626 3455 2696 δράκοντας,
3492 2623 3661 2676 Μωῦ-

2084 2733 2185 2801 σῆς
2218 2731 2319 2802 τὴν
2347 2727 2656 2801 βακτηρίαν
2686 2722 2847 2787 αὖθις
2890 2723 3076 2793 ῥιπτεῖ
3116 2719 3260 2773 κατὰ
3281 2719 3407 2785 γῆς,
3447 2717 3542 2769 καὶ
3582 2717 3665 2777 εἰς

2082 2827 2204 2895 ὄφιν
2233 2821 2666 2895 μεταδληθεῖσα,
2698 2821 2798 2881 τὰς
2832 2818 2939 2869 τῶν
2970 2812 3291 2883 Αίγυπτίων
3336 2810 3665 2881 βακτηρίας,

2085 2919 2140 2975 αἳ
2171 2919 2465 2989 δράκοντες
2491 2914 2731 2972 ἐδόκουν,
2770 2908 3089 2979 κατήσθιεν.
3144 2902 3280 2958 Εἶτα
3313 2904 3393 2965 είς
3443 2902 3504 2953 τὸ
3535 2901 3665 2952 ἑαυο

2084 3013 2184 3083 τῆς
2223 3009 2412 3080 σχῆμα
2449 3002 2871 3077 μεταπεσοῦσαν
2929 3000 3103 3069 αὐτὴν
3138 2994 3455 3067 κομίζεται.
3486 2992 3667 3060 Σκληο

391 3114 572 3168 lorum
603 3122 788 3168 autem
820 3119 1098 3182 spectrum
1119 3111 1245 3187 quia
1272 3109 1532 3180 elﬁngere
1553 3125 1663 3163 non
1696 3115 1973 3178 poterant,

2084 3103 2382 3174 ρυνομένου
2417 3098 2473 3151 δὲ
2504 3095 2729 3167 Φαραὼ,
2766 3095 2845 3156 είς
2896 3085 3037 3160 αἷμα
3084 3089 3152 3142 τὰ
3202 3087 3372 3141 ὕδατα
3432 3083 3669 3155 μεταίὲ-

392 3204 666 3264 Pharaoni
698 3205 977 3269 dicebant,
1010 3205 1141 3259 illud
1178 3204 1405 3274 digitum
1452 3203 1544 3257 Dei
1583 3216 1726 3257 esse.
1767 3201 1972 3256 Verum

395 3313 521 3351 cum
556 3298 602 3352 is
630 3297 767 3351 nihil
817 3297 1062 3360 cederet,
1118 3295 1445 3365 ingruerunt
1508 3310 1731 3360 niuscai,
1771 3301 1827 3348 et
1869 3292 1976 3364 35

395 3392 688 3462 perierunt
735 3388 999 3460 pecudes.
1063 3388 1271 3442 Deinde
1322 3402 1447 3441 cum
1508 3386 1685 3441 Moses
1751 3384 1977 3455 fuligine

396 3484 739 3540 caminorum
786 3498 969 3538 aerem
1014 3481 1369 3551 opplerisset,
1426 3479 1611 3535 ulcera
1658 3490 1713 3534 et
1746 3479 1980 3549 pustulae

399 3589 511 3633 tam
562 3577 616 3631 in
669 3575 991 3631 hominibus
1027 3588 1189 3642 quam
1236 3570 1544 3643 pecudibus
1576 3571 1978 3626 eﬂ‘crbuerunt.

398 3672 613 3726 Rursus
642 3668 850 3739 grando
887 3667 1119 3737 depluit,
1149 3683 1313 3737 quam
1344 3676 1544 3721 secutae
1575 3678 1703 3720 sunt
1734 3669 1977 3729 locustae,

399 3775 522 3835 post
554 3778 691 3834 quas
721 3762 960 3817 tenebra:
984 3760 1268 3833 Egyptios
1314 3770 1427 3816 tres
1468 3760 1588 3813 dies
1623 3770 1979 3829 operuerunt.

403 3858 650 3927 Denique
679 3864 802 3928 post
835 3857 952 3912 hate
981 3856 1162 3911 omnia
1195 3855 1687 3925 pritnogenitorum
1716 3869 1982 3909 consecu-

405 3962 495 4005 tus
538 3957 621 4005 est
669 3949 955 4004 interitus.
999 3949 1135 4003 Nam
1187 3963 1312 4002 cum
1367 3948 1716 4003 occalluisset
1751 3948 1984 4011 Pharao,

400 4044 565 4114 jussit
589 4043 737 4098 Deus
768 4042 972 4098 Mosem
1001 4040 1332 4096 sacrificium
1369 4042 1423 4096 in
1456 4040 1601 4096 diem
1633 4042 1836 4095 mensis
1871 4056 1984 4104 xiv,

404 4150 692 4207 apparare,
732 4134 827 4205 qui
861 4134 1067 4189 mensis
1105 4133 1174 4186 ab
1212 4131 1457 4188 Hebraeis
1499 4133 1688 4197 Nisan,
1722 4133 1791 4187 ab
1819 4132 1986 4204 Egy-

405 4232 538 4302 ptiis
567 4227 913 4293 Pbarmuthi,
936 4227 1080 4297 apud
1121 4226 1446 4282 Macedones
1466 4226 1774 4282 Xanthieus
1797 4227 1986 4297 appel-

403 4325 574 4385 latur,
625 4322 817 4378 Latine
868 4320 1076 4388 Aprilis
1116 4320 1339 4374 dicitur.
1382 4319 1512 4386 Quae
1561 4319 1680 4375 dies
1728 4336 1818 4375 xw
1864 4334 1987 4373 cum

406 4417 645 4481 adesset,
676 4415 989 4471 sacrificant
1015 4429 1227 4479 omnes,
1261 4423 1317 4468 et
1343 4413 1688 4469 victimarum
1725 4414 1991 4485 sanguine

406 4509 597 4566 limina
646 4510 849 4564 aedium
895 4508 1215 4576 inungunt:
1247 4521 1511 4576 omnaque
1555 4514 1801 4576 peracta.
1858 4505 1988 4560 reli-

409 4599 568 4671 quias
625 4598 979 4654 comburunt.
1032 4597 1186 4652 Unde
1243 4613 1309 4650 ex
1369 4598 1462 4650 illo
1499 4605 1745 4665 tempore
1791 4596 1993 4651 festum

411 4691 625 4749 Hebrati
665 4690 953 4745 celebrant
986 4691 1133 4744 circa
1172 4690 1224 4743 id
1273 4702 1511 4758 tempus.
1542 4698 1599 4743 et
1636 4687 1995 4748 sacriticant;

414 4785 564 4857 quod
607 4784 807 4840 festum
848 4783 1056 4839 Pascha
1086 4793 1324 4848 vocant;
1363 4782 1415 4836 id
1452 4781 1544 4835 alii
1579 4782 1866 4835 transitum
1914 4779 1997 4832 in-

413 4886 807 4949 terpretantur,
850 4875 1142 4944 Iosephus,
1192 4876 1623 4945 pra-teritionem,
1657 4873 1801 4943 quod
1853 4873 1996 4926 Deus

411 4980 575 5024 nocte
624 4968 716 5022 illa
762 4966 1010 5024 Hebraeis
1062 4965 1378 5035 praeteritis,
1431 4965 1718 5035 Egyptios
1766 4963 1991 5018 interitu

411 5058 911 5130 primogenitorum
957 5056 1234 5113 atllixerit.
1268 5056 1382 5123 Qua
1415 5056 1483 5110 de
1517 5071 1679 5110 causa
1709 5055 1994 5123 congressi

412 5150 652 5223 Egyptii
715 5150 1057 5208 Pharaonem
1109 5159 1273 5205 orant
1323 5159 1383 5205 ut
1428 5147 1671 5203 dimittat
1716 5146 1994 5203 Hebraeos.

411 5244 578 5301 lubet
644 5244 758 5300 ille.
855 5243 1155 5299 Discedunt
1219 5241 1431 5297 Hebraei
1480 5260 1493 5296 :
1543 5256 1779 5311 quorum
1842 5239 1998 5299 fuere

416 5336 697 5407 (militaris
724 5336 992 5394 duntaxat
1019 5336 1218 5405 sciatis)
1255 5341 1510 5393 sexcenta
1545 5333 1738 5388 millia.
1775 5334 1995 5404 Egressi

414 5440 546 5486 sunt
577 5444 767 5485 mense
815 5428 1113 5489 Xanthico,
1155 5427 1244 5482 die
1274 5442 1361 5491 xv,
1395 5426 1611 5481 oriente
1651 5426 1803 5489 luna,
1834 5427 1997 5481 annis

2024 4458 2071 4512 Ι)

2084 3196 2303 3265 ὄληται.
2348 3187 2486 3244 Εἶτα
2539 3189 2801 3259 βάτραχοι
2830 3186 3012 3237 πᾶσαν
3064 3181 3164 3252 τὴν
3228 3179 3334 3249 γῆν
3381 3177 3667 3244 Αἰγύπτου

2085 3287 2385 3356 ἐκάλυψαν.
2435 3285 2563 3338 Ἐπὶ
2587 3281 2802 3342 τούτοις
2844 3277 3073 3338 σκνίπες
3122 3275 3185 3328 ὲκ
3217 3273 3313 3343 τῆς
3347 3272 3453 3342 γῆς
3490 3269 3671 3324 ἀνεδό-

2088 3385 2290 3453 θησαν.
2322 3380 2405 3434 Τὰ
2434 3379 2534 3446 μὲν
2563 3371 2659 3429 οὖν
2692 3374 2832 3429 ἄλλα
2860 3373 3125 3443 τεράστια
3177 3367 3273 3420 καὶ
3327 3366 3377 3419 oi
3427 3362 3671 3417 ὲπαοιδοὶ

2086 3474 2291 3547 Φαραὼ
2324 3474 2546 3527 ἐδόκουν
2596 3466 3077 3541 ποιεῖνησκνίπας
3128 3461 3185 3514 δὲ
3237 3460 3513 3527 φαντάσαι
3572 3457 3673 3507 οὐκ

2087 3569 2459 3641 ἠδυνήθησαν.
2493 3560 2665 3619 Εἶπον
2696 3561 2789 3615 οὖν
2834 3558 2972 3631 πρὸς
3004 3555 3225 3625 Φαραὼ,
3270 3555 3353 3606 ὅτι
3403 3549 3673 3611 δάκτυλος

2091 3664 2226 3719 θεοῦ
2246 3662 2407 3714 τοῦτο
2438 3658 2607 3712 ἐστίν.
2628 3657 2685 3709 Ὀ
2711 3654 2756 3708 δ’
2787 3657 2868 3707 ἔτι
2896 3652 3179 3713 ἀνένδοτος
3209 3645 3277 3719 ἦν
3311 3647 3402 3701 καὶ
3447 3645 3672 3712 ἐγένετο

2092 3756 2386 3825 κυνόμυια,
2451 3751 2543 3804 καὶ
2603 3747 2743 3819 μετά
2801 3743 2976 3798 ταῦτα
3041 3742 3221 3811 φθορά
3262 3740 3371 3793 τῶν
3428 3735 3671 3804 κτηνῶν.

2097 3851 2331 3904 Ἔπειτα
2380 3846 2474 3898 τοῦ
2536 3843 2819 3904 Μωῦσέως
2887 3835 3211 3907 καμινιαίαν
3263 3831 3494 3898 αἰθάλην
3575 3826 3672 3883 τοῦ

2094 3942 2258 4011 ἀέρος
2286 3936 2821 3995 κατασκεδάσαντος,
2863 3930 2997 3998 ἕλκη
3039 3928 3133 3980 καὶ
3176 3923 3467 3996 φλυκτέδες
3509 3920 3565 3973 ἓν
3613 3936 3673 3972 τε

2093 4034 2207 4095 τοῖς
2238 4034 2462 4101 κτήνεσι
2495 4029 2588 4082 καὶ
2638 4028 2695 4079 ἐν
2746 4026 2857 4085 τοῖς
2892 4021 3209 4092 ἀνθρώποις
3250 4016 3541 4079 ἀνέζεσαν,
3579 4011 3674 4063 καὶ

2097 4125 2251 4186 αὖθις
2284 4121 2496 4196 χάλαζα
2530 4119 2690 4189 ὕσθη,
2728 4117 2823 4170 καὶ
2857 4115 2974 4185 μετ’
3010 4112 3181 4182 αὐτὴν
3235 4108 3470 4178 ἐπῆλθεν
3511 4104 3677 4174 ἀκρίς

2099 4221 2192 4272 καὶ
2219 4198 2315 4269 ἐπὶ
2343 4216 2569 4275 ταύταις
2614 4210 2808 4271 σκότος
2858 4206 2984 4269 τοὺς
3023 4202 3358 4271 Αἰγυπτίους
3397 4198 3491 4251 ἐπὶ
3524 4199 3677 4261 τρεῖς

2100 4310 2316 4383 ἡμέρας
2341 4306 2601 4373 ἐκάλυψε.
2639 4302 2963 4356 Τελευταῖον
2998 4295 3042 4349 δ’
3094 4297 3367 4363 ἐπήνεκτο
3402 4289 3615 4349 τούτοις
3643 4289 3677 4358 ἡ

2099 4403 2209 4465 τῶν
2278 4398 2641 4471 πρωτοτόκων
2694 4391 2963 4447 ἀπώλεια.
3048 4383 3502 4455 Σκληρυνομένου
3564 4380 3678 4447 γάρ

2097 4469 2340 4563 Φαραὼ,
2389 4491 2677 4544 ἐκέλευσεν
2737 4487 2765 4538 ὁ
2814 4484 2947 4544 Θεὸς
3001 4481 3209 4549 Μωῡσῇ
3251 4476 3447 4530 θυσίαν
3497 4469 3716 4541 παρα-,⁷

2096 4589 2362 4644 σκευάσαι
2392 4588 2472 4649 εἰς
2502 4584 2601 4653 τὴν
2631 4575 3238 4647 τεσσαρεσκαιδεκάτην
3267 4568 3367 4623 τοῦ
3399 4567 3591 4637 μητδῖ,
3619 4565 3682 4629 ὃς

2096 4679 2247 4749 παρὰ
2304 4678 2402 4749 μὲν
2467 4673 2740 4742 Ἐὕραίοις
2797 4671 2972 4723 Νισᾶν
3023 4665 3296 4727 καλεῖται,
3339 4661 3472 4730 παρ’
3507 4661 3685 4726 Αἰγυ-

2097 4773 2276 4833 πτίοις
2305 4772 2362 4823 δὲ
2410 4764 2721 4837 Φαρμουθὶ,
2759 4761 2915 4827 παρά
2966 4758 3246 4813 Μακεδόσι
3275 4755 3333 4806 δὲ
3386 4750 3681 4813 Ξανθικδς,

2098 4865 2191 4919 καὶ
2221 4860 2353 4932 παρ’
2395 4858 2653 4926 Ἕλλησιν
2711 4851 3026 4924 ’Λπρίλλιος
3084 4847 3221 4919 (36).
3280 4843 3583 4911 Ἐνστάσης
3621 4839 3684 4932 δὲ.

2102 4955 2207 5023 τῆς
2237 4948 2873 5021 τεσσαρεσκαιδεκάτης,
2925 4944 3168 5002 ἅπαντες
3213 4939 3395 4997 ἔθυον,
3452 4935 3547 4988 καὶ
3601 4931 3684 5001 τῷ

2101 5049 2194 5102 τοῦ
2228 5047 2472 5116 θύματος
2500 5042 2698 5113 αἵματι
2740 5041 2842 5102 τὰς
2873 5038 3036 5107 φλιάς
3077 5033 3189 5086 τῶν
3239 5033 3431 5087 οἰκιῶν
3471 5031 3681 5101 ἔχριον,

2102 5145 2196 5197 καὶ
2241 5141 2662 5210 δειπνήσαντες,
2712 5136 2824 5188 τῶν
2880 5132 3062 5204 κρεῶν
3121 5130 3193 5189 τὰ
3243 5126 3687 5201 περιττεύσαντα

2103 5236 2365 5290 ἔκαυσαν.
2429 5231 2593 5284 Ὅθεν
2650 5230 2838 5282 ἔκτοτε
2901 5226 3097 5295 ἑορτὴν
3139 5223 3370 5287 ἄγουσιν
3435 5219 3686 5288 Ἑϐραῖοι

2105 5327 2248 5383 κατὰ
2304 5325 2397 5378 τὸν
2449 5322 2642 5392 καιρὸν
2678 5321 2893 5379 τοῦτον,
2942 5318 3039 5371 καὶ
3075 5317 3286 5379 θύουσι,
3337 5313 3531 5382 Πάσχα
3582 5310 3689 5379 τὴν

2105 5419 2303 5493 ἑορτὴν
2330 5417 2647 5476 καλοῦντες.
2672 5415 2746 5467 Τὸ
2777 5415 2834 5466 δὲ
2858 5415 3054 5484 Πάσχα
3075 5411 3224 5467 ἄλλοι
3265 5409 3367 5479 μὲν
3395 5406 3686 5461 δράσασιν

1627 5542 1828 5607 Variae
1852 5543 2165 5606 lectiones
2196 5547 2255 5603 et
2289 5544 2478 5600 nota}.

493 5651 603 5717 (56)
643 5652 785 5719 Hap‘
813 5652 1112 5717 Ἕλλησιν
1151 5649 1506 5716 Ἀπρίλλιος.
1547 5648 1665 5719 lmo
1699 5647 1844 5717 apud
1885 5647 1990 5719 La-

422 5721 588 5783 tinos,
623 5717 740 5776 seu
770 5732 831 5776 ut
875 5722 1041 5776 habet
1067 5720 1124 5776 S.
1162 5720 1431 5774 Maximus
1488 5720 1541 5773 in
1590 5717 1861 5785 Computa
1891 5717 1993 5772 Ec—

420 5791 733 5847 clesiastico
776 5803 934 5867 parte
970 5808 1009 5857 ι,
1031 5807 1153 5861 cap,
1190 5790 1281 5857 l3,
1314 5790 1458 5843 κατά
1502 5787 1829 5858 Ῥωμαίους.
1880 5787 1989 5841 Sed

2099 5646 2191 5699 hic
2244 5651 2304 5696 ut
2332 5651 2388 5696 et
2418 5639 2548 5696 alibi
2576 5655 2687 5694 non
2715 5639 2883 5693 semcl
2913 5608 3187 5705 ’Έλληνας
3219 5642 3379 5688 vocat
3412 5632 3680 5705 Zonaras,

2098 5730 2241 5785 quos
2262 5713 2353 5770 alii
2380 5711 2669 5774 Romanos;
2706 5718 2900 5766 contra
2925 5701 3091 5778 quam
3124 5706 3406 5783 Eunapius
3430 5706 3484 5759 iu
3508 5701 3686 5772 Chry-

2100 5784 2317 5849 santhio
2352 5798 2405 5865 p.
2439 5782 2525 5836 89.
