4070 6214
295 377 367 444 93
1558 384 1835 447 ANNALl
1850 386 1961 447 ΗΜ
2004 389 2149 450 LIB.
2204 391 2251 449 Ι.
3472 401 3543 459 Μ

294 496 429 556 ἐκεῖ,
459 495 487 547 ὁ
509 494 638 556 λαὸς
668 492 933 564 ἡθροίσθη
954 493 1090 563 πρὸς
1131 493 1579 564 ’Λαρὼν,λὲγων’
1610 498 1881 564 Ποίησον

1990 498 2121 555 duas
2162 498 2461 554 testimonii
2501 499 2712 554 tabulas
2749 501 3002 558 manibus
3033 501 3247 567 ferens,
3279 503 3542 574 lapideas,

294 586 439 655 ἡμῖν
466 584 664 651 θεοὺς,
701 588 736 640 ὁ
777 587 887 655 γὰρ
912 585 1175 655 Μωϋσῆς
1204 588 1315 641 οὐκ
1344 588 1594 656 οἴδαμεν
1626 590 1681 641 τί
1708 591 1867 658 τέτον

290 695 416 731 rer.
490 676 705 747 Ἀαρὼν
754 677 809 729 δὲ
867 676 1213 746 βιαζόμενος,
1263 681 1655 748 προσενεγκεῖν
1725 679 1872 749 αύτῷ

290 771 557 834 ἐπέταξεν
595 770 827 822 ἕκαστον
848 770 916 822 τὰ
956 769 1155 822 ἐνώτια
1181 771 1249 823 τὰ
1269 771 1469 840 χρυσᾶ,
1505 771 1599 825 καὶ
1649 770 1741 824 τὸν
1781 771 1871 823 κό-

296 878 438 931 σμον
463 861 524 913 ὃν
554 861 611 911 αἱ
641 862 920 926 γυναῖκες.
957 860 1050 912 καὶ
1076 860 1134 912 αἱ
1165 860 1462 930 θυγατέρες
1491 859 1676 915 αὐτῶν
1714 877 1876 931 περι-

291 954 523 1006 έκειντο.
565 952 627 1004 Οί
658 951 713 1004 δὲ
764 953 1141 1023 προσήγαγον,
1178 953 1272 1006 καὶ
1327 954 1387 1016 ἐξ
1435 952 1615 1006 αὐτῶν
1675 952 1874 1023 μόσχον

292 1046 564 1112 ἐποίησαν
593 1042 885 1119 χωνευτὸν,
931 1043 1023 1096 καὶ
1073 1044 1275 1096 ἔθυσαν
1322 1044 1493 1114 αύτῷ.
1541 1044 1787 1112 Μωῦσῆς
1818 1044 1876 1096 δὲ

295 1136 645 1191 καταϐαίνων
679 1136 788 1188 ἀπὸ
816 1135 913 1189 τοῦ
934 1137 1118 1205 ὅρους,
1151 1136 1249 1190 καλ⁵
1282 1137 1378 1198 τὰς
1412 1135 1508 1190 δύο
1537 1135 1750 1198 πλάκας
1780 1135 1874 1189 τοῦ

297 1227 608 1297 μαρτυρίου
640 1226 700 1278 ὲν
732 1227 854 1289 ταῖς
884 1226 1046 1296 χερσὶ
1093 1224 1299 1296 φέρων,
1334 1223 1579 1288 λιθίνους
1638 1241 1875 1289 καταγε-

291 1319 627 1389 γραμμένας
668 1320 758 1370 ἐπ’
790 1318 1120 1389 ἀμφοτέρων
1147 1319 1257 1370 τῶν
1309 1318 1514 1388 μερῶν,
1559 1317 1634 1381 ὡς
1663 1318 1876 1388 ῆγγησε

288 1413 354 1479 τῇ
388 1407 745 1478 παρεμϐολῇ,
780 1409 884 1478 ὁρᾷ
930 1408 1021 1459 τόν
1048 1408 1271 1478 μόσχον,
1320 1406 1419 1460 καὶ
1470 1405 1749 1476 ὀργισθεὶς
1777 1405 1877 1469 τάς

289 1500 510 1562 πλάκας
542 1499 854 1569 συνέτριψε,
876 1499 975 1570 ,καὶ
997 1497 1178 1551 λαϐὼν
1197 1498 1289 1551 τὸν
1316 1497 1518 1567 μόσχον
1542 1497 1874 1561 κατέκαυσε,

289 1593 385 1644 καὶ
416 1592 710 1656 ἐλέπτυνε,
748 1591 843 1643 καὶ
878 1589 1060 1659 βαλὼν
1087 1591 1168 1654 είς
1186 1589 1330 1660 ὕδωρ
1354 1589 1574 1643 ὲπότισε
1607 1588 1697 1641 τὸν
1722 1586 1872 1640 λαόν.

290 1684 403 1736 Καὶ
434 1683 748 1736 ἐνετείλατο
776 1685 894 1745 τοῖς
924 1683 1061 1744 υἱοῖς
1098 1679 1259 1747 Λευῒ,
1291 1681 1385 1732 καὶ
1412 1679 1631 1750 διῆλθον
1657 1678 1745 1730 διά
1774 1677 1876 1746 τῆς

286 1773 677 1843 παρεμϐολῆς,
714 1773 812 1825 καὶ
840 1773 1175 1825 ἀπέκτειναν
1218 1770 1469 1832 πολλοὺς,
1505 1769 1578 1831 ὼς
1609 1769 1687 1830 εἰς
1720 1783 1876 1838 τρισ-

1982 593 2243 663 utrinque
2273 592 2507 664 scriptas
2533 609 2546 645 :
2574 602 2636 647 ut
2667 594 2864 649 castris
2892 595 3362 664 apprOpinquans.
3408 601 3552 653 vitu-

1976 683 2088 738 lum
2150 684 2334 748 videt,
2406 685 2580 739 iratus
2651 684 2867 739 tabulas
2919 680 3256 753 confringit,
3315 686 3548 740 vitulum

1979 771 2374 826 comminutum
2408 772 2720 836 comburit,
2761 772 2926 828 scobe
2973 774 3029 828 in
3071 789 3266 843 aquam
3298 776 3544 846 conjecta

1978 871 2130 930 potat
2155 858 2266 933 38
2297 865 2579 933 pepulum.
2622 864 2830 918 Levitis
2865 865 3116 927 mandat,
3151 875 3212 919 ut
3244 881 3341 934 per
3363 844 3541 920 castra
3591 844 3597 895 λ

1977 963 2329 1023 grassentur:
2354 971 2384 1009 a
2413 956 2615 1024 quibus
2646 956 2820 1010 tribus
2853 956 3077 1010 circiter
3099 956 3342 1012 millibus
3372 958 3556 1011 homio

1978 1060 2109 1098 num
2156 1046 2357 1100 occisis
2381 1087 2396 1106 .
2426 1046 2480 1100 in
2517 1057 2758 1100 montem
2803 1046 3108 1101 revertitur
3131 1088 3146 1113 ,
3186 1046 3415 1103 dicens:
3455 1047 3557 1100 ου-

1979 1137 2138 1199 mine,
2159 1136 2382 1206 populus
2402 1138 2651 1207 peccavit,
2670 1139 2808 1207 quod
2828 1147 3097 1204 peccatum
3111 1140 3155 1191 si
3171 1139 3244 1191 eis
3259 1140 3549 1203 condones,

1978 1226 2105 1280 bene
2150 1236 2260 1282 est:
2303 1230 2386 1282 sin
2428 1230 2636 1293 minus,
2676 1244 2757 1282 me
2792 1245 2994 1299 quoque
3021 1245 3047 1282 e
3077 1229 3210 1283 libro
3239 1239 3327 1284 tuo
3359 1230 3552 1286 deleta.

1977 1316 2143 1373 Jubet
2173 1319 2321 1374 Deus
2360 1320 2563 1373 Mosem
2594 1319 2931 1375 descendere
2955 1360 2970 1385 ,
2995 1334 3059 1375 ac
3103 1321 3365 1389 pepulum
3391 1320 3443 1375 in
3471 1321 3555 1374 lo-

1979 1420 2105 1460 cum
2141 1407 2490 1478 designatum
2514 1409 2850 1475 perducere:
2873 1409 3035 1477 eique
3056 1418 3410 1477 conspectum
3435 1411 3558 1477 eius

1982 1498 2227 1568 petenti,
2267 1498 2574 1566 posteriora
2610 1513 2708 1553 sua
2760 1498 3147 1567 conspicienda
3194 1500 3421 1569 praabet.
3466 1500 3556 1556 Sic

1978 1604 2172 1643 rursus
2200 1588 2265 1642 ad
2302 1589 2563 1659 populum
2598 1589 2688 1642 illc
2725 1587 3035 1653 descendit,
3070 1589 3211 1644 duas
3235 1591 3453 1645 tabulas
3478 1591 3560 1644 af-

1979 1680 2164 1735 ferens
2185 1723 2199 1744 ,
2233 1680 2435 1748 quibus
2455 1679 2646 1749 decent
2678 1680 2756 1733 illi
2780 1695 3063 1735 sermones
3090 1681 3339 1750 inscripti
3371 1691 3551 1735 erant.

1979 1769 2249 1826 Caeterum
2278 1771 2444 1824 facies
2471 1766 2599 1841 ejus
2624 1774 2692 1824 ita
2741 1770 3017 1841 fulgebat.
3080 1780 3138 1825 ut
3162 1787 3285 1825 eam
3317 1774 3556 1841 p0pulus

285 1867 502 1934 χιλῖους
559 1866 689 1927 τοὺς
741 1862 1014 1926 πεσόντας
1062 1858 1481 1934 ἀριθμηθῆναι.
1521 1856 1869 1925 ’Υπέστρεψε

1997 1862 2179 1917 ntueri
2213 1863 2505 1931 nequiret:
2540 1878 2715 1932 eaque
2749 1863 2818 1918 de
2847 1878 3011 1918 causa
3039 1865 3185 1918 velat
3212 1879 3355 1928 eam,
3388 1873 3556 1933 atque

284 1959 338 2010 δὲ
370 1958 620 2025 Μωῦσῆς
657 1955 794 2026 πρὸς
824 1955 883 2007 τὸ
906 1955 1052 2024 ὅρος,
1082 1954 1262 2021 λέγων
1283 1969 1295 1983 ’
1316 1954 1511 2020 Κύριε,
1539 1948 1883 2018 ἡμάρτηκεν

286 2055 319 2104 ό
345 2050 510 2115 λαός
553 2065 697 2113 σου,
742 2047 842 2101 καί
885 2051 1003 2100 νῦν
1045 2048 1099 2100 εί
1137 2045 1253 2114 μὲν
1280 2044 1468 2112 ἀφίης
1517 2040 1725 2105 αὐτοῖς
1767 2039 1884 2105 τὴν

284 2142 620 2208 ἁμαρτίαν,
651 2140 800 2208 ἄφες
824 2154 839 2169 ·
877 2141 931 2191 εί
974 2137 1043 2190 δὲ
1082 2135 1192 2205 μὴ,
1237 2134 1391 2204 κάμὲ
1430 2133 1763 2201 ἐξάλειψον
1810 2132 1878 2185 ἐκ

285 2231 406 2299 τῆς
428 2232 656 2293 ,ϐίϐλου
687 2244 829 2281 σου.
861 2225 970 2280 Καὶ
1020 2221 1176 2279 εἶπεν
1204 2223 1356 2293 αύτῷ
1405 2223 1609 2293 Κύριος
1635 2237 1648 2249 ’
1692 2220 1882 2273 Κατά-

288 2322 448 2392 ϐηθι,
485 2321 760 2391 ὁδὴγησον
788 2318 881 2371 τὸν
924 2317 1052 2370 λαὸν
1080 2316 1272 2369 τοῦτον
1307 2317 1388 2377 είς
1444 2314 1537 2367 τὸν
1587 2312 1773 2369 τόπον.
1821 2311 1880 2363 ὃν

288 2412 451 2468 εἶπόν
480 2430 587 2466 σοι.
622 2414 731 2465 Καὶ
774 2412 1062 2479 ἐνεφάνισε
1102 2409 1311 2478 Κύριος
1361 2406 1441 2476 τῷ
1480 2406 1689 2475 Μωῦσῇ
1717 2406 1877 2475 αἰτή-

290 2523 457 2559 σαντι
491 2507 623 2558 ἰδεῖν
655 2505 842 2567 αὑτὸν,
887 2503 955 2556 τὰ
1007 2501 1235 2556 ὀπίσθια
1279 2499 1469 2554 αὐτοῦ.
1517 2499 1626 2551 Καὶ
1673 2497 1878 2567 κατέϐη

290 2600 438 2667 πρκ
480 2598 576 2651 τὸν
629 2597 758 2650 λαὸν
805 2595 986 2660 αὖθις,
1041 2594 1137 2647 δύο
1186 2593 1404 2654 πλάκας
1457 2591 1876 2660 ἐπιφερόμενος,

286 2690 426 2751 τοὺς
474 2689 609 2741 δέκα
646 2686 842 2754 λόγους
899 2684 1323 2754 γεγραμμένους
1377 2680 1632 2751 ἐχούσαςο
1695 2683 1789 2734 καὶ
1846 2683 1880 2752 ἡ

288 2782 420 2849 θζιις
452 2779 552 2832 τοῦ
575 2778 874 2846 προσώπου
896 2775 1062 2830 αὑτοῦ
1103 2776 1319 2845 ὑπῆρχε
1351 2773 1741 2844 δεδοξασμένη.
1784 2775 1880 2826 καὶ

288 2875 399 2924 οὐκ
429 2871 667 2940 ἠδύνατο
693 2867 942 2922 ἀτενίσαι
994 2866 1148 2935 αύτῷ
1204 2869 1232 2919 6
1260 2865 1410 2931 λαὸς,
1452 2865 1548 2918 καὶ
1592 2864 1882 2935 περιέθετο

291 2964 573 3032 κάλυμμα
608 2960 741 3030 περὶ
796 2957 896 3029 τὴν
934 2957 1058 3027 όψιν
1098 2954 1289 3019 αὐτοῦ,
1347 2956 1443 3007 καὶ
1472 2952 1650 3015 οὕτως
1683 2952 1879 3023 ὡμίλει

291 3057 511 3117 αὐτοῖς.
544 3053 657 3106 Καὶ
686 3050 1027 3122 ἀπήγγειλεν
1058 3048 1242 3111 αὐτοῖς
1273 3046 1309 3101 ὃ.
1348 3046 1660 3099 ἐνετείλατο
1696 3048 1724 3098 6
1744 3044 1883 3108 Θεὸς

292 3148 433 3217 περί
465 3164 530 3199 τε
557 3144 764 3198 θυσιῶν
806 3144 902 3197 καὶ
950 3141 1287 3213 καθαρσίων,
1315 3140 1408 3193 καὶ
1454 3138 1608 3203 ζώων
1635 3138 1881 3208 ἀκαθάρ-

1986 1953 2060 2006 ita
2086 1968 2209 2007 cutn
2240 1954 2307 2008 iis
2339 1954 2694 2025 colloquens,
2731 1956 2987 2010 mandata
3026 1957 3121 2011 Dei
3154 1957 3222 2012 de
3247 1957 3551 2023 sacriﬁciis,

1984 2044 2048 2096 de
2073 2044 2517 2107 lustrationibus,
2555 2046 2623 2100 de
2644 2048 2975 2102 animalibus
3000 2048 3219 2101 mundis
3238 2058 3293 2102 et
3316 2048 3526 2102 immun
3552 2082 3556 2087 -

1982 2133 2089 2198 dis,
2128 2149 2368 2205 quorum
2417 2136 2505 2190 bis
2553 2138 2932 2203 abstinerent,
2978 2140 3088 2194 illis
3134 2140 3444 2201 alerentur,
3485 2139 3555 2194 de

1990 2226 2139 2280 coitu
2166 2227 2379 2288 illicito,
2398 2228 2466 2282 de
2484 2230 2851 2286 matrimoniis
2880 2231 3227 2286 sacerdotum
3250 2241 3306 2286 et
3332 2231 3553 2300 poutili~

1983 2319 2215 2383 cum,’de
2233 2318 2496 2386 Sabbato,
2510 2320 2577 2375 de
2593 2336 2738 2376 anno
2755 2322 2988 2391 septimo
3004 2333 3061 2378 et
3075 2322 3551 2393 quinquagesimo.

1983 2426 2146 2481 quem
2175 2412 2465 2467 Jubilaeum
2501 2425 2723 2474 vocant.
2748 2418 2993 2485 exponit.
3015 2417 3180 2472 Jubet
3204 2432 3371 2487 porro
3401 2418 3548 2471 Deus

1987 2501 2407 2558 tabernaculum
2441 2505 2558 2560 ﬁeri
2583 2545 2597 2567 ,
2632 2506 2686 2560 in
2712 2508 2857 2576 quod
2898 2508 3277 2569 descenderet,
3300 2510 3558 2579 quodque

1982 2607 2107 2646 cum
2140 2593 2221 2647 eis
2262 2595 2675 2651 discedentibus
2708 2598 3133 2654 transferretur:
3183 2600 3560 2656 dimensiones

1985 2694 2041 2739 et
2073 2686 2297 2755 ﬁguram
2326 2689 2444 2757 ejus
2479 2688 2610 2742 Mosi
2651 2690 3028 2754 demonstrat,
3070 2693 3373 2746 secundum
3421 2707 3559 2761 quas

1983 2774 2038 2829 id
2074 2776 2354 2832 fabricand
2368 2794 2453 2831 um
2480 2790 2645 2834 esset.
2685 2782 2927 2849 Populus
2958 2782 3028 2836 iis
3057 2783 3224 2837 rebus
3255 2784 3432 2849 laetus,
3458 2799 3561 2837 au-

1986 2882 2131 2932 rum,
2157 2879 2467 2939 argentum,
2502 2888 2765 2942 gemmas,
2789 2889 2887 2938 ms,
2912 2875 3079 2944 ligna,
3113 2876 3252 2945 pilos
3276 2876 3555 2945 caprinos,

1985 2955 2160 3023 pelles
2184 2958 2444 3021 arietant,
2472 2958 2644 3012 linum
2673 2968 2729 3015 et
2759 2960 2912 3014 lanas
2932 2961 3168 3015 confert.
3194 2960 3358 3031 Operi
3383 2962 3562 3016 taber-
3634 2975 3641 2983 ‘

1987 3047 2165 3101 naculi
2192 3049 2517 3104 conllciendi
2550 3052 2844 3120 praeﬁcitur
2873 3052 3140 3121 Beseleel,
3162 3053 3564 3122 Mariasororis

1984 3136 2150 3194 Mosis
2181 3140 2344 3207 ﬁlius,
2368 3150 2424 3197 et
2453 3142 2765 3213 Elipbatus.

290 3261 411 3297 των
435 3259 501 3296 τε
531 3242 626 3294 καὶ
655 3239 940 3311 καθαρῶν,
971 3238 1112 3292 ὥστε
1141 3235 1251 3290 τῶν
1276 3235 1377 3306 μὲν
1406 3234 1730 3304 ἀπέχεσθαι,
1762 3235 1875 3297 τοῖς
1911 3231 1968 3285 δὲ
2002 3234 2319 3306 τρέφεσθαι,
2347 3237 2475 3307 περί
2513 3255 2572 3291 τε
2599 3239 2802 3307 μίξεων
2823 3237 3100 3308 ἀθέσμων,
3162 3237 3257 3292 καὶ
3312 3237 3466 3296 τίνας
3495 3237 3545 3289 οἱ

294 3336 470 3405 ἱερεῖς
500 3337 582 3399 είς
612 3333 794 3403 γάμον
824 3333 1146 3401 ἀγάγονται,
1188 3329 1286 3381 καὶ
1334 3328 1452 3390 οἵας
1480 3326 1530 3379 οξ
1560 3325 1859 3396 ἀρχιερεῖς,
1901 3325 1997 3377 καὶ
2059 3328 2187 3397 περὶ
2252 3329 2558 3392 Σαϐϐάτου,
2610 3335 2704 3383 καὶ
2742 3330 2835 3384 τοῦ
2865 3332 3095 3402 ἑϐδόμου
3126 3329 3397 3395 ἐνιαυτοῦ,
3452 3330 3549 3382 καὶ

290 3432 397 3483 τοῦ
442 3425 849 3496 πεντηκοστοῦ,
905 3424 966 3477 ὃν
1003 3421 1321 3492 ’ἰωϐηλαῖον
1373 3417 1619 3472 καλοῦσι.
1660 3418 1767 3469 Καὶ
1798 3419 1881 3470 ὅτι
1920 3417 2234 3483 ἐπέταξενὸ
2271 3420 2404 3483 Θεὸς
2463 3420 2670 3492 σκηνὴν
2710 3422 2987 3490 γενέσθαι,
3013 3425 3094 3486 είς
3121 3422 3187 3493 ἦν
3235 3422 3303 3476 ἂν
3371 3439 3552 3490 παρα-

293 3525 532 3595 γίνοιτο,
592 3518 1048 3589 συνεπαγομένην
1090 3517 1276 3577 αὐτοῖς
1325 3514 1751 3583 μεταϐαίνουσι¹
1782 3513 1875 3565 καὶ
1941 3514 2117 3584 μέτρα
2182 3514 2282 3583 τῆς
2328 3516 2538 3588 σκηνῆς
2571 3517 2770 3584 ἔδειξεν
2801 3518 2973 3587 αύτῷ,
3045 3519 3142 3574 καὶ
3193 3520 3378 3589 σχῆμα
3428 3518 3562 3571 καθ’

294 3621 326 3672 ὃ
365 3620 433 3672 ἓν
458 3615 961 3682 κατασκευασθείη.
998 3614 1057 3667 '0
1080 3612 1138 3667 δὲ
1164 3613 1289 3676 λαὸς
1309 3611 1596 3682 χαίροντες
1626 3611 1719 3663 ἐπὶ
1751 3609 1988 3676 τούτοις,
2048 3613 2332 3682 προσῆγον
2398 3614 2601 3686 χρυσόν
2658 3632 2717 3668 τε
2761 3616 2857 3669 καὶ
2900 3615 3167 3687 ἄργυρον,
3241 3613 3338 3665 καὶ
3374 3610 3567 3669 λίθους

299 3711 528 3780 τιμίους
577 3710 676 3763 καὶ
708 3708 933 3779 χαλκὸν,
972 3707 1066 3760 καὶ
1099 3705 1256 3772 ξύλα,
1280 3704 1378 3757 καὶ
1443 3704 1639 3774 τρίχας
1675 3703 1916 3770 αίγείας,
1959 3703 2053 3754 καὶ
2115 3704 2358 3776 δέρματα
2387 3706 2580 3777 κριῶν,
2621 3709 2716 3762 καὶ
2758 3707 2925 3771 λίνον,
2987 3708 3082 3759 καὶ
3121 3705 3266 3776 ἔρια.
3303 3701 3558 3773 Ἀρχιτέε⁵

302 3821 514 3867 κτονας
545 3804 590 3857 δ’
619 3803 871 3874 ἐφίστησι
912 3800 1011 3872 τῆς
1045 3800 1276 3870 σκηνῆς,
1308 3799 1400 3852 τὸν
1443 3815 1503 3851 τε
1541 3798 1639 3866 τῆς
1671 3797 1909 3866 ἀδελφῆς
1948 3797 2112 3852 αὐτοῦ
2155 3804 2255 3872 τῆς
2314 3801 2551 3874 Μαριὰμ
2578 3805 2696 3857 υἱὸν
2724 3802 2816 3856 τὸν
2842 3800 3129 3869 Βεσελεὴλ,
3156 3799 3251 3852 καὶ
3282 3798 3374 3851 τὸν
3423 3797 3565 3850 Ἐλι-

304 3897 480 3967 φάτζ.

382 3993 500 4057 ις’.
528 3989 670 4058 Ἤδη
711 3988 769 4041 δὲ
812 3986 914 4057 τῆς
960 3988 1172 4057 σκηνῆς
1231 3985 1632 4056 εἰργασμένης,
1693 3984 1892 4053 ἔστησε

303 4082 519 4151 ταύτην
543 4084 574 4134 6
605 4082 871 4149 Μωῦσῆς.
900 4078 1175 4149 Είργαστο
1197 4078 1251 4130 δὲ
1283 4078 1378 4130 καὶ
1401 4076 1682 4149 ήκιϐωτὸς
1708 4077 1773 4129 ὲκ
1798 4076 1893 4141 ξύ-

305 4175 419 4226 λων
450 4173 744 4241 ἀσήπτων,
769 4169 1155 4239 ἁπανταχόθεν
1179 4169 1404 4240 χρυσίον
1426 4168 1889 4237 περιεκάλυπτον,

307 4262 347 4343 ᾖ
378 4267 479 4328 τὰς
514 4264 612 4317 δύο
667 4263 881 4325 πλάκας
929 4264 1200 4325 ἐνέθεντο,
1256 4265 1310 4313 at
1347 4261 1473 4323 τοὺς
1511 4260 1644 4312 δέκα
1700 4260 1897 4327 λόγους

311 4358 464 4429 ετχον
510 4357 1029 4428 ἐγγεγραμμένους.
1084 4350 1183 4408 Ὧν
1227 4358 1254 4409 6
1304 4354 1402 4426 μὲν
1457 4355 1697 4425 πρῶτος,
1762 4356 1898 4408 Ἕνα

312 4452 452 4504 Θεὸν
475 4446 618 4503 εἷναί
646 4466 804 4518 φησι,
836 4450 930 4501 καὶ
957 4447 1145 4501 τοῦτον
1176 4447 1337 4516 μόνον
1372 4445 1626 4498 σέϐεσθαι
1656 4444 1789 4502 δεῖν,
1838 4443 1896 4498 ὐ

311 4545 573 4614 δεύτερος
640 4542 718 4605 δὲ,
774 4539 1022 4610 Μηδενὸς
1068 4539 1254 4590 εἰκόνα
1301 4535 1442 4602 ζὼου
1509 4537 1705 4602 ποιεῖν,
1763 4526 1898 4606 μηδὲ

312 4636 670 4708 προσκυνεῖν.
704 4633 765 4686 '0
794 4634 1002 4703 τρίτος,
1032 4631 1162 4685 Ἐπὶ
1185 4630 1379 4700 μηδενὶ
1407 4628 1627 4700 ματαίῴ
1650 4629 1744 4683 τὸν
1764 4628 1898 4682 Θεὸν

313 4729 573 4799 ὀμνύναι.
618 4725 680 4779 '0
701 4725 988 4794 τέταρτος,
1012 4723 1127 4785 Τὰς
1174 4721 1479 4791 ἑϐδομάδας
1515 4721 1914 4792 παρατηρεῖν,

314 4819 775 4889 ἀναπαυομένους
803 4817 863 4882 ἐξ
896 4814 1058 4887 ἔργου
1111 4815 1333 4878 παντός.
1374 4813 1436 4866 Ὀ
1490 4813 1765 4883 πέμπτος,
1802 4813 1899 4864 Γοο

298 4914 435 4987 Ινεῖς
467 4912 661 4981 τιμᾷν.
696 4909 757 4962 '0
796 4907 981 4970 έκτος,
1033 4904 1201 4961 Φόνου
1257 4902 1586 4973 ἀπέχεσθαι.
1640 4902 1699 4955 ὐ
1751 4900 1901 4954 ἕϐδο-

324 5021 447 5076 μος,
473 5004 568 5063 Μὴ
605 4999 910 5071 μοιχεύειν.
948 4997 1010 5052 '0
1037 4996 1244 5067 ὄγδοος,
1272 4997 1365 5065 Μὴ
1405 4994 1684 5048 κλέπτειν.
1729 4993 1788 5048 '0
1817 4994 1901 5045 έν-

322 5113 510 5160 νατος,
560 5094 654 5164 Μὴ
695 5091 1193 5162 ψευδομαρτυρεῖν.
1253 5087 1311 5142 '0
1363 5087 1614 5151 δέκατος,
1652 5084 1900 5154 Μηδενδς

2073 3986 2210 4040 XVI.
2231 3982 2670 4038 Tabernaculum
2694 3982 2804 4051 jam
2836 3979 3146 4034 confectum
3177 3977 3355 4034 Moses
3380 3978 3565 4049 erigit.

1998 4078 2197 4133 Arcam
2219 4075 2382 4130 etiam
2430 4072 2717 4129 fabrefecit
2740 4088 2770 4128 e
2796 4071 2959 4142 lignis
2977 4087 3085 4125 non
3108 4071 3569 4141 putresrentibus.

1999 4167 2358 4227 circumcirca
2389 4165 2641 4219 inaurat:
2677 4164 2732 4218 in
2755 4178 2933 4233 eaque
2955 4161 3092 4216 duas
3116 4161 3347 4222 tabulas,
3371 4160 3573 4228 quibus

1999 4262 2296 4329 decalogus
2328 4255 2719 4312 continebatur
2743 4294 2758 4318 ,
2793 4253 3003 4308 condit.
3031 4251 3209 4306 Unum
3245 4265 3366 4305 esse
3400 4251 3571 4305 Deum

2000 4348 2266 4413 alﬁrmat,
2309 4359 2547 4414 eumque
2576 4344 2752 4397 solum
2784 4340 3096 4395 colendum.
3131 4340 3403 4399 Alterum,
3436 4340 3574 4393 Nul-

1998 4439 2107 4494 lius
2135 4437 2430 4492 animantis
2465 4434 2757 4504 imaginem
2798 4432 3101 4487 faciendam
3132 4441 3188 4485 et
3223 4430 3575 4486 adorandam

2000 4544 2143 4585 esse.
2176 4528 2452 4590 Tertium,
2481 4526 2586 4580 Per
2612 4524 2708 4579 Dei
2737 4538 2940 4578 nomen
2973 4522 3044 4576 ob
3070 4521 3276 4576 nullam
3306 4536 3419 4576 rem
3455 4521 3572 4576 ina-

2002 4636 2128 4677 nem
2176 4633 2298 4675 esse
2342 4616 2668 4689 iurandum.
2715 4614 3025 4683 Quartum,
3083 4614 3235 4668 Diem
3282 4615 3575 4682 septimum

2002 4710 2429 4773 observandum,
2480 4719 2647 4778 atque
2686 4707 2741 4762 in
2764 4707 2859 4762 illo
2901 4706 3051 4760 omni
3080 4720 3246 4775 opere
3298 4704 3582 4760 abstinen—

2002 4804 2154 4859 dum.
2184 4801 2473 4868 Quintum,
2500 4800 2762 4855 Parentes
2785 4796 3158 4853 honorandos.
3196 4795 3445 4858 Sextum,
3471 4794 3586 4849 Ca:-

2002 4902 2071 4951 de
2111 4892 2519 4949 abstinendum.
2575 4889 2924 4959 Septimum,
2971 4888 3091 4943 Non
3138 4885 3580 4942 adulterandum.

2000 4986 2265 5042 Octavum
2291 5025 2305 5045 .
2337 4982 2458 5038 Non
2488 4978 2805 5036 furandum.
2847 4979 3098 5043 Nonum,
3130 4977 3251 5032 Non
3281 4974 3579 5029 dicendum
3630 5012 3635 5015 .

2001 5094 2122 5134 esse
2148 5077 2342 5131 falsum
2384 5074 2784 5130 testimonium.
2814 5071 3131 5133 Decimum,
3165 5067 3306 5121 Nihil
3347 5066 3585 5120 alienum

326 5156 613 5257 ἀλλοτρίου
641 5156 987 5252 ’ἔπιθυμεῖιλ
1056 5156 1289 5247 ’Ταύτην
1344 5173 1440 5230 οὖν
1505 5177 1605 5247 τὴν
1666 5175 1886 5229 κιϐωτδκ

2004 5166 2502 5239 concupiscendum
2536 5179 2678 5219 esse.
2715 5167 2908 5218 Arcam
2958 5161 3099 5215 hanc
3125 5160 3179 5212 in
3217 5158 3378 5228 adyta
3422 5156 3589 5211 colli.-

331 5243 652 5347 εἰσάγουσιν
694 5276 779 5337 εἰς
841 5243 905 5325 τὸ
951 5270 1163 5326 ἄδυτον.
1207 5243 1298 5322 Ἕν
1350 5268 1407 5321 δὲ
1433 5267 1510 5337 τῷ
1556 5243 1667 5338 ναῷ
1692 5267 1884 5320 τιθέασ

2012 5270 2159 5325 cant,
2199 5260 2251 5313 in
2291 5258 2407 5312 :ede
2446 5270 2690 5311 mensam
2725 5260 2995 5316 statuunt,
3029 5259 3084 5305 et
3114 5251 3166 5304 in
3195 5264 3255 5303 ea
3292 5244 3458 5317 panes
3481 5259 3588 5297 non

331 5369 637 5443 τράπεζαν,
676 5367 774 5420 καὶ
808 5366 901 5418 ἐπὶ
938 5363 1145 5433 ταύτης
1173 5362 1374 5432 ἄρτους
1402 5357 1648 5429 ἀζύμους
1670 5357 1905 5422 δώδεκα,

336 5464 432 5515 καὶ
468 5460 698 5531 λυχνίαν
716 5455 949 5531 χρυσῆν,
972 5456 1067 5507 καὶ
1100 5452 1459 5525 θυμιατήριον
1489 5450 1702 5518 ξύλινον
1730 5450 1905 5514 ἐντὸς,

337 5553 540 5619 ἔξωθεν
563 5551 621 5605 δὲ
654 5549 866 5621 χρυσίῳ
892 5544 1463 5616 περικεκαλυμμένον.
1501 5542 1613 5596 Καὶ
1654 5541 1761 5613 προ
1810 5544 1909 5612 τῆς

2014 5355 2370 5408 fermentatos
2402 5346 2693 5403 duodecim
2722 5363 2734 5399 :
2765 5344 2875 5415 39
2902 5342 3293 5399 candelabrum
3332 5341 3458 5391 item
3489 5350 3586 5388 au-

2008 5459 2197 5508 reum,
2244 5450 2300 5497 et
2344 5454 2494 5496 aram
2555 5437 2877 5493 sullltoriaut
2923 5434 3259 5489 intrinsecus
3313 5430 3587 5496 ligneam,

2011 5537 2145 5593 loris
2185 5549 2321 5590 auro
2368 5533 2748 5586 incrustatam.
2799 5529 2941 5583 Ante
2976 5521 3388 5582 tabernaculum
3435 5532 3586 5571 aram

340 5613 549 5715 σκηνῆς
586 5613 776 5712 βαέξὶδν
834 5613 1090 5709 ίδρύσατο
1144 5613 1377 5700 ξύλινον,
1439 5633 1671 5704 χαλκαῖς
1724 5632 1885 5685 λεπίσ

2013 5627 2196 5698 posuit
2257 5625 2530 5694 ligneam,
2584 5621 2803 5674 laminis
2880 5617 3081 5672 ferreis
3144 5613 3591 5671 circumiectam,

340 5732 824 5807 περιεληλαμένον,
871 5722 934 5784 οὗ
966 5727 1225 5798 ἄντικρυς
1277 5724 1466 5794 φιάλαι
1520 5724 1614 5778 καὶ
1634 5722 1912 5794 κρατῆρες

343 5831 438 5886 σὺν
496 5828 747 5890 θυΐσκαις
789 5822 1051 5889 ἐτίθεντο,
1110 5822 1203 5875 καὶ
1248 5819 1383 5876 ἄλλα
1438 5817 1631 5889 σκεύη,
1681 5816 1718 5871 ἃ
1766 5815 1904 5886 πρὸς

2018 5723 2074 5777 in
2108 5734 2216 5789 qua
2243 5716 2439 5787 phialae
2466 5723 2521 5769 ct
2547 5724 2791 5768 crateres
2828 5724 2955 5766 cum
2999 5705 3206 5761 acerris
3250 5699 3587 5756 collocaban‘

2017 5822 2106 5868 tur
2133 5826 2146 5864 :
2176 5809 2392 5877 aliaque
2423 5819 2547 5861 vasa
2568 5846 2582 5869 ,
2613 5818 2733 5869 qua:
2765 5801 2832 5855 ad
2862 5797 3130 5854 sacriﬁcia
3201 5802 3388 5851 parata
3412 5800 3587 5852 erant.
