4042 6212
403 358 475 420 95
1656 354 1693 416 Ι
1699 351 1906 416 ΟΑΝΝ
1911 353 1985 413 IS

2078 349 2341 413 )NARIE
3603 341 3674 403 96

402 483 472 523 ex
494 479 632 521 auro
661 462 864 519 omnia.
890 464 1164 519 Parantur
1193 470 1251 519 et
1279 458 1662 521 sacerdotibus
1695 479 1760 519 ac
1797 462 1983 534 ponti-

2094 459 2413 534 ἱερουργίαν
2460 456 2786 531 ἡτοίμαστο,
2833 453 3045 527 χρύσεα
3081 453 3283 509 πάντα.
3324 454 3577 513 Γίνονται
3618 457 3677 511 δὲ

405 560 492 614 ﬁci
513 559 677 613 etiam
703 556 875 612 stolae.
906 555 1230 612 Pontiﬁcem
1266 566 1452 613 autem
1475 555 1748 612 Aaronem
1772 570 1983 611 renun-

2085 552 2179 605 καὶ
2208 554 2321 614 τοῖς
2342 550 2546 623 ἱερεῦσι
2565 549 2777 617 στολαὶ,
2804 547 2944 602 ἀλλὰ
2976 546 3163 617 μέντοι
3179 546 3276 603 καὶ
3299 545 3377 619 τῷ
3401 548 3675 620 ἀρχιερεῖ.

404 653 569 709 tiarat
598 651 767 706 Deus.
807 651 946 705 Tum
982 652 1159 707 Moses
1192 650 1396 721 populo
1426 659 1728 706 convocato
1762 666 1777 705 :
1827 647 1940 703 Viri
1965 690 1981 716 ,

2097 645 2389 717 Ἀρχιερέα
2416 644 2475 699 δὲ
2500 646 2528 698 ὁ
2560 643 2695 709 Θεὸς
2756 644 2849 697 τὸν
2905 639 3122 713 Ἀαρὼν
3168 640 3495 713 ἐψηφίσατο.
3544 643 3679 695 Συνο

403 743 604 815 inquit,
632 760 761 814 Opus
793 742 1092 799 absolutum
1136 750 1240 808 est,
1279 741 1624 810 sacriﬁcandi
1672 750 1849 796 autem
1891 742 1987 796 ho-

2086 739 2346 809 αθροίσας
2376 736 2433 791 δὲ
2475 739 2535 792 τὺ
2567 737 2771 808 πλῆθος
2795 738 2823 790 ὀ
2855 737 3121 807 Μωῦσῆς,
3152 735 3418 804 Ἄνδρες,
3446 736 3574 808 ἔφη,
3606 738 3673 792 τὸ

406 852 534 892 nare
577 838 846 891 Aaronem
876 835 1131 906 dignatur
1163 835 1321 889 Deus.
1351 834 1556 889 Deinde
1585 834 1840 893 conferre
1868 834 1984 888 sin-

2084 833 2200 904 μὲν
2221 833 2400 904 ἔργον
2431 835 2800 898 τετέλεσται,
2828 831 2939 901 τῆς
2964 832 3033 886 δὲ
3057 831 3166 885 τοῦ
3196 830 3463 899 ἱερᾶσθαι
3502 831 3680 898 τιμῆς

414 929 571 998 gulos
596 928 755 998 jubet
790 926 920 983 Sicli
952 928 1272 992 semissem,
1312 927 1379 983 ad
1413 928 1752 983 tabernaculi
1816 928 1987 983 mini-

2087 930 2121 982 ὁ
2145 926 2288 994 Θεὸς
2316 927 2426 980 τὸν
2462 926 2681 994 Ἀαρὼν
2726 925 2906 990 ἀξιοῖ.
2944 924 3262 996 Προσέταξε
3315 925 3372 978 δὲ
3407 926 3676 994 Μωῡσῆς,

406 1020 576 1075 steria
602 1018 984 1075 sustentanda.
1004 1019 1102 1075 Est
1129 1028 1312 1073 autem
1350 1018 1559 1083 Siclus,
1594 1018 1849 1074 Hebraici
1879 1035 1986 1074 nu-

2087 1023 2360 1094 είσφέρειν
2381 1021 2615 1075 ἕκαστον
2645 1021 2838 1075 Σίκλου
2873 1024 2932 1075 τὸ
2953 1021 3151 1092 ἥμισυ,
3187 1020 3360 1084 ἵν’·είς
3388 1023 3487 1083 τὰς
3548 1022 3681 1092 περὶ

409 1110 681 1166 mismatis
722 1125 897 1180 genus
924 1149 941 1176 ,
980 1110 1129 1180 quod
1168 1118 1404 1180 quatuor
1451 1110 1739 1171 dracbnias
1778 1111 1988 1168 Atticas

2087 1114 2185 1186 τὴν
2237 1114 2444 1188 σκηνὴν
2492 1113 2687 1186 χρείας
2752 1113 2839 1185 εἴη
2894 1113 3184 1184 ἀνάλωμα.
3253 1111 3312 1167 Ὀ
3369 1111 3427 1165 δὲ
3483 1112 3678 1177 Σεκλος

407 1202 575 1261 valet.
613 1202 891 1261 Numerus
921 1217 1113 1257 eorum
1150 1203 1246 1273 qui
1280 1201 1640 1257 conferebant
1669 1245 1681 1268 ,
1715 1202 1819 1257 fuit
1857 1218 1982 1258 sex-

2098 1209 2370 1279 Ἐὄραίων
2400 1208 2518 1261 ἐστι
2573 1206 2840 1277 νόμισμα,
2887 1205 3148 1270 ’Δττικὰς
3202 1204 3493 1276 δεχόμενον
3544 1204 3680 1273 δρα-

409 1302 729 1360 centorum,
783 1294 1029 1365 quinque
1095 1293 1370 1359 millium,
1432 1294 1859 1364 quingentorum
1931 1303 1989 1349 et

2088 1300 2235 1372 χμὰς
2268 1303 2565 1371 τέσσαρας.
2604 1300 2676 1353 Τὸ
2712 1300 2770 1352 δὲ
2809 1299 3017 1368 πλῆθος
3046 1299 3157 1353 τῶν
3189 1299 3559 1370 είσφερόντων
3611 1294 3682 1366 ἦν

409 1386 845 1457 quinquaginta:
880 1402 1007 1441 cum
1031 1401 1097 1442 ex
1124 1386 1376 1457 ingenuis
1408 1387 1443 1440 ii
1479 1387 1743 1441 duntaxat
1766 1386 1986 1442 confer--

2092 1392 2353 1463 μυριάδες
2390 1391 2658 1462 ἐξήκοντα
2705 1393 2801 1444 καὶ
2841 1391 3276 1462 πεντακισχίλιοι
3329 1391 3684 1445 πεντακόσιοι

409 1486 557 1542 rent,
592 1478 687 1547 qui
721 1478 1043 1533 vicesimum
1072 1492 1275 1530 annum
1307 1478 1696 1542 excessissent,
1720 1494 1894 1548 usque
1918 1481 1985 1532 ad

2089 1486 2448 1556 πεντήκοντα.
2489 1483 2602 1554 Τὴν
2634 1482 2680 1536 δ’
2711 1484 2976 1553 εἰσφορὰν
3014 1480 3301 1539 ἐποιοῦντο
3325 1483 3436 1535 τῶν
3466 1481 3685 1539 ἐλευθέ-

411 1568 955 1639 quinquagesimum.
1043 1568 1369 1624 Confectum
1422 1577 1508 1623 est
1568 1569 1986 1624 tabernaculum

2092 1597 2198 1649 ρων
2227 1580 2276 1631 οί
2304 1578 2393 1631 τὸν
2417 1577 2664 1631 εἰκοστὸν
2695 1576 3040 1646 ὑπερϐάντες
3080 1577 3349 1639 ἐνιαυτὸν,
3395 1578 3524 1647 ἄχρι
3548 1593 3684 1628 πεν-

411 1660 699 1716 mensibus
731 1670 964 1728 septem.
1017 1660 1272 1716 Ostendit
1315 1668 1500 1715 autem
1541 1661 1686 1716 Deus
1713 1661 1986 1717 descensu

2088 1672 2379 1742 τηκοστοῦ.
2426 1671 2693 1741 Ἐποιήθη
2721 1670 2778 1723 δὲ
2810 1673 2845 1741 ἡ
2874 1669 3052 1741 σκηνὴ
3080 1670 3246 1741 μησὶν
3273 1668 3435 1724 ἑπτά.
3468 1668 3683 1734 Ἐδειξε

413 1751 472 1811 in
499 1750 917 1806 tabernaculum
943 1767 1044 1807 suo
1065 1793 1081 1818 ,
1120 1751 1173 1807 id
1200 1766 1342 1822 opus
1370 1767 1438 1806 ex
1461 1751 1627 1806 animi
1655 1752 1737 1806 sui
1766 1759 1987 1807 senten-

2094 1763 2152 1817 δὲ
2178 1766 2205 1817 ὀ
2233 1762 2364 1827 Θεὸς
2395 1764 2539 1816 κατὰ
2564 1761 2795 1832 γνώμην
2825 1761 2992 1816 αὐτοῦ
3041 1762 3100 1815 τὸ
3148 1761 3308 1832 ἔργον
3363 1760 3681 1830 γενόμενον,

414 1844 489 1905 tia
516 1836 829 1901 coniectum
857 1860 1001 1901 esse.
1048 1846 1400 1902 Praesentiam
1463 1860 1629 1917 porro
1692 1861 1845 1900 suam
1917 1845 1992 1901 ita

2098 1856 2475 1929 παρουσιάσας
2499 1857 2558 1909 ὲν
2598 1858 2664 1927 τῇ
2693 1858 2889 1927 σκηνῇ.
2945 1853 3104 1910 Οὕτω
3134 1854 3192 1907 δὲ
3219 1853 3320 1925 τὴν
3379 1852 3689 1924 παρουσίαν

414 1934 735 1991 declaravit.
800 1934 978 2006 Vapor
1028 1937 1129 1990 soli
1186 1937 1545 1990 tabernacqu
1604 1935 1991 2001 incumbebat,

2097 1948 2387 2019 ἐδήλωσεν.
2436 1947 2629 2019 Ἀχλὺς
2660 1949 2803 2021 ὑπὲρ
2832 1948 2932 2018 τὴν
2976 1947 3183 2016 σκηνὴν
3220 1945 3391 2017 μόνην
3439 1944 3685 2012 ἐγένετο,

414 2041 596 2094 neque
652 2025 857 2081 densus
929 2036 986 2081 et
1055 2027 1364 2089 involutus,
1429 2042 1494 2080 ac
1554 2026 1793 2081 nubibus
1838 2027 1989 2079 simi-

2098 2041 2223 2095 οὒτε
2262 2042 2457 2113 βαθεία
2486 2043 2581 2096 καὶ
2613 2039 3107 2113 συμπεπιλημένη,
3126 2041 3223 2094 καὶ
3245 2035 3465 2107 νέφεσιν
3520 2040 3694 2107 ἐμφε-

415 2117 505 2187 ίίε,
549 2134 730 2192 neque
787 2120 1016 2178 omnino
1071 2120 1253 2175 tenuis
1280 2130 1337 2175 et
1371 2135 1563 2183 rarus,
1596 2132 1657 2173 ut
1679 2128 1997 2189 penetraret

2100 2135 2220 2207 ρὴς,
2249 2135 2372 2190 οὔτε
2407 2135 2548 2189 πάνυ
2574 2135 2745 2204 λεπτή
2798 2152 2857 2188 τε
2889 2133 2986 2188 καὶ
3014 2132 3211 2202 ἀραιὰ,
3263 2130 3342 2195 ὡς
3398 2130 3469 2189 δι’
3509 2130 3684 2197 αὐτῆς

415 2219 569 2273 visus
588 2257 603 2281 ,
633 2216 729 2273 sed
760 2215 945 2271 suavis
970 2213 1098 2270 inde
1123 2229 1213 2269 ros
1236 2212 1567 2267 destillabat.
1596 2213 1773 2267 Moses
1799 2211 1998 2267 diebus

2099 2227 2420 2282 διικνεῖσθαι
2457 2226 2558 2296 τὴν
2592 2228 2784 2299 ὅρασιν
2813 2241 2829 2257 σ
2868 2225 3025 2297 ἡδεῖα
3057 2223 3112 2279 δὲ
3153 2223 3251 2278 ἀπ’
3299 2221 3474 2292 αὐτῆς
3531 2220 3687 2291 ἔρρει

417 2319 628 2379 septem
660 2310 712 2362 in
748 2308 1102 2363 tabernaculo
1132 2309 1237 2362 sub
1269 2305 1360 2360 dio
1398 2304 1693 2360 sacriﬁcat.
1741 2302 1949 2358 Octavo
1981 2346 1996 2370 ,

2099 2321 2310 2393 δρόσος.
2345 2321 2588 2389 Μωῦσῆς
2614 2320 2671 2373 δὲ
2704 2320 2895 2373 ἔθυσεν
2930 2320 2989 2372 ὲν
3017 2316 3097 2389 τῷ
3122 2317 3226 2386 τῆς
3254 2318 3463 2387 σκηνῆς
3491 2314 3693 2383 αἰθρίῳ

417 2400 617 2454 festum
653 2398 849 2457 indicit
884 2399 1087 2468 pepnlo
1110 2437 1124 2460 ,
1156 2409 1213 2451 et
1245 2397 1420 2451 sacris
1456 2396 1674 2464 operari
1707 2393 1887 2465 jubet.
1930 2395 2000 2449 At

2105 2412 2218 2481 (39)
2249 2412 2334 2482 ἐφ’
2367 2413 2581 2485 ἡμέρας
2618 2412 2781 2475 ἑπτὰ,
2812 2413 2877 2482 τῇ
2913 2410 2971 2463 δὲ
3023 2410 3194 2483 ὀγδόῃ
3227 2407 3420 2478 ἑορτὴν
3454 2405 3692 2476 ἐκήρυξε

419 2490 500 2545 illi
539 2501 752 2547 certare
810 2491 954 2545 inter
1011 2504 1134 2543 sese
1176 2489 1532 2544 liberalitate.
1584 2486 1835 2541 Victimis
1886 2487 1996 2556 jam

2102 2506 2180 2576 τῷ
2218 2504 2356 2575 λαῷ,
2386 2507 2481 2559 καὶ
2510 2504 2661 2557 θύειν
2690 2502 2980 2568 ἐπέταξεν.
3013 2502 3076 2554 Οί
3112 2501 3170 2554 δὲ
3214 2500 3468 2572 ἀλλήλοις
3526 2496 3698 2568 ἡμιλ-

420 2598 528 2641 arze
564 2583 836 2653 impositis
858 2626 870 2642 .
904 2581 1046 2652 ignis
1083 2590 1280 2651 sponte
1314 2597 1412 2636 sua
1441 2589 1623 2643 ortus,
1658 2580 1846 2633 omnia
1880 2594 2002 2649 qua:

2103 2597 2294 2650 λῶντο.
2341 2596 2741 2664 Ἐπικειμένων
2787 2595 2845 2647 δὲ
2878 2593 2987 2646 τῶν
3024 2592 3189 2663 ἱερῶν
3242 2590 3322 2662 τῷ
3358 2589 3550 2660 βωμῷ,
3577 2588 3692 2660 πῦρ

421 2675 479 2731 in
512 2675 604 2731 illa
634 2685 817 2739 erant,
851 2674 1151 2729 consumit.
1185 2674 1337 2735 Post,
1368 2682 1607 2742 quatuor
1637 2672 1873 2725 filiorum
1900 2673 2005 2723 Aa-

2106 2686 2328 2756 ἀνὴφθη
2348 2664 2679 2755 αὐτόματον,
2704 2685 2797 2736 καὶ
2824 2685 3003 2736 πάντα
3030 2684 3100 2735 τὰ
3129 2682 3224 2734 ἐπὶ
3244 2680 3339 2735 τοῦ
3361 2676 3549 2750 βωμοῦ
3575 2678 3688 2732 ἑδα-

420 2765 579 2823 ronis
614 2774 746 2821 natu
770 2765 1112 2835 grandiores,
1144 2764 1403 2819 Nadabus
1423 2774 1479 2817 et
1502 2764 1673 2817 Abius
1694 2764 1869 2818 sacris
1898 2778 2002 2816 non

2109 2779 2377 2848 πάνησεν.
2432 2778 2495 2829 Οἱ
2553 2777 2609 2829 δὲ
2650 2774 3020 2847 πρεσϐύτεροι
3073 2774 3184 2827 τῶν
3233 2774 3518 2842 τεσσάρων
3563 2770 3698 2823 υἱῶν

424 2857 531 2912 rite
582 2857 743 2912 factis
767 2897 782 2918 .
818 2866 1051 2927 pectora
1083 2868 1138 2912 et
1172 2857 1342 2911 facies
1370 2898 1383 2917 ,
1419 2856 1531 2925 igni
1579 2858 1724 2910 ultro
1767 2864 1961 2909 exorto
1987 2894 2002 2919 ,

2121 2868 2356 2940 ‘Aapc‘ov,
2404 2868 2594 2922 Ναδὲςὸ
2627 2864 2931 2921 καὶἈῦιοὺ
2979 2866 3133 2935 παρὰ
3183 2864 3251 2918 τὰ
3295 2864 3700 2933 διατεταγμένα

425 2946 644 3003 adusti:
696 2947 965 3002 cadavera
1014 2964 1207 3003 eorum
1260 2957 1419 3001 extra
1453 2949 1627 3012 elata,
1668 2957 1723 3001 et
1769 2947 2004 3015 sepulta.

2113 2961 2402 3024 θύσαντες,
2431 2959 2853 3031 κατεκαύθησαν
2878 2958 2947 3013 τὰ
2978 2960 3181 3028 στέρνα
3211 2974 3269 3011 τε
3300 2956 3398 3011 καὶ
3428 2957 3495 3011 τὰ
3520 2955 3698 3027 πρόσ-

421 3030 638 3101 Dehinc
669 3042 845 3096 Moses
885 3041 1087 3097 tribum
1142 3041 1439 3096 Leviticam
1481 3044 1549 3095 ab
1583 3043 1704 3095 aliis
1740 3051 2007 3095 secretam

2110 3068 2259 3116 ωπα,
2300 3052 2471 3122 πυρὸς
2499 3050 2827 3118 ἐξαφθέντες
2856 3049 3197 3119 αὐτομάτου,
3245 3049 3340 3101 καὶ
3397 3048 3702 3116 φλέξαντος

429 3133 674 3190 lustrat:
706 3134 896 3204 eisque
934 3134 1350 3187 tabernaculum
1386 3145 1441 3186 et
1474 3149 1625 3187 sacra
1654 3149 1780 3186 vasa
1820 3133 2004 3198 tradit,

2115 3139 2313 3200 αὐτούς
2345 3156 2358 3170 ·
2394 3133 2469 3192 ὧν
2500 3140 2568 3192 τὰ
2605 3138 2838 3208 σώματα
2874 3137 2980 3202 ἔξω
3008 3138 3110 3208 τῆς
3145 3138 3501 3209 παρεμϐολῆς
3536 3154 3704 3207 κομι-

428 3228 904 3283 utsaccrdotibus
944 3227 1016 3281 ad
1049 3227 1431 3296 pratscriptum
1481 3242 1675 3281 eorum
1725 3225 2009 3280 ministra-

2113 3231 2332 3293 σθέντα,
2365 3231 2665 3304 ἐτάφησαν.
2697 3232 2807 3303 Τὴν
2830 3230 2886 3283 δὲ
2915 3230 3090 3302 φυλὴν
3115 3230 3210 3285 τοῦ
3234 3229 3367 3284 Λευτ
3390 3230 3501 3284 τῶν
3523 3230 3705 3284 ἄλλων

429 3333 575 3376 rent.
614 3320 712 3376 llis
754 3321 997 3390 peractis
1023 3360 1037 3385 ,
1088 3335 1382 3374 numerare
1414 3320 1679 3389 populum
1718 3318 2006 3374 instituit:

2113 3325 2396 3397 διακρίνας
2433 3325 2650 3395 ἥγνισε,
2684 3325 2781 3379 καὶ
2812 3326 3137 3397 παρέδωκεν
3169 3324 3360 3387 αὐτοῖς
3407 3321 3508 3393 τὴν
3566 3339 3709 3392 σκηο

430 3413 753 3483 inventique
800 3422 958 3475 sunt,
1005 3414 1100 3483 qui
1132 3428 1283 3466 arma
1312 3412 1454 3466 ferre
1490 3420 1743 3481 possent,
1781 3425 2014 3465 sexcen-

2112 3416 2230 3486 νὴν,
2267 3418 2362 3469 καὶ
2387 3417 2455 3470 τὰ
2492 3419 2663 3488 σκεύη
2697 3418 2764 3470 τὲ
2818 3418 2957 3489 ἱερὰ,
3020 3419 3110 3473 ἴνα
3154 3417 3230 3483 ὡς
3285 3416 3605 3487 ὑφηγῶνται
3653 3417 3707 3468 οἱ

430 3502 536 3556 tics
569 3501 716 3557 mille
737 3540 752 3564 ,
785 3510 867 3554 ter
899 3501 1047 3556 mille
1078 3502 1324 3555 θιιχιῑρηιί
1342 3512 1396 3555 et
1421 3502 1818 3570 quinquaginta
1842 3516 1909 3555 ex
1937 3500 2004 3555 iis

2116 3510 2305 3581 ἱερεῖς,
2334 3511 2688 3580 ὑπηρετῶσιν
2714 3511 2889 3567 αὐτοί.
2949 3510 3105 3567 Μετὰ
3163 3508 3341 3563 ταῦτα
3394 3507 3706 3579 ἀριθμῆσαι

434 3596 527 3665 qui
564 3611 770 3651 annum
799 3595 1124 3651 vicesimum
1150 3605 1505 3676 excesserant
1531 3634 1543 3655 ,
1580 3603 1635 3648 et
1664 3595 2013 3663 quinquage-

2113 3600 2308 3669 διέγνω
2345 3602 2436 3654 τὸν
2465 3603 2613 3667 λαὸν,
2653 3607 2747 3656 καὶ
2803 3604 3115 3675 εὑρέθησαν
3160 3605 3269 3658 τῶν
3317 3604 3466 3658 ὅπλα
3515 3601 3709 3672 φέρειν

433 3688 634 3743 simum
666 3688 983 3757 attigerant.
1023 3688 1127 3742 Pro
1162 3689 1308 3742 tribu
1340 3697 1525 3742 autem
1581 3687 1821 3747 Levitica
1860 3686 2014 3741 lose-

2114 3693 2431 3761 δυναμένων
2467 3695 2728 3765 μυριάδες
2755 3695 3047 3763 ἑξήκοντα,
3077 3695 3172 3752 καὶ
3200 3694 3515 3765 τρισχίλιοι,
3567 3692 3710 3762 πρὸς

433 3781 527 3850 pbi
556 3782 699 3837 ﬁlios
723 3781 1085 3851 prraimum
1119 3791 1175 3835 et
1208 3781 1512 3835 Mana‘ssem
1543 3779 1782 3833 tribunis
1807 3778 2017 3832 substi-

2116 3781 2426 3846 ἑξακοσίοις
2452 3786 2545 3838 καὶ
2581 3786 2943 3856 πεντήκοντα.
2969 3780 3133 3839 Οὗτοι
3155 3785 3199 3838 δ’
3216 3783 3358 3854 ἦσαν
3378 3786 3427 3837 oi
3453 3785 3544 3837 τὸν
3565 3784 3711 3835 εἰκο-

434 3872 582 3935 tuit,
632 3874 942 3927 secundum
992 3873 1313 3927 mandatum
1372 3872 1744 3942 progenitoris
1798 3871 2013 3927 Jacobi.

2116 3874 2243 3925 στὸν
2269 3874 2612 3944 ὑπερϐάντες
2640 3878 2910 3943 ἐνιαυτὸν,
2935 3878 3032 3937 καὶ
3055 3878 3184 3948 ἄχρι
3210 3880 3307 3933 τοῦ
3333 3872 3710 3947 πεντηκοστοῦ

436 3964 755 4019 Levitarum
807 3981 974 4034 porro
1006 3980 1272 4019 numerus
1297 3964 1407 4036 ω
1434 3965 1691 4017 inventus
1724 3970 1810 4018 est
1844 3966 2012 4017 trium

2118 3963 2441 4031 ἑφθακότες.
2460 3965 2608 4018 Ἀντί
2636 3966 2692 4019 δὲ
2714 3967 2814 4037 τῆς
2843 3968 3139 4036 Λευῖτικῆς
3168 3967 3345 4037 φυλῆς
3368 3970 3480 4029 τοῖς
3503 3966 3714 4037 Φυλάρ-

436 4070 494 4116 et
526 4062 717 4131 viginti
745 4062 1000 4122 millium.
1038 4061 1483 4131 octingentorum
1522 4071 1577 4116 et
1610 4063 1913 4132 octoginta.

2118 4079 2230 4132 χοις
2260 4061 2561 4124 κατέλεξαν
2595 4062 2724 4126 τοὺς
2756 4063 2953 4123 παῖδας
2984 4062 3077 4117 τοῦ
3118 4063 3341 4133 Ἰωσὴφ,
3369 4061 3464 4115 τὸν
3481 4063 3714 4116 Μανασ-

440 4156 539 4225 σῆν
579 4157 672 4209 καὶ
744 4156 834 4209 τὸν
875 4154 1134 4226 Ἐφραῒμ,
1198 4156 1341 4211 κατὰ
1379 4155 1477 4225 τὴν
1515 4154 1780 4222 διαταγὴν
1848 4153 1941 4206 τοῦ
1992 4154 2340 4224 προπάτορος
2416 4151 2639 4206 Ἰακὼϐ.
2681 4152 2746 4204 Οἱ
2800 4152 2858 4204 δέ
2908 4169 2974 4222 γε
3013 4152 3243 4206 Λευῖται
3276 4149 3559 4223 δισμύριοι
3619 4151 3720 4204 καὶ⁵
3776 4163 3780 4166 ‘

439 4248 729 4318 τρισχίλιοι
800 4247 1202 4317 ἁριθμηθέντες
1275 4244 1609 4315 εὑρέθησαν,
1663 4244 1800 4313 πρὸς
1856 4244 2202 4305 ὀκτακοσίοις
2234 4242 2331 4296 καὶ
2362 4243 2722 4314 ὀγδοήκοντα.

509 4343 677 4398 XVII.
709 4344 843 4399 Post
864 4343 981 4398 haec
1009 4344 1247 4413 p0pulus
1277 4340 1606 4396 seditionem
1639 4339 1773 4393 Mosi
1812 4346 2015 4404 movet,
2053 4345 2096 4405 Ι)

2197 4338 2307 4395 IZ'.
2339 4337 2473 4393 Εἶτα
2500 4338 2783 4403 στασιάζει
2813 4338 2874 4392 τὸ
2903 4338 3108 4409 πλῆθος
3139 4339 3231 4393 τὸν
3258 4339 3502 4410 Μωῦσῆν
3529 4340 3720 4395 αἰτιώ-

441 4452 788 4506 conquerens
816 4452 874 4491 se
905 4453 935 4491 e
972 4437 1111 4490 bona
1169 4451 1314 4491 terra
1369 4435 1425 4489 in
1475 4433 1716 4489 desertis
1753 4434 2020 4488 oberrare

2128 4452 2310 4506 μενον,
2334 4436 2418 4488 ὅτι
2447 4436 2550 4506 γῆς
2579 4437 2794 4506 ἀγαθῆς
2829 4437 3029 4498 αὐτοὺς
3060 4436 3402 4506 ἀποστήσας,
3428 4438 3485 4488 ἐν
3523 4435 3720 4505 ἐρήμῳ

442 4542 667 4584 coactos
701 4530 769 4583 ab
799 4545 890 4583 eo.
920 4530 1107 4598 itaque
1141 4546 1207 4583 ex
1230 4545 1296 4583 eo
1325 4529 1447 4583 loco
1479 4529 1534 4582 in
1564 4538 1765 4582 terram
1796 4544 1894 4584 eos
1915 4528 2018 4583 du-
2126 4526 2801 4585 πλανᾶσθαιτιεποίηκεν.
2847 4526 3171 4596 Ἀναγαγὼν
3221 4528 3279 4581 δὲ
3337 4530 3538 4590 αὐτοὺς
3574 4528 3723 4581 tusi.

445 4625 543 4685 cit,
582 4637 704 4691 qua:
731 4621 902 4675 Vallis
925 4621 1233 4682 dicebatur,
1255 4620 1580 4674 Chananaxe
1606 4628 1767 4674 terrae
1799 4621 2027 4691 propin-

2127 4619 2220 4671 θεν
2246 4620 2325 4682 είς
2357 4617 2457 4693 τὴν
2504 4620 2851 4690 καλουμένην
2912 4620 3203 4692 Φάραγγα,
3267 4622 3498 4690 πλησίον
3550 4619 3723 4674 οὖσαν

446 4731 610 4785 quam
631 4732 646 4770 :
666 4724 720 4769 et
750 4714 994 4782 singulos
1021 4728 1088 4766 ex
1114 4713 1361 4783 qualibet
1390 4713 1535 4767 tribu
1569 4712 1830 4773 delectos.
1859 4714 2029 4769 mittit

2127 4710 2225 4779 τῆς
2256 4708 2581 4763 Χαναναίων
2612 4709 2735 4779 γῆς,
2772 4710 2828 4774 ἐξ
2855 4711 3098 4782 ἑκάστης
3152 4710 3329 4783 φυλῆς
3363 4710 3462 4769 ἕνα
3513 4710 3722 4781 λαϐὼν,

447 4808 792 4875 exploratum
809 4804 957 4860 vires
987 4804 1448 4868 Cbananmorum,
1476 4804 1659 4874 etagri
1687 4804 2028 4873 qualitatem.

2131 4802 2657 4873 κατασκοπὴσοντας
2688 4801 2897 4858 ἔστειλε
2925 4805 3027 4876 τήν
3052 4823 3111 4858 τε
3135 4804 3379 4875 δύναμιν
3402 4804 3515 4858 τῶν
3546 4805 3725 4861 Χαναο

451 4900 519 4954 1Ιί
551 4900 917 4972 quadraginta
953 4898 1151 4953 diebus
1195 4896 1419 4967 regione
1472 4905 1757 4967 peragrata
1783 4936 1798 4960 ,
1844 4910 2033 4948 rever-

2135 4892 2327 4957 ναίων,
2349 4893 2445 4947 xui.
2461 4893 2562 4963 τῆς
2581 4893 2683 4964 γῆς
2705 4894 2806 4965 τὴν
2831 4896 3094 4965 ποιότητα
3123 4897 3262 4968 (ιο).
3283 4897 3347 4951 Οί
3372 4896 3428 4949 δὲ
3447 4895 3723 4964 τεσσαρά-

454 5002 670 5056 tuntur,
722 4994 938 5047 fructus
966 4991 1130 5046 etiam
1159 5006 1226 5045 ex
1258 5005 1322 5043 ea
1352 5004 1538 5044 secum
1572 4988 1871 5043 afferentes
1903 5003 1916 5038 :
1971 5002 2036 5041 ac

2131 5002 2299 5039 κοντα
2331 4985 2570 5058 ἡμέραις
2613 4987 2915 5051 διελθόντες
2976 4989 3076 5058 τὴν
3128 4991 3254 5061 γῆν,
3317 4988 3726 5061 ὕπενόστησαν,

454 5098 616 5142 terra:
639 5085 861 5156 quidem
884 5084 1185 5139 bonitatem
1208 5082 1454 5149 laudant,
1490 5082 1584 5137 sed
1609 5080 1809 5152 popqu
1830 5088 2035 5134 metum

2136 5084 2233 5131 καὶ
2263 5080 2517 5150 καρποὺς
2553 5080 2618 5132 ἐκ
2653 5078 2756 5147 τῆς
2806 5082 2910 5149 γῆς
2958 5081 3178 5152 ἐκείνης
3236 5080 3580 5151 κομίζοντες,
3625 5084 3726 5135 καὶ

456 5181 732 5252 injiciunt,
764 5178 920 5249 quasi
947 5178 1179 5232 obtineri
1215 5186 1473 5247 nequeat,
1509 5186 1623 5230 tum
1649 5176 1718 5228 ob
1748 5173 2038 5227 ﬂuminum

2143 5171 2241 5243 τὴν
2273 5172 2371 5241 μὲν
2403 5170 2588 5242 χώραν
2618 5170 2857 5243 ἐπῄνουν
2907 5171 2985 5236 ὡς
3047 5172 3288 5243 ἀγαθὴν,
3316 5173 3378 5225 τὸ
3407 5172 3462 5227 δὲ
3514 5171 3727 5243 πλῆθος

457 5271 918 5346 magnitudinem,
956 5279 1070 5324 tum
1116 5270 1187 5325 ob
1221 5269 1390 5323 ardua
1439 5269 1566 5338 juga
1607 5267 1899 5326 montium,
1932 5275 2044 5320 tum

2144 5262 2376 5333 ἐφόϐουν
2406 5262 2482 5325 ὡς
2519 5260 2687 5331 οὔσης
2717 5265 2926 5337 ἀπόρου
2961 5265 3061 5334 τῆς
3098 5266 3272 5335 αὐτῆς
3312 5265 3727 5334 κατασχέσεως,

458 5373 531 5427 ob
581 5370 747 5425 urbes
789 5364 1206 5421 munitissimus.
1235 5363 1346 5417 Hoc
1379 5363 1573 5417 nuntio
1603 5376 1795 5415 rursus
1829 5358 2051 5416 irritan-

2146 5358 2234 5412 διά
2263 5374 2323 5409 τε
2356 5354 2622 5426 ποταμῶν
2652 5358 2882 5432 μεγέθη,
2916 5362 3011 5415 καὶ
3062 5358 3208 5428 ὀρῶν
3256 5357 3589 5429 δυσχωρίας,
3628 5359 3731 5410 καὶ

1641 5529 1852 5591 νοτία)
1882 5526 2189 5588 lectiones
2221 5532 2281 5586 et
2314 5531 2503 5586 notae.

538 5690 648 5758 (59)
694 5692 797 5745 Ἐν
824 5686 905 5758 τῷ
935 5689 1141 5757 αἰθρίῳ
1166 5688 1275 5757 τῆς
1302 5685 1562 5753 σκηνῆς.
1597 5685 1662 5740 1η
1701 5701 1765 5739 ea
1795 5683 2045 5758 taberna-

2147 5754 2179 5758 _
2219 5681 2332 5753 (40)
2372 5679 2622 5758 Καί-’τῆς
2643 5678 2757 5758 τῇς
2783 5677 2900 5741 τὴν
2930 5676 3236 5758 ποιός-ητα..
3266 5675 3610 5758 οααίὶιαιειη.
3647 5672 3730 5758 Ita

467 5746 574 5833 culi
607 5746 758 5833 parte
803 5746 921 5831 qua:
946 5746 1121 5833 put-ct,
1156 5746 1370 5815 vei'sub
1404 5746 1671 5827 didier-ta
1733 5755 2048 5810 tabernacu-
2146 5746 2283 5823 Reg.
2316 5746 2829 5833 etColbertJAlter
2853 5748 3022 5833 eode}
3062 5747 3375 5833 “animus
3401 5746 3567 5801 habet
3603 5746 3731 5799 πιό-

475 5819 618 5897 ίιιηιί
644 5828 734 5884 W.
815 5819 828 5831 ’
946 5819 957 5833 ’
1096 5819 1108 5829 ’
1514 5819 1528 5827 ’

2146 5819 2308 5891 τητα,
2338 5823 2726 5893 vinqucdinem,
2766 5820 2819 5874 id
2858 5832 2941 5874 est
2981 5819 3340 5872 fertilitatem.
