4042 6212
455 318 527 381 99
1718 307 2047 369 JOANNIS
2084 305 2407 366 ZUNAR/E

3601 297 3705 360 100

451 430 650 489 lerant,
686 422 933 478 sumunt.
961 422 1101 476 Tum
1129 420 1331 491 ingens
1350 418 1564 474 ﬂamma
1597 417 1820 481 emicat,
1851 418 2034 487 qualis

2154 413 2397 482 ςυνίζησε
2425 412 2554 483 περὶ
2603 414 2703 473 τὰς
2736 410 2961 463 ἐκείνων
2996 409 3221 480 σκηνὰς,
3286 409 3383 462 καὶ
3430 409 3630 473 αὐτούς
3661 427 3722 461 τε

453 514 714 568 videlicet
737 513 965 583 iubente
989 509 1485 571 Deo-incendatur,
1513 523 1620 577 qua
1653 508 1728 562 illi
1772 523 1877 562 σοι.
1913 523 2020 561 una

453 622 579 660 cum
611 606 755 661 Core
789 603 864 657 ita
898 588 1331 670 conﬂagrarunt,
1370 609 1434 654 ut
1492 614 1595 654 nec
1622 598 1893 654 cadavera
1937 614 2033 653 eo—

457 713 575 753 rum
609 696 1007 766 reperirentur.
1033 692 1196 747 Solus
1211 693 1393 746 Aaron
1421 691 1715 753 incolumis
1734 690 2031 744 invenitur.

469 789 651 843 Moses
710 784 993 840 thuribula
1043 783 1262 838 illorum
1318 783 1564 837 virorum
1617 782 1760 836 circa
1820 798 2027 836 aeneam

454 896 610 934 aram
672 877 864 947 reponi
909 876 1093 947 jubet,
1121 877 1176 928 in
1198 876 1277 930 rei
1307 886 1475 947 gesta:
1520 884 1939 929 monumentum
1969 872 2037 927 ad

456 983 751 1042 posteros;
792 985 858 1025 ac
896 970 1080 1025 denuo
1136 969 1326 1023 habita
1371 970 1662 1034 concione,
1715 967 1885 1022 edicit
1933 966 2037 1021 tri-

459 1066 644 1129 bunis,
672 1075 732 1119 ut
757 1063 979 1118 nomina
998 1061 1240 1116 tribuum
1262 1062 1476 1116 baculis
1498 1062 1761 1130 inscripta
1780 1060 2035 1115 atl‘erant.

457 1157 595 1213 Nam
652 1155 804 1210 illius
854 1149 970 1208 lo're
1009 1152 1403 1215 sacerdotium,
1440 1154 1496 1207 in
1540 1152 1699 1222 cujus
1741 1151 1936 1205 baculo
1965 1148 2040 1204 si-

457 1262 633 1316 gnum
662 1245 932 1301 edidisset
953 1244 1120 1299 Deus.
1161 1243 1416 1298 All‘erunt
1448 1243 1615 1313 igitur
1644 1252 1758 1296 tum
1786 1242 1881 1295 alii
1910 1256 2042 1295 suos

458 1338 704 1401 baculus,
738 1344 854 1391 tum
885 1337 1067 1390 Aaron
1107 1350 1327 1405 quoque
1358 1349 1541 1394 suum,
1603 1333 1791 1387 Levita
1848 1331 2043 1387 inscri-

459 1436 576 1497 pto.
601 1427 710 1481 Eos
738 1427 791 1479 in
819 1425 1173 1479 tabernaculo
1196 1424 1289 1478 Dei
1316 1424 1564 1490 repo~uit
1588 1424 1816 1490 Moyses,
1849 1423 2047 1492 postri-

460 1519 549 1571 die
585 1517 813 1585 protulit
845 1531 910 1570 ac
931 1516 1114 1571 carteri
1138 1516 1384 1584 quidem,
1414 1516 1607 1583 quales
1636 1513 1878 1578 fuerant,
1907 1514 2046 1569 tales

460 1606 569 1679 42
599 1616 918 1661 manserant
955 1624 970 1663 ;
1013 1603 1250 1661 Aiaonis
1294 1614 1478 1660 autem
1534 1614 1589 1659 et
1624 1620 1809 1659 ramos
1839 1615 1896 1659 et
1922 1606 2043 1659 fru-

463 1706 585 1751 ctus
601 1697 939 1767 germinarat
964 1714 976 1749 :
1004 1711 1143 1764 quos
1164 1695 1379 1750 fructus
1400 1695 1632 1751 Levitici
1664 1695 1806 1750 liber
1836 1694 2041 1762 nuCes;

2136 509 2231 559 καὶ
2266 507 2331 558 τὰ
2368 505 2549 559 αὐτῶν
2576 506 2656 565 είς
2693 504 2753 555 τὸ
2787 504 2979 572 χάσμα
3007 502 3336 573 κατήνεγκε,
3392 501 3487 553 καὶ
3541 501 3719 565 οὕτως

2136 597 2293 660 αὖθις
2324 596 2553 666 συνῆλθε
2577 595 2638 647 τὸ
2671 593 2921 658 διεστὼς.
2977 594 3099 646 Ἐπὶ
3130 594 3342 655 τούτοις
3373 591 3563 662 ἔφριξε
3621 594 3726 662 μὲν

2137 691 2165 741 ὁ
2209 689 2357 752 λαὸς,
2416 688 2661 755 Μωῦσῆς
2730 686 2786 739 δὲ
2845 687 3004 739 καλεί
3046 686 3176 749 τοὺς
3234 685 3363 755 περὶ
3423 685 3728 757 ἱερωσύνης

2138 779 2567 849 ἀμιλλαμένους.
2631 778 2741 832 Καὶ
2808 777 3158 840 συνελθόντες
3231 777 3574 846 πεντήκοντα
3629 779 3728 831 καὶ

2137 872 2405 926 διακόσιοι
2461 871 2658 943 ἄνδρες
2712 871 2821 925 τῶν
2868 871 3180 942 ἐπισήμων,
3231 870 3327 924 καὶ
3364 868 3582 937 Ἀαρὼν
3630 873 3729 923 καὶ

2140 966 2287 1037 Κορέ
2325 967 2431 1037 πρὸ
2461 964 2561 1035 τῆς
2597 964 2806 1034 σκηνῆς
2836 964 2929 1017 ἐπὶ
2999 965 3112 1026 τοῖς
3150 962 3539 1032 θυμιατηρίοις
3588 962 3733 1014 καθ-

2141 1056 2330 1128 ήγιζον
2369 1055 2405 1110 ἃ
2426 1056 2704 1125 ἐκόμιζον.
2757 1052 3061 1124 Ἐξέλαμψε
3085 1053 3145 1107 δέ
3192 1051 3306 1123 πῦρ
3328 1052 3461 1104 πολὺ
3491 1047 3608 1104 οἷον
3658 1051 3728 1105 ἀν

2142 1149 2278 1204 Θεοῦ
2320 1148 2685 1211 κελεύσαντος
2739 1145 3030 1215 ἀναφθείη,
3066 1144 3157 1212 ὑφ’
3181 1137 3243 1197 οὗ
3273 1144 3410 1196 οἵτε
3454 1142 3729 1196 διακόσιοι

2143 1241 2237 1292 καὶ⁵
2274 1240 2639 1308 πεντήκοντα,
2672 1237 2772 1290 καὶ
2790 1234 2937 1304 Κορὲ
2967 1233 3367 1303 διεφθάρησαν,
3394 1231 3470 1296 ὡς
3500 1232 3638 1303 μηδὲ
3660 1232 3731 1285 τά

2146 1330 2378 1401 σώματα
2410 1330 2594 1383 αὐτῶν
2651 1328 2963 1399 εὐρεθῆναι’
3002 1326 3164 1397 μόνος
3182 1326 3239 1379 δὲ
3272 1324 3489 1391 Ἀαρὼν
3523 1324 3729 1395 εὑρέθη

2146 1421 2452 1491 ἀλὼϐητος.
2505 1419 2745 1489 Μωῦσῆς
2772 1419 2828 1471 δὲ
2863 1418 2933 1470 τὰ
2986 1418 3329 1487 θυμιατήρια
3363 1416 3471 1469 τῶν
3519 1415 3735 1485 ἀνδρῶν

2146 1515 2374 1567 ἐκείνων
2442 1513 2572 1582 περὶ
2620 1513 2712 1565 τὸν
2773 1510 3005 1580 χάλκεον
3055 1508 3312 1561 ἐκέλευσε
3390 1508 3733 1562 καταθέσθαι

2150 1604 2357 1675 βωμὸν,
2401 1603 2470 1655 ἵν’
2504 1604 2814 1673 ὑπόμνησις
2844 1596 2947 1654 ὦσι
2970 1601 3078 1654 τῶν
3111 1601 3441 1669 γεγονότων,
3487 1600 3585 1654 καὶ
3613 1600 3731 1661 τοῖς

2152 1697 2472 1767 μετέπειτα.
2527 1694 2936 1764 Ἐκκλησιάσας
2989 1693 3048 1745 δέ
3100 1692 3261 1746 πάλιν
3313 1692 3544 1761 προεῖπε
3611 1693 3734 1753 τοῖς

463 1788 734 1857 .loscphus
764 1786 1080 1857 amygdalas
1111 1787 1283 1841 fuisse
1314 1787 1464 1842 dicit.
1495 1787 1914 1856 Obstupuerunt
1937 1787 2041 1856 igi-

2154 1786 2444 1855 φυλάρχοις
2490 1784 2667 1853 ήκειν,
2702 1782 2771 1837 τὰ
2803 1784 2911 1835 τῶν
2936 1782 3120 1851 φυλῶν
3139 1782 3380 1852 ὀνόματα
3404 1781 3731 1852 βακτηρίαις

466 1888 557 1931 tur
591 1892 806 1939 omnes.
839 1878 1056 1931 Aarone
1093 1887 1178 1931 ter
1202 1876 1476 1932 divinitus
1500 1878 1701 1932 electo.
1747 1877 1868 1932 Jam
1917 1878 2046 1946 quia

466 1966 708 2021 Levitica
740 1967 921 2021 tribus
957 1967 1231 2021 bellorum
1258 1975 1323 2021 et
1351 1968 1761 2037 expeditionum
1788 1967 2053 2023 itnmunis

465 2065 603 2121 erat,
632 2072 702 2111 ne
732 2057 804 2111 ub
828 2073 943 2112 rem
968 2058 1403 2113 necessariarum
1439 2058 1747 2127 penuriam,
1769 2074 2054 2114 sacrorum

466 2160 654 2199 curam
678 2146 1003 2217 adjicerent,
1026 2147 1184 2218 jubet
1218 2147 1430 2218 Moyses
1453 2145 1721 2212 Hebraeis,
1758 2157 1815 2200 ut
1837 2146 2054 2203 Chana-

467 2253 583 2293 naaa
629 2249 775 2294 terra
810 2249 987 2309 parta,
1018 2239 1220 2310 Oppida
1246 2253 1408 2293 χινιιι
1433 2239 1641 2294 Levitis
1680 2240 2045 2311 assignarent,

471 2339 531 2383 ut
564 2344 727 2398 agros
773 2340 902 2385 ante
932 2345 1018 2394 ea,
1049 2338 1107 2384 et
1161 2330 1406 2384 decimas
1437 2345 1748 2384 annuarum
1805 2331 2045 2401 frugum,

472 2430 586 2476 tum
612 2421 769 2492 ipsis,
820 2432 937 2477 tum
993 2420 1377 2476 sacerdotibus
1424 2422 1776 2491 penderent:
1830 2423 2049 2493 aliaque

471 2513 712 2582 plurima
770 2512 853 2568 eis
910 2528 941 2569 a
976 2515 1180 2583 populo
1232 2512 1528 2567 tribuenda
1582 2513 1893 2578 constituit,
1925 2530 2049 2584 qua:

471 2607 566 2676 qui
600 2607 918 2678 singulatim
953 2608 1097 2663 scire
1143 2606 1423 2663 desiderat
1458 2606 1512 2661 in
1549 2607 1713 2675 libro,
1761 2609 1857 2677 qui
1886 2607 2049 2664 Levi-

474 2701 615 2752 ticus
639 2698 965 2754 inscribitur
1001 2700 1269 2755 inveniet.

2146 1874 2613 1944 ἐπιγεγραμμένα
2648 1872 2998 1941 κομίζοντας,
3060 1871 3256 1941 ἐκείνῳ
3293 1871 3393 1940 τῆς
3419 1871 3733 1941 ἱερωσύνης

2147 1968 2434 2036 ἐσομένης,
2475 1960 2646 2036 οὗπερ
2698 1964 2764 2018 ἂν
2786 1968 2851 2033 τῇ
2895 1963 3171 2035 βακτηρίᾳ
3227 1964 3456 2033 σημεῖον
3498 1962 3732 2030 γένηται

2153 2057 2218 2110 ἐκ
2251 2056 2418 2111 Θεοῦ.
2483 2054 2819 2125 Κομίζουσιν
2858 2052 2974 2118 οὖν,
2996 2053 3052 2106 οῖ
3090 2070 3147 2106 τε
3177 2053 3326 2108 ἄλλοι
3371 2053 3465 2106 καὶ
3492 2052 3731 2122 Ἀαρὼν,

2153 2150 2469 2221 ἐπιγράψας
2497 2153 2565 2220 τῇ
2602 2149 2879 2219 βακτηρίᾳ
2923 2148 3180 2219 Λευῒτην,
3221 2146 3288 2207 ἃς
3341 2148 3401 2199 ἐν
3433 2148 3500 2218 τῇ
3552 2148 3732 2216 σκηνῇ

2155 2240 2249 2293 τοῦ
2284 2241 2418 2293 Θεοῦ
2452 2241 2711 2295 κατέθετο
2738 2240 3005 2311 Μωῦσῆς,
3034 2242 3100 2311 τῇ
3141 2240 3186 2293 δ’
3216 2241 3446 2313 ἐπιούσῃ
3491 2240 3726 2310 προεκό-

2161 2349 2329 2402 μισαν
2358 2332 2584 2393 ταύτας.
2611 2334 2720 2386 Καὶ
2742 2334 2796 2386 αί
2835 2334 2935 2403 μὲν
2965 2331 3147 2397 ἄλλαι,
3171 2326 3285 2385 οἶαί
3341 2347 3447 2403 περ
3506 2331 3739 2399 ἐτύγχαι

2156 2441 2269 2488 νον,
2296 2422 2510 2494 ἔμενον,
2540 2427 2573 2495 ή
2605 2425 2659 2477 δὲ
2689 2424 2899 2495 Ἀαρὼν
2945 2424 3251 2495 ἐϐλάστησε
3283 2424 3513 2487 κλάδους
3535 2440 3595 2476 τε
3628 2420 3729 2475 καὶ

2157 2514 2426 2585 καρπούς.
2460 2515 2565 2569 Τὸν
2582 2517 2639 2570 δέ
2672 2518 2888 2588 καρπὸν
2919 2520 2953 2587 ή
2982 2518 3081 2587 μὲν
3111 2518 3206 2570 τοῦ
3238 2516 3525 2571 Λευῖτικοῦ
3551 2514 3738 2586 βίϐλος

2157 2607 2341 2676 κάρυα
2390 2607 2562 2676 λέγει,
2609 2608 2988 2679 ἀμύγδαλαδέ
3053 2612 3082 2662 ό
3137 2607 3421 2676 Ἰώσηπος.
3475 2607 3741 2674 Ἐξεπλά-

2158 2716 2339 2767 γησαν
2384 2697 2479 2756 οὖν
2526 2702 2754 2767 πάντες,
2803 2702 2926 2774 τρὶς
2952 2703 3044 2756 τὸν
3072 2701 3287 2773 Ἀαρὼν
3314 2702 3741 2773 χειροτονήσαν·

473 2807 567 2855 τος
622 2791 718 2844 τοῦ
751 2791 908 2846 Θεοῦ.
938 2793 1098 2847 Ἐπεὶ
1139 2792 1197 2846 δέ
1236 2791 1496 2863 πολέμων
1562 2792 1658 2845 καὶ⁵
1717 2791 2005 2863 στρατείας
2067 2792 2094 2861 ή
2135 2792 2244 2845 τῶν
2310 2794 2555 2847 Λευῖτῶν
2601 2795 2792 2864 ἀφεῖτο
2843 2795 3009 2866 φυλὴ,
3064 2796 3152 2850 ίνα
3221 2797 3296 2867 μὴ
3361 2796 3450 2850 διά
3500 2797 3740 2865 ἀπορίαν

376 2902 383 2911 ·
478 2887 583 2940 τῶν
668 2890 986 2956 ἀναγκαίων
1044 2891 1299 2960 ἀμελοῖεν
1376 2892 1477 2961 τῆς
1543 2890 1891 2962 λειτουργίας
1961 2889 2056 2944 τοῦ
2134 2891 2305 2962 ἱεροῦ,
2341 2892 2561 2945 ἐκέλευε
2614 2893 2854 2962 Μωῦσῆς

2935 2893 3034 2963 τὴν
3085 2893 3398 2947 Χαναναίαν
3448 2891 3738 2963 κτησαμέ-

475 2997 600 3044 νους
626 2985 755 3047 τοὺς
792 2981 1103 3053 Ἐϐραίους,
1124 2981 1271 3036 ὀκτὼ
1287 2981 1380 3036 καὶ
1404 2984 1824 3053 τεσσαράκοντα
1852 2983 2040 3045 πόλεις
2081 2985 2411 3054 κατανεῖμαι
2442 3002 2448 3011 '
2477 2987 2591 3048 τοῖς
2643 2982 2917 3049 Λευῖταις,
2951 2985 3046 3037 καὶ
3110 2985 3213 3054 γῆν
3246 3003 3287 3037 π
3299 2986 3361 3054 pb
3395 2985 3600 3050 αὐτῶν,
3634 2986 3736 3039 καὶ

474 3075 712 3146 δεκάτην
770 3073 878 3126 τῶν
940 3073 1205 3127 ἐπετείων

1279 3076 1517 3144 καρπῶν·
1588 3077 1773 3138 αὐτοῖς
1830 3092 1890 3127 τε
1956 3076 2055 3129 καὶ
2091 3077 2204 3139 τοῖς
2266 3075 2473 3147 ίερεῦσι
2519 3076 2718 3142 τελεῖν,
2798 3079 2892 3129 καὶ
2940 3076 3077 3132 ἄλλα
3125 3076 3183 3131 δὲ
3230 3076 3459 3130 πλεῖστα
3522 3078 3742 3143 τούτοις

474 3168 737 3239 χορηγεῖν
785 3167 875 3219 τὸν
919 3164 1048 3219 λαὸν
1106 3166 1417 3233 διετάξατο,
1475 3162 1551 3220 ὧν
1612 3167 1674 3220 τὸ
1720 3166 1845 3221 καθ’
1894 3168 2185 3223 ἓκαστονό
2235 3169 2439 3240 ζητῶν,
2516 3169 2618 3241 τὴν
2679 3169 2774 3223 τοῦ
2831 3169 3122 3224 Λευῖτικοῦ
3181 3170 3365 3241 βίϐλον
3419 3172 3741 3247 ἀναπτύξας

477 3262 729 3331 εὑρήσει.

546 3348 737 3403 XVIII.
774 3349 870 3404 His
895 3350 1065 3406 rebus
1092 3350 1387 3415 ordinatis,
1418 3350 1598 3406 Moses
1626 3364 1757 3405 cum
1798 3349 2049 3406 exercitu

2228 3347 2341 3406 ΠΥ.
2373 3349 2559 3403 Ταῦτα
2597 3349 2654 3402 δὲ
2684 3349 2944 3415 διατάξας
2988 3351 3250 3421 Μωῦσῆς,
3294 3352 3389 3406 ἐπὶ
3431 3352 3532 3425 τήν
3573 3354 3744 3409 Ἰδου-

477 3441 545 3496 ad
597 3440 890 3494 ldumaeam
930 3441 1163 3507 accedit,
1226 3441 1517 3495 transitum
1568 3449 1787 3512 petens.
1831 3442 1901 3496 At
1956 3456 2053 3497 rex

476 3535 627 3589 illius“
652 3544 808 3589 terra:
837 3548 963 3588 cum
992 3534 1222 3588 armatis
1246 3533 1421 3603 copiis
1452 3534 1717 3588 occurrit.
1745 3533 1922 3589 Moses
1949 3533 2055 3586 ita-

479 3642 587 3696 que
619 3641 718 3696 per
742 3625 1024 3681 desertum
1050 3634 1255 3696 pergit,
1281 3627 1525 3681 monitus
1543 3641 1574 3680 a
1594 3626 1706 3681 Deo
1726 3643 1793 3680 ne
1817 3640 2052 3697 pugnam

478 3719 887 3788 auspicaretur.
940 3717 1020 3772 Eo
1077 3725 1328 3786 tempore
1388 3717 1555 3771 etiam
1589 3716 1905 3771 Mariamme
1938 3731 2056 3770 mo-

478 3810 645 3873 ritur,
682 3808 848 3863 Mosis
870 3823 1054 3875 soror,
1103 3808 1532 3879 quadragesimo
1571 3824 1717 3862 anno
1772 3818 1894 3877 post
1941 3808 2057 3862 exi-

481 3912 595 3955 tum
628 3917 694 3956 ex
727 3900 979 3973 Egypto.
1037 3902 1247 3972 Populo
1308 3902 1478 3973 igitur
1533 3902 1701 3958 ductu
1747 3902 1913 3957 Mosis
1960 3918 2057 3971 per

480 3992 756 4047 desertum
803 4002 860 4047 et
902 3992 1163 4048 Arabiam
1205 3994 1615 4063 proﬁciscente,
1670 3994 1859 4050 Aaron
1888 3995 2056 4049 etiam

479 4083 615 4149 obit,
653 4083 764 4137 alto
801 4094 987 4139 monte
1022 4098 1346 4147 conscenso,
1405 4095 1464 4139 et
1504 4084 1916 4155 pontiﬁcalibus
1963 4102 2059 4139 ve-

484 4176 668 4231 Stibus
704 4176 965 4231 Eleazaro
1001 4175 1116 4230 ﬁlio
1150 4176 1369 4230 traditis
1396 4176 1450 4230 in
1495 4179 1681 4249 populi
1731 4189 2056 4246 conspectu,

487 4283 632 4322 anno
661 4268 838 4323 aetatis
866 4283 1056 4323 cum.
1084 4267 1261 4323 Moses
1284 4267 1352 4322 ad
1393 4267 1755 4323 Moabitarum
1786 4277 1842 4324 et
1869 4271 2061 4322 Amor-

483 4356 760 4411 rhazorum
787 4358 1069 4427 regionem
1093 4374 1437 4429 progressus,
1454 4360 1674 4429 petebat
1695 4370 1755 4415 ut
1775 4359 2061 4415 traducere

480 4447 671 4502 liceret
704 4449 1028 4503 exercitum.
1078 4450 1184 4503 Sed
1245 4452 1349 4505 loci
1393 4452 1541 4506 illius
1587 4467 1684 4505 rex
1716 4453 1861 4506 Seon
1912 4461 2062 4506 tran-

481 4537 591 4590 situ
630 4538 893 4605 populum
927 4540 1281 4606 prohibebat.
1342 4540 1478 4595 Cum
1535 4552 1722 4595 autem
1768 4542 1902 4595 Mosi
1934 4557 2063 4596 ora-

483 4626 669 4680 culum
704 4626 1040 4692 consulenti,
1093 4629 1341 4683 victuriaz
1388 4629 1543 4698 signa
1593 4630 1839 4683 dedisset
1892 4631 2056 4696 Deus,

2159 3442 2329 3513 μαίαν
2356 3439 2491 3514 ἦλθε
2518 3444 2657 3514 μετά
2683 3444 2782 3514 τῆς
2829 3446 3117 3515 στρατιᾶς,
3188 3445 3289 3499 καὶ
3323 3446 3477 3517 ἠξίου
3525 3448 3742 3515 παρελ-

2157 3533 2270 3587 θεῖν
2293 3533 2362 3586 δι*
2391 3534 2585 3604 αὐτῆς.
2611 3534 2723 3604 Τῆς
2746 3535 2933 3605 χώρας
2960 3535 3017 3589 δὲ
3038 3537 3066 3586 ὁ
3097 3536 3373 3605 βασιλεὺς,
3401 3537 3536 3606 μετά
3566 3553 3742 3606 στρα-

2156 3627 2279 3687 τιᾶς
2300 3624 2526 3678 ἐνόπλου
2558 3627 2886 3697 προῦπήντᾳ
2910 3625 2987 3696 τῷ
3018 3628 3255 3696 Μωῦσῇ.
3285 3628 3396 3681 Καὶ
3422 3627 3482 3691 ὃς
3518 3628 3607 3681 διὰ
3630 3628 3740 3698 τῆς

2156 3716 2365 3785 ἐρήμου
2422 3714 2746 3785 ἐχώρει,πμὴ
2781 3715 2976 3784 ἄρχειν
3019 3716 3201 3787 μάχης
3265 3715 3739 3786 συμϐουλεύοντος

2157 3804 2256 3858 τοῦ
2290 3803 2449 3859 Θεοῦ.
2487 3804 2624 3858 Τότε
2654 3806 2752 3858 καὶ
2777 3805 3092 3875 Μαριάμμη
3133 3805 3393 3875 τέθνηκε,
3424 3805 3521 3859 τοῦ
3568 3808 3742 3861 Μωῦ-

2160 3892 2299 3957 σέως
2319 3895 2353 3963 ή
2384 3891 2671 3962 σύγγονος,
2717 3895 3334 3964 μετὰτεσσαρακοστδν
3390 3897 3510 3960 Ero;
3543 3898 3643 3967 τῆς
3676 3897 3742 3962 ἐξ

2157 3982 2436 4051 Αἰγύπτου
2472 3982 2676 4048 ἐξόδου.
2712 3982 2818 4035 Τὸν
2842 3982 2900 4036 δέ
2949 3983 3079 4037 λαὸν
3108 3985 3294 4055 ἀπῆγε
3325 3984 3415 4039 διὰ
3469 3987 3568 4056 τῆς
3601 3988 3740 4058 ἐρή-

2163 4091 2288 4144 μου,
2325 4076 2422 4129 καὶ
2448 4076 2551 4145 τῆς
2582 4072 2871 4143 Ἀραϐίας,
2905 4074 3037 4128 ἔνθα
3066 4077 3163 4129 καὶ
3205 4077 3419 4147 Ἀαρὼν
3445 4078 3742 4148 ἐτελεύτη-

2161 4183 2253 4219 σεν
2288 4166 2368 4229 εἰς
2394 4167 2521 4237 δρος
2548 4166 2763 4230 ἀναϐἀς
2809 4165 3040 4236 ὑψηλὸν,
3074 4168 3171 4219 καὶ
3199 4166 3299 4238 τὴν
3333 4169 3739 4240 ἀρχιερατικὴν

2162 4258 2357 4327 στολὴν
2406 4257 2686 4326 παραδοὺς
2734 4256 2814 4328 τῷ
2867 4257 2969 4327 υίῷ
3025 4256 3312 4329 Ἐλεάζαρ,
3360 4261 3456 4312 τοῦ
3497 4260 3739 4331 πλήθους

2161 4353 2420 4423 ὁρῶντος,
2477 4351 2572 4423 ἐτη
2614 4352 2765 4422 βιοὺς
2799 4351 2998 4406 ἐκατδν
3030 4352 3169 4422 πρὸς
3198 4355 3377 4406 εῖκοσι
3406 4354 3502 4406 καὶ
3532 4355 3738 4425 τρισίν.

2163 4445 2369 4497 Ἐλθὼν
2406 4445 2463 4498 δέ
2493 4444 2733 4512 Μωῦσῆς
2776 4444 2870 4496 ἐπὶ
2898 4442 2998 4514 τὴν
3041 4444 3352 4498 Μωαϐιτῶν
3392 4446 3488 4498 καὶ
3536 4446 3741 4517 Ἀμορ-

2165 4538 2335 4604 ραίων
2362 4535 2568 4605 χώραν,
2596 4534 2674 4603 τῷ
2726 4534 2950 4605 στρατῷ
2976 4535 3148 4589 δίοδον
3184 4536 3327 4607 ήτει.
3358 4536 3517 4606 Σηὼν
3544 4539 3601 4593 δέ
3636 4538 3742 4605 τῆς

2163 4624 2347 4695 χώρας
2374 4629 2401 4677 ὁ
2432 4625 2696 4694 βασιλεὺς
2741 4625 3045 4681 διαϐαίνειν
3072 4630 3201 4691 τοὺς
3272 4628 3558 4701 Ἐϐραίους
3597 4630 3744 4682 ἐκώ.

482 4715 695 4770 Πεδιτεί
732 4716 899 4769 armis
933 4718 1189 4785 sumptis,
1214 4719 1266 4769 in
1303 4716 1552 4784 prmlium
1584 4721 1812 4769 vadunt.
1848 4716 2049 4772 Statim

2162 4715 2281 4779 λυε,
2305 4716 2527 4769 καὶτοῦ
2566 4714 2704 4769 Θεοῦ
2759 4718 2918 4786 νίκην
2971 4718 3323 4788 σημήναντος
3354 4720 3601 4790 ἐρομένῳ
3656 4717 3741 4790 τῷ

484 4807 541 4861 in
570 4806 749 4878 fugam
783 4816 1079 4863 vertuntur
1107 4807 1434 4873 Amori-inici,
1454 4817 1509 4861 et
1540 4822 1733 4862 omnes
1752 4808 2053 4876 intereunt,

486 4913 613 4967 rege
652 4900 825 4952 etiam
849 4899 1054 4963 occiso,
1087 4906 1143 4954 et
1175 4898 1349 4967 captis
1376 4896 1630 4965 urbibus,
1666 4912 1729 4952 ac
1770 4899 2058 4968 provincia

486 5000 776 5061 occupata.
831 4990 979 5062 Ogus
1027 4991 1158 5047 item
1219 4989 1539 5047 Galaditicae
1589 5000 1645 5045 et
1692 4989 2060 5048 Gaulanitidis

486 5097 604 5148 rex,
643 5081 735 5151 qui
769 5080 1065 5152 Seenijam
1117 5081 1408 5138 interfecto
1456 5075 1737 5154 suppetias
1775 5084 2054 5151 veniebat,

487 5173 761 5229 lsraelitas
791 5175 1130 5243 aggreditur.
1181 5174 1292 5229 Sed
1317 5184 1373 5229 et
1422 5175 1539 5245 ipse
1576 5175 1629 5229 in
1667 5175 1857 5245 praelia
1886 5177 2054 5240 cadit.

487 5276 544 5322 et
599 5255 890 5322 exercitus.
931 5267 1052 5337 ejus
1086 5268 1301 5322 deletur
1343 5269 1521 5339 captis
1570 5269 1823 5334 urbibus,
1878 5280 1934 5323 et
1969 5270 2057 5325 iu-

486 5358 626 5413 colis
685 5357 1012 5412 interl‘ectis.
1066 5359 1195 5413 Inde
1229 5358 1407 5412 Moses
1459 5360 1646 5429 copias
1696 5360 1751 5415 in
1805 5377 2052 5432 magnam

486 5448 771 5517 planitiem
797 5448 971 5515 ducit,
1005 5458 1061 5503 et
1089 5457 1269 5504 castra
1304 5458 1494 5503 contra
1528 5450 1940 5506 Hierichunlem
1970 5452 2054 5506 lo-

487 5548 594 5607 cat,
630 5541 823 5597 urbem
849 5542 1086 5608 beatam,
1118 5556 1182 5596 ac
1224 5542 1525 5611 palmarum
1550 5552 1608 5596 et
1650 5543 1883 5596 Balsami
1908 5542 2052 5598 fera—

488 5643 631 5686 cem.
664 5632 896 5689 Balacus
919 5643 1103 5689 autem
1144 5649 1238 5688 rex
1270 5633 1581 5686 Balaamum
1628 5644 1809 5687 vatem
1862 5649 2053 5688 accer-

489 5728 584 5786 sit,
615 5732 677 5777 ut
701 5724 979 5785 lsraelitas
1010 5727 1148 5784 diris
1170 5726 1485 5785 devoveret.
1519 5724 1626 5781 Sed
1656 5726 1761 5780 iter
1780 5726 2049 5801 ingresso,

2165 4807 2395 4877 Μωῦσῇ,
2427 4809 2527 4869 τὰς
2562 4806 2869 4870 πανοπλίας
2904 4807 3270 4872 ἀναλαϐόντες
3301 4809 3566 4881 Ἑϐραῖοι,
3600 4812 3741 4880 πρὸς

2171 4898 2351 4969 μάχην
2381 4897 2646 4966 ἐχώρουν.
2678 4898 2987 4970 Τρέπονται
3017 4899 3063 4952 δ’
3095 4901 3295 4954 αὐτίκα
3320 4903 3369 4954 οἱ
3393 4903 3738 4973 Ἀμορῤαἶοι,

2169 4992 2264 5044 καὶ
2294 4988 2534 5052 ἅπαντες
2559 4989 2960 5060 διεφθάρησαν.
2984 4992 3251 5045 Πέπτωκε
3298 4992 3358 5046 δέ
3391 4996 3486 5046 καὶ
3516 4994 3672 5060 Zur,th
3707 4997 3743 5045 δ

2165 5082 2347 5137 αὐτῶν
2402 5081 2679 5153 βασιλεὺς,
2729 5084 2825 5137 καὶ
2871 5087 2972 5147 τάς
3034 5084 3222 5148 πόλεις
3274 5080 3438 5151 εἷλον,
3506 5088 3603 5140 καὶ
3633 5088 3739 5158 τὴν

2164 5176 2270 5247 γῆν
2299 5178 2527 5232 ἐκείνων
2554 5174 2888 5247 παρέλαϐον.
2920 5176 3261 5230 Ἐπιτίθεται
3286 5176 3344 5230 δέ
3372 5180 3490 5241 τοῖς
3519 5178 3745 5250 Ἰσραη-

2160 5268 2363 5337 λίταις,
2399 5270 2494 5322 καὶ
2536 5269 2640 5337 ὀγ
2686 5269 2716 5319 ό
2742 5269 2844 5338 τῆς
2892 5268 3212 5338 Γαλαδηνῆς
3267 5271 3489 5340 καὶτῆς
3519 5271 3559 5322 Γ
3562 5270 3738 5326 aula-

2163 5362 2363 5426 νίτιδος
2414 5361 2671 5431 βασιλεὺς
2718 5360 3010 5432 σύμμαχος
3062 5361 3235 5416 ἐλθὼν
3281 5362 3360 5432 τῷ
3424 5363 3583 5435 Σηὼν
3630 5366 3737 5437 ήδη

2165 5453 2492 5507 ἀπολωλότι.
2526 5453 2701 5515 Αὐτός
2745 5471 2806 5505 τε
2829 5450 2922 5507 οὖν
2964 5453 3191 5523 θνήσκει
3220 5455 3365 5508 κατά
3394 5457 3493 5526 τὴν
3526 5458 3739 5527 μάχην,

2165 5544 2262 5597 καὶ
2323 5545 2350 5596 ὁ
2383 5545 2616 5615 στρατὸς
2645 5543 2812 5598 αὐτοῦ
2844 5544 3247 5616 διαφθείρεται,
3284 5547 3378 5601 καὶ
3433 5548 3494 5601 αἱ
3546 5547 3740 5614 πόλεις

2165 5637 2434 5701 ἑάλωσαν,
2494 5635 2591 5688 καὶ
2620 5636 2671 5688 oi.
2726 5637 3064 5703 ἐνοικοῦντες
3130 5640 3434 5697 ἀπώλοντο.
3487 5639 3740 5696 Ἐκεῖθεν

2161 5728 2219 5784 δὲ
2245 5728 2491 5804 Μωῦσῆς
2524 5727 2623 5800 τήν
2666 5728 2898 5800 δύναμιν
2942 5734 3162 5791 κατὰτὸ
3193 5736 3337 5802 μέγα
3367 5735 3549 5791 πεδίον
3580 5736 3735 5805 ἄνει,
