4070 6214
337 316 439 380 lOl

1596 319 2011 381 ANNALIUM
2052 319 2200 381 LIB.
2250 319 2301 378 Ι.

3497 317 3600 378 102

331 429 435 480 καὶ
501 429 928 499 στρατοπεδεύει
980 428 1337 501 Ἱεριχοῦντος
1396 428 1600 483 ἔναντι.
1661 429 1824 492 Πόλις
1876 428 1922 482 δ’

2027 427 2249 482 divinus
2275 425 2500 496 angelus
2534 423 2802 483 occurrit.
2837 438 2948 493 quo
2975 422 3152 482 asina.
3187 424 3278 479 cui
3308 425 3595 480 Balaamus

330 522 490 573 ἐστὶν
519 521 798 592 εὐδαίμων
856 521 1021 593 αὓτη,
1078 522 1335 590 φοινικάς
1385 540 1445 574 τε
1503 520 1773 591 φέρουσα,
1830 519 1925 571 καὶ

333 612 621 682 βάλσαμον
687 612 996 684 νεμομένη.
1035 612 1221 666 Βαλὰκ
1268 613 1326 666 δὲ
1374 615 1401 666 ὀ
1457 611 1568 666 τῶν
1610 610 1925 666 Μωαόιτῶν

333 704 624 774 βασιλεὺς,
661 704 1060 773 μετακαλεῖται
1106 704 1198 758 τὸν
1222 704 1433 773 μάντεα
1489 703 1742 773 Βαλαὰμ,
1775 704 1925 765 ὅπως

330 795 664 866 ὲπόλέθρσρ
721 795 832 848 τῶν
888 795 1252 868 Ἰσραηλιτῶν
1309 794 1451 866 ἀρὰς
1507 796 1711 866 ποιήσῃ
1742 810 1924 862 παρα-

330 887 794 956 γενόμενος.1(αὶ
856 889 885 941 ὁ
937 889 1036 957 μὲν
1089 885 1277 958 ἀπῄει.
1334 885 1496 939 Κατὰ
1554 886 1613 938 δὲ
1653 887 1754 955 τὴν
1805 884 1924 939 ὁδὸν

329 976 573 1044 ἀγγέλου
600 978 746 1030 θείου
783 977 1197 1047 προσϐαλόντος
1231 976 1403 1047 αὐτῷ,
1431 978 1465 1048 ἡ
1503 971 1702 1050 δνο;,ᾖ
1733 979 1761 1029 ὁ
1812 977 1922 1029 Βα-

337 1067 494 1136 λαάμ
530 1069 820 1138 ἐπωχεῖτο,
873 1070 1099 1120 συνεῖσα
1126 1067 1222 1120 τοῦ
1270 1067 1419 1119 θείου
1465 1065 1798 1135 πνεύματος,
1858 1066 1922 1118 ού

335 1159 693 1227 προέϐαινεν,
746 1158 867 1211 οὐδὲ
896 1161 1020 1222 ταῖς
1062 1159 1304 1227 πληγαῖς
1338 1157 1593 1211 ἐνεδίδου·
1625 1160 1923 1227 φωνήσασα

332 1250 382 1302 δ’
407 1250 777 1321 ἀνθρωπίνως
825 1251 965 1304 κατὰ
992 1250 1146 1304 θεῖαν
1172 1250 1454 1319 βούλησιν,
1509 1248 1698 1301 ἄδικον
1735 1247 1924 1301 ἐκάλει

331 1342 432 1394 τὸν
454 1343 735 1411 δεσπότην
785 1342 1007 1412 πληγὰς
1059 1343 1202 1413 αὐτῇ
1270 1341 1629 1411 ἐπιφέροντα,
1692 1338 1789 1392 καὶ
1848 1338 1924 1409 μὴ

332 1433 615 1491 συνιέντα.
643 1434 727 1485 ὅτι
761 1433 827 1484 ἐκ
851 1431 989 1485 Θεοῦ
1024 1427 1107 1496 οἷς
1151 1432 1420 1486 ἔσπευσεν
1452 1432 1750 1502 ὑπηρετεῖν
1810 1431 1925 1501 εἷρ-

332 1540 521 1589 γεται.
550 1523 978 1594 Ταραττομένου
1008 1524 1053 1576 δ’
1079 1522 1250 1578 αὐτοῦ
1284 1524 1374 1577 διὰ
1417 1525 1516 1594 τὴν
1572 1522 1924 1594 ἀνθρωπίνην

334 1615 550 1682 φωνὴν,
578 1616 870 1683 ἐπιφανεὶς
899 1616 929 1668 ὁ
961 1615 1217 1684 ἄγγελος,
1252 1615 1415 1677 αὐτὸς
1444 1614 1544 1684 τὴν
1594 1615 1711 1667 ὁδὸν
1768 1612 1923 1681 ἔλεγε

336 1707 577 1760 κωλύειν
642 1707 720 1778 τῷ
778 1707 993 1778 κτήνει.
1052 1708 1389 1777 Βουλόμενον
1437 1707 1483 1758 δ’
1538 1707 1924 1775 ἀναστρέφειν,

333 1802 545 1869 χωρεῖν
579 1777 922 1871 προσωτέρω
948 1798 1347 1871 παρώρμησεν,
1400 1798 1497 1852 καὶ
1522 1798 1550 1850 ὅ
1583 1797 1649 1851 ἂν
1694 1801 1757 1851 ἐκ
1787 1797 1923 1851 Θεοῦ
1952 1777 1999 1836 Β

332 1890 747 1960 ιμπνευσθείη,
777 1890 943 1943 τοῦτο
973 1890 1175 1957 λέγειν.
1207 1891 1317 1944 Καὶ
1345 1889 1373 1942 ὁ
1395 1888 1494 1957 μὲν
1523 1889 1646 1959 ἦκει
1679 1889 1815 1958 πρὸς
1833 1889 1923 1943 τὸν

336 1982 553 2037 Βαλὰκ.
623 1983 732 2036 Καὶ
781 1983 864 2046 είς
914 1981 1040 2053 ὅρος
1100 1982 1310 2053 ἀχθεὶς,
1389 1985 1532 2039 ἑπτά
1583 1998 1645 2037 τε
1689 1982 1924 2054 ταύρους

334 2073 748 2139 ὁλοκαυτώσας,
785 2074 877 2125 καὶ
920 2072 1224 2137 τοσούτους
1255 2074 1469 2144 κριοὺς,
1519 2073 1595 2137 ὼς
1654 2067 1764 2125 εἶδε
1800 2089 1925 2143 τρο-

337 2168 455 2235 πὴν
510 2165 951 2234 σημαινομένην,
1011 2167 1071 2218 ού
1132 2164 1293 2234 μόνον
1348 2164 1407 2217 ού
1464 2162 1771 2235 κατηύξατο
1816 2162 1925 2215 τῶν

353 2256 658 2326 Ἐϐραίων,
708 2256 828 2310 ἀλλ’
862 2256 1189 2318 ἐπιθειάσας
1233 2255 1429 2318 αὐτούς
1466 2272 1525 2309 τε
1551 2257 1649 2309 atati.
1678 2255 1737 2307 τὸ
1767 2254 1924 2322 γένος

337 2347 495 2399 ἅπαν
537 2346 1053 2416 αὐτῶνεύλόγησε,
1076 2346 1174 2400 καὶ
1228 2345 1529 2416 ὲξύμνησε.
1589 2343 1696 2397 Τοῦ
1730 2344 1784 2397 δὲ
1818 2345 1916 2396 Ba-

339 2435 449 2486 λακ
496 2435 948 2506 δυσχεραίνοντος
998 2436 1092 2488 ἐπὶ
1147 2434 1388 2500 τούτοις,
1435 2436 1542 2504 ἔφη
1585 2435 1614 2487 ὁ
1668 2434 1919 2504 Βαλαάμ·

340 2528 470 2579 Οὐκ
498 2525 592 2594 ἐφ’
625 2524 772 2593 ἡμῖν
799 2525 933 2592 περὶ
967 2524 1086 2578 τῶν
1114 2527 1398 2578 τοιούτων
1425 2523 1607 2595 σιγᾷν
1647 2526 1686 2593 ἢ
1726 2523 1926 2594 λέγειν

336 2616 538 2681 ἐστιν,
568 2611 926 2681 ὧβασιλεῦ,
961 2617 1110 2670 ἀλλ’
1158 2616 1257 2670 ὅτε
1286 2615 1443 2686 ἡμᾶς
1488 2616 1557 2670 τὸ
1611 2617 1718 2671 τοῦ
1774 2616 1923 2671 Θεοῦ

338 2707 502 2774 λάϐῃ
538 2708 799 2776 πνεῦμα,
843 2707 918 2773 ἃς
949 2708 1142 2761 ἐκεῖνο
1161 2708 1453 2772 ,βούλεται
1482 2708 1683 2778 φωνὰς
1711 2707 1925 2777 ἀφίησι

341 2797 643 2868 δι’ήμῶν.
688 2799 853 2868 Ἐμοὶ
915 2799 984 2852 δὲ
1014 2798 1357 2869 χαρίζεσθαι
1380 2800 1739 2868 βουλομένῳ
1799 2816 1925 2864 σοι,

343 2891 552 2957 βωμὸν
591 2883 769 2952 αὖθις
792 2888 1186 2958 ἐτοιμιιστέον
1225 2891 1321 2943 καί
1373 2891 1622 2958 θύματα.
1657 2889 1785 2941 Θύει
1812 2889 1926 2941 τοί-

347 2998 445 3032 νυν
467 2978 565 3031 καὶ
610 2979 799 3040 πάλιν,
834 2979 932 3032 καὶ
989 2996 1171 3033 πεσων
1226 2980 1319 3031 ἐπὶ
1367 2980 1563 3049 στόμα,
1624 2979 1926 3049 προῦλεγεν

344 3074 448 3123 ὅσα
478 3088 540 3123 τε
571 3070 893 3140 βασιλεῦσιν
917 3071 1069 3124 ἔσται
1101 3070 1275 3142 πάθη,
1308 3072 1404 3123 καὶ
1425 3071 1526 3124 ὅσα
1557 3071 1681 3133 ταῖς
1710 3069 1923 3122 πόλεσι.

350 3163 541 3216 Βαλὰκ
603 3162 662 3215 δὲ
704 3162 920 3233 ἀτίμως
971 3163 1294 3232 ἀποπέμπει
1336 3160 1430 3214 τὸν
1485 3159 1736 3230 Βαλαάμ.
1795 3156 1928 3212 Εἶτα

353 3256 454 3319 τὰς
488 3255 802 3326 παρθένους
852 3254 1159 3323 ἐπιπέμπει
1193 3256 1308 3317 τοῖς
1360 3251 1749 3324 Ἰσραηλίταις,
1790 3251 1932 3304 κατὰ

349 3346 671 3417 συμίὶουλῄν
735 3344 992 3412 Βαλαὰμ,
1052 3340 1140 3406 αἶς
1171 3345 1222 3396 οί
1252 3342 1362 3395 τῶν
1420 3343 1688 3413 Ἐϐραίων
1745 3342 1931 3405 παῖδες

350 3438 694 3500 ἁλίσκονται,
728 3436 824 3488 καὶ
871 3435 1099 3497 ταύταις
1151 3421 1444 3503 συιῄεσαν,
1497 3432 1571 3495 ὼς
1638 3429 1931 3493 διαπαντὸς

352 3531 457 3600 ἥδη
503 3528 601 3581 τοῦ
664 3527 903 3599 στρατοῦ
957 3529 1055 3599 τὴν
1112 3526 1460 3597 παρανομίαν
1517 3526 1716 3596 χωρεῖν
1768 3526 1932 3596 ἔρωτι

354 3625 467 3674 τῶν
552 3622 912 3677 Μαδιανιτῶν
995 3620 1301 3688 γυναικῶν,
1362 3620 1505 3681 θεοῖς
1580 3618 1758 3671 αὐτῶν
1824 3617 1933 3673 τῶν

370 3714 635 3783 Ἐϐρςίων
665 3715 926 3779 θυόντων,
973 3712 1068 3765 καὶ
1101 3712 1397 3781 ἀσυνήθων
1446 3711 1758 3781 γευομένων
1801 3726 1928 3778 τρο⁸

367 3804 508 3872 φῶν.
559 3806 794 3874 Μωῦσῆς
827 3805 884 3858 δὲ
928 3806 1008 3867 είς
1064 3804 1369 3873 ἐκκλησίαν
1402 3803 1630 3871 ἀγαγὼν
1660 3805 1750 3855 τὸν
1780 3803 1930 3866 λαὸν,

361 3898 463 3949 οὐκ
524 3895 648 3960 ἄξια
696 3898 833 3968 δρᾷν
887 3895 1117 3963 ἑαυτῶν,
1169 3896 1292 3948 οὐδὲ
1333 3894 1442 3948 τῶν
1503 3894 1755 3965 πατέρων
1806 3895 1934 3957 τοὺς

360 3991 515 4051 νέους
565 3989 748 4058 ἔλεγεο
810 3988 907 4042 καὶ
958 3989 1224 4057 ἐπειρᾶτο
1274 3986 1500 4048 τούτους
1579 3984 1931 4057 ἐπανορθοῦν.

362 4080 631 4151 Ζαμὸρὴς
658 4081 720 4134 δὲ
759 4081 1040 4152 φύλαρχος
1080 4082 1155 4134 ῶν
1181 4079 1361 4149 φυλῆς
1385 4078 1483 4149 τῆς
1516 4079 1931 4149 Συμεωνίτιδος,

359 4176 453 4225 καὶ
493 4173 848 4226 Μαδιανίτιδι
889 4172 1183 4237 συνοικῶν,
1214 4172 1311 4226 καὶ
1364 4171 1689 4241 περιμανῶς
1721 4170 1936 4240 ἐκείνης

2026 516 2323 582 insidebat,
2352 515 2763 579 animadverso,
2817 530 2927 571 non
2981 514 3461 585 progrediebatur,
3502 532 3598 571 ne-

2027 625 2134 680 que
2168 608 2401 664 cedebat
2427 607 2750 663 verberibus
2783 625 2796 661 :
2837 606 2934 662 sed
2971 608 3061 661 Dei
3117 615 3254 661 nutu
3302 622 3439 661 voce
3493 609 3601 662 bu-

2028 715 2186 753 mana
2211 699 2380 763 edita,
2407 699 2802 774 expostulabat
2850 698 2958 769 43
2993 713 3121 753 cum
3150 698 3399 762 domino,
3426 713 3458 752 a
3491 714 3603 768 quo

2029 793 2344 861 vapulabat,
2379 792 2525 860 quod
2552 807 2660 845 non
2686 791 3036 861 intelligeret,
3093 790 3363 846 divinitus
3384 805 3449 846 ea
3476 805 3605 861 pro-

2026 883 2229 946 hiberi,
2271 883 2339 938 ad
2399 900 2520 953 quae
2584 891 2927 952 properaret.
2972 883 3118 938 Voce
3163 882 3257 937 illa
3305 883 3603 953 perterrito

2026 976 2191 1029 etiam
2222 974 2447 1045 angeius
2472 983 2724 1044 apparet,
2766 990 2831 1028 ac
2870 989 2929 1028 se
2972 973 3049 1028 ait
3096 974 3350 1044 iumento
3382 977 3491 1028 iter
3515 974 3603 1028 ἰη-

2028 1066 2358 1120 tereludere.
2389 1066 2613 1119 Reverti
2670 1065 2968 1128 volentem,
3017 1074 3077 1118 ut
3100 1074 3292 1135 pergat
3318 1065 3601 1131 hortatur,

2025 1168 2082 1213 et
2104 1158 2375 1228 quidquid
2399 1158 2448 1213 ei
2487 1158 2752 1213 divinitus
2773 1158 3099 1228 inspiretur,
3123 1159 3294 1214 dicat.
3317 1160 3396 1213 Ac
3448 1160 3605 1213 venit

2027 1250 2121 1305 ille
2150 1250 2372 1319 quidem
2407 1249 2475 1304 ad
2516 1249 2796 1314 Balacum,
2832 1259 2888 1305 et
2917 1249 2972 1304 iu
3007 1259 3250 1305 montem
3279 1250 3603 1320 perductus,

2024 1348 2237 1411 septem
2273 1342 2445 1396 tauris
2480 1341 2821 1411 totidemque
2845 1341 3113 1397 arietibus
3137 1342 3454 1408 immolatis,
3475 1358 3604 1397 cum

2028 1445 2266 1503 stragem
2312 1433 2612 1503 signiﬁcari
2670 1432 2905 1499 videret,
2961 1450 3071 1488 non
3105 1436 3268 1489 modo
3303 1436 3443 1489 mala
3493 1451 3605 1490 non

2030 1524 2361 1595 imprecatus
2413 1534 2498 1581 est
2548 1526 2838 1589 lsraelitis,
2896 1527 2991 1581 sed
3029 1535 3086 1581 et
3121 1528 3270 1596 ipsos
3320 1537 3377 1580 et
3432 1530 3598 1582 omne

2026 1633 2202 1686 genus
2225 1632 2418 1671 eorum
2449 1616 2646 1670 faustis
2679 1617 2958 1672 ominibus
3004 1625 3061 1671 et
3095 1617 3298 1671 divinis
3345 1616 3607 1672 laudibus

2027 1717 2373 1778 prosecutus.
2396 1707 2476 1763 Ac
2503 1709 2746 1779 graviter
2779 1709 2870 1763 illa
2934 1708 3138 1765 ferenti
3185 1709 3421 1764 Balaco:
3481 1708 3603 1762 Non

2026 1815 2181 1869 penes
2251 1816 2365 1864 nos,
2434 1799 2633 1868 inquit,
2683 1809 2781 1863 est,
2834 1816 2865 1854 ο
2919 1815 3034 1865 rex,
3084 1802 3188 1855 ista
3261 1800 3343 1853 vel
3433 1798 3601 1870 loqui,

2025 1888 2105 1942 vel
2157 1896 2328 1943 tacere
2354 1905 2372 1942 :
2397 1890 2486 1943 sed
2537 1906 2655 1943 cum
2689 1891 2895 1944 divinus
2926 1893 3143 1960 spiritus
3177 1907 3271 1944 nos
3314 1894 3605 1961 occuparit,

2024 1998 2155 2051 quas
2175 1984 2285 2052 ipse
2311 1982 2442 2046 vult,
2474 1998 2568 2052 per
2609 1999 2702 2037 nos
2729 1999 2874 2037 voces
2904 1983 3030 2037 edit.
3067 1983 3173 2039 Sed
3196 1984 3324 2053 quia
3351 1984 3445 2036 tibi
3476 1999 3604 2052 gra-

2030 2081 2146 2127 tum
2183 2074 2356 2143 facere
2381 2075 2555 2144 cupio,
2590 2074 2760 2128 denuo
2796 2074 3107 2127 instruenda
3145 2076 3244 2128 erit
3289 2090 3387 2127 ara
3422 2082 3471 2127 et
3533 2076 3607 2128 vi-

2023 2167 2214 2220 ctimae.
2251 2165 2463 2220 Rursus
2519 2165 2685 2235 igitur
2738 2166 3029 2230 sacriﬁcat,
3065 2174 3123 2229 et
3159 2164 3214 2219 in
3248 2165 3441 2221 faciem
3478 2180 3608 2234 pro-

2024 2256 2230 2326 lapsus,
2264 2256 2449 2312 clades
2491 2257 2715 2327 regibus
2739 2264 2794 2312 et
2830 2257 3068 2313 urbibus
3096 2256 3446 2312 imminentes
3472 2258 3608 2311 vati-

2026 2345 2269 2402 cinatur.
2309 2347 2426 2414 Qua
2468 2347 2538 2403 de
2586 2362 2748 2403 causa
2784 2347 3013 2404 Balacus
3062 2364 3189 2405 eum
3230 2349 3348 2404 siue
3398 2349 3609 2403 honore

2025 2436 2272 2492 dimittit.
2298 2437 2558 2507 Idemque
2587 2448 2711 2508 post
2734 2441 2798 2495 de
2821 2440 3060 2494 Balaami
3087 2440 3344 2505 concilio,
3366 2440 3610 2509 virgines

2033 2527 2094 2582 in
2130 2530 2506 2586 lsraelitarum
2540 2540 2721 2588 castra
2747 2532 2939 2596 mittit,
2994 2548 3024 2587 a
3059 2533 3264 2602 quibus
3292 2532 3506 2588 Hebraei
3540 2533 3607 2587 ad
3710 2536 3713 2537 ⁷

2026 2619 2231 2675 coitum
2259 2622 2663 2687 alliciebantur,
2698 2633 2757 2678 ut
2782 2624 2835 2677 id
2861 2625 3075 2679 facinus
3105 2634 3277 2680 totum
3307 2625 3607 2680 exercitum

2027 2720 2455 2781 pervagaretur,
2509 2726 2697 2765 amore
2752 2712 3226 2767 Madianiticarum
3287 2712 3604 2775 mulierum,

2028 2800 2139 2855 diis
2176 2816 2366 2855 carum
2404 2800 2648 2857 Hebraeis
2682 2802 3153 2868 sacrificantibus,
3185 2809 3243 2857 et
3269 2802 3422 2858 cibos
3453 2803 3606 2858 inso-

2027 2891 2159 2946 litos
2210 2892 2667 2948 concedentibus.
2714 2892 2891 2946 Moses
2940 2892 3146 2962 populo
3176 2893 3243 2947 ad
3277 2894 3599 2948 concionem

2029 2991 2247 3049 vocato,
2283 2981 2520 3049 dicebat,
2558 2984 2940 3044 adolescentes
2970 3000 3148 3055 neque
3185 3000 3267 3051 se,
3300 3001 3481 3056 neque
3507 3001 3604 3055 pa-

2004 3070 2213 3131 tribus
2238 3077 2354 3133 suis
2399 3076 2563 3144 digna
2590 3077 2792 3142 facere,
2828 3094 3037 3149 eosque
3065 3078 3345 3149 corrigere
3380 3087 3593 3148 satageo

2032 3168 2143 3222 bat.
2176 3166 2445 3223 Caterum
2476 3168 2739 3224 Zambres
2771 3168 3064 3224 Simeonia:
3112 3168 3291 3223 tribus
3321 3167 3598 3238 princeps,

2030 3260 2124 3330 qui
2159 3260 2561 3315 Madianiticam
2591 3262 2876 3315 mulierem
2907 3262 3010 3317 sibi
3042 3270 3264 3331 nuptam
3296 3263 3491 3315 insano
3534 3277 3599 3315 a-

2030 3367 2182 3406 more
2228 3350 2536 3420 deperibat,
2595 3351 2945 3422 impudenter
2993 3366 3113 3406 sese
3148 3351 3280 3405 Mosi
3329 3354 3608 3422 Opposuit,

2031 3458 2210 3512 neque
2238 3457 2477 3511 unquam
2511 3442 2859 3497 deserturum
2896 3443 3260 3513 jurejurando
3291 3442 3599 3496 afﬁrmavit.

2032 3535 2266 3590 Phinees
2294 3542 2477 3591 autem
2540 3535 2817 3606 pontificis
2874 3535 3121 3591 Eleazari
3207 3536 3353 3590 filius
3404 3535 3614 3589 doloris

2032 3627 2331 3683 acerbitate
2358 3629 2560 3693 victus,
2613 3642 2725 3681 non
2782 3628 2938 3697 prius
2987 3636 3045 3681 et
3101 3627 3507 3683 Madianitidem
3556 3636 3613 3681 et

2031 3719 2319 3775 Zambrem
2354 3722 2535 3790 gladio
2578 3721 2873 3776 verberare
2909 3720 3141 3787 destitit,
3192 3736 3354 3788 quam
3397 3730 3614 3773 utrum-

2031 3825 2140 3878 que
2170 3810 2484 3866 occidisset.
2528 3811 2686 3866 Hunc
2715 3812 2807 3865 alii
2836 3813 3071 3879 juvenes
3117 3810 3352 3865 studiosi
3383 3809 3609 3864 virtutis

2034 3906 2266 3969 imitari,
2301 3905 2649 3974 perimebant
2678 3905 3058 3960 adolescentes
3104 3904 3197 3974 qui
3232 3912 3423 3959 contra
3464 3904 3613 3969 leges

2033 3994 2244 4064 patrias
2277 3994 2606 4065 alienigenis
2639 3994 2973 4049 mulieribus
3023 4010 3082 4050 se
3137 3995 3605 4050 contaminarant.

2033 4086 2113 4140 lta
2144 4086 2248 4139 viri
2324 4100 2414 4139 le
2469 4084 2713 4140 millibus
2764 4085 2911 4139 haud
2966 4085 3252 4155 pauciores
3305 4082 3611 4152 perierunt.

2033 4177 2109 4232 Ea
2150 4193 2207 4233 re
2246 4178 2424 4234 Moses
2475 4179 2671 4240 iratus,
2721 4186 2912 4231 contra
2944 4176 3266 4231 Madianitas
3309 4174 3613 4230 exercitum

357 4263 520 4332 ἐρῶν,
562 4265 848 4327 Μωῦσέως
895 4263 1386 4334 κατηναιδεύσατο,
1442 4263 1539 4315 καὶ
1575 4264 1652 4332 μὴ
1700 4261 1767 4315 ἄν
1805 4279 1927 4314 ποτε

2037 4270 2229 4332 mittit,
2266 4270 2487 4325 Phinea:
2527 4270 2783 4323 mandato
2819 4266 3074 4336 imperio.
3111 4266 3306 4320 Praslio
3354 4266 3615 4320 commis-

356 4356 456 4425 τὴν
505 4359 747 4424 γυναῖκα
798 4355 1124 4408 καταλιπεῖν
1179 4352 1529 4423 διωμώσατο.
1574 4352 1633 4404 '0
1665 4349 1853 4412 Φινεὲς
1880 4348 1927 4401 δὲ

2038 4375 2120 4423 so,
2156 4374 2312 4428 reges
2356 4374 2547 4412 eorum
2585 4358 2788 4413 cadunt
2819 4372 3049 4411 numero
3091 4358 3356 4426 quinque,
3386 4364 3440 4410 et
3473 4357 3617 4410 mul-

357 4451 453 4502 τοῦ
503 4448 815 4519 ἀρχιερέως
871 4446 948 4501 ὢν
1000 4448 1130 4510 παῖς
1183 4444 1475 4512 Ἐλεάζαρ,
1534 4442 1927 4512 περιαλγήσας,

2040 4448 2215 4504 titudo
2242 4448 2456 4517 ingens.
2502 4448 2713 4502 Hebraei
2751 4447 3029 4517 regionem
3084 4461 3276 4501 eorum
3320 4445 3613 4515 diripiunt,

359 4541 457 4593 ούκ
488 4542 665 4611 ἀνῆκε
708 4539 889 4593 παίων
922 4541 991 4609 τῇ
1051 4539 1300 4609 ῥομφαίᾳ
1328 4537 1428 4606 τὴν
1461 4534 1786 4590 Μαδιανίτιν
1842 4533 1927 4585 καὶ

2039 4537 2253 4594 civibus
2286 4552 2393 4592 una
2421 4552 2546 4591 cum
2571 4536 2839 4590 uxoribus
2869 4534 3090 4598 occisis,
3119 4534 3252 4589 solis
3302 4533 3612 4603 virginibus

360 4633 450 4686 τὸν
483 4632 779 4702 Ζαμὸρὴν,
808 4631 914 4695 ἕως
968 4630 1067 4684 καὶ
1098 4630 1268 4698 ἄμφω
1309 4627 1657 4681 ἀπέκτεινεν.
1692 4624 1786 4676 Ὃν
1839 4621 1927 4676 καλ

2040 4634 2349 4697 parcentes,
2382 4640 2504 4694 quae
2534 4625 2689 4679 fuere
2728 4624 2793 4678 ad
2838 4640 2981 4678 xxxii
3013 4623 3207 4688 millia,
3245 4636 3385 4691 quas
3440 4621 3616 4675 Moses

359 4724 510 4778 ἄλλοι
572 4725 725 4790 νέοι,
759 4718 840 4786 οἷς
886 4722 1088 4793 ἀρετῆς
1148 4719 1351 4791 ἔμελε,
1396 4718 1800 4788 μιμησάμενοι,
1853 4715 1927 4768 άν⁴

2038 4716 2446 4779 sacerdotibus,
2495 4714 2606 4787 Μ
2644 4715 2854 4769 Levitis
2877 4724 2933 4769 et
2979 4715 3184 4784 populo
3207 4713 3529 4769 distribuit:
3562 4721 3617 4766 et

358 4816 527 4888 ῄρουν
564 4815 678 4869 τῶν
709 4817 845 4868 νέων
883 4814 1011 4877 τοὺς
1059 4813 1152 4865 ἐπὶ
1188 4810 1439 4880 γυναιξὶν
1490 4807 1809 4877 ἀλλοφύλοις
1838 4823 1927 4859 πα-

2042 4808 2170 4879 quia
2220 4808 2333 4877 jam
2386 4807 2542 4862 senio
2579 4809 2865 4861 confectus
2903 4817 3045 4870 erat,
3095 4819 3475 4861 successorem
3509 4804 3615 4859 sibi

325 4876 812 4980 ’ρανομήσανταᾳ
865 4876 1229 4961 Ἀπύλλυντανι
1276 4899 1370 4958 οῦν
1402 4901 1594 4971 ἄνδρες
1638 4876 1739 4952 οὐκ
1778 4897 1927 4952 ὲλάτ·

2045 4876 2300 4970 designat
2326 4899 2511 4955 Iesum
2545 4898 2713 4953 Navis
2742 4900 2935 4953 filium.

358 5019 484 5064 τους
517 5002 735 5073 μυρίων
805 5002 900 5053 καὶ
942 4996 1424 5070 τετρακισχιλίων.
1477 4992 1762 5048 Ἐντεῦθεν
1845 4990 2205 5062 παροξυνθεὶς
2246 4993 2489 5062 Μωῦσῆς
2578 4992 2722 5044 κατὰ
2777 4993 2888 5045 τῶν
2936 4991 3283 5045 Μαδιανιτῶν
3345 4990 3615 5059 ἐξέπεμψε

362 5100 652 5168 στρατιάν,
692 5095 1047 5165 στρατάρχην
1094 5093 1268 5161 αὐτῆς
1297 5088 1587 5155 ἀποδείξας
1628 5087 1720 5141 τὸν
1768 5086 1977 5149 Φινεές.
2013 5086 2124 5139 Καὶ
2195 5087 2376 5157 μάχης
2429 5086 2728 5156 συστάσης,
2802 5087 2859 5140 οῐ
2895 5104 2957 5140 τε
3010 5085 3251 5156 βασιλεῖς
3302 5087 3484 5140 αὐτῶν
3528 5087 3616 5138 πί·

362 5191 799 5254 πτουσιν,θντες
833 5191 1014 5254 πέντε,
1044 5189 1140 5241 καὶ
1169 5185 1376 5256 πλῆθος
1418 5184 1559 5253 ἄγαν
1609 5180 1767 5236 πολύ.
1821 5181 1885 5234 Oi.
1930 5181 1986 5233 δὲ
2037 5180 2281 5250 Ἑὸραῖοι
2323 5182 2424 5249 τὴν
2472 5181 2657 5251 χώραν
2715 5182 2896 5237 αὐτῶν
2966 5182 3330 5252 διηρπάκασι,
3369 5181 3616 5242 καὶτοὺς

360 5290 660 5355 οἰκήτορας
693 5285 795 5338 σὺν
834 5280 1052 5351 γυναιξὶ
1111 5277 1551 5347 διαφθείραντες,
1618 5273 1789 5345 μόνας
1840 5274 1942 5337 τὰς
1980 5274 2287 5345 παρθένους
2313 5273 2627 5338 κατέλιπον,
2673 5274 2752 5336 είς
2816 5274 3153 5343 τρισμυρίας
3211 5274 3307 5326 καὶ
3349 5271 3614 5341 δισχιλίας

363 5382 806 5453 ἀριθμουμένας,
834 5378 901 5441 ἃς
937 5380 1050 5441 τοῖς
1097 5375 1307 5447 ἱερεῦσι
1334 5390 1395 5427 τε
1422 5369 1795 5433 καὶΛευῒταις
1835 5371 1932 5423 καὶ⁵
2005 5370 2082 5439 τῷ
2128 5369 2242 5440 λαῴ
2312 5369 2551 5439 διένειμε
2600 5369 2864 5438 Μωῦσῆς.
2915 5367 3151 5439 Γηραιὸς
3200 5367 3258 5420 δὲ
3311 5367 3615 5433 τυγχάνων,

362 5480 609 5548 διάδοχον
640 5473 842 5528 ἑαυτοῦ
869 5472 1176 5540 κατέστησε
1220 5470 1313 5522 τὸν
1358 5466 1454 5520 τοῦ
1502 5464 1659 5535 Ναυῆ
1708 5461 1942 5533 Ἰησοῦν,
1984 5463 2342 5525 κελεύσαντος
2367 5462 2461 5515 τοῦ
2490 5460 2648 5515 Θεοῦ.

435 5568 539 5623 18’.
576 5568 648 5623 Δί
693 5564 866 5634 φυλαὶ
906 5563 963 5617 δὲ
1008 5562 1115 5616 Γάδ
1141 5578 1202 5614 τε
1263 5559 1646 5628 καὶιῬουδὶμ,
1699 5560 1794 5611 καὶ
1840 5556 1927 5625 τῆς

2126 5552 2272 5607 XIX.
2307 5553 2442 5607 Cum
2475 5552 2649 5607 tribus
2677 5552 2870 5615 Gadia,
2910 5551 3182 5613 Rubenia.
3218 5558 3275 5604 et
3321 5548 3618 5603 Manasseai

366 5663 460 5716 τοῦ
524 5660 801 5726 Μανασσῆ
842 5658 876 5727 ἡ
918 5655 1169 5726 ἡμίσεια,
1221 5653 1434 5706 ἐδέοντο
1495 5650 1799 5711 Μωῦσέως.
1842 5650 1927 5713 τὴς.

2049 5645 2290 5700 semissis
2332 5645 2533 5699 Mosem
2567 5655 2809 5708 orarent,
2849 5655 2907 5698 ut
2935 5642 3379 5698 Amorrhzeorum
3414 5649 3615 5695 terrain

367 5755 474 5810 τῶν
529 5750 891 5825 Ἀμορραίων
941 5748 1048 5818 γῆν
1130 5743 1559 5817 προσκληρῶσαι
1615 5742 1821 5804 αὐτοῖς.
1882 5738 1927 5792 'C

2049 5738 2186 5808 ipsis
2213 5738 2537 5794 attribueret
2561 5737 2776 5804 ;itaque
2811 5736 2901 5791 ille
2927 5732 3200 5799 ignaviam
3227 5732 3309 5791 eis
3330 5733 3609 5791 oonrobra
