4070 6214
493 370 593 434 103

1754 378 2086 438 ΙΟΛΝΝΙΒ
2127 376 2447 438 ΖΟΝΛΒᾹΞ

3656 371 3757 436 104

484 490 590 546 ret,
627 481 801 552 utqui
834 481 964 537 belli
989 482 1287 539 Chananmi
1323 486 1644 541 societatem
1682 503 1808 542 cum
1837 489 2062 560 popula-

2172 490 2228 543 δὲ
2262 489 2470 552 δειλοὺς
2516 488 2714 552 αὐτοὺς
2751 488 3039 554 ἀπεκάλει,
3077 487 3173 542 καὶ
3223 489 3299 560 μὴ
3358 487 3615 552 θέλοντας
3655 489 3756 559 τῆς

482 571 638 626 ribus
669 572 1043 627 detrectarent
1086 588 1099 628 :
1139 575 1216 629 illi
1245 592 1304 630 se
1328 574 1711 646 defendentes,
1745 579 1907 631 aliam
1939 579 2070 634 alle-

456 668 678 751 _rcbant
717 680 962 732 causam,
994 671 1145 741 quod
1170 688 1393 742 pecora,
1424 688 1661 744 quorum
1699 676 1872 746 cepiis
1893 676 2069 731 abun-

481 762 695 825 darent,
725 761 781 814 in
813 777 877 815 ea
922 764 1148 834 regione
1176 765 1424 820 relicturi
1450 776 1656 835 essent,
1698 778 1817 823 acta
1846 770 1924 823 rei
1973 785 2069 839 pe-

481 853 772 918 cuniariae,
820 863 879 909 ut
905 856 1008 925 ipsi
1038 859 1389 927 pepularium
1416 861 1728 914 certamina
1753 861 2067 930 expeditius

480 942 818 1011 adjutarent.
846 944 1198 1001 Collaudavit
1231 963 1294 1002 ea
1331 947 1530 1015 Moses,
1568 966 1734 1020 atque
1774 952 1842 1005 iis
1871 951 2066 1006 condi—

481 1032 729 1089 tionibus
790 1036 1154 1091 Amoritidem
1218 1039 1301 1094 eis
1355 1035 1533 1094 Moses
1589 1038 1862 1096 attribuit.
1925 1041 2065 1097 Cum

479 1135 665 1179 autetu
693 1127 919 1195 quidam
944 1126 1244 1184 Manasseae
1283 1130 1482 1195 tribus,
1508 1132 1643 1188 solis
1683 1133 1891 1188 relictis
1922 1130 2063 1188 lilia-

478 1215 606 1281 bus,
636 1216 992 1283 decessisset,
1048 1221 1442 1294 interrogatus,
1493 1225 1652 1295 cujus
1712 1234 1859 1279 esset
1914 1225 2063 1280 illius

480 1316 685 1379 portio,
714 1313 1003 1381 respondit
1033 1332 1046 1367 :
1089 1314 1136 1368 si
1175 1313 1381 1384 quibus
1410 1316 1695 1371 tribulium
1743 1317 2065 1386 nupsissent

478 1403 741 1472 virgines,
767 1413 827 1457 ut
861 1419 966 1457 una
1012 1418 1137 1458 cum
1169 1405 1422 1475 portione
1449 1406 1517 1461 ad
1559 1407 1684 1461 illos
1710 1407 2014 1463 transirent
2048 1427 2061 1463 :

479 1498 566 1544 sin
600 1492 880 1561 aliquibus
910 1494 1139 1548 alterius
1185 1495 1904 1565 tribus.desponderentnr,
1939 1510 2066 1567 por-

480 1583 687 1637 tionem
717 1586 770 1636 in
804 1586 983 1654 patria
1016 1586 1161 1639 tribu
1210 1586 1613 1657 relinquerent.
1666 1588 1759 1642 Sic
1794 1591 2063 1661 cujusque

476 1674 623 1728 bona
648 1676 703 1728 in
728 1690 826 1729 sua
854 1676 999 1729 tribu
1027 1693 1148 1733 esse.
1178 1679 1464 1732 retinenda
1492 1682 1803 1735 constituit.
1830 1681 1948 1736 Jam
1967 1696 2066 1736 au-

479 1777 588 1821 tem
639 1770 1003 1839 quadraginta
1039 1771 1200 1824 annis
1227 1774 1244 1841 (
1276 1770 1529 1842 demptis,
1564 1771 1789 1843 triginta
1838 1773 2062 1845 diebus)

2174 581 2314 650 πρὸς
2345 576 2694 643 Χαναναίους
2745 579 2931 649 μάχης
2983 579 3323 648 κοινωνῆσαι
3380 581 3490 642 τοῖς
3541 579 3757 648 ὁμοφύ-

2136 681 2141 685 ‘
2172 673 2307 736 λοις.
2358 671 2768 741 Ἀπελογοῦντο
2809 671 2854 725 δ’
2884 674 3087 725 ἐκεῖνοι
3122 669 3201 743 μὴ
3234 669 3394 723 τοῦτο
3421 666 3589 734 εἶναι,
3619 669 3757 723 ἀλλὰ

2174 764 2370 833 πλήθει
2393 764 2562 835 βοσκη
2575 766 2762 834 μάτων
2786 762 3244 834 εὐθηνουμένουφ,
3267 762 3556 832 βούλεσθαι
3583 758 3757 816 ταῦτα

2173 860 2325 926 παρὰ
2375 856 2442 928 τῇ
2518 856 2673 927 χώρᾳ
2753 856 3102 923 καταλιπεῖν,
3180 854 3361 925 ἀγαθῇ
3408 854 3755 927 τυγχανούσῃ

2172 953 2308 1022 πρὸς
2339 953 2688 1022 τετραπόδων
2717 950 2948 1022 τροφὴν,
2987 949 3054 1003 ἵν’
3119 945 3231 1001 εἶεν
3263 949 3419 1001 αὐτοὶ
3441 948 3580 1019 πρὸς
3626 950 3756 1012 τοὺς

2167 1046 2387 1113 ἀγῶνας
2416 1048 2529 1109 τοῖς
2555 1045 2844 1115 ὁμογενέσι
2888 1043 3312 1114 συνεπαίροντες
3346 1040 3595 1106 εὔζωνοι.
3621 1041 3759 1096 Ἐπ-

2170 1138 2331 1209 ῄνεσε
2395 1137 2573 1191 ταῦτα
2627 1138 2891 1207 Μωῦσῆς,
2929 1137 3024 1190 καὶ
3073 1136 3172 1207 τὴν
3229 1135 3514 1206 Ἀμορίτιν
3568 1136 3755 1197 αὐτοῖς

2172 1232 2633 1303 τροσεκλήρωσεν
2666 1228 2758 1284 ἐπὶ
2793 1230 3073 1293 τοιαύταις
3114 1229 3434 1298 συνθήκαις.
3482 1228 3756 1297 Τέθνηκό-

2168 1342 2260 1387 τος
2298 1325 2355 1377 δέ
2380 1341 2525 1387 τινος
2569 1324 2633 1376 ὲκ
2652 1323 2753 1392 τῆς
2795 1321 3069 1390 Μανασσῆ
3101 1322 3273 1391 φυλῆς
3321 1322 3414 1373 ἐπὶ
3442 1321 3752 1389 Θυγατρὰσι

2173 1418 2386 1484 μόναις,
2421 1414 2726 1486 ἐρωτηθεὶς
2787 1410 3058 1481 Μαῠσῆς,
3109 1413 3253 1476 τίνος
3287 1414 3316 1464 ὁ
3372 1414 3586 1465 ἐκείνου
3614 1411 3751 1480 κλῆ-

2171 1527 2262 1579 ρος
2288 1509 2465 1561 ἔσοιτο
2491 1526 2505 1575 ;
2560 1507 2900 1577 ἁπεκρίνατο
2924 1523 2937 1536 ·
2978 1508 3037 1559 Ei
3071 1507 3173 1575 μέν
3223 1523 3334 1560 τισι
3361 1506 3473 1559 τῶν
3505 1504 3755 1576 φυλετῶν

2170 1601 2590 1668 συνοικήσουσιν
2620 1599 2677 1651 αἱ
2718 1600 3012 1668 παρθένοι,
3046 1598 3187 1668 μετὰ
3238 1596 3334 1651 τοῦ
3372 1598 3579 1666 κλήρου
3614 1596 3756 1666 πρὸς

2168 1694 2413 1756 ἐκείνους
2457 1693 2839 1764 χωρείτωσαν·
2875 1692 3008 1745 εἰδὲ
3044 1691 3441 1763 μνηστεύοιντό
3486 1706 3630 1743 τισιν
3692 1690 3754 1755 ἐξ

2171 1786 2368 1856 ἑτέρας
2410 1786 2610 1855 φυλῆς,
2652 1786 2745 1839 τὸν
2776 1785 2979 1855 κλῆρον
3009 1786 3258 1838 ἐάτωσαν
3300 1786 3358 1836 ὲν
3384 1786 3450 1854 τῇ
3516 1781 3752 1853 πατρῴᾳ

476 1860 699 1929 elapsis,
734 1874 802 1915 ex
825 1877 935 1929 quo
968 1862 1231 1916 lsraelitae
1279 1861 1514 1934 Egypto
1547 1875 1919 1931 excesserant,
1951 1865 2062 1921 Mo-

2169 1852 2338 1948 φυλῇ,
2378 1852 2472 1931 καὶ
2527 1852 2673 1930 οὕτω
2715 1852 2902 1947 μένειν
2960 1878 3194 1931 ἑκάστου
3252 1852 3452 1947 κλῆρον
3508 1876 3567 1930 ὲν
3625 1852 3749 1939 ταῖς

476 1966 566 2006 ses
593 1967 767 2006 annos
796 1966 899 2008 cxx
951 1963 1134 2018 natus,
1179 1955 1383 2024 populo
1438 1955 1543 2008 sibi
1568 1966 1804 2010 mortem
1855 1958 2062 2011 instare

476 2044 788 2107 denuntiat,
817 2043 1007 2100 multis
1065 2047 1357 2115 przeceptis
1404 2044 1567 2113 datis,
1591 2046 1955 2118 legibusitem
2006 2057 2064 2104 et

480 2135 798 2214 reipublicae
845 2135 1025 2190 forma
1080 2136 1401 2206 descriptis,
1442 2146 1499 2191 et
1552 2137 1815 2193 mandata
1869 2147 2063 2195 contra

478 2226 852 2279 Amalecbitas
880 2225 1258 2295 expeditione,
1291 2243 1356 2282 ac
1383 2226 1747 2298 jurejurando
1771 2240 1965 2286 exacto
1993 2230 2064 2286 de.

482 2319 766 2372 servandis
787 2319 1019 2389 legibus,
1048 2328 1264 2374 necnOn
1291 2323 1621 2390 imperatore
1638 2321 1705 2376 ad
1723 2320 2065 2378 Chananazos

481 2413 626 2467 bello
650 2414 917 2481 petendos
980 2413 1211 2467 incitato
1242 2426 1256 2465 :
1288 2412 1444 2479 Ecce,
1481 2414 1683 2484 inquit,
1732 2417 1802 2469 ad
1829 2416 2062 2487 majores

480 2516 683 2558 nosros
709 2505 856 2559 abeo.
904 2502 1050 2557 Nam
1075 2504 1217 2558 hunc
1265 2505 1394 2557 mihi
1425 2506 1566 2558 diem
1621 2506 1951 2576 migrationis
1992 2507 2064 2561 ad

478 2599 599 2652 illos
632 2599 768 2651 Deus
794 2598 1100 2668 prwﬁnivit.
1136 2590 1233 2652 llis
1262 2596 1492 2663 auditis,
1522 2599 1759 2669 populus
1795 2598 1848 2654 in
1883 2600 2063 2673 iacry-

480 2705 597 2743 nias
616 2699 672 2744 ct
698 2690 887 2744 ﬂetum
917 2689 1100 2759 erupit
1132 2686 1612 2755 inconsolabiiem,
1647 2706 1712 2746 ac
1738 2701 1975 2758 tantum,
2005 2702 2066 2748 ut

478 2782 711 2837 nﬂ‘ccws
744 2783 835 2836 ille
867 2780 1000 2836 Mosi
1039 2783 1206 2836 etiam
1251 2785 1336 2837 vel
1388 2782 1561 2837 invito
1593 2784 1866 2853 lacrymas
1894 2795 2063 2840 excu-

481 2882 641 2927 teret.
674 2873 985 2927 Abeuntem
1019 2867 1144 2927 eum
1181 2873 1467 2939 inlocum,
1504 2876 1594 2929 tibi
1624 2877 1767 2930 inter
1803 2878 2064 2931 mortales

481 2980 599 3019 esse
626 2965 929 3032 desineret,
967 2967 1456 3037 prosequebantur
1492 2984 1687 3025 omnes
1714 2970 2058 3041 plangentes.

478 3061 547 3113 At
570 3059 661 3114 ille
686 3072 849 3113 manu
878 3067 1110 3115 crateres
1136 3061 1371 3117 ulterius
1405 3061 1660 3132 pregrcdi
1685 3072 2065 3128 vetans,sena-

483 3155 695 3209 toribus
726 3163 939 3210 tantum
991 3164 1047 3210 et
1068 3154 1339 3216 Poptilice
1359 3155 1623 3210 Eleazaro
1657 3157 2066 3227 etimperatore

475 3247 604 3302 Jesn
646 3245 1067 3311 comitantibus,
1106 3246 1285 3300 donec
1310 3244 1466 3300 venit
1490 3246 1557 3300 ad
1594 3256 1837 3300 montem
1873 3247 2064 3302 Naban

478 3348 532 3393 et
563 3353 826 3393 cacumen
853 3337 1136 3402 Pbasente,
1167 3338 1318 3407 quod
1352 3347 1436 3393 est
1490 3339 1544 3394 in
1580 3348 1881 3409 conspectu
1935 3338 2064 3394 llic-

476 3430 778 3497 ricbuntis,
808 3429 955 3485 unde
991 3431 1044 3485 ei
1080 3431 1351 3485 Dominus
1389 3440 1559 3496 terra,
1592 3432 1754 3500 cujus
1776 3431 2067 3487 haeredita—

479 3559 588 3602 tem
626 3546 833 3602 adituri
859 3558 1045 3603 essent
1075 3549 1360 3614 lsraelitae,
1394 3558 1697 3603 monstrata
1729 3549 1867 3603 dixit
1891 3568 1905 3604 :
1931 3547 2067 3603 Ocu—

478 3644 542 3698 lis
561 3643 664 3697 tuis
687 3644 846 3696 istam
870 3644 1097 3707 intuere,
1123 3643 1214 3696 sed
1231 3644 1566 3713 ingressurus
1599 3658 1788 3696 nones.
1808 3642 1889 3697 Ad
1906 3658 2067 3696 mon-

478 3748 586 3794 tem
619 3738 770 3792 ltunc
805 3752 1156 3808 progressus,
1189 3736 1285 3807 qui
1307 3735 1531 3806 quidem
1556 3736 1702 3790 altus
1726 3747 1832 3800 est,
1866 3743 2063 3790 senatu

475 3831 1061 3898 dimisso,Eleazarum
1081 3830 1261 3885 solum
1283 3838 1336 3884 et
1354 3828 1543 3884 Jesum
1572 3843 1765 3884 secum
1790 3827 2021 3882 adducit
2047 3843 2061 3880 :

477 3910 780 3995 a5‘atque
814 3937 940 3977 cum
972 3921 1054 3976 eis
1088 3921 1420 3984 collocutus,
1456 3919 1740 3988 densaque
1772 3918 1919 3972 nube
1954 3918 2065 3972 cir-

477 4016 1058 4082 cumdatus,evanuit.
1085 4013 1364 4070 Scribitur
1386 4020 1572 4067 autem
1602 4012 1657 4065 in
1682 4012 1858 4065 sacris
1882 4010 2065 4066 Libris

475 4112 600 4166 ideo
634 4119 913 4173 mortuus,
947 4123 1017 4162 ne
1053 4090 1123 4161 ob
1162 4105 1525 4160 excellentem
1562 4103 1852 4164 virtutem,
1888 4103 2063 4157 auda-

473 4203 651 4258 ciores
670 4202 840 4272 aliqui
863 4201 1035 4255 Deum
1055 4213 1176 4254 esse
1200 4197 1407 4252 factum
1433 4195 1810 4266 perbiberent.
1837 4194 2061 4250 Summa

461 4296 652 4351 {etatis
678 4297 799 4364 ejus
827 4292 983 4348 fuere
1028 4290 1160 4346 anni
1192 4302 1415 4344 centum
1446 4301 1503 4343 et
1548 4288 1743 4359 viginti
1777 4304 1791 4341 :
1822 4302 2062 4357 quorum

476 4391 757 4448 trientem,
796 4400 905 4439 uno
949 4396 1140 4437 mense
1185 4380 1371 4435 minus
1400 4380 1455 4433 in
1510 4379 1746 4449 ituperio
1782 4378 1905 4434 l'nit.
1957 4378 2063 4432 De-

472 4482 725 4535 functum
774 4481 1035 4533 luxerunt
1066 4476 1185 4531 dies
1221 4476 1467 4545 triginta.
1504 4474 1574 4528 Et
1622 4474 1739 4528 haec
1783 4471 2058 4543 Josephus

2167 1972 2363 2041 φυλαῖς
2396 1971 2704 2037 διετάξατο,
2742 1972 2883 2039 Ἤδη
2905 1971 2962 2025 δὲ
2990 1973 3406 2041 τεσσαράκοντα
3435 1969 3751 2038 stemmata.

2164 2082 2275 2120 των
2321 2064 2484 2135 ἑτῶν,
2518 2064 2704 2129 seem
2753 2066 2852 2135 τῆς
2884 2062 3164 2132 Αἰγύπτου
3203 2065 3251 2115 el
3288 2060 3619 2132 Ἰσραηλίται
3659 2059 3750 2125 ἐξ·

2167 2133 2483 2227 εληλύόασι,
2512 2133 2817 2228 τριάκοντα
2851 2154 3149 2207 ἐνδεουσῶν
3191 2154 3435 2226 ἡμερῶν,
3486 2152 3751 2223 ἁθροίσας

2166 2250 2259 2301 τὸν
2305 2242 2434 2301 λαὸν
2466 2248 2733 2316 Μωῦσῆς,
2766 2246 2960 2301 ἑκατὸν
3014 2247 3224 2299 εἴκοσιν
3268 2244 3533 2299 ἐνιαυτῶν
3583 2260 3753 2312 γεγο-

2167 2339 2297 2406 νὼς,
2332 2341 2394 2393 τὸ
2416 2342 2616 2395 οἰκεῖον
2659 2340 2849 2401 αὐτοῖς
2883 2338 3217 2409 κατήγγειλε
3249 2338 3423 2400 τέλος·
3453 2338 3548 2391 καὶ
3576 2336 3752 2389 πολλὰ

2169 2433 2541 2506 παραινέσας,
2568 2433 2664 2486 καὶ
2698 2432 2897 2501 νόμους
2950 2431 3075 2493 δοὺς
3114 2432 3172 2483 ὲν
3225 2429 3449 2501 βίϐλοις,
3498 2429 3593 2483 καὶ
3646 2429 3753 2495 τῆς

2170 2527 2443 2597 σφετέρας
2468 2524 2748 2588 πολιτείας
2779 2524 3049 2589 διάταξιν,
3104 2523 3202 2577 καὶ
3243 2522 3573 2591 στρατεῦσαι
3606 2520 3754 2574 κατὰ

2166 2619 2275 2672 τῶν
2301 2616 2693 2689 Ἀμαληκιτῶν
2722 2616 3128 2686 ἐντειλάμενος,
3181 2618 3313 2688 περὶ
3343 2619 3440 2687 τῆς
3489 2616 3751 2687 φυλακῆς

2170 2729 2229 2764 τε
2257 2712 2368 2765 τῶν
2401 2712 2581 2779 νόμων
2632 2711 2797 2777 ὅρκον
2857 2711 3172 2781 ἀπαιτήσας
3233 2709 3455 2774 αὐτοὺς,
3513 2711 3609 2763 καὶ
3656 2710 3754 2762 τὸν

2169 2802 2503 2873 δημαγωγὸν
2522 2802 2731 2871 Ἰησοῦν
2760 2802 3083 2872 παραθήξας
3108 2803 3203 2853 ἐπὶ
3236 2802 3359 2864 τοὺς
3408 2803 3755 2865 Χαναναίους

2170 2895 2523 2963 στρατεῦσαιο
2570 2894 2751 2957 Ἰδοὺ,
2807 2896 2994 2964 φησὶν,
3031 2895 3182 2961 πρὸς
3225 2894 3366 2960 τοὺς
3422 2894 3755 2963 ἡμετέρας

2167 2985 2367 3054 ἄπειμι
2405 2989 2763 3056 προγύνους.
2809 2986 2996 3054 Τήνὸε
3028 3002 3130 3055 μοι
3177 2990 3286 3055 γὰρ
3343 2988 3457 3055 τὴν
3521 2989 3753 3057 ἡμέραν

2140 3073 2278 3141 τῆς
2306 3074 2457 3142 πρὸς
2475 3074 2744 3138 ἐκείνους
2779 3078 3042 3143 ἀφίξεως
3077 3077 3295 3140 ὥρισεν
3330 3081 3361 3131 ὁ
3388 3078 3553 3143 Θεός.
3597 3079 3671 3130 Τὸ
3695 3079 3755 3132 δε

2095 3203 2138 3261 C
2170 3167 2375 3236 πλῆθος
2400 3166 2654 3236 ἐδάκρυε,
2689 3171 2784 3221 καὶ
2813 3165 2882 3239 ἦν
2912 3171 2940 3221 ὁ
2973 3169 3170 3241 θρῆνος
3200 3170 3381 3224 αὐτῶν
3422 3172 3756 3243 ἀπαράκλη-

2170 3275 2283 3322 τος,
2311 3261 2407 3313 καὶ
2440 3258 2718 3324 τοσοῦτος,
2761 3262 2836 3325 ὡς
2901 3263 2993 3315 καί
3025 3264 3189 3316 αὑτὸν
3222 3264 3470 3333 Mutilqu
3531 3267 3757 3335 ὲκνικη·

2169 3350 2327 3422 θῆναι
2359 3352 2471 3423 (Μ)
2524 3353 2598 3423 τῷ
2630 3354 2815 3417 πάθει,
2848 3357 2940 3407 καὶ
2993 3360 3348 3425 προενεγκεῖν
3379 3358 3614 3426 δάκρυα.
3649 3358 3754 3410 Πο-

2171 3444 2455 3514 ρευομένῳ
2510 3444 2720 3516 agam»
2748 3445 2976 3516 ἔμελλεν
3009 3447 3220 3518 ἀφανὴς
3256 3448 3505 3513 ἔσεσθαι,
3532 3451 3755 3503 εἵποντο

2169 3537 2372 3599 πάντες
2398 3540 2750 3607 κοπτόμενοι.
2800 3539 2857 3591 '0
2882 3539 2938 3591 δὲ
2970 3541 3097 3603 τοὺς
3125 3541 3224 3610 μὲν
3262 3542 3475 3612 πόρρω,
3511 3544 3576 3612 τῇ
3610 3544 3756 3612 χειρὶ

2169 3629 2503 3694 κατασείων,
2568 3633 2754 3697 μένειν
2804 3631 3046 3694 ἐκέλευε,
3102 3635 3238 3703 μόνη
3312 3634 3358 3685 δ’
3402 3635 3435 3702 ἡ
3489 3635 3757 3704 γερουσία

2169 3722 2532 3792 προέπεμπεν
2584 3723 2767 3789 αὑτὸν,
2803 3725 2900 3776 καὶ
2933 3726 2962 3776 ὁ
2991 3727 3289 3796 ἀρχιερεὺς
3316 3724 3605 3797 Ἐλεάζαρ.
3661 3734 3753 3784 καὶ

2166 3817 2195 3868 ὁ
2227 3818 2535 3884 στρατηγὸς
2563 3814 2796 3886 Ἰησοῦς,
2831 3815 2937 3880 ἕως
2961 3819 3055 3869 ἐπὶ
3078 3820 3138 3870 τὸ
3181 3818 3307 3887 ὄρος
3357 3815 3489 3890 ἦλθε
3538 3820 3754 3888 Νασᾶν,

2167 3908 2260 3960 ἐπὶ
2293 3908 2538 3977 κορυφὴν
2577 3908 2793 3962 Φασενᾶ
2842 3909 2981 3980 (42),
3014 3908 3048 3979 ἥ
3104 3911 3221 3962 ἔστι
3272 3914 3417 3965 κατὰ
3455 3914 3755 3982 πρόσωπον

2178 3998 2410 4071 Ἱεριχὼο
2466 3999 2591 4052 ὅθεν
2654 3999 2858 4065 ἔδειξεν
2897 4002 3047 4070 αὐτῷ
3099 3998 3306 4074 Κύριος
3357 4003 3458 4075 τήν
3527 4006 3654 4075 γῆν,
3686 4006 3757 4076 ἢν

2166 4091 2394 4162 ἔμελλον
2429 4095 2842 4165 κληρονομῆσαι
2864 4096 2915 4148 ei.
2942 4092 3049 4146 υἱοὶ
3079 4095 3320 4165 Ἰσραὴλ,
3373 4097 3545 4150 εἰπὼν
3577 4100 3754 4169 αὐτῷ,

2178 4184 2296 4241 ἰδὲ
2346 4187 2574 4253 ταύτην
2641 4187 2762 4253 τοῖς
2814 4188 3148 4257 ὀφθαλμοῖς
3203 4205 3347 4254 σου,
3401 4192 3491 4255 είς
3553 4194 3755 4261 αὐτὴν

2165 4278 2219 4330 δ’
2268 4279 2383 4332 οὐκ
2443 4280 2795 4349 εὶσελεύσῃ.
2868 4276 2994 4335 Ἐπὶ
3041 4281 3098 4335 δὲ
3148 4283 3208 4335 τὸ
3262 4283 3386 4353 δρας
3451 4285 3609 4338 τοῦτο
3660 4290 3756 4339 έλ-

2168 4368 2300 4438 Θὼν,
2352 4371 2559 4441 ὑψηλὸν
2625 4375 2916 4443 τυγχάνον,
2967 4375 3066 4444 τὴν
3131 4375 3230 4443 μὲν
3279 4379 3574 4448 γερουσίαν
3641 4381 3753 4435 ὰπ-

2167 4464 2427 4534 έπεμψε·
2471 4466 2563 4520 τὸν
2626 4466 2672 4519 δ’
2721 4464 2987 4537 Ἐλεάζαρ
3045 4468 3145 4522 καὶ
3210 4466 3416 4540 Ἰησοῦν
3486 4473 3750 4544 ἐπήγετοσ

476 4574 664 4628 tradit.
710 4572 816 4627 Sed
841 4570 1260 4626 Deuteronomii
1289 4570 1430 4622 liber
1459 4570 1539 4621 sic
1578 4566 1646 4620 ad
1677 4566 1910 4621 verbum
1958 4566 2061 4619 ιη.

2169 4560 2265 4610 καὶ
2298 4558 2645 4630 προσομιλῶν
2673 4559 2878 4624 αὐτοῖς,
2903 4561 3100 4629 νέφους
3133 4560 3332 4632 ἁθρόον
3359 4565 3754 4635 περιλαϐόντος

475 4672 567 4722 bet
602 4686 614 4716 ;
653 4669 721 4719 Et
756 4665 881 4717 obiit
914 4663 1108 4725 Moses,
1134 4660 1369 4728 famulus
1402 4659 1634 4722 Domini,
1660 4674 1825 4727 neque
1850 4660 2063 4712 inhunc

473 4761 611 4814 diem
640 4760 924 4828 quisquam
957 4754 1155 4806 obitum
1181 4753 1295 4822 ejus
1324 4752 1487 4803 novit.
1524 4749 1717 4818 Sepito
1736 4750 1849 4818 jam
1881 4750 2056 4816 luctu,

471 4855 633 4910 Jesns
666 4851 1050 4919 exploratores
1084 4843 1507 4899 liierichuntetn
1544 4840 1734 4905 mittit,
1763 4850 1817 4895 et
1847 4839 2055 4908 Gadite,

472 4944 760 5003 Rubenius,
793 4954 857 4993 ac
889 4938 1184 4992 Manassea:
1221 4932 1400 4989 tribus
1426 4932 1706 5001 principes
1728 4930 2052 4994 accersitos,

471 5037 615 5109 pacti
641 5050 767 5089 cum
802 5032 950 5087 Meae
984 5029 1106 5083 initi
1137 5028 1401 5083 admonet
1437 5044 1453 5079 :
1486 5024 1581 5094 qui
1622 5036 1747 5078 cum
1780 5022 2059 5092 quinqua-

471 5133 622 5203 ginta
691 5126 940 5183 millibus
1011 5131 1355 5178 armatorum
1425 5133 1554 5174 eum
1623 5117 1692 5171 ad
1762 5116 2056 5172 Jordanem

472 5234 806 5297 sequuntur.
859 5223 1136 5278 Caeterum
1193 5218 1579 5288 expleratores
1634 5212 2055 5268 lliericbuntem

473 5319 651 5380 missi.
675 5316 814 5372 urbe
839 5322 950 5370 tota
974 5313 1332 5383 perlustrata,
1356 5307 1562 5378 cogniti
1584 5315 1640 5361 et
1663 5304 1778 5375 regi
1804 5303 2057 5369 indicati,

471 5415 657 5471 statim
686 5405 1083 5479 comprehendi
1112 5404 1393 5473 jubeutur.
1423 5401 1500 5455 Ea
1531 5415 1589 5453 re
1617 5400 1815 5452 mulier
1835 5397 2059 5450 nomine

471 5503 656 5568 Raab,
699 5501 767 5556 ad
812 5513 978 5568 quam
1019 5495 1412 5565 conlugerant,
1460 5490 1772 5554 intelleCta,
1806 5486 2061 5541 homines

2170 4649 2358 4715 αὐτὸν,
2392 4651 2612 4716 ἐγένετο
2647 4652 2883 4721 ἀφανής.
2908 4652 3225 4723 Γεγράφασι
3269 4654 3314 4706 δ’
3347 4655 3505 4710 αὑτὸν
3545 4660 3604 4710 ὲν
3632 4665 3757 4723 ταῖς
3786 4672 3793 4681 ⁸

2169 4741 2345 4811 ἱεραῖς
2380 4741 2595 4804 Βίϐλοις
2633 4743 2933 4809 τεθνεῶτα,
2977 4745 3065 4798 ἵνα
3095 4752 3169 4818 μὴ
3201 4748 3287 4802 διὰ
3319 4750 3618 4821 περιὸολὴν
3642 4746 3756 4821 ’τῆς

2165 4835 2299 4903 περὶ
2339 4831 2504 4887 αὐτὸν
2546 4836 2749 4906 ἀρετῆς
2785 4835 3100 4907 τολμήσωσι
3121 4856 3264 4904 τινες
3298 4843 3475 4894 εἰπεῖν
3509 4844 3582 4904 ὠς
3610 4845 3753 4899 ἀπο.

2164 4922 2450 4981 τεθέωται.
2492 4926 2721 4979 ,Ἐϐίωσε
2757 4928 2814 4980 δὲ
2844 4929 2944 5000 τὴν
2960 4930 3091 5001 ὅλην
3126 4931 3273 5003 ζωὴν
3309 4930 3592 4998 ἐνιαυτοὺς
3623 4938 3757 4991 ἑκα-

2163 5017 2259 5068 τὸν
2291 5016 2487 5079 εἴκοσι,
2520 5011 2597 5071 ὧν
2626 5013 2761 5087 ἦρξε
2788 5020 2850 5071 τὸ
2884 5020 3065 5091 τρίτον
3100 5023 3290 5093 μέρος,
3324 5026 3441 5088 ένὺς
3470 5028 3755 5092 λείποντος

2168 5111 2361 5180 μηνὸς,
2395 5110 2490 5165 καὶ
2524 5112 2834 5182 ἐπένθησαν
2867 5115 3032 5168 αὑτὸν
3067 5117 3153 5186 ἐφ’
3174 5119 3394 5188 ἡμέρας
3430 5120 3752 5190 τριάκοντα.

2166 5202 2355 5256 Ταῦτα
2389 5205 2490 5274 μέν
2531 5220 2699 5273 φησιν
2740 5206 2770 5257 ὁ
2815 5206 3099 5279 Ἰώσηπος.
3139 5208 3203 5261 Ἦ
3229 5210 3286 5262 δὲ
3324 5211 3419 5264 τοῦ
3484 5215 3757 5285 Δευτερο-

2166 5297 2357 5366 νομίου
2406 5295 2588 5367 βίϐλος
2639 5297 2775 5369 πρὸς
2823 5298 2885 5351 τὸ
2924 5300 3075 5354 τέλει
3124 5300 3270 5355 οὕτω
3330 5306 3576 5375 περιέχει
3613 5307 3757 5378 πρὸς

2166 5392 2319 5460 ῥῆμα
2344 5408 2359 5421 ο
2392 5392 2501 5445 Καί
2532 5392 2894 5459 ἐτελεύτησε
2921 5394 3208 5465 Μωῦσῆς,
3237 5397 3474 5466 οἰκέτης·
3502 5402 3753 5469 Κυρίου,

2170 5486 2269 5538 καὶ
2306 5486 2416 5537 οὐκ
2451 5481 2615 5539 οἶδεν
2653 5485 2853 5554 οὐδεὶς
2884 5486 3002 5555 τὴν
3052 5491 3345 5561 τελευτὴν
3382 5493 3593 5559 αὑτοῦ,
3641 5494 3757 5560 ἓως

1680 5632 1882 5693 νοτία)
1933 5630 2241 5693 lectiones
2293 5636 2355 5690 et
2393 5637 2584 5689 notte.

549 5797 664 5866 (ti)
730 5796 1160 5864 Ἑκηνιηθῆναι
1216 5794 1296 5858 τῷ
1330 5792 1556 5866 νπὰθει.
1638 5788 2054 5861 Ἐκκινηθῆναι.

477 5865 784 5922 Woltianus
812 5871 939 5922 cod.
974 5867 1290 5938 νικηθῆναι,
1313 5865 1560 5921 Colbert.

2201 5786 2352 5913 034‘?)
2391 5784 2654 5842 Φασενᾱ.
2689 5786 2900 5857 Φατγᾶ.
2954 5787 3033 5844 lta
3068 5787 3326 5845 Wollian.
3388 5800 3446 5847 et
3501 5789 3756 5851 Colbcrt.

2168 5873 2310 5913 εοαιι
2319 5895 2335 5912 .
