4042 6212
300 175 404 238 105

1583 180 1992 243 ANNALIUM
2035 182 2178 241 LIB.
2226 183 2270 241 Ι.

3455 180 3555 242 lUb

292 289 400 355 τῆς
435 287 662 356 ἡμέρας
691 290 915 357 ταύτης
980 290 1122 362 Ἤδη
1148 290 1202 342 δὲ
1234 290 1324 344 τοῦ
1367 291 1598 356 πένθους
1629 291 1877 361 λελωφη-

2003 292 2231 347 mcultat
2265 291 2369 346 sub
2402 291 2499 346 lini
2541 291 2840 356 fasciculis,
2874 302 2932 346 et
2969 289 3388 361 inquisitoribus
3421 290 3558 347 dicit

292 387 474 446 κότος,
525 385 737 453 πέμπει
776 386 1160 450 κατασκόπους
1201 389 1281 450 είς
1337 386 1667 459 Ἱεριχοῦντα
1697 388 1726 439 ὁ
1769 386 1878 452 Ἰη-

297 475 445 537 σοῦς.
480 473 1018 543 Μετακαλεσάμενος
1056 477 1109 528 δὲ
1141 479 1268 539 τοὺς
1301 476 1613 547 φυλάρχους
1651 476 1750 546 τῆς
1780 474 1875 528 τοῦ

305 567 536 635 Ῥουδὶμ
581 567 779 635 φυλῆς,
831 567 927 618 καὶ
975 569 1076 636 τῆς
1108 569 1233 630 Γὰδ,
1287 569 1383 622 καὶ
1432 571 1532 639 τῆς
1583 569 1876 639 Μανασσῆ.

296 657 724 728 ὑπεμίμνησκεν
758 660 956 722 αὐτοὺς
978 659 1088 713 τῶν
1123 662 1260 731 πρὸς
1287 661 1536 730 Minturij
1566 641 1876 729 συνθηκῶν.

296 750 419 802 Τῶν
454 751 513 804 δὲ
556 753 845 822 ἑπομένων
892 753 1152 816 πεντάκις
1207 753 1422 824 μυρίοις
1469 752 1738 816 ὁπλίταις,
1785 751 1880 804 ἐπὶ

296 843 384 896 τὸν
431 845 708 915 Ἰορδάνην
749 845 1001 916 προσῄει.
1039 846 1102 898 Oi
1132 844 1190 898 δὲ
1229 844 1573 913 πεμφθέντες
1606 844 1879 897 κατάσκο-

300 955 411 1002 ποι,
454 940 534 1001 είς
575 937 790 1009 Ἰεριχὼ
839 939 1306 1009 παραγενόμενοι,
1352 936 1450 1009 τὴν
1481 937 1636 991 πόλιν
1661 936 1881 991 ἃπασαν

299 1028 658 1098 κατενόησαν.
696 1029 1036 1092 Γνωσθέντες
1063 1029 1140 1093 δὲ,
1179 1028 1256 1096 τῷ
1287 1028 1503 1098 βασιλεῖ
1549 1028 1646 1098 τῆς
1696 1026 1882 1096 χώρας

301 1118 624 1187 μηνύονται.
667 1118 725 1173 ’0
747 1119 791 1171 δ’
824 1120 988 1183 εὐθὺς
1019 1121 1218 1182 αὐτοὺς
1262 1120 1634 1190 συλληφθῆναι
1662 1118 1884 1171 ἐκέ-λευ-

300 1233 408 1268 σεν.
457 1216 548 1278 Ὠς
586 1215 644 1268 δὲ
702 1215 844 1283 ἔγνω
877 1215 979 1283 τὴν
1022 1213 1214 1281 ἔφοδον
1260 1213 1369 1266 τῶν
1401 1212 1708 1282 ζητούντων
1757 1209 1883 1273 τοὺς

295 1307 497 1377 ἄνδρας
530 1308 564 1377 ή
607 1309 770 1377 γυνὴ,
807 1308 937 1377 παρ’
1053 1306 1530 1375 προσπεφεύγασι,
1579 1307 1749 1361 Ῥαὰϐ
1784 1325 1882 1360 κα-

294 1403 562 1472 λουμένη,
601 1401 729 1463 τοὺς
763 1401 861 1471 μὲν
889 1401 1226 1470 κατέκρυψε,
1257 1400 1406 1452 λίνου
1443 1402 1628 1464 αὐτοῖς
1655 1402 1884 1468 ἀγκαλί-

294 1497 391 1558 δας
452 1494 779 1564 ἐπιθεμένη.
838 1493 963 1555 Τοῖς
1023 1494 1082 1546 δὲ
1140 1493 1397 1564 ζητοῦσιν
1451 1492 1658 1562 ἔλεγεν,
1703 1495 1778 1558 ὡς
1831 1496 1880 1547 οἱ

297 1585 549 1653 ἀγνῶτες
579 1585 770 1655 ἄνδρες
795 1586 1018 1646 ἐκεῖνοι,
1057 1585 1190 1654 πρὶν
1234 1583 1391 1637 δῦναι
1427 1586 1517 1637 τὸν
1544 1585 1717 1654 ἥλιον,
1752 1586 1880 1654 παρ’

1987 387 2134 440 viros
2187 385 2310 440 illos
2361 385 2598 456 ignotos,
2649 397 2778 441 ante
2817 386 2952 440 solis
3000 401 3277 448 occasum,
3308 387 3450 454 apud
3499 403 3557 442 se

1985 487 2230 533 comatos
2263 477 2608 533 discessisse.
2648 478 2731 532 Illi
2763 478 2844 534 sic
2870 495 2900 532 a
2947 477 3177 532 muliere
3221 478 3382 540 elusi,
3420 480 3560 534 alius

1985 569 2092 624 alio
2120 569 2464 634 dilabuntur,
2488 572 2830 640 persecuturi
2851 587 2966 625 eos.
2994 571 3132 624 Tum
3165 570 3310 624 llaab
3335 571 3557 650 domum

1986 677 2045 716 se
2100 663 2345 732 recipere
2371 663 2528 733 jubet
2555 663 2723 727 viros,
2757 663 3010 718 beneﬁcii
3059 663 3145 718 sui
3177 677 3469 726 memores,
3499 679 3562 717 ac

1993 763 2135 808 terra
2186 753 2495 810 Chananaea
2550 758 2792 826 potitos,
2825 755 3030 812 referre
3086 757 3338 828 gratiam.
3369 756 3452 811 Illi
3507 765 3564 810 et

1991 845 2194 917 gratias
2225 859 2416 918 agunt,
2449 864 2682 919 eamque
2711 849 2804 903 ubi
2839 849 2973 904 urbs
2997 861 3154 920 capta
3185 858 3351 915 esset,
3379 859 3440 905 ut
3475 865 3565 904 res

1989 955 2120 994 suas
2143 949 2199 994 et
2246 943 2587 996 necessarios
2615 943 2670 996 in
2697 942 3002 996 diversorio
3033 942 3412 1006 concluderet,
3437 957 3566 996 sus-

1990 1048 2162 1100 penso
2208 1050 2309 1103 pro
2351 1033 2562 1089 foribus
2606 1050 2864 1104 purpura:
2909 1050 3110 1103 panno,
3161 1043 3406 1097 monent,
3457 1051 3567 1104 quo

1991 1133 2320 1178 nosceretur
2371 1125 2608 1189 domus,
2661 1134 2716 1179 et
2763 1134 3208 1181 conservaretur.
3262 1126 3450 1195 Itaque
3497 1127 3567 1179 ad

1989 1229 2118 1269 suos
2144 1214 2449 1278 incolumes
2474 1215 2699 1276 reversi,
2722 1215 2854 1284 quid
2882 1217 3200 1284 gessissent,
3225 1215 3568 1269 renuntiant.

1992 1306 2126 1361 Cum
2182 1318 2367 1362 autem
2421 1307 2678 1362 Iordanis
2725 1308 3102 1368 intumuisset,
3137 1308 3218 1363 sic
3251 1308 3412 1363 Jesus
3459 1307 3570 1363 He-

1992 1399 2171 1453 brznos
2201 1415 2298 1468 per
2337 1415 2465 1454 eum
2495 1399 2761 1453 traduxit.
2801 1399 3195 1454 Prmcedebant
3227 1401 3567 1460 sacerdotes.

1994 1508 2173 1546 arcam
2245 1493 2502 1547 ferentes.
2558 1491 2770 1547 Deinde
2843 1491 3087 1555 Levitae,
3150 1493 3569 1548 tabernaculum

1993 1594 2291 1653 gestantes.
2326 1576 2438 1637 Hos
2481 1583 2721 1652 populus
2751 1582 3107 1652 sequebatur.
3138 1582 3210 1637 Ut
3254 1593 3438 1637 autem
3481 1597 3571 1636 sa-

296 1679 432 1747 αὐτῇ
464 1676 886 1744 δειπνήσαντες,
937 1675 1355 1744 ἀπηλλάγησαν.
1399 1675 1464 1728 Οἱ
1502 1676 1546 1726 δ’
1584 1677 1758 1741 οὕτως
1785 1679 1888 1731 αύ-

2003 1677 2312 1732 cerdotibus
2333 1675 2522 1744 primis
2551 1674 2835 1744 ingressis,
2861 1676 3099 1744 impetus
3122 1675 3364 1728 ﬂuminis
3384 1675 3568 1729 statim

295 1770 423 1828 τοὺς
450 1765 796 1835 ὑπελθούσης
825 1766 928 1834 τῆς
951 1766 1230 1833 γυναικὸς,
1256 1764 1526 1837 ὥρμησαν
1549 1766 1710 1831 ἄλλος
1737 1768 1892 1820 ἀλλα-

297 1857 418 1928 χοῦ,
451 1858 582 1919 τοὺς
633 1857 835 1927 ἄνδρας
895 1856 1206 1920 διώκοντες.
1274 1855 1337 1909 Ἠ
1383 1858 1440 1910 δὲ
1494 1857 1662 1910 Ῥαὰὸ
1693 1861 1895 1930 χωρεῖν

299 1952 593 2002 ἐκέλευσεν
614 1949 710 2001 ἐπὶ
730 1950 796 2001 τὰ
828 1949 1007 2001 οἰκεῖα
1039 1948 1167 2011 τοὺς
1197 1947 1422 2017 ἄνδρας,
1456 1952 1550 2004 καὶ
1579 1951 1894 2022 μεμνῆσθαι

298 2043 490 2112 αὐτῆς,
530 2044 627 2096 καὶ
657 2040 895 2110 ἀμοιϐὴν
931 2041 1171 2106 ἐκτῖσαι,
1209 2040 1309 2110 τῆς
1341 2043 1669 2096 Χαναναίων
1708 2043 1895 2115 χώρας

298 2135 811 2205 ἑπικρατήσαντας.
843 2135 905 2187 Oi
949 2133 1006 2185 δὲ
1046 2133 1142 2186 καὶ
1182 2135 1346 2204 χάριν
1382 2136 1530 2204 ἐχειν
1558 2135 1897 2205 ὡμολόγουν,

1993 1771 2436 1839 interrumpitur,
2466 1781 2660 1822 omnes
2687 1766 2950 1820 audacter
2985 1767 3269 1836 trajecere.
3295 1767 3572 1821 stantibus

1990 1862 2047 1916 in
2079 1859 2260 1914 medio
2294 1855 2697 1921 sacerdotibus,
2727 1856 2904 1910 donec
2936 1859 3174 1925 populus
3214 1857 3500 1912 transisset
3550 1875 3564 1910 :

1992 1969 2056 2008 ac
2087 1962 2202 2008 tum
2231 1953 2454 2007 demum
2501 1948 2605 2019 ipsi
2653 1948 2822 2002 etiam
2851 1958 2982 2002 sunt
3008 1949 3236 2018 egressi,
3267 1964 3434 2004 cursu
3465 1951 3572 2004 nu.

1992 2045 2158 2100 minis
2214 2045 2268 2100 in
2319 2044 2594 2112 integrum
2654 2040 2933 2095 restituto.
2987 2039 3228 2094 Jordane
3284 2049 3570 2111 superato,

1991 2147 2173 2194 castra
2199 2136 2392 2192 decem
2423 2133 2618 2189 stadiis
2649 2133 2720 2187 ab
2761 2132 3122 2188 Hiericbunte
3150 2133 3356 2187 locant.

299 2234 396 2284 καὶ
422 2231 590 2301 ἡνίκα
615 2230 683 2283 ἂν
727 2233 760 2300 ἡ
803 2229 958 2292 πόλις
984 2227 1296 2300 ἁλίσκηται,
1327 2229 1426 2302 τὴν
1457 2231 1651 2296 κτῆσίν
1685 2249 1747 2286 τε
1789 2235 1884 2287 καὶ
1922 2235 2051 2298 τοὺς
2117 2233 2354 2293 οἰκείους
2393 2231 2475 2292 είς
2545 2229 2609 2282 τδ
2650 2227 2998 2296 καταγώγιον
3031 2227 3404 2298 ἐγκαθεῖρξαι,
3429 2229 3571 2298 αὐτῇ

298 2323 662 2388 ἐνετέλλοντο,
694 2325 1056 2393 ἁπαιωρῆσαι
1095 2318 1151 2370 δὲ
1188 2323 1283 2378 καὶ
1323 2322 1595 2392 φοινικίδα
1634 2323 1741 2395 πρὸ
1803 2327 1910 2380 τῶν
1949 2324 2154 2397 θυρῶν,
2189 2323 2256 2377 ἵν’
2307 2322 2394 2392 εῖη
2437 2322 2715 2391 γνώριμος
2762 2323 2795 2390 ἡ
2831 2320 3002 2395 οἰκία,
3043 2321 3140 2374 καὶ
3203 2320 3571 2392 διαφυλαχθῇ.

300 2419 408 2471 Καὶ
457 2419 507 2468 οῖ
557 2418 658 2488 μὲν
710 2418 848 2487 πρὸς
901 2418 1027 2492 τοὺς
1070 2417 1308 2481 οίκείους
1360 2416 1668 2487 ἐσώθησαν,
1705 2421 1800 2472 καὶ
1852 2419 1888 2474 ὃ.
1929 2418 2176 2490 ἔπραξαν
2215 2417 2460 2488 ἐδήλουν.
2527 2416 2634 2468 Τοῦ
2709 2414 2976 2487 Ἰορδάνου
3000 2417 3057 2469 δὲ
3099 2415 3298 2468 πολλοῦ
3335 2415 3574 2487 ῥέοντος,

298 2510 441 2562 οὓτω
472 2510 602 2572 τοὺς
637 2509 925 2580 Ἑϐραίους
951 2512 980 2563 ὁ
1007 2553 1024 2560 ..
1051 2511 1260 2580 Ἰησοῦς
1297 2511 1385 2563 ἐπ’
1423 2510 1590 2563 αὐτοῦ
1655 2511 1955 2566 διεδίϐασε.
2001 2511 2288 2584 Προῄεσαν
2340 2512 2440 2582 μὲν
2495 2512 2545 2562 ot
2600 2510 2789 2579 ίερεῖς,
2819 2510 2935 2588 ’τὴν
2975 2509 3222 2562 Κισωτὺν
3278 2507 3532 2578 αἴροντες
3558 2547 3574 2573 ,

299 2596 421 2655 εἶτα
448 2602 498 2654 oi
528 2598 782 2664 Λευῖται,
806 2600 1126 2671 κομίζοντες
1149 2601 1249 2671 τὴν
1285 2604 1517 2672 σκηνήν.
1551 2601 1784 2656 Εἴποντο
1821 2603 1878 2656 δὲ
1917 2601 2130 2666 τούτοις
2187 2603 2216 2655 ὁ
2247 2601 2398 2666 λαός.
2474 2601 2562 2664 Ὠς
2584 2599 2642 2652 δὲ
2667 2603 2780 2663 τοῖς
2815 2599 3020 2670 ἱερεῦσι
3051 2599 3291 2668 πρώτοις
3315 2601 3574 2670 ἐμϐᾶσιν,

298 2697 546 2765 ἀνεκόπη
585 2696 647 2747 τὸ
703 2695 883 2766 ῥεῦμα
925 2695 1022 2749 τοῦ
1057 2695 1329 2765 ποταμοῦ,
1357 2696 1559 2758 πάντες
1585 2695 1932 2768 θαρρούντως
1970 2696 2349 2767 ἐπεραιοῦντο.
2385 2696 2663 2764 Ἔστησαν
2692 2693 2736 2744 δ’
2764 2695 2822 2746 ἐν
2892 2692 3041 2762 μέσῳ
3069 2693 3118 2744 οἱ
3164 2691 3349 2762 ἱερεῖς,
3386 2693 3492 2756 ἕως
3517 2689 3578 2747 οὗ

300 2790 521 2859 διαϐαίη
554 2787 617 2840 τὸ
641 2787 865 2857 πλῆθος,
894 2783 1016 2844 εἶτα
1042 2789 1287 2842 κάκεῖνοι
1319 2788 1572 2860 ἐξῄεσαν,
1642 2788 1929 2860 ἐλεύθερον
1968 2790 2202 2859 ἀφέντες
2251 2788 2314 2841 τὸ
2383 2787 2565 2858 ῥεῦμα
2618 2787 2836 2857 χωρεῖν,
2879 2786 2974 2838 καὶ
3025 2785 3132 2855 πρὸ
3175 2785 3306 2838 δέκα
3349 2787 3579 2840 σταδίων

304 2886 399 2951 τῆς
437 2881 798 2952 Ἱεριχοῦντος
829 2879 1373 2949 στρατοπεδεύονται.

376 2980 460 3036 κ’.
491 2978 692 3048 Βωμὸν
720 2977 766 3030 δ’
789 2978 854 3030 ὲκ
879 2977 991 3030 τῶν
1015 2976 1180 3030 λίθων
1205 2980 1232 3030 ὁ
1272 2974 1483 3048 Ἰησοῦς
1515 2977 1898 3047 ἱδρυσάμενος,

2073 2973 2194 3028 XX.
2227 2973 2390 3029 Jesus
2420 2971 2473 3024 in
2502 2986 2596 3024 ara
2627 2985 2696 3024 ex
2720 2969 3018 3038 lapidibus.
3051 2985 3192 3038 quos
3225 2971 3399 3040 ipsius
3420 2972 3578 3040 jussu

300 3077 395 3138 οῦς
435 3074 676 3133 ἕκαστος
711 3069 821 3122 τῶν
851 3068 1148 3139 φυλάρχων
1193 3069 1318 3121 κατ’
1364 3069 1584 3138 ἐντολὴν
1627 3067 1796 3122 αὑτοῦ
1830 3071 1896 3123 ἑκ

301 3166 400 3218 τοῦ
429 3162 600 3236 βυθοῦ
636 3162 732 3215 τοῦ
770 3161 1042 3232 Ἰορδάνου
1082 3162 1347 3227 ἀνείλετο,
1396 3161 1553 3216 ἑθυεν
1590 3164 1679 3216 ἐπ’
1705 3163 1895 3228 αὐτοῦ,

304 3259 400 3310 καὶ
431 3258 535 3327 τὴν
564 3257 764 3326 ἑορτὴν
803 3254 897 3308 τοῦ
937 3255 1132 3324 Πάσχα
1160 3255 1424 3324 ἑώρταζε.
1459 3253 1594 3308 Τότε
1627 3254 1672 3306 δ’
1702 3255 1899 3316 αὐτοὺς

306 3351 402 3403 καὶ
437 3351 501 3401 τὸ
529 3349 729 3402 Μάννα
780 3346 1140 3411 ἐπιλελοίπει,
1184 3347 1565 3416 χρησαμένους
1610 3347 1761 3417 αὑτῷ
1805 3349 1899 3400 ἐπὶ

304 3440 726 3508 τεσσαράκοντα
754 3437 876 3506 ἐτη.
907 3436 1048 3505 ’Ἤδη
1073 3436 1182 3506 γὰρ
1203 3437 1474 3507 εὐπόρουν
1499 3439 1564 3490 ἐκ
1589 3438 1692 3506 τῆς
1714 3436 1900 3508 χώρας

308 3531 556 3597 πάντων,
591 3527 777 3600 ὦνπερ
811 3530 1046 3582 ἐδέοντο.
1106 3529 1184 3598 Τῇ
1239 3527 1297 3581 δὲ
1347 3526 1540 3601 πρώτῃ
1580 3529 1678 3599 τῆς
1705 3529 1899 3600 ἑορτῆς

308 3625 498 3695 ἡμέρα
549 3626 619 3693 τῇ
680 3622 970 3692 πολιορκίᾳ
1017 3621 1116 3692 τῆς
1190 3620 1546 3690 Ἱεριχοῦντος
1595 3624 1623 3674 ὁ
1692 3621 1900 3691 Ἰησοῦς

319 3714 701 3782 ἐπεχείρησεν,
730 3710 877 3764 οὕτω
909 3710 1119 3780 ταύτην
1147 3711 1541 3782 διατιθέμενος.
1577 3713 1688 3782 Τὴν
1720 3712 1904 3765 Κιῦω-

317 3806 414 3858 τὸν
442 3805 493 3856 oi
523 3806 680 3873 ἱερεῖς
732 3804 1014 3873 φέροντες,
1051 3803 1384 3872 περιώδευον
1429 3805 1488 3855 τὸ
1538 3805 1738 3871 τεῖχος,
1763 3803 1904 3855 ἑπτὰ

320 3899 682 3960 σαλπίζοντες
741 3897 959 3966 κέρασι.
1019 3895 1132 3948 Καὶ
1174 3897 1207 3965 ἡ
1258 3896 1523 3966 γερουσία
1572 3894 1900 3963 παρείπετο,

318 3987 420 4043 εἷθ’
462 3990 800 4044 ὑπενόστουν
829 3989 910 4050 εἰς
946 3990 1006 4040 τὸ
1041 3987 1428 4058 στρατόπεδον.
1463 3987 1574 4040 Καὶ
1615 3985 1776 4039 τοῦτο
1810 3987 1904 4039 ἐπὶ

318 4083 375 4150 ἓξ
415 4083 640 4135 ἐποίουν
666 4082 901 4150 ἡμέρας.
937 4081 978 4132 Τ
983 4083 1015 4150 ᾗ
1050 4081 1102 4133 δὲ
1139 4080 1346 4151 ἑϐδόμῃ
1370 4080 1438 4132 τὰ
1469 4079 1612 4132 αὐτὰ
1643 4079 1904 4148 ποιησάν-

319 4192 446 4238 των,
472 4176 570 4227 καὶ
595 4173 996 4243 περιελθόντων
1036 4172 1289 4238 ἑπτάκις,
1317 4173 1376 4224 τὸ
1401 4174 1578 4241 τεῖχος
1606 4172 1903 4235 κατέπεσε,

321 4270 414 4319 καὶ
439 4270 467 4320 ὁ
496 4267 627 4326 λαὸς
665 4264 946 4327 εἰσελθὼν,
971 4264 1180 4326 πάντας
1201 4264 1473 4328 ἔκτειναν,
1505 4263 1600 4315 καὶ
1631 4262 1730 4332 τὴν
1753 4261 1908 4314 πόλιν

2000 3064 2237 3134 quilibet
2292 3063 2550 3117 tribunus
2605 3076 2673 3114 ex
2728 3062 2886 3114 alveo
2944 3061 3201 3116 Jordanis
3254 3065 3578 3128 sustulerat,

2001 3156 2267 3219 immolat,
2298 3163 2356 3208 et
2392 3154 2592 3208 festum
2638 3153 2922 3208 Paschatis
2965 3154 3228 3208 celebrat.
3261 3155 3580 3226 Eodemque

2003 3257 2248 3316 tempore
2276 3259 2473 3299 manna
2503 3260 2599 3299 eos
2627 3245 2846 3304 defecit,
2877 3259 2987 3313 quo
3016 3260 3114 3314 per
3143 3262 3316 3301 annos
3346 3248 3582 3317 quadra-

1972 3340 2148 3410 .ginta
2180 3339 2398 3392 fuerant
2447 3335 2554 3394 usi.
2600 3337 2718 3392 Jam
2765 3337 2910 3390 enim
2945 3351 3012 3391 ex
3061 3339 3208 3407 agris
3258 3342 3440 3394 omnia
3472 3341 3584 3414 46

2003 3432 2207 3501 quibus
2244 3445 2384 3500 opus
2413 3441 2552 3494 erat,
2583 3429 2971 3498 suppetebant.
3005 3428 3364 3486 Obsidionem
3401 3432 3583 3488 Hieri-

2003 3523 2227 3577 cbuntis
2255 3521 2416 3576 Jcsus
2447 3521 2628 3590 primo
2660 3521 2750 3575 die
2779 3520 3096 3576 festivitatis
3126 3531 3211 3576 est
3243 3513 3581 3592 auspicatus,

2006 3630 2065 3669 re
2091 3615 2171 3668 sic
2197 3613 2484 3668 instructa.
2512 3612 2842 3668 Sacerdotes
2870 3629 3052 3667 arcam
3077 3623 3355 3682 gestantes
3382 3617 3582 3672 moenia

2005 3705 2393 3770 circumibant,
2419 3717 2628 3776 septem
2659 3721 2865 3760 cornua
2894 3707 3166 3770 inflantes,
3193 3716 3418 3762 senatus
3441 3723 3597 3778 pone

2005 3802 2365 3871 sequebatur,
2394 3810 2518 3870 post
2549 3802 2604 3853 in
2630 3811 2808 3854 castra
2841 3800 3114 3855 redibant.
3150 3802 3319 3872 quue
3347 3820 3443 3858 sex
3468 3803 3588 3860 die-

2009 3897 2112 3952 bus
2142 3913 2265 3950 cum
2305 3895 2587 3959 fecissent,
2615 3909 2680 3949 ac
2712 3895 2802 3948 die
2850 3897 3086 3964 septimo
3134 3898 3503 3966 repetiissent,
3531 3909 3587 3952 et

2007 3989 2212 4057 septies
2253 3985 2662 4047 circumissent,
2695 4001 2888 4041 murus
2941 3987 3205 4052 concidit,
3237 3981 3474 4056 populus
3502 3989 3586 4041 in-

2009 4095 2251 4149 gressus,
2279 4093 2472 4132 omnes
2507 4077 2731 4143 occidit,
2773 4088 2829 4132 et
2863 4079 3055 4132 urbem
3101 4078 3366 4131 incendit.
3403 4077 3586 4131 Solam

2014 4174 2254 4227 liaabem
2287 4188 2413 4227 cum
2447 4173 2583 4238 suis,
2608 4174 2767 4241 signo
2788 4171 2880 4225 illo
2905 4187 3004 4239 pro
3030 4170 3242 4224 foribus
3269 4181 3586 4239 conspecto,

2011 4266 2389 4334 exploratores
2411 4275 2810 4318 conservarunt
2838 4281 2851 4316 :
2885 4264 3043 4318 Jesus
3073 4264 3236 4318 etiam
3265 4279 3397 4333 agro
3419 4264 3588 4318 dona-

324 4359 662 4428 ἐνέπρησαν.
695 4357 807 4426 Τὴν
857 4355 913 4408 δὲ
959 4355 1129 4410 Ῥαὰὄ
1185 4358 1353 4424 μόνην
1401 4355 1498 4407 σὺν
1542 4356 1657 4415 τοῖς
1685 4353 1898 4413 οἰκείοις

2013 4358 2113 4422 vit,
2145 4368 2199 4411 et
2231 4359 2536 4412 honorifice
2578 4359 2853 4412 tractavit.
2881 4357 2936 4411 Si
2971 4356 3062 4426 qui
3099 4372 3229 4411 vero
3268 4359 3463 4413 urbem
3506 4360 3590 4414 in-

325 4451 544 4502 εσωσαν
596 4451 647 4502 οί
695 4449 1054 4511 κατάσκοποι,
1110 4448 1380 4516 φοινικίδα
1449 4447 1557 4517 πρὸ
1597 4446 1695 4514 τῆς
1729 4445 1907 4506 οίκίας

325 4541 782 4610 ἁπαιωρήσασαν.
811 4540 920 4594 Καὶ
948 4539 1156 4608 Ἰησοῦς
1180 4539 1382 4609 ἀγροὺς
1407 4539 1546 4607 αὐτῇ
1564 4532 1906 4605 ἐδωρήσατο,

329 4637 418 4685 καὶ
441 4627 547 4702 ἦγε
581 4632 672 4684 διὰ
690 4631 880 4700 τιμῆς.
915 4631 1074 4683 Κατὰ
1101 4630 1160 4683 δέ
1187 4631 1298 4683 τῶν
1332 4631 1576 4699 ἐγείρειν
1598 4625 1755 4690 αὖθις
1783 4627 1910 4697 βου-

331 4726 727 4797 ληθησομένων
753 4725 852 4794 τὴν
880 4723 1038 4776 πόλιν
1062 4722 1202 4792 ἀρὰς
1229 4723 1406 4786 ἔθετο,
1445 4721 1775 4793 στερηθῆναι
1810 4722 1912 4790 μὲν

330 4818 417 4869 τοῦ
449 4817 677 4887 πρώτου
711 4817 918 4880 παιδὸς,
969 4816 1060 4866 τὸν
1115 4814 1401 4884 θεμελίους
1442 4814 1793 4883 βαλλόμενον,
1823 4813 1914 4866 τὸν

336 4911 702 4962 τελειώσαντα
730 4910 788 4962 δὲ
819 4908 1168 4978 ζημιωθῆναι
1211 4909 1306 4960 τὸν
1354 4909 1644 4961 νεώτατον.
1688 4907 1830 4960 Πολὺ
1859 4907 1916 4959 δὲ

340 5002 540 5068 πλῆθος
569 5003 638 5054 ἐκ
686 5002 784 5067 τῆς
833 5001 1040 5063 πόλεως
1089 4999 1407 5070 ἀθροίζεται
1451 5001 1696 5071 ἀργύρου
1733 5017 1792 5052 τε
1823 5002 1918 5052 καὶ

341 5093 562 5161 χρυσοῦ,
601 5092 701 5145 καὶ
728 5092 876 5144 ἅπαν
902 5090 1133 5160 ἀνετέθη
1159 5090 1240 5160 τῷ
1271 5090 1410 5160 Θεῷ,
1440 5090 1515 5154 ὡς
1551 5091 1662 5144 τῶν
1704 5108 1920 5160 κατωρο

341 5181 594 5249 θωμένων
624 5183 884 5252 ἐσόμενον
932 5183 1211 5252 ἀπαρχήν.
1277 5181 1566 5250 Ἀπείρητο
1592 5181 1699 5251 γὰρ
1751 5184 1920 5235 πᾶσιν

341 5274 401 5324 ἐκ
425 5275 616 5327 τούτου
664 5291 719 5326 τι
761 5275 1210 5343 σφετερίσασθαι.
1252 5275 1446 5344 Ἀχωρ
1480 5275 1536 5326 δέ
1580 5291 1664 5337 τις
1711 5276 1776 5326 ἑκ
1821 5275 1920 5344 τῆς

358 5365 520 5420 Ἰούδα
549 5367 747 5435 φυλῆς,
800 5369 1085 5435 ὑφάσματι
1135 5369 1435 5438 χρυσοῦφεί
1469 5365 1799 5437 περιτυχὼν,
1827 5369 1921 5419 καὶ

345 5460 489 5532 μάζῃ
525 5459 734 5531 χρυσοῦ
786 5460 1020 5531 ἑλκούσῃ
1055 5461 1271 5521 σίκλους
1305 5459 1632 5522 διακοσίους,
1673 5459 1923 5512 ίδιώσατο

342 5556 534 5620 ταᾷτα,
569 5553 880 5620 κατορύξας
913 5555 973 5605 ἐν
1002 5557 1068 5624 τῇ
1123 5555 1318 5622 σκηνῇ.
1365 5551 1520 5605 Μετὰ
1551 5551 1727 5607 ταῦτα
1763 5552 1922 5606 πολέ-

353 5662 452 5714 μου
472 5649 775 5708 συστάντος
799 5646 1095 5716 τρέπονται
1121 5648 1170 5698 oi.
1206 5644 1470 5715 Ἑϐραῖοι,
1504 5645 1600 5699 καὶ
1627 5646 1922 5701 πίπτουσιν

721 5744 994 5806 Ρλτιιοι..
1041 5746 1156 5803 tin.
1206 5742 1547 5804 CXXXIV.

2015 4451 2314 4505 stauraturi
2400 4460 2626 4515 essent,
2702 4465 2799 4504 eos
2883 4450 3021 4505 diris
3101 4451 3414 4521 hujusmodi
3505 4462 3590 4509 est

2015 4544 2338 4608 detestatus,
2357 4553 2417 4596 ut
2435 4543 2528 4612 qui
2552 4543 2902 4598 fundamenta
2917 4544 3144 4608 iaceret,
3164 4545 3590 4616 primogenitum

2015 4635 2341 4688 amitteret:
2387 4635 2481 4703 qui
2527 4635 2840 4704 perﬁceret.
2875 4645 3008 4690 natu
3059 4636 3345 4690 minimum
3395 4636 3592 4692 filium.

2017 4727 2206 4798 Magna
2259 4728 2381 4780 auri
2422 4735 2480 4781 et
2526 4728 2739 4796 argenti
2771 4728 2942 4797 ,c0pia
2989 4743 3056 4780 ex
3107 4729 3390 4783 manubiis
3437 4730 3592 4785 urbis

2018 4829 2224 4884 coacta,
2255 4821 2364 4874 Deo
2389 4819 2640 4873 universa
2663 4829 3038 4882 consecratur,
3063 4819 3318 4888 primitiae
3344 4821 3425 4876 rei
3451 4822 3592 4878 bene

2021 4920 2186 4982 gestae
2215 4928 2228 4964 :
2255 4926 2319 4965 ac
2349 4910 2609 4964 omnibus
2647 4910 3019 4966 interdicitur.
3056 4926 3126 4964 ne
3153 4911 3284 4979 quid
3317 4912 3445 4967 inde
3483 4915 3592 4970 sibi

2021 5019 2121 5058 usu
2133 5013 2309 5073 rpent.
2335 5001 2441 5058 Sed
2465 5002 2649 5056 Acltor
2668 5001 2887 5070 quidam
2909 5001 3145 5056 Judaicte
3165 5003 3366 5069 tribus,
3384 5013 3590 5060 textum

2021 5097 2295 5165 quoddam
2345 5109 2412 5150 ex
2459 5109 2616 5156 auro,
2665 5103 2720 5148 et
2766 5095 2885 5147 auri
2945 5109 3199 5157 massam,
3246 5111 3368 5164 qua;
3431 5097 3594 5151 siclos

2023 5189 2291 5242 ducentos
2322 5187 2618 5258 pendebat,
2651 5199 2864 5248 nactus,
2898 5188 3116 5248 retinet,
3149 5204 3212 5242 ac.
3256 5191 3308 5242 in
3342 5189 3594 5243 taberna-

2025 5280 2149 5332 culo
2180 5295 2281 5333 suo
2304 5279 2530 5333 defodit.
2572 5280 2699 5333 Post
2731 5292 2853 5332 orto
2889 5280 3052 5343 bello,
3083 5281 3136 5332 in
3168 5281 3347 5350 fugam
3372 5289 3588 5333 vertun-

2031 5380 2119 5423 tur
2173 5370 2407 5435 Ilebraei,
2461 5372 2683 5442 triginta
2718 5387 2810 5425 sex
2848 5387 2914 5425 ex
2959 5372 3040 5426 eis
3091 5372 3414 5426 interfectis.
3461 5371 3594 5424 Eam

2029 5462 2238 5516 cladem
2293 5464 2530 5532 populus
2575 5463 2859 5532 aegerrime
2917 5464 3061 5517 tulit.
3113 5463 3272 5518 Jcsus
3306 5463 3358 5516 in
3403 5461 3594 5515 faciem

2026 5554 2318 5624 prolapsus
2365 5554 2697 5625 deprecatur
2728 5557 2898 5611 Deum
2937 5574 2949 5610 :
2987 5564 3041 5610 ct
3088 5555 3312 5608 oraculo
3343 5555 3596 5626 edoctus,

2029 5645 2376 5718 sacrilegium
2409 5662 2528 5705 esse
2553 5647 2775 5715 factum,
2806 5647 3074 5718 judicium
3101 5645 3232 5700 sorti
3259 5646 3589 5706 committit.

3264 5744 3301 5802 ft
