4070 6214
449 239 546 306 ίθτ

1747 245 2076 305 JOANNIS
2116 245 2434 305 ZONARIE

3593 237 3696 300 108

439 378 562 431 qua:
583 376 704 415 cum
733 362 783 414 in
811 359 1080 422 Achorem
1106 359 1408 421 incidisset,
1439 360 1640 415 fatetur
1667 361 1756 415 ilic
1780 360 2013 427 facinus,

2127 361 2299 413 αὐτῶν
2335 359 2525 429 ἄνδρες
2566 359 2625 423 ἓξ
2662 359 2753 412 καὶ
2805 356 3117 428 τριάκοντα.
3172 357 3346 410 Τοῦτο
3394 357 3600 428 σφὲδρα
3639 363 3702 413 τὸ

443 467 535 505 res
589 453 879 519 subreptus
927 449 1155 519 profert,
1189 450 1304 518 ipse
1354 465 1478 504 cum
1528 449 1644 504 suis
1692 451 2014 519 Iapidatur:

444 543 604 597 Iesus
651 543 802 594 Naim
836 541 1128 594 obsidione
1164 541 1332 609 capit.
1367 541 1641 596 Caeterum
1678 541 2017 607 Gabaonitae,

437 650 744 703 eorumque
780 633 1018 695 finitimi,
1051 647 1174 686 cum
1202 633 1268 686 ad
1291 633 1626 687 Chananzeos
1657 635 2017 703 pertinerent,

441 728 604 781 veriti
635 741 701 780 ne
737 725 925 779 itidem
953 733 1012 778 ut
1033 725 1402 778 Ilieriehuntii
1431 735 1487 779 et
1515 726 1685 780 Naitte
1715 735 2020 780 tractaren-

443 830 554 882 tur,
594 820 802 887 legatos
832 819 899 872 ad
933 817 1120 871 Iesum
1156 817 1406 878 mittunt,
1448 831 1508 870 se
1541 817 1860 886 longissime
1894 817 2020 872 inde

444 911 694 965 habitare
745 910 1016 970 dicentes,
1052 923 1234 977 neque
1293 923 1490 976 genere
1539 924 1664 961 eum
1699 908 2022 962 Chanauzeis

440 1003 786 1071 conjunctos,
819 999 1001 1053 foedus
1040 998 1181 1050 inire
1221 1013 1345 1050 cum
1386 998 1673 1060 Israelitis,
1703 1006 1756 1050 et
1793 998 2023 1066 jungere

442 1093 739 1148 amicitiam
783 1105 1006 1159 cupere.
1072 1089 1253 1143 Iesus.
1320 1088 1608 1158 postulatis
1672 1103 1862 1142 eorum
1919 1103 2020 1141 an-

443 1189 580 1242 nuit.
647 1187 799 1248 Post,
831 1185 922 1238 ubi
967 1198 1064 1239 eos
1093 1184 1402 1237 (Jhanancze
1449 1182 1627 1251 gentis
1683 1198 1807 1236 esse
1855 1182 2018 1234 intel-

443 1279 578 1334 lexit
611 1297 623 1332 :
659 1291 783 1331 cum
813 1277 895 1330 eis
927 1275 999 1328 ob
1021 1274 1208 1329 dolum
1237 1273 1571 1341 expostulat.
1606 1271 1686 1324 Illi
1721 1271 2020 1325 necessita-

447 1382 553 1427 tem
586 1378 872 1434 excusant,
898 1378 1060 1437 atque
1089 1365 1289 1420 excidii
1316 1373 1547 1417 metum.
1577 1364 1712 1416 Tum
1745 1363 1925 1424 Iesus,
1951 1376 2020 1415 ne

444 1465 625 1519 datam
665 1461 826 1516 fidem
854 1459 1107 1521 violaret,
1132 1457 1382 1526 publicos
1405 1469 1595 1508 servos
1624 1469 1719 1506 eos
1749 1455 1894 1506 facit.
1931 1452 2023 1506 Sic

444 1555 740 1624 Iosephus.
780 1552 884 1607 Sed
929 1552 1070 1604 liber
1101 1549 1229 1604 Iesu
1262 1549 1361 1608 ait,
1401 1563 1499 1601 eos
1537 1547 1676 1599 lixas
1701 1555 1755 1598 et
1803 1545 2024 1598 calones

444 1643 616 1698 totius
659 1641 956 1711 Synagogae
1001 1646 1058 1692 et
1099 1636 1271 1691 divini
1305 1636 1494 1690 altaris
1521 1649 1642 1689 esse
1687 1633 1879 1688 factos.
1912 1633 2022 1688 Ga-

2124 452 2327 521 πλῆθος
2389 453 2652 520 ἐλύπησε.
2708 452 2816 503 Καὶ
2883 449 3088 518 Ἰησοῦς
3142 450 3233 501 ἐπὶ
3288 449 3462 519 στόμα
3510 453 3700 502 πεσὼν

2121 535 2300 597 ἐδέετο
2333 544 2423 596 τοῦ
2460 543 2613 595 Θεοῦ.
2651 541 3059 612 Χρηματισθεὶς
3093 542 3149 594 δὲ
3189 540 3394 611 κλοπὴν
3439 543 3700 610 γενέσθαι

2119 635 2230 686 τῶν
2283 634 2729 704 καθιερωθέντων
2776 637 3095 702 χρημάτων,
3130 632 3317 702 κλήρῳ
3368 633 3466 702 τὴν
3517 636 3699 702 κρίσιν

2124 725 2439 795 ἐπέτρεψεν.
2482 725 2603 777 Ἐπὶ
2633 725 2688 777 δὲ
2721 724 2812 777 τὸν
2839 725 3025 794 Ἀχωρ
3056 723 3148 776 τοῦ
3186 724 3387 793 κλήρου
3414 727 3697 789 πεσόντος,

2121 817 2376 885 ὁμολογεῖ
2399 817 2497 886 τὴν
2529 816 2734 886 κλοπὴν
2767 819 2997 878 ἐκεῖνος,
3022 819 3116 868 καὶ
3145 816 3384 885 παράγει
3405 816 3471 868 τὰ
3496 818 3699 887 φώρια.

2123 912 2231 962 Καὶ
2255 910 2282 960 ὁ
2310 909 2406 978 μὲν
2429 909 2599 971 λίθοις
2623 909 2946 978 ἀναιρεῖται,
2987 909 3084 960 σὺν
3113 910 3225 969 τοῖς
3249 907 3414 959 αὐτοῦ
3440 925 3452 939 ·
3492 909 3703 977 Ἰησοὺς

2121 997 2177 1050 δὲ
2220 997 2495 1068 πολιορκεῖ
2543 998 2638 1068 τὴν
2686 997 2851 1062 Ναῒν,
2901 999 2994 1051 καὶ
3029 997 3235 1067 ταύτην
3273 1000 3436 1068 αἱρεῖ.
3472 999 3702 1052 Γαϐαω-

2125 1092 2268 1142 νῖται
2293 1091 2349 1142 δὲ
2376 1091 2468 1141 καὶ
2499 1091 2547 1142 oi
2578 1089 2812 1153 ἐκείνοις
2835 1091 3132 1159 περίοικοι,
3165 1090 3492 1153 Χαναναίοις
3529 1109 3699 1162 προσ-

2124 1182 2372 1250 ήκοντες,
2409 1179 2738 1252 φοϐηθέντες
2769 1182 2842 1243 ὡς
2885 1183 2995 1243 τοῖς
3044 1183 3438 1252 Ἱεριχουντίοις
3465 1184 3557 1236 καὶ
3589 1189 3702 1247 τοῖς

2125 1274 2256 1342 περὶ
2283 1271 2424 1325 Ναῖν
2457 1273 2527 1325 τὰ
2556 1273 2719 1341 ὃμοια
2759 1273 3060 1336 πείσονται,
3112 1275 3408 1343 πρεσϐείαν
3436 1278 3704 1330 ἀποστέλ-

2123 1363 2274 1416 λουσι
2307 1364 2442 1434 πρὸς
2483 1363 2575 1416 τὸν
2621 1363 2851 1433 Ἰησοῦν,
2900 1365 3237 1437 πορρωτάτω
3278 1366 3531 1435 λέγοντες
3569 1386 3703 1423 κατ-

2124 1456 2312 1518 οικεῖν,
2350 1455 2483 1523 μηδὲ
2505 1454 2696 1522 γένους
2729 1456 3006 1507 κοινωνεῖν
3025 1455 3372 1520 Χαναναίοις,
3402 1461 3496 1510 καὶ
3531 1475 3699 1513 σπον-

2124 1545 2218 1607 δάς
2255 1545 2389 1613 πρὸς
2417 1545 2612 1607 αὐτοὺς
2641 1544 2830 1598 θέσθαι
2859 1543 3147 1615 ζητοῦντες
3179 1547 3304 1611 τοὺς
3337 1549 3698 1621 Ἰσραηλίτας,

2128 1639 2220 1688 καὶ
2244 1639 2515 1708 συνθήκας
2540 1638 2742 1706 φιλίας.
2783 1638 2988 1706 Ἰησοῦς
3011 1635 3104 1691 οὖν
3133 1640 3318 1708 φιλίαν
3345 1642 3482 1711 πρὸς
3501 1645 3701 1707 αὐτοὺς

445 1732 697 1786 baonitas
745 1745 776 1782 a
831 1743 959 1797 rege
1004 1726 1506 1796 Hierosolymorum
1549 1725 1621 1778 ob
1665 1723 1844 1778 fmdus
1895 1738 2019 1777 eum

2130 1730 2442 1797 ἐποιήσατο.
2475 1730 2638 1792 Γνοὺς
2662 1729 2912 1796 δ’ἓπειτα
2942 1729 3164 1793 τούτους
3199 1731 3292 1784 τοῦ
3326 1735 3514 1800 γένους
3538 1735 3700 1798 ὄντας

443 1823 706 1879 Israelitis
765 1821 995 1881 initum,
1049 1819 1193 1872 bello
1247 1819 1483 1888 petitos,
1542 1819 1701 1873 Iesus
1750 1819 2018 1884 defettdit,

446 1917 632 1968 hostes
662 1913 717 1966 in
754 1911 936 1981 fugam
968 1909 1156 1972 vertit,
1196 1907 1468 1978 fugientes
1506 1907 1613 1980 47
1647 1909 2019 1977 persequitur.

445 2010 565 2074 Quo
593 2006 782 2075 praelia
815 2012 872 2058 et
897 2001 1109 2072 grando
1151 2001 1315 2054 solito
1343 2000 1536 2070 major,
1569 2011 1624 2055 et
1655 2002 1882 2056 fulmina
1911 2016 2021 2057 cm—

443 2098 576 2152 Iitus
628 2097 682 2148 in
733 2095 920 2148 hostes
966 2092 1250 2145 irruerunt
1301 2109 1315 2144 :
1356 2099 1413 2144 et
1442 2091 1564 2145 dies
1607 2091 1748 2146 facta
1786 2092 2018 2161 longior,

445 2202 668 2245 cursum
719 2187 852 2241 solis
905 2185 976 2240 ad
1031 2184 1160 2238 Iesu
1226 2197 1418 2253 preces
1477 2184 1704 2238 sistente
1765 2185 1894 2243 Deo.
1951 2200 2020 2238 ne

445 2287 783 2351 superventu
811 2279 993 2332 noctis
1023 2277 1217 2330 hostes
1247 2274 1620 2329 elaberentur.
1658 2274 1835 2344 Reges
1855 2275 2019 2329 etiam

445 2375 500 2426 in
543 2369 781 2440 quodam
832 2383 1000 2438 specu
1045 2366 1453 2428 delitescentes.
1485 2365 1841 2434 deprehensi,
1871 2368 2021 2421 occi-

445 2465 655 2518 duntur
676 2473 887 2516 omnes.
913 2459 1009 2513 l‘Iis
1034 2458 1200 2512 rebus
1224 2457 1414 2527 gestis,
1435 2456 1598 2512 Iesus
1621 2456 1677 2510 in
1701 2456 2022 2512 Chananaeae

448 2564 702 2611 montana
751 2551 1080 2623 regreditur,
1114 2549 1302 2619 ibique
1349 2563 1542 2618 magna
1573 2549 1719 2603 caede
1760 2549 1929 2608 edita.
1965 2558 2022 2603 et

444 2649 628 2718 opima
657 2645 838 2717 praeda
863 2651 1042 2714 parta,
1069 2643 1124 2698 in
1145 2641 1392 2711 Galg-alia
1418 2653 1598 2696 castra
1625 2656 1748 2696 sese
1775 2642 1977 2710 recipit
2001 2658 2015 2694 :

447 2742 651 2812 quibus
694 2755 764 2794 ex
811 2752 880 2792 eo
931 2751 1132 2792 nomen
1172 2744 1297 2790 erat
1330 2735 1556 2798 factum,
1588 2735 1735 2804 quod
1766 2734 2026 2790 Israelita:

448 2844 507 2884 se
533 2837 589 2882 et
613 2828 878 2882 servitute
904 2824 1227 2896 Egyptiaea
1247 2831 1302 2878 et
1317 2825 1580 2878 aerumnis
1603 2824 1806 2881 deserti
1827 2824 2026 2879 libera-

451 2930 536 2974 tos
566 2933 687 2972 esse
715 2925 1128 2984 cognoscerent.
1159 2913 1295 2969 Nam
1327 2913 1548 2981 Galgala
1589 2913 1830 2968 Hebraeis
1863 2913 2015 2967 liber-

2127 1821 2233 1870 τῶν
2269 1820 2610 1883 Χαναναίων,
2647 1821 2742 1890 τῆς
2775 1819 2992 1889 ἀπάτης
3019 1823 3205 1884 αὐτοῖς
3237 1824 3503 1878 ἐνεκάλει.
3540 1827 3605 1879 Οί
3641 1827 3700 1879 δὲ

2126 1913 2185 1975 ἐξ
2220 1914 2463 1980 ἀνάγκης
2503 1911 2712 1979 ἔφατον
2748 1913 2906 1966 τοῦτο
2950 1913 3174 1983 πρᾶξαι,
3207 1912 3440 1977 δεδιότες
3463 1917 3555 1970 τὸν
3588 1917 3702 1971 ϐλε-

2128 2003 2273 2072 θρον.
2333 1983 2440 2056 uti».
2510 2003 2733 2072 Ἰησοῦς,
2795 2005 2880 2058 ἵνα
2909 2005 2983 2074 μὴ
3037 2005 3321 2075 παραϐαίη
3372 2008 3462 2060 τὸν
3512 2010 3698 2078 ὅρκον,

2124 2097 2419 2165 δημοσίους
2448 2096 2644 2158 αὐτοὺς
2691 2097 3090 2152 ἀποδείκνυσιν.
3163 2099 3350 2162 Οὕτως
3405 2099 3694 2172 Ἰώσηπος.

2141 2187 2198 2238 Ἠ
2237 2187 2293 2239 δὲ
2325 2187 2503 2255 βίϐλος
2546 2189 2640 2239 τοῦ
2693 2187 2865 2256 Ἰησοῦ
2911 2190 3177 2259 περιέχει,
3230 2191 3312 2244 ὅτι
3362 2197 3698 2263 κατέστησεν

2126 2277 2320 2339 αὐτοὺς
2371 2276 2702 2342 ξυλοκόπους
2743 2279 2839 2330 καὶ
2877 2278 3208 2347 ὑδροφόρους
3255 2280 3404 2353 πάσῃ
3461 2285 3526 2354 τῇ
3573 2300 3699 2336 συν-

2126 2372 2339 2438 αγωγῇ,
2377 2371 2469 2422 καὶ
2492 2369 2570 2438 τῷ
2601 2369 2972 2440 θυσιαττηρίῳ
3001 2370 3094 2423 τοῦ
3126 2371 3284 2428 Θεοῦ.
3339 2373 3698 2445 Ἐπιθεμένου

2124 2459 2180 2510 δὲ
2207 2462 2316 2520 τοῖς
2344 2460 2382 2509 Γ
2385 2459 2709 2522 αϐαωνίταις
2731 2460 2823 2512 τοῦ
2849 2460 3119 2530 βασιλέως
3141 2465 3249 2516 τῶν
3282 2465 3698 2538 Ἱεροσολύμων,

2124 2549 2212 2602 διὰ
2240 2551 2339 2613 τὰς
2377 2551 2511 2619 πρὸς
2562 2551 2846 2620 Ἑϐραίους
2883 2553 3138 2616 σπονδὰς,
3191 2558 3218 2608 6
3271 2555 3477 2628 Ἰησοῦς
3511 2562 3701 2624 αὐτοῖς

2129 2643 2432 2711 συμμαχεῖ,
2463 2642 2557 2694 καὶ
2583 2643 2844 2711 τρέπεται
2870 2645 2995 2706 τοὺς
3023 2647 3318 2713 ἐναντίους,
3349 2649 3443 2700 καὶ
3463 2651 3702 2721 τραπέν-

2125 2753 2227 2798 τας
2298 2735 2540 2788 ἐδίωκεν.
2601 2736 2731 2787 Ὅτε
2782 2736 2875 2788 καὶ
2915 2736 3210 2806 οὐρανόθεν
3248 2740 3457 2808 χάλαζα
3494 2757 3554 2793 τε
3597 2743 3701 2811 τῆς

2131 2826 2395 2896 συνήθους
2435 2826 2656 2894 μείζων,
2697 2827 2790 2878 καὶ
2821 2828 3078 2896 κεραυνοὶ
3110 2831 3220 2889 τοῖς
3265 2830 3545 2900 πολεμίοις
3595 2837 3697 2884 ἑπ-

2129 2919 2323 2971 έπεσον
2354 2934 2367 2948 ο
2409 2920 2506 2970 καὶ
2542 2920 2573 2986 ἠ
2601 2920 2786 2986 ἡμέρα
2811 2916 3035 2987 ηὔξητο,
3069 2920 3160 2971 τὸν
3187 2920 3387 2990 δρόμον
3413 2922 3507 2975 τοῦ
3542 2923 3697 2993 ἡλίου

452 3020 615 3064 tatem
660 3007 952 3078 signiﬁcat.
984 3003 1122 3061 Cum
1170 3012 1356 3058 autem
1407 3001 1702 3058 Chanauzei
1748 3003 2022 3058 Libanum

2131 3010 2426 3079 στήσαντος
2468 3008 2560 3060 τοῦ
2595 3008 2753 3073 Θεοῦ,
2801 3007 3040 3073 ἐντεύξει
3081 3009 3176 3063 τοῦ
3220 3011 3422 3081 Ἰησοῦ,
3473 3015 3557 3068 ίνα
3595 3019 3697 3086 μὴ,

452 3109 693 3156 montem
723 3099 1055 3162 accolentes,
1084 3104 1139 3150 et
1161 3094 1257 3164 qui
1291 3095 1345 3150 in
1378 3094 1784 3164 campestribus
1815 3095 2025 3150 habita-

453 3196 606 3259 bant,
653 3190 954 3246 Palaestinis
999 3190 1054 3243 in
1109 3186 1377 3242 auxilium
1429 3187 1638 3251 ascitis,
1689 3185 1896 3241 bellum
1944 3187 2028 3241 eis

454 3287 744 3348 inferrent,
773 3293 938 3351 atque
984 3282 1038 3335 itt
1071 3280 1316 3334 exercitu
1366 3277 1636 3334 haberent
1685 3286 2026 3332 armatorum

453 3386 699 3432 trecenta
752 3375 942 3440 millia,
977 3375 1228 3444 equitum
1277 3372 1470 3428 decem
1519 3370 1709 3436 millia,
1751 3378 1808 3426 et
1857 3369 2029 3424 millia

452 3485 717 3526 curruum
753 3467 998 3537 triginta,
1028 3466 1137 3519 Deo
1159 3465 1446 3518 victoriam
1477 3461 1739 3520 lsraelitis
1757 3461 2026 3532 pollicito,

452 3562 700 3634 pra'lium
737 3570 894 3614 atrox
927 3557 1295 3614 committitur
1333 3573 1347 3609 :
1379 3569 1493 3622 quo
1527 3556 1716 3611 hostes
1756 3553 2023 3619 universi,

452 3653 641 3722 paucis
665 3652 928 3720 exceptis.
962 3652 1264 3720 perierunt,
1292 3647 1515 3718 regibus
1542 3647 1708 3703 etiam
1736 3649 1914 3704 caesis.

2127 3100 2320 3161 νυκτὸς
2351 3098 2706 3168 ἐπελθούσης,
2745 3099 3082 3168 διαφύγωσιν
3108 3103 3158 3156 οἱ
3197 3104 3468 3174 πολέμιοι.
3511 3107 3672 3160 Κατα

2124 3191 2492 3260 λαμϐάνονται
2533 3191 2594 3245 δὲ
2646 3191 2740 3245 καὶ
2792 3194 2840 3245 οἱ
2897 3193 3138 3263 βασιλεῖς
3186 3193 3244 3246 ἕν
3296 3213 3398 3248 τινι
3445 3198 3699 3268 σπηλαίῳ

2129 3283 2518 3352 κρυπτόμενοι,
2585 3284 2681 3336 καὶ
2724 3285 3028 3337 κτείνονται
3087 3285 3309 3349 πάντες.
3380 3289 3586 3360 Ἰησοῦς
3640 3292 3698 3343 δὲ

2125 3373 2355 3444 ἐπανῄει
2387 3373 2550 3428 πάλιν
2577 3379 2676 3444 τῆς
2709 3376 3022 3438 Χαναναίας
3060 3379 3156 3432 ἐπὶ
3191 3381 3292 3448 τὴν
3333 3380 3568 3453 ὀρεινὴν,
3601 3386 3699 3438 καὶ

2129 3466 2294 3520 πολὺν
2325 3468 2484 3535 φόνον
2517 3467 2626 3521 τῶν
2672 3469 2732 3521 ὲν
2776 3469 2914 3540 αὐτῇ
2955 3471 3352 3541 ἐργασάμενος,
3405 3475 3502 3527 καὶ
3547 3475 3700 3529 λείαν

2127 3557 2330 3623 λαϐὼν,
2350 3561 2430 3624 είς
2452 3560 2512 3613 τὺ
2533 3561 2590 3611 ἐν
2614 3561 2910 3628 Γαλγάλοις
2931 3556 3062 3631 ἦλθε
3089 3564 3470 3631 στρατόπεδον.
3497 3566 3662 3636 Ἐκλή
3677 3597 3699 3608 -

2127 3649 2196 3720 011
2244 3651 2286 3702 δ’
2335 3652 2364 3704 ὁ
2413 3652 2577 3713 τόπος
2617 3651 2713 3705 τοῦ
2743 3653 3104 3722 στρατοπέδου
3151 3655 3416 3723 Γάλγαλα,
3472 3657 3545 3718 ὡς
3591 3659 3697 3728 ἠδη

451 3748 678 3811 ἑαυτοὺς
699 3747 1016 3816 ἐλευθέρους
1038 3744 1146 3796 τῶν
1169 3743 1482 3811 Δίγυπτίων
1507 3745 1602 3796 καὶ
1627 3743 1728 3811 τῆς
1747 3745 1887 3798 κατά
1911 3743 2009 3816 τὴν
2025 3743 2230 3816 ἔρημον
2257 3745 2632 3817 ταλαιπωρίας
2661 3747 2896 3813 γνόντων
2921 3748 3030 3800 τῶν
3046 3749 3417 3818 Ἰσραηλιτῶν.
3443 3749 3700 3812 Γάλγαλα

450 3846 561 3917 γὰρ
587 3844 688 3913 τὴν
743 3839 1069 3912 ἐλευθερίαν
1103 3839 1343 3909 Ἑϐραῖοι
1374 3837 1622 3892 καλοῦσι.
1659 3838 2025 3908 Στρατεύουσι
2062 3841 2108 3894 δ’
2169 3840 2257 3894 ἐπ’
2293 3843 2495 3905 αὐτοὺς
2528 3842 2580 3894 oi.
2615 3842 2744 3913 περὶ
2787 3842 3020 3895 Λίϐανον
3081 3845 3395 3913 Χαναναῖοι,
3429 3848 3525 3901 καὶ
3552 3849 3602 3900 ot
3637 3851 3696 3899 ἐν

449 3939 560 4000 τοῖς
587 3935 820 3996 πεδινοῖς
844 3933 1236 4001 Παλαιστηνοῖς
1259 3931 1731 4001 συμμαχούμενοι.
1752 3928 1959 3987 Ἥνδ’ὁ
1979 3935 2211 4006 στρατὸς
2239 3935 2463 3989 ἐκείνων
2484 3936 2717 3989 ὁπλιτῶν
2764 3936 3026 4006 μυριάδες
3073 3939 3385 4008 τριάκοντα,
3423 3941 3609 4012 μύριοι
3654 3943 3701 3995 δ’

454 4036 662 4098 ιππεῖς,
718 4031 811 4085 καὶ
855 4026 1155 4100 τρισμύρια
1203 4025 1446 4096 άρματα.
1480 4025 1658 4096 Νίκην
1706 4027 1764 4078 δὲ
1817 4027 1912 4082 τοῦ
1954 4028 2090 4083 Θεοῦ
2129 4031 2624 4101 ἐπαγγειλαμένου,
2664 4031 2914 4120 καρτερὰ
2947 4030 3094 4101 μάχη
3126 4031 3356 4099 γίνεται,
3390 4033 3466 4095 ὡς
3495 4036 3604 4088 πᾶν
3636 4035 3697 4089 re

451 4130 775 4199 στράτευμα
802 4124 910 4178 τῶν
941 4121 1172 4192 ἐχθρῶν,
1207 4119 1348 4189 πλὴν
1375 4118 1592 4188 ὀλίγων,
1623 4119 2016 4192 διαφθαρῆναι,
2057 4121 2152 4176 καὶ
2187 4123 2314 4186 τοὺς
2343 4121 2581 4192 βασιλεῖς
2607 4121 2664 4174 δὲ
2693 4118 2900 4176 πεσεῖν.

521 4219 666 4274 XXI.
695 4218 884 4274 Annus
911 4225 1026 4270 tum
1057 4213 1288 4283 quintus
1331 4210 1564 4276 exierat,
1594 4227 1776 4281 neque
1809 4211 2022 4267 Chana-

452 4323 694 4367 naaorum
722 4307 1013 4377 quisquam
1035 4310 1156 4358 erat
1185 4299 1454 4368 reliquus,
1510 4313 1635 4354 cum
1665 4297 1825 4354 Iesus
1843 4297 2026 4354 taber—

2201 4213 2333 4268 KA'.
2394 4211 2555 4274 Ἔτος
2605 4211 2663 4265 δὲ
2721 4214 2975 4282 πέμπτον
3031 4212 3134 4282 ήδη
3180 4214 3565 4283 παρεληλύθει,
3601 4219 3696 4271 καὶ

2131 4303 2450 4358 Χαναναίων
2493 4303 2680 4357 οὐκέτι
2729 4304 2908 4365 οὐδεὶς
2955 4303 3329 4356 ὑπολέλειπτο.
3380 4306 3588 4375 Ἰησοῦς
3640 4309 3698 4362 δὲ

451 4403 709 4458 naculum
729 4400 786 4454 in
815 4395 1017 4468 oppido
1039 4394 1258 4450 Selomo
1284 4391 1539 4456 collocat,
1561 4389 1738 4446 donec
1760 4390 2022 4459 templum

2131 4397 2254 4466 ἱστᾷ
2278 4396 2375 4465 τὴν
2407 4396 2612 4466 σκηνὴν
2642 4395 2782 4447 κατὰ
2834 4395 2989 4446 πόλιν
3019 4395 3235 4464 Σηλὼμ,
3277 4396 3381 4459 ἕως
3411 4400 3696 4469 οἰκοδομῆ-

451 4490 755 4548 :edificandi
788 4489 1018 4543 daretur
1040 4485 1290 4548 occasio;
1319 4499 1383 4538 ac
1411 4482 1598 4554 populi
1624 4481 1864 4536 universi
1889 4496 2021 4535 cou—

453 4583 583 4640 cilio
637 4580 873 4641 indicto,
921 4585 1108 4646 captas
1167 4575 1331 4630 urbes
1389 4581 1705 4636 enumerat,
1747 4587 2026 4640 caesosque

455 4675 697 4731 hostium
753 4669 1065 4734 exercitus,
1096 4675 1154 4722 et
1213 4674 1274 4720 ut
1336 4664 1560 4730 triginta
1618 4678 1810 4717 eorum
1870 4677 2027 4730 reges

457 4763 733 4822 interfecti
775 4770 980 4816 essent.
1032 4758 1209 4814 Urbes
1253 4764 1437 4810 autem
1483 4769 1605 4822 quae
1673 4760 2028 4822 superessent

457 4856 894 4919 munitissimus,
949 4851 1265 4906 diuturnam
1339 4845 1616 4916 postulare
1679 4843 2024 4898 obsidionem

453 4949 755 5010 asserebat,
776 4955 832 5002 et
847 4940 1433 5015 Transjordaninorum
1455 4937 1656 4993 auxilia
1671 4937 1779 5007 jam
1803 4936 2025 4990 domum

459 5039 789 5098 remittenda
839 5036 1120 5094 censebat.
1156 5033 1382 5090 Duabus
1437 5031 1606 5101 igitur
1662 5028 1919 5084 tribubus
1970 5035 2028 5083 et

456 5134 696 5197 semissi,
726 5146 962 5203 quarum
1003 5127 1108 5184 viri
1155 5135 1315 5182 erant
1358 5121 1720 5193 quinquagies
1755 5120 1930 5186 mille,
1958 5119 2026 5174 ad

454 5243 555 5287 sua
573 5223 838 5282 redeundi
856 5229 1180 5294 potestatem
1203 5218 1352 5274 facit.
1371 5217 1476 5284 Illi,
1491 5213 1729 5274 Iordane
1750 5223 2027 5283 superato,

457 5334 614 5378 aram
659 5317 718 5372 in
763 5317 882 5385 ripa
920 5312 1286 5368 constituunt.
1317 5308 1434 5375 Qua
1470 5306 1539 5361 de
1573 5319 1738 5361 causa
1789 5304 2027 5358 tumultu

461 5415 605 5471 inter
630 5409 912 5468 Israelitas
931 5406 1192 5470 excitato,
1216 5403 1407 5459 decem
1432 5399 1733 5454 honoratos
1750 5395 1900 5450 viros
1921 5411 2028 5450 una

460 5521 586 5562 cum
642 5503 850 5559 Pbinee
905 5500 1113 5570 legatos
1167 5495 1429 5557 mittunt,
1480 5490 1551 5546 de
1599 5504 1693 5544 ara
1749 5496 2026 5543 exstructa

457 5597 891 5667 expostulantes.
921 5593 1009 5650 Illi
1054 5605 1166 5647 non
1209 5601 1394 5644 rerum
1427 5585 1808 5640 novandarum
1845 5580 2030 5636 studio

456 5703 515 5740 se
561 5697 712 5742 ιιι-λεια
759 5686 956 5742 fecisse
1001 5679 1374 5752 respondent,
1414 5675 1512 5730 sed
1560 5682 1620 5727 ut
1680 5669 2028 5728 monimento

2129 4502 2220 4538 σαι
2269 4486 2452 4547 αὐτοῖς
2496 4484 2620 4537 ναὸν
2658 4485 2906 4554 γένηται.
2953 4483 3284 4552 Συναγαγὼν
3327 4486 3383 4537 δὲ
3428 4488 3516 4539 τὸν
3569 4488 3698 4542 λαὸν

2128 4579 2207 4638 εἰς
2246 4576 2464 4644 Σηλὼμ,
2507 4578 2603 4638 τὰς
2641 4577 2943 4638 ἑαλωκυίας
2973 4575 3080 4629 τῶν
3123 4578 3330 4630 πόλεων
3369 4581 3699 4649 ἀπηρίθμει,

2128 4667 2222 4718 καὶ
2256 4668 2378 4719 ὅσαι
2419 4667 2528 4718 τῶν
2557 4669 2816 4720 ἐναντίων
2857 4667 3231 4737 διεφθάρησαν
3280 4672 3550 4737 στρατιαὶ,
3601 4672 3702 4724 καὶ

2127 4757 2202 4819 ὡς
2228 4758 2518 4824 τριάκοντα
2547 4759 2786 4827 βασιλεῖς
2816 4760 2998 4812 αὐτῶν
3021 4761 3466 4829 ἀπεκτάνθησαν.
3501 4762 3613 4824 Τὰς
3643 4763 3704 4814 δὲ

2131 4849 2573 4918 περιλειφθείσας
2607 4848 2686 4901 ἔτι
2730 4850 2912 4912 πόλεις
2962 4850 3316 4919 πολυχρονίου
3357 4851 3566 4904 δεῖσθαι
3597 4870 3700 4907 που

2129 4940 2371 5009 λιορκὶας
2400 4940 2468 4992 δι’
2500 4940 2804 5010 ὀχυρότητα
2843 4941 3019 5009 ἔλεγε,
3048 4943 3141 4994 καὶ
3170 4941 3324 5011 ἠξίου
3349 4944 3475 5005 τοὺς
3504 4945 3570 4996 ἐκ
3599 4948 3707 5015 τῆς

2129 5033 2367 5104 περαίας
2416 5033 2512 5086 τοῦ
2580 5033 2844 5102 Ἰορδάνου
2905 5035 3422 5105 συνεξορμήσαντας
3476 5037 3704 5100 αὐτοῖς,

2128 5122 2388 5177 ἀπολύειν
2415 5122 2514 5194 ήδη
2553 5122 2686 5193 πρὸς
2719 5122 2788 5176 τὰ
2812 5122 3012 5177 οίκεῖα.
3043 5123 3151 5175 Καὶ
3183 5121 3706 5195 προσκαλεσάμενος

2129 5215 2255 5278 τοὺς
2277 5216 2342 5268 ὲκ
2370 5214 2483 5268 τῶν
2506 5213 2599 5267 δύο
2628 5214 2832 5283 φυλῶν,
2858 5214 3072 5283 καὶ-τῆς
3099 5215 3380 5284 ἡμισείας,
3400 5229 3709 5268 πεντακισ-

2134 5307 2364 5377 μυρίους
2403 5305 2584 5371 ϐντας,
2622 5306 2757 5374 πρὸς
2781 5305 2882 5368 τὰς
2905 5304 3241 5376 κληρουχίας
3265 5305 3447 5358 αὐτῶν
3471 5307 3672 5376 ὲπέτρε
3689 5336 3711 5348 ο

2132 5415 2232 5452 πεν
2266 5397 2540 5452 ἀπελθεῖν.
2573 5399 2636 5450 οι
2657 5397 2714 5450 δὲ
2737 5397 3024 5460 διαϐάντες
3050 5397 3144 5450 τὸν
3191 5396 3486 5468 Ἰορδάνην,
3513 5397 3708 5467 βωμὸν

2131 5492 2227 5546 ἐπὶ
2253 5494 2318 5561 τῇ
2360 5491 2494 5562 ϐχθῃ
2531 5489 2822 5560 ίδρύονται.
2863 5491 2929 5544 Ὃ
2961 5489 3193 5562 θόρυϐον
3217 5491 3296 5562 τῷ
3345 5490 3541 5561 πλῆθει
3587 5489 3710 5542 τῶν

2143 5582 2493 5653 Ἰσραηλιτῶν
2533 5581 2836 5650 ἐνεποίησε.
2873 5581 3190 5650 Πέμπουσιν
3227 5577 3322 5636 οὖν
3369 5579 3458 5634 ἐπ’
3502 5580 3713 5644 αὐτοὺς

2132 5672 2264 5728 δέκα
2295 5671 2404 5728 τῶν
2435 5673 2695 5742 ἐντίμων,
2726 5671 2822 5725 καὶ
2859 5671 3064 5740 Φινεὲς,
3096 5672 3413 5746 αίτιιίιμενοι
3445 5672 3575 5742 περὶ
3602 5671 3710 5725 τοῦ
