4070 6214
335 213 438 274 109

1635 209 2049 290 ANNALIUM
2080 207 2229 269 LIB.
2273 208 2321 267 Ι.

3485 204 3586 266 110

329 325 547 397 βωμοῦ.
577 326 643 378 Oi
676 323 732 378 δὲ
767 322 845 394 μὴ
883 323 1025 378 κατά
1072 324 1440 394 νεωτερισμὸν
1473 327 1783 394 ἀναστῆσαι
1815 325 1910 378 τὸν

2026 331 2157 378 asset
2204 319 2440 394 posteris
2497 317 2923 373 necessitudinis
2961 318 3112 386 ejus,
3152 333 3272 387 quae
3309 317 3415 373 sibi
3458 336 3586 376 cum

330 419 517 490 βωμὸν
559 415 769 483 ἔλεγον,
810 417 890 477 είς
924 414 980 467 δὲ
1017 417 1318 485 τεκμήριον
1343 417 1456 478 τοῖς
1483 413 1612 482 ἑξῆς
1641 419 1739 484 τῆς
1773 416 1910 486 πρὸς

329 512 478 580 ὑμᾶς
529 507 893 575 οίκειότητος.
933 506 1069 559 Ἕνα
1115 506 1224 577 γὰρ
1264 505 1400 560 Θεὸν
1449 507 1766 574 γινώσκειν,
1818 508 1910 560 τὸν

328 602 590 670 σύμπασι
638 600 756 660 τοῖς
803 597 1080 667 Ἑϐραίοις
1122 598 1326 652 κοινόν.
1383 597 1570 653 Ταῦτα
1624 600 1908 667 εἰπόντων,

325 693 514 753 Φινεὲς
543 692 640 744 καὶ
677 691 728 742 οί
767 691 867 743 σὺν
894 688 1046 758 αύτῷ
1077 689 1215 758 πρὸς
1243 688 1334 742 τὸν
1370 690 1580 759 Ἰησοῦν
1611 691 1914 760 ὕπενόστη-

331 803 459 838 σαν.
499 783 711 850 Ἰησοῦς
737 782 793 834 δὲ
824 780 1230 851 κληροδοτήσας
1259 781 1340 851 τῷ
1369 781 1565 851 πλήθει
1597 782 1696 845 τὰς
1728 781 1913 853 χώρας

326 876 390 927 ἑν
433 873 686 942 Σικίμοις
733 871 944 940 διῆγεν.
996 868 1339 940 ’Υπέργηρος
1385 869 1444 922 δὲ
1492 869 1759 939 γεγονὼς,
1817 873 1914 924 καὶ

327 969 590 1038 θνήσκειν
621 964 722 1034 ἢδη
750 963 984 1032 μέλλων,
1016 963 1343 1032 παραίνεσιν
1372 962 1666 1033 ἐποιήσατο
1699 963 1835 1032 πρὸς
1855 963 1915 1016 τὸ

327 1060 564 1130 πλῆθος,
605 1057 705 1109 καὶ
743 1054 1092 1124 ἐτελεύτησε,
1125 1053 1277 1123 βιοὺς
1305 1053 1400 1122 ἔτη
1432 1052 1628 1105 ἑκατὸν
1656 1053 1809 1118 δέκα,
1841 1045 1914 1107 ὧν

331 1151 435 1204 σῦν
489 1147 724 1201 Maii}er
769 1144 1015 1214 διέτριψε
1047 1143 1487 1214 τεσσαράκοντα,
1525 1144 1664 1212 μετά
1711 1143 1767 1195 δὲ
1816 1145 1915 1213 τὴν

329 1241 547 1295 ἐκείνου
578 1238 839 1307 τελευτὴν
866 1235 1190 1307 στρατηγῶν
1227 1235 1394 1287 πέντε
1426 1236 1520 1287 καὶ
1545 1235 1741 1288 εἴκοσι.
1773 1234 1917 1305 Θνή-

328 1352 457 1388 σκει
510 1333 568 1386 δὲ
608 1331 706 1385 καὶ
751 1333 778 1382 ὁ
812 1329 1106 1400 ἀρχιερεὺς
1147 1327 1439 1397 Ἐλεάζαρ,
1470 1328 1658 1391 Φινεὲς
1694 1326 1774 1397 τῷ
1816 1327 1918 1398 υίῴ

330 1428 432 1497 τὴν
457 1421 876 1496 ἀρχιερωσύνην
906 1419 1102 1473 λιπών.
1131 1419 1286 1472 Μετά
1311 1419 1370 1472 δὲ
1389 1417 1580 1483 ταῦτα,
1620 1420 1917 1472 Χαναναῖοι

330 1519 659 1578 ιλπίσαντες
687 1511 1074 1583 περιγενέσθαι
1122 1510 1216 1564 τοῦ
1262 1511 1374 1563 τῶν
1408 1509 1676 1581 Ἑϐραίων
1707 1513 1916 1578 γένους,

331 1613 590 1672 θανόντος
657 1605 860 1677 Ἰησοῦ,
915 1605 1038 1658 κατ’
1081 1604 1266 1657 αὐτῶν
1322 1603 1788 1674 ἐπεστράτευσαν,
1840 1603 1919 1673 τῷ

331 1701 553 1773 βασιλεῖ
615 1695 978 1760 ’Δδωνιδεζὲκ
1007 1695 1107 1766 τὴν
1151 1695 1451 1765 ἡγεμονίαν
1504 1696 1919 1759 πιστεύσαντες.

307 1794 496 1862 Δηλοί
518 1791 578 1845 δὲ
601 1790 664 1844 τὸ
682 1790 856 1860 ὄνομα
873 1787 1093 1856 Κύριος
1119 1785 1306 1850 Βεζέκ.
1342 1787 1552 1841 Ἀδωνι
1574 1789 1684 1858 γὰρ
1699 1787 1920 1859 Ἐϐραῖ-

333 1884 426 1936 at).
456 1885 650 1951 κύριος
676 1879 916 1947 λέγεται.
948 1875 1302 1947 Συμμίξασαι
1339 1876 1397 1929 δὲ
1439 1881 1554 1940 τοῖς
1592 1878 1922 1942 Χαναναίοις

334 1978 394 2029 αἱ
418 1974 514 2027 δύο
540 1971 731 2041 φυλαὶ,
760 1972 794 2040 ἡ
827 1969 923 2024 τοῦ
970 1969 1144 2023 Ἰούδα
1179 1969 1333 2039 καὶὴ
1366 1968 1464 2021 τοῦ
1508 1969 1757 2038 Συμεὼν,
1797 1972 1922 2042 τρέ-

336 2083 538 2120 πονται
568 2065 797 2126 αὐτοὺς,
831 2062 929 2115 καὶ
968 2061 1062 2115 τὸν
1121 2059 1479 2124 ’Δδωνιϐεζεκ
1533 2061 1775 2130 αἱροῦσι,
1825 2052 1922 2117 καὶ

334 2155 884 2226 ἀκρωτηριάςουσιν.
916 2149 1072 2206 Εἷλον
1113 2150 1173 2204 δὲ
1217 2151 1312 2204 καὶ
1357 2151 1544 2214 πόλεις
1573 2153 1796 2217 πολλὰς,
1827 2153 1923 2207 καὶ

337 2249 453 2300 τῶν
495 2244 887 2317 Ἰεροσολύμων
925 2243 1025 2314 τὴν
1076 2243 1232 2296 κάτω
1295 2242 1474 2308 πόλιν,
1504 2243 1754 2308 καὶτοὺς
1781 2245 1922 2298 ενοι·-

338 2337 576 2400 κοῦντας
607 2335 960 2388 ἀπέκτειναν.
997 2331 1111 2401 Τῆς
1142 2331 1190 2386 δ’
1229 2331 1342 2386 ἄνω
1374 2332 1642 2403 δυσχερὴς
1667 2327 1737 2404 ἦν
1762 2334 1795 2401 ἡ
1823 2349 1924 2386 πο-

337 2431 581 2500 λιορκία,
612 2429 776 2495 φύσει
798 2444 858 2480 τε
886 2425 984 2480 τοῦ
1016 2424 1245 2497 χωρίου,
1275 2425 1374 2479 καὶ
1392 2426 1589 2496 τειχῶν
1609 2426 1920 2497 ὀχυρότητι.

349 2525 602 2584 Ἔλόντες
628 2522 685 2574 δὲ
712 2523 808 2573 καὶ
830 2520 933 2590 τὴν
967 2517 1220 2590 Χεῦρὼν,
1268 2517 1517 2582 ἃπαντας
1545 2519 1923 2591 διεχρήσαντο,

343 2616 441 2666 καὶ
489 2613 704 2665 ἔδωκαν
761 2611 932 2680 αὐτὴν
976 2611 1055 2680 τῷ
1089 2609 1273 2663 Χάλεῦ
1332 2611 1414 2674 είς
1465 2610 1690 2680 κλῆρον,
1741 2610 1926 2675 καθὼς

342 2705 588 2774 Μωῦσῆς
621 2702 948 2756 ἐνετείλατο.
987 2703 1098 2756 Καὶ
1125 2704 1240 2765 τοῖς
1268 2700 1366 2754 τοῦ
1411 2701 1583 2773 Ἰοθδρ
1613 2703 1920 2770 ἀπογόνοις,

343 2794 706 2864 ἀγχιστεῦσιν
754 2790 876 2847 οὖσι
924 2793 1230 2856 Μωῦσέως,
1280 2795 1386 2864 γῆν
1432 2793 1922 2865 προσεκλήρωσαν,

343 2890 434 2941 ὅτι
464 2887 563 2957 τὴν
599 2885 841 2955 πατρίδα
913 2885 1332 2947 καταλιπόντες,
1392 2886 1708 2938 συνείποντο
1754 2888 1814 2938 ὲν
1859 2887 1924 2956 τῇ

2014 416 2122 469 illis
2143 413 2533 468 intercederet.
2553 412 2734 468 Unum
2759 411 2906 464 enim
2928 424 3048 464 sese
3072 409 3241 463 Deum
3263 425 3581 479 agnoscere,

2012 507 2271 562 omnibus
2297 504 2546 560 Hebraeis
2578 518 2951 559 communem.
2987 502 3081 557 His
3104 502 3328 564 auditis,
3352 501 3587 560 Phinees

2013 615 2137 655 cum
2182 601 2298 656 suis
2331 599 2396 653 ad
2429 599 2613 653 Jesum
2655 596 2971 651 revertitur.
3018 595 3070 649 Is
3107 596 3392 666 provincia
3439 605 3588 651 sorte

2015 693 2162 746 inter
2206 691 2472 761 populum
2521 689 2854 754 distributa,
2905 687 3124 743 Sicimis
3177 687 3411 757 degebat
3458 705 3472 741 :
3526 705 3590 742 ae

2015 786 2170 840 senio
2204 785 2511 849 confectus,
2535 793 2591 839 et
2619 784 2843 854 jamjam
2879 784 3209 847 moriturus,
3247 784 3452 852 populo
3479 783 3591 855 [‘8

2015 876 2176 931 oIIieii
2208 876 2509 940 admonito,
2548 875 2687 941 obit,
2727 890 2853 928 cum
2895 888 3070 928 annos
3103 875 3334 929 vixisset
3368 886 3586 929 centum

2016 977 2070 1024 et
2097 967 2310 1029 decem,
2344 983 2579 1036 quorum
2611 982 2736 1021 cum
2769 965 2916 1021 Mose
2951 974 3201 1021 versatus
3240 966 3421 1020 fuerat
3451 984 3590 1036 qua-

2017 1061 2290 1132 draginta,
2327 1070 2382 1114 et
2427 1069 2548 1130 post
2581 1061 2700 1131 ejus
2745 1059 2960 1113 obitum
3015 1061 3319 1113 exercitum
3359 1059 3592 1114 duxerat

2017 1153 2259 1222 quinque
2289 1162 2345 1206 et
2381 1153 2589 1222 viginti.
2619 1152 2853 1206 Moritur
2895 1159 2950 1206 et
2995 1152 3290 1206 Eleazarus
3323 1152 3587 1221 pontifex.

2019 1244 2132 1299 lilio
2179 1244 2373 1299 Phinei
2416 1244 2725 1299 sacerdotio
2773 1243 2993 1297 relicto.
3029 1241 3159 1297 Post
3205 1242 3414 1297 obitum
3461 1243 3589 1297 Jesu

2017 1337 2329 1400 Cliananzei,
2357 1337 2534 1404 gentis
2560 1337 2801 1390 Hebraea:
2835 1336 3157 1405 superanda:
3187 1350 3280 1402 spe
3304 1344 3589 1404 concepta,

2019 1429 2223 1483 bellum
2276 1427 2518 1492 faciunt,
2567 1426 3332 1490 Adonibczeco'impcratore
3382 1435 3594 1495 creato,

2021 1518 2168 1587 quod
2197 1533 2397 1571 nomen
2428 1516 2673 1570 Hehrmis
2705 1516 2897 1570 Bczeci
2928 1515 3213 1569 dominum
3247 1525 3425 1570 sonat.
3454 1515 3589 1570 Cum

2023 1610 2110 1664 his
2141 1610 2262 1664 dua:
2315 1608 2514 1674 tribus,
2546 1607 2772 1663 Judaica
2821 1618 2876 1662 et
2921 1608 3232 1677 Symeonia,
3266 1621 3591 1677 congressae,

2023 1701 2080 1756 in
2128 1699 2311 1772 fugam
2356 1708 2581 1754 vertunt
2628 1699 2837 1763 hostes,
2877 1697 3323 1753 Adonibezecum
3374 1706 3592 1768 captum

2024 1795 2301 1850 mutilant.
2336 1795 2504 1850 Multa
2538 1794 2668 1849 item
2704 1792 2903 1862 oppida
2933 1805 3152 1861 cepere,
3183 1799 3241 1846 et
3274 1790 3593 1846 inferiorem

2025 1887 2527 1958 Hierosolymorum
2604 1884 2840 1950 urbem,
2903 1881 3312 1937 habitatoribus
3370 1883 3594 1938 occisis.

2024 1979 2225 2036 Verum
2272 1978 2574 2049 superioris
2619 1976 2857 2032 difficilis
2896 1982 3016 2029 erat
3060 1973 3296 2038 obsidio,
3337 1981 3445 2028 tam
3487 1974 3593 2028 situ

2024 2086 2187 2141 quam
2262 2068 2540 2125 mcenibus
2602 2064 2953 2137 permunitis.
3011 2063 3359 2119 Chebronem
3430 2065 3595 2120 etiam

2024 2172 2276 2233 captam,
2335 2160 2552 2216 civibus
2600 2157 2949 2220 interfectis,
3012 2155 3216 2211 Calebo
3279 2156 3335 2210 in
3391 2166 3597 2211 sortem

2023 2255 2337 2318 dederunt,
2389 2262 2451 2308 ut
2498 2253 2787 2307 mandarat
2841 2253 3037 2307 Moses.
3086 2251 3333 2307 Jothoris
3381 2266 3598 2320 quoque

2023 2345 2279 2415 posteris,
2308 2345 2468 2398 Mosis
2491 2343 2766 2406 alIinibus,
2797 2357 2958 2414 agros
2983 2341 3352 2412 assignarunt,
3377 2342 3522 2412 quod
3552 2341 3599 2397 is

2026 2435 2202 2506 patria
2249 2435 2481 2502 relicta,
2530 2435 2796 2504 populum
2849 2433 3204 2488 Hebraeorum
3263 2435 3317 2487 in
3373 2420 3620 2488 deserto.

2025 2533 2247 2581 secutus
2272 2535 2438 2580 esset.
2465 2527 2534 2578 At
2572 2525 2802 2580 Judaica
2827 2535 2883 2579 et
2924 2523 3218 2594 Symeonia
3253 2522 3452 2588 tribus,
3480 2539 3598 2576 ma-

2025 2631 2186 2688 gnam
2205 2617 2413 2687 adeptas
2437 2617 2774 2681 felicitatem,
2802 2631 2953 2670 arma
2986 2623 3322 2685 posuerunt;
3359 2614 3598 2684 Ephrai-

2027 2710 2175 2766 mitaa
2201 2725 2358 2778 vero,
2390 2709 2630 2765 Betbelis
2661 2709 2948 2763 obsidione
2976 2709 3176 2764 frustra
3211 2717 3438 2773 tentata,
3472 2723 3595 2761 cum

2029 2800 2210 2854 civem
2263 2801 2384 2871 ejus
2428 2799 2582 2852 urbis
2629 2799 2927 2867 cepissent,
2960 2798 3395 2852 incolumitatem
3431 2797 3506 2852 illi
3541 2805 3598 2851 et

2030 2892 2278 2961 cognatis
2329 2891 2450 2961 ejus
2497 2891 2847 2961 promittunt,
2876 2890 2921 2944 si
2974 2890 3170 2945 urbem
3213 2890 3489 2960 proderet.
3524 2889 3597 2953 Is,

343 2981 543 3051 ἐρήμῳ
572 2979 656 3051 τῷ
683 2978 793 3033 τῶν
827 2976 1098 3047 Ἐϐραίων
1125 2976 1264 3042 λαῷ.
1306 2979 1372 3031 Δί
1409 2977 1466 3030 δὲ
1505 2977 1564 3044 ἓξ
1620 2978 1791 3031 Ἰούδα
1833 2979 1923 3032 καὶ

2035 2984 2171 3038 urbe
2219 2983 2457 3054 prodita,
2505 2991 2864 3038 conservatur
2908 3001 2922 3038 :
2972 2982 3072 3047 illi,
3115 2982 3331 3036 civibus
3377 2982 3597 3042 occisis,

349 3071 582 3142 Συμεὼν
635 3069 802 3139 φυλαὶ
845 3067 1098 3138 μεγάλως
1130 3067 1623 3138 εὐδαιμονήσασαι,
1668 3069 1736 3122 τά
1787 3070 1923 3123 ὅπλα

2037 3075 2226 3128 urbem
2328 3083 2618 3144 occupant.
2692 3073 3029 3144 Benjamitae,
3087 3072 3288 3141 quibus
3343 3071 3604 3126 Hieroso~

350 3166 670 3222 κατέθεντο.
721 3165 804 3218 Τά
847 3163 1090 3234 Βαίθηλα
1115 3163 1172 3216 δέ
1203 3180 1266 3230 γε
1309 3163 1672 3235 πολιορκοῦσα
1707 3165 1740 3236 η
1787 3164 1923 3236 φυλὴ

2033 3166 2303 3237 lymorum
2337 3167 2468 3220 urbs
2499 3167 2822 3229 obvenerat,
2853 3166 3060 3228 tributo
3089 3165 3367 3234 imposito,
3403 3164 3602 3219 incolis

351 3258 446 3312 τοῦ
484 3257 752 3328 Ἐφραῖμ,
786 3257 941 3311 οὐδὲν
969 3257 1121 3326 ἤνυε.
1165 3255 1529 3320 Συλλασόντες
1576 3256 1634 3309 δέ
1672 3273 1792 3309 τινα
1816 3257 1923 3310 τῶν

2035 3258 2286 3312 divinum
2335 3257 2651 3312 mandatum
2685 3266 3075 3328 pepercerunt.
3106 3255 3254 3311 Idem
3287 3256 3451 3310 etiam
3482 3257 3602 3311 alia-

352 3351 450 3421 τῆς
479 3351 718 3414 πόλεως,
749 3349 963 3411 πίστεις
993 3347 1270 3418 παρέσχον
1299 3347 1468 3417 αὐτῷ,
1494 3349 1805 3418 παραδόντα
1825 3350 1923 3419 τὴν

2031 3349 2210 3404 tribus
2239 3358 2367 3404 sunt
2399 3347 2639 3403 imitatae.

356 3443 598 3514 πατρίδα
622 3442 846 3507 σώσειν,
868 3439 969 3494 καὶ
1001 3438 1167 3492 αὑτὸν
1197 3439 1294 3492 καὶ
1319 3439 1450 3502 τοὺς
1480 3441 1788 3508 συγγενεῖς.
1827 3441 1935 3493 Καὶ
1969 3441 1997 3493 ό
2040 3440 2138 3510 μὲν
2167 3438 2338 3503 οὕτως
2404 3440 2659 3511 προδοὺς,
2716 3437 2949 3503 σώζεται
3006 3439 3144 3509 μετὰ
3186 3439 3295 3494 τῶν
3363 3441 3600 3493 οἰκείων.

355 3537 416 3589 Ol
455 3537 540 3600 δὲ,
570 3533 892 3595 κτείναντες
926 3531 1054 3594 τοὺς
1087 3529 1396 3595 οἰκοῦντας,
1458 3525 1605 3600 είχον
1671 3530 1772 3585 τὴν
1817 3532 1994 3586 πόλιν.
2037 3532 2357 3601 Βενιαμῖται
2404 3532 2461 3584 δὲ
2507 3532 2608 3601 τῆς
2641 3530 3034 3602 Ἰεροσολύμων
3082 3532 3290 3595 πόλεως
3335 3532 3604 3602 λαχούσης

354 3634 563 3692 αὐτοῖς,
595 3631 799 3699 φόρους
823 3629 940 3688 τοῖς
1005 3625 1282 3688 κατοίκοις
1351 3624 1632 3690 ἐπέθεντο,
1695 3625 1797 3695 ζῇν
1859 3629 2318 3698 συγχωρήσαντες
2366 3625 2519 3696 παρὰ
2571 3627 2671 3696 τὴν
2713 3626 2865 3679 Θείαν
2905 3625 3190 3698 διαταγήν.

359 3723 578 3776 ἐποίουν
606 3721 699 3774 καὶ
722 3721 778 3774 αἱ
805 3718 963 3772 αλλαι
993 3717 1181 3786 φυλαί.

438 3811 569 3866 KB'.
631 3812 764 3879 Ἤδη
819 3809 864 3862 δ’
918 3807 1350 3878 εὐθηνουμένους
1408 3809 1536 3870 τοὺς
1590 3807 1651 3873 ἐξ
1717 3808 1923 3880 Ἰσραὴλ

2107 3805 2274 3861 XXII.
2328 3806 2600 3861 Israelitas
2653 3807 2817 3861 rebus
2861 3805 3120 3861 secundis
3161 3805 3272 3877 jam
3324 3805 3607 3871 ﬂorentes,

350 3905 669 3974 διέφθειρεν
697 3905 730 3972 ἡ
761 3901 968 3973 τρυφὴ,
1018 3901 1114 3954 καὶ
1166 3902 1293 3962 τοὺς
1346 3899 1523 3962 θείους
1564 3901 1762 3969 νόμους
1795 3918 1923 3971 παρ-

2035 3899 2254 3954 luxuria
2291 3899 2559 3968 corrupit,
2595 3908 2653 3952 ut
2698 3907 2754 3952 et
2803 3897 3018 3952 divinas
3049 3897 3196 3969 leges
3226 3899 3520 3963 violarent,
3552 3909 3610 3953 et

355 3996 594 4058 ἔϐαινον,
633 3994 730 4047 καὶ
763 3994 900 4063 πρὸς
932 3993 992 4044 τὸ
1022 3995 1210 4044 πονεῖν
1238 3990 1502 4044 διέκειντο
1529 3990 1729 4058 ἀηδῶς,
1774 3995 1867 4044 καὶ
1901 3993 1923 4061 ἦ

2040 3993 2109 4047 ad
2142 3993 2385 4048 laborem
2434 4006 2629 4059 segnes
2661 3999 2866 4046 essent.
2899 3990 3148 4045 Desierat
3173 3991 3338 4046 etiam
3372 3992 3608 4059 Optima-

355 4085 760 4156 ἀριστοκρατία
782 4083 999 4148 ἐξέλιπε
1026 4080 1162 4152 (45),
1197 4081 1291 4133 καὶ
1324 4081 1358 4150 ἡ
1392 4080 1652 4148 γερουσία
1675 4080 1776 4134 οὐκ
1802 4082 1923 4134 ἀπε-

2041 4094 2156 4139 tum
2205 4085 2573 4154 magistratus,
2601 4098 2780 4152 neque
2823 4084 3060 4151 amplius
3105 4091 3330 4137 senatus
3391 4082 3609 4151 legebao

352 4178 629 4231 δείκνυτο.
661 4174 828 4228 Ὅθεν
863 4173 1052 4235 στάσις
1085 4171 1285 4234 αὐτοὺς
1325 4171 1736 4240 καταλαμόάνει
1763 4171 1923 4241 δεινὴ,

2044 4185 2156 4230 tur.
2204 4175 2391 4245 Itaque
2426 4189 2580 4230 atrox
2628 4174 2827 4229 seditio
2858 4175 3003 4228 inter
3043 4189 3139 4228 eos
3170 4174 3368 4234 oritur.
3399 4174 3490 4228 tali
3539 4173 3610 4227 de

357 4269 417 4333 ἐξ
468 4269 655 4328 αἰτίας
713 4263 993 4334 τοιαύτης.
1058 4263 1222 4333 ’Δνὴρ
1271 4263 1507 4332 Λευῖτης
1551 4261 1649 4332 τὴν
1699 4261 1923 4327 σύζυγοι

2040 4281 2228 4321 causa.
2277 4267 2464 4319 Levita
2515 4265 2736 4333 quidam
2790 4265 3076 4334 conjugem
3137 4264 3609 4319 Bethlecmiticam

357 4358 750 4425 ἑπαγόμενος,
807 4355 872 4406 ὲκ
933 4352 1179 4420 Βηθλεὲμ
1228 4350 1427 4416 οὖσαν,
1493 4349 1678 4403 οἴκαδε
1740 4348 1923 4419 ἀπῄει.

2037 4355 2258 4409 domum
2275 4354 2635 4417 abducturus,
2654 4351 2797 4422 apud
2815 4367 3000 4405 senem
3017 4352 3308 4420 quemdam
3331 4351 3608 4417 Gabaone,

361 4449 506 4517 Ἤδη
568 4448 615 4499 δ’
679 4445 844 4515 ὀψίας
915 4443 1082 4513 ούσης
1142 4441 1485 4509 ἐπιξενοῦται
1552 4443 1704 4512 παρά
1763 4457 1923 4512 πρεσ-

2038 4445 2404 4517 Benjamitica:
2451 4445 2625 4497 tribus
2671 4443 2894 4512 oppido,
2927 4443 3142 4512 vesperi
3185 4441 3496 4496 divertitur.
3528 4441 3608 4495 Ibi

359 4539 499 4608 δύτῃ
557 4539 670 4592 τινὶ
732 4540 792 4591 ἐν
857 4536 1054 4590 Γαϐαὼ
1113 4536 1296 4599 πόλει,
1357 4534 1533 4604 φυλῆς
1592 4534 1694 4602 τῆς
1747 4533 1923 4587 Βενια.⁴

2039 4535 2261 4606 quidam
2298 4535 2684 4590 adolescentes
2711 4533 3046 4596 Gabaonitae,
3076 4549 3198 4586 cum
3231 4533 3611 4588 mulierculam

3266 3626 3499 3696 ὀμοίως
3543 3642 3606 3678 τε

361 4632 594 4702 μίτιδος.
627 4630 858 4682 Νεανίαι
908 4629 966 4680 δὲ
1013 4626 1358 4680 Γαϐαωνῖται
1405 4642 1573 4689 τινες,
1625 4624 1687 4678 τὸ
1719 4625 1939 4692 γύναιον

361 4725 723 4794 θεασάμενοι,
753 4717 886 4792 ἧκον
911 4719 1271 4782 ἀπαιτοῦντες
1313 4719 1467 4776 αὐτό.
1521 4717 1629 4771 Τοῦ
1676 4717 1732 4771 δὲ
1769 4734 1940 4788 πρεσ-

360 4818 526 4870 ϐύτου
586 4815 668 4886 μὴ
712 4815 969 4877 διδόντος,
1018 4811 1369 4866 ἀποκτείνειν
1423 4809 1702 4878 ἠπείλουν.
1769 4808 1830 4860 '0
1883 4807 1940 4862 δὲ

360 4912 458 4979 τῆς
517 4905 719 4961 ἑαυτοῦ
774 4905 1045 4976 θυγατρὸς
1096 4903 1280 4964 αὐτοῖς
1335 4900 1674 4971 παρεχώρει,
1725 4899 1811 4952 ἵνα
1864 4899 1939 4968 μή

359 5016 416 5051 τι
469 5000 652 5069 βίαιον
696 4998 992 5051 ὕποσταῖεν
1023 4996 1077 5049 οἱ
1125 4993 1548 5060 ἀπιξενωθέντες
1593 4990 1766 5061 αὐτῷ.
1814 4990 1938 5059 ’Δρ-

367 5089 650 5152 πάσαντες
709 5088 756 5142 δ’
813 5089 1014 5141 εκεῖνοι
1089 5088 1150 5139 τὸ
1211 5084 1434 5154 γύναιον
1498 5082 1898 5151 ἀπηλλάγησαν
1922 5119 1939 5146 ,

367 5183 461 5234 καὶ
523 5181 594 5235 δι’
663 5179 795 5249 ὅλης
851 5179 952 5249 τῆς
1021 5177 1218 5240 νυκτὸς
1285 5175 1686 5245 ἐμφορηθέντες
1747 5174 1938 5241 αὐτῆς.

367 5273 591 5342 ἀφῆκαν
649 5273 966 5343 ἀρχομένης
1030 5271 1268 5342 ἡμέρας.
1343 5268 1406 5320 Ἦ
1471 5266 1528 5319 δὲ
1588 5267 1655 5335 τῇ
1719 5281 1778 5318 τε
1849 5283 1943 5317 νυ-

2040 4629 2332 4692 vidissent,
2372 4627 2592 4689 adsunt,
2622 4641 2744 4680 eam
2790 4625 3116 4696 ﬂagitantes.
3145 4625 3273 4678 Seni
3308 4627 3607 4687 recusanti,

2040 4735 2233 4777 necem
2260 4720 2601 4772 minitantur.
2631 4719 2722 4772 Ille
2750 4717 2913 4770 filiam
2941 4733 3094 4770 suam
3118 4718 3200 4769 eis
3225 4715 3406 4784 petius
3427 4713 3608 4773 olIert.

2041 4811 2206 4864 modo
2227 4808 2470 4877 hospites
2488 4823 2518 4860 a
2543 4807 2592 4867 vi
2617 4816 2673 4860 et
2698 4806 2895 4875 injuria
2914 4815 3152 4859 tueatur.
3179 4805 3379 4858 Verum
3402 4802 3479 4856 illi
3502 4818 3611 4856 non

2044 4901 2149 4956 nisi
2177 4910 2330 4970 rapta
2362 4898 2684 4952 muliercula
2719 4897 3031 4959 discedunt,
3056 4911 3288 4964 eamque
3321 4911 3417 4964 per
3442 4902 3610 4949 t0tam

2041 5001 2261 5045 noctem
2295 5005 2396 5058 pro
2427 4988 2656 5042 libidine
2685 5003 2783 5042 sua
2825 4976 3214 5058 subagitatam,
3241 4985 3488 5039 diluculo
3527 4985 3612 5038 di-

2046 5082 2294 5136 mittunt.
2331 5081 2400 5134 At
2446 5080 2538 5132 illa
2587 5087 2642 5132 et
2691 5087 2960 5132 nocturna
3007 5093 3273 5140 aerumna,
3309 5086 3365 5132 et
3406 5076 3614 5147 pudore

2046 5173 2158 5243 49
2193 5171 2409 5235 mariti,
2444 5179 2500 5225 et
2540 5169 2729 5224 dolore
2756 5184 3016 5239 oppressa
3040 5209 3053 5231 ,
3091 5169 3312 5223 exhalat
3354 5167 3613 5222 ani'nam.

2049 5265 2189 5319 Tum
2241 5262 2490 5326 maritus,
2527 5271 2743 5317 mortua
2789 5261 2845 5316 in
2889 5261 3180 5318 duodecim
3225 5269 3410 5333 partes
3443 5265 3612 5319 secta,

1529 5423 1728 5485 Varias
1769 5421 2074 5484 lectiones
2118 5427 2178 5483 et
2217 5429 2408 5486 noue.

440 5558 554 5627 (43)
589 5554 702 5627 Kal
741 5555 772 5607 ὁ
810 5551 1223 5627 τριετοκρὰζης
1271 5550 1529 5627 ἐξέλιπε.
1561 5619 1573 5627 ι
1598 5548 1944 5627 Magistratus

375 5619 778 5688 ad‘tri'ennium
810 5637 1045 5693 praeesse
1073 5622 1290 5678 solitus.
1328 5622 1435 5674 Kal
1475 5620 1508 5690 ἡ
1550 5619 1946 5690 ἀριστοκρατία

2051 5547 2310 5611 ὲξέλιπε.,
2349 5549 2554 5604 rectius
2585 5549 2637 5604 in
2661 5549 2956 5605 Viennensi
2993 5545 3181 5602 codice
3215 5551 3270 5597 et
3304 5541 3357 5595 in
3391 5540 3525 5609 Reg.
3559 5548 3611 5593 et

2051 5617 2205 5673 Coll).
2234 5619 2452 5690 legitur.
