4070 6214
332 379 441 435 113
1645 373 1927 434 ANNAIJ

1981 374 2049 433 [Μ
2088 373 2233 438 LIB.
2278 375 2351 435 Ῐῖα
2874 413 2879 417 ~
3472 381 3588 437 illi

331 482 523 536 πεύων
554 481 646 535 τὸν
668 480 863 554 ἄνδρα,
890 479 986 536 καὶ
1016 480 1415 552 ὑπερχόμενος.
1446 472 1615 542 Οὗτος
1639 480 1738 534 σὺν
1760 480 1914 533 δυσὶν

1979 517 1988 543 ι
2019 480 2263 537 chuntiis
2295 492 2491 538 auctor
2537 464 2966 538 fit'viudicanda:
2992 480 3396 536 liltertatis.'lli
3437 497 3586 535 arma

330 574 579 634 οἰκέταις
616 572 750 625 ποτὲ
801 572 954 643 δῶρα
1003 554 1246 641 κομίζων
1273 570 1352 641 τῷ
1380 568 1632 640 Αίγλὼμ,
1691 570 1917 638 ξιφίδιον

2009 573 2254 642 capiunt.
2289 574 2500 645 Eglonii
2534 575 2823 639 satellites,
2860 588 2988 645 rege
3021 574 3247 627 invento
3266 583 3509 636 mortuo,
3534 572 3588 624 in

331 664 531 735 ἔφερεν
560 663 810 732 ἀφανῶς.
848 665 957 717 Kal
982 664 1083 734 τῆς
1112 664 1330 734 ἡμέρας
1361 664 1461 734 ἤδη
1498 661 1794 732 μεσούσης,
1823 660 1919 714 καὶ

2008 668 2193 738 fugam
2221 669 2389 731 versi.
2429 684 2460 722 a
2490 668 2958 739 persequentibus
2991 668 3215 724 civibus
3236 665 3587 721 occiduntur.

329 758 446 809 τῶν
470 754 735 825 φυλακων
758 757 897 826 πρὸς
924 756 1156 818 ἑαυτοὺς
1190 754 1638 824 ἀπεληλυθότων,
1664 769 1913 823 μεμονω-

2014 757 2106 815 Sic
2155 760 2417 815 Israelita:
2466 776 2536 816 ex
2594 760 2889 816 Moabitica
2939 760 3208 815 servitute
3259 758 3587 813 liberamur.

334 849 500 917 μένον
532 847 715 917 εὑρὼν
746 847 934 908 αὑτὸν,
956 848 1184 902 εῐσεισιν
1212 848 1287 910 ὡς
1320 847 1584 917 συνήθης,
1624 845 1720 900 καὶ
1754 844 1916 914 μόνον

2012 849 2156 905 Aotb
2183 850 2446 922 suffragio
2473 852 2664 922 populi
2694 851 2953 923 princeps
2982 860 3223 913 creatus,
3260 864 3384 903 eum
3420 863 3593 903 annos

333 937 633 992 ἀπολαϐὼν
667 939 857 1002 αὐτὸν,
887 939 963 1001 ὡς
1006 939 1069 1008 δή
1100 957 1154 992 τι
1188 937 1603 1009 μυστικώτερον
1646 952 1917 1008 προσομι-

2016 940 2293 1010 octoginta
2353 939 2711 1010 praefuisset,
2743 939 2999 995 moritur.
3046 940 3177 994 Post
3216 938 3365 991 hunc
3410 935 3591 1005 Megal-

332 1029 519 1098 λήσων
554 1028 727 1098 αὐτῷ.
771 1030 1001 1098 πλήττει
1044 1030 1276 1101 καιρίως
1310 1030 1386 1100 τῷ
1416 1029 1655 1100 ξιφιδίῳ,
1686 1027 1782 1082 καὶ
1816 1027 1914 1081 ἀν-

2019 1029 2247 1085 Dinaclti
2304 1030 2488 1095 Illius,
2542 1032 2732 1090 multis
2778 1032 3148 1087 Barbarorum
3207 1027 3384 1091 catsis,
3442 1040 3590 1080 anno

335 1122 503 1190 αιρεί.
539 1120 827 1173 Ἀπελθὼν
867 1121 927 1174 δὲ
962 1121 1097 1191 πρὸς
1132 1123 1261 1185 τοὺς
1304 1121 1739 1192 Ἰεριχουντίους,
1790 1120 1911 1172 πεί-

1132 1123 1261 1185 τοὺς
1304 1121 1739 1192 Ἰεριχουντίους,
1790 1120 1911 1172 πεί·
2017 1120 2199 1190 primo
2222 1120 2443 1190 imperii
2470 1122 2711 1191 decedit.

337 1211 422 1263 θει
451 1211 549 1280 τῆς
575 1209 887 1280 ἐλευθερίας
914 1212 1329 1268 ἀντιποιεῖσθαι.
1367 1214 1481 1265 Kal
1505 1212 1556 1264 οί
1600 1210 1700 1281 μὲν
1744 1209 2065 1276 ὡπλίζοντο,
2110 1211 2161 1262 οἱ
2187 1210 2245 1263 δὲ
2299 1213 2432 1281 περὶ
2493 1212 2587 1266 τὸν
2625 1212 2872 1284 Αίγλὼμ,
2906 1211 3101 1283 νεκρὸν
3130 1209 3295 1265 αὐτὸν
3339 1209 3591 1279 εὑρόντες

336 1305 420 1365 εἰς
445 1304 628 1372 φυγὴν
660 1302 977 1371 τρέπονται,
1008 1304 1101 1357 καὶ
1133 1304 1451 1372 διωκόμενοι
1471 1299 1903 1370 διαφθείρονται.
1967 1299 2080 1353 Kal
2147 1299 2322 1364 οὕτως
2375 1301 2619 1369 Ἑϐραῖοι
2666 1302 2767 1371 τῆς
2832 1300 2941 1356 τῶν
2996 1300 3305 1356 Μωαϐιτῶν
3346 1296 3593 1360 δουλείας

334 1395 779 1467 ἐλευθεροῦνται.
833 1396 926 1465 Τῷ
966 1395 1024 1449 δὲ
1060 1395 1227 1460 Ἀὼθ,
1268 1398 1300 1463 ή
1351 1395 1443 1448 τοῦ
1511 1394 1754 1463 πλήθους
1802 1389 1945 1461 ἀρχὴ
1983 1391 2380 1462 ἐγκεχείριστο,
2427 1393 2487 1457 ὃς
2534 1394 2624 1447 ἐπ’
2669 1394 2849 1448 ἐτεσιν
2916 1392 3256 1462 ὀγδοήκοντα
3309 1389 3407 1444 τοῦ
3457 1386 3591 1441 λαοῦ

336 1486 723 1555 ᾖγησάμενος,
761 1485 855 1539 τὸν
903 1485 1018 1556 βίον
1060 1487 1348 1541 κατέλυσε.
1397 1486 1552 1540 Μετά
1597 1486 1661 1539 δὲ
1721 1481 1913 1537 τοῦτον
1950 1481 2148 1550 Μεγάρ
2187 1483 2302 1546 υίὸς
2371 1485 2539 1556 Δινὰχ
2568 1485 2764 1557 ἄρξας,
2796 1488 2889 1555 ιίεν
2933 1485 3012 1555 τῷ
3040 1483 3248 1555 πρώτῳ
3287 1481 3387 1551 τῆς
3415 1477 3590 1547 ἀρχῆς

332 1579 575 1649 ἐνιαυτῷ
607 1580 992 1651 τετελεύτηκε,
1029 1567 1277 1649 πατάξας
1302 1584 1411 1637 τῶν
1437 1580 1755 1652 ἀλλοφύλων
1783 1575 2034 1638 πολλούς.

408 1671 546 1726 Kl".
578 1671 689 1724 Τοῦ
726 1673 785 1726 δὲ
814 1673 947 1727 λαοῦ
972 1674 1082 1727 τῶν
1122 1674 1394 1745 Ἑϐραίων
1442 1676 1568 1737 τοὺς
1604 1672 1782 1736 θείους
1814 1686 1918 1724 πα-

2089 1668 2284 1725 XXlll.
2336 1671 2602 1728 Israelitis
2650 1682 2836 1727 autem
2879 1670 2950 1727 ob
2978 1669 3214 1726 violatas
3246 1665 3463 1721 divinas
3508 1664 3590 1719 le-

334 1762 697 1832 ραϐαίνοντος
729 1765 952 1834 νόμους,
976 1766 1248 1837 ὠργίζετο
1275 1770 1302 1820 ὁ
1328 1767 1462 1830 Θεὸς
1484 1783 1499 1797 ο
1530 1768 1628 1820 καὶ
1654 1766 1914 1834 Σισάρας,

2018 1778 2115 1832 ges
2168 1764 2309 1819 irato
2341 1765 2475 1828 Deo,
2516 1765 2733 1820 Sisaras
2764 1764 2918 1821 Jabis
2958 1762 3396 1819 Cbanaumorum
3444 1757 3592 1827 regis

331 1855 360 1905 ὁ
388 1854 490 1907 τοῦ
538 1856 748 1926 Ἰαϐεὶμ
781 1856 1053 1927 βασιλέως
1095 1859 1205 1912 τῶν
1256 1857 1584 1912 Χαναναίων
1616 1856 1910 1927 ἀρχιστρά-

2015 1856 2124 1911 dux
2157 1872 2254 1912 eos
2283 1872 2590 1927 aggressus.
2623 1857 2862 1928 graviter
2886 1856 3110 1920 afﬂixit,
3155 1862 3212 1910 et
3267 1849 3591 1908 tributarios

332 1962 524 2015 τηγος,
563 1946 820 2001 ἐπελθὼν
869 1949 1088 2013 αὐτοῖς,
1144 1949 1397 2003 ἐκάκωσε
1449 1966 1508 2001 τε
1564 1948 1790 2018 σφόδρα,
1820 1949 1915 2000 καὶ

2014 1946 2232 2003 effecit:
2271 1948 2326 2002 iu
2353 1962 2465 2017 quo
2514 1958 2661 2002 statu
2685 1963 2862 2003 annos
2906 1947 3101 2018 viginti
3142 1950 3586 2014 permanserunt.

334 2037 528 2107 φόροις
563 2038 824 2103 ὑπέϐαλε,
865 2042 959 2113 καὶ
989 2036 1148 2111 εἶχον
1178 2040 1350 2104 οὕτως
1395 2042 1488 2093 ἐπὶ
1528 2042 1812 2102 ἐνιαυτοὺς
1841 2039 1919 2092 εί-

2017 2039 2155 2094 Τιιιιι
2186 2039 2431 2100 Debora,
2467 2039 2688 2093 fatidica
2718 2039 2917 2093 mulier
2945 2040 3115 2108 (apem
3141 2036 3353 2091 Latinis
3381 2034 3583 2104 sonat),

336 2142 486 2179 κοσι.
537 2127 764 2195 Δευὼρα
811 2128 869 2181 δέ
914 2147 999 2191 τις
1044 2130 1319 2198 προφῆτις
1348 2129 1521 2201 (δηλοῖ
1568 2129 1625 2183 δὲ
1654 2130 1716 2182 τὸ
1747 2129 1919 2198 ὄνομα

2017 2144 2242 2187 exorato
2273 2133 2403 2197 Deo,
2438 2132 2703 2188 Baracum
2738 2135 2918 2187 virum
2940 2147 3008 2186 ex
3041 2129 3371 2199 Nephthalia
3398 2127 3546 2182 tribu
3568 2166 3583 2194 ,

335 2219 668 2288 μέλισσαν)
706 2220 847 2292 ὑπὲρ
886 2222 979 2275 τοῦ
1006 2222 1136 2277 λαοῦ
1169 2224 1450 2277 ἱκέτευσεν
1482 2222 1576 2276 τὸν
1618 2223 1772 2276 Θεόν.
1807 2224 1920 2278 Kal

2019 2221 2170 2277 illius
2191 2222 2350 2293 jussu
2375 2221 2572 2277 ducem
2602 2231 2788 2288 creat;
2816 2220 2998 2292 fulgur
3026 2220 3275 2278 Hebraeis
3301 2219 3353 2272 id
3383 2232 3586 2272 nomen

335 2311 367 2362 ὁ
398 2311 533 2375 Θεὸς
584 2313 872 2380 ἐπένευσε,
908 2314 1006 2369 καὶ
1050 2317 1359 2387 στρατηγὸν
1390 2315 1665 2385 αἱρεῖσθαι
1704 2316 1921 2371 κελεύει

2018 2309 2307 2381 signiﬁcat.
2349 2310 2615 2366 Hortatur
2656 2322 2719 2367 ut
2763 2312 2954 2367 decem
3006 2310 3252 2365 millibus
3308 2310 3587 2373 virorum,

337 2401 558 2470 Βαράκ,
584 2403 913 2473 ἀστραπὴν
975 2406 1033 2459 δὲ
1088 2407 1250 2460 τοῦτο
1304 2406 1562 2477 σημαίνει
1624 2406 1769 2463 κατά
1818 2407 1921 2476 τὴν

2018 2403 2481 2472 quemadmodum
2524 2405 2671 2459 Deus
2700 2404 2931 2475 jusserit
2951 2444 2969 2470 ,
3022 2401 3326 2472 assumptis
3350 2441 3367 2464 ,
3400 2398 3591 2453 hostes

350 2491 626 2561 Ἐϐραίων
652 2494 934 2549 διάλεκτον
962 2510 976 2524 ⁸
1003 2492 1071 2567 ἦν
1106 2498 1152 2552 δ’
1172 2499 1238 2551 ὲκ
1260 2499 1359 2567 τῆς
1386 2497 1725 2568 Νεφθαλίδος
1747 2498 1919 2567 φυλῆς

2021 2496 2276 2553 invadat:
2305 2498 2422 2569 ipsa
2445 2508 2666 2568 petente
2692 2499 2787 2554 illo
2816 2515 2923 2554 una
2953 2497 3346 2568 proficiscitur,
3371 2491 3591 2563 imperii

337 2586 368 2638 ὁ
393 2585 563 2654 ἁνήρ.
590 2587 702 2639 Kal
726 2588 760 2657 ἡ
785 2588 1012 2660 Δευώρα
1042 2588 1133 2642 τὸν
1159 2589 1350 2659 Βαρὰκ
1378 2588 1756 2660 προετρέψατο
1780 2588 1920 2643 κατά

2020 2588 2316 2660 particeps.
2356 2591 2554 2645 Prelio
2590 2606 2715 2645 cum
2757 2592 2945 2646 decem
2979 2590 3090 2644 illis
3119 2588 3366 2645 millibus
3394 2586 3596 2642 adver-

337 2677 456 2730 τῶν
486 2677 768 2748 πολεμίων
807 2680 946 2732 ίέναι
996 2680 1139 2750 μετά
1186 2682 1325 2735 νέων
1368 2680 1603 2750 μυρίων,
1639 2680 1800 2734 τοῦτο
1829 2697 1922 2735 κε-

2022 2695 2117 2736 sus
2144 2679 2382 2736 Sisaram
2409 2683 2707 2737 commisso
2737 2696 2967 2752 magnus
3001 2680 3178 2735 imber
3207 2678 3503 2741 delabitur,
3536 2684 3594 2732 et

339 2770 601 2833 λεύοντος
630 2771 724 2822 τοῦ
765 2770 926 2824 Θεοῦ.
972 2771 1028 2824 Ὀ
1056 2772 1115 2824 δὲ
1158 2772 1420 2841 κάκείνην
1451 2772 1649 2843 ἀπῄτει
1682 2788 1925 2839 συπρα-

2022 2774 2231 2843 grando
2269 2774 2549 2843 erumpit,
2585 2790 2707 2843 qua:
2738 2789 2769 2828 a
2812 2781 2978 2828 vento
3009 2771 3067 2825 in
3105 2771 3346 2826 hostium
3393 2770 3595 2824 faciem

341 2864 563 2931 τηγεῖν.
580 2862 840 2914 Πείθεται
871 2864 903 2930 ὴ
934 2862 1092 2933 γυνὴ,
1112 2865 1207 2915 καὶ
1246 2865 1427 2933 μάχης
1449 2864 1548 2916 σὺν
1568 2864 1679 2926 τοῖς
1705 2862 1922 2932 μυρίοις

1986 2873 2164 2928 -acta,
2198 2874 2479 2935 aspectum
2513 2866 2624 2921 illis
2653 2866 2901 2936 eripiunt
2932 2864 3118 2934 itaque
3146 2880 3162 2930 ;
3195 2862 3250 2917 in
3285 2852 3465 2933 fugam
3506 2863 3593 2917 in-

344 2948 729 3020 συρῥαγείσης
766 2948 952 3011 αὐτοῖς
997 2951 1135 3019 πρὸς
1164 2950 1256 3003 τὸν
1295 2950 1553 3019 Σισάραν.
1585 2950 1791 3021 ὄμϐρος
1824 2969 1925 3006 κα-

2023 2956 2249 3020 clinant,
2286 2958 2339 3011 in
2379 2972 2488 3027 qua
2523 2955 2740 3012 Sisaras
2777 2958 2943 3012 etiam
2971 2956 3040 3011 ad
3071 2955 3360 3010 mulierem
3398 2969 3598 3025 quam.

342 3043 599 3108 ταχεῖται
623 3040 819 3104 πολὺς,
878 3041 973 3094 καὶ
1003 3042 1219 3110 χάλαζα
1247 3044 1717 3115 καταρρήγνυται.
1736 3044 1924 3099 Ταῦτα

2025 3047 2151 3101 dam
2183 3047 2387 3103 Jaclem
2425 3048 2647 3103 nomine
2680 3048 2945 3118 confugit,
2983 3056 3045 3103 ut
3072 3047 3142 3102 ab
3182 3061 3249 3102 ea
3284 3046 3594 3102 occultare-

340 3132 403 3183 δὲ
432 3131 580 3185 κα.τά
612 3132 909 3203 πρόσωπον
939 3135 1048 3186 τῶν
1091 3136 1368 3205 πολεμίων
1426 3137 1529 3189 ὑπὸ
1579 3135 1676 3197 τοῦ
1717 3136 1922 3205 ἀνέμου

2029 3148 2138 3195 tur.
2166 3140 2263 3196 llla
2283 3142 2491 3210 excipit
2508 3141 2813 3206 hominem,
2834 3149 2890 3196 et
2915 3141 3000 3194 lac
3027 3137 3327 3194 bibendum
3345 3137 3559 3208 praebet
3574 3152 3594 3191 :

342 3222 636 3293 ἠλαύνετο,
671 3225 768 3276 καὶ
815 3227 933 3287 ταῖς
967 3225 1155 3296 ὕψεσιν
1183 3228 1511 3280 ὲπεσκότουν
1537 3226 1741 3282 αὐτῶν.
1776 3229 1920 3281 Κάν-

1991 3212 1994 3260 ί
2025 3245 2137 3296 quo
2162 3240 2348 3300 epoto.
2366 3206 2484 3287 Joel
2508 3232 2747 3301 sopitum
2783 3245 3058 3302 aggressa,
3087 3239 3250 3299 caput
3279 3206 3404 3300 ejus
3424 3228 3598 3283 clavis

342 3312 544 3365 τεῦθεν
569 3313 856 3369 ἐνέκλιναν
886 3316 965 3378 είς
994 3318 1428 3387 φυγήν.Φεύγων
1456 3319 1511 3373 δὲ
1540 3320 1633 3373 καὶ
1662 3318 1923 3389 Σισάρας,

2026 3324 2179 3379 humi
2211 3323 2399 3394 afﬁgit,
2437 3335 2494 3379 et
2522 3325 2730 3379 Baraeo
2749 3333 3030 3379 mortuum
3064 3323 3278 3376 hostem
3313 3319 3557 3376 ostendit
3579 3361 3593 3385 ,

344 3404 493 3475 πρός
540 3423 666 3459 τινα
722 3410 962 3474 γυναῖκα
1017 3409 1314 3478 κατέφυγε,
1355 3409 1706 3478 κατακρύψαι
1761 3411 1924 3464 αὑτὸν

2026 3417 2120 3486 qui
2154 3416 2322 3472 armis
2363 3424 2553 3471 contra
2582 3417 2760 3472 Jabim
2789 3416 3223 3471 Chananu‘orum
3254 3428 3437 3483 regem
3457 3424 3593 3466 eon-

342 3496 545 3558 ἀξιῶν.
574 3495 721 3566 Ἰαὴλ
776 3497 1063 3566 ὡνόμαστο
1106 3500 1140 3570 ἡ
1175 3500 1331 3569 γυνή.
1388 3499 1452 3553 Ἦ
1492 3500 1548 3552 δὲ
1578 3500 1793 3571 δέχεται
1828 3501 1927 3554 αὑ-

2026 3507 2220 3569 versis.
2257 3517 2315 3563 et
2341 3508 2523 3577 ipsum
2553 3509 2778 3575 occidit,
2801 3515 2858 3563 et
2893 3507 3083 3562 urbem
3108 3503 3210 3576 δι
3249 3506 3367 3561 solo
3389 3510 3591 3573 aequat.

346 3587 473 3650 τὸν,
502 3588 595 3639 καὶ
628 3587 813 3649 δίδωσι
865 3587 1003 3655 γάλα
1035 3591 1203 3653 πιεῖν,
1248 3591 1345 3643 καὶ
1381 3588 1440 3651 ὃς
1476 3586 1618 3644 πιὼν
1654 3590 1923 3647 ὕπνωσεν.

2026 3598 2282 3660 Moritur.
2324 3614 2451 3656 cum
2495 3616 2673 3656 annos
2717 3600 2938 3672 triginta
2968 3600 3337 3669 imperasset:
3377 3595 3593 3652 Debora

345 3678 706 3748 Κοιμωμένῳ
749 3679 795 3731 δ’
836 3679 987 3750 αὐτῷ
1037 3679 1267 3734 ἐπέθετο
1304 3680 1472 3751 Ἰαὴλ,
1522 3683 1616 3735 καὶ
1661 3677 1790 3754 ἧλον
1841 3683 1929 3737 διὰ

2027 3690 2194 3746 etiam
2232 3692 2376 3747 circa
2409 3692 2551 3747 idem
2586 3701 2806 3762 tempus
2836 3691 3116 3746 defuncta.
3145 3691 3294 3749 Post,
3326 3685 3594 3742 Μειᾶίεηί-

349 3768 466 3822 τοῦ
502 3773 765 3840 κροτάφου
804 3771 973 3826 αὑτοῦ
1002 3773 1266 3833 ἐλάσασα,
1297 3773 1375 3842 τῷ
1401 3773 1587 3842 ἐδάφει
1618 3791 1930 3843 προσεπατ-

2032 3789 2099 3836 tae
2140 3796 2266 3836 eum
2304 3782 2581 3837 Arabibus
2608 3791 2664 3837 et
2703 3780 3060 3836 Amaleehitis
3106 3777 3382 3832 lsraelitas
3408 3776 3596 3846 praelio

347 3862 624 3927 τάλευσε,
654 3865 741 3917 καὶ
776 3868 890 3926 τοῖς
918 3864 1051 3934 περὶ
1084 3865 1173 3917 τὸν
1206 3866 1397 3936 Βαρὲικ
1423 3865 1615 3934 νεκρὸν
1648 3867 1740 3917 τὸν
1770 3865 1931 3919 πολέ-

2030 3872 2271 3929 fundunt
2328 3873 2649 3944 fugantque.
2716 3873 2961 3937 Quorum
3015 3868 3426 3925 incursionibus
3500 3883 3601 3937 per

351 3972 492 4025 μιον
513 3955 768 4009 δείκνυσι.
799 3956 1142 4027 Στρατεύσας
1166 3956 1224 4010 δὲ
1254 3960 1348 4010 καὶ
1367 3957 1461 4010 ἐπὶ
1482 3955 1675 4020 Ἰκϐεὶς
1707 3956 1933 4027 βασιλέα

2032 3976 2242 4035 septem
2272 3981 2449 4021 annos
2482 3964 2730 4032 fatigati,
2776 3979 2841 4019 ac
2875 3964 2943 4018 ad
2972 3971 3271 4033 egestatem
3299 3969 3361 4016 et
3397 3960 3597 4015 fantem

348 4048 652 4102 Χαναναὰν
693 4048 722 4100 ὁ
747 4048 972 4118 Βαράκ,
1001 4047 1160 4101 αὐτόν
1188 4064 1248 4100 τε
1283 4047 1524 4107 ἔκτεινε.
1570 4047 1666 4100 καὶ
1695 4047 1795 4116 τὴν
1834 4047 1931 4102 πό-

2033 4055 2266 4119 redaeti,
2288 4055 2531 4110 divinam
2556 4064 2715 4125 Opem
2741 4054 3053 4124 implorant.
3075 4054 3203 4108 Erat
3232 4060 3345 4105 tum
3373 4049 3599 4120 quidam

347 4140 446 4193 λιν
477 4140 815 4209 κατέσκαψε.
841 4140 944 4194 Kal
967 4139 1355 4210 στρατηγήσας
1379 4141 1468 4193 ἔπ’
1491 4139 1585 4211 ἐτη
1611 4141 1930 4211 τριάκοντα,

2035 4148 2212 4203 tribus
2242 4148 2539 4203 Manassese
2569 4148 2651 4202 vir
2677 4147 2923 4209 Gedeon,
2948 4147 3042 4215 qui
3072 4143 3385 4212 manipulos
3419 4140 3602 4211 spica-

350 4232 593 4302 τελευτᾷ
620 4231 715 4285 καὶ
745 4231 999 4301 Δευώρας
1034 4232 1175 4285 κατά
1204 4232 1293 4285 τὸν
1326 4231 1487 4286 αὐτὸν
1516 4232 1783 4303 θανούσης
1813 4252 1933 4289 και-

2035 4254 2157 4291 rum
2214 4237 2268 4290 in
2309 4236 2575 4292 torculari
2615 4251 2810 4291 secans
2835 4274 2850 4298 ,
2894 4232 3187 4303 quemdam
3235 4229 3604 4285 adolescentis

353 4325 480 4396 ρόν.
514 4320 646 4378 Εἶτα
668 4324 993 4377 Μαδιανῖται
1020 4325 1117 4379 σὺν
1160 4324 1557 4393 Ἀμαληκίταις
1581 4323 1679 4379 καὶ
1703 4325 1931 4394 Ἄραψι,

2034 4328 2226 4383 habitu
2267 4328 2371 4382 sibi
2418 4328 2764 4382 assistentem
2792 4324 2945 4379 videt
2972 4340 2987 4387 ;
3017 4340 3048 4378 ιι
3100 4338 3210 4391 quo
3242 4338 3367 4377 cum
3400 4332 3462 4377 ut
3490 4322 3602 4376 Deo

357 4419 521 4488 μάχῃ
570 4418 694 4479 τοὺς
749 4415 1094 4487 Ἰσραηλίτας
1144 4415 1459 4486 ἐτρέψαντο.
1514 4414 1622 4468 Kal
1677 4416 1769 4468 ἐπὶ
1835 4417 1931 4487 ἐτη

2034 4418 2234 4472 charus
2269 4426 2326 4470 et
2353 4417 2546 4472 beatus
2571 4415 2967 4484 praedicaretur
2988 4454 3004 4478 ,
3048 4415 3140 4468 ille
3168 4412 3409 4467 irridens
3440 4430 3454 4467 :
3491 4410 3607 4467 Hoc

354 4507 510 4559 ἑπτὰ
572 4504 966 4575 ἐπιτιθεμένων
1017 4504 1245 4567 αὐτοῖς.
1286 4506 1442 4576 λιμὸς
1493 4500 1584 4576 ἦν.
1636 4506 1733 4559 καὶ
1787 4507 1931 4559 σπά-

1998 4507 2248 4589 ,sciticct,
2280 4507 2479 4576 inquit,
2501 4508 2711 4577 signum
2740 4516 2814 4560 est
2845 4506 3112 4560 beatitatis
3143 4520 3292 4570 more,
3316 4502 3456 4574 quod
3495 4512 3605 4557 tor-

352 4615 447 4659 νις
506 4597 617 4651 τῶν
670 4597 1016 4663 ἀναγκαίων,
1074 4596 1167 4649 καὶ
1226 4596 1437 4650 ἐδέοντο
1468 4596 1562 4650 τοῦ
1617 4596 1779 4652 Θεοῦ.
1829 4598 1869 4650 Γ
1872 4615 1931 4651 ε-

2034 4601 2207 4656 calari
2231 4617 2328 4671 pro
2362 4616 2490 4654 arca
2538 4610 2679 4654 utor.
2720 4599 3059 4654 Adolescens
3087 4613 3213 4653 eum
3242 4598 3391 4652 bono
3418 4597 3611 4652 animo

352 4688 502 4744 δεὼν
526 4688 588 4741 δὲ
625 4686 798 4755 φυλῆς
827 4686 902 4739 ὢν
926 4684 1219 4756 Μανασσῆ,
1254 4685 1548 4757 δράγματα
1576 4686 1824 4758 σταχύων
1852 4688 1933 4752 είς

2034 4705 2158 4746 esse
2181 4690 2362 4756 jubet,
2390 4703 2456 4743 ac
2490 4702 2724 4759 propere
2758 4685 3104 4741 vindicanda:
3147 4685 3499 4755 popularium
3530 4685 3601 4740 li-

351 4781 456 4833 τὸν
482 4780 645 4848 ληνὸν
683 4778 881 4830 ἔκοπτε
908 4776 1116 4848 κρύφα,
1149 4777 1243 4829 καὶ
1263 4778 1368 4846 ὁρᾶ
1392 4777 1516 4830 τινὰ
1542 4779 1600 4832 ὲν
1639 4779 1770 4833 εἴδει
1805 4796 1934 4833 νεα-

2036 4781 2266 4838 bertatis
2313 4795 2501 4836 curam
2531 4780 2836 4847 suscipere.
2888 4778 3111 4834 Gedeon
3141 4792 3268 4833 eum
3302 4777 3397 4846 qui
3427 4792 3615 4847 app».

355 4870 550 4924 νίςκου
584 4866 913 4939 παρεστῶτα
940 4864 1109 4937 αύτῷ,
1138 4866 1232 4919 καὶ
1260 4864 1551 4929 καλοῦντος
1581 4867 1745 4921 αὐτὸν
1780 4867 1935 4937 φίλον

2036 4884 2243 4937 ruerat,
2288 4884 2410 4928 orat
2447 4888 2516 4927 ne
2539 4873 2874 4936 discederet,
2907 4886 2972 4927 ac
3001 4873 3282 4941 ingressus
3322 4870 3617 4925 victimam-

354 4961 442 5032 τῷ
473 4959 593 5030 Θεῷ
649 4960 746 5013 καὶ
776 4958 1092 5027 εὐδαίμονα.
1134 4957 1195 5009 '0
1238 4956 1282 5008 δ’
1318 4956 1770 5027 εἰρωνευόμενος,
1802 4974 1933 5012 τεκ-

2035 4967 2214 5035 afl'ert.
2284 4965 2415 5019 Eam
2470 4963 2699 5032 angelus
2752 4964 2906 5032 juxta
2961 4975 3155 5030 rupem
3208 4960 3339 5030 poni
3403 4960 3562 5031 jubet
3585 4978 3611 5014 τ

360 5057 567 5127 μήριον
628 5055 822 5120 ἔλεγεν
886 5046 1027 5104 εἶναι
1077 5049 1244 5105 αὐτοῦ
1298 5049 1400 5118 τῆς
1459 5049 1826 5117 εὐδαιμονίας,
1877 5050 1937 5104 τὸ

2035 5074 2199 5129 quam
2252 5071 2376 5111 eum
2428 5055 2625 5110 baculo
2673 5054 2971 5123 tetigisset,
3009 5053 3152 5124 ignis
3186 5054 3336 5108 ultro
3373 5062 3610 5108 exortus

357 5147 678 5218 κεχρῆσθαι
718 5144 799 5214 τῷ
848 5142 997 5213 ληνῴ
1044 5142 1166 5195 ἀντὶ
1211 5140 1437 5200 ἅλωνος.
1481 5142 1589 5193 Καὶ
1647 5141 1676 5193 ὁ
1717 5142 1935 5205 νεανίας

2036 5149 2316 5203 victimam
2364 5144 2690 5200 combussit.
2746 5143 2955 5204 Deinde
2990 5145 3129 5214 petit
3158 5160 3188 5198 a
3221 5145 3330 5200 Dec
3358 5143 3603 5206 cheon,

360 5240 590 5307 θαρρεῖν
653 5236 753 5288 καὶ
810 5233 1065 5286 σπεύδειν
1121 5232 1272 5301 αὐτῷ
1338 5230 1741 5300 παρεκελεύετο
1796 5232 1938 5303 ὑπὲρ

2038 5250 2098 5293 ιιι
2126 5256 2215 5295 ros
2235 5239 2290 5294 in
2331 5239 2507 5293 vellus
2544 5236 2887 5302 descendat,
2924 5248 2983 5291 et
3027 5238 3335 5293 descendit.
3393 5237 3604 5290 Rursus

358 5329 682 5399 ἐλευθερίας
740 5326 853 5379 τῶν
905 5325 1172 5394 φυλετῶν.
1208 5324 1416 5378 Γεδεὼν
1463 5324 1520 5377 δὲ
1573 5325 1816 5378 ἱκέτευσε
1847 5327 1938 5379 τὸν

2038 5333 2177 5402 petit
2213 5341 2274 5384 ut
2320 5346 2443 5384 rore
2493 5330 2657 5384 tellus
2694 5328 2993 5391 madescat,
3029 5330 3207 5385 vellus
3241 5330 3449 5386 siccum
3485 5342 3606 5381 ma-

357 5420 721 5488 φαινόμενον,
754 5418 831 5487 μὴ
864 5414 1261 5485 μεταναστῆναι
1292 5403 1524 5467 ἐκεῖθεν.
1550 5415 1660 5467 Καὶ
1682 5412 1939 5468 εἰσελθὼν

2040 5430 2207 5475 neat:
2235 5419 2421 5488 itaque
2451 5417 2655 5472 factum
2684 5426 2789 5472 est.
2830 5418 2994 5472 Paret
3030 5418 3216 5488 itaque
3236 5418 3458 5474 Gedeon
3480 5454 3496 5477 ,
3553 5425 3605 5469 et

360 5511 592 5579 ἐκόμισε
643 5506 864 5561 θυσίαν.
901 5506 1011 5557 Καὶ
1039 5505 1068 5557 ὁ
1098 5504 1327 5573 ἄγγελος
1369 5505 1541 5557 θεῖναι
1571 5503 1739 5575 αὐτὴν
1788 5505 1942 5575 παρά

2040 5512 2229 5564 decem
2258 5508 2428 5561 millia
2454 5507 2697 5560 virorum
2728 5516 2919 5563 contra
2947 5508 3136 5563 hostes
3168 5515 3365 5570 armat,
3399 5519 3605 5574 eosque

358 5602 464 5672 τὴν
497 5604 715 5671 πέτραν
768 5596 1045 5649 ἐκέλευσε.
1094 5596 1202 5648 Kal
1233 5597 1298 5665 τῇ
1356 5593 1537 5664 ῥάϐδῳ
1579 5594 1796 5662 ψαύσας
1840 5595 1942 5664 τῆς

2036 5602 2192 5672 jussu
2229 5597 2325 5652 Dei
2356 5596 2461 5652 sub
2490 5596 2776 5651 meridiem
2815 5599 2884 5652 ad
2931 5597 3135 5652 flumen
3177 5594 3376 5649 ducit:
3406 5602 3463 5647 et
3509 5593 3604 5663 qui

363 5692 598 5762 πέτρας.
648 5686 766 5757 πῦρ
813 5684 1024 5756 ἀνῆψεν
1068 5686 1398 5754 αὐτόματον,
1449 5685 1546 5737 καὶ
1595 5683 1694 5754 τὴν
1750 5683 1942 5738 θυσίαν

2041 5686 2335 5743 lambendo
2373 5700 2437 5739 ac
2475 5684 2803 5739 festinanter
2864 5684 3289 5753 circumagendo
3322 5696 3403 5750 se,
3452 5681 3603 5739 bibe-

362 5785 734 5841 κατέκαυαεν.
770 5775 902 5833 Εἶτα
951 5776 1123 5837 ἧτησε
1165 5777 1259 5830 τὸν
1303 5775 1435 5830 Θεδν
1487 5775 1694 5829 Γεδεὼν
1725 5777 1818 5831 ἐπὶ
1849 5776 1941 5830 τὸν

2045 5786 2170 5834 rant
2206 5776 2286 5837 (bi
2313 5774 2545 5831 trecenti
2573 5775 2777 5839 erant).
2804 5789 2903 5832 eos
2934 5774 3145 5829 relictis
3177 5773 3393 5831 caeteris
3414 5783 3605 5832 contra
