4070 6214
474 398 581 462 115

1769 403 1802 461 Ι
1809 400 2013 463 OANN
2021 401 2096 462 IS
2133 401 2453 464 ZONARIE

3537 397 3540 400 ⁴
3618 396 3717 462 116

472 517 690 572 hostem
715 514 890 572 ducit.
919 515 1119 580 Noctu,
1156 527 1267 570 uno
1297 485 1474 568 milite
1511 528 1698 569 secum
1731 527 2037 587 assumpto,

2146 520 2312 573 πόκον
2360 515 2615 585 γενέσθαι
2669 515 2883 587 δρόσον,
2947 517 3040 569 καὶ
3092 515 3330 584 ἐγένετο.
3386 513 3499 567 Καὶ
3551 511 3718 576 αὖθις

467 619 648 664 castra
679 607 922 663 hostium
943 606 1242 676 ingressus,
1269 603 1426 660 audit
1451 607 1742 675 quemdam
1765 623 1866 662 suo
1899 625 2036 664 con-

468 700 743 754 tubernali
782 709 1094 754 narrantem
1139 713 1198 752 se
1258 697 1466 753 vidisse
1505 699 1560 754 in
1598 700 1805 754 somnis
1841 715 2036 770 panem

466 791 858 855 hordeaceum,
900 790 994 858 qui
1035 806 1132 860 per
1180 797 1361 844 castra
1406 789 1748 844 volutaretur
1791 801 1850 846 et
1893 791 2040 862 regis

465 886 630 946 atque
656 877 936 932 exercitus
973 876 1328 932 tabernacula
1380 876 1681 948 dejiceret:
1719 878 1860 934 alter
1887 895 2038 934 som-

464 969 618 1022 nium
657 968 732 1028 id,
764 969 1041 1023 exercitus
1073 969 1356 1023 interitum
1418 971 1746 1038 portendere
1789 971 2038 1041 coniicit,

465 1059 776 1114 Gedeonem
813 1075 938 1114 cum
968 1061 1084 1115 suis
1115 1059 1186 1114 ob
1219 1059 1554 1129 paucitatem
1591 1071 1649 1116 et
1679 1060 2038 1116 imbecillita-

472 1161 580 1204 tem
607 1151 732 1222 pani
761 1151 1076 1208 hordeaceo
1107 1164 1459 1222 comparans.
1499 1153 1596 1208 His
1622 1151 1845 1210 Gedeon
1881 1153 2038 1208 audi-

469 1245 563 1308 tis,
587 1243 833 1298 animum
869 1244 1096 1314 recepit.
1128 1255 1184 1298 et
1214 1243 1268 1298 in
1297 1255 1476 1299 castra
1502 1259 1777 1309 reversus,
1811 1259 1941 1300 suos
1984 1245 2036 1300 in

467 1338 636 1401 armis
658 1352 798 1402 esse,
816 1338 1173 1406 exercituque
1194 1337 1247 1392 in
1269 1347 1380 1392 tres
1397 1339 1674 1392 centurias
1697 1337 1895 1402 diviso,
1919 1352 2040 1392 am-

468 1424 698 1493 phoram
721 1439 946 1480 vacuam
965 1421 1208 1495 singulos
1219 1437 1343 1478 cum
1361 1422 1481 1479 face
1497 1426 1725 1480 ardente
1740 1433 1795 1479 et
1807 1425 2042 1480 arietino

468 1511 788 1567 eoruuferre
806 1512 986 1580 jubet.
1009 1511 1168 1568 Circa
1183 1511 1422 1583 vigiliam
1443 1515 1883 1583 noctisquartam
1903 1513 2043 1569 eduo

470 1603 547 1656 cit
563 1617 660 1658 eos
683 1613 874 1658 contra
899 1603 1329 1674 hosteszquibus
1350 1620 1473 1659 cum
1490 1605 2040 1675 appropinquassent,

468 1701 524 1749 et
551 1694 814 1748 cornibus
841 1695 1190 1759 cecinerunt,
1217 1704 1273 1749 et
1307 1696 1602 1764 amphoras
1631 1696 2040 1766 confregerunt,

468 1797 526 1839 et
579 1786 821 1840 clamore
878 1787 1094 1842 sublato
1140 1802 1268 1842 cum
1306 1787 1525 1842 facibus
1581 1788 1884 1842 irruerunt.
1920 1788 2046 1842 Haec

468 1875 756 1932 horrorem
783 1878 1034 1934 hostibus
1060 1879 1343 1934 incussere
1367 1896 1383 1933 :
1413 1889 1470 1934 et
1500 1879 1630 1934 dum
1652 1879 1745 1934 alii
1774 1879 1853 1942 ab
1887 1878 2040 1934 hoste
2075 1861 2116 1916 Β

470 1967 793 2032 caeduntur,
854 1969 970 2034 alii,
1015 1977 1072 2023 et
1116 1969 1340 2038 quidem
1359 1969 1520 2040 longe
1573 1968 1795 2038 plures,
1836 1968 2041 2038 quippe

470 2069 661 2124 noctu,
719 2075 752 2114 a
791 2060 913 2115 suis
945 2060 1320 2125 trucidantur,
1367 2059 1473 2130 52
1522 2059 1638 2114 fere
1675 2075 1871 2114 omnes
1912 2067 2042 2114 sunt

470 2147 660 2211 deleti,
687 2163 814 2202 cum
848 2149 1068 2202 duobus
1101 2150 1326 2219 regibus
1363 2149 1546 2204 Orebo
1577 2156 1635 2204 et
1675 2149 1844 2204 Zebo.
1895 2148 2044 2203 Reli-

469 2241 616 2310 quiz
645 2239 850 2296 ducum
885 2250 1051 2310 atque
1083 2242 1365 2296 exercitus
1417 2240 1690 2311 fugientes
1721 2281 1736 2305 ,
1774 2258 1804 2294 a
1831 2240 2044 2297 Gedeo-

469 2330 578 2387 tiiis
619 2333 1023 2402 comprehensi,
1064 2347 1255 2388 omnes
1313 2333 1653 2388 ceciderunt.
1692 2331 1892 2388 Tenuit
1935 2333 2040 2386 imo

471 2423 684 2491 perium
716 2423 940 2479 Gedeon
982 2441 1158 2480 annos
1180 2425 1566 2496 quadraginta,
1595 2434 1652 2480 et
1683 2441 1848 2480 senex
1872 2424 2037 2490 obiit,

470 2514 600 2569 ﬁliis
620 2515 934 2587 legit-imise
971 2517 1226 2585 pluribus
1263 2519 1531 2571 uxoribus
1568 2515 1916 2587 septuaginta
1955 2532 2044 2571 re-

470 2606 635 2674 lictis,
668 2616 727 2663 et
771 2623 880 2662 uno
922 2626 952 2664 e
986 2609 1322 2673 concubina,
1355 2609 1754 2664 Abimelccho:
1799 2610 1889 2679 qui
1933 2609 2042 2662 fra-

472 2700 651 2754 tribus
678 2700 964 2764 omnibus,
1010 2717 1120 2755 uno
1147 2701 1416 2757 Joatbane
1451 2701 1581 2771 fuga
1629 2702 1838 2771 elapso,
1873 2700 2043 2756 truci-

472 2791 637 2856 datis,
671 2793 1016 2862 tyrannidem
1047 2793 1356 2863 occupavit.
1395 2792 1660 2848 Sicimitae
1703 2802 1850 2847 mota
1895 2793 2043 2847 sedi-

474 2887 622 2942 tione
683 2879 1102 2942 Abimelechum
1149 2888 1284 2942 urbe
1325 2888 1560 2957 pellunt.
1600 2887 1651 2940 ls
1709 2884 1877 2940 unius
1907 2886 2042 2940 civis

470 2995 637 3048 opera
668 2980 916 3050 adjutus,
951 2981 1144 3035 urbem
1175 2981 1302 3035 dolo
1345 2989 1560 3050 captam
1585 2989 1848 3034 omnibus
1871 2979 2042 3048 pube-

471 3071 628 3129 ribus
659 3074 861 3128 occisis
893 3073 1011 3128 solo
1048 3082 1248 3142 aequat.
1300 3073 1474 3127 Aliam
1512 3073 1643 3128 item
1677 3072 1868 3127 urbem
1894 3072 2040 3126 The-

2135 611 2324 682 δρόσον
2361 610 2562 681 ᾔτησεν
2622 611 2714 662 ἐπὶ
2761 611 2943 662 πᾶσαν
2981 607 3080 677 τὴν
3133 607 3236 674 γῆν
3287 605 3570 672 γενέσθαι,
3619 607 3720 658 ἐπὶ

2137 698 2230 753 τὸν
2261 701 2428 752 πόκον
2455 700 2511 752 δέ
2539 699 2824 769 ξηρασίαψ
2846 701 2938 752 καὶ
2965 695 3417 765 γέγονενοῦτως.
3451 696 3719 748 Πείθεται

2137 785 2234 843 οῦν
2263 791 2292 842 ό
2319 789 2549 851 Γεδεὼν,
2583 789 2679 841 καὶ
2719 789 2816 840 σὺν
2867 787 3081 856 μυρίοις
3123 784 3267 838 κατὰ
3297 781 3408 835 τῶν
3454 783 3720 836 ἐναντίων

2137 879 2429 944 ὡπλίζετο.
2463 877 2595 933 Εἶτα
2628 879 2816 950 ἐντολῇ
2862 877 2958 932 τοῦ
2988 876 3127 931 Θεοῦ
3159 878 3282 944 ᾶγει
3332 875 3543 937 πάντας
3572 875 3720 927 κατὰ

2141 973 2519 1042 μεσημϐρίαν,
2575 974 2669 1024 ἐπὶ
2713 973 2806 1024 τὸν
2844 969 3110 1040 ποταμόν.
3153 970 3264 1022 Καὶ
3309 968 3437 1029 τοὺς
3481 968 3579 1036 μὲν
3617 965 3718 1018 λάο

2138 1063 2346 1133 ψαντας
2381 1064 2441 1117 ἐν
2465 1063 2543 1130 τῷ
2565 1062 2767 1126 πίνειν,
2805 1061 2902 1115 καὶ
2935 1061 3076 1130 μετὰ
3110 1059 3348 1128 σπουδῆς
3377 1059 3453 1121 ὡς
3487 1057 3716 1127 περιφό-

2143 1173 2276 1228 ρους
2307 1154 2421 1226 (£5)
2459 1157 2682 1219 πιόντας
2719 1154 3046 1226 (τριακόσιοι
3090 1153 3147 1206 δέ
3190 1149 3335 1223 ἦσαν
3372 1145 3543 1220 οὗτοι)
3575 1149 3719 1220 ἔχων

2143 1247 2262 1316 μεθ’
2299 1247 2517 1314 ἐαυτοῦ,
2561 1246 2730 1318 ἀπῄει
2769 1246 2906 1318 πρὸς
2930 1245 3025 1298 τὸν
3047 1244 3311 1316 πόλεμον.
3340 1243 3484 1306 Τοὺς
3516 1242 3575 1296 δὲ
3605 1242 3719 1294 λοι-

2141 1340 2274 1402 ποὺς
2304 1339 2714 1394 καταλέλοιπεν.
2750 1338 2964 1401 Νυκτὸς
2985 1337 3043 1392 δὲ
3071 1337 3169 1390 ἕνα
3209 1336 3317 1389 τῶν
3349 1334 3711 1406 στρατιωτῶν

2141 1427 2608 1498 προσλαϐόμενος,
2647 1425 2890 1498 ἀπῆλθεν
2940 1429 3021 1490 είς
3061 1427 3124 1479 τὸ
3157 1424 3274 1496 (46)
3303 1426 3414 1478 τῶν
3453 1425 3718 1478 ἐναντίων

2143 1521 2530 1592 στρατόπεδον.
2561 1520 2677 1575 Καὶ
2714 1519 2904 1574 ἀκούει
2944 1519 3066 1583 ἐνός
3103 1535 3252 1580 τινος
3281 1516 3392 1569 τῶν
3437 1515 3720 1585 πολεμίων

2139 1611 2218 1683 τῷ
2263 1613 2621 1681 συσκηνοῦντι
2655 1610 3043 1682 διηγουμένου,
3083 1608 3160 1672 ὡς
3188 1608 3369 1673 ἔδοξεν
3419 1607 3559 1678 όρᾷν
3589 1605 3720 1659 καθ’

2143 1705 2346 1768 ὕπνους
2378 1703 2559 1775 μάζαν
2601 1703 2854 1774 κριθίνην
2887 1702 2974 1756 διὰ
2997 1700 3093 1755 τοῦ
3131 1700 3500 1768 στρατοπέδου
3534 1699 3720 1752 κυλιο-

2148 1794 2337 1865 μένην,
2371 1793 2406 1865 ἡ
2441 1794 2542 1865 τὴν
2582 1793 2679 1846 τοῦ
2725 1792 2993 1862 βασιλέως
3045 1790 3252 1861 σκηνὴν
3282 1789 3550 1844 κατέϐαλε
3571 1829 3586 1852 ,
3623 1791 3720 1841 καὶ

2143 1884 2242 1947 τὰς
2283 1884 2380 1937 τοῦ
2418 1885 2832 1956 στρατεύματος
2859 1897 2873 1914 ο
2909 1885 2937 1937 ό
2968 1883 3060 1947 δέ,
3097 1881 3196 1936 τοῦ
3243 1879 3482 1950 στρατοῦ
3522 1878 3718 1949 δηλοῦν

2141 1975 2362 2046 δλεθρον
2406 1976 2467 2028 τὸ
2499 1975 2752 2029 ἐνύπνιον
2777 1975 3015 2046 ἔκρινεν,
3062 1973 3382 2036 ἀπεικάζων
3414 1971 3566 2041 μάζῃ
3595 1987 3720 2042 κρι-

2143 2067 2262 2139 θίνῃ
2285 2067 2376 2120 τὸν
2397 2067 2626 2130 Γεδεὼν,
2659 2069 2754 2120 καὶ
2787 2068 2916 2130 τοὺς
2952 2069 3052 2120 σὺν
3078 2066 3248 2136 αὐτῷ,
3278 2066 3368 2118 διὰ
3400 2064 3499 2133 τὴν
3534 2063 3718 2130 ὀλιγό-

2141 2176 2278 2228 τητα
2311 2160 2408 2212 καὶ
2441 2159 2504 2212 τδ
2555 2158 2806 2222 ἀσθενές.
2859 2156 3080 2212 Τούτων
3129 2158 3371 2220 ἀκούσας
3413 2158 3442 2209 ὁ
3482 2152 3716 2219 Γεδεὼν,

2140 2251 2505 2322 ἀνεθάρσησε.
2543 2253 2653 2305 Καὶ
2692 2250 3061 2321 ὑποστρέψας,
3094 2250 3152 2303 ἐν
3198 2251 3316 2311 τοῖς
3353 2236 3540 2310 ὅπλοις
3578 2241 3719 2298 εἶναι

2139 2345 2256 2406 τοῖς
2309 2342 2506 2396 ἑαυτοῦ
2562 2342 2894 2397 ἐνετείλατο.
2929 2342 3040 2395 Καὶ
3076 2343 3156 2404 είς
3193 2342 3342 2409 τρεῖς
3377 2338 3718 2400 ἑκατοστύας

2139 2433 2239 2505 τὴν
2269 2435 2532 2505 στρατιὰν
2572 2433 2785 2497 διελὼν,
2830 2433 3090 2504 ἀμφορέα
3123 2431 3281 2484 κενὸν
3313 2429 3564 2498 κομίζειν
3584 2428 3722 2481 ἐκα-

2143 2543 2269 2579 στον
2313 2528 2410 2578 καὶ⁹
2454 2525 2716 2592 λαμπάδα
2769 2525 3028 2594 ἡμμένην
3060 2525 3156 2576 καὶ
3198 2519 3358 2591 κριοῦ
3391 2521 3565 2592 κέρας
3593 2519 3721 2572 ἐκέ-

2141 2617 2322 2672 λευσε.
2343 2617 2500 2670 Κατὰ
2523 2617 2792 2687 τετάρτην
2809 2633 2868 2668 τε
2892 2615 3142 2684 φυλάκην
3165 2613 3264 2683 τῆς
3289 2612 3506 2676 νυκτὸς,
3522 2609 3719 2682 ἐξῆγεν
3829 2599 3841 2608 ’

2141 2709 2339 2772 αὐτοὺς
2368 2711 2507 2762 κατὰ
2539 2708 2651 2760 τῶν
2685 2707 2967 2761 ἐναντίων.
3006 2706 3118 2760 Καὶ
3148 2705 3250 2776 ήδη
3291 2703 3524 2771 πλησίον
3563 2703 3718 2764 δντες

2142 2799 2344 2864 αὐτῶν,
2362 2799 2669 2853 ἐσάλπισαν
2701 2797 2798 2868 μὲν
2819 2798 2933 2859 τοῖς
2964 2796 3182 2865 κέρασι,
3206 2795 3334 2856 τοὺς
3355 2795 3400 2846 δ’
3428 2792 3720 2863 ἀμφορέας

2143 2890 2436 2954 κατέαξαν,
2473 2891 2569 2942 καὶ
2629 2889 2767 2958 μετὰ
2808 2887 2916 2940 τῶν
2946 2886 3250 2956 λαμπάδων
3277 2884 3550 2954 ὥρμησαν
3579 2884 3717 2936 ἀλα-

2140 2981 2428 3046 λάξαντες.
2461 2980 2646 3033 Ταῦτα
2675 2979 2730 3032 δέ
2760 2980 2872 3040 τοῖς
2901 2978 3186 3048 πολεμίοις
3211 2976 3402 3028 πτοίαν
3432 2975 3715 3027 ἐνέϐαλον.

2142 3074 2252 3126 Καὶ
2281 3073 2330 3125 oi
2379 3072 2478 3141 μὲν
2516 3071 2622 3122 ὑπὸ
2651 3070 2761 3122 τῶν
2809 3068 3070 3122 ἐναντίων
3103 3067 3414 3120 ἐκτείνοντο
3435 3079 3448 3092 ·
3488 3067 3537 3128 oi
3564 3064 3619 3116 δέ
3651 3080 3718 3132 γε

469 3161 590 3224 bas,
647 3161 828 3231 primo
889 3161 1096 3232 impetu
1147 3163 1312 3231 capit.
1365 3162 1654 3218 Multitudo
1708 3162 1918 3217 urbana
1980 3163 2033 3216 in

2147 3170 2361 3232 πλείους
2395 3169 2489 3220 ὑπ’
2535 3166 2806 3239 ἀλλήλων,
2845 3164 3016 3236 οὔσης
3058 3163 3275 3230 νυκτὸς,
3316 3162 3716 3231 διεφθάρησαν.

472 3269 637 3308 unam
673 3264 881 3308 turrem
913 3255 968 3308 iu
1003 3254 1140 3309 urbe
1175 3254 1354 3308 media
1386 3254 1568 3318 sitam,
1592 3269 1734 3325 aegre
1765 3255 2034 3324 confugit.

470 3345 639 3416 Cujus
657 3346 1254 3415 portisAbimelechum
1283 3346 1686 3411 imminentem,
1713 3345 2039 3401 muliercula

471 3437 630 3491 molae
667 3435 935 3507 fragmine
971 3438 1024 3490 in
1058 3447 1222 3507 caput
1248 3439 1462 3509 dejecto
1493 3437 1719 3493 occidit.
1785 3437 2040 3494 llebrazo-

471 3544 594 3582 rum
622 3528 962 3597 principatus
991 3528 1141 3583 Jairo
1159 3545 1227 3584 ex
1257 3529 1535 3587 Mauassea
1565 3531 1716 3586 tribu
1744 3541 1868 3601 post
1893 3532 2042 3586 hunc

471 3620 739 3685 creditur,
776 3636 886 3690 quo
928 3621 1016 3675 ille
1059 3635 1236 3678 annos
1287 3622 1397 3676 duo
1443 3634 1502 3678 et
1569 3624 1766 3696 viginti
1819 3624 2042 3680 functus

473 3712 609 3768 obit.
637 3712 774 3768 Tum
807 3713 1131 3768 Ammanitae
1163 3729 1286 3769 cum
1317 3715 1620 3771 Palaestinis
1653 3718 1930 3787 regionem
1956 3718 2040 3772 di-

476 3803 706 3872 ripiunt.
741 3805 878 3860 Cum
903 3815 1084 3861 autem
1116 3807 1440 3863 Ammanitae
1470 3808 1828 3864 Galaditicam
1863 3818 2044 3865 vasta-

423 3933 434 3948 .
476 3903 623 3961 rent,
676 3895 868 3952 incola:
915 3899 1168 3968 Jephtam
1206 3899 1402 3955 ducem
1457 3901 1707 3970 eligunt:
1777 3903 1872 3972 qui
1917 3917 2041 3958 cum

476 3989 732 4045 hostibus
779 4005 1204 4061 congressurus,
1256 4003 1440 4058 vovet,
1486 3997 1532 4049 si
1568 3995 1797 4049 victoria
1838 3996 2043 4064 potire-

475 4092 591 4148 tur,
618 4082 887 4153 quid—quid
909 4083 1164 4140 redeunti
1186 4085 1292 4141 sibi
1323 4085 1560 4153 primum
1599 4086 1954 4150 occurrisset,
1988 4087 2041 4141 id

474 4187 537 4229 se
591 4173 1000 4229 immolaturum
1057 4191 1201 4230 esse.
1249 4173 1556 4230 Commisso
1607 4175 1796 4242 praelio
1850 4175 2041 4230 vincit.

475 4265 796 4322 Revertenti
855 4267 1015 4322 unica
1076 4268 1239 4323 filiola
1297 4268 1562 4332 occurrit,
1612 4267 1769 4338 virgo
1840 4268 2043 4325 adhuc.

477 4358 731 4427 Suspirat
759 4359 852 4414 ille
879 4378 892 4418 ;
916 4360 1013 4415 sed
1043 4375 1113 4415 ne
1146 4359 1306 4414 ﬁdem
1345 4359 1581 4424 falleret,
1611 4359 1860 4414 immolat
1887 4359 2045 4430 puel-

480 4450 590 4502 lam
659 4460 718 4504 et
766 4461 994 4504 cremat.
1029 4451 1165 4506 Cum
1215 4461 1397 4507 autem
1443 4451 1777 4522 Ephramitae
1811 4452 1888 4506 illi
1928 4451 2044 4505 ira-

2147 3260 2258 3315 Καὶ
2289 3258 2478 3330 σχεδδν
2509 3259 2749 3321 ἅπαντες
2778 3255 3002 3322 ὤλοντο,
3043 3255 3140 3310 καὶ
3167 3255 3263 3309 δύο
3295 3255 3404 3308 τῶν
3447 3253 3721 3323 βασιλέων

2148 3352 2327 3408 αὐτῶν
2367 3352 2534 3424 Ὧρήϐ
2569 3368 2632 3404 τε
2661 3350 2754 3405 καὶ
2779 3349 2912 3420 Ζήϐ.
2945 3349 3010 3404 Ol
3040 3349 3098 3403 δέ
3129 3346 3580 3418 περιλειφθέντες
3609 3345 3722 3398 τῶν

2146 3445 2438 3516 ἡγεμόνων
2465 3443 2563 3498 καὶ
2593 3443 2690 3497 τοῦ
2731 3441 3146 3514 στρατεύματος
3190 3440 3509 3510 φεύγοντες,
3551 3455 3728 3490 κατα-

2148 3537 2518 3607 λαμϐάνονται
2569 3534 2722 3606 παρὰ
2760 3533 2968 3586 Γεδεὼν
3000 3533 3094 3585 καὶ
3124 3532 3234 3585 τῶν
3263 3529 3384 3600 μετ’
3411 3527 3600 3589 αὑτοῦ,
3625 3527 3727 3581 καὶ

2149 3629 2508 3682 πεπτώκασιν
2536 3627 2798 3689 ἅπαντες.
2819 3626 3061 3696 Ἐσχηκε
3085 3623 3141 3677 δέ
3170 3623 3267 3692 τὴν
3301 3620 3477 3693 ἀρχὴν
3510 3618 3721 3672 Γεδεὼν

2151 3724 2210 3777 ἐν
2257 3722 2668 3792 τεσσαράκοντα
2721 3719 2890 3782 ἔτεσι,
2941 3721 3034 3770 καὶ
3079 3714 3409 3784 ἐτελεύτησε
3463 3712 3723 3783 γηραιὸς,

2152 3815 2471 3868 καταλιπὼν
2520 3813 2586 3864 ἐκ
2630 3809 2907 3878 διαφόρων
2955 3807 3233 3884 γυναικῶν
3283 3804 3541 3874 γνησίους
3574 3803 3728 3864 υἱοὺς

2155 3906 2551 3976 ἐϐδομήκοντα,
2587 3903 2684 3955 ἕνα
2712 3901 2756 3954 δ’
2784 3903 2850 3954 ἐκ
2885 3897 3167 3966 παλλακῆς
3207 3894 3497 3966 ’Δϐιμέλεχ
3526 3892 3726 3948 καλού-

2155 4015 2336 4068 μενον.
2383 3996 2478 4058 ’ος
2507 3995 2633 4057 τοὺς
2687 3991 2951 4060 ἀδελφοὺς
2992 3989 3210 4051 κτείνας
3261 3987 3530 4049 ἅπαντας,
3586 3984 3726 4038 ἄνευ

2153 4091 2272 4152 ἐνὸς
2311 4086 2599 4141 Ἰωαθόινου
2644 4084 2930 4153 φυγόντος,
2963 4081 3387 4150 τετυράννηκεν.
3420 4079 3480 4131 '0
3509 4077 3566 4130 δέ
3597 4075 3731 4138 λαὸς

2153 4179 2557 4240 ἐπαναστάντες
2587 4175 2729 4229 κατὰ
2754 4172 2849 4226 τοῦ
2892 4172 3182 4240 Ἀϐιμέλεχ
3207 4169 3584 4234 ἐξελαύνουσιν
3623 4168 3730 4220 αύ-

2152 4270 2246 4326 τδν
2273 4271 2372 4340 τῆς
2397 4269 2605 4331 πόλεως
2637 4267 2747 4320 τῶν
2794 4267 3061 4335 Σικίμων.
3101 4264 3162 4316 Ὀ
3203 4263 3262 4316 δέ
3293 4260 3731 4330 συνεργούμενος

2157 4363 2250 4426 ὑφ’
2281 4361 2400 4421 ἐνὸς
2433 4359 2543 4411 τῶν
2584 4355 2906 4425 Σικιμιτῶν,
2939 4353 3074 4423 δόλῳ
3109 4352 3210 4422 τὴν
3239 4351 3394 4404 πόλιν
3426 4350 3593 4418 αἱρεῖ,
3630 4347 3734 4400 καὶ¹

2155 4456 2282 4518 τοὺς
2324 4453 2614 4522 Σικιμίτας
2657 4449 2860 4521 ἡϐηδὸν
2895 4449 3127 4516 ἀναιρεῖ,
3157 4444 3254 4515 τὴν
3285 4444 3439 4498 πόλιν
3469 4443 3526 4496 δέ
3557 4458 3735 4496 κατα-

479 4547 788 4601 scerentur.
812 4543 958 4609 quod
982 4542 1048 4594 ad
1061 4541 1412 4596 Ammanitici
1445 4543 1569 4596 belli
1597 4541 1914 4596 societatem
1937 4557 2043 4595 non

2162 4547 2417 4599 σκάπτει.
2456 4545 2695 4596 Ἤλαυνε
2733 4541 2762 4594 δ
2825 4541 2917 4592 ἐπὶ
2960 4539 3145 4608 Θήϐας
3179 4538 3372 4606 ἑτέραν
3423 4535 3598 4599 πόλιν,
3632 4534 3734 4588 καὶ

479 4631 733 4685 accersiti
762 4640 968 4694 essent,
1002 4646 1184 4700 neque
1209 4632 1372 4684 ullam
1392 4637 1514 4700 ejus
1529 4632 1936 4686 excusationem
1965 4647 2050 4687 ac-

478 4723 772 4791 ciperent:
817 4734 996 4790 pugna
1038 4721 1174 4775 inita
1204 4721 1384 4775 mulos
1418 4735 1608 4774 eorum
1643 4721 1823 4785 caedit,
1860 4733 1916 4775 et
1955 4737 2052 4776 sex

479 4828 655 4866 annos
692 4813 1000 4882 principatu
1041 4812 1428 4867 administrato
1469 4813 1725 4867 moritur.
1758 4813 1819 4867 Ei
1853 4829 2049 4868 succe-

479 4903 561 4956 dit
585 4905 819 4960 Amesas
847 4921 915 4959 ex
947 4904 1095 4959 tribu
1124 4903 1371 4969 Iudaica,
1413 4906 1504 4975 qui
1534 4914 1744 4975 septem
1777 4907 1936 4960 annis
1953 4907 2049 4960 ad-

481 4995 795 5051 ministrate
825 4996 1063 5065 imperio
1097 4997 1338 5052 decedit.
1371 4998 1501 5052 Post
1535 4999 1687 5052 illum
1723 4998 1950 5052 Labdon
1979 5015 2044 5053 ex

482 5085 634 5140 tribu
696 5089 1095 5158 prraimitica
1138 5089 1248 5144 dux
1287 5099 1530 5153 creatus,
1574 5092 1812 5145 moritur
1857 5106 2046 5152 senex.

484 5188 684 5234 octavo
713 5181 1066 5252 magistratus
1088 5196 1256 5236 anno.

2157 4633 2301 4690 εἷλεν
2323 4637 2492 4703 αὐτὴν
2517 4636 2576 4698 ἐξ
2603 4633 2924 4705 ἐπιδρομῆς.
2949 4631 3023 4684 To
3047 4631 3106 4683 δέ
3131 4629 3335 4700 πλῆθος
3360 4631 3440 4690 είς
3467 4626 3565 4682 ἕνα
3586 4627 3735 4697 πύρο

2155 4744 2254 4796 γον
2289 4728 2446 4794 μόγις
2488 4724 2851 4794 συνέδραμεν,
2881 4723 3010 4776 ϐντα
3049 4725 3107 4776 ἐν
3157 4722 3305 4791 μέσῳ
3346 4720 3449 4788 τῆς
3493 4709 3759 4780 πόλεως(

2158 4818 2543 4888 Πλησιάσαντα
2574 4816 2631 4868 δέ
2673 4816 2794 4877 ταῖς
2827 4815 3024 4876 πύλαις
3058 4813 3250 4866 τούτου
3281 4813 3371 4865 τὸν
3404 4809 3732 4878 Ἀϐιμέλεχ,

2159 4911 2470 4983 θραύσματι
2526 4908 2697 4980 μύλου
2740 4907 2964 4976 γύναιον
3003 4905 3212 4959 ἄνωθεν
3240 4905 3384 4957 κατά
3423 4905 3520 4970 τῆς
3554 4917 3734 4966 κεφα-

2155 5003 2256 5073 λῆς
2309 5001 2471 5055 ἔϐαλε
2516 5003 2609 5054 καὶ
2661 4999 2974 5052 ἀπέκτεινε.
3025 4996 3136 5067 Τὴν
3190 4995 3246 5048 δὲ
3285 4996 3394 5048 τῶν
3455 4993 3735 5061 Ἐϐραίων

2160 5095 2462 5167 ἡγεμονίαν
2509 5093 2680 5164 ἰαεὶρ
2729 5091 3157 5161 ἐμπεπιστευτο,
3207 5091 3271 5141 ἐκ
3319 5090 3419 5157 τῆς
3453 5087 3733 5155 Μανασσῆ

2158 5183 2445 5253 τυγχάνων
2467 5181 2661 5250 φυλῆς.
2684 5179 2788 5233 Δύο
2814 5181 2870 5232 δὲ
2910 5183 3004 5232 καὶ
3041 5181 3215 5231 εἴκοσι
3242 5170 3399 5238 οὗτος
3443 5176 3733 5237 ἐνιαυτοὺς

487 5277 674 5342 ίθύνας
729 5277 830 5348 τὴν
893 5279 1071 5350 ἀρχὴν
1139 5278 1512 5347 ἐτελεύτησεν.
1567 5279 1900 5349 Ἀμμανῖται
1948 5280 2047 5332 σὺν
2086 5279 2481 5344 Παλαιστηνοῖς
2543 5279 2820 5331 είσέπειτα
2862 5274 2960 5345 τὴν
3027 5273 3211 5345 χώραν
3237 5272 3557 5342 διήρπαζον.
3591 5274 3735 5342 Ληῖο

485 5374 731 5443 ζομένων
768 5375 826 5426 δὲ
860 5373 958 5445 τὴν
1003 5374 1319 5444 Γαλαδηνὴν
1363 5372 1472 5427 τῶν
1515 5374 1888 5444 Ἀμμανιτῶν,
1926 5374 2174 5442 ἡγεμόνα
2231 5374 2322 5425 τὸν
2395 5371 2605 5441 Ἰεφθάε
2663 5373 2710 5424 oi
2742 5370 3026 5440 ἐπιχώριοι
3074 5368 3298 5419 εἴλοντο.
3334 5365 3432 5426 ’ος
3454 5364 3734 5434 συμμίξαι

487 5466 700 5537 μέλλων
772 5467 886 5530 τοῖς
933 5463 1237 5535 πολεμίοις,
1289 5465 1456 5536 εὐχὴν
1509 5467 1826 5535 ἐποιήσατο,
1891 5467 1940 5518 εί
1977 5467 2252 5536 νικήσειεν
2281 5507 2296 5530 ,
2373 5466 2482 5517 πᾶν
2524 5466 2552 5516 ὃ
2583 5462 2800 5534 πρῶτον
2840 5460 2991 5532 αὐτῷ
3042 5460 3370 5530 συναντήσει
3423 5455 3732 5525 ἐπανιόντι,

1668 5617 1874 5677 νοτ-ξω
1911 5617 2218 5680 lecliones
2249 5623 2314 5677 et
2349 5623 2540 5678 note.

2234 5759 2344 5832 (46)
2377 5762 2481 5827 Εἰς
2517 5761 2604 5815 τό.
2634 5760 2713 5816 Ita
2740 5757 2894 5816 Colb.
2937 5759 3074 5816 alter
3101 5757 3235 5829 πρὸς
3266 5757 3350 5816 τό.

561 5768 671 5836 (ιιὸὶ
708 5769 1088 5838 Περιφόρους.
1146 5767 1507 5838 Περιφόϐους,
1554 5773 1609 5818 ut
1667 5763 2046 5833 formidolosos.

489 5835 578 5891 Ita
599 5838 716 5892 cod.
752 5835 881 5899 Rea.
913 5835 967 5896 et
1001 5835 1247 5894 Colbcrt.
