4070 6214
492 426 593 494 119
1786 436 2109 498 JOANNIS
2148 439 2466 506 ZONAB/E
2556 388 2559 391 ἤ
3622 446 3722 514 1Ξο

490 543 761 615 Sampson
796 542 1104 616 refragatur
1138 544 1334 600 initio:
1365 545 1587 602 tandem
1617 544 1797 604 victus
1841 564 2042 620 sponsa

2153 552 2375 623 ἐξῆλθε
2398 559 2650 627 βρῶσις,
2692 560 2789 615 καὶ
2820 561 2941 618 ἀπὸ
2991 561 3251 632 ἰσχυροῦ
3305 565 3521 634 γλυκύ.
3553 565 3619 619 Ol
3645 567 3723 632 δέ,

486 636 765 709 lacrymis,
802 652 918 691 rem
945 636 1144 706 aperit.
1198 636 1291 692 Illa
1345 638 1530 707 prodit
1589 639 2042 700 adolescentibus

2164 651 2241 717 μὴ
2270 648 2556 720 δυνάμενοι
2586 651 2776 721 νοῆσαι
2819 653 2879 706 rb
2905 652 3220 725 πρόϐλημα,
3272 655 3371 723 τὴν
3404 656 3574 727 κόρην
3608 658 3722 712 ἱκέο

486 729 693 799 quidie
720 731 953 798 septima
983 728 1275 798 Sampsoni
1306 729 1537 785 dicunt:
1588 731 1726 798 Quid
1769 747 1846 789 est
1903 736 2042 790 melli

2160 756 2360 792 τευσαν
2410 739 2603 810 μαθεῖν
2634 743 2785 814 παρὰ
2836 743 2931 796 τοῦ
2987 743 3199 816 ἀνδρὸς.
3249 745 3345 798 καὶ
3387 747 3723 815 ἀπαγγεῖλαι

485 820 691 875 dulcius
708 820 734 872 .’
753 820 879 888 quid
907 820 1051 875 leone
1072 821 1260 890 fortius
1276 821 1302 874 .9
1326 821 1595 893 Sampson
1641 824 1809 895 igitur
1857 825 2042 891 iratus,

2157 833 2363 894 αὐτοῖς.
2406 833 2467 887 '0
2493 834 2730 905 Σαμψὼν
2758 836 2816 890 δὲ
2847 839 3276 909 παρακαλούσης
3308 838 3471 895 αὐτὸν
3499 839 3601 910 τῆς
3633 841 3724 893 κό-

483 909 928 964 adolescentibus
943 910 1167 979 quidem
1193 910 1289 965 dat
1317 928 1441 982 qua:
1463 912 1811 982 promiserat.
1835 915 1943 988 54
1956 917 2042 972 sed

2157 940 2259 996 ρης
2294 925 2470 978 εἰπεῖν
2507 926 2646 998 αὐτῇ
2678 926 2739 980 τὸ
2768 928 2862 980 τοῦ
2895 929 3277 999 προϐλήματος
3299 931 3498 1001 νόημα,
3533 909 3591 985 τὸ
3622 933 3725 1001 μέν

482 1008 711 1071 nuptam
740 1001 960 1056 abdicat
991 1021 1006 1056 :
1039 1018 1204 1071 quam
1227 1018 1258 1057 a
1302 1013 1457 1074 patre
1503 1004 1665 1060 alteri
1719 1006 2042 1078 desponsam

2156 1015 2377 1087 πρῶτον
2429 1017 2667 1086 ἀντεῖχε.
2701 1020 3054 1090 Δακρυούσης
3088 1020 3134 1073 δ’
3164 1023 3401 1092 ἐκείνης,
3450 1024 3631 1087 ἐξεῖπε
3660 1024 3724 1076 τὸ

479 1107 621 1164 aegre
656 1091 862 1158 ferens,
905 1103 1176 1150 trecentas
1234 1098 1427 1166 vulpes
1469 1097 1636 1167 capit,
1694 1114 1789 1154 eas
1840 1098 2042 1156 facibus

2153 1110 2284 1163 πᾶν.
2336 1108 2402 1162 Ἦ
2451 1109 2509 1162 δὲ
2555 1112 2670 1173 τοῖς
2708 1111 3015 1173 νεανίσκοις
3047 1091 3375 1183 ἀπήγγειλε.
3430 1116 3543 1168 Kal
3577 1114 3724 1169 κατά

481 1184 804 1240 ardentibus
831 1185 1022 1241 caudis
1046 1185 1261 1241 illarum
1305 1186 1564 1257 alligatis.
1620 1187 1676 1243 in
1730 1190 2051 1246 Palaestino-

481 1292 606 1331 rnm
645 1291 775 1331 arva
809 1276 1077 1339 immittit,
1106 1288 1346 1348 segetem
1374 1281 1485 1350 jam
1524 1279 1638 1335 fere
1686 1280 1930 1336 adultam
1993 1293 2051 1338 et

477 1369 671 1424 vineas
706 1369 953 1425 incendit
989 1385 1126 1440 :pro
1163 1386 1275 1441 quo
1311 1373 1457 1426 facto
1484 1371 1760 1427 Palasstini
1817 1389 2047 1429 uxorem

479 1458 688 1512 dudum
719 1459 858 1529 ejus,
895 1474 1019 1514 cum
1086 1460 1332 1531 cognatis
1380 1462 1436 1515 in
1490 1460 1670 1531 ignem
1719 1462 2046 1532 coniectam,

478 1560 925 1604 concremarunt.
970 1549 1238 1621 Sampson
1278 1567 1439 1618 vero,
1491 1553 1680 1607 multis
1713 1552 2047 1623 alienigena-

475 1657 596 1696 rum
620 1640 944 1706 interfectis,
974 1642 1032 1697 in
1061 1659 1198 1713 rupe
1228 1645 1499 1699 consedit.
1538 1645 1646 1710 Illi,
1693 1646 2046 1716 expeditione

474 1741 749 1802 suscepta,
772 1733 1037 1789 lsraelitis
1080 1734 1328 1799 edicunt.
1369 1736 1415 1790 si
1438 1736 1686 1792 insontes
1721 1737 1914 1792 haberi
1946 1752 2044 1792 ve-

2150 1200 2386 1273 ἑϐδόμην
2406 1202 2618 1272 ἡμέραν
2652 1199 2804 1256 εἷπον
2836 1204 3035 1257 ἐκεῖνοι
3060 1204 3138 1276 τῷ
3169 1206 3410 1275 Σαμψών
3431 1223 3444 1237 ·
3488 1209 3551 1262 Τί
3573 1211 3722 1278 γλυ-

2150 1288 2405 1357 κύτερον
2443 1290 2687 1359 μέλιτος
2713 1329 2728 1351 ο
2780 1289 2818 1358 ἢ
2872 1289 2932 1343 τί
2976 1291 3227 1359 λέοντος
3286 1295 3722 1363 ἰσχυρότερον-ς

2162 1376 2419 1448 Ὤργίσθη
2474 1377 2566 1430 οὖν
2596 1380 2623 1430 6
2654 1378 2918 1448 Σαμψὼν,
2953 1380 3048 1433 καὶ
3100 1383 3214 1444 τοῖς
3254 1382 3355 1452 μὲν
3410 1386 3718 1449 νεανίσκοις

2149 1469 2350 1522 ἔδωκεν
2401 1469 2437 1524 ἀ
2471 1471 2759 1540 ὑπέσχετο,
2816 1472 2908 1525 τὸν
2951 1473 3008 1527 δέ
3029 1475 3207 1544 γάμον
3258 1476 3551 1531 ἀπείπατο.
3603 1480 3720 1532 Καὶ

2148 1562 2349 1615 ἔδωκε-ι
2383 1562 2555 1634 ἑτέρῳ
2588 1564 2648 1616 τὸ
2688 1564 2913 1631 γύναιον
2954 1567 2982 1618 6
3008 1568 3213 1636 πατήρ.
3250 1568 3616 1638 Παροξυνθεὶς
3658 1570 3717 1624 δέ

2144 1655 2172 1706 6
2198 1651 2437 1722 Σαμψὼν
2487 1653 2578 1706 διά
2609 1652 2788 1720 τοῦτο,
2820 1656 2915 1709 καὶ
2943 1656 3226 1710 συλλαϐὼν
3273 1661 3596 1728 τριακοσίας
3621 1660 3719 1712 ἀλ-

2144 1743 2387 1808 ώπεκας,
2442 1743 2733 1813 λαμπάδας
2784 1746 3040 1815 ἡμμένας
3086 1751 3209 1810 ταῖς
3255 1750 3445 1817 οὐραῖς
3487 1750 3717 1803 ἐκείνων

472 1825 596 1889 lint,
631 1827 1071 1897 ntSampsonem
1108 1826 1332 1882 dedant.
1362 1828 1660 1884 Accessere
1713 1829 1782 1883 ad
1848 1844 2038 1900 rupem

2147 1834 2469 1905 προσέδησε,
2526 1835 2621 1888 καὶ
2669 1837 2789 1900 ταῖς
2818 1836 2946 1889 ιτῶν
3005 1837 3381 1892 Παλαιπινιῦν
3430 1841 3716 1908 ἐπαφῆκεν

474 1917 672 1971 armati
695 1927 780 1971 ter
806 1916 974 1973 mille.
1008 1917 1273 1984 Sampson
1309 1918 1614 1980 descendit,
1653 1920 1802 1973 ultro
1844 1935 1904 1975 se
1941 1934 2042 1989 po-

2150 1924 2432 1995 ἀρούραις,
2471 1924 2665 1993 θέρους
2694 1926 3053 1996 ἐνισταμένου
3109 1928 3221 1979 Καὶ
3270 1927 3411 1980 οὕτω
3460 1929 3528 1981 τὰ
3555 1905 3718 1996 σφῶν

474 2008 759 2080 pularibus
788 2009 970 2073 offert,
1002 2011 1096 2080 qui
1128 2024 1254 2064 eum
1285 2010 1596 2067 Palaestinis
1638 2013 1881 2067 vinctum
1925 2023 2038 2066 tra-

474 2104 632 2156 dunt.
663 2102 729 2156 At
760 2101 872 2168 ille,
903 2102 1153 2173 abruptis
1174 2103 1427 2169 vinculis,
1455 2114 1513 2159 et
1540 2104 1679 2159 asini
1703 2104 1922 2160 maxilla
1958 2114 2042 2159 te-

473 2210 624 2251 mere
659 2196 771 2250 illic
792 2198 1010 2268 jacente
1040 2208 1278 2266 arrepta,
1299 2197 1449 2251 mille
1473 2197 1808 2269 alienigenas
1838 2213 1901 2253 ea
1942 2211 2044 2267 pc-

476 2290 648 2356 rimit,
678 2290 920 2360 reliquos
952 2290 1125 2361 fugat.
1157 2290 1311 2347 Unde
1340 2291 1499 2346 locus
1539 2291 1630 2345 ille
1687 2292 1901 2346 Maxilla
1951 2290 2041 2346 di-

474 2385 642 2439 citur.
697 2381 835 2437 Cum
896 2394 1079 2438 autem
1109 2398 1220 2453 pra:
1268 2383 1356 2438 siti
1382 2383 1643 2438 deﬁciens
1694 2383 1863 2437 Deum
1913 2398 2039 2438 cum

473 2474 689 2544 ploratu
719 2473 1114 2539 obtestaretur,
1144 2489 1283 2543 aqua
1315 2489 1347 2528 e
1376 2474 1570 2529 fissura
1636 2482 1824 2537 terras,
1876 2487 2039 2543 quam

472 2568 716 2637 proiecta
744 2566 961 2621 maxilla
993 2565 1224 2629 fecerat,
1264 2565 1533 2621 scaturiit.
1601 2566 1738 2621 Potu
1776 2564 2040 2630 refectus,

474 2658 671 2712 Galam
703 2657 838 2721 adit,
867 2656 957 2711 ubi
981 2672 1105 2711 cum
1134 2656 1311 2712 Gazazi
1368 2658 1543 2727 portis
1593 2658 1795 2713 clausis
1847 2674 2041 2714 cavere

475 2749 697 2814 vellent,
739 2764 811 2804 ne
850 2749 1181 2813 elaberetur,
1237 2749 1329 2805 ille
1385 2750 1488 2804 sub
1536 2750 1774 2804 mediam
1820 2760 2038 2806 noctem

474 2841 670 2911 surgit.
702 2852 937 2910 portam,
975 2843 1162 2897 limina
1189 2853 1245 2897 et
1288 2850 1474 2912 postes
1537 2841 1592 2897 in
1637 2841 1886 2898 humeris
1948 2857 2044 2897 su-

474 2935 645 2998 blata.
670 2946 726 2989 et
752 2936 805 2989 in
832 2935 1034 2991 montis
1064 2935 1272 3005 perlata
1304 2936 1567 2990 verticem
1622 2934 1869 3005 deponit.
1911 2935 2042 2991 Post

474 3030 594 3084 lucc
621 3028 887 3098 Sampson
916 3028 1258 3083 Palaestinam
1293 3028 1636 3083 metriculam
1669 3027 1903 3097 deperit.
1938 3041 2043 3081 no-

476 3120 625 3175 mine
653 3118 922 3174 Dalidam.
962 3116 1098 3172 Cum
1167 3131 1231 3173 ea
1285 3131 1543 3187 proceres
1608 3116 2039 3186 alienigenarum

475 3221 666 3281 agunt,
699 3211 868 3265 multa
897 3210 1149 3280 polliciti,
1186 3208 1232 3264 si
1266 3216 1540 3263 tantarum
1566 3208 1771 3263 virium
1814 3221 2038 3262 causam

475 3319 508 3358 c
544 3304 844 3372 Sampsone
874 3302 1148 3374 cognitam
1183 3302 1288 3357 sibi
1318 3301 1712 3357 renuntiasset.
1762 3300 1854 3354 illa
1897 3299 2041 3353 mul-

478 3394 712 3449 tifariam
748 3409 998 3465 aggressa
1033 3395 1234 3460 virum,
1297 3403 1358 3449 ut
1412 3392 1466 3448 id
1511 3392 1756 3451 eliceret.
1796 3404 1827 3446 a
1884 3390 2040 3446 Sam-

374 3530 377 3537 .
477 3500 651 3556 psone
682 3484 829 3540 aliud
855 3495 1018 3554 atque
1041 3482 1190 3538 aliud
1224 3483 1464 3548 dicente,
1491 3497 1615 3537 cum
1634 3481 1711 3535 rei
1741 3480 2042 3550 [ericulnm

476 3578 703 3641 faceret,
738 3574 1001 3629 eluditur.
1029 3573 1137 3629 Sed
1169 3588 1294 3628 cum
1332 3573 1422 3627 illa
1449 3573 1700 3636 instaret,
1749 3582 2044 3639 oraretqne

476 3666 884 3733 vehementius,
932 3680 1203 3720 arcanum
1261 3662 1485 3718 tandem
1548 3662 1780 3732 prodit:
1832 3661 1902 3718 Se
1947 3658 2043 3715 Dei

474 3762 629 3831 jussu
664 3773 875 3815 comam
906 3757 1078 3820 alere,
1116 3757 1210 3827 qui
1249 3754 1603 3811 interdixerit
1627 3770 1697 3811 ne
1722 3768 1841 3809 eam
1864 3752 2041 3819 radat,

481 3851 537 3904 in
562 3864 739 3920 eaque
770 3848 1073 3919 repositum
1105 3863 1223 3905 esse
1256 3846 1427 3901 robur
1451 3860 1635 3901 suum.
1671 3845 1865 3899 Mulier
1915 3844 2044 3899 dor-

479 3939 672 3995 mienti
699 3953 909 3993 comam
954 3938 1115 3999 radit,
1177 3937 1504 3992 imbecillem
1552 3936 1806 3992 hostibus
1855 3934 2043 4001 tradit,

478 4032 555 4087 illi
578 4031 768 4087 oculos
792 4031 843 4086 ei
874 4030 1159 4086 effodiunt.
1204 4031 1281 4084 ita
1323 4030 1413 4085 ille
1449 4030 1603 4101 prius
1650 4027 2042 4091 formidabilis,

476 4123 722 4178 ludibrio
767 4122 1023 4177 habetur.
1071 4121 1363 4191 Prngressu
1424 4122 1688 4192 temporis
1747 4136 1903 4177 coma
1952 4120 2044 4175 illa

476 4215 806 4279 renascitur,
836 4215 1093 4284 viresque
1132 4213 1386 4268 redeunt.
1445 4211 1581 4268 Cum
1630 4220 1810 4267 autem
1872 4210 2045 4265 Palae-

478 4306 608 4361 stini
674 4315 951 4374 putarent,
1005 4319 1310 4373 eorumque
1352 4319 1608 4372 proceres
1652 4312 1711 4357 et
1764 4312 2045 4372 magnetes

479 4399 906 4457 convivaremur
937 4397 993 4452 in
1016 4397 1179 4452 domo
1210 4413 1333 4466 qua:
1376 4397 1650 4453 columnis
1686 4397 2041 4462 fulciebatur,

478 4490 640 4542 etiam
680 4487 995 4558 Sampsona
1030 4502 1203 4557 puero
1232 4487 1299 4541 ad
1341 4486 1681 4542 illndcndum
1721 4487 2039 4543 adducitur.

2151 2015 2460 2067 κατέκαυσε
2488 2012 2639 2082 λήῖα.
2690 2013 2786 2067 καὶ
2820 2013 2918 2075 τὰς
2948 2015 3251 2082 ἀμπέλους.
3295 2016 3646 2072 Παλαιστινοὶ
3672 2020 3719 2073 δ’

2150 2106 2270 2159 ἀντὶ
2297 2104 2503 2158 τούτων
2531 2106 2631 2175 τὴν
2655 2106 2958 2175 γενομένην
2982 2107 3147 2160 αὑτοῦ
3176 2111 3436 2175 γυναῖκα.
3470 2111 3562 2162 καὶ
3592 2114 3720 2175 τοὺς

2149 2197 2284 2267 αὑτῇ
2307 2197 2682 2266 προσήκοντας
2708 2198 3018 2266 ἐνέπρησαν
3053 2197 3148 2250 καὶ
3174 2199 3542 2253 κατέκαυσαν.
3571 2199 3722 2270 Σαμ-

2148 2290 2265 2361 ψὼν
2301 2290 2359 2344 δέ
2389 2289 2620 2352 πολλοὺς
2644 2287 2971 2352 ἀποκτείνας
3021 2288 3132 2341 τῶν
3161 2288 3495 2357 ἀλλοφύλων,
3530 2291 3589 2344 ἐν
3620 2292 3719 2344 πέ-

2148 2400 2255 2454 τρᾳ
2280 2381 2554 2446 ἐκάθισεν,
2583 2381 2633 2433 oi
2670 2380 2727 2433 δέ
2763 2379 2906 2433 κατά
2935 2380 3044 2434 τῶν
3076 2380 3426 2451 Ἰσραηλιτῶν
3459 2381 3720 2453 ἐξεστρά-

2148 2493 2374 2537 τευσαν,
2404 2473 2678 2541 λέγοντες·
2709 2470 2772 2523 Εἰ
2828 2469 3085 2540 βούλεσθε
3106 2470 3337 2523 ἀναίτιοι
3387 2456 3549 2535 εϊνιῖι,
3599 2472 3720 2525 δότε

2149 2570 2283 2638 ἡμῖν
2307 2567 2399 2620 τὸν
2425 2563 2665 2636 Σαμψὼν
2725 2562 3056 2632 ὑποχείριον.
3092 2562 3202 2615 Καὶ
3234 2561 3473 2633 ἀπῆλθον
3498 2562 3593 2615 ἐπὶ
3620 2564 3720 2634 τὴν

2149 2661 2359 2730 πέτραν
2385 2657 2602 2710 ὁπλῖται
2661 2654 2976 2724 τρισχίλιοι.
3039 2654 3300 2717 Καταϐἀς
3348 2654 3404 2707 δὲ
3453 2652 3717 2724 Σαμψὼν,

2147 2747 2290 2802 ἑκὼν
2314 2750 2430 2811 τοῖς
2453 2746 2712 2815 φυλέταις
2741 2745 3056 2815 παρέδωκεν
3088 2745 3300 2800 ἑαυτόν.
3335 2747 3596 2799 Κάκεῐνοι
3627 2745 3721 2799 δε-

2147 2839 2372 2908 δεμένον
2412 2838 2723 2908 παρέδοσαν
2754 2839 2870 2900 τοῖς
2913 2838 3317 2900 Παλαιστινοῖς.
3366 2837 3424 2891 '0
3465 2837 3522 2890 δὲ
3564 2838 3721 2909 διαρο

2152 2931 2322 3004 ῥήξας
2358 2929 2426 2981 τὰ
2455 2929 2652 2995 δεσμὰ,
2682 2928 2777 2982 καὶ
2808 2927 2932 2981 ὄνου
2969 2929 3194 2996 σιαγόνα
3223 2929 3341 2981 ἐκεῖ
3367 2944 3469 2981 που
3525 2929 3723 2999 ἐρῥιμ-

2153 3024 2322 3094 μένην
2370 3021 2644 3094 ἀρπάσας,
2673 3020 2879 3090 χιλίους
2909 3021 3018 3073 τῶν
3048 3019 3366 3088 ἀλλοφύλων
3395 3021 3722 3075 ἀπέκτεινεν

2150 3119 2208 3169 ἐν
2231 3115 2389 3185 αὐτῇ.
2416 3111 2556 3175 Τοὺς
2585 3112 2641 3165 δὲ
2683 3111 2877 3174 ἄλλους
2927 3112 3214 3183 ἐτρέψατο,
3245 3112 3369 3165 ὃθεν
3403 3112 3614 3181 Σιαγὼν
3657 3111 3722 3176 ἐξ

2149 3208 2361 3260 ἐκείνου
2391 3205 2418 3256 ὀ
2449 3204 2613 3266 τόπος
2641 3204 2868 3274 ἐκλήθη.
2900 3201 3031 3256 Εἶτα
3062 3203 3314 3274 ἐδῖψησεν
3347 3203 3423 3268 ὡς
3442 3204 3721 3257 ἐκλείπειν

2147 3298 2255 3353 ἀπὸ
2287 3297 2387 3368 τῆς
2411 3296 2592 3366 δίψης,
2626 3297 2722 3349 καὶ
2771 3296 3003 3349 ἔκλαυσε
3039 3297 3290 3365 δεόμενος
3317 3296 3412 3350 τοῦ
3462 3296 3623 3351 Θεοῦ.
3660 3296 3720 3351 Ὁ

2144 3392 2203 3446 δὲ
2235 3390 2369 3452 Θεὸς
2406 3389 2589 3458 πηγὴν
2626 3388 2818 3449 ὕδατος
2843 3389 3042 3457 ἀνῆκεν
3075 3390 3183 3442 ἀπὸ
3215 3389 3307 3443 τοῦ
3355 3391 3658 3460 ρήγματος,
3691 3390 3722 3444 ὃ

2145 3480 2245 3549 τὴν
2272 3481 2497 3548 σιαγόνα
2551 3479 2710 3549 ῥίψας
2745 3480 2886 3534 κατά
2914 3481 3018 3550 γῆς
3047 3481 3349 3552 πεποίηκεν
3398 3483 3426 3535 6
3457 3481 3720 3553 Σαμψὼν,

2146 3572 2241 3624 καὶ
2269 3571 2511 3642 ἀπῆλθεν
2534 3572 2617 3635 είς
2639 3570 2840 3634 Γάζαν.
2866 3571 3230 3641 Ἒνήδρευσαν
3254 3570 3311 3625 δὲ
3340 3573 3503 3627 αὑτὸν
3539 3575 3587 3626 οἱ
3614 3574 3724 3627 Γα-

2146 3663 2321 3729 Calor
2382 3665 2476 3718 καὶ
2533 3664 2619 3717 ῑνα
2654 3664 2728 3734 μὴ
2764 3662 3132 3743 λάθηιαύτοὺς
3177 3661 3368 3728 ἐξιὼν,
3417 3665 3515 3727 τὰς
3542 3664 3722 3728 πύλας

2144 3759 2246 3827 τῆς
2283 3756 2492 3818 πόλεως
2540 3756 2816 3810 ἔκλεισαν.
2883 3756 2942 3809 '0
2992 3755 3049 3808 δὲ
3100 3757 3230 3825 περὶ
3286 3756 3461 3827 μέσας
3510 3759 3719 3820 νύκτας

2145 3846 2403 3910 ἀναστὰς,
2434 3847 2532 3909 τάς
2556 3863 2615 3899 τε
2650 3846 2825 3908 πύλας
2857 3844 2951 3899 καὶ
2980 3845 3078 3907 τὰς
3109 3846 3272 3914 φλιὰς
3295 3846 3475 3899 αὐτῶν
3501 3848 3594 3900 καὶ
3621 3847 3725 3910 τὰς

2148 3936 2502 4009 παραστάδας
2532 3937 2978 4006 ἐπωμισάμενος,
3018 3936 3099 3999 εἰς
3127 3935 3230 4008 τὴν
3258 3935 3353 3989 τοῦ
3389 3935 3553 4005 ὅρους
3587 3937 3721 4005 ἀνή-

2145 4043 2310 4094 νεγκε
2367 4026 2630 4097 κορυφὴν,
2694 4029 2919 4079 κακείσε
2986 4026 3272 4080 κατέθετο.
3332 4026 3621 4096 Ἐρασθεὶς
3678 4026 3725 4081 δ’

2146 4117 2368 4186 ἑταίρας
2414 4116 2800 4192 Παλαιστινῆς,
2842 4116 3074 4181 Δαλιδᾶς
3132 4118 3502 4192 καλουμένης,
3557 4119 3728 4193 ααπῆν

2148 4208 2309 4278 αὐτῇ.
2344 4207 2454 4260 Καὶ
2493 4209 2541 4259 οἱ
2578 4207 2910 4277 προύχοντες
2934 4208 3045 4260 τῶν
3077 4209 3418 4281 ἀλλοφύλων,
3453 4214 3628 4268 πολλά
3658 4217 3727 4287 τῇ

2147 4304 2368 4369 γυναικὶ
2410 4300 2827 4371 ἐπηγγείλαντο,
2856 4302 3107 4377 ,εξέττῖθη
3152 4307 3303 4376 παρά
3341 4306 3433 4360 τοῦ
3484 4307 3729 4377 Σαμψὼν

2146 4395 2197 4449 τί
2228 4395 2289 4449 τι.
2318 4396 2491 4449 αίτιον
2517 4395 2667 4467 αὐτῷ
2692 4396 2792 4460 τῆς
2821 4397 3127 4467 δυνάμεως,
3161 4400 3256 4453 καὶ
3285 4400 3597 4470 ἀπαγγείλῃ
3628 4400 3730 4454 αὑο

2145 4490 2283 4552 τοῖς.
2325 4489 2390 4542 Ἦ
2437 4489 2494 4541 δὲ
2529 4487 2788 4552 ποικίλως
2851 4490 3043 4562 μετῄει
3082 4491 3175 4544 τὸν
3226 4490 3431 4561 ἄνδρα,
3487 4488 3730 4561 ζητοῦσα

478 4579 560 4633 Ad
589 4579 735 4633 illam
766 4578 990 4633 domum
1017 4580 1311 4634 multitudo
1340 4581 1582 4635 virorum
1635 4590 1692 4635 et
1746 4581 2041 4635 mulierum

2147 4579 2371 4646 γνῶναι,
2398 4580 2521 4633 ὅθεν
2550 4580 2701 4649 αύτῷ
2729 4581 2761 4650 ἠ
2791 4581 3034 4649 τοσαύτη
3071 4580 3243 4651 ίσχύς.
3280 4581 3521 4645 Ἐκεῖνος
3541 4581 3597 4635 δὲ
3622 4582 3732 4635 ἆλ-

477 4670 698 4727 circiter
724 4670 888 4724 trium
928 4671 1162 4725 millium
1193 4673 1439 4738 conlinit,
1486 4684 1548 4727 ut
1602 4673 1841 4729 ludibria
1887 4673 2041 4729 Sam-

2148 4670 2267 4724 λοτε
2294 4670 2461 4733 ἄλλας
2513 4671 2885 4740 πλαττόμενος
2936 4674 3117 4735 αἰτίας
3166 4675 3232 4745 τῇ
3287 4675 3506 4740 γυναικὶ
3546 4674 3734 4741 ἔλεγε.

477 4762 665 4831 psonis
697 4769 928 4830 spectet.
961 4760 1065 4828 Qui
1107 4776 1232 4817 cum
1297 4763 1543 4818 dicteriis
1596 4764 1967 4821 incesseretur
1988 4775 2042 4823 et

2151 4764 2264 4819 Kal
2293 4766 2326 4832 ἠ
2363 4763 2498 4833 γυνὴ
2524 4765 2839 4836 πειρωμένη
2876 4766 2985 4820 τῶν
3011 4766 3207 4835 λόγων.
3250 4769 3494 4830 ἀπάντας
3525 4769 3735 4833 αὐτοὺς

476 4855 649 4925 alapis
676 4853 1000 4919 mederetur,
1021 4869 1251 4925 puerum
1276 4855 1471 4910 ducem
1518 4855 1673 4926 jubet
1729 4871 1788 4910 se
1835 4855 1903 4911 ad
1946 4869 2042 4910 co-

2152 4855 2429 4928 εὕρισκεν.
2497 4855 2862 4928 Ἐγκειμένης
2920 4857 2977 4910 δέ
3033 4860 3128 4913 καὶ
3160 4859 3426 4930 δεομένης
3464 4860 3735 4928 θερμότε-

476 4948 696 5001 lumnas
719 4946 1013 5013 adducere,
1036 4954 1093 4999 ut
1117 4947 1372 5018 defessus,
1400 4948 1599 5017 inquit,
1620 4947 1724 5019 55
1741 4949 1814 5002 eis
1843 4948 2042 5002 innitar

2156 4963 2268 5016 ρον,
2295 4946 2358 4999 τὸ
2383 4945 2615 5015 κρύφιον
2661 4948 2797 5018 αὐτῇ
2828 4948 3140 5018 ἀνεκάλυψε
3158 4964 3173 4979 ·
3214 4952 3337 5004 κατ’
3365 4950 3594 5018 ἐντολὴν
3643 4952 3739 5003 εί-

478 5049 527 5092 et
555 5040 835 5109 quiescam.
866 5038 1007 5094 Tum
1031 5039 1247 5094 duabus
1279 5039 1552 5095 columnis
1593 5039 1892 5103 convulsis,
1915 5038 2042 5094 tedi-

2155 5037 2273 5092 πὼν
2299 5037 2396 5093 τοῦ
2429 5037 2565 5091 Θεοῦ
2592 5038 2690 5111 τὴν
2719 5040 2897 5110 κόμην
2947 5040 3194 5112 τρέφειν,
3225 5040 3612 5109 ἐντειλαμένου
3649 5040 3736 5111 μὴ

480 5129 665 5184 licium
693 5129 912 5200 deiecit,
937 5132 1095 5202 cujus
1132 5131 1292 5186 ruina
1318 5142 1372 5185 ct
1408 5132 1524 5202 ipse
1557 5143 1613 5187 et
1639 5147 1832 5187 omnes
1848 5132 1943 5202 qui
1985 5131 2041 5186 in

2154 5130 2363 5201 κείρειν
2403 5131 2573 5202 αὐτήν
2599 5147 2612 5162 α
2644 5132 2739 5185 καὶ
2788 5133 2846 5184 ἐν
2890 5132 3065 5203 ταύτῃ
3107 5132 3377 5202 προσῆναι
3423 5130 3573 5200 αὺτῷ
3624 5130 3736 5202 τὴν

478 5237 546 5275 eo
576 5229 755 5287 erant,
787 5230 917 5277 sunt
939 5224 1208 5292 oppressi.
1240 5223 1309 5278 Et
1334 5224 1481 5278 hunc
1518 5224 1726 5278 exitum
1796 5223 1888 5279 ille
1945 5222 2042 5278 ba-

2159 5222 2331 5293 ίσχύν.
2361 5224 2550 5294 Κείρει
2572 5222 2671 5294 τὴν
2697 5225 2874 5294 κόμην
2904 5223 3257 5293 κοιμωμένου
3290 5220 3458 5276 αὑτοῦ
3484 5224 3519 5291 ἡ
3562 5226 3736 5293 γυνὴ,

477 5313 620 5375 buit.
654 5328 779 5367 cum
815 5314 1113 5370 Israelitico
1145 5317 1347 5386 populo
1376 5331 1474 5386 per
1505 5332 1677 5370 annos
1722 5315 1914 5387 viginti
1953 5317 2042 5388 jus

2159 5317 2253 5372 καὶ
2283 5317 2617 5389 παραδίδωσι
2650 5320 2764 5380 τοῖς
2798 5316 3062 5378 ἐναντίοις
3110 5315 3273 5368 αὑτὸν
3318 5315 3540 5383 ἀσθενῆ.
3594 5315 3735 5367 Ἐκ·

477 5404 733 5459 dixisset.
2159 5408 2450 5460 κόπτουσιν
2474 5408 2668 5459 ἐκεῖνοι
2693 5406 2763 5459 τά
2796 5405 3025 5475 ὄμματα
3054 5405 3151 5458 τοῦ
3176 5405 3392 5475 ἀνδρὸς,
3419 5405 3514 5457 καὶ
3543 5405 3572 5456 6
3595 5405 3739 5474 πρὶν

478 5494 732 5565 φοσερδς,
752 5497 840 5558 εἰς
866 5500 1116 5563 παίγνιον
1159 5496 1397 5564 κατέστη
1438 5497 1623 5558 αὐτοῖς
1644 5514 1655 5526 ·
1689 5497 1979 5566 Προῖόντος
2006 5496 2063 5549 δὲ
2087 5497 2182 5551 τοῦ
2207 5497 2423 5564 καιροῦ,
2445 5496 2642 5565 ηὔξετο
2698 5496 2852 5559 αὖθις
2879 5498 2912 5566 ἡ
2944 5495 3089 5567 κὸμη
3136 5494 3308 5563 αὐτῷ,
3344 5498 3439 5549 καὶ
3504 5495 3538 5564 ἡ
3574 5496 3739 5565 ἰσχὺς

477 5593 841 5661 ἐπανήρχετο.
878 5591 1050 5643 [lci-ron
1089 5590 1144 5642 δέ
1175 5593 1284 5653 τοῖς
1337 5591 1716 5651 Παλαιστινοῖς
1748 5589 1924 5654 ὄντος,
1954 5591 2051 5643 καὶ
2089 5590 2199 5643 τῶν
2257 5591 2533 5661 ἀρχόντων
2565 5591 2659 5644 καὶ
2728 5589 3069 5661 μεγιστάνων
3095 5588 3483 5660 εὐωχουμένων
3502 5585 3642 5655 ὁμοῦ
3670 5589 3740 5639 ἐν

478 5684 614 5752 οἴκῳ
653 5685 830 5739 κίοσιν
850 5687 1181 5755 ἀνεχομένῳ,
1213 5685 1352 5756 ἢχθη
1386 5687 1480 5738 καὶ
1505 5687 1532 5738 6
1554 5684 1795 5754 Baptith
1844 5686 2304 5756 παιχθησόμενος,
2366 5687 2459 5737 καὶ
2523 5686 2809 5756 παιδάριον
2847 5682 3205 5756 ἐχειραγώγει
3268 5682 3451 5736 αὐτόν.
3473 5679 3738 5750 Συνὴχθη

479 5772 536 5825 δὲ
562 5778 711 5843 παρά
743 5777 835 5829 τον
864 5774 1009 5831 οἷκον
1041 5778 1243 5844 πλῆθος
1281 5780 1491 5846 ἀνδρῶν
1538 5798 1595 5834 τε
1628 5781 1721 5833 κοὶ
1765 5781 2042 5848 γυναικῶν
2077 5780 2212 5832 ὡσεὶ
2235 5780 2569 5849 τρισχιλίων,
2598 5779 2664 5832 ἵν’
2690 5779 2864 5852 ὁρῷεν
2921 5779 3014 5833 τὸν
3052 5777 3293 5848 Σαμψὼν
3356 5773 3739 5845 παροινούμε-

483 5884 592 5924 νον·
641 5868 700 5920 ὐ
729 5871 784 5922 δέ
813 5873 1137 5935 παιξδυιενός
1163 5892 1218 5927 τε
1263 5875 1354 5927 καὶ
1382 5874 1763 5942 ὁκπῆὅμενος,
1796 5876 1943 5943 λέγει
1971 5877 2046 5930 τῶ
2086 5875 2512 5945 χειραγωγοῦντι
2546 5876 2740 5930 αὖτόν·
2805 5876 3083 5943 ’Λπλγκγέ
3142 5890 3205 5945 με
3261 5873 3405 5944 παρὰ
3446 5870 3569 5932 τοὺς
3618 5866 3733 5943 alio
