4042 6212
264 381 274 390 ’
305 396 399 460 121

1593 393 1999 455 ANNALIUM
2037 398 2180 489 LIB.
2231 400 2278 461 I.

3453 400 3560 463 122

300 506 507 571 νας,ὡς
530 503 609 559 ἂν
632 502 841 570 αὐτοῖς
862 501 1288 572 ἐπιστγιριχθῶ,
1315 501 1600 574 δεόμενος
1620 502 2109 561 ἀναπαύσασθαι.
2179 506 2526 578 Δραξάμενος
2550 506 2607 561 δὲ
2652 507 2764 564 τῶν
2814 508 2909 563 δύο
2964 504 3159 563 κιόνων
3219 509 3554 566 ὲπικατέσει·

302 615 389 651 σεν
415 599 595 670 ἐαυτῷ
621 601 715 653 τὸν
754 593 924 665 οἶκον,
955 599 1051 653 καὶ
1078 597 1242 660 αὐτός
1272 615 1330 650 τε
1360 598 1456 652 καὶ
1482 599 1533 652 οἱ
1562 600 1620 651 ὲν
1644 597 1722 668 τῷ
1741 598 1876 669 οἴκῳ
1914 599 2117 665 πάντες
2188 604 2489 660 ἀπώλοντο.
2554 606 2667 659 Kal.
2695 607 2756 660 τὸ
2793 608 2915 677 μὲν..
2928 610 3169 663 τοιοῦτον
3202 607 3437 678 ἐγένετο,
3463 609 3556 661 ἐπὶ

303 698 393 764 ἔτη
425 698 603 749 εἴκοσι
648 695 901 766 κρίναντι
930 695 1025 750 τὸν
1056 695 1169 749 τῶν
1210 692 1480 764 Ἐϐραίων
1513 694 1663 749 λαόν.

369 793 502 846 κεν.
528 792 727 844 οὐκέτι
772 791 827 843 δὲ
869 791 1071 862 Κριταὶ
1104 785 1239 859 ἦγον
1267 790 1358 845 τὸν
1409 790 1652 862 Ἰσραὴλ,
1686 789 1801 843 ἀλλ’
1849 788 1878 840 ὁ

2050 787 2216 845 XXV.
2251 792 2378 847 Post
2405 790 2761 862 Sampsonem
2793 807 2905 848 non
2942 791 3179 861 amplius
3195 789 3418 846 Iudices
3460 804 3559 859 po-

298 884 588 957 ἀρχιερεὺς
631 883 785 936 Ἠλεὶ
815 884 1054 953 προέστη
1099 884 1305 951 αὐτῶν,
1347 884 1435 952 ἐφ’
1481 875 1543 937 οὗ
1580 881 1737 953 λιμὸς
1787 880 1878 949 γέ-

297 995 444 1045 γονε.
473 974 582 1029 Καί
607 993 692 1034 τις
719 974 861 1044 ἀνὴρ
893 976 958 1028 ὲκ
991 974 1263 1051 Βηθλεὲμ,
1286 974 1581 1046 ’Λὸιμέλεχ
1609 973 1879 1042 καλούμε-

298 1087 406 1134 νος,
434 1068 535 1122 σὺν
559 1069 625 1136 τῇ
660 1066 908 1135 γυναικὶ,
949 1066 1045 1120 καὶ
1069 1065 1164 1121 δύο
1201 1066 1340 1130 υἱοῖς
1369 1066 1457 1120 διὰ
1481 1066 1572 1119 τὸν
1597 1064 1756 1135 λιμὸν
1796 1064 1878 1128 είς

297 1162 392 1233 τὴν
420 1160 713 1215 Μωαϐῖτιν
750 1158 1171 1228 μεταναστεύει.
1225 1156 1569 1227 Ἀγεταιοῦν
1605 1159 1725 1221 τοῖς
1744 1158 1878 1221 υἱοῖς

298 1253 545 1324 γαμετὰς
581 1251 957 1315 Μωαϐίτιδας.
990 1251 1224 1304 Ἕνδεκα
1283 1252 1471 1320 μέντοι
1522 1253 1814 1314 ἐνιαυτοῖς,
1848 1250 1877 1304 ὃ

296 1363 352 1400 τε
382 1345 681 1414 ’Δόιμέλεχ
733 1346 827 1397 καὶ
875 1346 927 1397 oi
966 1343 1155 1407 παῖδες
1208 1342 1375 1397 αὐτοῦ
1408 1342 1725 1415 τεθνήκασι.
1765 1343 1875 1396 Kal.

297 1437 738 1505 κατελείφθησαν
759 1436 948 1506 χῆραι,
980 1437 1015 1507 ἦ
1064 1452 1125 1513 τε
1154 1435 1360 1503 Νοεμὶν
1387 1437 1420 1505 ἡ
1445 1434 1770 1489 συνοικοῦσα
1797 1432 1876 1508 τῷ

309 1526 621 1595 Ἀϐιμέλεχ,
657 1527 754 1579 καὶ
791 1526 848 1578 ai
877 1528 1135 1593 γυναῖκες
1187 1527 1357 1594 ἄμφω
1389 1526 1498 1579 τῶν
1537 1526 1746 1579 παίδων
1776 1526 1875 1578 αὐ-

296 1620 413 1682 τοῦ,
448 1618 629 1690 Ὀρφά
657 1635 719 1671 τε
757 1619 853 1672 καὶ
894 1617 1067 1672 Ῥούθ.
1110 1619 1172 1671 Ἦ
1211 1619 1418 1688 Νοεμὶν
1449 1617 1506 1672 δὲ
1535 1620 1615 1678 εἰς
1643 1618 1744 1686 τὴν
1770 1635 1876 1670 πα-

295 1711 454 1781 τρίδα
504 1711 842 1780 ὑπέστρεφε.
875 1709 995 1761 Τῶν
1024 1710 1080 1763 δὲ
1123 1726 1187 1777 γε
1235 1708 1461 1779 νυμφῶν
1492 1709 1665 1780 αὐτῆς
1705 1711 1738 1780 ὴ
1773 1709 1874 1779 μὲν

307 1806 482 1875 Ὀρφὰ
540 1801 964 1876 παρακληθεῖσα
1000 1801 1099 1869 τῆς
1139 1802 1427 1871 πενθερᾶς,
1480 1801 1662 1868 ἔμεινε
1721 1801 1873 1870 παρὰ

297 1896 644 1958 Μωαϐίταις.
691 1896 755 1948 Ἡ
793 1895 851 1947 δὲ
875 1892 1027 1947 Ῥοὺθ
1061 1893 1155 1945 σὺν
1184 1895 1249 1962 τῇ
1291 1891 1494 1963 Νοεμὶν
1533 1891 1868 1964 ἀπελήλυθε’

296 1990 386 2042 καὶ
409 1988 516 2057 ἤδη
549 1984 1009 2057 παραγενομένας
1048 1985 1128 2046 είς
1172 1982 1443 2051 Βηθλεὲμ,
1488 1981 1684 2047 ξενίζει
1715 1982 1870 2048 Βοδζ,

305 2077 601 2147 ’Λὸιμέλεχ
629 2075 708 2128 ὢν
752 2075 1045 2143 συγγενής.
1077 2073 1605 2145 Προσαγορευομένη
1635 2073 1690 2126 δὲ
1720 2073 1871 2144 παρὰ

295 2171 405 2222 τῶν
445 2166 685 2220 πολιτῶν
736 2165 796 2232 ἐξ
842 2166 1103 2235 ὀνόματος
1132 2166 1167 2235 ἡ
1205 2166 1365 2234 γυνή’
1404 2164 1498 2231 Μή
1542 2181 1620 2233 με
1656 2165 1879 2232 Νοεμὶν

296 2260 524 2331 (ἔλεγεν)
553 2258 715 2312 ἀλλὰ
743 2256 952 2324 Μάραν
977 2255 1213 2311 καλεῖτε
1263 2255 1488 2326 (Νοεμὶν
1513 2254 1570 2308 δὲ
1597 2254 1884 2324 εὐτυχίαν

295 2352 445 2424 δηλοῖ
464 2368 478 2381 ’
503 2351 706 2421 Μάραν
726 2349 805 2415 δὲ,
836 2348 1086 2413 ὀδύνην.
1116 2349 1208 2401 καὶ
1238 2348 1574 2416 πικρασμόν)
1600 2362 1618 2379 ·
1642 2340 1882 2414 ’πλήρης

297 2443 406 2511 γὰρ
440 2441 831 2508 πορευθεῖσα,
872 2438 1019 2505 κενὴ
1077 2440 1491 2505 ὑπενόστησα.
1534 2437 1771 2506 Ἀμητοῦ
1825 2437 1883 2490 δὲ

295 2537 473 2595 ὄντος,
512 2532 664 2603 ἐξῄει
688 2530 831 2585 κατὰ
856 2530 1082 2601 γνώμην
1117 2532 1216 2600 τῆς
1263 2531 1531 2598 πενθερᾶς
1565 2530 1886 2598 καλαμησο-

298 2627 442 2696 μένη
493 2628 529 2694 ἡ
574 2623 760 2687 Ῥοὺθ,
797 2623 881 2686 είς
917 2623 1007 2675 τδν
1054 2621 1222 2690 ἀγρὸν
1260 2620 1355 2674 τοῦ
1404 2620 1559 2684 Βοός.
1617 2620 1674 2673 Ὀ
1701 2620 1757 2674 δὲ
1782 2621 1882 2690 τὴν

297 2720 473 2789 κόρην
506 2717 657 2781 ἰδὼν,
687 2718 782 2769 καὶ
806 2714 996 2782 μαθὼν
1028 2714 1110 2777 τίς
1138 2716 1306 2776 ἐστιν,
1336 2713 1573 2785 θερίζειν
1604 2714 1633 2766 ὃ
1664 2712 1884 2767 δύναιτο

299 2812 394 2864 καὶ
432 2810 580 2881 ἔχειν
613 2807 938 2876 ἐπέτρεψεν,
970 2805 1193 2876 ἄριστόν
1222 2822 1283 2859 τε
1324 2807 1590 2875 παρέχειν
1616 2805 1753 2875 αὐτῇ
1805 2804 1884 2875 τῷ

300 2902 601 2971 ἀγροκόμῳ
630 2897 917 2960 ἐπέταξεν.
965 2896 1033 2951 Ἦ
1073 2896 1131 2950 δὲ
1167 2897 1262 2950 καὶ
1293 2897 1497 2965 ἄλφιτα
1541 2894 1669 2966 παρ’
1711 2894 1880 2948 αὑτοῦ

300 2994 566 3056 λαϐοῦσα,
598 2994 667 3062 τῇ
695 2990 939 3061 πενθερᾷ
969 2990 1328 3060 συνετήρησε.
1362 2990 1473 3043 Kal.
1524 2989 1764 3059 ἀπῆλθεν
1785 2987 1883 3057 ὀψὲ

300 3084 611 3152 κομίζουσα
655 3081 754 3134 καὶ
800 3079 902 3141 τὰς
954 3079 1186 3149 κριθὰς,
1246 3077 1315 3141 ἃς
1352 3078 1623 3143 συνέλεξε.
1668 3077 1780 3132 Καὶ
1816 3077 1885 3130 τὰ

301 3178 454 3245 παρὰ
481 3174 578 3227 τοῦ
619 3173 758 3237 Βοδζ
811 3171 949 3241 αὐτῇ
994 3170 1314 3239 διηγήσατο.
1354 3171 1465 3223 Καὶ
1522 3166 1677 3229 αὖθις
1716 3167 1884 3239 ἀπῄει

303 3269 400 3322 σὺν
458 3268 586 3329 ταῖς
622 3261 979 3333 θεραπαινίσι
1010 3261 1168 3325 Βοός.
1218 3261 1280 3315 Ἢ
1327 3261 1533 3330 Νοεμὶν
1585 3261 1641 3315 δὲ
1675 3277 1883 3328 συγκα-

302 3359 582 3411 τακλίνειν
613 3353 765 3425 αὐτῷ
788 3355 887 3422 τὴν
926 3353 1085 3407 ἴΡοὺθ
1125 3352 1507 3405 ἐϐουλεύσατο.
1537 3351 1645 3404 Καὶ
1674 3352 1882 3420 πέμπει

301 3452 401 3521 τὴν
428 3450 679 3519 νύμφην,
708 3446 1021 3516 ὑποθεμὲνη
1057 3443 1211 3516 παρὰ
1252 3446 1367 3506 τοῖς
1404 3443 1531 3496 ποσὶ
1567 3442 1661 3496 τοῦ
1690 3442 1881 3513 ἄνδρος

305 3540 675 3598 ὖπνιῖιττοντος
704 3537 761 3587 ὲν
808 3537 871 3603 τῇ
902 3523 1089 3597 Elidit,
1138 3532 1413 3586 πεσοῦσαν
1451 3531 1725 3585 ὑπνῶσαι.
1774 3531 1886 3584 Καὶ

305 3633 344 3702 ἡ
370 3631 471 3702 μὶν
516 3629 663 3682 οὕτω
693 3627 1022 3695 πεποίηκεν.
1060 3625 1391 3693 Λίσθόμενος
1423 3623 1469 3677 δ’
1516 3624 1544 3676 ὁ
1579 3622 1715 3688 Βοὲς
1747 3624 1881 3692 περὶ

319 3721 489 3789 μέσην
506 3717 701 3785 vestra,
736 3716 901 3786 ἧρετο
925 3714 1011 3779 τίς
1037 3717 1180 3770 ἐστι.
1208 3716 1321 3770 Καὶ
1373 3715 1581 3784 μαθὼν,
1636 3714 1755 3767 τότε
1788 3715 1886 3784 μὲν

318 3809 633 3879 ﬁmi-Iac”:
688 3808 860 3862 ἔωθεν
887 3808 934 3862 δ’
972 3794 1254 3877 ἐξεγείρας
1287 3807 1386 3878 τὴν
1429 3807 1608 3873 Ῥοὺθ,
1653 3805 1886 3876 πορεύε-

316 3901 443 3954 σθαι
475 3902 608 3972 πρὸς
634 3901 738 3972 τὴν
779 3898 1055 3969 πενθερὰν
1094 3898 1422 3954 ἐνετείλατο.
1464 3898 1635 3963 Αὐτὸς
1664 3897 1743 3963 δὲ,
1776 3899 1889 3952 Τὸν

313 3994 631 4064 ἐγγύτερον
647 3992 793 4062 ἐμοῦ
821 3990 1265 4061 ἁγχιστεύοντά
1302 4005 1401 4045 σοι
1429 3989 1721 4059 ἐρήσομαι
1743 4006 1759 4022 ο
1791 3988 1890 4044 καὶ

312 4088 362 4139 ιι
376 4084 494 4153 μὲν
514 4083 751 4150 ἐκεῖνος
776 4081 1103 4152 ἀγαγέσθαι
1136 4098 1211 4137 σε
1233 4082 1550 4147 βούλεται,
1585 4081 1887 4147 ἀπελεύσῃ

312 4177 458 4243 πρὸς
505 4174 621 4228 τὸν
672 4174 897 4242 ἀνδραυ
964 4170 1441 4240 παραιτουμένου
1487 4171 1575 4236 δὲ,
1626 4171 1889 4240 νομίμως

312 4266 707 4332 συνοικήσεις
746 4265 897 4334 ἐμοῖ.
939 4264 1207 4334 Ἀπῆλθεν
1229 4260 1322 4319 οὖν
1343 4266 1376 4333 ἡ
1403 4263 1562 4334 γυνὴ,
1610 4264 1707 4316 καὶ
1732 4262 1889 4331 δεδή-

315 4358 452 4411 λωκε
488 4358 676 4411 πάντα
704 4358 772 4426 τῇ
823 4354 1052 4424 Νοεμίν.
1087 4354 1145 4408 '0
1174 4353 1230 4408 δέ
1260 4371 1325 4425 γε
1357 4354 1489 4417 Boot
1516 4355 1668 4424 παρὰ
1703 4356 1767 4423 τῇ
1796 4368 1889 4416 γε·

320 4450 507 4520 ρουσίᾳ
543 4450 647 4519 τήν
674 4464 737 4500 τε
777 4446 934 4500 Ῥοὺθ
962 4448 1058 4500 καὶ
1104 4445 1196 4499 τὸν
1246 4445 1484 4514 συγγενῆ
1540 4442 1887 4506 συνεκάλεσε,

316 4545 406 4595 καὶ
437 4539 595 4595 εἶπεν
649 4540 798 4609 αὑτῷ
819 4556 835 4572 ο
861 4538 1174 4606 Ἀὄιμέλεχ
1198 4537 1304 4592 τοῦ
1334 4536 1671 4607 συγγενοῦς
1697 4534 1889 4604 ἡμῶν,

318 4636 411 4688 καὶ
455 4632 582 4687 τῶν
620 4630 851 4684 παίδων
877 4628 1066 4684 αὑτοῦ
1094 4627 1366 4700 κατέχεις
1394 4628 1662 4697 κλῆρον;
1695 4628 1893 4682 Συνθε-

321 4728 480 4797 μένου
516 4725 563 4778 δ’
613 4724 763 4793 ἔχειν
791 4722 1023 4786 ἐκείνου,
1058 4721 1203 4774 κατὰ
1233 4723 1357 4782 τοὺς
1387 4721 1584 4790 νόμους
1629 4720 1696 4774 δι’
1731 4724 1880 4790 ἀγχι-

318 4817 516 4873 στείαν·
556 4814 797 4871 Οὐκοῦν
823 4815 937 4882 οὐχ
968 4813 1037 4877 ἐξ
1061 4812 1359 4881 ἡμισείας,
1384 4812 1510 4881 ἔφη,
1545 4808 1664 4866 τῶν
1688 4814 1889 4880 νόμων

310 4910 650 4979 μεμνῆσθαι
681 4905 832 4967 δεῖν,
877 4905 976 4958 ἐπὶ
1011 4902 1163 4960 πᾶσι
1190 4903 1259 4957 δὲ
1290 4902 1485 4957 ποιεῖν
1507 4903 1633 4957 κατ’
1666 4900 1890 4967 αὐτοὺς

318 5003 549 5062 λοιπὸν,
576 4998 677 5053 καὶ
706 4997 772 5051 τὸ
797 4996 905 5051 τοῦ
933 4993 1198 5051 Μαλλῶν
1223 4995 1473 5063 γύναιον
1515 4993 1652 5049 υίοῦ
1674 4991 1898 5062 Ἀϐιμέ-

317 5096 424 5161 λεχ
446 5092 634 5164 γῆμαί
676 5105 753 5143 σε
802 5088 942 5159 χρὴ,
973 5089 1076 5143 ἵνα
1131 5088 1492 5155 ἀναστήσῃς
1521 5085 1762 5156 σπέρμα
1814 5085 1897 5152 τῷ

321 5185 617 5256 συγγενεῖ.
659 5184 719 5237 ’0
766 5182 823 5236 δὲ
860 5181 1240 5253 παρῃτήσατο,
1294 5180 1389 5232 καὶ
1424 5178 1519 5232 τοῦ
1566 5178 1770 5248 κλήρου
1799 5180 1897 5232 καὶ

320 5280 415 5347 τῆς
466 5275 734 5346 γυναικὸς
764 5274 1175 5345 παραχωρήσας
1208 5270 1377 5339 αὐτῷ.
1420 5270 1580 5323 Κατὰ
1631 5270 1764 5337 γοῦν
1805 5270 1899 5323 τὸν

322 5370 479 5437 vitam
514 5369 751 5422 ἐνώπιον
783 5367 882 5435 τῆς
931 5366 1259 5436 γερουσίας,
1311 5364 1345 5434 ὴ
1400 5364 1556 5417 Ῥοὺο
1591 5362 1898 5416 ὑπελύσατο

322 5462 507 5515 καὶτὸ
555 5460 813 5529 ὑπόδημα
863 5458 956 5512 τοῦ
989 5458 1178 5529 ἀνδρὸς
1224 5458 1457 5519 ἐκείνου,
1509 5457 1603 5509 καὶ
1662 5455 1895 5508 ἔπτυσεν

322 5553 484 5607 αὑτοῦ
511 5555 592 5617 είς
619 5550 682 5604 τδ
709 5551 1021 5621 πρόσωπον.
1054 5549 1161 5602 Kal
1191 5548 1362 5611 οὕτως
1388 5548 1559 5618 αὐτὴν
1587 5547 1830 5618 ἠγάγετο
1862 5550 1892 5602 ὁ

322 5642 471 5708 MC.
496 5644 596 5697 καὶ
638 5642 826 5696 ἔτεκεν
855 5641 914 5706 ἐξ
963 5641 1133 5712 αὐτῆς
1165 5641 1253 5694 τὸν
1282 5639 1462 5709 Ὠϐήδ.
1493 5638 1798 5710 Ἑλληνιστὶ
1843 5639 1890 5692 δ’

322 5733 710 5804 ἑρμηνεύεται.
751 5731 1079 5786 δουλεύων.
1116 5730 1208 5799 Ἐξ
1236 5730 1397 5802 Ὤϐὴδ
1420 5731 1476 5784 δὲ
1526 5732 1734 5800 γίνεται
1761 5732 1892 5786 Ἰεσ-

325 5828 436 5889 est,
464 5826 556 5878 καὶ
591 5824 655 5875 ὲκ
682 5821 874 5876 τούτου
902 5823 1087 5889 Δαϐὶδ,
1117 5824 1175 5887 ὃς
1225 5824 1333 5878 τῶν
1366 5822 1423 5889 ἐξ
1458 5823 1668 5892 Ἰσραὴλ
1703 5822 1889 5880 ἐξασί-

1977 886 2110 952 pulo
2143 883 2499 955 praefuerunt,
2538 885 2635 938 sed
2666 883 2779 939 Elei
2812 883 3096 953 pontifex:
3128 882 3231 937 sub
3272 898 3380 951 quo
3416 881 3555 936 fame

1982 977 2413 1045 ingravescente,
2437 979 2524 1029 vir
2547 975 2767 1045 quidam
2789 973 3261 1037 Bethleemiticus,
3276 972 3555 1027 Abimelco

1979 1068 2118 1122 chus
2147 1068 2387 1131 nomine,
2416 1083 2540 1122 cum
2561 1082 2729 1123 uxore
2757 1076 2813 1122 et
2834 1065 3051 1121 duobus
3090 1064 3215 1118 liliis
3248 1063 3304 1117 in
3345 1060 3556 1117 Moabi-

1981 1160 2148 1215 tidem
2182 1162 2556 1231 transmigrat.
2588 1160 2667 1215 lbi
2698 1159 2824 1214 ﬁliis
2849 1157 3169 1214 Moabiticas
3217 1171 3417 1211 uxores
3452 1156 3552 1210 de»

1978 1251 2230 1322 spondet,
2260 1261 2317 1307 et
2351 1252 2492 1306 intra
2518 1252 2705 1307 decem
2731 1265 2904 1306 annos
2928 1265 3034 1304 una
3064 1263 3188 1303 cum
3228 1246 3354 1301 ﬁliis
3381 1244 3556 1299 mori-

1979 1355 2089 1410 tur,
2106 1345 2293 1401 relicta
2308 1346 2471 1400 vidua
2496 1360 2664 1399 uxore
2682 1343 2966 1408 Noemide,
2979 1342 3305 1412 duabusque
3321 1340 3555 1395 nuribus

1979 1437 2162 1508 Orpha
2202 1451 2259 1494 et
2287 1439 2720 1494 RutbaNocmis
2743 1438 2974 1508 patriam
3004 1436 3227 1506 repetit,
3269 1451 3333 1489 ac
3371 1434 3553 1503 Orpha

1982 1546 2221 1584 nuruum
2249 1531 2418 1585 altera
2437 1531 2642 1583 monitu
2675 1544 2868 1584 socrus
2891 1528 3036 1598 apud
3057 1528 3320 1583 Moabitas
3344 1535 3547 1580 manet.

1984 1623 2166 1678 Rutha
2189 1637 2313 1677 cum
2341 1621 2604 1677 Noemide
2635 1619 3016 1692 proliciscitur.
3043 1618 3372 1672 Bethleemze
3400 1617 3541 1671 Boo-

1981 1729 2079 1767 zus
2128 1712 2464 1767 Abimelechi
2494 1722 2758 1782 cognatus
2797 1725 2890 1764 eas
2934 1708 3174 1778 hospitio
3217 1706 3442 1776 excipit.
3472 1706 3553 1761 Ibi

1981 1804 2176 1858 mulier
2192 1819 2220 1857 a
2242 1804 2454 1859 civibus
2484 1819 2583 1857 suo
2616 1802 2940 1871 compellata
2962 1801 3186 1855 nomine
3211 1816 3224 1854 :
3250 1797 3325 1854 Ne
3347 1798 3445 1863 me,
3467 1798 3555 1853 in-

1979 1902 2118 1968 quit,
2142 1895 2386 1960 Noemin,
2405 1897 2496 1950 sed
2517 1896 2723 1950 Maram
2745 1894 3012 1966 appellate
3046 1892 3343 1962 (signiﬁcat
3369 1899 3550 1946 autem

1977 1990 2202 2045 Noemis
2228 1987 2552 2058 felicitatem,
2584 1988 2728 2041 Mara
2775 1985 3010 2039 dolorem
3055 1993 3110 2038 et
3155 1983 3551 2051 acerbitatem);

1985 2100 2109 2138 nam
2164 2098 2281 2137 cum
2349 2081 2505 2151 plena
2549 2078 2893 2139 discesserim,
2936 2092 3104 2130 vacua
3163 2090 3281 2128 sum
3318 2090 3552 2127 reversa.

1985 2175 2255 2242 Tempore
2317 2170 2511 2225 messis
2554 2168 2759 2232 Rutba,
2796 2166 2864 2222 de
2908 2180 3101 2220 socrus
3159 2166 3435 2219 sententia
3484 2163 3551 2217 ad

1985 2264 2328 2334 Spicilcgium
2362 2262 2418 2315 in
2438 2260 2601 2315 Boozt
2629 2273 2820 2327 agrum
2860 2255 3164 2327 egreditur.
3226 2253 3322 2309 Ille
3370 2253 3552 2323 agnita

1987 2358 2187 2427 puclla,
2214 2354 2503 2431 permittit,
2537 2361 2596 2406 ut
2632 2350 2779 2422 quod
2821 2358 3029 2420 posset,
3076 2355 3307 2402 meteret
3352 2353 3409 2400 et
3459 2361 3556 2398 an-

1984 2451 2175 2508 ferret.
2202 2464 2266 2504 ac
2300 2449 2588 2518 prandium
2619 2444 2668 2500 ei
2702 2441 2938 2515 prteberi
2958 2440 3116 2512 jubet
3152 2454 3183 2494 a
3204 2438 3407 2493 villico.
3462 2436 3554 2490 Illa

1985 2544 2055 2599 de
2099 2542 2224 2596 cibo
2275 2541 2441 2596 etiam
2493 2552 2658 2607 quem
2716 2541 3027 2605 acceperat,
3080 2530 3287 2601 aliquid
3369 2527 3553 2583 socrui

1985 2622 2300 2694 conservat,
2356 2640 2414 2686 et
2468 2627 2686 2699 vesperi
2737 2625 3005 2680 hordeum
3045 2622 3193 2693 quod
3236 2621 3551 2689 collegerat,

1985 2723 2210 2780 domum
2242 2722 2447 2785 ferens,
2479 2727 2591 2772 uta
2619 2717 2801 2771 Boozo
2832 2721 3062 2770 tractata
3130 2722 3296 2773 esset,
3362 2707 3554 2771 refert,

1984 2830 2050 2871 ac
2076 2830 2201 2869 cum
2224 2811 2387 2866 Boozi
2418 2809 2632 2865 ancillis
2657 2807 2841 2861 denuo
2865 2802 3165 2874 egreditur.
3211 2801 3294 2855 lbi
3331 2800 3553 2855 Noemis

1986 2905 2275 2963 consilium
2319 2898 2721 2971 despondendae
2776 2898 2962 2953 Boozo
3017 2892 3216 2950 Rutilae
3273 2892 3441 2962 capit,
3489 2905 3556 2946 ac

1987 3011 2190 3052 nurum
2218 2995 2454 3064 ablegat,
2479 2992 2745 3046 monitam
2767 2998 2827 3044 ut
2853 2988 2919 3043 ad
2942 2986 3111 3057 pedes
3141 2985 3304 3040 Boozi
3338 2984 3394 3037 in
3423 2998 3553 3037 arca

1986 3090 2314 3147 dormientis
2337 3087 2729 3158 procumbens.
2751 3097 3005 3139 somnum
3040 3090 3282 3150 caperet.
3327 3077 3554 3133 Obtem-

1987 3193 2143 3254 perat
2174 3182 2287 3237 illa.
2315 3179 2473 3248 Quod
2504 3179 2717 3234 Boozus
2741 3192 2867 3231 cum
2904 3174 3006 3229 sub
3038 3171 3275 3227 mediam
3333 3179 3554 3223 noctem

1988 3274 2274 3339 sensisset,
2295 3287 2416 3342 qua
2430 3277 2577 3327 esset
2597 3276 2786 3340 rogat;
2817 3282 2878 3320 re
2920 3264 3135 3333 cognita
3189 3271 3303 3317 tum
3330 3259 3555 3331 quidem

1987 3367 2263 3438 quiescit;
2294 3380 2456 3420 mane
2490 3372 2673 3418 autem
2717 3360 3008 3417 excitatam
3066 3357 3305 3412 Rutham
3351 3355 3420 3408 ad
3468 3368 3557 3407 so-

1911 3450 1956 3509 C
1987 3475 2143 3516 crum
2178 3459 2258 3513 ire
2281 3457 2440 3528 jubet
2474 3473 2487 3509 :
2516 3453 2660 3526 Ipse,
2686 3454 2884 3524 inquit.
2916 3448 3253 3520 interrogabo
3293 3463 3440 3509 eum,
3468 3447 3557 3515 qui

1991 3561 2066 3606 est
2098 3550 2192 3604 tibi
2210 3548 2471 3619 sanguine
2496 3546 2710 3616 prapior
2736 3544 2866 3614 :qui
2914 3543 2959 3598 si
2987 3550 3035 3595 te
3076 3540 3263 3594 ducere
3307 3539 3555 3599 voluerit,

1989 3642 2059 3697 ad
2105 3640 2259 3695 illum
2313 3650 2363 3693 te
2393 3638 2670 3707 conferas:
2712 3636 2794 3689 sin
2835 3633 3114 3695 recusarit,
3145 3629 3378 3699 legitima
3431 3627 3557 3680 mihi

1989 3732 2325 3795 conjuzeris.
2350 3729 2479 3786 Abit
2513 3726 2733 3788 mulier,
2778 3721 3031 3779 Noemidi
3086 3719 3312 3789 exponit
3339 3717 3548 3771 omnia.

1989 3826 2203 3880 Boozus
2230 3823 2468 3878 Rutbam
2496 3828 2553 3875 et
2580 3824 2873 3889 cognatum
2906 3815 3026 3884 ejus
3063 3811 3131 3866 ad
3164 3818 3416 3865 senatuin
3469 3825 3560 3864 ac~

1990 3916 2180 3979 ccrsit,
2230 3913 2393 3982 eique
2451 3910 2625 3964 dicit:
2668 3905 2983 3961 Abimelechi
3025 3903 3237 3974 cognati
3299 3902 3465 3957 nostri
3496 3907 3559 3953 ἐι

1990 4006 2225 4074 ﬁliorum
2255 4004 2367 4072 ejus
2418 4000 2777 4055 hwreditatem
2822 3994 3010 4050 tenes?
3059 3994 3377 4071 Aﬁirmante
3440 3990 3557 4051 illo,

1992 4106 2181 4152 tenere
2214 4106 2275 4149 se
2318 4093 2388 4148 ob
2441 4089 2907 4162 propinquitatem
2960 4101 3027 4141 ex
3070 4085 3229 4153 lege:
3262 4080 3379 4135 Non
3406 4095 3552 4148 ergo,

1993 4184 2195 4254 inquit,
2221 4198 2285 4237 ea;
2303 4182 2518 4237 semisse
2546 4176 2884 4233 observanda:
2910 4173 3017 4244 56
3040 4180 3160 4225 sunt
3185 4169 3340 4240 leges’,
3371 4166 3462 4221 sed
3505 4166 3559 4218 in

1993 4277 2230 4332 omnibus
2271 4274 2421 4327 rebus
2446 4271 2553 4325 illis
2595 4262 3105 4336 obtemperandum?
3162 4260 3343 4316 Restat
3398 4257 3563 4328 igitur

1994 4373 2051 4418 ut
2094 4361 2346 4417 Mallonis
2384 4357 2704 4415 Abimelechi
2761 4354 2863 4422 ﬁlii
2896 4367 3112 4406 uxorem
3153 4351 3340 4413 ducas,
3378 4357 3427 4400 et
3475 4361 3562 4397 co-

1994 4462 2155 4525 gnato
2183 4468 2358 4506 semen
2382 4451 2596 4505 excites.
2637 4449 2881 4502 Becusat
2928 4444 3044 4504 ille,
3088 4457 3154 4497 ac
3205 4441 3384 4495 Boozo
3448 4450 3558 4492 tam

1995 4542 2319 4601 inmeditate
2371 4555 2537 4611 quam
2589 4538 2822 4593 muliere
2877 4535 3041 4590 cedit.
3081 4534 3286 4596 Rutha,
3340 4537 3402 4586 ut
3442 4531 3562 4600 lege

1990 4639 2310 4712 jubebatur,
2342 4635 2522 4692 soluto
2548 4631 2646 4686 viri
2672 4631 2822 4685 illius
2844 4627 3053 4692 calceo,
3087 4627 3143 4682 in
3195 4625 3389 4680 faciem
3443 4624 3564 4692 ejus

1996 4732 2236 4802 exspuit,
2292 4729 2476 4798 itaque
2517 4726 2695 4780 Boozo
2740 4723 2918 4787 nubit,
2972 4729 3030 4775 et
3071 4719 3296 4774 ﬁliolum
3341 4715 3392 4770 ei
3424 4714 3566 4783 parit

1993 4823 2243 4882 Obedum
2295 4822 2619 4891 (servientem
2660 4816 2713 4871 id
2762 4831 2963 4871 nomen
3015 4808 3331 4882 signiﬁcat).
3374 4805 3565 4862 Obedo

1993 4915 2237 4972 nascitur
2271 4912 2524 4974 lessteus,
2561 4923 2738 4976 eoque
2765 4903 2960 4966 David,
3018 4902 3113 4973 qui
3135 4915 3362 4971 regnum
3387 4899 3564 4951 Israe-

1997 5008 2224 5063 litarum
2256 5002 2525 5067 obtinuit,
2554 5006 2612 5053 et
2645 4998 2773 5052 ﬁliis
2810 4996 2926 5051 suis
2972 4991 3266 5062 imperium
3326 4984 3567 5055 reliquit,

1999 5094 2066 5150 ad
2100 5107 2272 5165 genus
2291 5090 2528 5160 primum
2549 5096 2606 5142 et
2629 5084 2953 5140 vicesimum
3003 5084 3382 5150 propagatum.
3446 5073 3570 5127 Elio

1999 5162 2206 5248 autem,
2237 5180 2358 5252 qui,
2383 5186 2444 5234 ut
2472 5177 2735 5240 diximus,
2764 5173 3029 5244 populum
3055 5167 3417 5240 gubernabat,
3456 5162 3568 5252 duo

1998 5274 2155 5330 fuere
2187 5251 2305 5336 lilii,
2329 5269 2584 5326 homines
2618 5265 2835 5329 nefarii,
2871 5273 2927 5318 et
2955 5260 3104 5318 omni
3145 5271 3347 5331 genere
3392 5251 3569 5307 scele-

2004 5382 2125 5421 rum
2177 5361 2443 5433 cooperti,
2490 5351 2700 5428 Opbnis
2722 5363 2779 5410 et
2813 5353 3102 5409 Phinees:
3153 5362 3331 5417 neque
3382 5349 3566 5433 pater-

1940 5439 1954 5453 ’
2002 5459 2089 5514 nis
2132 5456 2355 5510 monitis
2415 5451 2717 5523 quidquam
2781 5446 3166 5502 movebantur.
3214 5438 3421 5493 Horum
3463 5428 3570 5484 ini-

2001 5544 2197 5617 quitati
2222 5545 2397 5597 iratus
2419 5541 2588 5604 Deus,
2613 5554 2713 5608 per
2743 5536 3055 5593 Samuelem
3083 5542 3317 5603 puerum
3357 5524 3564 5585 adhuc,

1999 5616 2123 5693 Elio
2156 5632 2429 5706 signiﬁcat
2453 5631 2638 5687 clades
2667 5630 2771 5701 ipsi
2798 5627 3100 5694 liberisque
3128 5630 3185 5677 et
3208 5617 3397 5675 domui
3445 5616 3569 5688 ejus

1997 5728 2369 5785 imminentes.
2399 5724 2530 5779 Erat
2549 5732 2729 5777 autem
2754 5717 2973 5774 Samuel
3024 5713 3125 5766 viri
3185 5709 3388 5765 Levila:
3437 5708 3568 5763 Hel-

2000 5835 2150 5876 cana:
2170 5812 2334 5883 ﬁlius’,
2364 5816 2457 5886 qui
2486 5815 2624 5870 duas
2668 5808 2903 5866 liabebal
2964 5820 3183 5871 uxores,
3239 5800 3452 5857 Annum
3507 5806 3564 5852 ct
