4070 6214
383 368 488 431 123
1676 375 2002 436 JOANNIS
2041 372 2366 433 ZONABIE
3526 365 3628 428 124

381 487 739 543 Phenannam
768 505 783 542 :
813 503 1044 556 quarum
1078 487 1193 542 haec
1220 487 1425 541 liberos
1457 504 1520 542 ex
1550 489 1782 546 lieleana
1821 505 1946 544 sus-

2068 501 2234 550 ι.ευσε,
2285 485 2379 538 καὶ
2408 486 2520 546 τοῖς
2545 481 2739 536 ἑαυτοῦ
2797 480 2953 535 παισὶ
2989 479 3244 533 κατέλιπε
3297 479 3396 548 τὴν
3428 495 3629 551 αρχην,

379 589 626 647 ceperat,
659 581 813 634 Anna
836 596 943 633 non
975 588 1286 649 pepererat.
1331 579 1462 634 Viro
1522 579 1763 634 Silonem
1819 596 1946 634 cum

2068 581 2140 632 ,πὶ
2161 580 2332 632 εἰκοσι
2362 576 2553 642 γενεάς
2584 575 2718 644 πρὸς
2747 575 2845 644 μιᾷ
2865 571 3247 642 διαρκέσασαν.
3282 571 3431 624 Ἠλεὶ
3456 572 3512 624 δὲ
3537 571 3630 625 τοῦ

382 671 650 724 uxoribus
687 672 955 739 profecto,
995 686 1120 724 cum
1174 672 1412 740 peractis
1467 671 1660 735 sacris,
1709 673 1947 727 convivii

2068 667 2381 738 ίιρχιερέως.
2429 665 2504 727 ὡς
2536 665 2636 734 ἢδη
2665 664 2968 734 ίστόρηται,
3000 661 3092 741 τὸν
3124 661 3251 714 λαὸν
3279 663 3524 727 ἄγοντος,
3576 664 3630 714 oi.

379 771 596 829 tempus
639 761 876 822 adesset,
910 775 974 814 ac
1022 761 1332 815 Pbenenna:
1387 759 1547 814 liberi
1589 760 1948 816 assiderent:

380 851 534 905 Anna
563 850 856 904 orbitatem
889 867 1044 906 suam
1077 850 1348 920 deplorat,
1383 860 1439 906 et
1477 866 1709 920 propere
1765 852 1950 906 taber-

384 941 644 993 naculum
669 941 886 994 Domini
936 940 1204 1008 ingressa,
1246 940 1418 994 Deum
1473 948 1596 993 orat
1647 949 1704 993 ut
1747 940 1953 994 liberos

384 1033 488 1086 sibi
519 1032 631 1093 det.
669 1033 1096 1102 primogenitum
1141 1049 1200 1090 se
1256 1031 1366 1087 Deo
1389 1040 1830 1086 consecraturam
1856 1046 1954 1084 vo-

381 1132 492 1179 vet.
526 1125 663 1177 Dum
695 1125 951 1193 precibus
1015 1125 1362 1187 immoratur,
1403 1123 1552 1178 Elius
1614 1137 1713 1191 pro
1779 1121 1957 1176 taber-

384 1214 583 1269 naculo
607 1215 823 1279 sedens,
854 1215 1062 1270 ebriam
1089 1227 1260 1281 ratus,
1294 1231 1415 1270 eam
1443 1213 1735 1269 discedere
1777 1210 1951 1284 jubet.

383 1308 453 1358 At
483 1306 572 1360 illa
611 1305 836 1375 :.\'eque
865 1309 1061 1371 vinum,
1099 1307 1298 1376 inquit,
1335 1307 1460 1367 bibi.
1505 1305 1741 1366 domine,
1791 1321 1957 1374 neque

387 1395 534 1448 aliud
555 1396 841 1465 quidquam
875 1398 1013 1466 quod
1051 1399 1270 1471 inebriet
1309 1414 1326 1451 :
1368 1399 1458 1451 sed
1501 1396 1678 1450 dolore
1717 1397 1956 1466 orbitatis

387 1487 716 1539 contabesco.
741 1485 878 1539 Tum
912 1488 1219 1542 sacerdos:
1285 1489 1401 1551 Abi,
1454 1491 1654 1555 inquit,
1704 1508 1765 1544 uc
1815 1490 1956 1544 Deus

387 1588 437 1630 te
458 1579 562 1631 voti
591 1589 875 1646 compotem
910 1579 1117 1631 reddat.
1150 1580 1379 1635 Domum
1419 1597 1643 1636 reversa
1669 1598 1794 1637 cum
1842 1598 1958 1636 ma-

387 1669 516 1732 rito.
547 1669 812 1738 concipit,
846 1679 905 1724 et
944 1669 1255 1724 Samuelem
1310 1671 1473 1740 parit,
1513 1686 1678 1740 quem
1716 1670 1953 1741 Deopta-

387 1768 502 1812 tum
537 1760 722 1829 possis
755 1759 963 1814 dicere.
994 1760 1236 1816 Puerum
1260 1762 1371 1831 jam
1403 1763 1854 1832 grandiusculum
1890 1779 1956 1818 ex

385 1859 517 1903 voto
570 1849 636 1904 ad
691 1849 874 1904 Elium
924 1850 1094 1916 ducit,
1147 1851 1257 1907 Deo
1296 1853 1667 1916 educandum,
1718 1855 1956 1910 alentem

388 1955 624 1999 comam.
651 1941 702 1992 in
723 1940 839 1994 aede
861 1941 1028 1994 vitam
1054 1942 1367 2012 degentem,
1391 1953 1445 1998 et
1469 1959 1623 2014 aqua:
1645 1955 1772 2013 potu
1798 1953 1960 1998 uten-

389 2038 521 2085 tem.
577 2031 627 2084 ls
682 2030 972 2086 duodecim
1024 2044 1187 2088 natus
1241 2048 1436 2099 annos,
1479 2035 1842 2088 vaticinatur.
1897 2034 1973 2087 Et.

387 2119 623 2188 quodam
660 2128 906 2190 tempore
929 2122 1237 2187 dormiens,
1271 2125 1597 2179 nominatim
1639 2141 1669 2179 a
1713 2126 1825 2180 Deo
1869 2140 1962 2178 vo-

389 2221 568 2272 catus.
594 2210 1001 2280 ad'pontiiicem
1032 2215 1248 2269 accedit
1295 2216 1452 2285 quasi
1505 2217 1575 2270 ab
1619 2231 1685 2270 eo
1735 2225 1962 2271 vocatus

388 2308 574 2366 esset;
614 2299 782 2368 idque
831 2308 916 2356 ter
959 2302 1214 2373 contigit.
1266 2303 1403 2356 Tum
1451 2301 1604 2358 Elius
1650 2304 1961 2374 intelligens

389 2391 635 2446 divinam
661 2407 782 2447 esse
803 2394 1150 2449 vocationem
1171 2434 1186 2459 ,
1217 2393 1524 2449 Samuelem
1552 2395 1730 2466 jubet,
1761 2395 1805 2450 si
1851 2397 1959 2450 ite-

389 2497 511 2536 rum
535 2490 763 2537 vocetur
819 2483 1001 2538 dicere
1033 2501 1047 2539 :
1081 2484 1160 2538 En
1192 2487 1398 2545 adsum.
1426 2483 1664 2539 Domine.
1687 2485 1824 2540 Cum
1883 2488 1959 2541 ita

388 2574 610 2630 fecisset
635 2591 795 2646 puer,
832 2576 910 2630 ait
928 2577 980 2631 ei
1021 2576 1068 2632 is
1095 2577 1188 2647 qui
1233 2585 1476 2641 vocarat,
1534 2593 1784 2648 magnam
1845 2578 1958 2633 cla-

391 2665 515 2720 dem
549 2665 806 2722 lsraelitis
833 2667 1141 2730 imminere,
1177 2667 1282 2722 Elii
1315 2666 1460 2723 illios
1494 2684 1607 2723 una
1657 2669 1957 2738 perituros,

392 2753 497 2822 57
528 2762 582 2808 et
603 2755 971 2810 sacerdotium
997 2757 1052 2810 in
1091 2756 1337 2812 Eleazari
1381 2757 1643 2813 familiam
1694 2760 1957 2813 transitu-

391 2857 537 2896 rum.
611 2843 687 2896 Ea
749 2844 914 2899 verba
985 2861 1110 2900 cum
1149 2846 1423 2900 sacerdoti
1479 2845 1700 2902 Samuel
1751 2847 1958 2902 referre

389 2934 586 2996 nollet,
622 2934 840 2990 tandem
865 2937 1228 3008 jurejurando
1260 2938 1508 3003 adactus,
1536 2939 1721 2994 omnia
1763 2953 1955 3009 quem-

389 3024 690 3078 admodum
726 3026 998 3090 audierat,
1029 3033 1302 3081 recenset.

2048 760 2142 812 δύο
2176 758 2280 810 υίοὶ
2311 755 2476 810 αὐτοῦ
2499 755 2653 823 ὐφνὶ
2683 754 2777 806 καὶ
2801 753 2984 814 Φινεὲς
3015 752 3259 821 ὑπῆρχον
3294 750 3494 822 λοιμοὶ,
3519 748 3629 806 ’πα-

2056 847 2417 917 ρανομοῦντες
2452 846 2508 898 ἐν
2543 846 2734 907 ᾶπασι,
2790 846 2884 897 καὶ
2941 843 3333 912 παραινοῦντος
3385 843 3480 895 τοῦ
3522 861 3631 897 πα-

2051 941 2178 1008 τρὸς
2209 940 2393 1002 αὐτοῖς
2422 939 2496 1008 μὴ
2523 938 2994 1007 ἐπιστρεφόμενοι.
3028 937 3085 988 Ὀ
3113 935 3168 988 δὲ
3191 936 3322 998 Θεὸς
3353 937 3631 1004 ὀργισθεὶς

2051 1031 2139 1083 διὰ
2171 1031 2268 1094 τὰς
2301 1030 2525 1082 ἐκείνων
2579 1028 2952 1097 παρανομίας,
3005 1027 3092 1079 διὰ
3120 1026 3214 1079 τοῦ
3247 1027 3497 1098 Σαμουὴλ
3547 1031 3629 1080 ἔτι

2054 1121 2239 1182 παιδὸς
2274 1121 2425 1184 ὄντος
2456 1121 2722 1192 δεδήλωκε
2742 1120 2820 1189 τῷ
2854 1120 3025 1183 Ἠλεὶ,
3069 1120 3212 1187 άπερ
3233 1119 3394 1180 αὐτός
3427 1137 3486 1171 τε
3535 1119 3635 1171 καὶ

2055 1213 2105 1266 οἱ
2145 1199 2334 1275 παῖδες
2364 1214 2460 1266 καὶ
2507 1213 2534 1264 ὁ
2559 1207 2707 1274 οἶκος
2743 1210 2908 1263 αὑτοῦ
2944 1209 3243 1262 πείσονται.
3275 1209 3532 1278 Σαμουὴλ
3575 1211 3634 1261 δὲ

2065 1303 2300 1356 Ἐλκανᾶ
2327 1305 2552 1357 Λευΐτου
2588 1303 2779 1374 ἀνδρὸς
2814 1302 3074 1374 ἐτύγχανε
3107 1303 3235 1360 παῖς
3265 1294 3308 1369 ᾧ
3342 1300 3623 1371 συνῴκουν

2054 1394 2230 1446 διτταὶ
2252 1395 2510 1464 γαμεταὶ,
2545 1386 2618 1446 ὧν
2642 1396 2706 1464 τῇ
2732 1395 2828 1461 μὲν
2852 1393 3036 1458 Ἀννα,
3059 1397 3124 1464 τῇ
3148 1393 3204 1445 δὲ
3222 1393 3462 1447 Φενάννα
3483 1391 3631 1461 ἦντὰ

2057 1485 2317 1553 ὀνόματα.
2350 1486 2460 1537 Kal
2488 1487 2556 1555 τῇ
2593 1485 2690 1553 μὲν
2718 1485 2903 1548 παῖδες
2929 1481 3069 1555 ἦσαν
3111 1487 3170 1550 ἐξ
3208 1483 3475 1549 Ἐλκανᾶ,
3505 1487 3538 1554 ή
3576 1486 3635 1536 δὲ

2069 1576 2227 1627 Ἀννα
2286 1574 2504 1645 ὴμοίρει
2559 1575 2743 1645 γονῆς.
2780 1575 3138 1644 Ἀφικομένου
3191 1575 3247 1628 δὲ
3297 1575 3393 1628 τοῦ
3443 1576 3636 1644 ἀνδρὸς

2063 1669 2200 1734 μετὰ
2221 1665 2328 1719 τῶν
2345 1665 2622 1734 γυναικῶν
2649 1667 2851 1734 ἀμφοῖν
2879 1667 2956 1728 είς
2982 1665 3189 1736 Σηλὼν,
3222 1669 3316 1720 καὶ
3346 1667 3634 1731 θύσαντος,

2061 1757 2182 1810 ἐπεὶ
2219 1757 2409 1828 καιρὸς
2439 1752 2507 1828 ἦν
2538 1757 2789 1828 εὐωχίας,
2827 1759 2920 1810 καὶ
2957 1761 3022 1829 τῇ
3076 1760 3319 1831 Φενάννᾳ
3352 1761 3401 1812 oi
3446 1760 3636 1819 παῖδες

2059 1848 2228 1915 αὐτῆς
2263 1847 2630 1918 συνεκάθηντο
2651 1864 2664 1876 ·
2699 1848 2782 1900 ὅτι
2835 1850 2868 1917 ἡ
2895 1849 3060 1902 Ἀννα
3097 1851 3400 1918 μεμόνωτο,
3437 1851 3637 1918 ἑαυτὴν

2057 1937 2410 2001 ἀπεκλαίετο,
2439 1938 2532 1990 xal
2558 1938 2638 2000 είς
2658 1937 2756 2008 τὴν
2797 1939 3001 2009 σκηνὴν
3026 1939 3119 1991 τοῦ
3147 1939 3284 1992 Θεοῦ
3323 1939 3635 2012 δραμοῦσα,

2059 2026 2238 2079 ἐδέετο
2271 2027 2363 2079 τοῦ
2394 2027 2594 2097 Κυρίου
2620 2029 2782 2096 γονὴν
2819 2030 2957 2099 αὐτῇ
2989 2031 3315 2101 παρασχεῖν.
3367 2029 3642 2099 εὐξαμένη

2061 2117 2421 2188 καθιερώσειν
2451 2119 2568 2188 Θεῷ
2598 2121 2661 2172 τὸ
2702 2121 3069 2189 πρωτότοκον.
3096 2120 3470 2192 Χρονιζούσης
3504 2121 3558 2174 δὲ
3587 2125 3644 2173 ἐν

2059 2208 2177 2270 ταῖς
2205 2208 2414 2276 εὐχαῖς,
2442 2207 2547 2280 πρὸ
2580 2210 2678 2278 τῆς
2709 2209 2918 2279 σκηνῆς
2967 2209 3113 2263 Ἠλεὶ
3150 2211 3533 2280 καθεζόμενος,
3563 2213 3641 2274 ώς

2063 2295 2369 2366 μεθύουσαν
2409 2298 2578 2366 αὐτὴν
2615 2299 2898 2366 ὲλογίσατό
2928 2317 2985 2351 τε
3022 2301 3114 2352 καὶ
3145 2301 3532 2370 ἀπεπέμπετο.
3575 2302 3642 2354 'H

2056 2389 2134 2454 δὲ,
2161 2391 2284 2444 Οὐκ
2315 2386 2504 2454 οἶνον,
2535 2390 2677 2459 ἔφη,
2733 2391 3000 2454 πέπτωκα,
3037 2390 3180 2444 οὐδὲ
3202 2391 3504 2460 μέθυσμα,
3535 2393 3645 2444 κύ-

2051 2497 2147 2549 ριε
2171 2498 2187 2514 ο
2224 2480 2386 2535 ἀλλὰ
2432 2481 2776 2548 κατώδυνος
2813 2477 2972 2537 οὖσα
3005 2483 3080 2536 δι’
3141 2482 3448 2549 ἀπαιδίαν,
3487 2483 3649 2536 ἐθιτέ·
3759 2545 3766 2550 _

2055 2589 2230 2640 τηκα.
2286 2574 2397 2627 Καὶ
2458 2575 2485 2626 ὁ
2541 2573 2744 2644 ἱερεὺς,
2779 2575 3069 2642 Πορεύου,
3129 2567 3282 2627 εἶπεν
3322 2575 3484 2645 αὐτῇ,
3550 2575 3648 2627 καί

2063 2663 2183 2732 δῴη
2213 2681 2316 2719 σοι
2354 2665 2421 2718 τὸ
2458 2664 2685 2734 αἴτημα
2719 2668 2752 2720 ό
2783 2667 2946 2732 Θεός.
3009 2664 3432 2737 Ὑποστρέψασα
3462 2666 3518 2718 δὲ
3551 2667 3650 2719 σὺν

2062 2755 2141 2826 τῷ
2165 2756 2320 2828 ἀνδρ¹ι¹
2367 2756 2576 2824 οἴκαδε,
2632 2756 3022 2828 συλλαμϐάνει,
3074 2756 3170 2812 καὶ⁵
3205 2758 3387 2811 τίκτει
3416 2758 3509 2810 τὸν
3547 2758 3652 2808 Xa-

2065 2848 2257 2918 μουὴλ,
2307 2847 2590 2918 θεαίτητον
2618 2847 2683 2901 ἄν
2712 2865 2793 2910 τις
2821 2848 2989 2906 εἴποι.
3043 2847 3430 2919 Ἀδρυνθέντος
3461 2849 3516 2901 δὲ
3549 2848 3644 2899 τοῦ

2059 2939 2251 3002 παιδὸς
2280 2940 2546 3009 προσάγει
2576 2940 2738 2992 αὐτὸν
2767 2939 2842 3010 τῷ
2877 2939 3026 2993 Ἠλεὶ
3057 2940 3199 2992 κατὰ
3228 2938 3328 3009 τὴν
3352 2941 3518 3008 εὐχὴν
3551 2941 3653 2990 αἰ.-

2055 3030 2157 3101 τῆς
2182 3028 2259 3099 τῷ
2299 3028 2418 3098 Θεῷ
2450 3029 2884 3099 τραφησόμενον,
2919 3029 3097 3101 κόμην
3120 3045 3181 3082 τε
3222 3029 3507 3100 τρέφοντα,
3537 3034 3637 3082 καὶ

392 3121 450 3169 ἐν
478 3114 555 3185 τῷ
608 3117 737 3187 ἱερῷ
765 3117 1139 3187 διαιτώμενον,
1183 3117 1274 3170 καὶ
1305 3117 1458 3172 ὕδατι
1512 3119 1854 3188 κεχρημένον
1883 3120 1962 3181 εἰς
2001 3119 2180 3176 πόσιν.
2247 3121 2388 3191 Ἤδη
2414 3120 2470 3173 δὲ
2503 3119 2841 3189 δωδεκαέτης
2869 3122 3177 3190 γενόμενος,
3228 3121 3636 3193 προεφήτευσε-

391 3204 503 3286 {Cal
538 3223 668 3259 ποτε
708 3207 1053 3276 κοιμώμενον
1090 3208 1273 3274 αὐτὸν,
1304 3207 1363 3273 ἐξ
1410 3207 1677 3278 ὀνόματος
1705 3208 1962 3262 ἐκάλεσεν
1999 3210 2028 3262 ὁ
2093 3211 2241 3275 Θεός.
2305 3212 2366 3266 '0
2401 3211 2461 3266 δὲ
2526 3212 2603 3283 τῷ
2641 3214 2889 3284 ἀρχιερεῖ
2940 3214 3367 3286 προσελήλυθεν,
3419 3214 3494 3278 ώς
3547 3213 3645 3267 ὑπ’

394 3277 604 3352 ὲκείνου
626 3299 766 3370 τάχα
803 3300 1160 3370 καλούμενος.
1195 3303 1305 3356 Kal
1333 3301 1494 3355 τοῦτο
1511 3277 1813 3371 Ῠτρισσάκις
1843 3303 2079 3372 ἐγένετο.
2141 3304 2292 3358 Ἠλεὶ
2355 3305 2415 3358 δὲ
2453 3277 2634 3370 συνεὶς
2681 3277 2872 3361 θεόθεν
2920 3277 3060 3361 εῖναι
3123 3277 3224 3376 την
3267 3277 3478 3376 κλῆσιν,
3535 3306 3643 3376 ἔφη

392 3392 471 3463 τῷ
501 3392 756 3462 Σαμουήλ
777 3407 790 3421 ·
822 3392 885 3444 Et
919 3392 999 3444 ἔτι
1030 3393 1258 3463 κληθῇς,
1285 3394 1405 3447 εἰπὲ
1442 3395 1621 3460 Ἰδοὺ,
1657 3393 1793 3464 ἐγὼ,
1825 3395 2021 3462 Κύριε.
2062 3395 2217 3450 Οὕτω
2255 3398 2311 3450 δὲ
2334 3398 2662 3468 ποιήσαντος
2692 3397 2785 3452 τοῦ
2823 3397 3033 3465 παιδὸς,
3065 3397 3168 3470 ἔφη
3210 3397 3360 3467 αὐτῷ
3389 3399 3416 3450 δ
3441 3397 3647 3457 καλῶν.

395 3483 684 3555 συμφοράν
737 3483 957 3539 ἔσεσθαι
1005 3489 1118 3550 τοῖς
1150 3487 1515 3558 Ἰσραηλίταις
1567 3487 1816 3558 βαρείαν,
1871 3487 1966 3541 καὶ
2005 3489 2132 3554 τοὺς
2191 3489 2341 3544 Ἠλεὶ
2390 3491 2585 3553 παῖδας
2619 3489 2738 3560 ἅμα
2805 3489 3185 3562 τεθνήξεσθαι,
3218 3491 3315 3546 καὶ
3347 3491 3448 3563 τὴν
3480 3493 3646 3562 ἱερω-

396 3575 566 3647 σύνην
593 3579 674 3640 είς
701 3577 796 3630 τὸν
850 3572 999 3632 οἷκον
1028 3579 1123 3632 τοῦ
1152 3578 1416 3651 Ἐλεάζαρ
1457 3581 1812 3649 μεταπεσεῖν.
1852 3580 1967 3634 Οὐκ
2005 3581 2165 3651 ἡθελε
2228 3582 2285 3636 δὲ
2322 3584 2451 3646 τοὺς
2489 3581 2683 3651 λόγους
2744 3583 2772 3635 ὁ
2797 3581 3054 3656 Σαμουὴλ
3109 3585 3345 3655 ἐκφῆναι
3383 3586 3460 3656 τῷ
3483 3587 3642 3656 ίερεῖ.

398 3665 624 3740 ὐρκοις
658 3669 704 3722 δ’
749 3670 1085 3745 ἐκϐιασθεὶς,
1140 3671 1446 3741 ἀπήγγειλε
1480 3673 1658 3726 πάντα
1713 3673 1969 3745 καθάπερ
2007 3675 2270 3747 ἀκήκοεν.

468 3765 658 3820 XXVI.
709 3765 916 3819 Dehinc
960 3765 1231 3820 Palaestini
1271 3765 1475 3820 bellum
1515 3766 1778 3821 Israelitis
1822 3767 1964 3821 inl‘e-

2141 3767 2287 3836 Kq".
2332 3767 2613 3828 Ἐντεῦθεν
2683 3769 3036 3824 Παλαιστινοὶ
3065 3771 3211 3824 κατὰ
3237 3771 3347 3831 τῶν
3381 3771 3655 3842 Ἰσραηλι-

395 3868 604 3920 rentes,
636 3873 817 3928 pugna
847 3857 1164 3928 superiores
1209 3856 1470 3911 evadunt.
1508 3859 1751 3926 Populus
1773 3872 1958 3912 arcam

395 3949 647 4006 subsidio
688 3948 818 4004 ferri
860 3951 1123 4017 postulat.
1162 3949 1321 4004 Missa
1372 3950 1461 4003 illa
1493 3965 1616 4004 cum
1659 3949 1765 4004 Elii
1818 3947 1968 4012 ﬁliis,

396 4043 809 4112 redintegratur
835 4043 1115 4111 praelium,
1152 4041 1458 4096 funduntur
1489 4041 1727 4106 Hebraei,
1761 4040 1828 4094 ad
1865 4040 1970 4094 tri-

395 4135 542 4201 ginta
571 4133 737 4189 millia
773 4134 996 4196 cadunt,
1039 4131 1182 4186 inter
1217 4147 1356 4201 quos
1404 4141 1458 4185 et
1497 4131 1590 4184 lilii
1635 4130 1918 4200 pontiﬁcis
1944 4169 1959 4195 ,

396 4239 522 4277 arca
563 4225 691 4278 item
720 4224 776 4277 in
807 4222 1049 4278 hostium
1081 4231 1404 4292 potestatem
1432 4222 1603 4276 venit.
1634 4222 1790 4277 Elius
1831 4237 1972 4292 pon-

399 4313 552 4378 tifex,
584 4316 680 4384 qui
709 4315 762 4368 in
788 4315 1008 4370 sublimi
1034 4314 1166 4369 sella
1193 4315 1430 4379 sederet,
1462 4324 1642 4384 strage
1669 4314 1969 4381 exercitus,

397 4417 453 4461 et
482 4409 629 4463 caede
656 4409 914 4473 ﬁliorum,
939 4425 1188 4479 arcaeque
1220 4410 1536 4481 captivitate
1567 4411 1783 4480 cognita
1803 4449 1817 4474 ,
1850 4425 1966 4480 prie

398 4517 636 4556 mmrore
681 4503 749 4556 de
794 4503 926 4556 sella
977 4503 1236 4572 delapsus
1275 4503 1532 4567 moritur,
1575 4518 1749 4558 annos
1794 4517 1971 4557 nona-

398 4593 547 4666 ginta
593 4603 777 4655 natus,
823 4608 945 4646 cum
984 4595 1344 4662 quadraginta
1396 4594 1598 4662 populo
1641 4593 1968 4662 prmiuisset.

399 4683 739 4753 Alienigena:
765 4699 946 4738 arcam
981 4684 1036 4737 in
1068 4684 1262 4738 urbem
1290 4684 1519 4736 Azotum
1551 4683 1839 4753 perlatam,
1865 4682 1972 4737 Da-

400 4775 533 4847 goni
593 4774 696 4843 (sic
751 4773 914 4828 deum
971 4789 1132 4829 suum
1183 4773 1560 4843 appellabant)
1618 4783 1968 4828 consecrant.

403 4865 559 4918 Mane
595 4863 649 4916 in
694 4863 928 4934 Dagonis
950 4863 1122 4917 aedem
1155 4862 1384 4934 ingressi
1408 4903 1424 4928 ,
1459 4863 1812 4919 simulacrum
1846 4874 1972 4918 ante

402 4969 586 5008 arcam
619 4954 768 5007 humi
795 4955 1097 5025 projectum
1121 4964 1468 5024 repererunt,
1497 4953 1664 5024 idque
1691 4955 1966 5008 sublatura

407 5047 463 5100 in
507 5060 661 5099 suam
695 5045 867 5100 basim
918 5045 1237 5101 restituunt.
1279 5045 1353 5102 Ut
1397 5054 1580 5102 autem
1623 5047 1729 5100 hoc
1772 5047 1972 5118 sa’pius

405 5133 611 5191 factum
655 5132 1108 5202 deprehendunt,
1144 5142 1200 5188 et
1243 5143 1475 5189 statuam
1515 5136 1734 5207 quoties
1767 5139 1976 5192 crexis-
2007 5119 2054 5178 D

405 5233 549 5290 sent,
579 5225 741 5279 toties
763 5234 889 5279 ante
921 5240 1105 5279 arcam
1134 5224 1414 5281 adorantis
1447 5228 1632 5296 specie
1671 5229 1971 5298 projectam

404 5315 762 5386 reperissent,
791 5316 1223 5387 obstupescunt,
1251 5317 1565 5373 dubitantes
1596 5319 1728 5389 quid
1770 5321 1846 5374 rei
1883 5337 1973 5375 es-

405 5418 507 5462 set.
541 5407 619 5463 Ex
645 5408 751 5463 hoc
778 5409 1094 5464 Azotiorum
1129 5409 1319 5463 urbem
1345 5419 1401 5463 et
1429 5425 1621 5479 agrum
1662 5411 1781 5465 lues
1823 5412 1973 5466 inva-

408 5498 486 5552 dit
513 5515 530 5554 :
556 5513 678 5552 nam
705 5509 760 5554 et
793 5499 1042 5554 homines
1063 5501 1205 5555 circa
1235 5500 1418 5555 sedem
1448 5501 1700 5556 laborare
1753 5502 1974 5572 (dysen-

411 5591 602 5644 teriam
641 5591 808 5647 fuisse
839 5593 918 5646 ait
947 5590 1240 5662 Iosephus)
1273 5601 1328 5648 et
1365 5593 1502 5647 mori
1549 5594 1858 5662 complures
1900 5594 1976 5648 ci-

413 5692 510 5732 ves
553 5689 608 5733 et
671 5698 856 5737 mures
912 5698 943 5738 c
987 5695 1134 5738 terra
1165 5683 1338 5738 exorti
1391 5700 1580 5753 agrum
1615 5700 1831 5740 omnem
1881 5702 1974 5740 va-

421 5773 588 5822 stare.
615 5768 749 5829 Sero
790 5771 1008 5828 demum
1040 5788 1223 5828 arcam
1260 5773 1361 5827 sibi
1394 5774 1660 5830 malorum
1695 5790 1812 5830 esse
1849 5791 1949 5829 cau

2076 3860 2184 3916 τῶν
2211 3861 2654 3932 ὲκστρατεύουσι,
2684 3863 2777 3914 καὶ
2810 3857 2951 3932 ἦσαν
2980 3851 3220 3934 τῇ’μάχῃ
3248 3863 3647 3934 ἐπικρατέστε-

2080 3969 2186 4024 ροι.
2225 3951 2284 4004 '0
2307 3950 2364 4005 δὲ
2397 3951 2520 4015 λαὸς
2549 3951 2878 4022 κομισθῆναι
2904 3952 3003 4024 τὴν
3031 3952 3277 4005 Κιϐωτὸν
3307 3952 3551 4008 αἰτοῦσιν
3570 3959 3655 4020 είς

2076 4045 2320 4115 ἀρωγήν.
2349 4044 2700 4112 Πεμφθείσης
2725 4043 2770 4096 δ’
2798 4045 2979 4097 ἐκεῖσε
3005 4044 3104 4114 τῆς
3136 4043 3370 4098 κιϐωτοῦ
3407 4062 3504 4098 συν
3535 4047 3654 4110 τοῖς

2076 4137 2211 4197 υἱοῖς
2255 4134 2348 4188 τοῦ
2406 4135 2577 4198 Ἠλεὶ,
2619 4136 3029 4206 συγκεκρότητο
3071 4137 3380 4207 palm-zeal
3419 4137 3655 4208 ἥττηντο

2077 4228 2127 4280 οί
2162 4225 2425 4297 Ἑϐραῖοι.
2461 4228 2705 4280 Ἐπεσον
2729 4227 2787 4280 δὲ
2838 4227 2973 4280 ώσεὶ
2998 4228 3334 4300 τρισμύριοι,
3355 4229 3452 4282 καὶ⁵
3479 4229 3529 4283 οί
3552 4228 3651 4284 τοῦ

2075 4317 2373 4388 ἀρχιερέως
2395 4317 2520 4382 υἱοὶ,
2546 4318 2637 4370 καὶ
2658 4318 2691 4386 ή
2715 4317 2942 4378 κίϐωτος,
2967 4317 3178 4388 ἐλήφθη
3202 4318 3317 4382 τοῖς
3343 4317 3650 4389 πολεμίοις.

2089 4411 2236 4465 Ἠλεὶ
2281 4410 2337 4463 δὲ
2381 4410 2409 4461 ὁ
2447 4409 2738 4480 ἀρχιερεὺς
2781 4408 2868 4478 ἐφ’
2902 4409 3107 4479 ὑψηλοῦ
3145 4409 3388 4480 καθῆστο
3428 4411 3649 4480 δίφρου,

2077 4504 2169 4556 καὶ
2187 4501 2373 4574 μαθὼν
2388 4503 2455 4556 τὰ
2471 4501 2573 4570 τῆς
2591 4501 2790 4571 μάχης,
2808 4503 2904 4554 καὶ
2923 4502 3022 4571 τὴν
3037 4500 3250 4572 σφαγὴν
3263 4502 3370 4555 τῶν
3383 4503 3534 4571 υίῶν,
3554 4505 3656 4558 xal

2076 4594 2173 4666 τὴν
2219 4592 2600 4663 αἰχμαλωσίαν
2635 4595 2733 4662 τῆς
2783 4591 3042 4658 κιϐωτοῦ,
3083 4593 3489 4664 περιαλγήσας,
3529 4593 3655 4660 ἑξέ-

2078 4704 2211 4740 πεσε
2256 4685 2347 4738 τοῦ
2367 4685 2576 4756 θρόνου,
2608 4683 2701 4737 καὶ
2722 4683 3466 4756 τέθνηκεν,ὲνινηκοντούτης
3495 4688 3654 4754 γενό-

2079 4781 2278 4849 μενοςτ,
2341 4778 2757 4847 τεσσαράκοντα
2820 4776 2878 4830 δὲ
2935 4777 3141 4830 τούτων
3201 4779 3484 4841 ἐνιαυτοὺς
3556 4777 3652 4832 τοῦ

2089 4870 2306 4940 Ἰσραὴλ
2349 4871 2718 4940 ἡγησάμενος.
2749 4866 2816 4923 Οἱ
2858 4867 2916 4920 δὲ
2961 4867 3250 4937 ἀλλόφυλοι
3284 4871 3366 4930 είς
3414 4866 3654 4932 Ἀζώτον

2079 4959 2238 5013 πόλιν
2280 4960 2665 5026 ἀπαγαγόντες
2707 4957 2807 5027 τὴν
2854 4955 3107 5020 κιϐωτὸν,
3143 4956 3221 5027 τῷ
3259 4957 3452 5024 Δαγὼν
3491 4958 3659 5024 (οὕτω

2079 5049 2188 5120 γὰρ
2218 5049 2311 5102 τὸν
2344 5047 2555 5100 ἑαυτῶν
2588 5045 2816 5100 ὲκάλουν
2847 5043 3001 5114 Θεὸν)
3033 5043 3306 5099 ἀνέθεντο.
3346 5045 3556 5098 Ἕωθεν
3596 5047 3658 5099 δὲ

2083 5143 2162 5204 είς
2198 5141 2288 5196 τὸν
2317 5138 2466 5194 οἷκον
2496 5137 2686 5203 Δαγὼν
2725 5136 3080 5204 εἰσελθόντες,
3116 5133 3274 5208 εὗρον
3308 5139 3564 5209 κείμενον
3595 5140 3661 5193 τὸ

2083 5235 2271 5302 ξόανον
2315 5232 2545 5286 ἐνώπιον
2585 5232 2684 5300 τῆς
2733 5228 2972 5283 κιϐωτοῦ
3000 5229 3093 5281 ἐπὶ
3116 5231 3239 5300 γῆς.
3271 5230 3382 5284 Καὶ
3410 5231 3654 5302 ἀναστή-

2085 5343 2278 5388 σαντες
2305 5325 2456 5388 αὐτὸ,
2483 5324 2576 5376 ἐπὶ
2604 5323 2702 5387 τῆς
2731 5321 3003 5392 προτέρας
3026 5321 3263 5391 ἔστησαν
3291 5321 3521 5391 βάσεως.
3563 5322 3655 5386 Ὠς

2088 5395 2144 5468 δὲ
2182 5415 2441 5484 συχνάκις
2472 5407 2630 5482 εὗρον
2653 5411 2810 5464 τοῦτο
2831 5412 3135 5478 γινόμενον,
3166 5410 3260 5464 καὶ
3299 5410 3557 5472 πολλάκις
3596 5412 3657 5462 τὸ

2084 5503 2303 5556 εἴδωλον
2353 5501 2781 5570 ἀνορθώσαντες,
2808 5500 3139 5563 τοσαυτάκις
3183 5505 3432 5571 κείμενον
3485 5517 3658 5553 κατε-

2083 5594 2363 5662 λάμϐανον
2409 5594 2465 5645 ὲν
2515 5593 2756 5663 σχήματι
2795 5590 3235 5661 προσκυνοῦντος
3262 5591 3360 5662 τὴν
3395 5591 3658 5650 κιϐωτὸν.

2083 5683 2421 5748 ιθαμϐοῦντο
2454 5683 2546 5736 καὶ
2575 5681 2888 5751 διηπόρουν.
2921 5681 3154 5734 Ἔπειτα
3188 5682 3232 5735 δ’
3278 5682 3544 5750 ἐνέσκηψε
3584 5685 3660 5750 τῇ

2084 5776 2191 5830 τών
2229 5759 2502 5836 Ἀζωτίων
2535 5773 2684 5828 πόλει
2717 5775 2809 5828 καὶ
2839 5775 2904 5845 τῇ
2936 5773 3090 5844 χώρᾳ
3121 5773 3317 5845 φθορά.
3344 5773 3516 5834 Νόσος
3549 5770 3665 5842 μὲν
