  <div class='ocr_page' id='page_1' title='image "/cluster/home/n/w/nwhite01/storage/ocr_20150623/134/hvd.32044073502510/070.png"; bbox 0 0 4042 6212; ppageno 0'>
   <div class='ocr_carea' id='block_1_1' title="bbox 313 375 427 442">
    <p class='ocr_par' dir='ltr' id='par_1_1' title="bbox 313 375 427 442">
     <span class='ocr_line' id='line_1_1' title="bbox 313 375 427 442; baseline 0.018 -2"><span class='ocrx_word' id='word_1_1' title='bbox 313 375 427 442; x_wconf 77' lang='grc'>’125</span> 
     </span>
    </p>
   </div>
   <div class='ocr_carea' id='block_1_2' title="bbox 1624 385 2310 455">
    <p class='ocr_par' dir='ltr' id='par_1_2' title="bbox 1624 385 2310 455">
     <span class='ocr_line' id='line_1_2' title="bbox 1624 385 2310 455; baseline 0.016 -11"><span class='ocrx_word' id='word_1_2' title='bbox 1624 385 2030 450; x_wconf 79' lang='lat' dir='ltr'>ANNALIUM</span> <span class='ocrx_word' id='word_1_3' title='bbox 2072 391 2222 454; x_wconf 86' lang='lat' dir='ltr'>LIB.</span> <span class='ocrx_word' id='word_1_4' title='bbox 2258 393 2310 455; x_wconf 92' lang='grc' dir='ltr'>Ῑ.</span> 
     </span>
    </p>
   </div>
   <div class='ocr_carea' id='block_1_3' title="bbox 3474 395 3579 460">
    <p class='ocr_par' dir='ltr' id='par_1_3' title="bbox 3474 395 3579 460">
     <span class='ocr_line' id='line_1_3' title="bbox 3474 395 3579 460; baseline 0.019 -2"><span class='ocrx_word' id='word_1_5' title='bbox 3474 395 3579 460; x_wconf 72' lang='grc'>126</span> 
     </span>
    </p>
   </div>
   <div class='ocr_carea' id='block_1_4' title="bbox 322 487 1897 574">
    <p class='ocr_par' dir='ltr' id='par_1_4' title="bbox 322 487 1897 568">
     <span class='ocr_line' id='line_1_4' title="bbox 322 487 1897 568; baseline 0.004 -24"><span class='ocrx_word' id='word_1_6' title='bbox 322 494 430 554; x_wconf 83' lang='grc' dir='ltr'>τοῖς</span> <span class='ocrx_word' id='word_1_7' title='bbox 488 487 802 560; x_wconf 75' lang='grc' dir='ltr'>ἀνθρώποις</span> <span class='ocrx_word' id='word_1_8' title='bbox 865 489 996 560; x_wconf 82' lang='grc' dir='ltr'>περὶ</span> <span class='ocrx_word' id='word_1_9' title='bbox 1053 490 1154 554; x_wconf 76' lang='grc' dir='ltr'>τὰς</span> <span class='ocrx_word' id='word_1_10' title='bbox 1208 490 1372 562; x_wconf 76' lang='grc' dir='ltr'>ἔδρας</span> <span class='ocrx_word' id='word_1_11' title='bbox 1420 489 1511 564; x_wconf 77' lang='grc' dir='ltr'>ἦν,</span> <span class='ocrx_word' id='word_1_12' title='bbox 1551 495 1897 568; x_wconf 87' lang='grc' dir='ltr'>δυσεντερίαν</span> 
     </span>
    </p>
   </div>
   <div class='ocr_carea' id='block_1_5' title="bbox 2004 487 3584 574">
    <p class='ocr_par' dir='ltr' id='par_1_5' title="bbox 2004 503 3584 574">
     <span class='ocr_line' id='line_1_5' title="bbox 2004 503 3584 574; baseline 0.006 -14"><span class='ocrx_word' id='word_1_13' title='bbox 2004 522 2116 560; x_wconf 88' lang='lat' dir='ltr'>sam</span> <span class='ocrx_word' id='word_1_14' title='bbox 2154 505 2334 560; x_wconf 81' lang='lat' dir='ltr'><strong>Azotii</strong></span> <span class='ocrx_word' id='word_1_15' title='bbox 2367 503 2763 574; x_wconf 87' lang='lat' dir='ltr'><strong>lntelligentes,</strong></span> <span class='ocrx_word' id='word_1_16' title='bbox 2807 503 3134 560; x_wconf 76' lang='lat' dir='ltr'>Ascalonem</span> <span class='ocrx_word' id='word_1_17' title='bbox 3186 507 3418 564; x_wconf 89' lang='lat' dir='ltr'><strong>mittunt</strong></span> <span class='ocrx_word' id='word_1_18' title='bbox 3464 528 3480 566; x_wconf 89' lang='lat'><strong>:</strong></span> <span class='ocrx_word' id='word_1_19' title='bbox 3513 515 3584 568; x_wconf 85' lang='lat' dir='ltr'><strong>iis</strong></span> 
     </span>
    </p>
   </div>
   <div class='ocr_carea' id='block_1_6' title="bbox 328 581 1896 661">
    <p class='ocr_par' dir='ltr' id='par_1_6' title="bbox 328 581 1896 661">
     <span class='ocr_line' id='line_1_6' title="bbox 328 581 1896 661; baseline 0.003 -24"><span class='ocrx_word' id='word_1_20' title='bbox 328 582 488 652; x_wconf 78' lang='grc' dir='ltr'>φησὶν</span> <span class='ocrx_word' id='word_1_21' title='bbox 519 585 548 636; x_wconf 86' lang='grc' dir='ltr'>ό</span> <span class='ocrx_word' id='word_1_22' title='bbox 592 581 878 652; x_wconf 81' lang='grc' dir='ltr'>Ἰώσηπος,</span> <span class='ocrx_word' id='word_1_23' title='bbox 915 583 1012 636; x_wconf 74' lang='grc' dir='ltr'>καὶ</span> <span class='ocrx_word' id='word_1_24' title='bbox 1038 582 1305 653; x_wconf 77' lang='grc' dir='ltr'>ἔθνησκον</span> <span class='ocrx_word' id='word_1_25' title='bbox 1353 587 1539 654; x_wconf 78' lang='grc' dir='ltr'>συχνοὶ</span> <span class='ocrx_word' id='word_1_26' title='bbox 1587 589 1645 653; x_wconf 74' lang='grc' dir='ltr'>ἐξ</span> <span class='ocrx_word' id='word_1_27' title='bbox 1701 589 1896 661; x_wconf 77' lang='grc' dir='ltr'>αὐτῆς.</span> 
     </span>
    </p>
   </div>
   <div class='ocr_carea' id='block_1_7' title="bbox 322 674 1900 749">
    <p class='ocr_par' dir='ltr' id='par_1_7' title="bbox 322 674 1900 749">
     <span class='ocr_line' id='line_1_7' title="bbox 322 674 1900 749; baseline 0.003 -19"><span class='ocrx_word' id='word_1_28' title='bbox 322 677 468 734; x_wconf 55' lang='lat' dir='ltr'><strong>lilia;</strong></span> <span class='ocrx_word' id='word_1_29' title='bbox 520 674 575 728; x_wconf 80' lang='grc' dir='ltr'>δὲ</span> <span class='ocrx_word' id='word_1_30' title='bbox 596 675 696 744; x_wconf 80' lang='grc' dir='ltr'>τῆς</span> <span class='ocrx_word' id='word_1_31' title='bbox 737 675 844 745; x_wconf 86' lang='grc' dir='ltr'>γῆς</span> <span class='ocrx_word' id='word_1_32' title='bbox 891 675 1262 742; x_wconf 79' lang='grc' dir='ltr'>ἀναδοθέντες,</span> <span class='ocrx_word' id='word_1_33' title='bbox 1303 678 1403 748; x_wconf 80' lang='grc' dir='ltr'>τὴν</span> <span class='ocrx_word' id='word_1_34' title='bbox 1448 678 1632 749; x_wconf 81' lang='grc' dir='ltr'>χώραν</span> <span class='ocrx_word' id='word_1_35' title='bbox 1680 679 1900 734; x_wconf 77' lang='grc' dir='ltr'>ἃπασαν</span> 
     </span>
    </p>
   </div>
   <div class='ocr_carea' id='block_1_8' title="bbox 320 767 1904 838">
    <p class='ocr_par' dir='ltr' id='par_1_8' title="bbox 320 767 1904 838">
     <span class='ocr_line' id='line_1_8' title="bbox 320 767 1904 838; baseline 0.003 -16"><span class='ocrx_word' id='word_1_36' title='bbox 320 767 624 836; x_wconf 78' lang='grc' dir='ltr'>ὲκεράῖζον.</span> <span class='ocrx_word' id='word_1_37' title='bbox 673 767 805 836; x_wconf 74' lang='grc' dir='ltr'>Ὀψὲ</span> <span class='ocrx_word' id='word_1_38' title='bbox 840 767 900 821; x_wconf 75' lang='grc' dir='ltr'>δὲ</span> <span class='ocrx_word' id='word_1_39' title='bbox 931 767 1174 837; x_wconf 79' lang='grc' dir='ltr'>συνῆκαν</span> <span class='ocrx_word' id='word_1_40' title='bbox 1201 767 1300 838; x_wconf 83' lang='grc' dir='ltr'>τὴν</span> <span class='ocrx_word' id='word_1_41' title='bbox 1337 770 1569 824; x_wconf 86' lang='grc' dir='ltr'>κιϐωτὸν</span> <span class='ocrx_word' id='word_1_42' title='bbox 1597 771 1776 825; x_wconf 78' lang='grc' dir='ltr'>αἰτίαν</span> <span class='ocrx_word' id='word_1_43' title='bbox 1805 774 1904 826; x_wconf 86' lang='grc' dir='ltr'>αύ-</span> 
     </span>
    </p>
   </div>
   <div class='ocr_carea' id='block_1_9' title="bbox 318 853 1900 931">
    <p class='ocr_par' dir='ltr' id='par_1_9' title="bbox 318 853 1900 931">
     <span class='ocr_line' id='line_1_9' title="bbox 318 853 1900 931; baseline 0.004 -21"><span class='ocrx_word' id='word_1_44' title='bbox 318 861 425 920; x_wconf 82' lang='grc' dir='ltr'>τοίς</span> <span class='ocrx_word' id='word_1_45' title='bbox 472 853 615 911; x_wconf 73' lang='grc' dir='ltr'>εἶναι</span> <span class='ocrx_word' id='word_1_46' title='bbox 652 857 1000 926; x_wconf 77' lang='grc' dir='ltr'>τῶν,παθῶν</span> <span class='ocrx_word' id='word_1_47' title='bbox 1039 859 1090 912; x_wconf 92' lang='grc' dir='ltr'>οί</span> <span class='ocrx_word' id='word_1_48' title='bbox 1139 858 1410 927; x_wconf 81' lang='grc' dir='ltr'>Ἀζώτιοι,</span> <span class='ocrx_word' id='word_1_49' title='bbox 1446 861 1542 915; x_wconf 74' lang='grc' dir='ltr'>καὶ</span> <span class='ocrx_word' id='word_1_50' title='bbox 1591 863 1900 931; x_wconf 83' lang='grc' dir='ltr'>πέμπουσιν</span> 
     </span>
    </p>
   </div>
   <div class='ocr_carea' id='block_1_10' title="bbox 318 949 1895 1025">
    <p class='ocr_par' dir='ltr' id='par_1_10' title="bbox 318 949 1895 1025">
     <span class='ocr_line' id='line_1_10' title="bbox 318 949 1895 1025; baseline 0.004 -23"><span class='ocrx_word' id='word_1_51' title='bbox 318 951 484 1018; x_wconf 72' lang='grc' dir='ltr'>αὐτὴν</span> <span class='ocrx_word' id='word_1_52' title='bbox 510 952 592 1014; x_wconf 83' lang='grc' dir='ltr'>είς</span> <span class='ocrx_word' id='word_1_53' title='bbox 613 949 934 1005; x_wconf 82' lang='grc' dir='ltr'>’Δσκάλωνα</span> <span class='ocrx_word' id='word_1_54' title='bbox 948 990 962 1015; x_wconf 91' lang='grc'>,</span> <span class='ocrx_word' id='word_1_55' title='bbox 983 951 1073 1004; x_wconf 76' lang='grc' dir='ltr'>καὶ</span> <span class='ocrx_word' id='word_1_56' title='bbox 1096 950 1334 1022; x_wconf 70' lang='grc' dir='ltr'>ἔπασχον</span> <span class='ocrx_word' id='word_1_57' title='bbox 1354 953 1598 1007; x_wconf 79' lang='grc' dir='ltr'>κάκεῖνοι</span> <span class='ocrx_word' id='word_1_58' title='bbox 1619 955 1684 1008; x_wconf 84' lang='grc' dir='ltr'>τὰ</span> <span class='ocrx_word' id='word_1_59' title='bbox 1714 956 1895 1025; x_wconf 78' lang='grc' dir='ltr'>ὅμοια.</span> 
     </span>
    </p>
   </div>
   <div class='ocr_carea' id='block_1_11' title="bbox 322 1040 1894 1116">
    <p class='ocr_par' dir='ltr' id='par_1_11' title="bbox 322 1040 1894 1116">
     <span class='ocr_line' id='line_1_11' title="bbox 322 1040 1894 1116; baseline 0.003 -22"><span class='ocrx_word' id='word_1_60' title='bbox 322 1042 428 1094; x_wconf 79' lang='lat' dir='ltr'>Kal</span> <span class='ocrx_word' id='word_1_61' title='bbox 457 1040 606 1094; x_wconf 78' lang='grc' dir='ltr'>οὓτω</span> <span class='ocrx_word' id='word_1_62' title='bbox 640 1042 802 1095; x_wconf 80' lang='grc' dir='ltr'>πέντε</span> <span class='ocrx_word' id='word_1_63' title='bbox 825 1042 935 1094; x_wconf 85' lang='grc' dir='ltr'>τῶν</span> <span class='ocrx_word' id='word_1_64' title='bbox 960 1040 1365 1107; x_wconf 67' lang='grc' dir='ltr'>Παλαιπινῶνξ</span> <span class='ocrx_word' id='word_1_65' title='bbox 1388 1043 1609 1112; x_wconf 85' lang='grc' dir='ltr'>ἀμείϐει</span> <span class='ocrx_word' id='word_1_66' title='bbox 1644 1045 1828 1106; x_wconf 87' lang='grc' dir='ltr'>πόλεις</span> <span class='ocrx_word' id='word_1_67' title='bbox 1860 1049 1894 1116; x_wconf 77' lang='grc' dir='ltr'>ἡ</span> 
     </span>
    </p>
   </div>
   <div class='ocr_carea' id='block_1_12' title="bbox 320 1131 1890 1204">
    <p class='ocr_par' dir='ltr' id='par_1_12' title="bbox 320 1131 1890 1204">
     <span class='ocr_line' id='line_1_12' title="bbox 320 1131 1890 1204; baseline 0.001 -20"><span class='ocrx_word' id='word_1_68' title='bbox 320 1132 573 1197; x_wconf 82' lang='grc' dir='ltr'>κιϐωτὸς,</span> <span class='ocrx_word' id='word_1_69' title='bbox 611 1131 705 1186; x_wconf 76' lang='lat' dir='ltr'><strong>xal</strong></span> <span class='ocrx_word' id='word_1_70' title='bbox 732 1132 937 1195; x_wconf 81' lang='grc' dir='ltr'><strong>πάσαις</strong></span> <span class='ocrx_word' id='word_1_71' title='bbox 965 1133 1045 1196; x_wconf 89' lang='grc' dir='ltr'>είς</span> <span class='ocrx_word' id='word_1_72' title='bbox 1077 1132 1319 1187; x_wconf 85' lang='grc' dir='ltr'>κάκωσιν</span> <span class='ocrx_word' id='word_1_73' title='bbox 1345 1134 1590 1202; x_wconf 81' lang='grc' dir='ltr'>γέγονεν.</span> <span class='ocrx_word' id='word_1_74' title='bbox 1621 1135 1890 1204; x_wconf 75' lang='grc' dir='ltr'>Συνῆλοον</span> 
     </span>
    </p>
   </div>
   <div class='ocr_carea' id='block_1_13' title="bbox 317 1222 1893 1298">
    <p class='ocr_par' dir='ltr' id='par_1_13' title="bbox 317 1222 1893 1298">
     <span class='ocr_line' id='line_1_13' title="bbox 317 1222 1893 1298; baseline 0.001 -21"><span class='ocrx_word' id='word_1_75' title='bbox 317 1222 407 1277; x_wconf 71' lang='grc' dir='ltr'>οὖν</span> <span class='ocrx_word' id='word_1_76' title='bbox 451 1224 502 1277; x_wconf 79' lang='lat' dir='ltr'>oi</span> <span class='ocrx_word' id='word_1_77' title='bbox 551 1223 660 1276; x_wconf 83' lang='grc' dir='ltr'>τῶν</span> <span class='ocrx_word' id='word_1_78' title='bbox 701 1223 1057 1293; x_wconf 78' lang='grc' dir='ltr'>κακουμένων</span> <span class='ocrx_word' id='word_1_79' title='bbox 1111 1225 1277 1278; x_wconf 77' lang='grc' dir='ltr'>πέντε</span> <span class='ocrx_word' id='word_1_80' title='bbox 1337 1225 1545 1280; x_wconf 85' lang='grc' dir='ltr'>πόλεων</span> <span class='ocrx_word' id='word_1_81' title='bbox 1597 1227 1893 1298; x_wconf 78' lang='grc' dir='ltr'>ἄρχοντες,</span> 
     </span>
    </p>
   </div>
   <div class='ocr_carea' id='block_1_14' title="bbox 317 1314 1892 1388">
    <p class='ocr_par' dir='ltr' id='par_1_14' title="bbox 317 1314 1892 1388">
     <span class='ocr_line' id='line_1_14' title="bbox 317 1314 1892 1388; baseline 0.006 -20"><span class='ocrx_word' id='word_1_82' title='bbox 317 1317 512 1386; x_wconf 70' lang='grc' dir='ltr'>Γήτης,</span> <span class='ocrx_word' id='word_1_83' title='bbox 554 1315 650 1368; x_wconf 82' lang='grc' dir='ltr'>καὶ</span> <span class='ocrx_word' id='word_1_84' title='bbox 701 1314 1010 1387; x_wconf 78' lang='grc' dir='ltr'>Ἀκκαρῶν,</span> <span class='ocrx_word' id='word_1_85' title='bbox 1065 1315 1405 1380; x_wconf 83' lang='grc' dir='ltr'>’Δσκάλωνός</span> <span class='ocrx_word' id='word_1_86' title='bbox 1462 1333 1520 1370; x_wconf 90' lang='grc' dir='ltr'>τε</span> <span class='ocrx_word' id='word_1_87' title='bbox 1569 1321 1663 1370; x_wconf 66' lang='grc' dir='ltr'>καὶ</span> <span class='ocrx_word' id='word_1_88' title='bbox 1691 1317 1892 1388; x_wconf 80' lang='grc' dir='ltr'>Γάζης.</span> 
     </span>
    </p>
   </div>
   <div class='ocr_carea' id='block_1_15' title="bbox 315 1405 1897 1477">
    <p class='ocr_par' dir='ltr' id='par_1_15' title="bbox 315 1405 1897 1477">
     <span class='ocr_line' id='line_1_15' title="bbox 315 1405 1897 1477; baseline 0.001 -17"><span class='ocrx_word' id='word_1_89' title='bbox 315 1408 409 1460; x_wconf 74' lang='grc' dir='ltr'>καὶ</span> <span class='ocrx_word' id='word_1_90' title='bbox 461 1406 725 1472; x_wconf 69' lang='grc' dir='ltr'>Ἀζώτου.</span> <span class='ocrx_word' id='word_1_91' title='bbox 781 1407 889 1459; x_wconf 77' lang='lat' dir='ltr'>Kal</span> <span class='ocrx_word' id='word_1_92' title='bbox 939 1405 1140 1475; x_wconf 66' lang='grc' dir='ltr'>οίῗμὲν</span> <span class='ocrx_word' id='word_1_93' title='bbox 1187 1406 1323 1461; x_wconf 81' lang='grc' dir='ltr'>ἄλλα</span> <span class='ocrx_word' id='word_1_94' title='bbox 1377 1407 1506 1477; x_wconf 82' lang='grc' dir='ltr'>περὶ</span> <span class='ocrx_word' id='word_1_95' title='bbox 1565 1407 1665 1477; x_wconf 81' lang='grc' dir='ltr'>τῆς</span> <span class='ocrx_word' id='word_1_96' title='bbox 1733 1409 1897 1461; x_wconf 81' lang='grc' dir='ltr'>κιϐω-</span> 
     </span>
    </p>
   </div>
   <div class='ocr_carea' id='block_1_16' title="bbox 313 1496 1890 1564">
    <p class='ocr_par' dir='ltr' id='par_1_16' title="bbox 313 1496 1890 1564">
     <span class='ocr_line' id='line_1_16' title="bbox 313 1496 1890 1564; baseline 0.002 -14"><span class='ocrx_word' id='word_1_97' title='bbox 313 1498 428 1560; x_wconf 79' lang='grc' dir='ltr'>τοῦ,</span> <span class='ocrx_word' id='word_1_98' title='bbox 470 1499 524 1550; x_wconf 83' lang='grc' dir='ltr'>οἱ</span> <span class='ocrx_word' id='word_1_99' title='bbox 569 1497 616 1550; x_wconf 87' lang='grc' dir='ltr'>δ’</span> <span class='ocrx_word' id='word_1_100' title='bbox 649 1496 812 1562; x_wconf 71' lang='grc' dir='ltr'>ἕτερα</span> <span class='ocrx_word' id='word_1_101' title='bbox 849 1497 1256 1552; x_wconf 89' lang='grc' dir='ltr'>συνεϐούλευον.</span> <span class='ocrx_word' id='word_1_102' title='bbox 1287 1498 1394 1552; x_wconf 86' lang='lat' dir='ltr'>Kal</span> <span class='ocrx_word' id='word_1_103' title='bbox 1427 1499 1578 1562; x_wconf 81' lang='grc' dir='ltr'>τέλος</span> <span class='ocrx_word' id='word_1_104' title='bbox 1605 1498 1752 1564; x_wconf 74' lang='grc' dir='ltr'>ἔδοξε</span> <span class='ocrx_word' id='word_1_105' title='bbox 1783 1501 1890 1553; x_wconf 75' lang='grc' dir='ltr'>πᾶ-</span> 
     </span>
    </p>
   </div>
   <div class='ocr_carea' id='block_1_17' title="bbox 316 1587 1888 1661">
    <p class='ocr_par' dir='ltr' id='par_1_17' title="bbox 316 1587 1888 1661">
     <span class='ocr_line' id='line_1_17' title="bbox 316 1587 1888 1661; baseline 0.002 -21"><span class='ocrx_word' id='word_1_106' title='bbox 316 1607 421 1651; x_wconf 87' lang='grc' dir='ltr'>σιν,</span> <span class='ocrx_word' id='word_1_107' title='bbox 454 1588 621 1661; x_wconf 71' lang='grc' dir='ltr'>ἕδρας</span> <span class='ocrx_word' id='word_1_108' title='bbox 667 1587 830 1640; x_wconf 70' lang='grc' dir='ltr'>πέντε</span> <span class='ocrx_word' id='word_1_109' title='bbox 861 1590 1090 1657; x_wconf 76' lang='grc' dir='ltr'>χρυσᾶς,</span> <span class='ocrx_word' id='word_1_110' title='bbox 1123 1589 1218 1642; x_wconf 76' lang='grc' dir='ltr'>καὶ</span> <span class='ocrx_word' id='word_1_111' title='bbox 1266 1588 1410 1659; x_wconf 83' lang='grc' dir='ltr'>μύας</span> <span class='ocrx_word' id='word_1_112' title='bbox 1437 1591 1726 1653; x_wconf 82' lang='grc' dir='ltr'>τοσούτους</span> <span class='ocrx_word' id='word_1_113' title='bbox 1760 1607 1888 1661; x_wconf 83' lang='grc' dir='ltr'>χρυ-</span> 
     </span>
    </p>
   </div>
   <div class='ocr_carea' id='block_1_18' title="bbox 318 1680 1890 1751">
    <p class='ocr_par' dir='ltr' id='par_1_18' title="bbox 318 1680 1890 1751">
     <span class='ocr_line' id='line_1_18' title="bbox 318 1680 1890 1751; baseline 0.002 -19"><span class='ocrx_word' id='word_1_114' title='bbox 318 1681 444 1744; x_wconf 87' lang='grc' dir='ltr'>σοῦς</span> <span class='ocrx_word' id='word_1_115' title='bbox 469 1682 720 1748; x_wconf 80' lang='grc' dir='ltr'>ποιῆσαι,</span> <span class='ocrx_word' id='word_1_116' title='bbox 749 1681 840 1732; x_wconf 78' lang='grc' dir='ltr'>καὶ</span> <span class='ocrx_word' id='word_1_117' title='bbox 865 1680 1054 1734; x_wconf 78' lang='grc' dir='ltr'><strong>θέσθαι</strong></span> <span class='ocrx_word' id='word_1_118' title='bbox 1078 1680 1170 1733; x_wconf 71' lang='grc' dir='ltr'>ἐπὶ</span> <span class='ocrx_word' id='word_1_119' title='bbox 1193 1681 1289 1747; x_wconf 82' lang='grc' dir='ltr'>τῆς</span> <span class='ocrx_word' id='word_1_120' title='bbox 1313 1680 1571 1745; x_wconf 89' lang='grc' dir='ltr'>κιϐωτοῦ,</span> <span class='ocrx_word' id='word_1_121' title='bbox 1596 1682 1813 1751; x_wconf 75' lang='grc' dir='ltr'>ἆμαξάν</span> <span class='ocrx_word' id='word_1_122' title='bbox 1832 1700 1890 1735; x_wconf 92' lang='grc' dir='ltr'>τε</span> 
     </span>
    </p>
   </div>
   <div class='ocr_carea' id='block_1_19' title="bbox 315 1773 1887 1846">
    <p class='ocr_par' dir='ltr' id='par_1_19' title="bbox 315 1773 1887 1846">
     <span class='ocr_line' id='line_1_19' title="bbox 315 1773 1887 1846; baseline 0.001 -18"><span class='ocrx_word' id='word_1_123' title='bbox 315 1777 734 1846; x_wconf 81' lang='grc' dir='ltr'>καινουργῆσαι.</span> <span class='ocrx_word' id='word_1_124' title='bbox 770 1773 868 1826; x_wconf 80' lang='grc' dir='ltr'>καὶ</span> <span class='ocrx_word' id='word_1_125' title='bbox 919 1773 1046 1844; x_wconf 86' lang='grc' dir='ltr'>βόας</span> <span class='ocrx_word' id='word_1_126' title='bbox 1092 1774 1546 1844; x_wconf 89' lang='grc' dir='ltr'>πρωτοτοκούσας</span> <span class='ocrx_word' id='word_1_127' title='bbox 1593 1777 1659 1844; x_wconf 81' lang='grc' dir='ltr'>τῇ</span> <span class='ocrx_word' id='word_1_128' title='bbox 1703 1775 1887 1845; x_wconf 81' lang='grc' dir='ltr'>ἀμάξῃ</span> 
     </span>
    </p>
   </div>
   <div class='ocr_carea' id='block_1_20' title="bbox 2008 594 3586 666">
    <p class='ocr_par' dir='ltr' id='par_1_20' title="bbox 2008 594 3586 666">
     <span class='ocr_line' id='line_1_20' title="bbox 2008 594 3586 666; baseline 0.004 -14"><span class='ocrx_word' id='word_1_129' title='bbox 2008 598 2173 654; x_wconf 88' lang='lat' dir='ltr'><strong>etiam</strong></span> <span class='ocrx_word' id='word_1_130' title='bbox 2210 597 2401 653; x_wconf 90' lang='lat' dir='ltr'><strong>eadem</strong></span> <span class='ocrx_word' id='word_1_131' title='bbox 2437 597 2714 652; x_wconf 89' lang='lat' dir='ltr'><strong>accidunt.</strong></span> <span class='ocrx_word' id='word_1_132' title='bbox 2753 594 2844 650; x_wconf 87' lang='lat' dir='ltr'>Sic</span> <span class='ocrx_word' id='word_1_133' title='bbox 2889 596 3134 666; x_wconf 91' lang='lat' dir='ltr'><strong>quinque</strong></span> <span class='ocrx_word' id='word_1_134' title='bbox 3173 596 3586 658; x_wconf 60' lang='lat' dir='ltr'><strong>Palastinorum</strong></span> 
     </span>
    </p>
   </div>
   <div class='ocr_carea' id='block_1_21' title="bbox 2009 691 3584 763">
    <p class='ocr_par' dir='ltr' id='par_1_21' title="bbox 2009 691 3584 763">
     <span class='ocr_line' id='line_1_21' title="bbox 2009 691 3584 763; baseline 0.003 -17"><span class='ocrx_word' id='word_1_135' title='bbox 2009 692 2176 748; x_wconf 89' lang='lat' dir='ltr'><strong>urbes</strong></span> <span class='ocrx_word' id='word_1_136' title='bbox 2197 707 2327 748; x_wconf 85' lang='lat' dir='ltr'><strong>arca</strong></span> <span class='ocrx_word' id='word_1_137' title='bbox 2357 699 2674 763; x_wconf 86' lang='lat' dir='ltr'><strong>pervagata,</strong></span> <span class='ocrx_word' id='word_1_138' title='bbox 2705 691 2963 746; x_wconf 90' lang='lat' dir='ltr'><strong>omnibus</strong></span> <span class='ocrx_word' id='word_1_139' title='bbox 2994 693 3309 750; x_wconf 75' lang='lat' dir='ltr'>calamitosa</span> <span class='ocrx_word' id='word_1_140' title='bbox 3348 697 3584 753; x_wconf 84' lang='lat' dir='ltr'><strong>exstitit.</strong></span> 
     </span>
    </p>
   </div>
   <div class='ocr_carea' id='block_1_22' title="bbox 2008 782 3587 853">
    <p class='ocr_par' dir='ltr' id='par_1_22' title="bbox 2008 782 3587 853">
     <span class='ocr_line' id='line_1_22' title="bbox 2008 782 3587 853; baseline 0.003 -17"><span class='ocrx_word' id='word_1_141' title='bbox 2008 783 2200 852; x_wconf 84' lang='lat' dir='ltr'>Itaque</span> <span class='ocrx_word' id='word_1_142' title='bbox 2230 783 2582 853; x_wconf 81' lang='lat' dir='ltr'>magistratus</span> <span class='ocrx_word' id='word_1_143' title='bbox 2611 783 2858 852; x_wconf 82' lang='lat' dir='ltr'><strong>quinque</strong></span> <span class='ocrx_word' id='word_1_144' title='bbox 2883 782 3101 836; x_wconf 86' lang='lat' dir='ltr'><strong>urbium</strong></span> <span class='ocrx_word' id='word_1_145' title='bbox 3136 783 3204 838; x_wconf 90' lang='lat' dir='ltr'>iis</span> <span class='ocrx_word' id='word_1_146' title='bbox 3253 785 3413 840; x_wconf 89' lang='lat' dir='ltr'><strong>malis</strong></span> <span class='ocrx_word' id='word_1_147' title='bbox 3455 801 3587 841; x_wconf 87' lang='lat' dir='ltr'><strong>con-</strong></span> 
     </span>
    </p>
   </div>
   <div class='ocr_carea' id='block_1_23' title="bbox 2005 870 3582 943">
    <p class='ocr_par' dir='ltr' id='par_1_23' title="bbox 2005 870 3582 943">
     <span class='ocr_line' id='line_1_23' title="bbox 2005 870 3582 943; baseline 0.003 -18"><span class='ocrx_word' id='word_1_148' title='bbox 2005 870 2329 930; x_wconf 81' lang='lat' dir='ltr'><strong>flictantium</strong></span> <span class='ocrx_word' id='word_1_149' title='bbox 2377 873 2680 943; x_wconf 78' lang='lat' dir='ltr'>congressi,</span> <span class='ocrx_word' id='word_1_150' title='bbox 2723 872 2980 928; x_wconf 84' lang='lat' dir='ltr'>videlicet</span> <span class='ocrx_word' id='word_1_151' title='bbox 3023 873 3206 937; x_wconf 64' lang='lat' dir='ltr'><strong>Getae,</strong></span> <span class='ocrx_word' id='word_1_152' title='bbox 3254 874 3582 936; x_wconf 80' lang='lat' dir='ltr'><strong>Accaronis,</strong></span> 
     </span>
    </p>
   </div>
   <div class='ocr_carea' id='block_1_24' title="bbox 2003 963 3584 1028">
    <p class='ocr_par' dir='ltr' id='par_1_24' title="bbox 2003 963 3584 1028">
     <span class='ocr_line' id='line_1_24' title="bbox 2003 963 3584 1028; baseline -0.002 -6"><span class='ocrx_word' id='word_1_153' title='bbox 2003 964 2305 1028; x_wconf 86' lang='lat' dir='ltr'><strong>Ascalouis,</strong></span> <span class='ocrx_word' id='word_1_154' title='bbox 2342 963 2498 1019; x_wconf 65' lang='lat' dir='ltr'><strong>Gazae</strong></span> <span class='ocrx_word' id='word_1_155' title='bbox 2527 973 2584 1018; x_wconf 91' lang='lat' dir='ltr'><strong>et</strong></span> <span class='ocrx_word' id='word_1_156' title='bbox 2628 963 2808 1027; x_wconf 82' lang='lat' dir='ltr'><strong>Azoti,</strong></span> <span class='ocrx_word' id='word_1_157' title='bbox 2843 964 2969 1018; x_wconf 87' lang='lat' dir='ltr'><strong>aliis</strong></span> <span class='ocrx_word' id='word_1_158' title='bbox 2997 963 3146 1017; x_wconf 85' lang='lat' dir='ltr'><strong>aliud</strong></span> <span class='ocrx_word' id='word_1_159' title='bbox 3176 963 3245 1019; x_wconf 88' lang='lat' dir='ltr'>de</span> <span class='ocrx_word' id='word_1_160' title='bbox 3285 979 3412 1018; x_wconf 89' lang='lat' dir='ltr'><strong>arca</strong></span> <span class='ocrx_word' id='word_1_161' title='bbox 3448 981 3584 1019; x_wconf 86' lang='lat' dir='ltr'><strong>cen-</strong></span> 
     </span>
    </p>
   </div>
   <div class='ocr_carea' id='block_1_25' title="bbox 2005 1050 3581 1123">
    <p class='ocr_par' dir='ltr' id='par_1_25' title="bbox 2005 1050 3581 1123">
     <span class='ocr_line' id='line_1_25' title="bbox 2005 1050 3581 1123; baseline 0.002 -17"><span class='ocrx_word' id='word_1_162' title='bbox 2005 1052 2276 1112; x_wconf 87' lang='lat' dir='ltr'><strong>sentibus.</strong></span> <span class='ocrx_word' id='word_1_163' title='bbox 2313 1050 2534 1106; x_wconf 86' lang='lat' dir='ltr'><strong>tandem</strong></span> <span class='ocrx_word' id='word_1_164' title='bbox 2566 1050 2859 1106; x_wconf 85' lang='lat' dir='ltr'><strong>decrevere</strong></span> <span class='ocrx_word' id='word_1_165' title='bbox 2897 1066 3111 1117; x_wconf 80' lang='lat' dir='ltr'><strong>omnes,</strong></span> <span class='ocrx_word' id='word_1_166' title='bbox 3146 1052 3305 1108; x_wconf 84' lang='lat' dir='ltr'><strong>sedes</strong></span> <span class='ocrx_word' id='word_1_167' title='bbox 3332 1054 3581 1123; x_wconf 89' lang='lat' dir='ltr'><strong>quinque</strong></span> 
     </span>
    </p>
   </div>
   <div class='ocr_carea' id='block_1_26' title="bbox 2002 1144 3587 1212">
    <p class='ocr_par' dir='ltr' id='par_1_26' title="bbox 2002 1144 3587 1212">
     <span class='ocr_line' id='line_1_26' title="bbox 2002 1144 3587 1212; baseline 0.002 -15"><span class='ocrx_word' id='word_1_168' title='bbox 2002 1158 2218 1208; x_wconf 85' lang='lat' dir='ltr'><strong>aureas,</strong></span> <span class='ocrx_word' id='word_1_169' title='bbox 2274 1144 2612 1212; x_wconf 89' lang='lat' dir='ltr'><strong>totidemque</strong></span> <span class='ocrx_word' id='word_1_170' title='bbox 2657 1159 2844 1197; x_wconf 89' lang='lat' dir='ltr'><strong>mures</strong></span> <span class='ocrx_word' id='word_1_171' title='bbox 2883 1144 3011 1198; x_wconf 89' lang='lat' dir='ltr'><strong>item</strong></span> <span class='ocrx_word' id='word_1_172' title='bbox 3061 1159 3260 1199; x_wconf 87' lang='lat' dir='ltr'><strong>aureos</strong></span> <span class='ocrx_word' id='word_1_173' title='bbox 3290 1160 3432 1199; x_wconf 81' lang='lat' dir='ltr'><strong>arca:</strong></span> <span class='ocrx_word' id='word_1_174' title='bbox 3482 1145 3587 1199; x_wconf 86' lang='lat' dir='ltr'>im-</span> 
     </span>
    </p>
   </div>
   <div class='ocr_carea' id='block_1_27' title="bbox 2006 1235 3584 1310">
    <p class='ocr_par' dir='ltr' id='par_1_27' title="bbox 2006 1235 3584 1310">
     <span class='ocr_line' id='line_1_27' title="bbox 2006 1235 3584 1310; baseline 0.003 -20"><span class='ocrx_word' id='word_1_175' title='bbox 2006 1251 2234 1306; x_wconf 83' lang='lat' dir='ltr'><strong>ponere,</strong></span> <span class='ocrx_word' id='word_1_176' title='bbox 2263 1246 2319 1290; x_wconf 91' lang='lat' dir='ltr'>et</span> <span class='ocrx_word' id='word_1_177' title='bbox 2347 1251 2550 1290; x_wconf 86' lang='lat' dir='ltr'><strong>novum</strong></span> <span class='ocrx_word' id='word_1_178' title='bbox 2579 1235 2848 1292; x_wconf 78' lang='lat' dir='ltr'><strong>fabricare</strong></span> <span class='ocrx_word' id='word_1_179' title='bbox 2880 1252 3127 1302; x_wconf 88' lang='lat' dir='ltr'><strong>currum,</strong></span> <span class='ocrx_word' id='word_1_180' title='bbox 3150 1247 3204 1292; x_wconf 91' lang='lat' dir='ltr'><strong>et</strong></span> <span class='ocrx_word' id='word_1_181' title='bbox 3235 1254 3431 1293; x_wconf 85' lang='lat' dir='ltr'><strong>vaccas</strong></span> <span class='ocrx_word' id='word_1_182' title='bbox 3461 1256 3584 1310; x_wconf 69' lang='lat' dir='ltr'><strong>quae</strong></span> 
     </span>
    </p>
   </div>
   <div class='ocr_carea' id='block_1_28' title="bbox 2002 1327 3578 1398">
    <p class='ocr_par' dir='ltr' id='par_1_28' title="bbox 2002 1327 3578 1398">
     <span class='ocr_line' id='line_1_28' title="bbox 2002 1327 3578 1398; baseline 0.003 -18"><span class='ocrx_word' id='word_1_183' title='bbox 2002 1328 2240 1397; x_wconf 88' lang='lat' dir='ltr'><strong>primum</strong></span> <span class='ocrx_word' id='word_1_184' title='bbox 2291 1327 2639 1396; x_wconf 80' lang='lat' dir='ltr'><strong>peperissent</strong></span> <span class='ocrx_word' id='word_1_185' title='bbox 2693 1329 2881 1384; x_wconf 89' lang='lat' dir='ltr'><strong>currui</strong></span> <span class='ocrx_word' id='word_1_186' title='bbox 2925 1328 3190 1398; x_wconf 80' lang='lat' dir='ltr'><strong>jungere,</strong></span> <span class='ocrx_word' id='word_1_187' title='bbox 3245 1329 3342 1384; x_wconf 86' lang='lat' dir='ltr'>sed</span> <span class='ocrx_word' id='word_1_188' title='bbox 3388 1345 3578 1385; x_wconf 90' lang='lat' dir='ltr'><strong>earum</strong></span> 
     </span>
    </p>
   </div>
   <div class='ocr_carea' id='block_1_29' title="bbox 2001 1419 3573 1489">
    <p class='ocr_par' dir='ltr' id='par_1_29' title="bbox 2001 1419 3573 1489">
     <span class='ocr_line' id='line_1_29' title="bbox 2001 1419 3573 1489; baseline 0.003 -17"><span class='ocrx_word' id='word_1_189' title='bbox 2001 1419 2206 1472; x_wconf 91' lang='lat' dir='ltr'><strong>vitulos</strong></span> <span class='ocrx_word' id='word_1_190' title='bbox 2237 1419 2497 1483; x_wconf 89' lang='lat' dir='ltr'><strong>retinere,</strong></span> <span class='ocrx_word' id='word_1_191' title='bbox 2534 1433 2598 1473; x_wconf 88' lang='lat' dir='ltr'>ac</span> <span class='ocrx_word' id='word_1_192' title='bbox 2629 1419 2818 1473; x_wconf 88' lang='lat' dir='ltr'><strong>currui</strong></span> <span class='ocrx_word' id='word_1_193' title='bbox 2843 1435 2972 1474; x_wconf 89' lang='lat' dir='ltr'><strong>arca</strong></span> <span class='ocrx_word' id='word_1_194' title='bbox 3003 1421 3279 1489; x_wconf 89' lang='lat' dir='ltr'><strong>imposita,</strong></span> <span class='ocrx_word' id='word_1_195' title='bbox 3313 1421 3482 1476; x_wconf 86' lang='lat' dir='ltr'><strong>boves</strong></span> <span class='ocrx_word' id='word_1_196' title='bbox 3519 1421 3573 1476; x_wconf 93' lang='lat' dir='ltr'><strong>in</strong></span> 
     </span>
    </p>
   </div>
   <div class='ocr_carea' id='block_1_30' title="bbox 2003 1507 3582 1580">
    <p class='ocr_par' dir='ltr' id='par_1_30' title="bbox 2003 1507 3582 1580">
     <span class='ocr_line' id='line_1_30' title="bbox 2003 1507 3582 1580; baseline 0.003 -18"><span class='ocrx_word' id='word_1_197' title='bbox 2003 1507 2229 1562; x_wconf 87' lang='lat' dir='ltr'><strong>trivium</strong></span> <span class='ocrx_word' id='word_1_198' title='bbox 2274 1507 2544 1562; x_wconf 90' lang='lat' dir='ltr'><strong>abductas</strong></span> <span class='ocrx_word' id='word_1_199' title='bbox 2583 1508 2919 1578; x_wconf 87' lang='lat' dir='ltr'><strong>relinquere,</strong></span> <span class='ocrx_word' id='word_1_200' title='bbox 2951 1518 3298 1579; x_wconf 84' lang='lat' dir='ltr'><strong>utquorsum</strong></span> <span class='ocrx_word' id='word_1_201' title='bbox 3341 1511 3582 1580; x_wconf 83' lang='lat' dir='ltr'><strong>impetus</strong></span> 
     </span>
    </p>
   </div>
   <div class='ocr_carea' id='block_1_31' title="bbox 2000 1598 3572 1664">
    <p class='ocr_par' dir='ltr' id='par_1_31' title="bbox 2000 1598 3572 1664">
     <span class='ocr_line' id='line_1_31' title="bbox 2000 1598 3572 1664; baseline 0.003 -12"><span class='ocrx_word' id='word_1_202' title='bbox 2000 1598 2192 1653; x_wconf 88' lang='lat' dir='ltr'><strong>tulerit</strong></span> <span class='ocrx_word' id='word_1_203' title='bbox 2235 1607 2385 1652; x_wconf 90' lang='lat' dir='ltr'><strong>eant.</strong></span> <span class='ocrx_word' id='word_1_204' title='bbox 2421 1598 2549 1664; x_wconf 74' lang='lat' dir='ltr'><strong>Qua:</strong></span> <span class='ocrx_word' id='word_1_205' title='bbox 2591 1599 2637 1653; x_wconf 90' lang='lat' dir='ltr'>si</span> <span class='ocrx_word' id='word_1_206' title='bbox 2683 1615 2875 1654; x_wconf 90' lang='lat' dir='ltr'><strong>versus</strong></span> <span class='ocrx_word' id='word_1_207' title='bbox 2908 1600 3185 1655; x_wconf 86' lang='lat' dir='ltr'><strong>lsraelitas</strong></span> <span class='ocrx_word' id='word_1_208' title='bbox 3227 1601 3451 1664; x_wconf 85' lang='lat' dir='ltr'><strong>abeant,</strong></span> <span class='ocrx_word' id='word_1_209' title='bbox 3499 1604 3572 1657; x_wconf 93' lang='lat' dir='ltr'>ob</span> 
     </span>
    </p>
   </div>
   <div class='ocr_carea' id='block_1_32' title="bbox 1999 1687 3580 1760">
    <p class='ocr_par' dir='ltr' id='par_1_32' title="bbox 1999 1687 3580 1760">
     <span class='ocr_line' id='line_1_32' title="bbox 1999 1687 3580 1760; baseline 0.001 -18"><span class='ocrx_word' id='word_1_210' title='bbox 1999 1703 2181 1742; x_wconf 89' lang='lat' dir='ltr'><strong>arcam</strong></span> <span class='ocrx_word' id='word_1_211' title='bbox 2211 1688 2350 1743; x_wconf 88' lang='lat' dir='ltr'><strong>mala</strong></span> <span class='ocrx_word' id='word_1_212' title='bbox 2387 1687 2477 1742; x_wconf 91' lang='lat' dir='ltr'><strong>illa</strong></span> <span class='ocrx_word' id='word_1_213' title='bbox 2508 1703 2566 1742; x_wconf 90' lang='lat' dir='ltr'>se</span> <span class='ocrx_word' id='word_1_214' title='bbox 2597 1690 2806 1758; x_wconf 88' lang='lat' dir='ltr'><strong>perpeti</strong></span> <span class='ocrx_word' id='word_1_215' title='bbox 2836 1689 3212 1753; x_wconf 86' lang='lat' dir='ltr'><strong>statuendum,</strong></span> <span class='ocrx_word' id='word_1_216' title='bbox 3244 1705 3424 1760; x_wconf 90' lang='lat' dir='ltr'><strong>neque</strong></span> <span class='ocrx_word' id='word_1_217' title='bbox 3451 1706 3580 1760; x_wconf 83' lang='lat' dir='ltr'><strong>pro-</strong></span> 
     </span>
    </p>
   </div>
   <div class='ocr_carea' id='block_1_33' title="bbox 2002 1780 3580 1850">
    <p class='ocr_par' dir='ltr' id='par_1_33' title="bbox 2002 1780 3580 1850">
     <span class='ocr_line' id='line_1_33' title="bbox 2002 1780 3580 1850; baseline 0.001 -17"><span class='ocrx_word' id='word_1_218' title='bbox 2002 1781 2301 1835; x_wconf 87' lang='lat' dir='ltr'><strong>hibendum</strong></span> <span class='ocrx_word' id='word_1_219' title='bbox 2331 1795 2621 1850; x_wconf 81' lang='lat' dir='ltr'><strong>quominus</strong></span> <span class='ocrx_word' id='word_1_220' title='bbox 2649 1780 2740 1835; x_wconf 91' lang='lat' dir='ltr'><strong>illo</strong></span> <span class='ocrx_word' id='word_1_221' title='bbox 2783 1790 2909 1836; x_wconf 88' lang='lat' dir='ltr'><strong>eant</strong></span> <span class='ocrx_word' id='word_1_222' title='bbox 2949 1799 2962 1836; x_wconf 90' lang='lat'><strong>:</strong></span> <span class='ocrx_word' id='word_1_223' title='bbox 3005 1781 3088 1836; x_wconf 90' lang='lat' dir='ltr'>sin</span> <span class='ocrx_word' id='word_1_224' title='bbox 3120 1781 3229 1836; x_wconf 92' lang='lat' dir='ltr'><strong>alio</strong></span> <span class='ocrx_word' id='word_1_225' title='bbox 3259 1797 3317 1836; x_wconf 88' lang='lat' dir='ltr'>se</span> <span class='ocrx_word' id='word_1_226' title='bbox 3351 1796 3580 1836; x_wconf 85' lang='lat' dir='ltr'><strong>conver-</strong></span> 
     </span>
    </p>
   </div>
   <div class='ocr_carea' id='block_1_34' title="bbox 315 1851 1897 1943">
    <p class='ocr_par' dir='ltr' id='par_1_34' title="bbox 315 1865 1897 1935">
     <span class='ocr_line' id='line_1_34' title="bbox 315 1865 1897 1935; baseline -0.001 -15"><span class='ocrx_word' id='word_1_227' title='bbox 315 1869 649 1935; x_wconf 76' lang='grc' dir='ltr'>ὑπαγαγεῖν,</span> <span class='ocrx_word' id='word_1_228' title='bbox 679 1867 808 1926; x_wconf 82' lang='grc' dir='ltr'>τοὺς</span> <span class='ocrx_word' id='word_1_229' title='bbox 853 1866 910 1918; x_wconf 81' lang='grc' dir='ltr'>δὲ</span> <span class='ocrx_word' id='word_1_230' title='bbox 944 1865 1176 1935; x_wconf 82' lang='grc' dir='ltr'>μόσχους</span> <span class='ocrx_word' id='word_1_231' title='bbox 1219 1866 1397 1920; x_wconf 83' lang='grc' dir='ltr'>αὐτῶν</span> <span class='ocrx_word' id='word_1_232' title='bbox 1442 1868 1759 1935; x_wconf 78' lang='grc' dir='ltr'>κατασχεῖν,</span> <span class='ocrx_word' id='word_1_233' title='bbox 1791 1867 1897 1919; x_wconf 73' lang='grc' dir='ltr'>Καὶ</span> 
     </span>
    </p>
   </div>
   <div class='ocr_carea' id='block_1_35' title="bbox 2004 1851 3578 1943">
    <p class='ocr_par' dir='ltr' id='par_1_35' title="bbox 2004 1871 3578 1943">
     <span class='ocr_line' id='line_1_35' title="bbox 2004 1871 3578 1943; baseline 0.001 -18"><span class='ocrx_word' id='word_1_234' title='bbox 2004 1874 2190 1937; x_wconf 87' lang='lat' dir='ltr'><strong>terint,</strong></span> <span class='ocrx_word' id='word_1_235' title='bbox 2243 1871 2587 1927; x_wconf 89' lang='lat' dir='ltr'><strong>reducendas</strong></span> <span class='ocrx_word' id='word_1_236' title='bbox 2633 1873 2801 1926; x_wconf 90' lang='lat' dir='ltr'><strong>boves</strong></span> <span class='ocrx_word' id='word_1_237' title='bbox 2853 1879 2910 1926; x_wconf 90' lang='lat' dir='ltr'><strong>et</strong></span> <span class='ocrx_word' id='word_1_238' title='bbox 2945 1889 3206 1936; x_wconf 89' lang='lat' dir='ltr'><strong>currum,</strong></span> <span class='ocrx_word' id='word_1_239' title='bbox 3259 1881 3316 1928; x_wconf 91' lang='lat' dir='ltr'><strong>et</strong></span> <span class='ocrx_word' id='word_1_240' title='bbox 3361 1889 3482 1943; x_wconf 70' lang='lat' dir='ltr'>qum</span> <span class='ocrx_word' id='word_1_241' title='bbox 3521 1874 3578 1926; x_wconf 89' lang='lat' dir='ltr'>in</span> 
     </span>
    </p>
   </div>
   <div class='ocr_carea' id='block_1_36' title="bbox 312 1955 1900 2029">
    <p class='ocr_par' dir='ltr' id='par_1_36' title="bbox 312 1955 1900 2029">
     <span class='ocr_line' id='line_1_36' title="bbox 312 1955 1900 2029; baseline -0.004 -15"><span class='ocrx_word' id='word_1_242' title='bbox 312 1959 584 2014; x_wconf 70' lang='grc' dir='ltr'>ἐπιθεῖναι</span> <span class='ocrx_word' id='word_1_243' title='bbox 627 1962 691 2029; x_wconf 80' lang='grc' dir='ltr'>τῇ</span> <span class='ocrx_word' id='word_1_244' title='bbox 720 1957 906 2028; x_wconf 77' lang='grc' dir='ltr'>ἀμάξῃ</span> <span class='ocrx_word' id='word_1_245' title='bbox 933 1957 1033 2028; x_wconf 82' lang='grc' dir='ltr'>τὴν</span> <span class='ocrx_word' id='word_1_246' title='bbox 1057 1955 1314 2020; x_wconf 88' lang='grc' dir='ltr'>κιϐωτὸν,</span> <span class='ocrx_word' id='word_1_247' title='bbox 1342 1957 1442 2019; x_wconf 77' lang='grc' dir='ltr'>τὰς</span> <span class='ocrx_word' id='word_1_248' title='bbox 1465 1956 1593 2026; x_wconf 86' lang='grc' dir='ltr'>βόας</span> <span class='ocrx_word' id='word_1_249' title='bbox 1613 1956 1656 2010; x_wconf 83' lang='grc' dir='ltr'>δ’</span> <span class='ocrx_word' id='word_1_250' title='bbox 1679 1958 1900 2024; x_wconf 81' lang='grc' dir='ltr'>ἁπαγα·</span> 
     </span>
    </p>
   </div>
   <div class='ocr_carea' id='block_1_37' title="bbox 313 2044 1895 2117">
    <p class='ocr_par' dir='ltr' id='par_1_37' title="bbox 313 2044 1895 2117">
     <span class='ocr_line' id='line_1_37' title="bbox 313 2044 1895 2117; baseline -0.004 -14"><span class='ocrx_word' id='word_1_251' title='bbox 313 2050 508 2117; x_wconf 82' lang='grc' dir='ltr'>γόντας</span> <span class='ocrx_word' id='word_1_252' title='bbox 557 2050 653 2102; x_wconf 73' lang='grc' dir='ltr'>ἐπὶ</span> <span class='ocrx_word' id='word_1_253' title='bbox 693 2047 908 2116; x_wconf 83' lang='grc' dir='ltr'>τριόδου</span> <span class='ocrx_word' id='word_1_254' title='bbox 952 2047 1294 2110; x_wconf 76' lang='grc' dir='ltr'>καταλιπεῖν,</span> <span class='ocrx_word' id='word_1_255' title='bbox 1337 2044 1403 2098; x_wconf 77' lang='grc' dir='ltr'>ἵν’</span> <span class='ocrx_word' id='word_1_256' title='bbox 1443 2045 1531 2098; x_wconf 79' lang='grc' dir='ltr'>ἐπ’</span> <span class='ocrx_word' id='word_1_257' title='bbox 1573 2045 1766 2108; x_wconf 80' lang='grc' dir='ltr'>αὐταῖς</span> <span class='ocrx_word' id='word_1_258' title='bbox 1809 2044 1895 2116; x_wconf 69' lang='grc' dir='ltr'>εἴη</span> 
     </span>
    </p>
   </div>
   <div class='ocr_carea' id='block_1_38' title="bbox 313 2135 1900 2209">
    <p class='ocr_par' dir='ltr' id='par_1_38' title="bbox 313 2135 1900 2209">
     <span class='ocr_line' id='line_1_38' title="bbox 313 2135 1900 2209; baseline -0.005 -15"><span class='ocrx_word' id='word_1_259' title='bbox 313 2142 540 2195; x_wconf 76' lang='grc' dir='ltr'>ἀπιέναι</span> <span class='ocrx_word' id='word_1_260' title='bbox 580 2139 703 2193; x_wconf 88' lang='grc' dir='ltr'>καθ’</span> <span class='ocrx_word' id='word_1_261' title='bbox 760 2141 827 2209; x_wconf 77' lang='grc' dir='ltr'>ὴν</span> <span class='ocrx_word' id='word_1_262' title='bbox 876 2138 1203 2208; x_wconf 84' lang='grc' dir='ltr'>ὁρμήσουσι.</span> <span class='ocrx_word' id='word_1_263' title='bbox 1245 2136 1352 2190; x_wconf 80' lang='grc' dir='ltr'>Καὶ</span> <span class='ocrx_word' id='word_1_264' title='bbox 1392 2136 1440 2188; x_wconf 88' lang='grc' dir='ltr'>εί</span> <span class='ocrx_word' id='word_1_265' title='bbox 1471 2135 1575 2205; x_wconf 82' lang='grc' dir='ltr'>μὲν</span> <span class='ocrx_word' id='word_1_266' title='bbox 1619 2135 1749 2188; x_wconf 80' lang='grc' dir='ltr'>εὐθὺ</span> <span class='ocrx_word' id='word_1_267' title='bbox 1789 2135 1900 2187; x_wconf 87' lang='grc' dir='ltr'>τῶν</span> 
     </span>
    </p>
   </div>
   <div class='ocr_carea' id='block_1_39' title="bbox 313 2225 1898 2302">
    <p class='ocr_par' dir='ltr' id='par_1_39' title="bbox 313 2225 1898 2302">
     <span class='ocr_line' id='line_1_39' title="bbox 313 2225 1898 2302; baseline -0.006 -17"><span class='ocrx_word' id='word_1_268' title='bbox 313 2230 673 2302; x_wconf 76' lang='grc' dir='ltr'>Ἰσραηλιτῶν</span> <span class='ocrx_word' id='word_1_269' title='bbox 702 2227 1118 2288; x_wconf 79' lang='grc' dir='ltr'>ἀπελεύσονται.</span> <span class='ocrx_word' id='word_1_270' title='bbox 1150 2226 1238 2280; x_wconf 80' lang='grc' dir='ltr'>διὰ</span> <span class='ocrx_word' id='word_1_271' title='bbox 1275 2229 1374 2297; x_wconf 78' lang='grc' dir='ltr'>τὴν</span> <span class='ocrx_word' id='word_1_272' title='bbox 1427 2225 1660 2278; x_wconf 72' lang='grc' dir='ltr'>κιϐωτὸν</span> <span class='ocrx_word' id='word_1_273' title='bbox 1691 2225 1898 2278; x_wconf 74' lang='grc' dir='ltr'>οἴεσθαι</span> 
     </span>
    </p>
   </div>
   <div class='ocr_carea' id='block_1_40' title="bbox 318 2316 1898 2394">
    <p class='ocr_par' dir='ltr' id='par_1_40' title="bbox 318 2316 1898 2394">
     <span class='ocr_line' id='line_1_40' title="bbox 318 2316 1898 2394; baseline -0.006 -16"><span class='ocrx_word' id='word_1_274' title='bbox 318 2325 506 2394; x_wconf 59' lang='grc' dir='ltr'>σφίσιν</span> <span class='ocrx_word' id='word_1_275' title='bbox 537 2319 845 2389; x_wconf 76' lang='grc' dir='ltr'>ἐπάγεσθαι</span> <span class='ocrx_word' id='word_1_276' title='bbox 881 2319 952 2373; x_wconf 81' lang='grc' dir='ltr'>τὰ</span> <span class='ocrx_word' id='word_1_277' title='bbox 981 2321 1149 2384; x_wconf 86' lang='grc' dir='ltr'>κακὰ,</span> <span class='ocrx_word' id='word_1_278' title='bbox 1185 2319 1279 2371; x_wconf 74' lang='grc' dir='ltr'>καὶ</span> <span class='ocrx_word' id='word_1_279' title='bbox 1315 2317 1390 2388; x_wconf 75' lang='grc' dir='ltr'>μὴ</span> <span class='ocrx_word' id='word_1_280' title='bbox 1425 2316 1658 2370; x_wconf 85' lang='grc' dir='ltr'>κωλύειν</span> <span class='ocrx_word' id='word_1_281' title='bbox 1688 2316 1787 2386; x_wconf 79' lang='grc' dir='ltr'>τὴν</span> <span class='ocrx_word' id='word_1_282' title='bbox 1818 2316 1898 2379; x_wconf 88' lang='grc' dir='ltr'>είς</span> 
     </span>
    </p>
   </div>
   <div class='ocr_carea' id='block_1_41' title="bbox 312 2407 1899 2485">
    <p class='ocr_par' dir='ltr' id='par_1_41' title="bbox 312 2407 1899 2485">
     <span class='ocr_line' id='line_1_41' title="bbox 312 2407 1899 2485; baseline -0.005 -17"><span class='ocrx_word' id='word_1_283' title='bbox 312 2416 568 2478; x_wconf 73' lang='grc' dir='ltr'>ἐκείνους</span> <span class='ocrx_word' id='word_1_284' title='bbox 600 2411 852 2485; x_wconf 75' lang='grc' dir='ltr'>πορείαν.</span> <span class='ocrx_word' id='word_1_285' title='bbox 887 2411 950 2466; x_wconf 80' lang='lat' dir='ltr'><strong>El</strong></span> <span class='ocrx_word' id='word_1_286' title='bbox 980 2410 1025 2463; x_wconf 79' lang='grc' dir='ltr'>δ’</span> <span class='ocrx_word' id='word_1_287' title='bbox 1051 2409 1242 2465; x_wconf 69' lang='grc' dir='ltr'>ἄλλοσέ</span> <span class='ocrx_word' id='word_1_288' title='bbox 1266 2425 1344 2478; x_wconf 87' lang='grc' dir='ltr'>πη</span> <span class='ocrx_word' id='word_1_289' title='bbox 1375 2407 1608 2474; x_wconf 77' lang='grc' dir='ltr'>ἀπίοιεν,</span> <span class='ocrx_word' id='word_1_290' title='bbox 1639 2407 1899 2479; x_wconf 63' lang='grc' dir='ltr'>ἑπιστρέ-</span> 
     </span>
    </p>
   </div>
   <div class='ocr_carea' id='block_1_42' title="bbox 310 2497 1896 2576">
    <p class='ocr_par' dir='ltr' id='par_1_42' title="bbox 310 2497 1896 2576">
     <span class='ocr_line' id='line_1_42' title="bbox 310 2497 1896 2576; baseline -0.006 -17"><span class='ocrx_word' id='word_1_291' title='bbox 310 2509 412 2576; x_wconf 65' lang='grc' dir='ltr'>ψαι</span> <span class='ocrx_word' id='word_1_292' title='bbox 459 2501 621 2566; x_wconf 78' lang='grc' dir='ltr'>αὖθις</span> <span class='ocrx_word' id='word_1_293' title='bbox 649 2503 752 2566; x_wconf 78' lang='grc' dir='ltr'>τὰς</span> <span class='ocrx_word' id='word_1_294' title='bbox 797 2501 928 2571; x_wconf 87' lang='grc' dir='ltr'>βόας</span> <span class='ocrx_word' id='word_1_295' title='bbox 955 2518 1015 2555; x_wconf 89' lang='grc' dir='ltr'>τε</span> <span class='ocrx_word' id='word_1_296' title='bbox 1045 2499 1139 2554; x_wconf 78' lang='grc' dir='ltr'>καὶ</span> <span class='ocrx_word' id='word_1_297' title='bbox 1168 2499 1268 2570; x_wconf 83' lang='grc' dir='ltr'>τὴν</span> <span class='ocrx_word' id='word_1_298' title='bbox 1299 2499 1540 2570; x_wconf 74' lang='grc' dir='ltr'>ἄμαξαν,</span> <span class='ocrx_word' id='word_1_299' title='bbox 1572 2499 1668 2552; x_wconf 77' lang='grc' dir='ltr'>καὶ</span> <span class='ocrx_word' id='word_1_300' title='bbox 1698 2499 1768 2552; x_wconf 86' lang='grc' dir='ltr'>τὰ</span> <span class='ocrx_word' id='word_1_301' title='bbox 1811 2497 1896 2550; x_wconf 70' lang='grc' dir='ltr'>ἐπ’</span> 
     </span>
    </p>
   </div>
   <div class='ocr_carea' id='block_1_43' title="bbox 311 2591 1898 2668">
    <p class='ocr_par' dir='ltr' id='par_1_43' title="bbox 311 2591 1898 2668">
     <span class='ocr_line' id='line_1_43' title="bbox 311 2591 1898 2668; baseline -0.006 -16"><span class='ocrx_word' id='word_1_302' title='bbox 311 2599 508 2668; x_wconf 72' lang='grc' dir='ltr'>αὐτῆς.</span> <span class='ocrx_word' id='word_1_303' title='bbox 573 2594 1016 2657; x_wconf 70' lang='grc' dir='ltr'>Ἐπιτελόσαντες</span> <span class='ocrx_word' id='word_1_304' title='bbox 1046 2594 1227 2646; x_wconf 86' lang='grc' dir='ltr'>τοίνυν</span> <span class='ocrx_word' id='word_1_305' title='bbox 1273 2591 1342 2644; x_wconf 82' lang='grc' dir='ltr'>τὰ</span> <span class='ocrx_word' id='word_1_306' title='bbox 1384 2591 1632 2655; x_wconf 78' lang='grc' dir='ltr'>δόξαντα,</span> <span class='ocrx_word' id='word_1_307' title='bbox 1679 2591 1898 2660; x_wconf 75' lang='grc' dir='ltr'>ἀφῆκαν</span> 
     </span>
    </p>
   </div>
   <div class='ocr_carea' id='block_1_44' title="bbox 308 2681 1896 2760">
    <p class='ocr_par' dir='ltr' id='par_1_44' title="bbox 308 2681 1896 2760">
     <span class='ocr_line' id='line_1_44' title="bbox 308 2681 1896 2760; baseline -0.007 -14"><span class='ocrx_word' id='word_1_308' title='bbox 308 2694 408 2754; x_wconf 74' lang='grc' dir='ltr'>τὰς</span> <span class='ocrx_word' id='word_1_309' title='bbox 441 2691 595 2760; x_wconf 79' lang='grc' dir='ltr'>βόας,</span> <span class='ocrx_word' id='word_1_310' title='bbox 631 2689 872 2760; x_wconf 82' lang='grc' dir='ltr'>μήκοθεν</span> <span class='ocrx_word' id='word_1_311' title='bbox 933 2687 1188 2755; x_wconf 78' lang='grc' dir='ltr'>ἑπόμενοι</span> <span class='ocrx_word' id='word_1_312' title='bbox 1220 2685 1315 2737; x_wconf 76' lang='grc' dir='ltr'>καὶ</span> <span class='ocrx_word' id='word_1_313' title='bbox 1340 2684 1494 2736; x_wconf 78' lang='grc' dir='ltr'>αὐτοὶ</span> <span class='ocrx_word' id='word_1_314' title='bbox 1527 2683 1595 2736; x_wconf 71' lang='grc' dir='ltr'>ἵν’</span> <span class='ocrx_word' id='word_1_315' title='bbox 1632 2681 1804 2752; x_wconf 84' lang='grc' dir='ltr'>όρῷεν</span> <span class='ocrx_word' id='word_1_316' title='bbox 1835 2681 1896 2735; x_wconf 88' lang='grc' dir='ltr'>τὸ</span> 
     </span>
    </p>
   </div>
   <div class='ocr_carea' id='block_1_45' title="bbox 310 2774 1897 2853">
    <p class='ocr_par' dir='ltr' id='par_1_45' title="bbox 310 2774 1897 2853">
     <span class='ocr_line' id='line_1_45' title="bbox 310 2774 1897 2853; baseline -0.008 -17"><span class='ocrx_word' id='word_1_317' title='bbox 310 2784 707 2853; x_wconf 76' lang='grc' dir='ltr'>ἐκϐησόμενον.</span> <span class='ocrx_word' id='word_1_318' title='bbox 730 2781 796 2834; x_wconf 81' lang='lat' dir='ltr'><strong>Al</strong></span> <span class='ocrx_word' id='word_1_319' title='bbox 816 2780 873 2834; x_wconf 84' lang='grc' dir='ltr'>δὲ</span> <span class='ocrx_word' id='word_1_320' title='bbox 899 2779 1018 2832; x_wconf 81' lang='grc' dir='ltr'>κατ’</span> <span class='ocrx_word' id='word_1_321' title='bbox 1043 2778 1171 2832; x_wconf 76' lang='grc' dir='ltr'>εὐθὺ</span> <span class='ocrx_word' id='word_1_322' title='bbox 1194 2777 1304 2830; x_wconf 85' lang='grc' dir='ltr'>τῶν</span> <span class='ocrx_word' id='word_1_323' title='bbox 1340 2775 1610 2848; x_wconf 80' lang='grc' dir='ltr'>Ἐϐραίων</span> <span class='ocrx_word' id='word_1_324' title='bbox 1632 2774 1897 2845; x_wconf 83' lang='grc' dir='ltr'>ἀπῄεσαν,</span> 
     </span>
    </p>
   </div>
   <div class='ocr_carea' id='block_1_46' title="bbox 315 2866 1898 2945">
    <p class='ocr_par' dir='ltr' id='par_1_46' title="bbox 315 2866 1898 2945">
     <span class='ocr_line' id='line_1_46' title="bbox 315 2866 1898 2945; baseline -0.008 -16"><span class='ocrx_word' id='word_1_325' title='bbox 315 2877 411 2929; x_wconf 76' lang='grc' dir='ltr'>καὶ</span> <span class='ocrx_word' id='word_1_326' title='bbox 456 2876 520 2928; x_wconf 87' lang='grc' dir='ltr'>ού</span> <span class='ocrx_word' id='word_1_327' title='bbox 563 2873 834 2945; x_wconf 88' lang='grc' dir='ltr'>πρότερον</span> <span class='ocrx_word' id='word_1_328' title='bbox 869 2871 1107 2942; x_wconf 76' lang='grc' dir='ltr'>ἔστησαν</span> <span class='ocrx_word' id='word_1_329' title='bbox 1151 2871 1280 2941; x_wconf 76' lang='grc' dir='ltr'>πρὶν</span> <span class='ocrx_word' id='word_1_330' title='bbox 1322 2871 1402 2932; x_wconf 86' lang='grc' dir='ltr'>είς</span> <span class='ocrx_word' id='word_1_331' title='bbox 1449 2871 1594 2939; x_wconf 86' lang='grc' dir='ltr'>μέγα</span> <span class='ocrx_word' id='word_1_332' title='bbox 1619 2866 1802 2922; x_wconf 84' lang='grc' dir='ltr'>πεδίον</span> <span class='ocrx_word' id='word_1_333' title='bbox 1840 2867 1898 2917; x_wconf 81' lang='grc' dir='ltr'>ἐν</span> 
     </span>
    </p>
   </div>
   <div class='ocr_carea' id='block_1_47' title="bbox 316 2955 1900 3038">
    <p class='ocr_par' dir='ltr' id='par_1_47' title="bbox 316 2955 1900 3038">
     <span class='ocr_line' id='line_1_47' title="bbox 316 2955 1900 3038; baseline -0.008 -17"><span class='ocrx_word' id='word_1_334' title='bbox 316 2969 656 3038; x_wconf 65' lang='grc' dir='ltr'>ιιεθεσαμοίς</span> <span class='ocrx_word' id='word_1_335' title='bbox 705 2963 1134 3033; x_wconf 77' lang='grc' dir='ltr'>κατηντήκασιν.</span> <span class='ocrx_word' id='word_1_336' title='bbox 1177 2961 1267 3024; x_wconf 82' lang='grc' dir='ltr'>Ὠς</span> <span class='ocrx_word' id='word_1_337' title='bbox 1309 2961 1356 3013; x_wconf 84' lang='grc' dir='ltr'>δ’</span> <span class='ocrx_word' id='word_1_338' title='bbox 1400 2955 1542 3012; x_wconf 73' lang='grc' dir='ltr'>εἶδον</span> <span class='ocrx_word' id='word_1_339' title='bbox 1570 2961 1621 3013; x_wconf 89' lang='grc' dir='ltr'>οί</span> <span class='ocrx_word' id='word_1_340' title='bbox 1647 2957 1747 3027; x_wconf 82' lang='grc' dir='ltr'>τῆς</span> <span class='ocrx_word' id='word_1_341' title='bbox 1789 2957 1900 3010; x_wconf 86' lang='grc' dir='ltr'>κώ-</span> 
     </span>
    </p>
   </div>
   <div class='ocr_carea' id='block_1_48' title="bbox 314 3049 1898 3132">
    <p class='ocr_par' dir='ltr' id='par_1_48' title="bbox 314 3049 1898 3132">
     <span class='ocr_line' id='line_1_48' title="bbox 314 3049 1898 3132; baseline -0.009 -17"><span class='ocrx_word' id='word_1_342' title='bbox 314 3079 423 3132; x_wconf 78' lang='grc' dir='ltr'>μης</span> <span class='ocrx_word' id='word_1_343' title='bbox 441 3059 667 3127; x_wconf 68' lang='grc' dir='ltr'>ἐκείνης</span> <span class='ocrx_word' id='word_1_344' title='bbox 688 3056 880 3126; x_wconf 77' lang='grc' dir='ltr'>ἄνδρες</span> <span class='ocrx_word' id='word_1_345' title='bbox 905 3055 1004 3124; x_wconf 79' lang='grc' dir='ltr'>τὴν</span> <span class='ocrx_word' id='word_1_346' title='bbox 1029 3053 1282 3115; x_wconf 87' lang='grc' dir='ltr'>κιϐωτὸν,</span> <span class='ocrx_word' id='word_1_347' title='bbox 1309 3052 1660 3124; x_wconf 80' lang='grc' dir='ltr'>ὡρμήκασιν,</span> <span class='ocrx_word' id='word_1_348' title='bbox 1687 3050 1774 3102; x_wconf 71' lang='grc' dir='ltr'>ἐπ’</span> <span class='ocrx_word' id='word_1_349' title='bbox 1799 3049 1898 3102; x_wconf 82' lang='grc' dir='ltr'>αύ-</span> 
     </span>
    </p>
   </div>
   <div class='ocr_carea' id='block_1_49' title="bbox 309 3138 1895 3224">
    <p class='ocr_par' dir='ltr' id='par_1_49' title="bbox 309 3138 1895 3224">
     <span class='ocr_line' id='line_1_49' title="bbox 309 3138 1895 3224; baseline -0.011 -18"><span class='ocrx_word' id='word_1_350' title='bbox 309 3156 448 3224; x_wconf 76' lang='grc' dir='ltr'>τήν-</span> <span class='ocrx_word' id='word_1_351' title='bbox 522 3151 622 3203; x_wconf 81' lang='grc' dir='ltr'>καὶ</span> <span class='ocrx_word' id='word_1_352' title='bbox 699 3145 1021 3208; x_wconf 80' lang='grc' dir='ltr'>καθελόντες</span> <span class='ocrx_word' id='word_1_353' title='bbox 1086 3145 1151 3198; x_wconf 84' lang='grc' dir='ltr'>ὲκ</span> <span class='ocrx_word' id='word_1_354' title='bbox 1225 3143 1326 3211; x_wconf 79' lang='grc' dir='ltr'>τῆς</span> <span class='ocrx_word' id='word_1_355' title='bbox 1407 3141 1626 3210; x_wconf 82' lang='grc' dir='ltr'>ἀμάξης</span> <span class='ocrx_word' id='word_1_356' title='bbox 1703 3138 1895 3209; x_wconf 82' lang='grc' dir='ltr'>αὐτὴν,</span> 
     </span>
    </p>
   </div>
   <div class='ocr_carea' id='block_1_50' title="bbox 314 3229 1898 3309">
    <p class='ocr_par' dir='ltr' id='par_1_50' title="bbox 314 3229 1898 3309">
     <span class='ocr_line' id='line_1_50' title="bbox 314 3229 1898 3309; baseline -0.01 -11"><span class='ocrx_word' id='word_1_357' title='bbox 314 3247 521 3299; x_wconf 70' lang='grc' dir='ltr'>ἔθυσαν</span> <span class='ocrx_word' id='word_1_358' title='bbox 538 3241 639 3301; x_wconf 76' lang='grc' dir='ltr'>τὰς</span> <span class='ocrx_word' id='word_1_359' title='bbox 657 3238 920 3309; x_wconf 78' lang='grc' dir='ltr'>βόας.καὶ</span> <span class='ocrx_word' id='word_1_360' title='bbox 938 3239 1049 3299; x_wconf 81' lang='grc' dir='ltr'>τοῖς</span> <span class='ocrx_word' id='word_1_361' title='bbox 1083 3235 1262 3300; x_wconf 82' lang='grc' dir='ltr'>ξύλοις</span> <span class='ocrx_word' id='word_1_362' title='bbox 1286 3229 1368 3296; x_wconf 71' lang='grc' dir='ltr'>οἷς</span> <span class='ocrx_word' id='word_1_363' title='bbox 1394 3236 1428 3304; x_wconf 73' lang='grc' dir='ltr'><strong>ἡ</strong></span> <span class='ocrx_word' id='word_1_364' title='bbox 1451 3232 1639 3303; x_wconf 70' lang='grc' dir='ltr'>ἅμαξα</span> <span class='ocrx_word' id='word_1_365' title='bbox 1671 3231 1898 3300; x_wconf 86' lang='grc' dir='ltr'>εῐργασ-</span> 
     </span>
    </p>
   </div>
   <div class='ocr_carea' id='block_1_51' title="bbox 311 3327 1900 3405">
    <p class='ocr_par' dir='ltr' id='par_1_51' title="bbox 311 3327 1900 3405">
     <span class='ocr_line' id='line_1_51' title="bbox 311 3327 1900 3405; baseline -0.01 -13"><span class='ocrx_word' id='word_1_366' title='bbox 311 3357 390 3399; x_wconf 82' lang='grc' dir='ltr'>το.</span> <span class='ocrx_word' id='word_1_367' title='bbox 421 3335 594 3398; x_wconf 75' lang='grc' dir='ltr'>αὐτὰς</span> <span class='ocrx_word' id='word_1_368' title='bbox 634 3330 1056 3386; x_wconf 84' lang='grc' dir='ltr'>ὡλοκαύτωσαν.</span> <span class='ocrx_word' id='word_1_369' title='bbox 1078 3329 1258 3399; x_wconf 88' lang='grc' dir='ltr'>Ὅπερ</span> <span class='ocrx_word' id='word_1_370' title='bbox 1292 3328 1502 3405; x_wconf 74' lang='grc' dir='ltr'>ἰδόντες,</span> <span class='ocrx_word' id='word_1_371' title='bbox 1523 3329 1573 3379; x_wconf 87' lang='grc' dir='ltr'>οἱ</span> <span class='ocrx_word' id='word_1_372' title='bbox 1608 3327 1900 3378; x_wconf 80' lang='grc' dir='ltr'>Παλαιστιο</span> 
     </span>
    </p>
   </div>
   <div class='ocr_carea' id='block_1_52' title="bbox 312 3415 1897 3492">
    <p class='ocr_par' dir='ltr' id='par_1_52' title="bbox 312 3415 1897 3492">
     <span class='ocr_line' id='line_1_52' title="bbox 312 3415 1897 3492; baseline -0.008 -12"><span class='ocrx_word' id='word_1_373' title='bbox 312 3433 414 3492; x_wconf 69' lang='lat' dir='ltr'><strong>yol,</strong></span> <span class='ocrx_word' id='word_1_374' title='bbox 434 3426 838 3492; x_wconf 83' lang='grc' dir='ltr'>ύπενόστησαν.</span> <span class='ocrx_word' id='word_1_375' title='bbox 857 3419 995 3482; x_wconf 85' lang='grc' dir='ltr'>Τοὺς</span> <span class='ocrx_word' id='word_1_376' title='bbox 1013 3420 1058 3473; x_wconf 85' lang='grc' dir='ltr'>δ’</span> <span class='ocrx_word' id='word_1_377' title='bbox 1080 3420 1392 3490; x_wconf 79' lang='grc' dir='ltr'>ἁψαμένους</span> <span class='ocrx_word' id='word_1_378' title='bbox 1409 3417 1508 3488; x_wconf 81' lang='grc' dir='ltr'>τῆς</span> <span class='ocrx_word' id='word_1_379' title='bbox 1541 3415 1797 3482; x_wconf 82' lang='grc' dir='ltr'>κιϐωτοῦ,</span> <span class='ocrx_word' id='word_1_380' title='bbox 1823 3416 1897 3486; x_wconf 84' lang='grc' dir='ltr'>μὴ</span> 
     </span>
    </p>
   </div>
   <div class='ocr_carea' id='block_1_53' title="bbox 312 3509 1898 3586">
    <p class='ocr_par' dir='ltr' id='par_1_53' title="bbox 312 3509 1898 3586">
     <span class='ocr_line' id='line_1_53' title="bbox 312 3509 1898 3586; baseline -0.008 -14"><span class='ocrx_word' id='word_1_381' title='bbox 312 3521 475 3581; x_wconf 63' lang='lat' dir='ltr'><strong>bna;</strong></span> <span class='ocrx_word' id='word_1_382' title='bbox 507 3518 697 3586; x_wconf 82' lang='grc' dir='ltr'>ίερείς,</span> <span class='ocrx_word' id='word_1_383' title='bbox 733 3511 1014 3583; x_wconf 82' lang='grc' dir='ltr'>ὀργισθείς</span> <span class='ocrx_word' id='word_1_384' title='bbox 1041 3512 1070 3564; x_wconf 87' lang='grc' dir='ltr'>ό</span> <span class='ocrx_word' id='word_1_385' title='bbox 1099 3510 1233 3574; x_wconf 85' lang='grc' dir='ltr'>Θεὸς</span> <span class='ocrx_word' id='word_1_386' title='bbox 1260 3509 1622 3564; x_wconf 75' lang='grc' dir='ltr'>ἐθανάτωσεν.</span> <span class='ocrx_word' id='word_1_387' title='bbox 1648 3509 1711 3562; x_wconf 85' lang='grc' dir='ltr'>Οί</span> <span class='ocrx_word' id='word_1_388' title='bbox 1751 3509 1806 3561; x_wconf 80' lang='grc' dir='ltr'>δέ</span> <span class='ocrx_word' id='word_1_389' title='bbox 1835 3523 1898 3575; x_wconf 84' lang='grc' dir='ltr'>γε</span> 
     </span>
    </p>
   </div>
   <div class='ocr_carea' id='block_1_54' title="bbox 317 3601 1901 3676">
    <p class='ocr_par' dir='ltr' id='par_1_54' title="bbox 317 3601 1901 3676">
     <span class='ocr_line' id='line_1_54' title="bbox 317 3601 1901 3676; baseline -0.007 -12"><span class='ocrx_word' id='word_1_390' title='bbox 317 3611 498 3664; x_wconf 78' lang='grc' dir='ltr'>λοιποὶ</span> <span class='ocrx_word' id='word_1_391' title='bbox 533 3607 613 3676; x_wconf 82' lang='grc' dir='ltr'>τῷ</span> <span class='ocrx_word' id='word_1_392' title='bbox 643 3603 810 3675; x_wconf 83' lang='grc' dir='ltr'>κοινῷ</span> <span class='ocrx_word' id='word_1_393' title='bbox 852 3603 964 3656; x_wconf 84' lang='grc' dir='ltr'>τῶν</span> <span class='ocrx_word' id='word_1_394' title='bbox 1003 3602 1271 3674; x_wconf 82' lang='grc' dir='ltr'>Ἐϐραίων</span> <span class='ocrx_word' id='word_1_395' title='bbox 1312 3602 1620 3674; x_wconf 71' lang='grc' dir='ltr'>ἐγνώρισαν</span> <span class='ocrx_word' id='word_1_396' title='bbox 1662 3601 1732 3654; x_wconf 80' lang='grc' dir='ltr'>τὰ</span> <span class='ocrx_word' id='word_1_397' title='bbox 1770 3603 1901 3670; x_wconf 72' lang='grc' dir='ltr'>περὶ</span> 
     </span>
    </p>
   </div>
   <div class='ocr_carea' id='block_1_55' title="bbox 320 3695 1900 3772">
    <p class='ocr_par' dir='ltr' id='par_1_55' title="bbox 320 3695 1900 3772">
     <span class='ocr_line' id='line_1_55' title="bbox 320 3695 1900 3772; baseline -0.006 -16"><span class='ocrx_word' id='word_1_398' title='bbox 320 3705 418 3772; x_wconf 70' lang='grc' dir='ltr'>τῆς</span> <span class='ocrx_word' id='word_1_399' title='bbox 437 3699 673 3756; x_wconf 86' lang='grc' dir='ltr'>κιϐωτοῦ</span> <span class='ocrx_word' id='word_1_400' title='bbox 688 3716 704 3732; x_wconf 78' lang='grc' dir='ltr'><strong>ο</strong></span> <span class='ocrx_word' id='word_1_401' title='bbox 744 3698 990 3751; x_wconf 74' lang='grc' dir='ltr'>κάκεῖνοι</span> <span class='ocrx_word' id='word_1_402' title='bbox 1008 3695 1266 3758; x_wconf 90' lang='grc' dir='ltr'>λαϐόντες</span> <span class='ocrx_word' id='word_1_403' title='bbox 1281 3695 1474 3764; x_wconf 81' lang='grc' dir='ltr'>αὐτὴν,</span> <span class='ocrx_word' id='word_1_404' title='bbox 1493 3697 1800 3766; x_wconf 80' lang='grc' dir='ltr'>ἀπάγουσιν</span> <span class='ocrx_word' id='word_1_405' title='bbox 1818 3697 1900 3758; x_wconf 86' lang='grc' dir='ltr'>είς</span> 
     </span>
    </p>
   </div>
   <div class='ocr_carea' id='block_1_56' title="bbox 326 3783 1902 3861">
    <p class='ocr_par' dir='ltr' id='par_1_56' title="bbox 326 3783 1902 3861">
     <span class='ocr_line' id='line_1_56' title="bbox 326 3783 1902 3861; baseline -0.006 -14"><span class='ocrx_word' id='word_1_406' title='bbox 326 3791 733 3861; x_wconf 71' lang='grc' dir='ltr'>Καριαθιαρεὶμ</span> <span class='ocrx_word' id='word_1_407' title='bbox 754 3827 769 3851; x_wconf 92' lang='grc'>,</span> <span class='ocrx_word' id='word_1_408' title='bbox 796 3786 891 3841; x_wconf 80' lang='grc' dir='ltr'>καὶ</span> <span class='ocrx_word' id='word_1_409' title='bbox 907 3787 986 3850; x_wconf 84' lang='grc' dir='ltr'>είς</span> <span class='ocrx_word' id='word_1_410' title='bbox 997 3785 1174 3838; x_wconf 89' lang='grc' dir='ltr'>οίκίαν</span> <span class='ocrx_word' id='word_1_411' title='bbox 1190 3783 1492 3854; x_wconf 63' lang='grc' dir='ltr'>Ἀμιναδάϐ</span> <span class='ocrx_word' id='word_1_412' title='bbox 1513 3785 1601 3856; x_wconf 79' lang='grc' dir='ltr'>(ἐκ</span> <span class='ocrx_word' id='word_1_413' title='bbox 1620 3785 1720 3856; x_wconf 82' lang='grc' dir='ltr'>τῆς</span> <span class='ocrx_word' id='word_1_414' title='bbox 1745 3788 1902 3838; x_wconf 83' lang='grc' dir='ltr'>Λευῖ-</span> 
     </span>
    </p>
   </div>
   <div class='ocr_carea' id='block_1_57' title="bbox 318 3875 1900 3954">
    <p class='ocr_par' dir='ltr' id='par_1_57' title="bbox 318 3875 1900 3954">
     <span class='ocr_line' id='line_1_57' title="bbox 318 3875 1900 3954; baseline -0.005 -18"><span class='ocrx_word' id='word_1_415' title='bbox 318 3885 481 3954; x_wconf 79' lang='grc' dir='ltr'>τικῆς</span> <span class='ocrx_word' id='word_1_416' title='bbox 497 3877 651 3944; x_wconf 71' lang='grc' dir='ltr'>οὗτος</span> <span class='ocrx_word' id='word_1_417' title='bbox 673 3879 872 3950; x_wconf 77' lang='grc' dir='ltr'>φυλῆς)</span> <span class='ocrx_word' id='word_1_418' title='bbox 894 3875 1293 3931; x_wconf 81' lang='grc' dir='ltr'>κατατίθενται.</span> <span class='ocrx_word' id='word_1_419' title='bbox 1320 3877 1429 3928; x_wconf 80' lang='grc' dir='ltr'>Καὶ</span> <span class='ocrx_word' id='word_1_420' title='bbox 1445 3875 1657 3946; x_wconf 79' lang='grc' dir='ltr'>ἔμεινεν</span> <span class='ocrx_word' id='word_1_421' title='bbox 1675 3878 1788 3930; x_wconf 82' lang='grc' dir='ltr'>ὲκεί</span> <span class='ocrx_word' id='word_1_422' title='bbox 1806 3877 1900 3946; x_wconf 77' lang='grc' dir='ltr'>ἔτη</span> 
     </span>
    </p>
   </div>
   <div class='ocr_carea' id='block_1_58' title="bbox 319 3967 1902 4043">
    <p class='ocr_par' dir='ltr' id='par_1_58' title="bbox 319 3967 1902 4043">
     <span class='ocr_line' id='line_1_58' title="bbox 319 3967 1902 4043; baseline -0.007 -15"><span class='ocrx_word' id='word_1_423' title='bbox 319 3979 512 4038; x_wconf 77' lang='grc' dir='ltr'>εἰκοσι,</span> <span class='ocrx_word' id='word_1_424' title='bbox 529 3971 755 4043; x_wconf 74' lang='grc' dir='ltr'>παρὰᾶ</span> <span class='ocrx_word' id='word_1_425' title='bbox 773 3972 885 4033; x_wconf 81' lang='grc' dir='ltr'>τοῖς</span> <span class='ocrx_word' id='word_1_426' title='bbox 911 3967 1230 4036; x_wconf 77' lang='grc' dir='ltr'>ἀλλοφύλοις</span> <span class='ocrx_word' id='word_1_427' title='bbox 1254 3969 1431 4037; x_wconf 81' lang='grc' dir='ltr'>μῆνας</span> <span class='ocrx_word' id='word_1_428' title='bbox 1457 3967 1764 4043; x_wconf 84' lang='grc' dir='ltr'>τέσσαρας.</span> <span class='ocrx_word' id='word_1_429' title='bbox 1800 3967 1902 4018; x_wconf 75' lang='grc' dir='ltr'>Σαι-</span> 
     </span>
    </p>
   </div>
   <div class='ocr_carea' id='block_1_59' title="bbox 321 4057 1902 4138">
    <p class='ocr_par' dir='ltr' id='par_1_59' title="bbox 321 4057 1902 4138">
     <span class='ocr_line' id='line_1_59' title="bbox 321 4057 1902 4138; baseline -0.021 3"><span class='ocrx_word' id='word_1_430' title='bbox 321 4067 493 4138; x_wconf 71' lang='grc' dir='ltr'>μουὴλ</span> <span class='ocrx_word' id='word_1_431' title='bbox 513 4065 570 4118; x_wconf 72' lang='grc' dir='ltr'>δὲ</span> <span class='ocrx_word' id='word_1_432' title='bbox 595 4065 624 4116; x_wconf 78' lang='grc' dir='ltr'>ὁ</span> <span class='ocrx_word' id='word_1_433' title='bbox 649 4061 936 4133; x_wconf 79' lang='grc' dir='ltr'>προφήτης</span> <span class='ocrx_word' id='word_1_434' title='bbox 964 4059 1105 4129; x_wconf 81' lang='grc' dir='ltr'>μέγα</span> <span class='ocrx_word' id='word_1_435' title='bbox 1125 4059 1226 4130; x_wconf 78' lang='grc' dir='ltr'>ἤδη</span> <span class='ocrx_word' id='word_1_436' title='bbox 1246 4058 1390 4128; x_wconf 86' lang='grc' dir='ltr'>σχὼν</span> <span class='ocrx_word' id='word_1_437' title='bbox 1413 4057 1602 4127; x_wconf 79' lang='grc' dir='ltr'>ὗνομα,</span> <span class='ocrx_word' id='word_1_438' title='bbox 1627 4061 1722 4111; x_wconf 71' lang='grc' dir='ltr'>καὶ</span> <span class='ocrx_word' id='word_1_439' title='bbox 1744 4059 1902 4127; x_wconf 76' lang='grc' dir='ltr'>δόξης</span> 
     </span>
    </p>
   </div>
   <div class='ocr_carea' id='block_1_60' title="bbox 320 4149 1903 4230">
    <p class='ocr_par' dir='ltr' id='par_1_60' title="bbox 320 4149 1903 4230">
     <span class='ocr_line' id='line_1_60' title="bbox 320 4149 1903 4230; baseline -0.006 -18"><span class='ocrx_word' id='word_1_440' title='bbox 320 4163 471 4230; x_wconf 73' lang='grc' dir='ltr'>ἥκων</span> <span class='ocrx_word' id='word_1_441' title='bbox 491 4159 590 4212; x_wconf 74' lang='grc' dir='ltr'>ἐπὶ</span> <span class='ocrx_word' id='word_1_442' title='bbox 620 4157 780 4218; x_wconf 77' lang='grc' dir='ltr'>πολὺ,</span> <span class='ocrx_word' id='word_1_443' title='bbox 815 4151 1137 4220; x_wconf 86' lang='grc' dir='ltr'>συναγαγὼν</span> <span class='ocrx_word' id='word_1_444' title='bbox 1173 4152 1261 4202; x_wconf 87' lang='grc' dir='ltr'>τὸν</span> <span class='ocrx_word' id='word_1_445' title='bbox 1292 4150 1418 4203; x_wconf 88' lang='grc' dir='ltr'>λαὸν</span> <span class='ocrx_word' id='word_1_446' title='bbox 1441 4151 1571 4220; x_wconf 78' lang='grc' dir='ltr'>περὶ</span> <span class='ocrx_word' id='word_1_447' title='bbox 1591 4149 1903 4218; x_wconf 79' lang='grc' dir='ltr'>ἐλευθερίας</span> 
     </span>
    </p>
   </div>
   <div class='ocr_carea' id='block_1_61' title="bbox 319 4242 1901 4321">
    <p class='ocr_par' dir='ltr' id='par_1_61' title="bbox 319 4242 1901 4321">
     <span class='ocr_line' id='line_1_61' title="bbox 319 4242 1901 4321; baseline -0.005 -17"><span class='ocrx_word' id='word_1_448' title='bbox 319 4250 467 4321; x_wconf 77' lang='grc' dir='ltr'>αύτῷ</span> <span class='ocrx_word' id='word_1_449' title='bbox 500 4246 801 4315; x_wconf 82' lang='grc' dir='ltr'>διειλέχθη,</span> <span class='ocrx_word' id='word_1_450' title='bbox 833 4245 928 4298; x_wconf 76' lang='grc' dir='ltr'>καὶ</span> <span class='ocrx_word' id='word_1_451' title='bbox 961 4243 1144 4296; x_wconf 75' lang='grc' dir='ltr'>ἔπεισε</span> <span class='ocrx_word' id='word_1_452' title='bbox 1180 4242 1380 4310; x_wconf 84' lang='grc' dir='ltr'>ταύτης</span> <span class='ocrx_word' id='word_1_453' title='bbox 1425 4243 1901 4312; x_wconf 82' lang='grc' dir='ltr'>ἀντιποιήσασθαι.</span> 
     </span>
    </p>
   </div>
   <div class='ocr_carea' id='block_1_62' title="bbox 325 4333 1904 4410">
    <p class='ocr_par' dir='ltr' id='par_1_62' title="bbox 325 4333 1904 4410">
     <span class='ocr_line' id='line_1_62' title="bbox 325 4333 1904 4410; baseline -0.007 -16"><span class='ocrx_word' id='word_1_454' title='bbox 325 4345 392 4393; x_wconf 87' lang='grc' dir='ltr'><strong>Ὀ</strong></span> <span class='ocrx_word' id='word_1_455' title='bbox 441 4340 715 4410; x_wconf 79' lang='grc' dir='ltr'>μαθόντες</span> <span class='ocrx_word' id='word_1_456' title='bbox 771 4338 822 4388; x_wconf 89' lang='grc' dir='ltr'>οί</span> <span class='ocrx_word' id='word_1_457' title='bbox 874 4334 1260 4398; x_wconf 75' lang='grc' dir='ltr'>Παλαιστινοὶ,</span> <span class='ocrx_word' id='word_1_458' title='bbox 1313 4333 1739 4403; x_wconf 84' lang='grc' dir='ltr'>ἀπροσδοκήτως</span> <span class='ocrx_word' id='word_1_459' title='bbox 1789 4337 1904 4396; x_wconf 86' lang='grc' dir='ltr'>τοῖς</span> 
     </span>
    </p>
   </div>
   <div class='ocr_carea' id='block_1_63' title="bbox 2002 1962 3574 2034">
    <p class='ocr_par' dir='ltr' id='par_1_63' title="bbox 2002 1962 3574 2034">
     <span class='ocr_line' id='line_1_63' title="bbox 2002 1962 3574 2034; baseline -0.001 -16"><span class='ocrx_word' id='word_1_460' title='bbox 2002 1963 2112 2034; x_wconf 77' lang='lat'>58</span> <span class='ocrx_word' id='word_1_461' title='bbox 2139 1980 2206 2018; x_wconf 88' lang='lat' dir='ltr'>eo</span> <span class='ocrx_word' id='word_1_462' title='bbox 2230 1964 2361 2019; x_wconf 90' lang='lat' dir='ltr'><strong>sint.</strong></span> <span class='ocrx_word' id='word_1_463' title='bbox 2394 1963 2516 2027; x_wconf 82' lang='lat' dir='ltr'><strong>His,</strong></span> <span class='ocrx_word' id='word_1_464' title='bbox 2551 1973 2610 2017; x_wconf 93' lang='lat' dir='ltr'><strong>ut</strong></span> <span class='ocrx_word' id='word_1_465' title='bbox 2645 1963 2927 2017; x_wconf 86' lang='lat' dir='ltr'><strong>decretum</strong></span> <span class='ocrx_word' id='word_1_466' title='bbox 2953 1962 3150 2028; x_wconf 83' lang='lat' dir='ltr'><strong>fuerat,</strong></span> <span class='ocrx_word' id='word_1_467' title='bbox 3189 1963 3448 2032; x_wconf 89' lang='lat' dir='ltr'><strong>peractis.</strong></span> <span class='ocrx_word' id='word_1_468' title='bbox 3483 1962 3574 2017; x_wconf 87' lang='lat' dir='ltr'><strong>di-</strong></span> 
     </span>
    </p>
   </div>
   <div class='ocr_carea' id='block_1_64' title="bbox 2001 2053 3575 2124">
    <p class='ocr_par' dir='ltr' id='par_1_64' title="bbox 2001 2053 3575 2124">
     <span class='ocr_line' id='line_1_64' title="bbox 2001 2053 3575 2124; baseline -0.001 -14"><span class='ocrx_word' id='word_1_469' title='bbox 2001 2057 2202 2110; x_wconf 82' lang='lat' dir='ltr'><strong>misere</strong></span> <span class='ocrx_word' id='word_1_470' title='bbox 2244 2056 2433 2117; x_wconf 83' lang='lat' dir='ltr'><strong>boves,</strong></span> <span class='ocrx_word' id='word_1_471' title='bbox 2477 2055 2692 2110; x_wconf 89' lang='lat' dir='ltr'><strong>cminus</strong></span> <span class='ocrx_word' id='word_1_472' title='bbox 2733 2053 2836 2123; x_wconf 87' lang='lat' dir='ltr'><strong>ipsi</strong></span> <span class='ocrx_word' id='word_1_473' title='bbox 2869 2065 3185 2124; x_wconf 85' lang='lat' dir='ltr'><strong>sequentes,</strong></span> <span class='ocrx_word' id='word_1_474' title='bbox 3220 2063 3280 2109; x_wconf 90' lang='lat' dir='ltr'><strong>ut</strong></span> <span class='ocrx_word' id='word_1_475' title='bbox 3315 2062 3575 2110; x_wconf 87' lang='lat' dir='ltr'><strong>eventum</strong></span> 
     </span>
    </p>
   </div>
   <div class='ocr_carea' id='block_1_65' title="bbox 1999 2145 3577 2216">
    <p class='ocr_par' dir='ltr' id='par_1_65' title="bbox 1999 2145 3577 2216">
     <span class='ocr_line' id='line_1_65' title="bbox 1999 2145 3577 2216; baseline -0.001 -15"><span class='ocrx_word' id='word_1_476' title='bbox 1999 2147 2276 2202; x_wconf 86' lang='lat' dir='ltr'><strong>viderent.</strong></span> <span class='ocrx_word' id='word_1_477' title='bbox 2307 2149 2376 2202; x_wconf 79' lang='lat' dir='ltr'><strong>At</strong></span> <span class='ocrx_word' id='word_1_478' title='bbox 2421 2147 2527 2202; x_wconf 68' lang='lat' dir='ltr'><strong>illae</strong></span> <span class='ocrx_word' id='word_1_479' title='bbox 2553 2153 2702 2201; x_wconf 91' lang='lat' dir='ltr'><strong>recta</strong></span> <span class='ocrx_word' id='word_1_480' title='bbox 2734 2161 2929 2200; x_wconf 86' lang='lat' dir='ltr'><strong>versus</strong></span> <span class='ocrx_word' id='word_1_481' title='bbox 2970 2147 3232 2201; x_wconf 63' lang='lat' dir='ltr'><strong>Hebraeos</strong></span> <span class='ocrx_word' id='word_1_482' title='bbox 3267 2145 3368 2207; x_wconf 89' lang='lat' dir='ltr'><strong>ire.</strong></span> <span class='ocrx_word' id='word_1_483' title='bbox 3399 2162 3577 2216; x_wconf 87' lang='lat' dir='ltr'><strong>neque</strong></span> 
     </span>
    </p>
   </div>
   <div class='ocr_carea' id='block_1_66' title="bbox 2003 2238 3570 2310">
    <p class='ocr_par' dir='ltr' id='par_1_66' title="bbox 2003 2238 3570 2310">
     <span class='ocr_line' id='line_1_66' title="bbox 2003 2238 3570 2310; baseline -0.003 -13"><span class='ocrx_word' id='word_1_484' title='bbox 2003 2242 2309 2297; x_wconf 87' lang='lat' dir='ltr'><strong>subsistere</strong></span> <span class='ocrx_word' id='word_1_485' title='bbox 2343 2240 2518 2310; x_wconf 89' lang='lat' dir='ltr'><strong>prius,</strong></span> <span class='ocrx_word' id='word_1_486' title='bbox 2554 2253 2717 2309; x_wconf 80' lang='lat' dir='ltr'><strong>quam</strong></span> <span class='ocrx_word' id='word_1_487' title='bbox 2742 2238 2797 2294; x_wconf 95' lang='lat' dir='ltr'>in</span> <span class='ocrx_word' id='word_1_488' title='bbox 2829 2253 3084 2308; x_wconf 89' lang='lat' dir='ltr'><strong>magnum</strong></span> <span class='ocrx_word' id='word_1_489' title='bbox 3117 2254 3369 2309; x_wconf 86' lang='lat' dir='ltr'><strong>campum</strong></span> <span class='ocrx_word' id='word_1_490' title='bbox 3402 2240 3570 2293; x_wconf 84' lang='lat' dir='ltr'><strong>Beth-</strong></span> 
     </span>
    </p>
   </div>
   <div class='ocr_carea' id='block_1_67' title="bbox 1999 2326 3575 2402">
    <p class='ocr_par' dir='ltr' id='par_1_67' title="bbox 1999 2326 3575 2402">
     <span class='ocr_line' id='line_1_67' title="bbox 1999 2326 3575 2402; baseline -0.004 -14"><span class='ocrx_word' id='word_1_491' title='bbox 1999 2346 2183 2388; x_wconf 83' lang='lat' dir='ltr'><strong>samcs</strong></span> <span class='ocrx_word' id='word_1_492' title='bbox 2203 2330 2602 2402; x_wconf 71' lang='lat' dir='ltr'><strong>pervenissent.</strong></span> <span class='ocrx_word' id='word_1_493' title='bbox 2629 2326 2701 2385; x_wconf 84' lang='lat' dir='ltr'>Ut</span> <span class='ocrx_word' id='word_1_494' title='bbox 2725 2338 2909 2383; x_wconf 88' lang='lat' dir='ltr'><strong>autem</strong></span> <span class='ocrx_word' id='word_1_495' title='bbox 2932 2329 3055 2399; x_wconf 91' lang='lat' dir='ltr'><strong>pagi</strong></span> <span class='ocrx_word' id='word_1_496' title='bbox 3087 2329 3236 2383; x_wconf 89' lang='lat' dir='ltr'><strong>illius</strong></span> <span class='ocrx_word' id='word_1_497' title='bbox 3260 2329 3362 2384; x_wconf 88' lang='lat' dir='ltr'><strong>viri</strong></span> <span class='ocrx_word' id='word_1_498' title='bbox 3393 2344 3575 2384; x_wconf 88' lang='lat' dir='ltr'><strong>arcam</strong></span> 
     </span>
    </p>
   </div>
   <div class='ocr_carea' id='block_1_68' title="bbox 1999 2419 3578 2488">
    <p class='ocr_par' dir='ltr' id='par_1_68' title="bbox 1999 2419 3578 2488">
     <span class='ocr_line' id='line_1_68' title="bbox 1999 2419 3578 2488; baseline -0.003 -10"><span class='ocrx_word' id='word_1_499' title='bbox 1999 2423 2296 2488; x_wconf 87' lang='lat' dir='ltr'><strong>viderunt,</strong></span> <span class='ocrx_word' id='word_1_500' title='bbox 2328 2429 2652 2486; x_wconf 84' lang='lat' dir='ltr'><strong>accurrunt,</strong></span> <span class='ocrx_word' id='word_1_501' title='bbox 2692 2420 2760 2475; x_wconf 91' lang='lat' dir='ltr'>de</span> <span class='ocrx_word' id='word_1_502' title='bbox 2799 2435 2966 2474; x_wconf 88' lang='lat' dir='ltr'><strong>curru</strong></span> <span class='ocrx_word' id='word_1_503' title='bbox 3005 2419 3226 2484; x_wconf 90' lang='lat' dir='ltr'><strong>tollunt,</strong></span> <span class='ocrx_word' id='word_1_504' title='bbox 3274 2420 3442 2475; x_wconf 87' lang='lat' dir='ltr'><strong>boves</strong></span> <span class='ocrx_word' id='word_1_505' title='bbox 3473 2420 3578 2474; x_wconf 92' lang='lat' dir='ltr'><strong>im-</strong></span> 
     </span>
    </p>
   </div>
   <div class='ocr_carea' id='block_1_69' title="bbox 1999 2510 3575 2583">
    <p class='ocr_par' dir='ltr' id='par_1_69' title="bbox 1999 2510 3575 2583">
     <span class='ocr_line' id='line_1_69' title="bbox 1999 2510 3575 2583; baseline -0.003 -15"><span class='ocrx_word' id='word_1_506' title='bbox 1999 2515 2208 2568; x_wconf 90' lang='lat' dir='ltr'><strong>molant</strong></span> <span class='ocrx_word' id='word_1_507' title='bbox 2239 2532 2252 2568; x_wconf 91' lang='lat'><strong>:</strong></span> <span class='ocrx_word' id='word_1_508' title='bbox 2285 2525 2342 2568; x_wconf 87' lang='lat' dir='ltr'>et</span> <span class='ocrx_word' id='word_1_509' title='bbox 2371 2511 2536 2583; x_wconf 90' lang='lat' dir='ltr'><strong>lignis</strong></span> <span class='ocrx_word' id='word_1_510' title='bbox 2591 2527 2624 2566; x_wconf 91' lang='lat' dir='ltr'>e</span> <span class='ocrx_word' id='word_1_511' title='bbox 2657 2510 2859 2580; x_wconf 88' lang='lat' dir='ltr'><strong>quibus</strong></span> <span class='ocrx_word' id='word_1_512' title='bbox 2888 2525 3087 2566; x_wconf 88' lang='lat' dir='ltr'><strong>currus</strong></span> <span class='ocrx_word' id='word_1_513' title='bbox 3125 2510 3408 2566; x_wconf 89' lang='lat' dir='ltr'><strong>confectus</strong></span> <span class='ocrx_word' id='word_1_514' title='bbox 3432 2519 3575 2573; x_wconf 87' lang='lat' dir='ltr'><strong>erat,</strong></span> 
     </span>
    </p>
   </div>
   <div class='ocr_carea' id='block_1_70' title="bbox 2001 2602 3575 2671">
    <p class='ocr_par' dir='ltr' id='par_1_70' title="bbox 2001 2602 3575 2671">
     <span class='ocr_line' id='line_1_70' title="bbox 2001 2602 3575 2671; baseline -0.001 -11"><span class='ocrx_word' id='word_1_515' title='bbox 2001 2613 2266 2660; x_wconf 87' lang='lat' dir='ltr'><strong>cremant.</strong></span> <span class='ocrx_word' id='word_1_516' title='bbox 2297 2605 2416 2671; x_wconf 87' lang='lat' dir='ltr'><strong>Quo</strong></span> <span class='ocrx_word' id='word_1_517' title='bbox 2448 2602 2725 2658; x_wconf 67' lang='lat' dir='ltr'><strong>Palaestini</strong></span> <span class='ocrx_word' id='word_1_518' title='bbox 2757 2603 2909 2667; x_wconf 81' lang='lat' dir='ltr'><strong>viso,</strong></span> <span class='ocrx_word' id='word_1_519' title='bbox 2943 2611 3092 2658; x_wconf 91' lang='lat' dir='ltr'><strong>retro</strong></span> <span class='ocrx_word' id='word_1_520' title='bbox 3122 2602 3401 2657; x_wconf 87' lang='lat' dir='ltr'><strong>abierunt.</strong></span> <span class='ocrx_word' id='word_1_521' title='bbox 3431 2603 3575 2658; x_wconf 86' lang='lat' dir='ltr'><strong>Deus</strong></span> 
     </span>
    </p>
   </div>
   <div class='ocr_carea' id='block_1_71' title="bbox 2001 2691 3576 2762">
    <p class='ocr_par' dir='ltr' id='par_1_71' title="bbox 2001 2691 3576 2762">
     <span class='ocr_line' id='line_1_71' title="bbox 2001 2691 3576 2762; baseline 0.001 -15"><span class='ocrx_word' id='word_1_522' title='bbox 2001 2704 2184 2749; x_wconf 90' lang='lat' dir='ltr'><strong>autem</strong></span> <span class='ocrx_word' id='word_1_523' title='bbox 2248 2693 2316 2748; x_wconf 90' lang='lat' dir='ltr'>iis</span> <span class='ocrx_word' id='word_1_524' title='bbox 2352 2693 2449 2762; x_wconf 92' lang='lat' dir='ltr'>qui</span> <span class='ocrx_word' id='word_1_525' title='bbox 2495 2707 2679 2748; x_wconf 89' lang='lat' dir='ltr'><strong>arcam</strong></span> <span class='ocrx_word' id='word_1_526' title='bbox 2725 2695 3037 2761; x_wconf 76' lang='lat' dir='ltr'><strong>attigerant,</strong></span> <span class='ocrx_word' id='word_1_527' title='bbox 3085 2707 3208 2745; x_wconf 91' lang='lat' dir='ltr'>cum</span> <span class='ocrx_word' id='word_1_528' title='bbox 3238 2691 3454 2761; x_wconf 88' lang='lat' dir='ltr'><strong>profani</strong></span> <span class='ocrx_word' id='word_1_529' title='bbox 3486 2707 3576 2748; x_wconf 86' lang='lat' dir='ltr'><strong>es-</strong></span> 
     </span>
    </p>
   </div>
   <div class='ocr_carea' id='block_1_72' title="bbox 2007 2783 3576 2852">
    <p class='ocr_par' dir='ltr' id='par_1_72' title="bbox 2007 2783 3576 2852">
     <span class='ocr_line' id='line_1_72' title="bbox 2007 2783 3576 2852; baseline -0.002 -11"><span class='ocrx_word' id='word_1_530' title='bbox 2007 2794 2154 2850; x_wconf 89' lang='lat' dir='ltr'><strong>sent,</strong></span> <span class='ocrx_word' id='word_1_531' title='bbox 2188 2786 2383 2846; x_wconf 88' lang='lat' dir='ltr'><strong>iratus.</strong></span> <span class='ocrx_word' id='word_1_532' title='bbox 2435 2799 2626 2840; x_wconf 86' lang='lat' dir='ltr'><strong>necem</strong></span> <span class='ocrx_word' id='word_1_533' title='bbox 2661 2783 2864 2838; x_wconf 82' lang='lat' dir='ltr'><strong>attulit.</strong></span> <span class='ocrx_word' id='word_1_534' title='bbox 2901 2783 3120 2852; x_wconf 83' lang='lat' dir='ltr'><strong>Reliqui</strong></span> <span class='ocrx_word' id='word_1_535' title='bbox 3148 2799 3440 2841; x_wconf 91' lang='lat' dir='ltr'><strong>commune</strong></span> <span class='ocrx_word' id='word_1_536' title='bbox 3475 2783 3576 2838; x_wconf 78' lang='lat' dir='ltr'><strong>lle-</strong></span> 
     </span>
    </p>
   </div>
   <div class='ocr_carea' id='block_1_73' title="bbox 2005 2877 3575 2945">
    <p class='ocr_par' dir='ltr' id='par_1_73' title="bbox 2005 2877 3575 2945">
     <span class='ocr_line' id='line_1_73' title="bbox 2005 2877 3575 2945; baseline 0 -13"><span class='ocrx_word' id='word_1_537' title='bbox 2005 2877 2280 2932; x_wconf 73' lang='lat' dir='ltr'><strong>brteorum</strong></span> <span class='ocrx_word' id='word_1_538' title='bbox 2336 2877 2404 2932; x_wconf 91' lang='lat' dir='ltr'>de</span> <span class='ocrx_word' id='word_1_539' title='bbox 2448 2892 2574 2931; x_wconf 87' lang='lat' dir='ltr'><strong>arca</strong></span> <span class='ocrx_word' id='word_1_540' title='bbox 2617 2885 2837 2945; x_wconf 89' lang='lat' dir='ltr'><strong>recepta</strong></span> <span class='ocrx_word' id='word_1_541' title='bbox 2881 2878 3150 2932; x_wconf 89' lang='lat' dir='ltr'><strong>certiores</strong></span> <span class='ocrx_word' id='word_1_542' title='bbox 3191 2879 3450 2934; x_wconf 86' lang='lat' dir='ltr'><strong>reddunt.</strong></span> <span class='ocrx_word' id='word_1_543' title='bbox 3495 2878 3575 2932; x_wconf 91' lang='lat' dir='ltr'><strong>llli</strong></span> 
     </span>
    </p>
   </div>
   <div class='ocr_carea' id='block_1_74' title="bbox 2002 2965 3572 3032">
    <p class='ocr_par' dir='ltr' id='par_1_74' title="bbox 2002 2965 3572 3032">
     <span class='ocr_line' id='line_1_74' title="bbox 2002 2965 3572 3032; baseline 0.002 -12"><span class='ocrx_word' id='word_1_544' title='bbox 2002 2981 2124 3020; x_wconf 91' lang='lat' dir='ltr'>eam</span> <span class='ocrx_word' id='word_1_545' title='bbox 2172 2965 2560 3020; x_wconf 85' lang='lat' dir='ltr'><strong>Cariatbiarim</strong></span> <span class='ocrx_word' id='word_1_546' title='bbox 2593 2966 2898 3032; x_wconf 87' lang='lat' dir='ltr'><strong>abducunt,</strong></span> <span class='ocrx_word' id='word_1_547' title='bbox 2935 2977 2992 3021; x_wconf 91' lang='lat' dir='ltr'><strong>et</strong></span> <span class='ocrx_word' id='word_1_548' title='bbox 3027 2966 3082 3020; x_wconf 92' lang='lat' dir='ltr'><strong>in</strong></span> <span class='ocrx_word' id='word_1_549' title='bbox 3122 2967 3445 3023; x_wconf 83' lang='lat' dir='ltr'><strong>Aminadabi</strong></span> <span class='ocrx_word' id='word_1_550' title='bbox 3477 2967 3572 3023; x_wconf 88' lang='lat' dir='ltr'><strong>Le-</strong></span> 
     </span>
    </p>
   </div>
   <div class='ocr_carea' id='block_1_75' title="bbox 2003 3056 3579 3120">
    <p class='ocr_par' dir='ltr' id='par_1_75' title="bbox 2003 3056 3579 3120">
     <span class='ocr_line' id='line_1_75' title="bbox 2003 3056 3579 3120; baseline 0.001 -8"><span class='ocrx_word' id='word_1_551' title='bbox 2003 3057 2184 3112; x_wconf 69' lang='lat' dir='ltr'><strong>viticae</strong></span> <span class='ocrx_word' id='word_1_552' title='bbox 2226 3057 2404 3111; x_wconf 88' lang='lat' dir='ltr'><strong>tribus</strong></span> <span class='ocrx_word' id='word_1_553' title='bbox 2431 3056 2672 3112; x_wconf 88' lang='lat' dir='ltr'><strong>hominis</strong></span> <span class='ocrx_word' id='word_1_554' title='bbox 2714 3058 2927 3112; x_wconf 66' lang='lat' dir='ltr'><strong>aedibus</strong></span> <span class='ocrx_word' id='word_1_555' title='bbox 2969 3057 3262 3120; x_wconf 90' lang='lat' dir='ltr'><strong>collocant,</strong></span> <span class='ocrx_word' id='word_1_556' title='bbox 3290 3058 3381 3112; x_wconf 92' lang='lat' dir='ltr'>ubi</span> <span class='ocrx_word' id='word_1_557' title='bbox 3420 3058 3579 3114; x_wconf 72' lang='lat' dir='ltr'><strong>annis.</strong></span> 
     </span>
    </p>
   </div>
   <div class='ocr_carea' id='block_1_76' title="bbox 2003 3149 3575 3220">
    <p class='ocr_par' dir='ltr' id='par_1_76' title="bbox 2003 3149 3575 3220">
     <span class='ocr_line' id='line_1_76' title="bbox 2003 3149 3575 3220; baseline -0.001 -17"><span class='ocrx_word' id='word_1_558' title='bbox 2003 3149 2198 3218; x_wconf 78' lang='lat' dir='ltr'><strong>viginti</strong></span> <span class='ocrx_word' id='word_1_559' title='bbox 2259 3149 2492 3212; x_wconf 88' lang='lat' dir='ltr'><strong>mansit,</strong></span> <span class='ocrx_word' id='word_1_560' title='bbox 2547 3165 2673 3203; x_wconf 91' lang='lat' dir='ltr'>cum</span> <span class='ocrx_word' id='word_1_561' title='bbox 2729 3149 2874 3220; x_wconf 90' lang='lat' dir='ltr'><strong>apud</strong></span> <span class='ocrx_word' id='word_1_562' title='bbox 2930 3149 3270 3216; x_wconf 80' lang='lat' dir='ltr'><strong>alienigenas</strong></span> <span class='ocrx_word' id='word_1_563' title='bbox 3341 3157 3575 3216; x_wconf 89' lang='lat' dir='ltr'><strong>qua-tuor</strong></span> 
     </span>
    </p>
   </div>
   <div class='ocr_carea' id='block_1_77' title="bbox 2002 3240 3564 3314">
    <p class='ocr_par' dir='ltr' id='par_1_77' title="bbox 2002 3240 3564 3314">
     <span class='ocr_line' id='line_1_77' title="bbox 2002 3240 3564 3314; baseline 0 -18"><span class='ocrx_word' id='word_1_564' title='bbox 2002 3257 2222 3297; x_wconf 87' lang='lat' dir='ltr'><strong>menses</strong></span> <span class='ocrx_word' id='word_1_565' title='bbox 2252 3241 2466 3296; x_wconf 88' lang='lat' dir='ltr'><strong>fuisset.</strong></span> <span class='ocrx_word' id='word_1_566' title='bbox 2501 3241 2569 3296; x_wconf 88' lang='lat' dir='ltr'><strong>At</strong></span> <span class='ocrx_word' id='word_1_567' title='bbox 2603 3240 2822 3297; x_wconf 89' lang='lat' dir='ltr'><strong>Samuel</strong></span> <span class='ocrx_word' id='word_1_568' title='bbox 2862 3243 3125 3312; x_wconf 86' lang='lat' dir='ltr'><strong>propheta</strong></span> <span class='ocrx_word' id='word_1_569' title='bbox 3166 3243 3279 3314; x_wconf 90' lang='lat' dir='ltr'>jam</span> <span class='ocrx_word' id='word_1_570' title='bbox 3310 3241 3564 3305; x_wconf 86' lang='lat' dir='ltr'><strong>celebris,</strong></span> 
     </span>
    </p>
   </div>
   <div class='ocr_carea' id='block_1_78' title="bbox 2000 3333 3578 3407">
    <p class='ocr_par' dir='ltr' id='par_1_78' title="bbox 2000 3333 3578 3407">
     <span class='ocr_line' id='line_1_78' title="bbox 2000 3333 3578 3407; baseline 0.003 -19"><span class='ocrx_word' id='word_1_571' title='bbox 2000 3342 2055 3390; x_wconf 93' lang='lat' dir='ltr'>et</span> <span class='ocrx_word' id='word_1_572' title='bbox 2100 3349 2294 3403; x_wconf 89' lang='lat' dir='ltr'><strong>magna</strong></span> <span class='ocrx_word' id='word_1_573' title='bbox 2334 3333 2595 3405; x_wconf 62' lang='lat' dir='ltr'><strong>praeditus</strong></span> <span class='ocrx_word' id='word_1_574' title='bbox 2621 3335 2970 3400; x_wconf 86' lang='lat' dir='ltr'><strong>auctoritate,</strong></span> <span class='ocrx_word' id='word_1_575' title='bbox 3003 3338 3209 3407; x_wconf 91' lang='lat' dir='ltr'><strong>p0pulo</strong></span> <span class='ocrx_word' id='word_1_576' title='bbox 3255 3345 3578 3404; x_wconf 81' lang='lat' dir='ltr'><strong>convocato,</strong></span> 
     </span>
    </p>
   </div>
   <div class='ocr_carea' id='block_1_79' title="bbox 2003 3425 3578 3498">
    <p class='ocr_par' dir='ltr' id='par_1_79' title="bbox 2003 3425 3578 3498">
     <span class='ocr_line' id='line_1_79' title="bbox 2003 3425 3578 3498; baseline 0.001 -18"><span class='ocrx_word' id='word_1_577' title='bbox 2003 3427 2072 3481; x_wconf 91' lang='lat' dir='ltr'>de</span> <span class='ocrx_word' id='word_1_578' title='bbox 2105 3425 2434 3481; x_wconf 89' lang='lat' dir='ltr'><strong>vindicanda</strong></span> <span class='ocrx_word' id='word_1_579' title='bbox 2471 3426 2724 3481; x_wconf 89' lang='lat' dir='ltr'><strong>libertate</strong></span> <span class='ocrx_word' id='word_1_580' title='bbox 2754 3427 2980 3484; x_wconf 90' lang='lat' dir='ltr'><strong>disserit</strong></span> <span class='ocrx_word' id='word_1_581' title='bbox 3018 3445 3080 3484; x_wconf 92' lang='lat' dir='ltr'>ac</span> <span class='ocrx_word' id='word_1_582' title='bbox 3113 3430 3430 3498; x_wconf 86' lang='lat' dir='ltr'><strong>persuadet.</strong></span> <span class='ocrx_word' id='word_1_583' title='bbox 3459 3429 3578 3495; x_wconf 86' lang='lat' dir='ltr'><strong>Quo</strong></span> 
     </span>
    </p>
   </div>
   <div class='ocr_carea' id='block_1_80' title="bbox 2003 3517 3582 3590">
    <p class='ocr_par' dir='ltr' id='par_1_80' title="bbox 2003 3517 3582 3590">
     <span class='ocr_line' id='line_1_80' title="bbox 2003 3517 3582 3590; baseline 0.001 -18"><span class='ocrx_word' id='word_1_584' title='bbox 2003 3517 2277 3572; x_wconf 66' lang='lat' dir='ltr'><strong>Palaestini</strong></span> <span class='ocrx_word' id='word_1_585' title='bbox 2310 3517 2552 3589; x_wconf 87' lang='lat' dir='ltr'><strong>cognito,</strong></span> <span class='ocrx_word' id='word_1_586' title='bbox 2588 3517 2870 3588; x_wconf 89' lang='lat' dir='ltr'><strong>inopinata</strong></span> <span class='ocrx_word' id='word_1_587' title='bbox 2913 3519 3582 3590; x_wconf 80' lang='lat' dir='ltr'><strong>aggressione’lsraelitas</strong></span> 
     </span>
    </p>
   </div>
   <div class='ocr_carea' id='block_1_81' title="bbox 2000 3607 3579 3678">
    <p class='ocr_par' dir='ltr' id='par_1_81' title="bbox 2000 3607 3579 3678">
     <span class='ocr_line' id='line_1_81' title="bbox 2000 3607 3579 3678; baseline 0.003 -18"><span class='ocrx_word' id='word_1_588' title='bbox 2000 3607 2494 3676; x_wconf 84' lang='lat' dir='ltr'><strong>perterrefaciunt;</strong></span> <span class='ocrx_word' id='word_1_589' title='bbox 2521 3609 2615 3678; x_wconf 87' lang='lat' dir='ltr'>qui</span> <span class='ocrx_word' id='word_1_590' title='bbox 2645 3609 2710 3662; x_wconf 92' lang='lat' dir='ltr'>ad</span> <span class='ocrx_word' id='word_1_591' title='bbox 2739 3608 3047 3664; x_wconf 88' lang='lat' dir='ltr'><strong>Samuelem</strong></span> <span class='ocrx_word' id='word_1_592' title='bbox 3075 3609 3474 3676; x_wconf 72' lang='lat' dir='ltr'><strong>confugientes,</strong></span> <span class='ocrx_word' id='word_1_593' title='bbox 3508 3609 3579 3664; x_wconf 87' lang='lat' dir='ltr'>de</span> 
     </span>
    </p>
   </div>
   <div class='ocr_carea' id='block_1_82' title="bbox 2001 3698 3584 3768">
    <p class='ocr_par' dir='ltr' id='par_1_82' title="bbox 2001 3698 3584 3768">
     <span class='ocr_line' id='line_1_82' title="bbox 2001 3698 3584 3768; baseline 0 -15"><span class='ocrx_word' id='word_1_594' title='bbox 2001 3699 2183 3753; x_wconf 90' lang='lat' dir='ltr'><strong>salute</strong></span> <span class='ocrx_word' id='word_1_595' title='bbox 2233 3713 2333 3753; x_wconf 90' lang='lat' dir='ltr'>sua</span> <span class='ocrx_word' id='word_1_596' title='bbox 2383 3713 2506 3753; x_wconf 90' lang='lat' dir='ltr'><strong>esse</strong></span> <span class='ocrx_word' id='word_1_597' title='bbox 2544 3709 2726 3753; x_wconf 90' lang='lat' dir='ltr'><strong>actum</strong></span> <span class='ocrx_word' id='word_1_598' title='bbox 2775 3700 2955 3762; x_wconf 91' lang='lat' dir='ltr'><strong>aiunt,</strong></span> <span class='ocrx_word' id='word_1_599' title='bbox 3005 3699 3114 3754; x_wconf 90' lang='lat' dir='ltr'><strong>nisi</strong></span> <span class='ocrx_word' id='word_1_600' title='bbox 3167 3701 3283 3768; x_wconf 86' lang='lat' dir='ltr'><strong>ipse</strong></span> <span class='ocrx_word' id='word_1_601' title='bbox 3333 3698 3584 3753; x_wconf 86' lang='lat' dir='ltr'><strong>numinis</strong></span> 
     </span>
    </p>
   </div>
   <div class='ocr_carea' id='block_1_83' title="bbox 2003 3790 3580 3861">
    <p class='ocr_par' dir='ltr' id='par_1_83' title="bbox 2003 3790 3580 3861">
     <span class='ocr_line' id='line_1_83' title="bbox 2003 3790 3580 3861; baseline -0.001 -15"><span class='ocrx_word' id='word_1_602' title='bbox 2003 3805 2164 3861; x_wconf 89' lang='lat' dir='ltr'><strong>opem</strong></span> <span class='ocrx_word' id='word_1_603' title='bbox 2196 3793 2456 3848; x_wconf 84' lang='lat' dir='ltr'><strong>exorarit.</strong></span> <span class='ocrx_word' id='word_1_604' title='bbox 2492 3791 2587 3846; x_wconf 89' lang='lat' dir='ltr'><strong>llle</strong></span> <span class='ocrx_word' id='word_1_605' title='bbox 2613 3791 2772 3846; x_wconf 92' lang='lat' dir='ltr'><strong>bonis</strong></span> <span class='ocrx_word' id='word_1_606' title='bbox 2803 3792 3005 3846; x_wconf 91' lang='lat' dir='ltr'><strong>animis</strong></span> <span class='ocrx_word' id='word_1_607' title='bbox 3035 3805 3156 3846; x_wconf 87' lang='lat' dir='ltr'><strong>esse</strong></span> <span class='ocrx_word' id='word_1_608' title='bbox 3178 3791 3358 3860; x_wconf 88' lang='lat' dir='ltr'><strong>jubet,</strong></span> <span class='ocrx_word' id='word_1_609' title='bbox 3388 3800 3444 3844; x_wconf 89' lang='lat' dir='ltr'><strong>et</strong></span> <span class='ocrx_word' id='word_1_610' title='bbox 3477 3790 3580 3846; x_wconf 84' lang='lat' dir='ltr'><strong>Dei</strong></span> 
     </span>
    </p>
   </div>
   <div class='ocr_carea' id='block_1_84' title="bbox 2004 3883 3582 3952">
    <p class='ocr_par' dir='ltr' id='par_1_84' title="bbox 2004 3883 3582 3952">
     <span class='ocr_line' id='line_1_84' title="bbox 2004 3883 3582 3952; baseline 0.001 -16"><span class='ocrx_word' id='word_1_611' title='bbox 2004 3883 2269 3937; x_wconf 83' lang='lat' dir='ltr'><strong>auxilium</strong></span> <span class='ocrx_word' id='word_1_612' title='bbox 2302 3883 2613 3952; x_wconf 87' lang='lat' dir='ltr'><strong>pollicetur,</strong></span> <span class='ocrx_word' id='word_1_613' title='bbox 2637 3897 2890 3952; x_wconf 86' lang='lat' dir='ltr'><strong>agnoque</strong></span> <span class='ocrx_word' id='word_1_614' title='bbox 2916 3883 3218 3948; x_wconf 89' lang='lat' dir='ltr'><strong>immolato,</strong></span> <span class='ocrx_word' id='word_1_615' title='bbox 3243 3884 3414 3940; x_wconf 90' lang='lat' dir='ltr'><strong>Deum</strong></span> <span class='ocrx_word' id='word_1_616' title='bbox 3433 3891 3582 3938; x_wconf 87' lang='lat' dir='ltr'><strong>orat.</strong></span> 
     </span>
    </p>
   </div>
   <div class='ocr_carea' id='block_1_85' title="bbox 2002 3971 3580 4042">
    <p class='ocr_par' dir='ltr' id='par_1_85' title="bbox 2002 3971 3580 4042">
     <span class='ocr_line' id='line_1_85' title="bbox 2002 3971 3580 4042; baseline 0 -16"><span class='ocrx_word' id='word_1_617' title='bbox 2002 3971 2258 4028; x_wconf 78' lang='lat' dir='ltr'><strong>Nondum</strong></span> <span class='ocrx_word' id='word_1_618' title='bbox 2288 3972 2506 4027; x_wconf 86' lang='lat' dir='ltr'><strong>ﬂamma</strong></span> <span class='ocrx_word' id='word_1_619' title='bbox 2532 3972 2811 4026; x_wconf 84' lang='lat' dir='ltr'><strong>victimam</strong></span> <span class='ocrx_word' id='word_1_620' title='bbox 2853 3981 3290 4042; x_wconf 88' lang='lat' dir='ltr'><strong>consumpserat,</strong></span> <span class='ocrx_word' id='word_1_621' title='bbox 3327 3988 3452 4027; x_wconf 90' lang='lat' dir='ltr'>cum</span> <span class='ocrx_word' id='word_1_622' title='bbox 3480 3973 3580 4026; x_wconf 87' lang='lat' dir='ltr'>ho-</span> 
     </span>
    </p>
   </div>
   <div class='ocr_carea' id='block_1_86' title="bbox 2003 4061 3576 4132">
    <p class='ocr_par' dir='ltr' id='par_1_86' title="bbox 2003 4061 3576 4132">
     <span class='ocr_line' id='line_1_86' title="bbox 2003 4061 3576 4132; baseline -0.003 -14"><span class='ocrx_word' id='word_1_623' title='bbox 2003 4072 2116 4118; x_wconf 89' lang='lat' dir='ltr'><strong>stes</strong></span> <span class='ocrx_word' id='word_1_624' title='bbox 2135 4063 2400 4132; x_wconf 88' lang='lat' dir='ltr'><strong>impetum</strong></span> <span class='ocrx_word' id='word_1_625' title='bbox 2434 4063 2489 4116; x_wconf 90' lang='lat' dir='ltr'><strong>in</strong></span> <span class='ocrx_word' id='word_1_626' title='bbox 2521 4061 2781 4118; x_wconf 65' lang='lat' dir='ltr'><strong>Hebraeos</strong></span> <span class='ocrx_word' id='word_1_627' title='bbox 2811 4062 3038 4126; x_wconf 85' lang='lat' dir='ltr'><strong>faciunt,</strong></span> <span class='ocrx_word' id='word_1_628' title='bbox 3062 4063 3277 4116; x_wconf 83' lang='lat' dir='ltr'><strong>facilius</strong></span> <span class='ocrx_word' id='word_1_629' title='bbox 3303 4077 3401 4117; x_wconf 90' lang='lat' dir='ltr'>eos</span> <span class='ocrx_word' id='word_1_630' title='bbox 3423 4063 3576 4115; x_wconf 87' lang='lat' dir='ltr'><strong>iner-</strong></span> 
     </span>
    </p>
   </div>
   <div class='ocr_carea' id='block_1_87' title="bbox 2003 4154 3578 4228">
    <p class='ocr_par' dir='ltr' id='par_1_87' title="bbox 2003 4154 3578 4228">
     <span class='ocr_line' id='line_1_87' title="bbox 2003 4154 3578 4228; baseline -0.003 -14"><span class='ocrx_word' id='word_1_631' title='bbox 2003 4174 2121 4214; x_wconf 89' lang='lat' dir='ltr'>mes</span> <span class='ocrx_word' id='word_1_632' title='bbox 2155 4159 2404 4228; x_wconf 91' lang='lat' dir='ltr'><strong>superari</strong></span> <span class='ocrx_word' id='word_1_633' title='bbox 2454 4172 2615 4228; x_wconf 88' lang='lat' dir='ltr'><strong>posse</strong></span> <span class='ocrx_word' id='word_1_634' title='bbox 2665 4158 2794 4211; x_wconf 91' lang='lat' dir='ltr'><strong>rati.</strong></span> <span class='ocrx_word' id='word_1_635' title='bbox 2848 4157 2954 4213; x_wconf 90' lang='lat' dir='ltr'><strong>Sed</strong></span> <span class='ocrx_word' id='word_1_636' title='bbox 3008 4167 3064 4212; x_wconf 90' lang='lat' dir='ltr'>et</span> <span class='ocrx_word' id='word_1_637' title='bbox 3119 4166 3267 4211; x_wconf 89' lang='lat' dir='ltr'><strong>terra</strong></span> <span class='ocrx_word' id='word_1_638' title='bbox 3311 4154 3578 4210; x_wconf 78' lang='lat' dir='ltr'><strong>divinitus</strong></span> 
     </span>
    </p>
   </div>
   <div class='ocr_carea' id='block_1_88' title="bbox 2004 4244 3579 4317">
    <p class='ocr_par' dir='ltr' id='par_1_88' title="bbox 2004 4244 3579 4317">
     <span class='ocr_line' id='line_1_88' title="bbox 2004 4244 3579 4317; baseline -0.005 -11"><span class='ocrx_word' id='word_1_639' title='bbox 2004 4264 2292 4313; x_wconf 90' lang='lat' dir='ltr'><strong>concussa,</strong></span> <span class='ocrx_word' id='word_1_640' title='bbox 2315 4262 2370 4304; x_wconf 90' lang='lat' dir='ltr'><strong>et</strong></span> <span class='ocrx_word' id='word_1_641' title='bbox 2398 4249 2696 4305; x_wconf 90' lang='lat' dir='ltr'><strong>tonitribus</strong></span> <span class='ocrx_word' id='word_1_642' title='bbox 2717 4247 3165 4317; x_wconf 89' lang='lat' dir='ltr'><strong>erumpentibus,</strong></span> <span class='ocrx_word' id='word_1_643' title='bbox 3189 4255 3245 4300; x_wconf 91' lang='lat' dir='ltr'><strong>et</strong></span> <span class='ocrx_word' id='word_1_644' title='bbox 3270 4244 3579 4315; x_wconf 85' lang='lat' dir='ltr'><strong>fulguribus</strong></span> 
     </span>
    </p>
   </div>
   <div class='ocr_carea' id='block_1_89' title="bbox 2003 4337 3576 4410">
    <p class='ocr_par' dir='ltr' id='par_1_89' title="bbox 2003 4337 3576 4410">
     <span class='ocr_line' id='line_1_89' title="bbox 2003 4337 3576 4410; baseline -0.005 -15"><span class='ocrx_word' id='word_1_645' title='bbox 2003 4340 2370 4395; x_wconf 85' lang='lat' dir='ltr'><strong>emicantibus</strong></span> <span class='ocrx_word' id='word_1_646' title='bbox 2393 4339 2693 4410; x_wconf 91' lang='lat' dir='ltr'><strong>perterriti,</strong></span> <span class='ocrx_word' id='word_1_647' title='bbox 2718 4339 2773 4392; x_wconf 91' lang='lat' dir='ltr'><strong>in</strong></span> <span class='ocrx_word' id='word_1_648' title='bbox 2801 4338 2984 4407; x_wconf 89' lang='lat' dir='ltr'><strong>fugam</strong></span> <span class='ocrx_word' id='word_1_649' title='bbox 3007 4346 3318 4393; x_wconf 81' lang='lat' dir='ltr'><strong>vertuntur.</strong></span> <span class='ocrx_word' id='word_1_650' title='bbox 3348 4337 3576 4406; x_wconf 84' lang='lat' dir='ltr'><strong>Fugien-</strong></span> 
     </span>
    </p>
   </div>
   <div class='ocr_carea' id='block_1_90' title="bbox 331 4423 1897 4503">
    <p class='ocr_par' dir='ltr' id='par_1_90' title="bbox 331 4423 1897 4503">
     <span class='ocr_line' id='line_1_90' title="bbox 331 4423 1897 4503; baseline -0.008 -17"><span class='ocrx_word' id='word_1_651' title='bbox 331 4434 610 4503; x_wconf 76' lang='grc' dir='ltr'>Ἑϐραίοις</span> <span class='ocrx_word' id='word_1_652' title='bbox 652 4431 861 4482; x_wconf 73' lang='grc' dir='ltr'>ἐπίασι.</span> <span class='ocrx_word' id='word_1_653' title='bbox 888 4430 1001 4482; x_wconf 91' lang='lat' dir='ltr'>Kal</span> <span class='ocrx_word' id='word_1_654' title='bbox 1031 4426 1410 4496; x_wconf 85' lang='grc' dir='ltr'>κατεπτόησαν</span> <span class='ocrx_word' id='word_1_655' title='bbox 1453 4423 1675 4487; x_wconf 82' lang='grc' dir='ltr'>αὐτοὺς,</span> <span class='ocrx_word' id='word_1_656' title='bbox 1707 4423 1782 4486; x_wconf 85' lang='grc' dir='ltr'>ὡς</span> <span class='ocrx_word' id='word_1_657' title='bbox 1824 4423 1897 4493; x_wconf 80' lang='grc' dir='ltr'>τῷ</span> 
     </span>
    </p>
   </div>
   <div class='ocr_carea' id='block_1_91' title="bbox 2004 4423 3579 4503">
    <p class='ocr_par' dir='ltr' id='par_1_91' title="bbox 2008 4425 3579 4498">
     <span class='ocr_line' id='line_1_91' title="bbox 2008 4425 3579 4498; baseline -0.004 -14"><span class='ocrx_word' id='word_1_658' title='bbox 2008 4429 2158 4484; x_wconf 86' lang='lat' dir='ltr'><strong>tibus</strong></span> <span class='ocrx_word' id='word_1_659' title='bbox 2187 4429 2408 4483; x_wconf 87' lang='lat' dir='ltr'><strong>Samuel</strong></span> <span class='ocrx_word' id='word_1_660' title='bbox 2436 4443 2562 4484; x_wconf 92' lang='lat' dir='ltr'>cum</span> <span class='ocrx_word' id='word_1_661' title='bbox 2604 4427 2810 4498; x_wconf 81' lang='lat' dir='ltr'><strong>pepulo</strong></span> <span class='ocrx_word' id='word_1_662' title='bbox 2851 4427 3041 4491; x_wconf 87' lang='lat' dir='ltr'><strong>instat,</strong></span> <span class='ocrx_word' id='word_1_663' title='bbox 3069 4442 3134 4481; x_wconf 90' lang='lat' dir='ltr'>ac</span> <span class='ocrx_word' id='word_1_664' title='bbox 3166 4427 3370 4481; x_wconf 86' lang='lat' dir='ltr'><strong>multos</strong></span> <span class='ocrx_word' id='word_1_665' title='bbox 3400 4425 3579 4479; x_wconf 88' lang='lat' dir='ltr'><strong>caedit.</strong></span> 
     </span>
    </p>
   </div>
   <div class='ocr_carea' id='block_1_92' title="bbox 321 4513 1897 4594">
    <p class='ocr_par' dir='ltr' id='par_1_92' title="bbox 321 4513 1897 4594">
     <span class='ocr_line' id='line_1_92' title="bbox 321 4513 1897 4594; baseline -0.008 -16"><span class='ocrx_word' id='word_1_666' title='bbox 321 4523 577 4594; x_wconf 75' lang='grc' dir='ltr'>Σαμουὴλ</span> <span class='ocrx_word' id='word_1_667' title='bbox 630 4521 1002 4592; x_wconf 78' lang='grc' dir='ltr'>προσδραμεῖν</span> <span class='ocrx_word' id='word_1_668' title='bbox 1057 4518 1339 4585; x_wconf 79' lang='grc' dir='ltr'>λέγοντας,</span> <span class='ocrx_word' id='word_1_669' title='bbox 1393 4514 1742 4583; x_wconf 79' lang='grc' dir='ltr'>ἀπεγνῶσθαι</span> <span class='ocrx_word' id='word_1_670' title='bbox 1799 4513 1897 4584; x_wconf 79' lang='grc' dir='ltr'>τὴν</span> 
     </span>
    </p>
   </div>
   <div class='ocr_carea' id='block_1_93' title="bbox 2004 4513 3578 4594">
    <p class='ocr_par' dir='ltr' id='par_1_93' title="bbox 2007 4517 3578 4586">
     <span class='ocr_line' id='line_1_93' title="bbox 2007 4517 3578 4586; baseline -0.002 -13"><span class='ocrx_word' id='word_1_671' title='bbox 2007 4519 2137 4574; x_wconf 88' lang='lat' dir='ltr'><strong>Post</strong></span> <span class='ocrx_word' id='word_1_672' title='bbox 2160 4533 2280 4574; x_wconf 87' lang='lat' dir='ltr'>eam</span> <span class='ocrx_word' id='word_1_673' title='bbox 2306 4517 2516 4574; x_wconf 91' lang='lat' dir='ltr'><strong>cladem</strong></span> <span class='ocrx_word' id='word_1_674' title='bbox 2547 4534 2656 4573; x_wconf 92' lang='lat' dir='ltr'>non</span> <span class='ocrx_word' id='word_1_675' title='bbox 2702 4518 2936 4586; x_wconf 90' lang='lat' dir='ltr'><strong>amplius</strong></span> <span class='ocrx_word' id='word_1_676' title='bbox 2965 4517 3242 4572; x_wconf 88' lang='lat' dir='ltr'><strong>lsraelitas</strong></span> <span class='ocrx_word' id='word_1_677' title='bbox 3278 4518 3529 4570; x_wconf 89' lang='lat' dir='ltr'><strong>invasere</strong></span> <span class='ocrx_word' id='word_1_678' title='bbox 3563 4532 3578 4570; x_wconf 89' lang='lat'><strong>:</strong></span> 
     </span>
    </p>
   </div>
   <div class='ocr_carea' id='block_1_94' title="bbox 325 4605 1897 4689">
    <p class='ocr_par' dir='ltr' id='par_1_94' title="bbox 325 4609 1897 4689">
     <span class='ocr_line' id='line_1_94' title="bbox 325 4609 1897 4689; baseline -0.006 -19"><span class='ocrx_word' id='word_1_679' title='bbox 325 4618 612 4689; x_wconf 82' lang='grc' dir='ltr'>σωτηρίαν</span> <span class='ocrx_word' id='word_1_680' title='bbox 638 4615 845 4677; x_wconf 80' lang='grc' dir='ltr'>αὐτοῖς,</span> <span class='ocrx_word' id='word_1_681' title='bbox 868 4616 917 4667; x_wconf 86' lang='grc' dir='ltr'>εί</span> <span class='ocrx_word' id='word_1_682' title='bbox 949 4613 1024 4683; x_wconf 79' lang='grc' dir='ltr'>μὴ</span> <span class='ocrx_word' id='word_1_683' title='bbox 1052 4612 1216 4675; x_wconf 79' lang='grc' dir='ltr'>αὐτὸς</span> <span class='ocrx_word' id='word_1_684' title='bbox 1247 4609 1400 4680; x_wconf 83' lang='grc' dir='ltr'>σφίσι</span> <span class='ocrx_word' id='word_1_685' title='bbox 1423 4611 1523 4680; x_wconf 78' lang='grc' dir='ltr'>τὴν</span> <span class='ocrx_word' id='word_1_686' title='bbox 1547 4611 1613 4664; x_wconf 83' lang='grc' dir='ltr'>ὲκ</span> <span class='ocrx_word' id='word_1_687' title='bbox 1631 4609 1725 4662; x_wconf 89' lang='grc' dir='ltr'>τοῦ</span> <span class='ocrx_word' id='word_1_688' title='bbox 1759 4609 1897 4662; x_wconf 81' lang='grc' dir='ltr'>θείου</span> 
     </span>
    </p>
   </div>
   <div class='ocr_carea' id='block_1_95' title="bbox 2004 4605 3585 4689">
    <p class='ocr_par' dir='ltr' id='par_1_95' title="bbox 2011 4605 3585 4679">
     <span class='ocr_line' id='line_1_95' title="bbox 2011 4605 3585 4679; baseline -0.003 -13"><span class='ocrx_word' id='word_1_689' title='bbox 2011 4611 2106 4666; x_wconf 80' lang='lat' dir='ltr'>sed</span> <span class='ocrx_word' id='word_1_690' title='bbox 2147 4620 2204 4664; x_wconf 91' lang='lat' dir='ltr'>et</span> <span class='ocrx_word' id='word_1_691' title='bbox 2253 4619 2454 4664; x_wconf 91' lang='lat' dir='ltr'><strong>terram</strong></span> <span class='ocrx_word' id='word_1_692' title='bbox 2485 4625 2648 4679; x_wconf 89' lang='lat' dir='ltr'><strong>quam</strong></span> <span class='ocrx_word' id='word_1_693' title='bbox 2689 4609 2930 4663; x_wconf 69' lang='lat' dir='ltr'><strong>llebrmis</strong></span> <span class='ocrx_word' id='word_1_694' title='bbox 2972 4609 3322 4673; x_wconf 88' lang='lat' dir='ltr'><strong>ademerant,</strong></span> <span class='ocrx_word' id='word_1_695' title='bbox 3365 4605 3585 4662; x_wconf 85' lang='lat' dir='ltr'><strong>Samuel</strong></span> 
     </span>
    </p>
   </div>
   <div class='ocr_carea' id='block_1_96' title="bbox 324 4699 1897 4777">
    <p class='ocr_par' dir='ltr' id='par_1_96' title="bbox 324 4703 1897 4777">
     <span class='ocr_line' id='line_1_96' title="bbox 324 4703 1897 4777; baseline -0.004 -17"><span class='ocrx_word' id='word_1_696' title='bbox 324 4709 646 4777; x_wconf 74' lang='grc' dir='ltr'>ἐπικουρίαν</span> <span class='ocrx_word' id='word_1_697' title='bbox 699 4707 1008 4776; x_wconf 79' lang='grc' dir='ltr'>αἰτήσεται.</span> <span class='ocrx_word' id='word_1_698' title='bbox 1054 4704 1163 4757; x_wconf 90' lang='lat' dir='ltr'>Kal</span> <span class='ocrx_word' id='word_1_699' title='bbox 1209 4703 1271 4766; x_wconf 84' lang='grc' dir='ltr'>ὃς</span> <span class='ocrx_word' id='word_1_700' title='bbox 1320 4704 1545 4774; x_wconf 77' lang='grc' dir='ltr'>θαρρεῖν</span> <span class='ocrx_word' id='word_1_701' title='bbox 1589 4703 1897 4774; x_wconf 77' lang='grc' dir='ltr'>παρεγγυᾷ1</span> 
     </span>
    </p>
   </div>
   <div class='ocr_carea' id='block_1_97' title="bbox 2004 4699 3490 4777">
    <p class='ocr_par' dir='ltr' id='par_1_97' title="bbox 2017 4699 3490 4776">
     <span class='ocr_line' id='line_1_97' title="bbox 2017 4699 3490 4776; baseline -0.003 -17"><span class='ocrx_word' id='word_1_702' title='bbox 2017 4704 2250 4774; x_wconf 88' lang='lat' dir='ltr'><strong>recepit.</strong></span> <span class='ocrx_word' id='word_1_703' title='bbox 2278 4703 2356 4757; x_wconf 89' lang='lat' dir='ltr'>lta</span> <span class='ocrx_word' id='word_1_704' title='bbox 2383 4703 2431 4757; x_wconf 90' lang='lat' dir='ltr'>is</span> <span class='ocrx_word' id='word_1_705' title='bbox 2454 4703 2658 4776; x_wconf 89' lang='lat' dir='ltr'><strong>populo</strong></span> <span class='ocrx_word' id='word_1_706' title='bbox 2680 4705 2773 4775; x_wconf 89' lang='lat' dir='ltr'>jus</span> <span class='ocrx_word' id='word_1_707' title='bbox 2805 4702 3044 4763; x_wconf 88' lang='lat' dir='ltr'><strong>dicebat.</strong></span> <span class='ocrx_word' id='word_1_708' title='bbox 3074 4711 3131 4756; x_wconf 92' lang='lat' dir='ltr'>et</span> <span class='ocrx_word' id='word_1_709' title='bbox 3163 4699 3490 4771; x_wconf 89' lang='lat' dir='ltr'><strong>imperabat.</strong></span> 
     </span>
    </p>
   </div>
   <div class='ocr_carea' id='block_1_98' title="bbox 321 4787 3587 4869">
    <p class='ocr_par' dir='ltr' id='par_1_98' title="bbox 321 4787 3587 4869">
     <span class='ocr_line' id='line_1_98' title="bbox 321 4787 3587 4869; baseline -0.003 -16"><span class='ocrx_word' id='word_1_710' title='bbox 321 4804 420 4856; x_wconf 74' lang='grc' dir='ltr'>καὶ</span> <span class='ocrx_word' id='word_1_711' title='bbox 464 4801 560 4854; x_wconf 77' lang='grc' dir='ltr'>τὸν</span> <span class='ocrx_word' id='word_1_712' title='bbox 600 4800 738 4853; x_wconf 78' lang='grc' dir='ltr'>Θεὸν</span> <span class='ocrx_word' id='word_1_713' title='bbox 776 4798 1052 4869; x_wconf 63' lang='grc' dir='ltr'>ἐπαρῆξαι</span> <span class='ocrx_word' id='word_1_714' title='bbox 1089 4794 1500 4849; x_wconf 86' lang='grc' dir='ltr'>διαϐεϐαιοῦται</span> <span class='ocrx_word' id='word_1_715' title='bbox 1547 4793 1732 4858; x_wconf 83' lang='grc' dir='ltr'>αὐτοῖς</span> <span class='ocrx_word' id='word_1_716' title='bbox 1756 4811 1771 4826; x_wconf 79' lang='grc' dir='ltr'><strong>ο</strong></span> <span class='ocrx_word' id='word_1_717' title='bbox 1841 4796 1939 4849; x_wconf 65' lang='grc' dir='ltr'>καὶ⁸</span> <span class='ocrx_word' id='word_1_718' title='bbox 1975 4795 2142 4859; x_wconf 87' lang='grc' dir='ltr'>θύσας</span> <span class='ocrx_word' id='word_1_719' title='bbox 2173 4795 2334 4865; x_wconf 81' lang='grc' dir='ltr'>ἄρνα,</span> <span class='ocrx_word' id='word_1_720' title='bbox 2369 4796 2546 4849; x_wconf 81' lang='grc' dir='ltr'>ἐδέετο</span> <span class='ocrx_word' id='word_1_721' title='bbox 2608 4795 2701 4848; x_wconf 88' lang='grc' dir='ltr'>τοῦ</span> <span class='ocrx_word' id='word_1_722' title='bbox 2751 4795 2910 4848; x_wconf 84' lang='grc' dir='ltr'>Θεοῦ.</span> <span class='ocrx_word' id='word_1_723' title='bbox 2945 4795 3128 4863; x_wconf 86' lang='grc' dir='ltr'>Μήπω</span> <span class='ocrx_word' id='word_1_724' title='bbox 3153 4791 3210 4844; x_wconf 81' lang='grc' dir='ltr'>δὲ</span> <span class='ocrx_word' id='word_1_725' title='bbox 3253 4791 3351 4863; x_wconf 76' lang='grc' dir='ltr'>τὴν</span> <span class='ocrx_word' id='word_1_726' title='bbox 3390 4787 3587 4843; x_wconf 72' lang='grc' dir='ltr'>θυσίαν</span> 
     </span>
    </p>
   </div>
   <div class='ocr_carea' id='block_1_99' title="bbox 319 4879 3581 4969">
    <p class='ocr_par' dir='ltr' id='par_1_99' title="bbox 319 4879 3581 4969">
     <span class='ocr_line' id='line_1_99' title="bbox 319 4879 3581 4969; baseline -0.006 -18"><span class='ocrx_word' id='word_1_727' title='bbox 319 4901 423 4969; x_wconf 70' lang='grc' dir='ltr'>τῆς</span> <span class='ocrx_word' id='word_1_728' title='bbox 462 4899 617 4968; x_wconf 73' lang='grc' dir='ltr'>ἱερᾶς</span> <span class='ocrx_word' id='word_1_729' title='bbox 675 4895 1064 4964; x_wconf 78' lang='grc' dir='ltr'>δαπανησάσης</span> <span class='ocrx_word' id='word_1_730' title='bbox 1119 4891 1338 4962; x_wconf 86' lang='grc' dir='ltr'>φλογὸς,</span> <span class='ocrx_word' id='word_1_731' title='bbox 1371 4889 1735 4961; x_wconf 83' lang='grc' dir='ltr'>προϐάλλουσι</span> <span class='ocrx_word' id='word_1_732' title='bbox 1791 4894 1904 4954; x_wconf 77' lang='grc' dir='ltr'>τοῖς</span> <span class='ocrx_word' id='word_1_733' title='bbox 1955 4891 2229 4962; x_wconf 86' lang='grc' dir='ltr'>Ἑϐραίοις</span> <span class='ocrx_word' id='word_1_734' title='bbox 2289 4892 2338 4946; x_wconf 87' lang='grc' dir='ltr'>οί</span> <span class='ocrx_word' id='word_1_735' title='bbox 2405 4891 2775 4958; x_wconf 81' lang='grc' dir='ltr'>ἀντιπόλεμοι,</span> <span class='ocrx_word' id='word_1_736' title='bbox 2803 4891 2933 4960; x_wconf 78' lang='grc' dir='ltr'>ῥᾷον</span> <span class='ocrx_word' id='word_1_737' title='bbox 2955 4889 3136 4942; x_wconf 83' lang='grc' dir='ltr'>αὐτῶν</span> <span class='ocrx_word' id='word_1_738' title='bbox 3171 4886 3466 4956; x_wconf 84' lang='grc' dir='ltr'>κρατήσειν</span> <span class='ocrx_word' id='word_1_739' title='bbox 3506 4879 3581 4949; x_wconf 75' lang='grc' dir='ltr'>ὡς</span> 
     </span>
    </p>
   </div>
   <div class='ocr_carea' id='block_1_100' title="bbox 323 4980 3584 5064">
    <p class='ocr_par' dir='ltr' id='par_1_100' title="bbox 323 4980 3584 5064">
     <span class='ocr_line' id='line_1_100' title="bbox 323 4980 3584 5064; baseline -0.005 -16"><span class='ocrx_word' id='word_1_740' title='bbox 323 4996 544 5051; x_wconf 76' lang='grc' dir='ltr'>ἀόπλων</span> <span class='ocrx_word' id='word_1_741' title='bbox 565 4990 1064 5064; x_wconf 83' lang='grc' dir='ltr'>οίόμενοι.Σεισμῷ</span> <span class='ocrx_word' id='word_1_742' title='bbox 1087 4990 1144 5043; x_wconf 79' lang='grc' dir='ltr'>δὲ</span> <span class='ocrx_word' id='word_1_743' title='bbox 1169 4993 1268 5059; x_wconf 79' lang='grc' dir='ltr'>τῆς</span> <span class='ocrx_word' id='word_1_744' title='bbox 1290 4989 1392 5059; x_wconf 84' lang='grc' dir='ltr'>γῆς</span> <span class='ocrx_word' id='word_1_745' title='bbox 1415 4989 1775 5060; x_wconf 81' lang='grc' dir='ltr'>κλονηθείσης</span> <span class='ocrx_word' id='word_1_746' title='bbox 1837 4990 1941 5044; x_wconf 79' lang='grc' dir='ltr'>ὑπὸ</span> <span class='ocrx_word' id='word_1_747' title='bbox 1979 4988 2139 5055; x_wconf 83' lang='grc' dir='ltr'>Θεοῦ,</span> <span class='ocrx_word' id='word_1_748' title='bbox 2171 4988 2634 5060; x_wconf 81' lang='grc' dir='ltr'>καταρραγεισῶν</span> <span class='ocrx_word' id='word_1_749' title='bbox 2683 5006 2744 5040; x_wconf 80' lang='grc' dir='ltr'>τε</span> <span class='ocrx_word' id='word_1_750' title='bbox 2788 4987 3050 5058; x_wconf 81' lang='grc' dir='ltr'>βροντῶν,</span> <span class='ocrx_word' id='word_1_751' title='bbox 3112 4985 3206 5040; x_wconf 70' lang='grc' dir='ltr'>καὶ</span> <span class='ocrx_word' id='word_1_752' title='bbox 3243 4980 3584 5050; x_wconf 78' lang='grc' dir='ltr'>ἑξαφθεισῶν</span> 
     </span>
    </p>
   </div>
   <div class='ocr_carea' id='block_1_101' title="bbox 324 5074 3581 5163">
    <p class='ocr_par' dir='ltr' id='par_1_101' title="bbox 324 5074 3581 5163">
     <span class='ocr_line' id='line_1_101' title="bbox 324 5074 3581 5163; baseline -0.006 -18"><span class='ocrx_word' id='word_1_753' title='bbox 324 5091 650 5163; x_wconf 78' lang='grc' dir='ltr'>ἀστραπῶν,</span> <span class='ocrx_word' id='word_1_754' title='bbox 666 5090 746 5151; x_wconf 84' lang='grc' dir='ltr'>είς</span> <span class='ocrx_word' id='word_1_755' title='bbox 766 5088 972 5143; x_wconf 80' lang='grc' dir='ltr'>δειλίαν</span> <span class='ocrx_word' id='word_1_756' title='bbox 985 5089 1242 5140; x_wconf 78' lang='grc' dir='ltr'>ἐνέπεσον</span> <span class='ocrx_word' id='word_1_757' title='bbox 1254 5087 1304 5138; x_wconf 81' lang='grc' dir='ltr'>οἱ</span> <span class='ocrx_word' id='word_1_758' title='bbox 1326 5085 1598 5155; x_wconf 79' lang='grc' dir='ltr'>πολέμιοι,</span> <span class='ocrx_word' id='word_1_759' title='bbox 1649 5085 1748 5139; x_wconf 76' lang='grc' dir='ltr'>καὶ</span> <span class='ocrx_word' id='word_1_760' title='bbox 1801 5085 2124 5155; x_wconf 68' lang='grc' dir='ltr'>ἐτράπησαν</span> <span class='ocrx_word' id='word_1_761' title='bbox 2179 5088 2258 5146; x_wconf 88' lang='grc' dir='ltr'>είς</span> <span class='ocrx_word' id='word_1_762' title='bbox 2272 5085 2476 5154; x_wconf 74' lang='grc' dir='ltr'>φυγήν.</span> <span class='ocrx_word' id='word_1_763' title='bbox 2498 5082 2804 5146; x_wconf 79' lang='grc' dir='ltr'>Κατεδίωξε</span> <span class='ocrx_word' id='word_1_764' title='bbox 2842 5083 2897 5135; x_wconf 80' lang='grc' dir='ltr'>δὲ</span> <span class='ocrx_word' id='word_1_765' title='bbox 2919 5080 3172 5152; x_wconf 84' lang='grc' dir='ltr'>Σαμουὴλ</span> <span class='ocrx_word' id='word_1_766' title='bbox 3190 5078 3286 5132; x_wconf 72' lang='grc' dir='ltr'>καὶ</span> <span class='ocrx_word' id='word_1_767' title='bbox 3304 5077 3364 5130; x_wconf 89' lang='grc' dir='ltr'>τὸ</span> <span class='ocrx_word' id='word_1_768' title='bbox 3382 5074 3581 5144; x_wconf 77' lang='grc' dir='ltr'>πλῆθος</span> 
     </span>
    </p>
   </div>
   <div class='ocr_carea' id='block_1_102' title="bbox 323 5166 3582 5250">
    <p class='ocr_par' dir='ltr' id='par_1_102' title="bbox 323 5166 3582 5250">
     <span class='ocr_line' id='line_1_102' title="bbox 323 5166 3582 5250; baseline -0.005 -14"><span class='ocrx_word' id='word_1_769' title='bbox 323 5186 501 5239; x_wconf 68' lang='grc' dir='ltr'>ὀπίσω</span> <span class='ocrx_word' id='word_1_770' title='bbox 525 5183 732 5246; x_wconf 82' lang='grc' dir='ltr'>αὐτῶν,</span> <span class='ocrx_word' id='word_1_771' title='bbox 763 5182 860 5234; x_wconf 77' lang='grc' dir='ltr'>καὶ</span> <span class='ocrx_word' id='word_1_772' title='bbox 893 5180 1124 5244; x_wconf 77' lang='grc' dir='ltr'>πολλοὺς</span> <span class='ocrx_word' id='word_1_773' title='bbox 1163 5179 1546 5250; x_wconf 76' lang='grc' dir='ltr'>διεφθάρκασι,</span> <span class='ocrx_word' id='word_1_774' title='bbox 1579 5179 1682 5233; x_wconf 71' lang='lat' dir='ltr'><strong>xal</strong></span> <span class='ocrx_word' id='word_1_775' title='bbox 1713 5179 1900 5232; x_wconf 83' lang='grc' dir='ltr'>οὐκέτι</span> <span class='ocrx_word' id='word_1_776' title='bbox 1943 5179 2083 5248; x_wconf 85' lang='grc' dir='ltr'>μετὰ</span> <span class='ocrx_word' id='word_1_777' title='bbox 2135 5179 2237 5249; x_wconf 79' lang='grc' dir='ltr'>τὴν</span> <span class='ocrx_word' id='word_1_778' title='bbox 2295 5179 2510 5248; x_wconf 83' lang='grc' dir='ltr'>πληγὴν</span> <span class='ocrx_word' id='word_1_779' title='bbox 2531 5175 2733 5245; x_wconf 86' lang='grc' dir='ltr'>ταύτην</span> <span class='ocrx_word' id='word_1_780' title='bbox 2759 5174 2854 5226; x_wconf 75' lang='grc' dir='ltr'>ἐπὶ</span> <span class='ocrx_word' id='word_1_781' title='bbox 2879 5175 3004 5236; x_wconf 83' lang='grc' dir='ltr'>τοὺς</span> <span class='ocrx_word' id='word_1_782' title='bbox 3026 5171 3368 5242; x_wconf 82' lang='grc' dir='ltr'>Ἰσραηλίτας</span> <span class='ocrx_word' id='word_1_783' title='bbox 3391 5166 3582 5235; x_wconf 61' lang='lat' dir='ltr'><strong>turpa-</strong></span> 
     </span>
    </p>
   </div>
   <div class='ocr_carea' id='block_1_103' title="bbox 323 5258 3580 5346">
    <p class='ocr_par' dir='ltr' id='par_1_103' title="bbox 323 5258 3580 5346">
     <span class='ocr_line' id='line_1_103' title="bbox 323 5258 3580 5346; baseline -0.004 -13"><span class='ocrx_word' id='word_1_784' title='bbox 323 5278 710 5345; x_wconf 80' lang='grc' dir='ltr'>τευσαν,ἁλλὰ</span> <span class='ocrx_word' id='word_1_785' title='bbox 735 5277 831 5330; x_wconf 78' lang='grc' dir='ltr'>καὶ</span> <span class='ocrx_word' id='word_1_786' title='bbox 856 5277 956 5346; x_wconf 77' lang='grc' dir='ltr'>τὴν</span> <span class='ocrx_word' id='word_1_787' title='bbox 978 5275 1160 5344; x_wconf 83' lang='grc' dir='ltr'>χώραν</span> <span class='ocrx_word' id='word_1_788' title='bbox 1177 5275 1356 5344; x_wconf 77' lang='grc' dir='ltr'>ἥνπερ</span> <span class='ocrx_word' id='word_1_789' title='bbox 1375 5273 1680 5341; x_wconf 80' lang='grc' dir='ltr'>ἀφείλοντο,</span> <span class='ocrx_word' id='word_1_790' title='bbox 1756 5273 2144 5329; x_wconf 69' lang='grc' dir='ltr'>επανεσώσατο</span> <span class='ocrx_word' id='word_1_791' title='bbox 2211 5271 2368 5338; x_wconf 82' lang='grc' dir='ltr'>αὖθις</span> <span class='ocrx_word' id='word_1_792' title='bbox 2403 5275 2519 5337; x_wconf 83' lang='grc' dir='ltr'>τοῖς</span> <span class='ocrx_word' id='word_1_793' title='bbox 2559 5271 2834 5342; x_wconf 82' lang='grc' dir='ltr'>Ἑϐραίοις</span> <span class='ocrx_word' id='word_1_794' title='bbox 2865 5272 2892 5324; x_wconf 85' lang='grc' dir='ltr'>ὁ</span> <span class='ocrx_word' id='word_1_795' title='bbox 2926 5269 3206 5341; x_wconf 77' lang='grc' dir='ltr'>Σαμουὴλ.</span> <span class='ocrx_word' id='word_1_796' title='bbox 3275 5267 3495 5335; x_wconf 79' lang='grc' dir='ltr'>Ἐκρινε</span> <span class='ocrx_word' id='word_1_797' title='bbox 3526 5258 3580 5313; x_wconf 72' lang='grc' dir='ltr'>δὶ</span> 
     </span>
    </p>
   </div>
   <div class='ocr_carea' id='block_1_104' title="bbox 323 5363 1130 5440">
    <p class='ocr_par' dir='ltr' id='par_1_104' title="bbox 323 5363 1130 5440">
     <span class='ocr_line' id='line_1_104' title="bbox 323 5363 1130 5440; baseline -0.002 -16"><span class='ocrx_word' id='word_1_798' title='bbox 323 5373 422 5424; x_wconf 75' lang='grc' dir='ltr'>τὸν</span> <span class='ocrx_word' id='word_1_799' title='bbox 446 5371 597 5434; x_wconf 87' lang='grc' dir='ltr'>λαὸν,</span> <span class='ocrx_word' id='word_1_800' title='bbox 625 5369 724 5422; x_wconf 81' lang='grc' dir='ltr'>καὶ</span> <span class='ocrx_word' id='word_1_801' title='bbox 744 5363 914 5440; x_wconf 80' lang='grc' dir='ltr'>ἦρχεν</span> <span class='ocrx_word' id='word_1_802' title='bbox 939 5367 1130 5438; x_wconf 77' lang='grc' dir='ltr'>αὐτῆς.</span> 
     </span>
    </p>
   </div>
   <div class='ocr_carea' id='block_1_105' title="bbox 405 5459 1906 5534">
    <p class='ocr_par' dir='ltr' id='par_1_105' title="bbox 405 5459 1906 5534">
     <span class='ocr_line' id='line_1_105' title="bbox 405 5459 1906 5534; baseline -0.002 -16"><span class='ocrx_word' id='word_1_803' title='bbox 405 5464 528 5524; x_wconf 83' lang='lat' dir='ltr'><strong>KZ&#39;.</strong></span> <span class='ocrx_word' id='word_1_804' title='bbox 549 5465 692 5534; x_wconf 77' lang='grc' dir='ltr'>Ἤδη</span> <span class='ocrx_word' id='word_1_805' title='bbox 719 5464 778 5516; x_wconf 78' lang='grc' dir='ltr'>δὲ</span> <span class='ocrx_word' id='word_1_806' title='bbox 801 5461 1150 5532; x_wconf 83' lang='grc' dir='ltr'>γεγηρακὼς,</span> <span class='ocrx_word' id='word_1_807' title='bbox 1177 5462 1291 5523; x_wconf 84' lang='grc' dir='ltr'>τοῖς</span> <span class='ocrx_word' id='word_1_808' title='bbox 1325 5460 1462 5523; x_wconf 82' lang='grc' dir='ltr'>υίοϊς</span> <span class='ocrx_word' id='word_1_809' title='bbox 1489 5460 1656 5514; x_wconf 78' lang='grc' dir='ltr'>αὑτοῦ</span> <span class='ocrx_word' id='word_1_810' title='bbox 1684 5459 1785 5531; x_wconf 77' lang='grc' dir='ltr'>τὴν</span> <span class='ocrx_word' id='word_1_811' title='bbox 1809 5461 1906 5515; x_wconf 87' lang='grc' dir='ltr'>τοῦ</span> 
     </span>
    </p>
   </div>
   <div class='ocr_carea' id='block_1_106' title="bbox 322 5550 1905 5626">
    <p class='ocr_par' dir='ltr' id='par_1_106' title="bbox 322 5550 1905 5626">
     <span class='ocr_line' id='line_1_106' title="bbox 322 5550 1905 5626; baseline -0.003 -18"><span class='ocrx_word' id='word_1_812' title='bbox 322 5556 461 5610; x_wconf 68' lang='grc' dir='ltr'>λαοῦ</span> <span class='ocrx_word' id='word_1_813' title='bbox 503 5554 847 5626; x_wconf 78' lang='grc' dir='ltr'>προστασίαν</span> <span class='ocrx_word' id='word_1_814' title='bbox 872 5552 970 5606; x_wconf 80' lang='grc' dir='ltr'>καὶ</span> <span class='ocrx_word' id='word_1_815' title='bbox 1012 5553 1074 5606; x_wconf 84' lang='grc' dir='ltr'>τὸ</span> <span class='ocrx_word' id='word_1_816' title='bbox 1112 5551 1354 5615; x_wconf 77' lang='grc' dir='ltr'>δικάζειν</span> <span class='ocrx_word' id='word_1_817' title='bbox 1394 5550 1695 5622; x_wconf 70' lang='grc' dir='ltr'>διένειμενσ</span> <span class='ocrx_word' id='word_1_818' title='bbox 1733 5551 1905 5620; x_wconf 74' lang='grc' dir='ltr'>ὄνομα</span> 
     </span>
    </p>
   </div>
   <div class='ocr_carea' id='block_1_107' title="bbox 326 5642 1905 5718">
    <p class='ocr_par' dir='ltr' id='par_1_107' title="bbox 326 5642 1905 5718">
     <span class='ocr_line' id='line_1_107' title="bbox 326 5642 1905 5718; baseline -0.002 -17"><span class='ocrx_word' id='word_1_819' title='bbox 326 5646 415 5701; x_wconf 62' lang='lat' dir='ltr'>ei:</span> <span class='ocrx_word' id='word_1_820' title='bbox 452 5646 811 5718; x_wconf 62' lang='grc' dir='ltr'>πρεσϐυτέρῳ</span> <span class='ocrx_word' id='word_1_821' title='bbox 849 5644 1040 5715; x_wconf 79' lang='grc' dir='ltr'>Ἰωήλο</span> <span class='ocrx_word' id='word_1_822' title='bbox 1080 5642 1160 5713; x_wconf 83' lang='grc' dir='ltr'>τῷ</span> <span class='ocrx_word' id='word_1_823' title='bbox 1207 5643 1458 5712; x_wconf 74' lang='grc' dir='ltr'>νεωτέρῳ</span> <span class='ocrx_word' id='word_1_824' title='bbox 1494 5643 1572 5710; x_wconf 88' lang='grc' dir='ltr'>δὲ,</span> <span class='ocrx_word' id='word_1_825' title='bbox 1609 5643 1792 5699; x_wconf 84' lang='grc' dir='ltr'>Ἀϐιά.</span> <span class='ocrx_word' id='word_1_826' title='bbox 1842 5644 1905 5698; x_wconf 82' lang='grc' dir='ltr'>Οἳ</span> 
     </span>
    </p>
   </div>
   <div class='ocr_carea' id='block_1_108' title="bbox 331 5735 1901 5806">
    <p class='ocr_par' dir='ltr' id='par_1_108' title="bbox 331 5735 1901 5806">
     <span class='ocr_line' id='line_1_108' title="bbox 331 5735 1901 5806; baseline -0.001 -16"><span class='ocrx_word' id='word_1_827' title='bbox 331 5757 441 5791; x_wconf 77' lang='grc' dir='ltr'>ουκ</span> <span class='ocrx_word' id='word_1_828' title='bbox 469 5738 849 5806; x_wconf 68' lang='grc' dir='ltr'>ἐπορεύθησαν</span> <span class='ocrx_word' id='word_1_829' title='bbox 883 5739 944 5789; x_wconf 81' lang='grc' dir='ltr'>ὲν</span> <span class='ocrx_word' id='word_1_830' title='bbox 984 5737 1105 5799; x_wconf 75' lang='grc' dir='ltr'>ταῖς</span> <span class='ocrx_word' id='word_1_831' title='bbox 1147 5736 1289 5798; x_wconf 76' lang='grc' dir='ltr'>ὁδοῖς</span> <span class='ocrx_word' id='word_1_832' title='bbox 1318 5735 1413 5788; x_wconf 88' lang='grc' dir='ltr'>τοῦ</span> <span class='ocrx_word' id='word_1_833' title='bbox 1457 5736 1666 5806; x_wconf 87' lang='grc' dir='ltr'>πατρὸς</span> <span class='ocrx_word' id='word_1_834' title='bbox 1701 5736 1901 5799; x_wconf 79' lang='grc' dir='ltr'>αὐτῶν,</span> 
     </span>
    </p>
   </div>
   <div class='ocr_carea' id='block_1_109' title="bbox 330 5826 1902 5892">
    <p class='ocr_par' dir='ltr' id='par_1_109' title="bbox 330 5826 1902 5892">
     <span class='ocr_line' id='line_1_109' title="bbox 330 5826 1902 5892; baseline 0.001 -12"><span class='ocrx_word' id='word_1_835' title='bbox 330 5830 455 5887; x_wconf 70' lang='grc' dir='ltr'>αλλ’</span> <span class='ocrx_word' id='word_1_836' title='bbox 509 5827 882 5892; x_wconf 73' lang='grc' dir='ltr'>ικκλίναντες,</span> <span class='ocrx_word' id='word_1_837' title='bbox 942 5827 1114 5892; x_wconf 81' lang='grc' dir='ltr'>δῶρον</span> <span class='ocrx_word' id='word_1_838' title='bbox 1179 5827 1240 5881; x_wconf 85' lang='grc' dir='ltr'>τὸ</span> <span class='ocrx_word' id='word_1_839' title='bbox 1281 5826 1489 5884; x_wconf 79' lang='grc' dir='ltr'>δίκαιον</span> <span class='ocrx_word' id='word_1_840' title='bbox 1520 5826 1902 5892; x_wconf 77' lang='grc' dir='ltr'>προεδῖδοσαν,</span> 
     </span>
    </p>
   </div>
   <div class='ocr_carea' id='block_1_110' title="bbox 2077 5446 3626 5530">
    <p class='ocr_par' dir='ltr' id='par_1_110' title="bbox 2077 5446 3626 5530">
     <span class='ocr_line' id='line_1_110' title="bbox 2077 5446 3626 5530; baseline -0.006 -16"><span class='ocrx_word' id='word_1_841' title='bbox 2077 5457 2292 5514; x_wconf 76' lang='lat' dir='ltr'>XXVII.</span> <span class='ocrx_word' id='word_1_842' title='bbox 2355 5459 2558 5513; x_wconf 84' lang='lat' dir='ltr'><strong>Verum</strong></span> <span class='ocrx_word' id='word_1_843' title='bbox 2611 5459 2726 5530; x_wconf 87' lang='lat' dir='ltr'>jam</span> <span class='ocrx_word' id='word_1_844' title='bbox 2777 5472 2946 5514; x_wconf 83' lang='lat' dir='ltr'><strong>senex</strong></span> <span class='ocrx_word' id='word_1_845' title='bbox 2993 5455 3178 5526; x_wconf 88' lang='lat' dir='ltr'><strong>populi</strong></span> <span class='ocrx_word' id='word_1_846' title='bbox 3233 5446 3578 5522; x_wconf 84' lang='lat' dir='ltr'><strong>gubernandi</strong></span> <span class='ocrx_word' id='word_1_847' title='bbox 3623 5479 3626 5482; x_wconf 84' lang='lat'><strong><em>~</em></strong></span> 
     </span>
    </p>
   </div>
   <div class='ocr_carea' id='block_1_111' title="bbox 2005 5537 3579 5622">
    <p class='ocr_par' dir='ltr' id='par_1_111' title="bbox 2005 5537 3579 5622">
     <span class='ocr_line' id='line_1_111' title="bbox 2005 5537 3579 5622; baseline -0.01 -16"><span class='ocrx_word' id='word_1_848' title='bbox 2005 5567 2206 5607; x_wconf 89' lang='lat' dir='ltr'><strong>munus</strong></span> <span class='ocrx_word' id='word_1_849' title='bbox 2236 5566 2302 5606; x_wconf 92' lang='lat' dir='ltr'>ac</span> <span class='ocrx_word' id='word_1_850' title='bbox 2323 5551 2465 5622; x_wconf 84' lang='lat' dir='ltr'><strong>juris</strong></span> <span class='ocrx_word' id='word_1_851' title='bbox 2491 5549 2718 5606; x_wconf 88' lang='lat' dir='ltr'><strong>dicundi</strong></span> <span class='ocrx_word' id='word_1_852' title='bbox 2746 5549 3086 5621; x_wconf 85' lang='lat' dir='ltr'><strong>provinciam</strong></span> <span class='ocrx_word' id='word_1_853' title='bbox 3117 5543 3242 5598; x_wconf 82' lang='lat' dir='ltr'><strong>filiis</strong></span> <span class='ocrx_word' id='word_1_854' title='bbox 3264 5537 3579 5609; x_wconf 82' lang='lat' dir='ltr'><strong>distribuit,</strong></span> 
     </span>
    </p>
   </div>
   <div class='ocr_carea' id='block_1_112' title="bbox 2006 5639 3575 5714">
    <p class='ocr_par' dir='ltr' id='par_1_112' title="bbox 2006 5639 3575 5714">
     <span class='ocr_line' id='line_1_112' title="bbox 2006 5639 3575 5714; baseline -0.005 -16"><span class='ocrx_word' id='word_1_855' title='bbox 2006 5658 2242 5714; x_wconf 86' lang='lat' dir='ltr'><strong>quorum</strong></span> <span class='ocrx_word' id='word_1_856' title='bbox 2285 5642 2478 5713; x_wconf 86' lang='lat' dir='ltr'><strong>majori</strong></span> <span class='ocrx_word' id='word_1_857' title='bbox 2513 5642 2703 5707; x_wconf 82' lang='lat' dir='ltr'><strong>Joelis,</strong></span> <span class='ocrx_word' id='word_1_858' title='bbox 2737 5640 2936 5696; x_wconf 90' lang='lat' dir='ltr'><strong>minori</strong></span> <span class='ocrx_word' id='word_1_859' title='bbox 2979 5639 3128 5694; x_wconf 77' lang='lat' dir='ltr'><strong>Abia:</strong></span> <span class='ocrx_word' id='word_1_860' title='bbox 3173 5649 3377 5690; x_wconf 87' lang='lat' dir='ltr'><strong>nomen</strong></span> <span class='ocrx_word' id='word_1_861' title='bbox 3409 5643 3575 5690; x_wconf 85' lang='lat' dir='ltr'><strong>erat:</strong></span> 
     </span>
    </p>
   </div>
   <div class='ocr_carea' id='block_1_113' title="bbox 2005 5725 3576 5805">
    <p class='ocr_par' dir='ltr' id='par_1_113' title="bbox 2005 5725 3576 5805">
     <span class='ocr_line' id='line_1_113' title="bbox 2005 5725 3576 5805; baseline -0.006 -15"><span class='ocrx_word' id='word_1_862' title='bbox 2005 5735 2098 5805; x_wconf 90' lang='lat' dir='ltr'>qui</span> <span class='ocrx_word' id='word_1_863' title='bbox 2132 5751 2340 5791; x_wconf 83' lang='lat' dir='ltr'><strong>morem</strong></span> <span class='ocrx_word' id='word_1_864' title='bbox 2396 5735 2571 5804; x_wconf 89' lang='lat' dir='ltr'><strong>patris</strong></span> <span class='ocrx_word' id='word_1_865' title='bbox 2603 5750 2711 5790; x_wconf 91' lang='lat' dir='ltr'>non</span> <span class='ocrx_word' id='word_1_866' title='bbox 2742 5731 2948 5804; x_wconf 59' lang='lat' dir='ltr'><strong>secuti,</strong></span> <span class='ocrx_word' id='word_1_867' title='bbox 2965 5731 3031 5785; x_wconf 89' lang='lat' dir='ltr'>ad</span> <span class='ocrx_word' id='word_1_868' title='bbox 3063 5725 3413 5800; x_wconf 89' lang='lat' dir='ltr'><strong>largitionum</strong></span> <span class='ocrx_word' id='word_1_869' title='bbox 3449 5742 3576 5782; x_wconf 83' lang='lat' dir='ltr'><strong>cor-</strong></span> 
     </span>
    </p>
   </div>
   <div class='ocr_carea' id='block_1_114' title="bbox 2007 5821 3567 5892">
    <p class='ocr_par' dir='ltr' id='par_1_114' title="bbox 2007 5821 3567 5892">
     <span class='ocr_line' id='line_1_114' title="bbox 2007 5821 3567 5892; baseline -0.003 -12"><span class='ocrx_word' id='word_1_870' title='bbox 2007 5825 2247 5892; x_wconf 82' lang='lat' dir='ltr'><strong>ruptelas</strong></span> <span class='ocrx_word' id='word_1_871' title='bbox 2277 5825 2653 5888; x_wconf 77' lang='lat' dir='ltr'><strong>deﬂexerunt.</strong></span> <span class='ocrx_word' id='word_1_872' title='bbox 2698 5833 2754 5880; x_wconf 89' lang='lat' dir='ltr'>et</span> <span class='ocrx_word' id='word_1_873' title='bbox 2793 5824 2877 5878; x_wconf 86' lang='lat' dir='ltr'>ius</span> <span class='ocrx_word' id='word_1_874' title='bbox 2906 5831 3070 5885; x_wconf 85' lang='lat' dir='ltr'><strong>atque</strong></span> <span class='ocrx_word' id='word_1_875' title='bbox 3105 5834 3323 5885; x_wconf 71' lang='lat' dir='ltr'><strong>aequum</strong></span> <span class='ocrx_word' id='word_1_876' title='bbox 3374 5821 3567 5877; x_wconf 68' lang='lat' dir='ltr'><strong>venata</strong></span> 
     </span>
    </p>
   </div>
  </div>
