  <div class='ocr_page' id='page_1' title='image "/cluster/home/n/w/nwhite01/storage/ocr_20150623/134/hvd.32044073502510/071.png"; bbox 0 0 4070 6214; ppageno 0'>
   <div class='ocr_carea' id='block_1_1' title="bbox 368 401 468 463">
    <p class='ocr_par' dir='ltr' id='par_1_1' title="bbox 368 401 468 463">
     <span class='ocr_line' id='line_1_1' title="bbox 368 401 468 463; baseline -0.02 0"><span class='ocrx_word' id='word_1_1' title='bbox 368 401 468 463; x_wconf 77' lang='lat'><strong>127</strong></span> 
     </span>
    </p>
   </div>
   <div class='ocr_carea' id='block_1_2' title="bbox 1660 378 2347 466">
    <p class='ocr_par' dir='ltr' id='par_1_2' title="bbox 1660 378 2347 466">
     <span class='ocr_line' id='line_1_2' title="bbox 1660 378 2347 466; baseline -0.006 0"><span class='ocrx_word' id='word_1_2' title='bbox 1660 378 1988 466; x_wconf 59' lang='lat' dir='ltr'><strong>maritus</strong></span> <span class='ocrx_word' id='word_1_3' title='bbox 2028 397 2347 463; x_wconf 64' lang='lat' dir='ltr'><strong>zeum/1:</strong></span> 
     </span>
    </p>
   </div>
   <div class='ocr_carea' id='block_1_3' title="bbox 3509 403 3610 465">
    <p class='ocr_par' dir='ltr' id='par_1_3' title="bbox 3509 403 3610 465">
     <span class='ocr_line' id='line_1_3' title="bbox 3509 403 3610 465; baseline 0 -1"><span class='ocrx_word' id='word_1_4' title='bbox 3509 403 3610 465; x_wconf 67' lang='lat'><strong>1:28</strong></span> 
     </span>
    </p>
   </div>
   <div class='ocr_carea' id='block_1_4' title="bbox 364 511 1946 591">
    <p class='ocr_par' dir='ltr' id='par_1_4' title="bbox 364 516 1940 591">
     <span class='ocr_line' id='line_1_4' title="bbox 364 516 1940 591; baseline 0.002 -23"><span class='ocrx_word' id='word_1_5' title='bbox 364 516 698 571; x_wconf 72' lang='lat' dir='ltr'><strong>habuerunt.</strong></span> <span class='ocrx_word' id='word_1_6' title='bbox 724 517 851 572; x_wconf 68' lang='lat' dir='ltr'><strong>Ilaec</strong></span> <span class='ocrx_word' id='word_1_7' title='bbox 872 519 1104 589; x_wconf 90' lang='lat' dir='ltr'><strong>populus</strong></span> <span class='ocrx_word' id='word_1_8' title='bbox 1124 534 1266 591; x_wconf 66' lang='lat' dir='ltr'><strong>aegre</strong></span> <span class='ocrx_word' id='word_1_9' title='bbox 1297 519 1501 585; x_wconf 81' lang='lat' dir='ltr'><strong>ferens,</strong></span> <span class='ocrx_word' id='word_1_10' title='bbox 1527 519 1595 574; x_wconf 83' lang='lat' dir='ltr'><strong>ad</strong></span> <span class='ocrx_word' id='word_1_11' title='bbox 1626 518 1940 575; x_wconf 80' lang='lat' dir='ltr'><strong>Samuelem</strong></span> 
     </span>
    </p>
   </div>
   <div class='ocr_carea' id='block_1_5' title="bbox 2049 511 3614 591">
    <p class='ocr_par' dir='ltr' id='par_1_5' title="bbox 2049 511 3614 588">
     <span class='ocr_line' id='line_1_5' title="bbox 2049 511 3614 588; baseline 0 -18"><span class='ocrx_word' id='word_1_12' title='bbox 2049 515 2141 570; x_wconf 76' lang='grc' dir='ltr'>καὶ</span> <span class='ocrx_word' id='word_1_13' title='bbox 2185 511 2433 588; x_wconf 75' lang='grc' dir='ltr'>λήμμασι</span> <span class='ocrx_word' id='word_1_14' title='bbox 2476 515 2574 579; x_wconf 82' lang='grc' dir='ltr'>τὰς</span> <span class='ocrx_word' id='word_1_15' title='bbox 2608 518 2819 587; x_wconf 80' lang='grc' dir='ltr'><strong>κρίσεις</strong></span> <span class='ocrx_word' id='word_1_16' title='bbox 2857 515 3128 579; x_wconf 80' lang='grc' dir='ltr'>ἐδίκαζον.</span> <span class='ocrx_word' id='word_1_17' title='bbox 3165 514 3224 567; x_wconf 83' lang='lat'><strong>&#39;0</strong></span> <span class='ocrx_word' id='word_1_18' title='bbox 3250 515 3306 568; x_wconf 82' lang='grc' dir='ltr'><strong>δὲ</strong></span> <span class='ocrx_word' id='word_1_19' title='bbox 3354 514 3483 581; x_wconf 76' lang='grc' dir='ltr'>λαὸς</span> <span class='ocrx_word' id='word_1_20' title='bbox 3525 518 3614 570; x_wconf 67' lang='grc' dir='ltr'><strong>διὰ</strong></span> 
     </span>
    </p>
   </div>
   <div class='ocr_carea' id='block_1_6' title="bbox 364 606 1938 681">
    <p class='ocr_par' dir='ltr' id='par_1_6' title="bbox 364 606 1938 681">
     <span class='ocr_line' id='line_1_6' title="bbox 364 606 1938 681; baseline 0.004 -24"><span class='ocrx_word' id='word_1_21' title='bbox 364 606 615 672; x_wconf 79' lang='lat' dir='ltr'><strong>conﬂuit,</strong></span> <span class='ocrx_word' id='word_1_22' title='bbox 642 616 699 661; x_wconf 86' lang='lat' dir='ltr'><strong>et</strong></span> <span class='ocrx_word' id='word_1_23' title='bbox 738 626 753 662; x_wconf 87' lang='lat'><strong>:</strong></span> <span class='ocrx_word' id='word_1_24' title='bbox 781 607 1050 673; x_wconf 81' lang='lat' dir='ltr'><strong>Quoniam</strong></span> <span class='ocrx_word' id='word_1_25' title='bbox 1079 621 1156 675; x_wconf 88' lang='lat' dir='ltr'><strong>tu,</strong></span> <span class='ocrx_word' id='word_1_26' title='bbox 1192 611 1391 679; x_wconf 78' lang='lat' dir='ltr'><strong>inquit,</strong></span> <span class='ocrx_word' id='word_1_27' title='bbox 1426 627 1521 681; x_wconf 84' lang='lat' dir='ltr'><strong>per</strong></span> <span class='ocrx_word' id='word_1_28' title='bbox 1546 620 1756 665; x_wconf 67' lang='lat' dir='ltr'><strong>(etatem</strong></span> <span class='ocrx_word' id='word_1_29' title='bbox 1790 610 1938 665; x_wconf 77' lang='lat' dir='ltr'><strong>nobis</strong></span> 
     </span>
    </p>
   </div>
   <div class='ocr_carea' id='block_1_7' title="bbox 365 702 1938 771">
    <p class='ocr_par' dir='ltr' id='par_1_7' title="bbox 365 702 1938 771">
     <span class='ocr_line' id='line_1_7' title="bbox 365 702 1938 771; baseline 0.003 -22"><span class='ocrx_word' id='word_1_30' title='bbox 365 712 588 766; x_wconf 65' lang='lat' dir='ltr'><strong>praeesse</strong></span> <span class='ocrx_word' id='word_1_31' title='bbox 617 715 719 750; x_wconf 84' lang='lat' dir='ltr'><strong>non</strong></span> <span class='ocrx_word' id='word_1_32' title='bbox 750 709 916 768; x_wconf 83' lang='lat' dir='ltr'><strong>potes,</strong></span> <span class='ocrx_word' id='word_1_33' title='bbox 957 716 1129 769; x_wconf 82' lang='lat' dir='ltr'><strong><em>regem</em></strong></span> <span class='ocrx_word' id='word_1_34' title='bbox 1157 711 1334 754; x_wconf 78' lang='lat' dir='ltr'><strong>creato</strong></span> <span class='ocrx_word' id='word_1_35' title='bbox 1352 742 1367 766; x_wconf 95' lang='lat'><strong>,</strong></span> <span class='ocrx_word' id='word_1_36' title='bbox 1399 702 1488 770; x_wconf 86' lang='lat' dir='ltr'><strong>qui</strong></span> <span class='ocrx_word' id='word_1_37' title='bbox 1517 710 1809 771; x_wconf 83' lang='lat' dir='ltr'><strong>et’gentem</strong></span> <span class='ocrx_word' id='word_1_38' title='bbox 1835 718 1938 771; x_wconf 85' lang='lat' dir='ltr'><strong>gu-</strong></span> 
     </span>
    </p>
   </div>
   <div class='ocr_carea' id='block_1_8' title="bbox 365 789 1936 868">
    <p class='ocr_par' dir='ltr' id='par_1_8' title="bbox 365 789 1936 868">
     <span class='ocr_line' id='line_1_8' title="bbox 365 789 1936 868; baseline 0.003 -28"><span class='ocrx_word' id='word_1_39' title='bbox 365 789 565 846; x_wconf 81' lang='lat' dir='ltr'><strong>bernet,</strong></span> <span class='ocrx_word' id='word_1_40' title='bbox 598 798 646 841; x_wconf 80' lang='lat' dir='ltr'><strong>et</strong></span> <span class='ocrx_word' id='word_1_41' title='bbox 676 791 1005 843; x_wconf 81' lang='lat' dir='ltr'><strong>adversarios</strong></span> <span class='ocrx_word' id='word_1_42' title='bbox 1036 799 1238 845; x_wconf 83' lang='lat' dir='ltr'><strong>nostros</strong></span> <span class='ocrx_word' id='word_1_43' title='bbox 1267 799 1551 862; x_wconf 79' lang='lat' dir='ltr'><strong>Oppugnet.</strong></span> <span class='ocrx_word' id='word_1_44' title='bbox 1588 792 1671 868; x_wconf 78' lang='lat' dir='ltr'><strong>Ea</strong></span> <span class='ocrx_word' id='word_1_45' title='bbox 1704 808 1765 846; x_wconf 89' lang='lat' dir='ltr'><strong>re</strong></span> <span class='ocrx_word' id='word_1_46' title='bbox 1808 805 1936 845; x_wconf 89' lang='lat' dir='ltr'><strong>cum</strong></span> 
     </span>
    </p>
   </div>
   <div class='ocr_carea' id='block_1_9' title="bbox 366 877 1938 953">
    <p class='ocr_par' dir='ltr' id='par_1_9' title="bbox 366 877 1938 953">
     <span class='ocr_line' id='line_1_9' title="bbox 366 877 1938 953; baseline 0.003 -22"><span class='ocrx_word' id='word_1_47' title='bbox 366 877 586 932; x_wconf 84' lang='lat' dir='ltr'><strong>Samuel</strong></span> <span class='ocrx_word' id='word_1_48' title='bbox 617 880 945 943; x_wconf 84' lang='lat' dir='ltr'><strong>tristaretur,</strong></span> <span class='ocrx_word' id='word_1_49' title='bbox 977 880 1111 937; x_wconf 91' lang='lat' dir='ltr'><strong>dicit</strong></span> <span class='ocrx_word' id='word_1_50' title='bbox 1141 883 1224 937; x_wconf 88' lang='lat' dir='ltr'><strong>eis</strong></span> <span class='ocrx_word' id='word_1_51' title='bbox 1255 882 1402 937; x_wconf 86' lang='lat' dir='ltr'><strong>Deus</strong></span> <span class='ocrx_word' id='word_1_52' title='bbox 1432 900 1445 936; x_wconf 91' lang='lat'><strong>:</strong></span> <span class='ocrx_word' id='word_1_53' title='bbox 1483 882 1608 937; x_wconf 84' lang='lat' dir='ltr'><strong>Non</strong></span> <span class='ocrx_word' id='word_1_54' title='bbox 1642 894 1692 937; x_wconf 82' lang='lat' dir='ltr'><strong>te</strong></span> <span class='ocrx_word' id='word_1_55' title='bbox 1719 899 1815 953; x_wconf 84' lang='lat' dir='ltr'><strong>pro</strong></span> <span class='ocrx_word' id='word_1_56' title='bbox 1840 884 1938 936; x_wconf 84' lang='lat' dir='ltr'><strong>ui—</strong></span> 
     </span>
    </p>
   </div>
   <div class='ocr_carea' id='block_1_10' title="bbox 364 971 1938 1046">
    <p class='ocr_par' dir='ltr' id='par_1_10' title="bbox 364 971 1938 1046">
     <span class='ocr_line' id='line_1_10' title="bbox 364 971 1938 1046; baseline 0.004 -22"><span class='ocrx_word' id='word_1_57' title='bbox 364 971 468 1025; x_wconf 79' lang='lat' dir='ltr'><strong>In&#39;lo</strong></span> <span class='ocrx_word' id='word_1_58' title='bbox 501 973 679 1028; x_wconf 75' lang='lat' dir='ltr'><strong>habuit</strong></span> <span class='ocrx_word' id='word_1_59' title='bbox 719 973 964 1044; x_wconf 80' lang='lat' dir='ltr'><strong>populus,</strong></span> <span class='ocrx_word' id='word_1_60' title='bbox 1013 975 1107 1029; x_wconf 81' lang='lat' dir='ltr'><strong>sed</strong></span> <span class='ocrx_word' id='word_1_61' title='bbox 1154 990 1268 1041; x_wconf 83' lang='lat' dir='ltr'><strong>me;</strong></span> <span class='ocrx_word' id='word_1_62' title='bbox 1304 992 1456 1046; x_wconf 83' lang='lat' dir='ltr'><strong>quem</strong></span> <span class='ocrx_word' id='word_1_63' title='bbox 1498 992 1620 1031; x_wconf 77' lang='lat' dir='ltr'><strong>vero</strong></span> <span class='ocrx_word' id='word_1_64' title='bbox 1667 978 1758 1032; x_wconf 80' lang='lat' dir='ltr'><strong>tibi</strong></span> <span class='ocrx_word' id='word_1_65' title='bbox 1788 993 1938 1031; x_wconf 83' lang='lat' dir='ltr'><strong>mon-</strong></span> 
     </span>
    </p>
   </div>
   <div class='ocr_carea' id='block_1_11' title="bbox 363 1067 1934 1142">
    <p class='ocr_par' dir='ltr' id='par_1_11' title="bbox 363 1067 1934 1142">
     <span class='ocr_line' id='line_1_11' title="bbox 363 1067 1934 1142; baseline 0.004 -25"><span class='ocrx_word' id='word_1_66' title='bbox 363 1074 561 1129; x_wconf 85' lang='lat' dir='ltr'><strong>straro,</strong></span> <span class='ocrx_word' id='word_1_67' title='bbox 597 1081 715 1119; x_wconf 87' lang='lat' dir='ltr'><strong>eum</strong></span> <span class='ocrx_word' id='word_1_68' title='bbox 746 1082 919 1136; x_wconf 84' lang='lat' dir='ltr'><strong><em>regem</em></strong></span> <span class='ocrx_word' id='word_1_69' title='bbox 970 1068 1172 1137; x_wconf 87' lang='lat' dir='ltr'><strong>ungito.</strong></span> <span class='ocrx_word' id='word_1_70' title='bbox 1207 1067 1315 1139; x_wconf 80' lang='lat'><strong>59</strong></span> <span class='ocrx_word' id='word_1_71' title='bbox 1344 1069 1588 1126; x_wconf 69' lang='lat' dir='ltr'><strong>Hebrmis</strong></span> <span class='ocrx_word' id='word_1_72' title='bbox 1616 1070 1784 1142; x_wconf 88' lang='lat' dir='ltr'><strong>igitur</strong></span> <span class='ocrx_word' id='word_1_73' title='bbox 1803 1086 1934 1126; x_wconf 84' lang='lat' dir='ltr'><strong>con-</strong></span> 
     </span>
    </p>
   </div>
   <div class='ocr_carea' id='block_1_12' title="bbox 364 1156 1937 1229">
    <p class='ocr_par' dir='ltr' id='par_1_12' title="bbox 364 1156 1937 1229">
     <span class='ocr_line' id='line_1_12' title="bbox 364 1156 1937 1229; baseline 0.006 -22"><span class='ocrx_word' id='word_1_74' title='bbox 364 1156 605 1221; x_wconf 81' lang='lat' dir='ltr'><strong>vocatis,</strong></span> <span class='ocrx_word' id='word_1_75' title='bbox 650 1157 871 1213; x_wconf 85' lang='lat' dir='ltr'><strong>Samuel</strong></span> <span class='ocrx_word' id='word_1_76' title='bbox 916 1158 1207 1229; x_wconf 84' lang='lat' dir='ltr'><strong>proponit,</strong></span> <span class='ocrx_word' id='word_1_77' title='bbox 1256 1176 1315 1215; x_wconf 89' lang='lat' dir='ltr'><strong>se</strong></span> <span class='ocrx_word' id='word_1_78' title='bbox 1353 1161 1656 1216; x_wconf 78' lang='lat' dir='ltr'><strong>electorum</strong></span> <span class='ocrx_word' id='word_1_79' title='bbox 1694 1161 1777 1217; x_wconf 86' lang='lat' dir='ltr'><strong>eis</strong></span> <span class='ocrx_word' id='word_1_80' title='bbox 1812 1175 1937 1216; x_wconf 87' lang='lat' dir='ltr'><strong>esse</strong></span> 
     </span>
    </p>
   </div>
   <div class='ocr_carea' id='block_1_13' title="bbox 368 1248 1938 1322">
    <p class='ocr_par' dir='ltr' id='par_1_13' title="bbox 368 1248 1938 1322">
     <span class='ocr_line' id='line_1_13' title="bbox 368 1248 1938 1322; baseline 0.008 -25"><span class='ocrx_word' id='word_1_81' title='bbox 368 1260 576 1311; x_wconf 79' lang='lat' dir='ltr'><strong>regem,</strong></span> <span class='ocrx_word' id='word_1_82' title='bbox 635 1248 940 1317; x_wconf 71' lang='lat' dir='ltr'><strong>praedicens</strong></span> <span class='ocrx_word' id='word_1_83' title='bbox 981 1250 1096 1304; x_wconf 81' lang='lat' dir='ltr'><strong>fore</strong></span> <span class='ocrx_word' id='word_1_84' title='bbox 1129 1261 1190 1306; x_wconf 93' lang='lat' dir='ltr'><strong>ut</strong></span> <span class='ocrx_word' id='word_1_85' title='bbox 1226 1253 1518 1322; x_wconf 73' lang='lat' dir='ltr'><strong>paeniteret</strong></span> <span class='ocrx_word' id='word_1_86' title='bbox 1547 1269 1664 1317; x_wconf 89' lang='lat' dir='ltr'><strong>eos,</strong></span> <span class='ocrx_word' id='word_1_87' title='bbox 1699 1268 1764 1308; x_wconf 90' lang='lat' dir='ltr'><strong>ac</strong></span> <span class='ocrx_word' id='word_1_88' title='bbox 1794 1253 1938 1309; x_wconf 90' lang='lat' dir='ltr'><strong>libe-</strong></span> 
     </span>
    </p>
   </div>
   <div class='ocr_carea' id='block_1_14' title="bbox 369 1337 1933 1410">
    <p class='ocr_par' dir='ltr' id='par_1_14' title="bbox 369 1337 1933 1410">
     <span class='ocr_line' id='line_1_14' title="bbox 369 1337 1933 1410; baseline 0.006 -21"><span class='ocrx_word' id='word_1_89' title='bbox 369 1337 639 1392; x_wconf 87' lang='lat' dir='ltr'><strong>rationem</strong></span> <span class='ocrx_word' id='word_1_90' title='bbox 689 1354 719 1392; x_wconf 93' lang='lat' dir='ltr'><strong>a</strong></span> <span class='ocrx_word' id='word_1_91' title='bbox 765 1341 989 1410; x_wconf 78' lang='lat' dir='ltr'><strong>regibus</strong></span> <span class='ocrx_word' id='word_1_92' title='bbox 1037 1342 1208 1396; x_wconf 90' lang='lat' dir='ltr'><strong>Deum</strong></span> <span class='ocrx_word' id='word_1_93' title='bbox 1248 1351 1526 1398; x_wconf 88' lang='lat' dir='ltr'><strong>oraturos.</strong></span> <span class='ocrx_word' id='word_1_94' title='bbox 1573 1343 1656 1398; x_wconf 87' lang='lat' dir='ltr'><strong>illi</strong></span> <span class='ocrx_word' id='word_1_95' title='bbox 1706 1345 1933 1407; x_wconf 85' lang='lat' dir='ltr'><strong>instant,</strong></span> 
     </span>
    </p>
   </div>
   <div class='ocr_carea' id='block_1_15' title="bbox 367 1428 1938 1499">
    <p class='ocr_par' dir='ltr' id='par_1_15' title="bbox 367 1428 1938 1499">
     <span class='ocr_line' id='line_1_15' title="bbox 367 1428 1938 1499; baseline 0.008 -19"><span class='ocrx_word' id='word_1_96' title='bbox 367 1442 550 1495; x_wconf 83' lang='lat' dir='ltr'><strong>regem</strong></span> <span class='ocrx_word' id='word_1_97' title='bbox 594 1428 922 1499; x_wconf 84' lang='lat' dir='ltr'><strong>ﬂagitantes,</strong></span> <span class='ocrx_word' id='word_1_98' title='bbox 952 1432 1021 1487; x_wconf 88' lang='lat' dir='ltr'><strong>de</strong></span> <span class='ocrx_word' id='word_1_99' title='bbox 1062 1433 1226 1487; x_wconf 86' lang='lat' dir='ltr'><strong>rebus</strong></span> <span class='ocrx_word' id='word_1_100' title='bbox 1274 1434 1475 1489; x_wconf 80' lang='lat' dir='ltr'><strong>futuris</strong></span> <span class='ocrx_word' id='word_1_101' title='bbox 1508 1451 1763 1491; x_wconf 86' lang='lat' dir='ltr'><strong>securum</strong></span> <span class='ocrx_word' id='word_1_102' title='bbox 1804 1453 1938 1493; x_wconf 86' lang='lat' dir='ltr'><strong>esse</strong></span> 
     </span>
    </p>
   </div>
   <div class='ocr_carea' id='block_1_16' title="bbox 361 1519 1941 1597">
    <p class='ocr_par' dir='ltr' id='par_1_16' title="bbox 361 1519 1941 1597">
     <span class='ocr_line' id='line_1_16' title="bbox 361 1519 1941 1597; baseline 0.006 -27"><span class='ocrx_word' id='word_1_103' title='bbox 361 1519 723 1588; x_wconf 88' lang='lat' dir='ltr'><strong>jubent.Tum</strong></span> <span class='ocrx_word' id='word_1_104' title='bbox 754 1520 971 1575; x_wconf 85' lang='lat' dir='ltr'><strong>Samuel</strong></span> <span class='ocrx_word' id='word_1_105' title='bbox 1001 1539 1014 1574; x_wconf 89' lang='lat'><strong>:</strong></span> <span class='ocrx_word' id='word_1_106' title='bbox 1045 1522 1190 1576; x_wconf 80' lang='lat' dir='ltr'><strong>Abite</strong></span> <span class='ocrx_word' id='word_1_107' title='bbox 1220 1540 1378 1588; x_wconf 84' lang='lat' dir='ltr'><strong>nunc,</strong></span> <span class='ocrx_word' id='word_1_108' title='bbox 1412 1524 1615 1593; x_wconf 87' lang='lat' dir='ltr'><strong>inquit,</strong></span> <span class='ocrx_word' id='word_1_109' title='bbox 1642 1526 1727 1581; x_wconf 91' lang='lat' dir='ltr'><strong>ubi</strong></span> <span class='ocrx_word' id='word_1_110' title='bbox 1751 1544 1941 1597; x_wconf 85' lang='lat' dir='ltr'><strong>cogno-</strong></span> 
     </span>
    </p>
   </div>
   <div class='ocr_carea' id='block_1_17' title="bbox 366 1610 1939 1679">
    <p class='ocr_par' dir='ltr' id='par_1_17' title="bbox 366 1610 1939 1679">
     <span class='ocr_line' id='line_1_17' title="bbox 366 1610 1939 1679; baseline 0.006 -17"><span class='ocrx_word' id='word_1_111' title='bbox 366 1624 511 1671; x_wconf 80' lang='lat' dir='ltr'><strong>vero,</strong></span> <span class='ocrx_word' id='word_1_112' title='bbox 541 1625 696 1679; x_wconf 83' lang='lat' dir='ltr'><strong>quem</strong></span> <span class='ocrx_word' id='word_1_113' title='bbox 731 1611 871 1663; x_wconf 80' lang='lat' dir='ltr'><strong>vobis</strong></span> <span class='ocrx_word' id='word_1_114' title='bbox 905 1610 1045 1664; x_wconf 87' lang='lat' dir='ltr'><strong>Deus</strong></span> <span class='ocrx_word' id='word_1_115' title='bbox 1075 1612 1307 1677; x_wconf 79' lang='lat' dir='ltr'><strong>dederit,</strong></span> <span class='ocrx_word' id='word_1_116' title='bbox 1341 1630 1605 1668; x_wconf 78' lang='lat' dir='ltr'><strong>accersam</strong></span> <span class='ocrx_word' id='word_1_117' title='bbox 1633 1632 1739 1669; x_wconf 83' lang='lat' dir='ltr'><strong>vos.</strong></span> <span class='ocrx_word' id='word_1_118' title='bbox 1780 1615 1939 1671; x_wconf 86' lang='lat' dir='ltr'><strong>Acci-</strong></span> 
     </span>
    </p>
   </div>
   <div class='ocr_carea' id='block_1_18' title="bbox 366 1701 1939 1773">
    <p class='ocr_par' dir='ltr' id='par_1_18' title="bbox 366 1701 1939 1773">
     <span class='ocr_line' id='line_1_18' title="bbox 366 1701 1939 1773; baseline 0.004 -17"><span class='ocrx_word' id='word_1_119' title='bbox 366 1701 449 1756; x_wconf 88' lang='lat' dir='ltr'><strong>dit</strong></span> <span class='ocrx_word' id='word_1_120' title='bbox 473 1709 680 1765; x_wconf 87' lang='lat' dir='ltr'><strong>autem,</strong></span> <span class='ocrx_word' id='word_1_121' title='bbox 709 1711 769 1755; x_wconf 93' lang='lat' dir='ltr'><strong>ut</strong></span> <span class='ocrx_word' id='word_1_122' title='bbox 796 1702 1099 1773; x_wconf 85' lang='lat' dir='ltr'><strong>Benjamita</strong></span> <span class='ocrx_word' id='word_1_123' title='bbox 1129 1705 1376 1772; x_wconf 88' lang='lat' dir='ltr'><strong>quidam,</strong></span> <span class='ocrx_word' id='word_1_124' title='bbox 1406 1707 1627 1761; x_wconf 88' lang='lat' dir='ltr'><strong>nomine</strong></span> <span class='ocrx_word' id='word_1_125' title='bbox 1661 1706 1774 1769; x_wconf 87' lang='lat' dir='ltr'><strong>Cis,</strong></span> <span class='ocrx_word' id='word_1_126' title='bbox 1802 1706 1939 1762; x_wconf 87' lang='lat' dir='ltr'><strong>Sau-</strong></span> 
     </span>
    </p>
   </div>
   <div class='ocr_carea' id='block_1_19' title="bbox 367 1790 1936 1864">
    <p class='ocr_par' dir='ltr' id='par_1_19' title="bbox 367 1790 1936 1864">
     <span class='ocr_line' id='line_1_19' title="bbox 367 1790 1936 1864; baseline 0.005 -19"><span class='ocrx_word' id='word_1_127' title='bbox 367 1792 476 1846; x_wconf 91' lang='lat' dir='ltr'><strong>lem</strong></span> <span class='ocrx_word' id='word_1_128' title='bbox 509 1790 710 1857; x_wconf 83' lang='lat' dir='ltr'><strong>illium,</strong></span> <span class='ocrx_word' id='word_1_129' title='bbox 742 1793 1021 1848; x_wconf 87' lang='lat' dir='ltr'><strong>hominem</strong></span> <span class='ocrx_word' id='word_1_130' title='bbox 1064 1804 1272 1849; x_wconf 84' lang='lat' dir='ltr'><strong>statura</strong></span> <span class='ocrx_word' id='word_1_131' title='bbox 1302 1805 1359 1851; x_wconf 92' lang='lat' dir='ltr'><strong>et</strong></span> <span class='ocrx_word' id='word_1_132' title='bbox 1400 1796 1574 1851; x_wconf 80' lang='lat' dir='ltr'><strong>forma</strong></span> <span class='ocrx_word' id='word_1_133' title='bbox 1613 1799 1936 1864; x_wconf 81' lang='lat' dir='ltr'><strong>excellenti,</strong></span> 
     </span>
    </p>
   </div>
   <div class='ocr_carea' id='block_1_20' title="bbox 269 1872 2016 1961">
    <p class='ocr_par' dir='ltr' id='par_1_20' title="bbox 269 1872 2016 1961">
     <span class='ocr_line' id='line_1_20' title="bbox 269 1872 2016 1961; baseline 0.007 -26"><span class='ocrx_word' id='word_1_134' title='bbox 269 1938 277 1945; x_wconf 64' lang='grc'>,</span> <span class='ocrx_word' id='word_1_135' title='bbox 367 1897 492 1936; x_wconf 89' lang='lat' dir='ltr'><strong>cum</strong></span> <span class='ocrx_word' id='word_1_136' title='bbox 530 1898 690 1938; x_wconf 89' lang='lat' dir='ltr'><strong>servo</strong></span> <span class='ocrx_word' id='word_1_137' title='bbox 717 1886 783 1938; x_wconf 86' lang='lat' dir='ltr'><strong>ad</strong></span> <span class='ocrx_word' id='word_1_138' title='bbox 810 1886 1092 1941; x_wconf 86' lang='lat' dir='ltr'><strong>asinarum</strong></span> <span class='ocrx_word' id='word_1_139' title='bbox 1125 1904 1263 1957; x_wconf 88' lang='lat' dir='ltr'><strong>quas</strong></span> <span class='ocrx_word' id='word_1_140' title='bbox 1308 1890 1567 1945; x_wconf 85' lang='lat' dir='ltr'><strong>amiserat</strong></span> <span class='ocrx_word' id='word_1_141' title='bbox 1620 1891 1940 1961; x_wconf 82' lang='lat' dir='ltr'><strong>inquisitio-</strong></span> <span class='ocrx_word' id='word_1_142' title='bbox 1975 1872 2016 1927; x_wconf 72' lang='grc' dir='ltr'><strong>Β</strong></span> 
     </span>
    </p>
   </div>
   <div class='ocr_carea' id='block_1_21' title="bbox 369 1973 1939 2051">
    <p class='ocr_par' dir='ltr' id='par_1_21' title="bbox 369 1973 1939 2051">
     <span class='ocr_line' id='line_1_21' title="bbox 369 1973 1939 2051; baseline 0.007 -27"><span class='ocrx_word' id='word_1_143' title='bbox 369 1986 497 2025; x_wconf 89' lang='lat' dir='ltr'><strong>nem</strong></span> <span class='ocrx_word' id='word_1_144' title='bbox 532 1973 793 2029; x_wconf 83' lang='lat' dir='ltr'><strong>mitteret.</strong></span> <span class='ocrx_word' id='word_1_145' title='bbox 834 1974 979 2042; x_wconf 82' lang='lat' dir='ltr'><strong>Quas</strong></span> <span class='ocrx_word' id='word_1_146' title='bbox 1018 1977 1110 2032; x_wconf 89' lang='lat' dir='ltr'><strong>ille</strong></span> <span class='ocrx_word' id='word_1_147' title='bbox 1156 1993 1283 2031; x_wconf 89' lang='lat' dir='ltr'><strong>cum</strong></span> <span class='ocrx_word' id='word_1_148' title='bbox 1335 1983 1533 2048; x_wconf 86' lang='lat' dir='ltr'><strong>passim</strong></span> <span class='ocrx_word' id='word_1_149' title='bbox 1577 1983 1939 2051; x_wconf 71' lang='lat' dir='ltr'><strong>quaesivisset,</strong></span> 
     </span>
    </p>
   </div>
   <div class='ocr_carea' id='block_1_22' title="bbox 373 2062 1945 2144">
    <p class='ocr_par' dir='ltr' id='par_1_22' title="bbox 373 2062 1945 2144">
     <span class='ocr_line' id='line_1_22' title="bbox 373 2062 1945 2144; baseline 0.008 -29"><span class='ocrx_word' id='word_1_150' title='bbox 373 2074 476 2115; x_wconf 89' lang='lat' dir='ltr'><strong>nec</strong></span> <span class='ocrx_word' id='word_1_151' title='bbox 520 2062 857 2131; x_wconf 86' lang='lat' dir='ltr'><strong>invenisset,</strong></span> <span class='ocrx_word' id='word_1_152' title='bbox 886 2065 1196 2122; x_wconf 82' lang='lat' dir='ltr'><strong>Samuelem</strong></span> <span class='ocrx_word' id='word_1_153' title='bbox 1237 2069 1305 2124; x_wconf 90' lang='lat' dir='ltr'><strong>de</strong></span> <span class='ocrx_word' id='word_1_154' title='bbox 1344 2071 1606 2125; x_wconf 88' lang='lat' dir='ltr'><strong>asinabus</strong></span> <span class='ocrx_word' id='word_1_155' title='bbox 1638 2071 1945 2144; x_wconf 84' lang='lat' dir='ltr'><strong>interroga-</strong></span> 
     </span>
    </p>
   </div>
   <div class='ocr_carea' id='block_1_23' title="bbox 372 2154 1942 2229">
    <p class='ocr_par' dir='ltr' id='par_1_23' title="bbox 372 2154 1942 2229">
     <span class='ocr_line' id='line_1_23' title="bbox 372 2154 1942 2229; baseline 0.01 -26"><span class='ocrx_word' id='word_1_156' title='bbox 372 2162 550 2215; x_wconf 87' lang='lat' dir='ltr'><strong>turus,</strong></span> <span class='ocrx_word' id='word_1_157' title='bbox 577 2154 915 2209; x_wconf 85' lang='lat' dir='ltr'><strong>Armathaim</strong></span> <span class='ocrx_word' id='word_1_158' title='bbox 952 2158 1123 2212; x_wconf 82' lang='lat' dir='ltr'><strong>venit.</strong></span> <span class='ocrx_word' id='word_1_159' title='bbox 1154 2159 1230 2214; x_wconf 83' lang='lat' dir='ltr'><strong>lbi</strong></span> <span class='ocrx_word' id='word_1_160' title='bbox 1268 2161 1412 2214; x_wconf 89' lang='lat' dir='ltr'><strong>Deus</strong></span> <span class='ocrx_word' id='word_1_161' title='bbox 1433 2161 1678 2217; x_wconf 87' lang='lat' dir='ltr'><strong>Samueli</strong></span> <span class='ocrx_word' id='word_1_162' title='bbox 1712 2164 1942 2229; x_wconf 85' lang='lat' dir='ltr'><strong>revelat,</strong></span> 
     </span>
    </p>
   </div>
   <div class='ocr_carea' id='block_1_24' title="bbox 370 2247 1940 2321">
    <p class='ocr_par' dir='ltr' id='par_1_24' title="bbox 370 2247 1940 2321">
     <span class='ocr_line' id='line_1_24' title="bbox 370 2247 1940 2321; baseline 0.008 -27"><span class='ocrx_word' id='word_1_163' title='bbox 370 2256 497 2294; x_wconf 88' lang='lat' dir='ltr'><strong>cum</strong></span> <span class='ocrx_word' id='word_1_164' title='bbox 528 2257 648 2297; x_wconf 88' lang='lat' dir='ltr'><strong>esse</strong></span> <span class='ocrx_word' id='word_1_165' title='bbox 680 2259 846 2314; x_wconf 88' lang='lat' dir='ltr'><strong>quem</strong></span> <span class='ocrx_word' id='word_1_166' title='bbox 882 2248 1088 2317; x_wconf 89' lang='lat' dir='ltr'><strong>populo</strong></span> <span class='ocrx_word' id='word_1_167' title='bbox 1110 2247 1464 2305; x_wconf 58' lang='lat' dir='ltr'><strong>Hebraeorum</strong></span> <span class='ocrx_word' id='word_1_168' title='bbox 1500 2252 1768 2321; x_wconf 88' lang='lat' dir='ltr'><strong>imperare</strong></span> <span class='ocrx_word' id='word_1_169' title='bbox 1790 2252 1940 2308; x_wconf 85' lang='lat' dir='ltr'><strong>velit.</strong></span> 
     </span>
    </p>
   </div>
   <div class='ocr_carea' id='block_1_25' title="bbox 372 2333 1943 2416">
    <p class='ocr_par' dir='ltr' id='par_1_25' title="bbox 372 2333 1943 2416">
     <span class='ocr_line' id='line_1_25' title="bbox 372 2333 1943 2416; baseline 0.01 -30"><span class='ocrx_word' id='word_1_170' title='bbox 372 2333 449 2387; x_wconf 84' lang='lat' dir='ltr'><strong>De</strong></span> <span class='ocrx_word' id='word_1_171' title='bbox 480 2333 740 2390; x_wconf 87' lang='lat' dir='ltr'><strong>asinabus</strong></span> <span class='ocrx_word' id='word_1_172' title='bbox 761 2336 929 2407; x_wconf 87' lang='lat' dir='ltr'><strong>igitur</strong></span> <span class='ocrx_word' id='word_1_173' title='bbox 959 2352 1200 2410; x_wconf 85' lang='lat' dir='ltr'><strong>rogatus,</strong></span> <span class='ocrx_word' id='word_1_174' title='bbox 1231 2343 1535 2399; x_wconf 89' lang='lat' dir='ltr'><strong>incolumes</strong></span> <span class='ocrx_word' id='word_1_175' title='bbox 1564 2361 1685 2400; x_wconf 85' lang='lat' dir='ltr'><strong>esse</strong></span> <span class='ocrx_word' id='word_1_176' title='bbox 1707 2362 1943 2416; x_wconf 89' lang='lat' dir='ltr'><strong>respon-</strong></span> 
     </span>
    </p>
   </div>
   <div class='ocr_carea' id='block_1_26' title="bbox 371 2423 1942 2508">
    <p class='ocr_par' dir='ltr' id='par_1_26' title="bbox 371 2423 1942 2508">
     <span class='ocr_line' id='line_1_26' title="bbox 371 2423 1942 2508; baseline 0.011 -32"><span class='ocrx_word' id='word_1_177' title='bbox 371 2423 502 2480; x_wconf 80' lang='lat' dir='ltr'><strong>det;</strong></span> <span class='ocrx_word' id='word_1_178' title='bbox 528 2435 584 2481; x_wconf 90' lang='lat' dir='ltr'><strong>et</strong></span> <span class='ocrx_word' id='word_1_179' title='bbox 618 2428 836 2482; x_wconf 89' lang='lat' dir='ltr'><strong>Saulem</strong></span> <span class='ocrx_word' id='word_1_180' title='bbox 867 2430 1105 2500; x_wconf 85' lang='lat' dir='ltr'><strong>hospitio</strong></span> <span class='ocrx_word' id='word_1_181' title='bbox 1136 2440 1427 2502; x_wconf 76' lang='lat' dir='ltr'><strong>exceptura</strong></span> <span class='ocrx_word' id='word_1_182' title='bbox 1464 2452 1621 2490; x_wconf 88' lang='lat' dir='ltr'><strong>mane</strong></span> <span class='ocrx_word' id='word_1_183' title='bbox 1648 2438 1942 2508; x_wconf 82' lang='lat' dir='ltr'><strong>prosequi-</strong></span> 
     </span>
    </p>
   </div>
   <div class='ocr_carea' id='block_1_27' title="bbox 373 2517 1949 2590">
    <p class='ocr_par' dir='ltr' id='par_1_27' title="bbox 373 2517 1949 2590">
     <span class='ocr_line' id='line_1_27' title="bbox 373 2517 1949 2590; baseline 0.011 -21"><span class='ocrx_word' id='word_1_184' title='bbox 373 2527 481 2569; x_wconf 87' lang='lat' dir='ltr'><strong>tur.</strong></span> <span class='ocrx_word' id='word_1_185' title='bbox 517 2517 716 2573; x_wconf 87' lang='lat' dir='ltr'><strong>Urbem</strong></span> <span class='ocrx_word' id='word_1_186' title='bbox 753 2535 1040 2590; x_wconf 87' lang='lat' dir='ltr'><strong>egressus,</strong></span> <span class='ocrx_word' id='word_1_187' title='bbox 1086 2539 1211 2579; x_wconf 91' lang='lat' dir='ltr'><strong>cum</strong></span> <span class='ocrx_word' id='word_1_188' title='bbox 1256 2526 1660 2583; x_wconf 86' lang='lat' dir='ltr'><strong>adolescentem</strong></span> <span class='ocrx_word' id='word_1_189' title='bbox 1699 2531 1949 2586; x_wconf 80' lang='lat' dir='ltr'><strong>seduxis-</strong></span> 
     </span>
    </p>
   </div>
   <div class='ocr_carea' id='block_1_28' title="bbox 370 2607 1940 2685">
    <p class='ocr_par' dir='ltr' id='par_1_28' title="bbox 370 2607 1940 2685">
     <span class='ocr_line' id='line_1_28' title="bbox 370 2607 1940 2685; baseline 0.009 -25"><span class='ocrx_word' id='word_1_190' title='bbox 370 2616 479 2672; x_wconf 82' lang='lat' dir='ltr'><strong>set,</strong></span> <span class='ocrx_word' id='word_1_191' title='bbox 509 2607 634 2663; x_wconf 87' lang='lat' dir='ltr'><strong>oleo</strong></span> <span class='ocrx_word' id='word_1_192' title='bbox 679 2622 844 2680; x_wconf 88' lang='lat' dir='ltr'><strong>caput</strong></span> <span class='ocrx_word' id='word_1_193' title='bbox 887 2614 1008 2683; x_wconf 84' lang='lat' dir='ltr'><strong>ejus</strong></span> <span class='ocrx_word' id='word_1_194' title='bbox 1063 2617 1382 2685; x_wconf 81' lang='lat' dir='ltr'><strong>perfundit,</strong></span> <span class='ocrx_word' id='word_1_195' title='bbox 1424 2635 1490 2675; x_wconf 88' lang='lat' dir='ltr'><strong>ac</strong></span> <span class='ocrx_word' id='word_1_196' title='bbox 1527 2621 1883 2679; x_wconf 81' lang='lat' dir='ltr'><strong>deosculatus</strong></span> <span class='ocrx_word' id='word_1_197' title='bbox 1925 2639 1940 2674; x_wconf 91' lang='lat'>:</span> 
     </span>
    </p>
   </div>
   <div class='ocr_carea' id='block_1_29' title="bbox 376 2698 1949 2782">
    <p class='ocr_par' dir='ltr' id='par_1_29' title="bbox 376 2698 1949 2782">
     <span class='ocr_line' id='line_1_29' title="bbox 376 2698 1949 2782; baseline 0.011 -29"><span class='ocrx_word' id='word_1_198' title='bbox 376 2698 534 2754; x_wconf 70' lang='lat' dir='ltr'><strong>Unmit</strong></span> <span class='ocrx_word' id='word_1_199' title='bbox 569 2709 617 2754; x_wconf 85' lang='lat' dir='ltr'><strong>te</strong></span> <span class='ocrx_word' id='word_1_200' title='bbox 646 2702 804 2769; x_wconf 84' lang='lat' dir='ltr'><strong>Deus,</strong></span> <span class='ocrx_word' id='word_1_201' title='bbox 833 2705 1032 2776; x_wconf 88' lang='lat' dir='ltr'><strong>inquit,</strong></span> <span class='ocrx_word' id='word_1_202' title='bbox 1068 2724 1239 2778; x_wconf 85' lang='lat' dir='ltr'><strong>regem</strong></span> <span class='ocrx_word' id='word_1_203' title='bbox 1278 2713 1459 2782; x_wconf 83' lang='lat' dir='ltr'><strong>populi</strong></span> <span class='ocrx_word' id='word_1_204' title='bbox 1490 2717 1596 2778; x_wconf 86' lang='lat' dir='ltr'><strong>sui,</strong></span> <span class='ocrx_word' id='word_1_205' title='bbox 1644 2716 1794 2780; x_wconf 76' lang='lat' dir='ltr'><strong>cuius</strong></span> <span class='ocrx_word' id='word_1_206' title='bbox 1847 2733 1949 2769; x_wconf 85' lang='lat' dir='ltr'><strong>un-</strong></span> 
     </span>
    </p>
   </div>
   <div class='ocr_carea' id='block_1_30' title="bbox 373 2793 1945 2872">
    <p class='ocr_par' dir='ltr' id='par_1_30' title="bbox 373 2793 1945 2872">
     <span class='ocr_line' id='line_1_30' title="bbox 373 2793 1945 2872; baseline 0.012 -29"><span class='ocrx_word' id='word_1_207' title='bbox 373 2793 561 2846; x_wconf 81' lang='lat' dir='ltr'><strong>ctionis</strong></span> <span class='ocrx_word' id='word_1_208' title='bbox 604 2793 741 2847; x_wconf 73' lang='lat' dir='ltr'><strong>illud</strong></span> <span class='ocrx_word' id='word_1_209' title='bbox 787 2798 882 2850; x_wconf 84' lang='lat' dir='ltr'><strong>tibi</strong></span> <span class='ocrx_word' id='word_1_210' title='bbox 922 2799 1132 2869; x_wconf 85' lang='lat' dir='ltr'><strong>signum</strong></span> <span class='ocrx_word' id='word_1_211' title='bbox 1176 2802 1296 2868; x_wconf 83' lang='lat' dir='ltr'><strong>erit,</strong></span> <span class='ocrx_word' id='word_1_212' title='bbox 1340 2808 1478 2872; x_wconf 77' lang='lat' dir='ltr'><strong>quod</strong></span> <span class='ocrx_word' id='word_1_213' title='bbox 1519 2808 1661 2860; x_wconf 84' lang='lat' dir='ltr'><strong>circa</strong></span> <span class='ocrx_word' id='word_1_214' title='bbox 1706 2806 1945 2862; x_wconf 78' lang='lat' dir='ltr'><strong>Raehelis</strong></span> 
     </span>
    </p>
   </div>
   <div class='ocr_carea' id='block_1_31' title="bbox 372 2879 1944 2965">
    <p class='ocr_par' dir='ltr' id='par_1_31' title="bbox 372 2879 1944 2965">
     <span class='ocr_line' id='line_1_31' title="bbox 372 2879 1944 2965; baseline 0.012 -34"><span class='ocrx_word' id='word_1_215' title='bbox 372 2879 674 2950; x_wconf 78' lang='lat' dir='ltr'><strong>sepulcrum</strong></span> <span class='ocrx_word' id='word_1_216' title='bbox 711 2884 813 2939; x_wconf 85' lang='lat' dir='ltr'><strong>duo</strong></span> <span class='ocrx_word' id='word_1_217' title='bbox 844 2885 937 2940; x_wconf 81' lang='lat' dir='ltr'><strong>tibi</strong></span> <span class='ocrx_word' id='word_1_218' title='bbox 968 2889 1068 2943; x_wconf 84' lang='lat' dir='ltr'><strong>viri</strong></span> <span class='ocrx_word' id='word_1_219' title='bbox 1124 2902 1396 2945; x_wconf 82' lang='lat' dir='ltr'><strong>occurrent</strong></span> <span class='ocrx_word' id='word_1_220' title='bbox 1421 2932 1437 2957; x_wconf 90' lang='lat'><strong>,</strong></span> <span class='ocrx_word' id='word_1_221' title='bbox 1477 2896 1659 2948; x_wconf 73' lang='lat' dir='ltr'><strong>asinus</strong></span> <span class='ocrx_word' id='word_1_222' title='bbox 1708 2906 1944 2965; x_wconf 80' lang='lat' dir='ltr'><strong>repertas</strong></span> 
     </span>
    </p>
   </div>
   <div class='ocr_carea' id='block_1_32' title="bbox 374 2970 1946 3051">
    <p class='ocr_par' dir='ltr' id='par_1_32' title="bbox 374 2970 1946 3051">
     <span class='ocr_line' id='line_1_32' title="bbox 374 2970 1946 3051; baseline 0.013 -29"><span class='ocrx_word' id='word_1_223' title='bbox 374 2970 718 3041; x_wconf 85' lang='lat' dir='ltr'><strong>gratulaturi.</strong></span> <span class='ocrx_word' id='word_1_224' title='bbox 761 2974 961 3047; x_wconf 84' lang='lat' dir='ltr'><strong>Adjicit</strong></span> <span class='ocrx_word' id='word_1_225' title='bbox 999 2989 1054 3032; x_wconf 86' lang='lat' dir='ltr'><strong>et</strong></span> <span class='ocrx_word' id='word_1_226' title='bbox 1085 2979 1191 3033; x_wconf 90' lang='lat' dir='ltr'><strong>alia</strong></span> <span class='ocrx_word' id='word_1_227' title='bbox 1227 2981 1381 3051; x_wconf 85' lang='lat' dir='ltr'><strong>signa</strong></span> <span class='ocrx_word' id='word_1_228' title='bbox 1420 2983 1810 3041; x_wconf 69' lang='lat' dir='ltr'><strong>conﬁrmandae</strong></span> <span class='ocrx_word' id='word_1_229' title='bbox 1847 3003 1946 3043; x_wconf 88' lang='lat' dir='ltr'><strong>ve-</strong></span> 
     </span>
    </p>
   </div>
   <div class='ocr_carea' id='block_1_33' title="bbox 376 3063 1948 3137">
    <p class='ocr_par' dir='ltr' id='par_1_33' title="bbox 376 3063 1948 3137">
     <span class='ocr_line' id='line_1_33' title="bbox 376 3063 1948 3137; baseline 0.011 -22"><span class='ocrx_word' id='word_1_230' title='bbox 376 3063 560 3117; x_wconf 86' lang='lat' dir='ltr'><strong>ritatis</strong></span> <span class='ocrx_word' id='word_1_231' title='bbox 603 3080 756 3136; x_wconf 86' lang='lat' dir='ltr'><strong>ergo,</strong></span> <span class='ocrx_word' id='word_1_232' title='bbox 796 3076 961 3137; x_wconf 85' lang='lat' dir='ltr'><strong>atque</strong></span> <span class='ocrx_word' id='word_1_233' title='bbox 994 3068 1140 3124; x_wconf 89' lang='lat' dir='ltr'><strong>inter</strong></span> <span class='ocrx_word' id='word_1_234' title='bbox 1177 3082 1392 3137; x_wconf 56' lang='lat' dir='ltr'><strong>extera,</strong></span> <span class='ocrx_word' id='word_1_235' title='bbox 1424 3075 1517 3129; x_wconf 92' lang='lat' dir='ltr'><strong>ubi</strong></span> <span class='ocrx_word' id='word_1_236' title='bbox 1558 3074 1821 3130; x_wconf 86' lang='lat' dir='ltr'><strong>Gabatam</strong></span> <span class='ocrx_word' id='word_1_237' title='bbox 1852 3093 1948 3133; x_wconf 88' lang='lat' dir='ltr'><strong>ve-</strong></span> 
     </span>
    </p>
   </div>
   <div class='ocr_carea' id='block_1_34' title="bbox 2044 604 3619 681">
    <p class='ocr_par' dir='ltr' id='par_1_34' title="bbox 2044 604 3619 681">
     <span class='ocr_line' id='line_1_34' title="bbox 2044 604 3619 681; baseline 0 -19"><span class='ocrx_word' id='word_1_238' title='bbox 2044 609 2217 662; x_wconf 83' lang='grc' dir='ltr'>ταῦτα</span> <span class='ocrx_word' id='word_1_239' title='bbox 2273 610 2409 681; x_wconf 71' lang='grc' dir='ltr'>πρὸς</span> <span class='ocrx_word' id='word_1_240' title='bbox 2464 610 2719 680; x_wconf 78' lang='grc' dir='ltr'><strong>Σαμουὴλ</strong></span> <span class='ocrx_word' id='word_1_241' title='bbox 2768 610 3100 679; x_wconf 75' lang='grc' dir='ltr'><strong>ἀθροισθεὶς,</strong></span> <span class='ocrx_word' id='word_1_242' title='bbox 3142 609 3301 662; x_wconf 76' lang='grc' dir='ltr'>Ἐπεί</span> <span class='ocrx_word' id='word_1_243' title='bbox 3347 608 3433 678; x_wconf 75' lang='grc' dir='ltr'><strong>μὴ</strong></span> <span class='ocrx_word' id='word_1_244' title='bbox 3491 604 3619 674; x_wconf 81' lang='grc' dir='ltr'><strong>οἷός</strong></span> 
     </span>
    </p>
   </div>
   <div class='ocr_carea' id='block_1_35' title="bbox 2046 696 3618 770">
    <p class='ocr_par' dir='ltr' id='par_1_35' title="bbox 2046 696 3618 770">
     <span class='ocr_line' id='line_1_35' title="bbox 2046 696 3618 770; baseline -0.001 -18"><span class='ocrx_word' id='word_1_245' title='bbox 2046 715 2111 753; x_wconf 81' lang='grc' dir='ltr'><strong>τε</strong></span> <span class='ocrx_word' id='word_1_246' title='bbox 2130 700 2235 765; x_wconf 85' lang='grc' dir='ltr'>σὺ,</span> <span class='ocrx_word' id='word_1_247' title='bbox 2256 700 2485 770; x_wconf 77' lang='grc' dir='ltr'>ἔφησαν,</span> <span class='ocrx_word' id='word_1_248' title='bbox 2510 700 2876 767; x_wconf 79' lang='grc' dir='ltr'>προεστάναι</span> <span class='ocrx_word' id='word_1_249' title='bbox 2896 699 3067 768; x_wconf 75' lang='grc' dir='ltr'><strong>ἡμῶν</strong></span> <span class='ocrx_word' id='word_1_250' title='bbox 3092 697 3187 751; x_wconf 81' lang='grc' dir='ltr'><strong>διὰ</strong></span> <span class='ocrx_word' id='word_1_251' title='bbox 3212 696 3424 767; x_wconf 82' lang='grc' dir='ltr'>γῆρας,</span> <span class='ocrx_word' id='word_1_252' title='bbox 3443 700 3586 765; x_wconf 80' lang='grc' dir='ltr'>ποίη</span> <span class='ocrx_word' id='word_1_253' title='bbox 3600 728 3618 739; x_wconf 91' lang='grc'><strong>-</strong></span> 
     </span>
    </p>
   </div>
   <div class='ocr_carea' id='block_1_36' title="bbox 2045 787 3617 860">
    <p class='ocr_par' dir='ltr' id='par_1_36' title="bbox 2045 787 3617 860">
     <span class='ocr_line' id='line_1_36' title="bbox 2045 787 3617 860; baseline 0 -17"><span class='ocrx_word' id='word_1_254' title='bbox 2045 805 2161 844; x_wconf 87' lang='grc' dir='ltr'><strong>σον</strong></span> <span class='ocrx_word' id='word_1_255' title='bbox 2191 790 2336 860; x_wconf 71' lang='grc' dir='ltr'>ἡμῖν</span> <span class='ocrx_word' id='word_1_256' title='bbox 2353 791 2638 855; x_wconf 75' lang='grc' dir='ltr'><strong>βασιλέα.</strong></span> <span class='ocrx_word' id='word_1_257' title='bbox 2672 790 2742 857; x_wconf 82' lang='grc' dir='ltr'>ὃς</span> <span class='ocrx_word' id='word_1_258' title='bbox 2778 790 2878 845; x_wconf 79' lang='grc' dir='ltr'>καὶ</span> <span class='ocrx_word' id='word_1_259' title='bbox 2909 788 3015 844; x_wconf 85' lang='grc' dir='ltr'><strong>τοῦ</strong></span> <span class='ocrx_word' id='word_1_260' title='bbox 3051 787 3271 854; x_wconf 74' lang='grc' dir='ltr'>ἔθνους</span> <span class='ocrx_word' id='word_1_261' title='bbox 3298 790 3617 858; x_wconf 76' lang='grc' dir='ltr'>ἡγήσεται,</span> 
     </span>
    </p>
   </div>
   <div class='ocr_carea' id='block_1_37' title="bbox 2042 880 3615 952">
    <p class='ocr_par' dir='ltr' id='par_1_37' title="bbox 2042 880 3615 952">
     <span class='ocr_line' id='line_1_37' title="bbox 2042 880 3615 952; baseline 0 -16"><span class='ocrx_word' id='word_1_262' title='bbox 2042 880 2142 936; x_wconf 75' lang='grc' dir='ltr'><strong>καί</strong></span> <span class='ocrx_word' id='word_1_263' title='bbox 2169 882 2291 948; x_wconf 84' lang='grc' dir='ltr'>τοῖς</span> <span class='ocrx_word' id='word_1_264' title='bbox 2321 882 2616 948; x_wconf 77' lang='grc' dir='ltr'><strong>ἐναντίοις</strong></span> <span class='ocrx_word' id='word_1_265' title='bbox 2644 882 3228 951; x_wconf 75' lang='grc' dir='ltr'>ἁντιστρατὲύσεται.</span> <span class='ocrx_word' id='word_1_266' title='bbox 3258 883 3615 952; x_wconf 83' lang='grc' dir='ltr'>Λυπουμὲνου</span> 
     </span>
    </p>
   </div>
   <div class='ocr_carea' id='block_1_38' title="bbox 2043 969 3617 1045">
    <p class='ocr_par' dir='ltr' id='par_1_38' title="bbox 2043 969 3617 1045">
     <span class='ocr_line' id='line_1_38' title="bbox 2043 969 3617 1045; baseline -0.001 -18"><span class='ocrx_word' id='word_1_267' title='bbox 2043 975 2088 1027; x_wconf 87' lang='grc' dir='ltr'><strong>δ’</strong></span> <span class='ocrx_word' id='word_1_268' title='bbox 2146 975 2239 1027; x_wconf 76' lang='grc' dir='ltr'><strong>ἐπὶ</strong></span> <span class='ocrx_word' id='word_1_269' title='bbox 2281 975 2495 1038; x_wconf 82' lang='grc' dir='ltr'><strong>τούτοις</strong></span> <span class='ocrx_word' id='word_1_270' title='bbox 2538 974 2634 1029; x_wconf 76' lang='grc' dir='ltr'><strong>τοῦ</strong></span> <span class='ocrx_word' id='word_1_271' title='bbox 2694 974 2990 1045; x_wconf 77' lang='grc' dir='ltr'><strong>Σαμουὴλ,</strong></span> <span class='ocrx_word' id='word_1_272' title='bbox 3040 969 3163 1026; x_wconf 80' lang='grc' dir='ltr'>εἷπε</span> <span class='ocrx_word' id='word_1_273' title='bbox 3241 974 3379 1043; x_wconf 74' lang='grc' dir='ltr'>πρὸς</span> <span class='ocrx_word' id='word_1_274' title='bbox 3450 974 3617 1028; x_wconf 79' lang='grc' dir='ltr'>αὑτὸν</span> 
     </span>
    </p>
   </div>
   <div class='ocr_carea' id='block_1_39' title="bbox 2042 1064 3614 1131">
    <p class='ocr_par' dir='ltr' id='par_1_39' title="bbox 2042 1064 3614 1131">
     <span class='ocr_line' id='line_1_39' title="bbox 2042 1064 3614 1131; baseline 0 -14"><span class='ocrx_word' id='word_1_275' title='bbox 2042 1066 2072 1117; x_wconf 93' lang='lat'><strong>6</strong></span> <span class='ocrx_word' id='word_1_276' title='bbox 2142 1066 2279 1128; x_wconf 78' lang='grc' dir='ltr'>Θεὸς</span> <span class='ocrx_word' id='word_1_277' title='bbox 2313 1081 2328 1095; x_wconf 77' lang='grc' dir='ltr'><strong><em>ο</em></strong></span> <span class='ocrx_word' id='word_1_278' title='bbox 2420 1066 2503 1119; x_wconf 85' lang='grc' dir='ltr'><strong>Οὔ</strong></span> <span class='ocrx_word' id='word_1_279' title='bbox 2582 1082 2657 1119; x_wconf 76' lang='grc' dir='ltr'><strong>σε</strong></span> <span class='ocrx_word' id='word_1_280' title='bbox 2733 1064 3214 1131; x_wconf 80' lang='grc' dir='ltr'>ἐξουθενήκασιν</span> <span class='ocrx_word' id='word_1_281' title='bbox 3289 1068 3323 1120; x_wconf 85' lang='grc' dir='ltr'><em>ό</em></span> <span class='ocrx_word' id='word_1_282' title='bbox 3416 1066 3568 1131; x_wconf 72' lang='grc' dir='ltr'>λαὸς</span> <span class='ocrx_word' id='word_1_283' title='bbox 3596 1107 3614 1131; x_wconf 95' lang='grc'>,</span> 
     </span>
    </p>
   </div>
   <div class='ocr_carea' id='block_1_40' title="bbox 2044 1156 3622 1225">
    <p class='ocr_par' dir='ltr' id='par_1_40' title="bbox 2044 1156 3622 1225">
     <span class='ocr_line' id='line_1_40' title="bbox 2044 1156 3622 1225; baseline -0.002 -13"><span class='ocrx_word' id='word_1_284' title='bbox 2044 1159 2181 1212; x_wconf 70' lang='grc' dir='ltr'>ἀλλ’</span> <span class='ocrx_word' id='word_1_285' title='bbox 2253 1156 2376 1225; x_wconf 71' lang='grc' dir='ltr'><strong>ἐμέσ</strong></span> <span class='ocrx_word' id='word_1_286' title='bbox 2418 1158 2694 1212; x_wconf 79' lang='grc' dir='ltr'>ἄκουσον</span> <span class='ocrx_word' id='word_1_287' title='bbox 2769 1158 2982 1212; x_wconf 80' lang='grc' dir='ltr'><em>τοίνυν</em></span> <span class='ocrx_word' id='word_1_288' title='bbox 3052 1156 3292 1221; x_wconf 79' lang='grc' dir='ltr'>αὐτῶν,</span> <span class='ocrx_word' id='word_1_289' title='bbox 3356 1158 3454 1210; x_wconf 78' lang='grc' dir='ltr'><strong>καί</strong></span> <span class='ocrx_word' id='word_1_290' title='bbox 3546 1156 3622 1211; x_wconf 81' lang='grc' dir='ltr'><strong>ὃν</strong></span> 
     </span>
    </p>
   </div>
   <div class='ocr_carea' id='block_1_41' title="bbox 2044 1248 3620 1317">
    <p class='ocr_par' dir='ltr' id='par_1_41' title="bbox 2044 1248 3620 1317">
     <span class='ocr_line' id='line_1_41' title="bbox 2044 1248 3620 1317; baseline -0.002 -11"><span class='ocrx_word' id='word_1_291' title='bbox 2044 1249 2338 1315; x_wconf 80' lang='grc' dir='ltr'>ἀναδείξω</span> <span class='ocrx_word' id='word_1_292' title='bbox 2374 1250 2497 1313; x_wconf 72' lang='grc' dir='ltr'><strong>σοι,</strong></span> <span class='ocrx_word' id='word_1_293' title='bbox 2532 1253 2618 1317; x_wconf 78' lang='grc' dir='ltr'><strong>είς</strong></span> <span class='ocrx_word' id='word_1_294' title='bbox 2648 1250 2914 1314; x_wconf 74' lang='grc' dir='ltr'><strong>,ϐασιλέα</strong></span> <span class='ocrx_word' id='word_1_295' title='bbox 2944 1248 3159 1316; x_wconf 81' lang='grc' dir='ltr'>χρῖσον</span> <span class='ocrx_word' id='word_1_296' title='bbox 3189 1249 3412 1315; x_wconf 80' lang='grc' dir='ltr'>αὐτοῖς.</span> <span class='ocrx_word' id='word_1_297' title='bbox 3448 1251 3620 1303; x_wconf 85' lang='grc' dir='ltr'>Συνα-</span> 
     </span>
    </p>
   </div>
   <div class='ocr_carea' id='block_1_42' title="bbox 2041 1335 3617 1411">
    <p class='ocr_par' dir='ltr' id='par_1_42' title="bbox 2041 1335 3617 1411">
     <span class='ocr_line' id='line_1_42' title="bbox 2041 1335 3617 1411; baseline -0.004 -18"><span class='ocrx_word' id='word_1_298' title='bbox 2041 1340 2269 1411; x_wconf 81' lang='grc' dir='ltr'>θροίσας</span> <span class='ocrx_word' id='word_1_299' title='bbox 2293 1338 2348 1392; x_wconf 71' lang='grc' dir='ltr'>δι</span> <span class='ocrx_word' id='word_1_300' title='bbox 2363 1339 2487 1400; x_wconf 84' lang='grc' dir='ltr'>τοὺς</span> <span class='ocrx_word' id='word_1_301' title='bbox 2514 1337 2805 1409; x_wconf 79' lang='grc' dir='ltr'>Ἐϐραίους</span> <span class='ocrx_word' id='word_1_302' title='bbox 2826 1340 2853 1389; x_wconf 97' lang='lat'><strong>6</strong></span> <span class='ocrx_word' id='word_1_303' title='bbox 2871 1335 3141 1406; x_wconf 78' lang='grc' dir='ltr'><strong>Σαμουὴλ,</strong></span> <span class='ocrx_word' id='word_1_304' title='bbox 3167 1336 3426 1388; x_wconf 83' lang='grc' dir='ltr'>κατέθετο</span> <span class='ocrx_word' id='word_1_305' title='bbox 3442 1352 3617 1406; x_wconf 86' lang='grc' dir='ltr'>χειρο-</span> 
     </span>
    </p>
   </div>
   <div class='ocr_carea' id='block_1_43' title="bbox 2044 1428 3616 1503">
    <p class='ocr_par' dir='ltr' id='par_1_43' title="bbox 2044 1428 3616 1503">
     <span class='ocr_line' id='line_1_43' title="bbox 2044 1428 3616 1503; baseline -0.004 -18"><span class='ocrx_word' id='word_1_306' title='bbox 2044 1434 2290 1503; x_wconf 86' lang='grc' dir='ltr'>τονήσειν</span> <span class='ocrx_word' id='word_1_307' title='bbox 2333 1433 2518 1493; x_wconf 84' lang='grc' dir='ltr'>αὐτοῖς</span> <span class='ocrx_word' id='word_1_308' title='bbox 2568 1429 2814 1500; x_wconf 82' lang='grc' dir='ltr'><strong>βασιλέα.</strong></span> <span class='ocrx_word' id='word_1_309' title='bbox 2848 1430 3267 1500; x_wconf 84' lang='grc' dir='ltr'>Μεταμελήσειν</span> <span class='ocrx_word' id='word_1_310' title='bbox 3295 1428 3353 1482; x_wconf 83' lang='grc' dir='ltr'><strong>δὲ</strong></span> <span class='ocrx_word' id='word_1_311' title='bbox 3402 1428 3616 1497; x_wconf 78' lang='grc' dir='ltr'>προέφη</span> 
     </span>
    </p>
   </div>
   <div class='ocr_carea' id='block_1_44' title="bbox 2045 1520 3620 1591">
    <p class='ocr_par' dir='ltr' id='par_1_44' title="bbox 2045 1520 3620 1591">
     <span class='ocr_line' id='line_1_44' title="bbox 2045 1520 3620 1591; baseline -0.003 -14"><span class='ocrx_word' id='word_1_312' title='bbox 2045 1526 2250 1585; x_wconf 85' lang='grc' dir='ltr'>αὐτοῖς.</span> <span class='ocrx_word' id='word_1_313' title='bbox 2282 1523 2377 1576; x_wconf 72' lang='grc' dir='ltr'>καὶ</span> <span class='ocrx_word' id='word_1_314' title='bbox 2404 1523 2682 1575; x_wconf 78' lang='grc' dir='ltr'>αἰτεῖσθαι</span> <span class='ocrx_word' id='word_1_315' title='bbox 2715 1523 2936 1591; x_wconf 81' lang='grc' dir='ltr'><strong>μέλλειν</strong></span> <span class='ocrx_word' id='word_1_316' title='bbox 2966 1523 3120 1589; x_wconf 81' lang='grc' dir='ltr'>παρά</span> <span class='ocrx_word' id='word_1_317' title='bbox 3158 1521 3292 1574; x_wconf 83' lang='grc' dir='ltr'><strong>Θεοῦ</strong></span> <span class='ocrx_word' id='word_1_318' title='bbox 3323 1522 3430 1573; x_wconf 85' lang='grc' dir='ltr'>τῶν</span> <span class='ocrx_word' id='word_1_319' title='bbox 3461 1520 3620 1589; x_wconf 79' lang='grc' dir='ltr'>βασι-</span> 
     </span>
    </p>
   </div>
   <div class='ocr_carea' id='block_1_45' title="bbox 2045 1610 3616 1683">
    <p class='ocr_par' dir='ltr' id='par_1_45' title="bbox 2045 1610 3616 1683">
     <span class='ocr_line' id='line_1_45' title="bbox 2045 1610 3616 1683; baseline -0.003 -16"><span class='ocrx_word' id='word_1_320' title='bbox 2045 1615 2181 1667; x_wconf 77' lang='grc' dir='ltr'>λέων</span> <span class='ocrx_word' id='word_1_321' title='bbox 2203 1613 2548 1683; x_wconf 83' lang='grc' dir='ltr'>ἀπαλλαγήν.</span> <span class='ocrx_word' id='word_1_322' title='bbox 2570 1613 2634 1667; x_wconf 83' lang='grc' dir='ltr'><strong>Οἱ</strong></span> <span class='ocrx_word' id='word_1_323' title='bbox 2661 1613 2717 1665; x_wconf 83' lang='grc' dir='ltr'><strong>δὲ</strong></span> <span class='ocrx_word' id='word_1_324' title='bbox 2749 1613 3028 1666; x_wconf 79' lang='grc' dir='ltr'><strong>ἐνέκειντο</strong></span> <span class='ocrx_word' id='word_1_325' title='bbox 3054 1614 3276 1682; x_wconf 80' lang='grc' dir='ltr'>βασιλέα</span> <span class='ocrx_word' id='word_1_326' title='bbox 3302 1610 3616 1680; x_wconf 81' lang='grc' dir='ltr'>ζητοῦντες,</span> 
     </span>
    </p>
   </div>
   <div class='ocr_carea' id='block_1_46' title="bbox 2046 1704 3616 1776">
    <p class='ocr_par' dir='ltr' id='par_1_46' title="bbox 2046 1704 3616 1776">
     <span class='ocr_line' id='line_1_46' title="bbox 2046 1704 3616 1776; baseline -0.003 -16"><span class='ocrx_word' id='word_1_327' title='bbox 2046 1706 2140 1760; x_wconf 75' lang='grc' dir='ltr'>καὶ</span> <span class='ocrx_word' id='word_1_328' title='bbox 2172 1706 2357 1775; x_wconf 77' lang='grc' dir='ltr'>ἠξίουν</span> <span class='ocrx_word' id='word_1_329' title='bbox 2387 1705 2573 1769; x_wconf 77' lang='grc' dir='ltr'>αὐτὸν,</span> <span class='ocrx_word' id='word_1_330' title='bbox 2613 1707 2687 1775; x_wconf 81' lang='grc' dir='ltr'><strong>μὴ</strong></span> <span class='ocrx_word' id='word_1_331' title='bbox 2718 1706 3029 1776; x_wconf 79' lang='grc' dir='ltr'><strong>φροντίζειν</strong></span> <span class='ocrx_word' id='word_1_332' title='bbox 3067 1706 3175 1758; x_wconf 84' lang='grc' dir='ltr'><strong>τῶν</strong></span> <span class='ocrx_word' id='word_1_333' title='bbox 3211 1706 3503 1775; x_wconf 76' lang='grc' dir='ltr'>ἐσομένων.</span> <span class='ocrx_word' id='word_1_334' title='bbox 3555 1704 3616 1755; x_wconf 88' lang='lat'><strong>&#39;0</strong></span> 
     </span>
    </p>
   </div>
   <div class='ocr_carea' id='block_1_47' title="bbox 2046 1781 3618 1868">
    <p class='ocr_par' dir='ltr' id='par_1_47' title="bbox 2046 1781 3618 1868">
     <span class='ocr_line' id='line_1_47' title="bbox 2046 1781 3618 1868; baseline -0.002 -17"><span class='ocrx_word' id='word_1_335' title='bbox 2046 1799 2103 1852; x_wconf 81' lang='grc' dir='ltr'><strong>δὲ</strong></span> <span class='ocrx_word' id='word_1_336' title='bbox 2147 1781 2717 1868; x_wconf 56' lang='grc' dir='ltr'>ΠροφήτηςίἊπιτες</span> <span class='ocrx_word' id='word_1_337' title='bbox 2750 1798 2889 1861; x_wconf 84' lang='grc' dir='ltr'>νῦν,</span> <span class='ocrx_word' id='word_1_338' title='bbox 2936 1792 3111 1861; x_wconf 77' lang='grc' dir='ltr'>εἶπεν,</span> <span class='ocrx_word' id='word_1_339' title='bbox 3156 1797 3303 1850; x_wconf 85' lang='grc' dir='ltr'>ὅταν</span> <span class='ocrx_word' id='word_1_340' title='bbox 3344 1796 3414 1849; x_wconf 79' lang='grc' dir='ltr'><em>δὲ</em></span> <span class='ocrx_word' id='word_1_341' title='bbox 3449 1794 3618 1865; x_wconf 80' lang='grc' dir='ltr'>μάθω</span> 
     </span>
    </p>
   </div>
   <div class='ocr_carea' id='block_1_48' title="bbox 2044 1888 3615 1958">
    <p class='ocr_par' dir='ltr' id='par_1_48' title="bbox 2044 1888 3615 1958">
     <span class='ocr_line' id='line_1_48' title="bbox 2044 1888 3615 1958; baseline -0.001 -15"><span class='ocrx_word' id='word_1_342' title='bbox 2044 1892 2182 1943; x_wconf 85' lang='grc' dir='ltr'>τίνα</span> <span class='ocrx_word' id='word_1_343' title='bbox 2245 1890 2493 1945; x_wconf 79' lang='grc' dir='ltr'>δίδωσιν</span> <span class='ocrx_word' id='word_1_344' title='bbox 2561 1890 2708 1958; x_wconf 72' lang='grc' dir='ltr'>ἡμῖν</span> <span class='ocrx_word' id='word_1_345' title='bbox 2763 1893 2796 1945; x_wconf 84' lang='grc' dir='ltr'><strong><em>ό</em></strong></span> <span class='ocrx_word' id='word_1_346' title='bbox 2854 1890 3001 1954; x_wconf 80' lang='grc' dir='ltr'>Θεὸς</span> <span class='ocrx_word' id='word_1_347' title='bbox 3056 1888 3360 1954; x_wconf 61' lang='grc' dir='ltr'>βασιλέα,</span> <span class='ocrx_word' id='word_1_348' title='bbox 3429 1904 3615 1958; x_wconf 72' lang='grc' dir='ltr'>μετα-</span> 
     </span>
    </p>
   </div>
   <div class='ocr_carea' id='block_1_49' title="bbox 2044 1979 3619 2052">
    <p class='ocr_par' dir='ltr' id='par_1_49' title="bbox 2044 1979 3619 2052">
     <span class='ocr_line' id='line_1_49' title="bbox 2044 1979 3619 2052; baseline -0.003 -18"><span class='ocrx_word' id='word_1_349' title='bbox 2044 1981 2353 2050; x_wconf 71' lang='grc' dir='ltr'>πέμψομαι</span> <span class='ocrx_word' id='word_1_350' title='bbox 2410 1981 2588 2049; x_wconf 81' lang='grc' dir='ltr'>ὑμᾶς.</span> <span class='ocrx_word' id='word_1_351' title='bbox 2635 1981 2801 2052; x_wconf 88' lang='grc' dir='ltr'>Ἀνὴρ</span> <span class='ocrx_word' id='word_1_352' title='bbox 2850 1980 2906 2033; x_wconf 83' lang='grc' dir='ltr'><strong>δέ</strong></span> <span class='ocrx_word' id='word_1_353' title='bbox 2943 1997 3029 2043; x_wconf 90' lang='grc' dir='ltr'><strong>τις</strong></span> <span class='ocrx_word' id='word_1_354' title='bbox 3076 1979 3406 2052; x_wconf 75' lang='grc' dir='ltr'><strong>Βενιαμίτης</strong></span> <span class='ocrx_word' id='word_1_355' title='bbox 3460 1980 3619 2049; x_wconf 78' lang='grc' dir='ltr'>(Κείς</span> 
     </span>
    </p>
   </div>
   <div class='ocr_carea' id='block_1_50' title="bbox 2043 2066 3618 2145">
    <p class='ocr_par' dir='ltr' id='par_1_50' title="bbox 2043 2066 3618 2145">
     <span class='ocr_line' id='line_1_50' title="bbox 2043 2066 3618 2145; baseline -0.004 -16"><span class='ocrx_word' id='word_1_356' title='bbox 2043 2076 2217 2144; x_wconf 76' lang='grc' dir='ltr'>ὄνομα</span> <span class='ocrx_word' id='word_1_357' title='bbox 2251 2074 2328 2143; x_wconf 81' lang='grc' dir='ltr'>τῷ</span> <span class='ocrx_word' id='word_1_358' title='bbox 2379 2074 2554 2145; x_wconf 77' lang='grc' dir='ltr'><strong>ἀνδρὶ)</strong></span> <span class='ocrx_word' id='word_1_359' title='bbox 2597 2074 2751 2135; x_wconf 79' lang='grc' dir='ltr'>ὅνους</span> <span class='ocrx_word' id='word_1_360' title='bbox 2799 2072 3101 2138; x_wconf 83' lang='grc' dir='ltr'>ἀπολέσας,</span> <span class='ocrx_word' id='word_1_361' title='bbox 3134 2072 3229 2124; x_wconf 77' lang='grc' dir='ltr'>τὸν</span> <span class='ocrx_word' id='word_1_362' title='bbox 3273 2072 3422 2139; x_wconf 69' lang='grc' dir='ltr'>υἱὸν,</span> <span class='ocrx_word' id='word_1_363' title='bbox 3455 2070 3513 2131; x_wconf 81' lang='grc' dir='ltr'>ὃς</span> <span class='ocrx_word' id='word_1_364' title='bbox 3548 2066 3618 2140; x_wconf 80' lang='grc' dir='ltr'>ἦν</span> 
     </span>
    </p>
   </div>
   <div class='ocr_carea' id='block_1_51' title="bbox 2045 2161 3614 2235">
    <p class='ocr_par' dir='ltr' id='par_1_51' title="bbox 2045 2161 3614 2235">
     <span class='ocr_line' id='line_1_51' title="bbox 2045 2161 3614 2235; baseline -0.003 -17"><span class='ocrx_word' id='word_1_365' title='bbox 2045 2164 2197 2232; x_wconf 84' lang='grc' dir='ltr'><strong>αὐτῷ</strong></span> <span class='ocrx_word' id='word_1_366' title='bbox 2230 2165 2403 2235; x_wconf 82' lang='grc' dir='ltr'>μέγας</span> <span class='ocrx_word' id='word_1_367' title='bbox 2451 2182 2510 2217; x_wconf 89' lang='grc' dir='ltr'>τε</span> <span class='ocrx_word' id='word_1_368' title='bbox 2543 2165 2637 2217; x_wconf 75' lang='grc' dir='ltr'>καὶ</span> <span class='ocrx_word' id='word_1_369' title='bbox 2662 2165 2887 2233; x_wconf 84' lang='grc' dir='ltr'>ὡραῖος,</span> <span class='ocrx_word' id='word_1_370' title='bbox 2921 2162 3263 2231; x_wconf 76' lang='grc' dir='ltr'><strong>κεκλημένος</strong></span> <span class='ocrx_word' id='word_1_371' title='bbox 3301 2161 3497 2227; x_wconf 82' lang='grc' dir='ltr'>Σαοὺλ,</span> <span class='ocrx_word' id='word_1_372' title='bbox 3532 2162 3614 2225; x_wconf 86' lang='grc' dir='ltr'><strong>είς</strong></span> 
     </span>
    </p>
   </div>
   <div class='ocr_carea' id='block_1_52' title="bbox 2044 2253 3617 2326">
    <p class='ocr_par' dir='ltr' id='par_1_52' title="bbox 2044 2253 3617 2326">
     <span class='ocr_line' id='line_1_52' title="bbox 2044 2253 3617 2326; baseline -0.001 -17"><span class='ocrx_word' id='word_1_373' title='bbox 2044 2260 2144 2317; x_wconf 66' lang='grc' dir='ltr'><strong>ἀν]</strong></span> <span class='ocrx_word' id='word_1_374' title='bbox 2155 2259 2383 2326; x_wconf 86' lang='grc' dir='ltr'>ζήτησιν</span> <span class='ocrx_word' id='word_1_375' title='bbox 2399 2257 2507 2308; x_wconf 85' lang='grc' dir='ltr'>τῶν</span> <span class='ocrx_word' id='word_1_376' title='bbox 2533 2257 2669 2309; x_wconf 73' lang='grc' dir='ltr'>ὄνων</span> <span class='ocrx_word' id='word_1_377' title='bbox 2696 2255 2791 2308; x_wconf 75' lang='grc' dir='ltr'>σὺν</span> <span class='ocrx_word' id='word_1_378' title='bbox 2815 2255 2894 2308; x_wconf 69' lang='grc' dir='ltr'><strong>ἑνὶ</strong></span> <span class='ocrx_word' id='word_1_379' title='bbox 2914 2254 3022 2307; x_wconf 80' lang='grc' dir='ltr'>’τῶν</span> <span class='ocrx_word' id='word_1_380' title='bbox 3050 2253 3251 2307; x_wconf 85' lang='grc' dir='ltr'>δούλων</span> <span class='ocrx_word' id='word_1_381' title='bbox 3274 2254 3617 2307; x_wconf 80' lang='grc' dir='ltr'>ἀπέστειλεν.</span> 
     </span>
    </p>
   </div>
   <div class='ocr_carea' id='block_1_53' title="bbox 2056 2343 3621 2415">
    <p class='ocr_par' dir='ltr' id='par_1_53' title="bbox 2056 2343 3621 2415">
     <span class='ocr_line' id='line_1_53' title="bbox 2056 2343 3621 2415; baseline -0.004 -15"><span class='ocrx_word' id='word_1_382' title='bbox 2056 2348 2116 2400; x_wconf 87' lang='lat'><strong>&#39;0</strong></span> <span class='ocrx_word' id='word_1_383' title='bbox 2145 2347 2202 2399; x_wconf 83' lang='grc' dir='ltr'><strong>δὲ</strong></span> <span class='ocrx_word' id='word_1_384' title='bbox 2250 2343 2579 2415; x_wconf 85' lang='grc' dir='ltr'>περιελθὼν,</span> <span class='ocrx_word' id='word_1_385' title='bbox 2614 2345 2710 2399; x_wconf 74' lang='grc' dir='ltr'>καὶ</span> <span class='ocrx_word' id='word_1_386' title='bbox 2744 2343 3008 2415; x_wconf 78' lang='grc' dir='ltr'><strong>ζητήσας,</strong></span> <span class='ocrx_word' id='word_1_387' title='bbox 3040 2345 3136 2397; x_wconf 76' lang='grc' dir='ltr'>καὶ</span> <span class='ocrx_word' id='word_1_388' title='bbox 3194 2345 3268 2413; x_wconf 81' lang='grc' dir='ltr'><strong>μὴ</strong></span> <span class='ocrx_word' id='word_1_389' title='bbox 3303 2343 3500 2414; x_wconf 82' lang='grc' dir='ltr'>εὑρὼν,</span> <span class='ocrx_word' id='word_1_390' title='bbox 3537 2345 3621 2405; x_wconf 83' lang='grc' dir='ltr'><strong>είς</strong></span> 
     </span>
    </p>
   </div>
   <div class='ocr_carea' id='block_1_54' title="bbox 2058 2434 3621 2506">
    <p class='ocr_par' dir='ltr' id='par_1_54' title="bbox 2058 2434 3621 2506">
     <span class='ocr_line' id='line_1_54' title="bbox 2058 2434 3621 2506; baseline -0.003 -16"><span class='ocrx_word' id='word_1_391' title='bbox 2058 2435 2376 2506; x_wconf 78' lang='grc' dir='ltr'>’Δρμαθαῒμ</span> <span class='ocrx_word' id='word_1_392' title='bbox 2411 2437 2547 2505; x_wconf 78' lang='grc' dir='ltr'>πρὸς</span> <span class='ocrx_word' id='word_1_393' title='bbox 2597 2435 2689 2488; x_wconf 75' lang='grc' dir='ltr'>τὸν</span> <span class='ocrx_word' id='word_1_394' title='bbox 2742 2434 3000 2505; x_wconf 80' lang='grc' dir='ltr'><strong>Σαμουὴλ</strong></span> <span class='ocrx_word' id='word_1_395' title='bbox 3039 2434 3438 2503; x_wconf 81' lang='grc' dir='ltr'><strong>παραγέγονεν,</strong></span> <span class='ocrx_word' id='word_1_396' title='bbox 3478 2435 3621 2501; x_wconf 80' lang='grc' dir='ltr'>ἐρω-</span> 
     </span>
    </p>
   </div>
   <div class='ocr_carea' id='block_1_55' title="bbox 2045 2521 3622 2597">
    <p class='ocr_par' dir='ltr' id='par_1_55' title="bbox 2045 2521 3622 2597">
     <span class='ocr_line' id='line_1_55' title="bbox 2045 2521 3622 2597; baseline -0.002 -19"><span class='ocrx_word' id='word_1_397' title='bbox 2045 2528 2227 2595; x_wconf 89' lang='grc' dir='ltr'>τήσων</span> <span class='ocrx_word' id='word_1_398' title='bbox 2255 2528 2384 2597; x_wconf 78' lang='grc' dir='ltr'>περὶ</span> <span class='ocrx_word' id='word_1_399' title='bbox 2409 2525 2518 2578; x_wconf 85' lang='grc' dir='ltr'>τῶν</span> <span class='ocrx_word' id='word_1_400' title='bbox 2548 2525 2706 2579; x_wconf 74' lang='grc' dir='ltr'>ὄνων.</span> <span class='ocrx_word' id='word_1_401' title='bbox 2737 2525 2902 2595; x_wconf 88' lang='grc' dir='ltr'><strong>Δηλοί</strong></span> <span class='ocrx_word' id='word_1_402' title='bbox 2947 2523 3130 2576; x_wconf 85' lang='grc' dir='ltr'>τοίνυν</span> <span class='ocrx_word' id='word_1_403' title='bbox 3179 2522 3260 2593; x_wconf 84' lang='grc' dir='ltr'>τῷ</span> <span class='ocrx_word' id='word_1_404' title='bbox 3288 2521 3546 2592; x_wconf 83' lang='grc' dir='ltr'>Σαμουὴλ</span> <span class='ocrx_word' id='word_1_405' title='bbox 3589 2523 3622 2575; x_wconf 89' lang='lat'><strong>6</strong></span> 
     </span>
    </p>
   </div>
   <div class='ocr_carea' id='block_1_56' title="bbox 2045 2608 3618 2683">
    <p class='ocr_par' dir='ltr' id='par_1_56' title="bbox 2045 2608 3618 2683">
     <span class='ocr_line' id='line_1_56' title="bbox 2045 2608 3618 2683; baseline -0.003 -15"><span class='ocrx_word' id='word_1_406' title='bbox 2045 2613 2197 2679; x_wconf 82' lang='grc' dir='ltr'>Θεὸς,</span> <span class='ocrx_word' id='word_1_407' title='bbox 2229 2613 2421 2668; x_wconf 85' lang='grc' dir='ltr'>τοῦτον</span> <span class='ocrx_word' id='word_1_408' title='bbox 2461 2609 2605 2667; x_wconf 74' lang='grc' dir='ltr'>εἶναι</span> <span class='ocrx_word' id='word_1_409' title='bbox 2634 2613 2693 2666; x_wconf 81' lang='grc' dir='ltr'>ὃν</span> <span class='ocrx_word' id='word_1_410' title='bbox 2722 2612 2976 2683; x_wconf 79' lang='grc' dir='ltr'>βούλεται</span> <span class='ocrx_word' id='word_1_411' title='bbox 3012 2611 3332 2682; x_wconf 82' lang='grc' dir='ltr'>βασιλεῦσαι</span> <span class='ocrx_word' id='word_1_412' title='bbox 3363 2610 3457 2665; x_wconf 81' lang='grc' dir='ltr'><strong>τοῦ</strong></span> <span class='ocrx_word' id='word_1_413' title='bbox 3483 2608 3618 2664; x_wconf 76' lang='grc' dir='ltr'>λαοῦ</span> 
     </span>
    </p>
   </div>
   <div class='ocr_carea' id='block_1_57' title="bbox 2044 2704 3621 2781">
    <p class='ocr_par' dir='ltr' id='par_1_57' title="bbox 2044 2704 3621 2781">
     <span class='ocr_line' id='line_1_57' title="bbox 2044 2704 3621 2781; baseline -0.003 -18"><span class='ocrx_word' id='word_1_414' title='bbox 2044 2710 2155 2763; x_wconf 86' lang='grc' dir='ltr'><strong>τῶν</strong></span> <span class='ocrx_word' id='word_1_415' title='bbox 2194 2708 2488 2781; x_wconf 74' lang='grc' dir='ltr'>Ἐϐραίων.</span> <span class='ocrx_word' id='word_1_416' title='bbox 2552 2708 2888 2781; x_wconf 72' lang='grc' dir='ltr'>Ἐρωτηθεὶς</span> <span class='ocrx_word' id='word_1_417' title='bbox 2936 2704 3032 2763; x_wconf 81' lang='grc' dir='ltr'><strong>οὖν</strong></span> <span class='ocrx_word' id='word_1_418' title='bbox 3079 2706 3349 2778; x_wconf 78' lang='grc' dir='ltr'>περὶτῶν</span> <span class='ocrx_word' id='word_1_419' title='bbox 3399 2706 3540 2760; x_wconf 74' lang='grc' dir='ltr'>ὄνων</span> <span class='ocrx_word' id='word_1_420' title='bbox 3585 2706 3621 2759; x_wconf 78' lang='lat'><strong>6</strong></span> 
     </span>
    </p>
   </div>
   <div class='ocr_carea' id='block_1_58' title="bbox 2046 2794 3622 2873">
    <p class='ocr_par' dir='ltr' id='par_1_58' title="bbox 2046 2794 3622 2873">
     <span class='ocr_line' id='line_1_58' title="bbox 2046 2794 3622 2873; baseline -0.003 -18"><span class='ocrx_word' id='word_1_421' title='bbox 2046 2801 2320 2873; x_wconf 85' lang='grc' dir='ltr'>Σαμουὴλ,</span> <span class='ocrx_word' id='word_1_422' title='bbox 2359 2800 2630 2855; x_wconf 83' lang='grc' dir='ltr'>σεσῶσθαι</span> <span class='ocrx_word' id='word_1_423' title='bbox 2681 2796 2837 2853; x_wconf 78' lang='grc' dir='ltr'>εἶπεν</span> <span class='ocrx_word' id='word_1_424' title='bbox 2882 2800 3073 2861; x_wconf 82' lang='grc' dir='ltr'>αὐτάς.</span> <span class='ocrx_word' id='word_1_425' title='bbox 3111 2797 3219 2851; x_wconf 83' lang='lat' dir='ltr'><strong>Kal</strong></span> <span class='ocrx_word' id='word_1_426' title='bbox 3260 2795 3477 2862; x_wconf 77' lang='grc' dir='ltr'>ξενίσας</span> <span class='ocrx_word' id='word_1_427' title='bbox 3525 2794 3622 2850; x_wconf 79' lang='grc' dir='ltr'><strong>τὸν</strong></span> 
     </span>
    </p>
   </div>
   <div class='ocr_carea' id='block_1_59' title="bbox 2047 2888 3623 2965">
    <p class='ocr_par' dir='ltr' id='par_1_59' title="bbox 2047 2888 3623 2965">
     <span class='ocr_line' id='line_1_59' title="bbox 2047 2888 3623 2965; baseline -0.004 -18"><span class='ocrx_word' id='word_1_428' title='bbox 2047 2894 2241 2957; x_wconf 74' lang='grc' dir='ltr'>Σαοὺλ,</span> <span class='ocrx_word' id='word_1_429' title='bbox 2274 2893 2633 2965; x_wconf 79' lang='grc' dir='ltr'>προέπεμψεν</span> <span class='ocrx_word' id='word_1_430' title='bbox 2659 2892 2849 2946; x_wconf 77' lang='grc' dir='ltr'>ἔωθεν.</span> <span class='ocrx_word' id='word_1_431' title='bbox 2891 2891 2999 2945; x_wconf 80' lang='lat' dir='ltr'><strong>Kal</strong></span> <span class='ocrx_word' id='word_1_432' title='bbox 3042 2889 3148 2957; x_wconf 80' lang='grc' dir='ltr'>ἔξω</span> <span class='ocrx_word' id='word_1_433' title='bbox 3174 2889 3269 2943; x_wconf 84' lang='grc' dir='ltr'><strong>τοῦ</strong></span> <span class='ocrx_word' id='word_1_434' title='bbox 3299 2888 3492 2950; x_wconf 78' lang='grc' dir='ltr'>ἄστεος</span> <span class='ocrx_word' id='word_1_435' title='bbox 3520 2888 3623 2942; x_wconf 78' lang='grc' dir='ltr'>σὺν</span> 
     </span>
    </p>
   </div>
   <div class='ocr_carea' id='block_1_60' title="bbox 2047 2978 3620 3055">
    <p class='ocr_par' dir='ltr' id='par_1_60' title="bbox 2047 2978 3620 3055">
     <span class='ocr_line' id='line_1_60' title="bbox 2047 2978 3620 3055; baseline -0.004 -17"><span class='ocrx_word' id='word_1_436' title='bbox 2047 2984 2196 3054; x_wconf 84' lang='grc' dir='ltr'><strong>αὐτῷ</strong></span> <span class='ocrx_word' id='word_1_437' title='bbox 2229 2983 2540 3055; x_wconf 78' lang='grc' dir='ltr'>πορευθεὶς,</span> <span class='ocrx_word' id='word_1_438' title='bbox 2576 2983 2737 3051; x_wconf 87' lang='grc' dir='ltr'>μόνον</span> <span class='ocrx_word' id='word_1_439' title='bbox 2766 2999 2827 3034; x_wconf 86' lang='grc' dir='ltr'><strong>τε</strong></span> <span class='ocrx_word' id='word_1_440' title='bbox 2863 2981 2970 3051; x_wconf 73' lang='grc' dir='ltr'>ἰδίᾳ</span> <span class='ocrx_word' id='word_1_441' title='bbox 3002 2980 3095 3033; x_wconf 71' lang='grc' dir='ltr'>τὸν</span> <span class='ocrx_word' id='word_1_442' title='bbox 3142 2980 3359 3032; x_wconf 88' lang='grc' dir='ltr'>νεανίαν</span> <span class='ocrx_word' id='word_1_443' title='bbox 3407 2978 3620 3032; x_wconf 83' lang='grc' dir='ltr'>ἀπολαο</span> 
     </span>
    </p>
   </div>
   <div class='ocr_carea' id='block_1_61' title="bbox 2049 3074 3621 3145">
    <p class='ocr_par' dir='ltr' id='par_1_61' title="bbox 2049 3074 3621 3145">
     <span class='ocr_line' id='line_1_61' title="bbox 2049 3074 3621 3145; baseline -0.001 -18"><span class='ocrx_word' id='word_1_444' title='bbox 2049 3075 2195 3137; x_wconf 79' lang='grc' dir='ltr'>ϐῶν,</span> <span class='ocrx_word' id='word_1_445' title='bbox 2251 3076 2431 3129; x_wconf 75' lang='grc' dir='ltr'>ἔλαιον</span> <span class='ocrx_word' id='word_1_446' title='bbox 2492 3075 2752 3144; x_wconf 81' lang='grc' dir='ltr'><strong>καταχέει</strong></span> <span class='ocrx_word' id='word_1_447' title='bbox 2805 3074 2907 3145; x_wconf 81' lang='grc' dir='ltr'><strong>τῆς</strong></span> <span class='ocrx_word' id='word_1_448' title='bbox 2961 3074 3129 3128; x_wconf 84' lang='grc' dir='ltr'>αὐτοῦ</span> <span class='ocrx_word' id='word_1_449' title='bbox 3193 3074 3458 3144; x_wconf 79' lang='grc' dir='ltr'>κεφαλῆς.</span> <span class='ocrx_word' id='word_1_450' title='bbox 3506 3074 3621 3127; x_wconf 74' lang='grc' dir='ltr'><strong>Καὶ</strong></span> 
     </span>
    </p>
   </div>
   <div class='ocr_carea' id='block_1_62' title="bbox 374 3157 1946 3266">
    <p class='ocr_par' dir='ltr' id='par_1_62' title="bbox 374 3157 1941 3266">
     <span class='ocr_line' id='line_1_62' title="bbox 374 3157 1941 3231; baseline 0.011 -25"><span class='ocrx_word' id='word_1_451' title='bbox 374 3157 546 3219; x_wconf 84' lang='lat' dir='ltr'><strong>nerit,</strong></span> <span class='ocrx_word' id='word_1_452' title='bbox 605 3171 732 3210; x_wconf 92' lang='lat' dir='ltr'><strong>eum</strong></span> <span class='ocrx_word' id='word_1_453' title='bbox 784 3157 934 3214; x_wconf 90' lang='lat' dir='ltr'><strong>illius</strong></span> <span class='ocrx_word' id='word_1_454' title='bbox 993 3160 1098 3215; x_wconf 90' lang='lat' dir='ltr'><strong>loci</strong></span> <span class='ocrx_word' id='word_1_455' title='bbox 1151 3163 1436 3231; x_wconf 85' lang='lat' dir='ltr'><strong>prophetis</strong></span> <span class='ocrx_word' id='word_1_456' title='bbox 1493 3167 1941 3225; x_wconf 84' lang='lat' dir='ltr'><strong>vaticinaturum.</strong></span> 
     </span>
     <span class='ocr_line' id='line_1_63' title="bbox 376 3245 1784 3266; baseline 0 0"><span class='ocrx_word' id='word_1_457' title='bbox 376 3245 588 3266; x_wconf 44' lang='grc' dir='ltr'>ειμι.</span> <span class='ocrx_word' id='word_1_458' title='bbox 1612 3260 1696 3266; x_wconf 84' lang='lat'><strong>_-</strong></span> <span class='ocrx_word' id='word_1_459' title='bbox 1773 3261 1784 3266; x_wconf 83' lang='lat'><strong>-</strong></span> 
     </span>
    </p>
   </div>
   <div class='ocr_carea' id='block_1_63' title="bbox 2049 3157 3618 3266">
    <p class='ocr_par' dir='ltr' id='par_1_63' title="bbox 2051 3162 3618 3234">
     <span class='ocr_line' id='line_1_64' title="bbox 2051 3162 3618 3234; baseline -0.002 -16"><span class='ocrx_word' id='word_1_460' title='bbox 2051 3165 2284 3234; x_wconf 83' lang='grc' dir='ltr'>φιλήσας</span> <span class='ocrx_word' id='word_1_461' title='bbox 2314 3163 2498 3230; x_wconf 78' lang='grc' dir='ltr'>αὐτὸν,</span> <span class='ocrx_word' id='word_1_462' title='bbox 2531 3164 2781 3233; x_wconf 79' lang='grc' dir='ltr'><strong>Κέχρικέ</strong></span> <span class='ocrx_word' id='word_1_463' title='bbox 2806 3179 2880 3218; x_wconf 86' lang='grc' dir='ltr'><strong>σε</strong></span> <span class='ocrx_word' id='word_1_464' title='bbox 2907 3165 3120 3232; x_wconf 83' lang='grc' dir='ltr'>Κύριος</span> <span class='ocrx_word' id='word_1_465' title='bbox 3147 3162 3436 3233; x_wconf 77' lang='grc' dir='ltr'><strong>ἄρχοντα.</strong></span> <span class='ocrx_word' id='word_1_466' title='bbox 3482 3162 3618 3233; x_wconf 72' lang='grc' dir='ltr'>ἔφη,</span> 
     </span>
    </p>
   </div>
   <div class='ocr_carea' id='block_1_64' title="bbox 375 3245 1945 3329">
    <p class='ocr_par' dir='ltr' id='par_1_64' title="bbox 375 3245 1945 3329">
     <span class='ocr_line' id='line_1_65' title="bbox 375 3245 1945 3329; baseline 0.013 -31"><span class='ocrx_word' id='word_1_467' title='bbox 375 3245 594 3301; x_wconf 87' lang='lat' dir='ltr'><strong>Mandat</strong></span> <span class='ocrx_word' id='word_1_468' title='bbox 623 3251 813 3316; x_wconf 89' lang='lat' dir='ltr'><strong>etiam,</strong></span> <span class='ocrx_word' id='word_1_469' title='bbox 840 3268 965 3307; x_wconf 89' lang='lat' dir='ltr'><strong>cum</strong></span> <span class='ocrx_word' id='word_1_470' title='bbox 996 3270 1027 3309; x_wconf 88' lang='lat' dir='ltr'><strong>a</strong></span> <span class='ocrx_word' id='word_1_471' title='bbox 1066 3270 1125 3310; x_wconf 88' lang='lat' dir='ltr'><strong>se</strong></span> <span class='ocrx_word' id='word_1_472' title='bbox 1151 3269 1487 3321; x_wconf 88' lang='lat' dir='ltr'><strong>accersatur,</strong></span> <span class='ocrx_word' id='word_1_473' title='bbox 1518 3269 1576 3314; x_wconf 92' lang='lat' dir='ltr'><strong>ut</strong></span> <span class='ocrx_word' id='word_1_474' title='bbox 1603 3260 1821 3329; x_wconf 81' lang='lat' dir='ltr'><strong>Galgala</strong></span> <span class='ocrx_word' id='word_1_475' title='bbox 1850 3278 1945 3317; x_wconf 79' lang='lat' dir='ltr'><strong>ve-</strong></span> 
     </span>
    </p>
   </div>
   <div class='ocr_carea' id='block_1_65' title="bbox 376 3337 1948 3417">
    <p class='ocr_par' dir='ltr' id='par_1_65' title="bbox 376 3337 1948 3417">
     <span class='ocr_line' id='line_1_66' title="bbox 376 3337 1948 3417; baseline 0.012 -26"><span class='ocrx_word' id='word_1_476' title='bbox 376 3337 512 3392; x_wconf 86' lang='lat' dir='ltr'><strong>niat.</strong></span> <span class='ocrx_word' id='word_1_477' title='bbox 564 3340 695 3395; x_wconf 84' lang='lat' dir='ltr'><strong>Post</strong></span> <span class='ocrx_word' id='word_1_478' title='bbox 740 3355 930 3399; x_wconf 87' lang='lat' dir='ltr'><strong>coacto</strong></span> <span class='ocrx_word' id='word_1_479' title='bbox 982 3348 1186 3417; x_wconf 89' lang='lat' dir='ltr'><strong>populo</strong></span> <span class='ocrx_word' id='word_1_480' title='bbox 1239 3364 1445 3405; x_wconf 85' lang='lat' dir='ltr'><strong>sortem</strong></span> <span class='ocrx_word' id='word_1_481' title='bbox 1494 3354 1713 3407; x_wconf 89' lang='lat' dir='ltr'><strong>mittere</strong></span> <span class='ocrx_word' id='word_1_482' title='bbox 1772 3353 1948 3410; x_wconf 89' lang='lat' dir='ltr'><strong>tribus</strong></span> 
     </span>
    </p>
   </div>
   <div class='ocr_carea' id='block_1_66' title="bbox 373 3428 1949 3508">
    <p class='ocr_par' dir='ltr' id='par_1_66' title="bbox 373 3428 1949 3508">
     <span class='ocr_line' id='line_1_67' title="bbox 373 3428 1949 3508; baseline 0.013 -29"><span class='ocrx_word' id='word_1_483' title='bbox 373 3428 639 3497; x_wconf 87' lang='lat' dir='ltr'><strong>jnssit,ut</strong></span> <span class='ocrx_word' id='word_1_484' title='bbox 668 3443 963 3501; x_wconf 88' lang='lat' dir='ltr'><strong>constaret,</strong></span> <span class='ocrx_word' id='word_1_485' title='bbox 983 3439 1144 3508; x_wconf 85' lang='lat' dir='ltr'><strong>cujus</strong></span> <span class='ocrx_word' id='word_1_486' title='bbox 1174 3438 1395 3495; x_wconf 80' lang='lat' dir='ltr'><strong>futurus</strong></span> <span class='ocrx_word' id='word_1_487' title='bbox 1422 3450 1567 3496; x_wconf 86' lang='lat' dir='ltr'><strong>esset</strong></span> <span class='ocrx_word' id='word_1_488' title='bbox 1598 3458 1715 3497; x_wconf 80' lang='lat' dir='ltr'><strong>rex.</strong></span> <span class='ocrx_word' id='word_1_489' title='bbox 1734 3442 1949 3500; x_wconf 88' lang='lat' dir='ltr'><strong>Cecidit</strong></span> 
     </span>
    </p>
   </div>
   <div class='ocr_carea' id='block_1_67' title="bbox 380 3525 1946 3603">
    <p class='ocr_par' dir='ltr' id='par_1_67' title="bbox 380 3525 1946 3603">
     <span class='ocr_line' id='line_1_68' title="bbox 380 3525 1946 3603; baseline 0.012 -33"><span class='ocrx_word' id='word_1_490' title='bbox 380 3528 564 3573; x_wconf 85' lang='lat' dir='ltr'><strong>autem</strong></span> <span class='ocrx_word' id='word_1_491' title='bbox 613 3536 735 3577; x_wconf 90' lang='lat' dir='ltr'><strong>sors</strong></span> <span class='ocrx_word' id='word_1_492' title='bbox 786 3525 841 3579; x_wconf 90' lang='lat' dir='ltr'><strong>in</strong></span> <span class='ocrx_word' id='word_1_493' title='bbox 893 3526 1344 3597; x_wconf 85' lang='lat' dir='ltr'><strong>Benjamiticam,</strong></span> <span class='ocrx_word' id='word_1_494' title='bbox 1386 3531 1586 3587; x_wconf 88' lang='lat' dir='ltr'><strong>deinde</strong></span> <span class='ocrx_word' id='word_1_495' title='bbox 1626 3533 1683 3587; x_wconf 89' lang='lat' dir='ltr'><strong>in</strong></span> <span class='ocrx_word' id='word_1_496' title='bbox 1728 3544 1946 3603; x_wconf 83' lang='lat' dir='ltr'><strong>gentem</strong></span> 
     </span>
    </p>
   </div>
   <div class='ocr_carea' id='block_1_68' title="bbox 379 3610 1950 3689">
    <p class='ocr_par' dir='ltr' id='par_1_68' title="bbox 379 3610 1950 3689">
     <span class='ocr_line' id='line_1_69' title="bbox 379 3610 1950 3689; baseline 0.012 -26"><span class='ocrx_word' id='word_1_497' title='bbox 379 3610 642 3667; x_wconf 88' lang='lat' dir='ltr'><strong>Battarim</strong></span> <span class='ocrx_word' id='word_1_498' title='bbox 678 3629 693 3667; x_wconf 89' lang='lat'>:</span> <span class='ocrx_word' id='word_1_499' title='bbox 725 3631 846 3684; x_wconf 58' lang='lat' dir='ltr'><strong>qua</strong></span> <span class='ocrx_word' id='word_1_500' title='bbox 875 3633 1000 3672; x_wconf 88' lang='lat' dir='ltr'><strong>cum</strong></span> <span class='ocrx_word' id='word_1_501' title='bbox 1045 3620 1251 3675; x_wconf 86' lang='lat' dir='ltr'><strong>viritim</strong></span> <span class='ocrx_word' id='word_1_502' title='bbox 1284 3622 1613 3689; x_wconf 87' lang='lat' dir='ltr'><strong>sortiretur,</strong></span> <span class='ocrx_word' id='word_1_503' title='bbox 1646 3624 1797 3680; x_wconf 85' lang='lat' dir='ltr'><strong>Sauli</strong></span> <span class='ocrx_word' id='word_1_504' title='bbox 1829 3642 1950 3682; x_wconf 91' lang='lat' dir='ltr'><strong>sors</strong></span> 
     </span>
    </p>
   </div>
   <div class='ocr_carea' id='block_1_69' title="bbox 380 3698 1953 3772">
    <p class='ocr_par' dir='ltr' id='par_1_69' title="bbox 380 3698 1953 3772">
     <span class='ocr_line' id='line_1_70' title="bbox 380 3698 1953 3772; baseline 0.013 -20"><span class='ocrx_word' id='word_1_505' title='bbox 380 3698 625 3755; x_wconf 88' lang='lat' dir='ltr'><strong>obvenit.</strong></span> <span class='ocrx_word' id='word_1_506' title='bbox 653 3704 931 3768; x_wconf 79' lang='lat' dir='ltr'><strong>Quaeritur</strong></span> <span class='ocrx_word' id='word_1_507' title='bbox 961 3707 1074 3772; x_wconf 92' lang='lat' dir='ltr'><strong>ille,</strong></span> <span class='ocrx_word' id='word_1_508' title='bbox 1116 3724 1219 3764; x_wconf 88' lang='lat' dir='ltr'><strong>nec</strong></span> <span class='ocrx_word' id='word_1_509' title='bbox 1254 3710 1560 3766; x_wconf 86' lang='lat' dir='ltr'><strong>invenitur.</strong></span> <span class='ocrx_word' id='word_1_510' title='bbox 1613 3711 1833 3770; x_wconf 88' lang='lat' dir='ltr'><strong>Samuel</strong></span> <span class='ocrx_word' id='word_1_511' title='bbox 1867 3716 1953 3772; x_wconf 89' lang='lat' dir='ltr'><strong>di-</strong></span> 
     </span>
    </p>
   </div>
   <div class='ocr_carea' id='block_1_70' title="bbox 381 3794 1951 3869">
    <p class='ocr_par' dir='ltr' id='par_1_70' title="bbox 381 3794 1951 3869">
     <span class='ocr_line' id='line_1_71' title="bbox 381 3794 1951 3869; baseline 0.012 -26"><span class='ocrx_word' id='word_1_512' title='bbox 381 3794 595 3849; x_wconf 83' lang='lat' dir='ltr'><strong>vinitus</strong></span> <span class='ocrx_word' id='word_1_513' title='bbox 618 3799 944 3854; x_wconf 85' lang='lat' dir='ltr'><strong>monstratis</strong></span> <span class='ocrx_word' id='word_1_514' title='bbox 977 3800 1096 3869; x_wconf 88' lang='lat' dir='ltr'><strong>ejus</strong></span> <span class='ocrx_word' id='word_1_515' title='bbox 1125 3801 1383 3868; x_wconf 83' lang='lat' dir='ltr'><strong>latebris,</strong></span> <span class='ocrx_word' id='word_1_516' title='bbox 1416 3803 1715 3859; x_wconf 88' lang='lat' dir='ltr'><strong>adductum</strong></span> <span class='ocrx_word' id='word_1_517' title='bbox 1747 3806 1804 3861; x_wconf 92' lang='lat' dir='ltr'><strong>in</strong></span> <span class='ocrx_word' id='word_1_518' title='bbox 1837 3822 1951 3862; x_wconf 87' lang='lat' dir='ltr'><strong>me-</strong></span> 
     </span>
    </p>
   </div>
   <div class='ocr_carea' id='block_1_71' title="bbox 379 3884 1950 3962">
    <p class='ocr_par' dir='ltr' id='par_1_71' title="bbox 379 3884 1950 3962">
     <span class='ocr_line' id='line_1_72' title="bbox 379 3884 1950 3962; baseline 0.008 -23"><span class='ocrx_word' id='word_1_519' title='bbox 379 3884 474 3941; x_wconf 88' lang='lat' dir='ltr'><strong>dio</strong></span> <span class='ocrx_word' id='word_1_520' title='bbox 525 3889 739 3943; x_wconf 82' lang='lat' dir='ltr'><strong>statuit.</strong></span> <span class='ocrx_word' id='word_1_521' title='bbox 788 3890 920 3945; x_wconf 87' lang='lat' dir='ltr'><strong>Erat</strong></span> <span class='ocrx_word' id='word_1_522' title='bbox 959 3899 1141 3945; x_wconf 88' lang='lat' dir='ltr'><strong>autem</strong></span> <span class='ocrx_word' id='word_1_523' title='bbox 1182 3907 1426 3962; x_wconf 66' lang='lat' dir='ltr'><strong>procera:</strong></span> <span class='ocrx_word' id='word_1_524' title='bbox 1469 3904 1712 3960; x_wconf 68' lang='lat' dir='ltr'><strong>staturae,</strong></span> <span class='ocrx_word' id='word_1_525' title='bbox 1762 3908 1819 3952; x_wconf 88' lang='lat' dir='ltr'><strong>et</strong></span> <span class='ocrx_word' id='word_1_526' title='bbox 1848 3898 1950 3952; x_wconf 80' lang='lat' dir='ltr'><strong>bu-</strong></span> 
     </span>
    </p>
   </div>
   <div class='ocr_carea' id='block_1_72' title="bbox 381 3982 1950 4060">
    <p class='ocr_par' dir='ltr' id='par_1_72' title="bbox 381 3982 1950 4060">
     <span class='ocr_line' id='line_1_73' title="bbox 381 3982 1950 4060; baseline 0.008 -27"><span class='ocrx_word' id='word_1_527' title='bbox 381 3983 550 4037; x_wconf 87' lang='lat' dir='ltr'><strong>meris</strong></span> <span class='ocrx_word' id='word_1_528' title='bbox 598 3982 879 4037; x_wconf 80' lang='lat' dir='ltr'><strong>eminebat</strong></span> <span class='ocrx_word' id='word_1_529' title='bbox 928 3998 1092 4054; x_wconf 87' lang='lat' dir='ltr'><strong>supra</strong></span> <span class='ocrx_word' id='word_1_530' title='bbox 1137 4000 1353 4041; x_wconf 88' lang='lat' dir='ltr'><strong>omnes.</strong></span> <span class='ocrx_word' id='word_1_531' title='bbox 1394 3986 1536 4043; x_wconf 86' lang='lat' dir='ltr'><strong>Tum</strong></span> <span class='ocrx_word' id='word_1_532' title='bbox 1579 3990 1647 4043; x_wconf 91' lang='lat' dir='ltr'><strong>ad</strong></span> <span class='ocrx_word' id='word_1_533' title='bbox 1685 3990 1950 4060; x_wconf 82' lang='lat' dir='ltr'><strong>pepnlum</strong></span> 
     </span>
    </p>
   </div>
   <div class='ocr_carea' id='block_1_73' title="bbox 379 4071 1952 4149">
    <p class='ocr_par' dir='ltr' id='par_1_73' title="bbox 379 4071 1952 4149">
     <span class='ocr_line' id='line_1_74' title="bbox 379 4071 1952 4149; baseline 0.006 -23"><span class='ocrx_word' id='word_1_534' title='bbox 379 4072 653 4144; x_wconf 80' lang='lat' dir='ltr'><strong>Propheta</strong></span> <span class='ocrx_word' id='word_1_535' title='bbox 684 4089 700 4127; x_wconf 88' lang='lat'><strong>:</strong></span> <span class='ocrx_word' id='word_1_536' title='bbox 744 4071 921 4138; x_wconf 81' lang='lat' dir='ltr'><strong>Hunc,</strong></span> <span class='ocrx_word' id='word_1_537' title='bbox 960 4075 1161 4145; x_wconf 83' lang='lat' dir='ltr'><strong>inquit,</strong></span> <span class='ocrx_word' id='word_1_538' title='bbox 1194 4093 1368 4149; x_wconf 87' lang='lat' dir='ltr'><strong>regem</strong></span> <span class='ocrx_word' id='word_1_539' title='bbox 1408 4079 1549 4134; x_wconf 78' lang='lat' dir='ltr'><strong>vobis</strong></span> <span class='ocrx_word' id='word_1_540' title='bbox 1591 4082 1743 4134; x_wconf 70' lang='lat' dir='ltr'><strong>unxit</strong></span> <span class='ocrx_word' id='word_1_541' title='bbox 1772 4081 1952 4136; x_wconf 87' lang='lat' dir='ltr'><strong>Domi-</strong></span> 
     </span>
    </p>
   </div>
   <div class='ocr_carea' id='block_1_74' title="bbox 380 4168 1953 4245">
    <p class='ocr_par' dir='ltr' id='par_1_74' title="bbox 380 4168 1953 4245">
     <span class='ocr_line' id='line_1_75' title="bbox 380 4168 1953 4245; baseline 0.004 -24"><span class='ocrx_word' id='word_1_542' title='bbox 380 4185 497 4230; x_wconf 85' lang='lat' dir='ltr'><strong>nus,</strong></span> <span class='ocrx_word' id='word_1_543' title='bbox 534 4169 684 4240; x_wconf 79' lang='lat' dir='ltr'><strong>cujus</strong></span> <span class='ocrx_word' id='word_1_544' title='bbox 719 4168 857 4221; x_wconf 82' lang='lat' dir='ltr'><strong>inter</strong></span> <span class='ocrx_word' id='word_1_545' title='bbox 899 4184 987 4223; x_wconf 75' lang='lat' dir='ltr'><strong>vos</strong></span> <span class='ocrx_word' id='word_1_546' title='bbox 1029 4186 1209 4224; x_wconf 86' lang='lat' dir='ltr'><strong>omnes</strong></span> <span class='ocrx_word' id='word_1_547' title='bbox 1236 4188 1340 4224; x_wconf 83' lang='lat' dir='ltr'><strong>non</strong></span> <span class='ocrx_word' id='word_1_548' title='bbox 1370 4179 1446 4225; x_wconf 81' lang='lat' dir='ltr'><strong>est</strong></span> <span class='ocrx_word' id='word_1_549' title='bbox 1470 4173 1676 4228; x_wconf 80' lang='lat' dir='ltr'><strong>similis.</strong></span> <span class='ocrx_word' id='word_1_550' title='bbox 1706 4175 1953 4245; x_wconf 82' lang='lat' dir='ltr'><strong>Populus</strong></span> 
     </span>
    </p>
   </div>
   <div class='ocr_carea' id='block_1_75' title="bbox 380 4262 1954 4332">
    <p class='ocr_par' dir='ltr' id='par_1_75' title="bbox 380 4262 1954 4332">
     <span class='ocr_line' id='line_1_76' title="bbox 380 4262 1954 4332; baseline 0.004 -17"><span class='ocrx_word' id='word_1_551' title='bbox 380 4262 819 4332; x_wconf 77' lang='lat' dir='ltr'><strong>gratulabundus</strong></span> <span class='ocrx_word' id='word_1_552' title='bbox 874 4262 1187 4318; x_wconf 87' lang='lat' dir='ltr'><strong>acclamat:</strong></span> <span class='ocrx_word' id='word_1_553' title='bbox 1234 4264 1384 4319; x_wconf 82' lang='lat' dir='ltr'><strong>Vivat</strong></span> <span class='ocrx_word' id='word_1_554' title='bbox 1432 4281 1546 4323; x_wconf 74' lang='lat' dir='ltr'><strong>rex.</strong></span> <span class='ocrx_word' id='word_1_555' title='bbox 1600 4266 1818 4323; x_wconf 89' lang='lat' dir='ltr'><strong>Saulem</strong></span> <span class='ocrx_word' id='word_1_556' title='bbox 1874 4267 1954 4321; x_wconf 89' lang='lat' dir='ltr'><strong>ita</strong></span> 
     </span>
    </p>
   </div>
   <div class='ocr_carea' id='block_1_76' title="bbox 382 4356 1955 4428">
    <p class='ocr_par' dir='ltr' id='par_1_76' title="bbox 382 4356 1955 4428">
     <span class='ocr_line' id='line_1_77' title="bbox 382 4356 1955 4428; baseline 0.003 -19"><span class='ocrx_word' id='word_1_557' title='bbox 382 4372 549 4425; x_wconf 71' lang='lat' dir='ltr'><strong>regno</strong></span> <span class='ocrx_word' id='word_1_558' title='bbox 575 4357 839 4427; x_wconf 89' lang='lat' dir='ltr'><strong>potitum,</strong></span> <span class='ocrx_word' id='word_1_559' title='bbox 868 4356 1024 4410; x_wconf 89' lang='lat' dir='ltr'><strong>multi</strong></span> <span class='ocrx_word' id='word_1_560' title='bbox 1056 4357 1426 4412; x_wconf 88' lang='lat' dir='ltr'><strong>observabant</strong></span> <span class='ocrx_word' id='word_1_561' title='bbox 1463 4367 1524 4414; x_wconf 90' lang='lat' dir='ltr'><strong>ut</strong></span> <span class='ocrx_word' id='word_1_562' title='bbox 1560 4374 1763 4428; x_wconf 80' lang='lat' dir='ltr'><strong>regem,</strong></span> <span class='ocrx_word' id='word_1_563' title='bbox 1791 4367 1847 4413; x_wconf 91' lang='lat' dir='ltr'><strong>et</strong></span> <span class='ocrx_word' id='word_1_564' title='bbox 1895 4367 1955 4413; x_wconf 90' lang='lat' dir='ltr'><strong>ut</strong></span> 
     </span>
    </p>
   </div>
   <div class='ocr_carea' id='block_1_77' title="bbox 381 4451 1950 4520">
    <p class='ocr_par' dir='ltr' id='par_1_77' title="bbox 381 4451 1950 4520">
     <span class='ocr_line' id='line_1_78' title="bbox 381 4451 1950 4520; baseline 0.003 -20"><span class='ocrx_word' id='word_1_565' title='bbox 381 4464 481 4517; x_wconf 88' lang='lat' dir='ltr'><strong>par</strong></span> <span class='ocrx_word' id='word_1_566' title='bbox 524 4460 642 4504; x_wconf 87' lang='lat' dir='ltr'><strong>erat</strong></span> <span class='ocrx_word' id='word_1_567' title='bbox 691 4451 1055 4506; x_wconf 88' lang='lat' dir='ltr'><strong>honorabant.</strong></span> <span class='ocrx_word' id='word_1_568' title='bbox 1088 4452 1240 4507; x_wconf 79' lang='lat' dir='ltr'><strong>Multi</strong></span> <span class='ocrx_word' id='word_1_569' title='bbox 1279 4453 1448 4508; x_wconf 89' lang='lat' dir='ltr'><strong>etiam</strong></span> <span class='ocrx_word' id='word_1_570' title='bbox 1502 4452 1837 4520; x_wconf 84' lang='lat' dir='ltr'><strong>spernebant</strong></span> <span class='ocrx_word' id='word_1_571' title='bbox 1891 4460 1950 4505; x_wconf 89' lang='lat' dir='ltr'><strong>et</strong></span> 
     </span>
    </p>
   </div>
   <div class='ocr_carea' id='block_1_78' title="bbox 2048 3255 3625 3326">
    <p class='ocr_par' dir='ltr' id='par_1_78' title="bbox 2048 3255 3625 3326">
     <span class='ocr_line' id='line_1_79' title="bbox 2048 3255 3625 3326; baseline -0.003 -13"><span class='ocrx_word' id='word_1_572' title='bbox 2048 3258 2147 3313; x_wconf 74' lang='grc' dir='ltr'><strong>ἐπὶ</strong></span> <span class='ocrx_word' id='word_1_573' title='bbox 2185 3260 2292 3312; x_wconf 83' lang='grc' dir='ltr'><strong>τὸν</strong></span> <span class='ocrx_word' id='word_1_574' title='bbox 2316 3259 2466 3312; x_wconf 70' lang='grc' dir='ltr'><strong>λαὸν</strong></span> <span class='ocrx_word' id='word_1_575' title='bbox 2486 3258 2673 3313; x_wconf 84' lang='grc' dir='ltr'><strong>αὐτοῦ</strong></span> <span class='ocrx_word' id='word_1_576' title='bbox 2716 3256 2986 3326; x_wconf 78' lang='grc' dir='ltr'>Ἰσραήλ.</span> <span class='ocrx_word' id='word_1_577' title='bbox 3027 3256 3137 3312; x_wconf 84' lang='lat' dir='ltr'><strong>Kal</strong></span> <span class='ocrx_word' id='word_1_578' title='bbox 3173 3259 3331 3311; x_wconf 81' lang='grc' dir='ltr'>ἐστω</span> <span class='ocrx_word' id='word_1_579' title='bbox 3364 3255 3625 3325; x_wconf 81' lang='grc' dir='ltr'>σημεῖον</span> 
     </span>
    </p>
   </div>
   <div class='ocr_carea' id='block_1_79' title="bbox 2044 3345 3623 3417">
    <p class='ocr_par' dir='ltr' id='par_1_79' title="bbox 2044 3345 3623 3417">
     <span class='ocr_line' id='line_1_80' title="bbox 2044 3345 3623 3417; baseline -0.004 -13"><span class='ocrx_word' id='word_1_580' title='bbox 2044 3350 2154 3404; x_wconf 83' lang='grc' dir='ltr'><strong>τοῦ</strong></span> <span class='ocrx_word' id='word_1_581' title='bbox 2173 3354 2522 3417; x_wconf 76' lang='grc' dir='ltr'><strong>χρίσματος,</strong></span> <span class='ocrx_word' id='word_1_582' title='bbox 2538 3348 2601 3401; x_wconf 88' lang='grc' dir='ltr'>τὸ</span> <span class='ocrx_word' id='word_1_583' title='bbox 2625 3347 3005 3417; x_wconf 79' lang='grc' dir='ltr'><strong>συναντῆσαι</strong></span> <span class='ocrx_word' id='word_1_584' title='bbox 3025 3364 3125 3401; x_wconf 90' lang='grc' dir='ltr'>σοι</span> <span class='ocrx_word' id='word_1_585' title='bbox 3147 3346 3281 3414; x_wconf 74' lang='grc' dir='ltr'>περὶ</span> <span class='ocrx_word' id='word_1_586' title='bbox 3295 3345 3405 3400; x_wconf 81' lang='grc' dir='ltr'><strong>τὸν</strong></span> <span class='ocrx_word' id='word_1_587' title='bbox 3426 3345 3623 3413; x_wconf 73' lang='grc' dir='ltr'>τάφον</span> 
     </span>
    </p>
   </div>
   <div class='ocr_carea' id='block_1_80' title="bbox 2059 3435 3627 3509">
    <p class='ocr_par' dir='ltr' id='par_1_80' title="bbox 2059 3435 3627 3509">
     <span class='ocr_line' id='line_1_81' title="bbox 2059 3435 3627 3509; baseline -0.002 -15"><span class='ocrx_word' id='word_1_588' title='bbox 2059 3441 2309 3509; x_wconf 69' lang='grc' dir='ltr'>Ῥαχὴλ,</span> <span class='ocrx_word' id='word_1_589' title='bbox 2367 3439 2595 3507; x_wconf 79' lang='grc' dir='ltr'>ἄνδρας</span> <span class='ocrx_word' id='word_1_590' title='bbox 2648 3438 2757 3493; x_wconf 81' lang='grc' dir='ltr'><strong>δύο</strong></span> <span class='ocrx_word' id='word_1_591' title='bbox 2812 3438 2927 3507; x_wconf 80' lang='grc' dir='ltr'><strong>τὴν</strong></span> <span class='ocrx_word' id='word_1_592' title='bbox 2986 3439 3233 3505; x_wconf 81' lang='grc' dir='ltr'>εὕρεσιν</span> <span class='ocrx_word' id='word_1_593' title='bbox 3286 3435 3407 3491; x_wconf 84' lang='grc' dir='ltr'><strong>τῶν</strong></span> <span class='ocrx_word' id='word_1_594' title='bbox 3463 3438 3627 3491; x_wconf 73' lang='grc' dir='ltr'>ὄνων</span> 
     </span>
    </p>
   </div>
   <div class='ocr_carea' id='block_1_81' title="bbox 2046 3529 3619 3602">
    <p class='ocr_par' dir='ltr' id='par_1_81' title="bbox 2046 3529 3619 3602">
     <span class='ocr_line' id='line_1_82' title="bbox 2046 3529 3619 3602; baseline -0.004 -14"><span class='ocrx_word' id='word_1_595' title='bbox 2046 3530 2609 3602; x_wconf 79' lang='grc' dir='ltr'>εὐαγγελιζομένους</span> <span class='ocrx_word' id='word_1_596' title='bbox 2666 3547 2787 3585; x_wconf 88' lang='grc' dir='ltr'><strong>σοι.</strong></span> <span class='ocrx_word' id='word_1_597' title='bbox 2835 3532 2945 3584; x_wconf 75' lang='grc' dir='ltr'>Καὶ</span> <span class='ocrx_word' id='word_1_598' title='bbox 2993 3529 3135 3584; x_wconf 78' lang='grc' dir='ltr'>ἄλλα</span> <span class='ocrx_word' id='word_1_599' title='bbox 3168 3529 3225 3583; x_wconf 71' lang='grc' dir='ltr'><strong>δὲ</strong></span> <span class='ocrx_word' id='word_1_600' title='bbox 3272 3530 3474 3601; x_wconf 87' lang='grc' dir='ltr'>σημεῖα</span> <span class='ocrx_word' id='word_1_601' title='bbox 3521 3529 3619 3581; x_wconf 81' lang='grc' dir='ltr'><strong>τοῦ</strong></span> 
     </span>
    </p>
   </div>
   <div class='ocr_carea' id='block_1_82' title="bbox 2048 3619 3618 3696">
    <p class='ocr_par' dir='ltr' id='par_1_82' title="bbox 2048 3619 3618 3696">
     <span class='ocr_line' id='line_1_83' title="bbox 2048 3619 3618 3696; baseline -0.006 -16"><span class='ocrx_word' id='word_1_602' title='bbox 2048 3624 2339 3696; x_wconf 81' lang='grc' dir='ltr'>ἀληθεύειν</span> <span class='ocrx_word' id='word_1_603' title='bbox 2395 3620 2548 3677; x_wconf 71' lang='grc' dir='ltr'>εἶπεν</span> <span class='ocrx_word' id='word_1_604' title='bbox 2616 3622 2787 3690; x_wconf 77' lang='grc' dir='ltr'><strong>αὐτῷ,</strong></span> <span class='ocrx_word' id='word_1_605' title='bbox 2844 3622 2942 3675; x_wconf 73' lang='grc' dir='ltr'><strong>καὶ</strong></span> <span class='ocrx_word' id='word_1_606' title='bbox 2991 3622 3074 3675; x_wconf 83' lang='grc' dir='ltr'><strong>ὅτι</strong></span> <span class='ocrx_word' id='word_1_607' title='bbox 3130 3619 3495 3691; x_wconf 79' lang='grc' dir='ltr'>προφητεύσει</span> <span class='ocrx_word' id='word_1_608' title='bbox 3557 3620 3618 3672; x_wconf 63' lang='grc' dir='ltr'>ἐν</span> 
     </span>
    </p>
   </div>
   <div class='ocr_carea' id='block_1_83' title="bbox 2049 3711 3620 3785">
    <p class='ocr_par' dir='ltr' id='par_1_83' title="bbox 2049 3711 3620 3785">
     <span class='ocr_line' id='line_1_84' title="bbox 2049 3711 3620 3785; baseline -0.004 -15"><span class='ocrx_word' id='word_1_609' title='bbox 2049 3716 2272 3771; x_wconf 67' lang='grc' dir='ltr'><strong>Γαϐαθᾶ</strong></span> <span class='ocrx_word' id='word_1_610' title='bbox 2319 3716 2560 3784; x_wconf 83' lang='grc' dir='ltr'>γεγονὼς</span> <span class='ocrx_word' id='word_1_611' title='bbox 2602 3717 2741 3785; x_wconf 86' lang='grc' dir='ltr'>μετὰ</span> <span class='ocrx_word' id='word_1_612' title='bbox 2799 3714 2910 3767; x_wconf 83' lang='grc' dir='ltr'>τῶν</span> <span class='ocrx_word' id='word_1_613' title='bbox 2956 3713 3074 3765; x_wconf 71' lang='grc' dir='ltr'>ἐκεῖ</span> <span class='ocrx_word' id='word_1_614' title='bbox 3127 3711 3452 3781; x_wconf 79' lang='grc' dir='ltr'>προφητῶν.</span> <span class='ocrx_word' id='word_1_615' title='bbox 3501 3711 3620 3764; x_wconf 71' lang='grc' dir='ltr'>Καὶ</span> 
     </span>
    </p>
   </div>
   <div class='ocr_carea' id='block_1_84' title="bbox 2049 3806 3625 3884">
    <p class='ocr_par' dir='ltr' id='par_1_84' title="bbox 2049 3806 3625 3884">
     <span class='ocr_line' id='line_1_85' title="bbox 2049 3806 3625 3884; baseline -0.006 -18"><span class='ocrx_word' id='word_1_616' title='bbox 2049 3810 2202 3884; x_wconf 73' lang='grc' dir='ltr'>ἥξειν</span> <span class='ocrx_word' id='word_1_617' title='bbox 2238 3814 2319 3876; x_wconf 83' lang='grc' dir='ltr'><strong>είς</strong></span> <span class='ocrx_word' id='word_1_618' title='bbox 2362 3813 2616 3881; x_wconf 85' lang='grc' dir='ltr'>Γάλγαλα</span> <span class='ocrx_word' id='word_1_619' title='bbox 2665 3811 2814 3881; x_wconf 82' lang='grc' dir='ltr'>αὐτῷ</span> <span class='ocrx_word' id='word_1_620' title='bbox 2861 3806 3188 3871; x_wconf 85' lang='grc' dir='ltr'>ἐνετείλατο,</span> <span class='ocrx_word' id='word_1_621' title='bbox 3235 3806 3398 3878; x_wconf 84' lang='grc' dir='ltr'>ήνίκα</span> <span class='ocrx_word' id='word_1_622' title='bbox 3452 3821 3625 3875; x_wconf 80' lang='grc' dir='ltr'>μετα-</span> 
     </span>
    </p>
   </div>
   <div class='ocr_carea' id='block_1_85' title="bbox 2053 3896 3623 3975">
    <p class='ocr_par' dir='ltr' id='par_1_85' title="bbox 2053 3896 3623 3975">
     <span class='ocr_line' id='line_1_86' title="bbox 2053 3896 3623 3975; baseline -0.006 -18"><span class='ocrx_word' id='word_1_623' title='bbox 2053 3904 2279 3975; x_wconf 85' lang='grc' dir='ltr'>πεμφθῇ</span> <span class='ocrx_word' id='word_1_624' title='bbox 2313 3903 2445 3974; x_wconf 82' lang='grc' dir='ltr'>παρ’</span> <span class='ocrx_word' id='word_1_625' title='bbox 2479 3902 2665 3957; x_wconf 79' lang='grc' dir='ltr'>αὐτοῦ.</span> <span class='ocrx_word' id='word_1_626' title='bbox 2695 3901 3028 3970; x_wconf 83' lang='grc' dir='ltr'>Συνήθροισε</span> <span class='ocrx_word' id='word_1_627' title='bbox 3056 3898 3101 3951; x_wconf 81' lang='grc' dir='ltr'><strong>δ’</strong></span> <span class='ocrx_word' id='word_1_628' title='bbox 3127 3898 3321 3952; x_wconf 78' lang='grc' dir='ltr'>ἔπειτα</span> <span class='ocrx_word' id='word_1_629' title='bbox 3349 3896 3443 3952; x_wconf 80' lang='grc' dir='ltr'><strong>τὸν</strong></span> <span class='ocrx_word' id='word_1_630' title='bbox 3468 3896 3623 3961; x_wconf 81' lang='grc' dir='ltr'>λαὸν,</span> 
     </span>
    </p>
   </div>
   <div class='ocr_carea' id='block_1_86' title="bbox 2052 3987 3624 4065">
    <p class='ocr_par' dir='ltr' id='par_1_86' title="bbox 2052 3987 3624 4065">
     <span class='ocr_line' id='line_1_87' title="bbox 2052 3987 3624 4065; baseline -0.006 -15"><span class='ocrx_word' id='word_1_631' title='bbox 2052 3998 2148 4050; x_wconf 76' lang='grc' dir='ltr'>καὶ</span> <span class='ocrx_word' id='word_1_632' title='bbox 2177 3995 2414 4065; x_wconf 76' lang='grc' dir='ltr'>κλήρους</span> <span class='ocrx_word' id='word_1_633' title='bbox 2457 3995 2641 4064; x_wconf 87' lang='grc' dir='ltr'>βαλεῖν</span> <span class='ocrx_word' id='word_1_634' title='bbox 2689 3993 2945 4046; x_wconf 73' lang='grc' dir='ltr'>ἐκέλευσε</span> <span class='ocrx_word' id='word_1_635' title='bbox 2998 3990 3099 4052; x_wconf 81' lang='grc' dir='ltr'>τὰς</span> <span class='ocrx_word' id='word_1_636' title='bbox 3148 3989 3342 4058; x_wconf 79' lang='grc' dir='ltr'>φυλὰς.</span> <span class='ocrx_word' id='word_1_637' title='bbox 3382 3988 3451 4042; x_wconf 74' lang='grc' dir='ltr'><strong>ἵν’</strong></span> <span class='ocrx_word' id='word_1_638' title='bbox 3484 3987 3624 4042; x_wconf 77' lang='grc' dir='ltr'>ἅνα-</span> 
     </span>
    </p>
   </div>
   <div class='ocr_carea' id='block_1_87' title="bbox 2050 4079 3626 4157">
    <p class='ocr_par' dir='ltr' id='par_1_87' title="bbox 2050 4079 3626 4157">
     <span class='ocr_line' id='line_1_88' title="bbox 2050 4079 3626 4157; baseline -0.005 -16"><span class='ocrx_word' id='word_1_639' title='bbox 2050 4087 2290 4157; x_wconf 81' lang='grc' dir='ltr'>δειχοείη</span> <span class='ocrx_word' id='word_1_640' title='bbox 2320 4088 2385 4139; x_wconf 76' lang='grc' dir='ltr'>ἐκ</span> <span class='ocrx_word' id='word_1_641' title='bbox 2412 4087 2571 4149; x_wconf 83' lang='grc' dir='ltr'>ποίας</span> <span class='ocrx_word' id='word_1_642' title='bbox 2598 4088 2626 4139; x_wconf 90' lang='lat'><strong>6</strong></span> <span class='ocrx_word' id='word_1_643' title='bbox 2654 4083 2996 4156; x_wconf 64' lang='grc' dir='ltr'>βασιλεύσων</span> <span class='ocrx_word' id='word_1_644' title='bbox 3014 4084 3217 4136; x_wconf 74' lang='grc' dir='ltr'>ἔσεται.</span> <span class='ocrx_word' id='word_1_645' title='bbox 3255 4082 3496 4135; x_wconf 85' lang='grc' dir='ltr'>Ἔπεσεν</span> <span class='ocrx_word' id='word_1_646' title='bbox 3529 4079 3626 4134; x_wconf 74' lang='grc' dir='ltr'>οὖν</span> 
     </span>
    </p>
   </div>
   <div class='ocr_carea' id='block_1_88' title="bbox 2051 4170 3622 4247">
    <p class='ocr_par' dir='ltr' id='par_1_88' title="bbox 2051 4170 3622 4247">
     <span class='ocr_line' id='line_1_89' title="bbox 2051 4170 3622 4247; baseline -0.004 -18"><span class='ocrx_word' id='word_1_647' title='bbox 2051 4179 2079 4229; x_wconf 90' lang='lat'><strong>6</strong></span> <span class='ocrx_word' id='word_1_648' title='bbox 2107 4176 2306 4246; x_wconf 81' lang='grc' dir='ltr'>κλῆρος</span> <span class='ocrx_word' id='word_1_649' title='bbox 2338 4178 2417 4238; x_wconf 85' lang='grc' dir='ltr'><strong>είς</strong></span> <span class='ocrx_word' id='word_1_650' title='bbox 2444 4176 2542 4247; x_wconf 83' lang='grc' dir='ltr'><strong>τὴν</strong></span> <span class='ocrx_word' id='word_1_651' title='bbox 2571 4174 2946 4243; x_wconf 82' lang='grc' dir='ltr'>Βενιαμίτιδα,</span> <span class='ocrx_word' id='word_1_652' title='bbox 2981 4170 3101 4226; x_wconf 78' lang='grc' dir='ltr'>εἶτα</span> <span class='ocrx_word' id='word_1_653' title='bbox 3132 4174 3211 4237; x_wconf 86' lang='grc' dir='ltr'><strong>είς</strong></span> <span class='ocrx_word' id='word_1_654' title='bbox 3244 4173 3346 4243; x_wconf 86' lang='grc' dir='ltr'><strong>τὴν</strong></span> <span class='ocrx_word' id='word_1_655' title='bbox 3377 4171 3622 4243; x_wconf 81' lang='grc' dir='ltr'>πατριὰν</span> 
     </span>
    </p>
   </div>
   <div class='ocr_carea' id='block_1_89' title="bbox 2054 4260 3622 4335">
    <p class='ocr_par' dir='ltr' id='par_1_89' title="bbox 2054 4260 3622 4335">
     <span class='ocr_line' id='line_1_90' title="bbox 2054 4260 3622 4335; baseline -0.004 -17"><span class='ocrx_word' id='word_1_656' title='bbox 2054 4264 2313 4335; x_wconf 72' lang='grc' dir='ltr'>Βατταρί.</span> <span class='ocrx_word' id='word_1_657' title='bbox 2361 4264 2497 4317; x_wconf 83' lang='grc' dir='ltr'>Κατ’</span> <span class='ocrx_word' id='word_1_658' title='bbox 2530 4263 2700 4334; x_wconf 84' lang='grc' dir='ltr'>ἄνδρα</span> <span class='ocrx_word' id='word_1_659' title='bbox 2728 4263 2785 4316; x_wconf 78' lang='grc' dir='ltr'><strong>δὲ</strong></span> <span class='ocrx_word' id='word_1_660' title='bbox 2813 4263 2912 4332; x_wconf 86' lang='grc' dir='ltr'>τῆς</span> <span class='ocrx_word' id='word_1_661' title='bbox 2944 4264 3183 4328; x_wconf 82' lang='grc' dir='ltr'>πατριᾶς</span> <span class='ocrx_word' id='word_1_662' title='bbox 3222 4260 3622 4331; x_wconf 73' lang='grc' dir='ltr'>κληρωθείσης,</span> 
     </span>
    </p>
   </div>
   <div class='ocr_carea' id='block_1_90' title="bbox 2054 4352 3627 4425">
    <p class='ocr_par' dir='ltr' id='par_1_90' title="bbox 2054 4352 3627 4425">
     <span class='ocr_line' id='line_1_91' title="bbox 2054 4352 3627 4425; baseline -0.003 -17"><span class='ocrx_word' id='word_1_663' title='bbox 2054 4357 2133 4420; x_wconf 84' lang='grc' dir='ltr'><strong>εἰς</strong></span> <span class='ocrx_word' id='word_1_664' title='bbox 2156 4355 2246 4408; x_wconf 74' lang='grc' dir='ltr'>τὸν</span> <span class='ocrx_word' id='word_1_665' title='bbox 2268 4355 2441 4408; x_wconf 78' lang='grc' dir='ltr'>Σαοὺλ</span> <span class='ocrx_word' id='word_1_666' title='bbox 2465 4353 2493 4407; x_wconf 88' lang='lat'><strong>6</strong></span> <span class='ocrx_word' id='word_1_667' title='bbox 2521 4354 2722 4425; x_wconf 82' lang='grc' dir='ltr'>κλῆρος</span> <span class='ocrx_word' id='word_1_668' title='bbox 2761 4352 3042 4417; x_wconf 76' lang='grc' dir='ltr'>ἐξέπεσεν.</span> <span class='ocrx_word' id='word_1_669' title='bbox 3081 4352 3172 4416; x_wconf 83' lang='grc' dir='ltr'>Ὣς</span> <span class='ocrx_word' id='word_1_670' title='bbox 3203 4352 3260 4405; x_wconf 81' lang='grc' dir='ltr'><strong>δὲ</strong></span> <span class='ocrx_word' id='word_1_671' title='bbox 3287 4352 3627 4421; x_wconf 79' lang='grc' dir='ltr'>ζητούμενος</span> 
     </span>
    </p>
   </div>
   <div class='ocr_carea' id='block_1_91' title="bbox 2055 4440 3625 4516">
    <p class='ocr_par' dir='ltr' id='par_1_91' title="bbox 2055 4440 3625 4516">
     <span class='ocr_line' id='line_1_92' title="bbox 2055 4440 3625 4516; baseline -0.003 -18"><span class='ocrx_word' id='word_1_672' title='bbox 2055 4446 2156 4498; x_wconf 78' lang='grc' dir='ltr'>οὐκ</span> <span class='ocrx_word' id='word_1_673' title='bbox 2188 4440 2278 4516; x_wconf 78' lang='grc' dir='ltr'><strong>ἦν,</strong></span> <span class='ocrx_word' id='word_1_674' title='bbox 2316 4447 2531 4515; x_wconf 85' lang='grc' dir='ltr'>μυεῖται</span> <span class='ocrx_word' id='word_1_675' title='bbox 2563 4444 2593 4496; x_wconf 91' lang='lat'><strong>6</strong></span> <span class='ocrx_word' id='word_1_676' title='bbox 2630 4441 2894 4514; x_wconf 82' lang='grc' dir='ltr'>-Σαμουὴλ</span> <span class='ocrx_word' id='word_1_677' title='bbox 2945 4440 3097 4512; x_wconf 81' lang='grc' dir='ltr'><strong>παρὰ</strong></span> <span class='ocrx_word' id='word_1_678' title='bbox 3147 4442 3244 4494; x_wconf 77' lang='grc' dir='ltr'><strong>τοῦ</strong></span> <span class='ocrx_word' id='word_1_679' title='bbox 3296 4441 3436 4494; x_wconf 79' lang='grc' dir='ltr'><strong>Θεοῦ</strong></span> <span class='ocrx_word' id='word_1_680' title='bbox 3485 4441 3625 4494; x_wconf 80' lang='grc' dir='ltr'>ὅπου</span> 
     </span>
    </p>
   </div>
   <div class='ocr_carea' id='block_1_92' title="bbox 383 4526 1946 4605">
    <p class='ocr_par' dir='ltr' id='par_1_92' title="bbox 383 4538 1946 4598">
     <span class='ocr_line' id='line_1_93' title="bbox 383 4538 1946 4598; baseline 0.001 -6"><span class='ocrx_word' id='word_1_681' title='bbox 383 4538 711 4594; x_wconf 87' lang='lat' dir='ltr'><strong>irridebant.</strong></span> <span class='ocrx_word' id='word_1_682' title='bbox 739 4543 869 4596; x_wconf 86' lang='lat' dir='ltr'><strong>Post</strong></span> <span class='ocrx_word' id='word_1_683' title='bbox 906 4558 1149 4598; x_wconf 86' lang='lat' dir='ltr'><strong>mensem</strong></span> <span class='ocrx_word' id='word_1_684' title='bbox 1190 4543 1331 4598; x_wconf 84' lang='lat' dir='ltr'><strong>Naas</strong></span> <span class='ocrx_word' id='word_1_685' title='bbox 1373 4544 1813 4597; x_wconf 81' lang='lat' dir='ltr'><strong>Ammanitarum</strong></span> <span class='ocrx_word' id='word_1_686' title='bbox 1850 4556 1946 4595; x_wconf 84' lang='lat' dir='ltr'><strong>rex</strong></span> 
     </span>
    </p>
   </div>
   <div class='ocr_carea' id='block_1_93' title="bbox 2049 4526 3627 4605">
    <p class='ocr_par' dir='ltr' id='par_1_93' title="bbox 2052 4526 3627 4605">
     <span class='ocr_line' id='line_1_94' title="bbox 2052 4526 3627 4605; baseline -0.003 -17"><span class='ocrx_word' id='word_1_687' title='bbox 2052 4534 2397 4605; x_wconf 80' lang='grc' dir='ltr'>ὲκέκρυπτο’</span> <span class='ocrx_word' id='word_1_688' title='bbox 2455 4535 2548 4588; x_wconf 74' lang='grc' dir='ltr'><strong>καὶ</strong></span> <span class='ocrx_word' id='word_1_689' title='bbox 2604 4533 2864 4604; x_wconf 79' lang='grc' dir='ltr'><strong>ἀχθέντα,</strong></span> <span class='ocrx_word' id='word_1_690' title='bbox 2913 4532 3112 4603; x_wconf 76' lang='grc' dir='ltr'>ἔστησε</span> <span class='ocrx_word' id='word_1_691' title='bbox 3176 4532 3362 4603; x_wconf 84' lang='grc' dir='ltr'>μέσον.</span> <span class='ocrx_word' id='word_1_692' title='bbox 3398 4533 3506 4585; x_wconf 77' lang='grc' dir='ltr'><strong>Καὶ</strong></span> <span class='ocrx_word' id='word_1_693' title='bbox 3552 4526 3627 4602; x_wconf 74' lang='grc' dir='ltr'>ἦν</span> 
     </span>
    </p>
   </div>
   <div class='ocr_carea' id='block_1_94' title="bbox 383 4627 1951 4695">
    <p class='ocr_par' dir='ltr' id='par_1_94' title="bbox 383 4627 1951 4695">
     <span class='ocr_line' id='line_1_95' title="bbox 383 4627 1951 4695; baseline 0.001 -10"><span class='ocrx_word' id='word_1_694' title='bbox 383 4627 554 4685; x_wconf 81' lang='lat' dir='ltr'><strong>Jabcn</strong></span> <span class='ocrx_word' id='word_1_695' title='bbox 588 4628 941 4686; x_wconf 81' lang='lat' dir='ltr'><strong>Galaaditicae</strong></span> <span class='ocrx_word' id='word_1_696' title='bbox 969 4632 1218 4695; x_wconf 87' lang='lat' dir='ltr'><strong>obsidet,</strong></span> <span class='ocrx_word' id='word_1_697' title='bbox 1257 4648 1363 4686; x_wconf 90' lang='lat' dir='ltr'><strong>non</strong></span> <span class='ocrx_word' id='word_1_698' title='bbox 1411 4632 1517 4686; x_wconf 88' lang='lat' dir='ltr'><strong>alia</strong></span> <span class='ocrx_word' id='word_1_699' title='bbox 1545 4631 1862 4686; x_wconf 89' lang='lat' dir='ltr'><strong>conditione</strong></span> <span class='ocrx_word' id='word_1_700' title='bbox 1882 4645 1951 4687; x_wconf 72' lang='lat' dir='ltr'><strong>se</strong></span> 
     </span>
    </p>
   </div>
   <div class='ocr_carea' id='block_1_95' title="bbox 384 4727 1951 4798">
    <p class='ocr_par' dir='ltr' id='par_1_95' title="bbox 384 4727 1951 4798">
     <span class='ocr_line' id='line_1_96' title="bbox 384 4727 1951 4798; baseline 0.001 -17"><span class='ocrx_word' id='word_1_701' title='bbox 384 4728 520 4782; x_wconf 84' lang='lat' dir='ltr'><strong>viris</strong></span> <span class='ocrx_word' id='word_1_702' title='bbox 551 4742 774 4798; x_wconf 84' lang='lat' dir='ltr'><strong>parcere</strong></span> <span class='ocrx_word' id='word_1_703' title='bbox 822 4729 961 4785; x_wconf 89' lang='lat' dir='ltr'><strong>velle</strong></span> <span class='ocrx_word' id='word_1_704' title='bbox 1000 4729 1211 4792; x_wconf 90' lang='lat' dir='ltr'><strong>dicens,</strong></span> <span class='ocrx_word' id='word_1_705' title='bbox 1261 4727 1369 4782; x_wconf 88' lang='lat' dir='ltr'><strong>nisi</strong></span> <span class='ocrx_word' id='word_1_706' title='bbox 1417 4727 1669 4782; x_wconf 79' lang='lat' dir='ltr'><strong>dextrum</strong></span> <span class='ocrx_word' id='word_1_707' title='bbox 1727 4728 1951 4784; x_wconf 90' lang='lat' dir='ltr'><strong>oculum</strong></span> 
     </span>
    </p>
   </div>
   <div class='ocr_carea' id='block_1_96' title="bbox 384 4816 1954 4890">
    <p class='ocr_par' dir='ltr' id='par_1_96' title="bbox 384 4816 1954 4890">
     <span class='ocr_line' id='line_1_97' title="bbox 384 4816 1954 4890; baseline 0 -17"><span class='ocrx_word' id='word_1_708' title='bbox 384 4819 490 4873; x_wconf 89' lang='lat' dir='ltr'><strong>sibi</strong></span> <span class='ocrx_word' id='word_1_709' title='bbox 527 4819 762 4890; x_wconf 90' lang='lat' dir='ltr'><strong>quisque</strong></span> <span class='ocrx_word' id='word_1_710' title='bbox 799 4819 1110 4876; x_wconf 89' lang='lat' dir='ltr'><strong>eruendum</strong></span> <span class='ocrx_word' id='word_1_711' title='bbox 1142 4818 1406 4874; x_wconf 89' lang='lat' dir='ltr'><strong>traderet.</strong></span> <span class='ocrx_word' id='word_1_712' title='bbox 1452 4816 1536 4872; x_wconf 85' lang='lat' dir='ltr'><strong>Illi</strong></span> <span class='ocrx_word' id='word_1_713' title='bbox 1584 4827 1793 4888; x_wconf 89' lang='lat' dir='ltr'><strong>septem</strong></span> <span class='ocrx_word' id='word_1_714' title='bbox 1829 4818 1954 4873; x_wconf 87' lang='lat' dir='ltr'><strong>die-</strong></span> 
     </span>
    </p>
   </div>
   <div class='ocr_carea' id='block_1_97' title="bbox 387 4909 1953 4984">
    <p class='ocr_par' dir='ltr' id='par_1_97' title="bbox 387 4909 1953 4984">
     <span class='ocr_line' id='line_1_98' title="bbox 387 4909 1953 4984; baseline 0 -20"><span class='ocrx_word' id='word_1_715' title='bbox 387 4926 512 4965; x_wconf 90' lang='lat' dir='ltr'><strong>rum</strong></span> <span class='ocrx_word' id='word_1_716' title='bbox 557 4912 807 4969; x_wconf 87' lang='lat' dir='ltr'><strong>inducias</strong></span> <span class='ocrx_word' id='word_1_717' title='bbox 855 4921 1096 4984; x_wconf 90' lang='lat' dir='ltr'><strong>petunt:</strong></span> <span class='ocrx_word' id='word_1_718' title='bbox 1134 4911 1202 4965; x_wconf 93' lang='lat' dir='ltr'><strong>iis</strong></span> <span class='ocrx_word' id='word_1_719' title='bbox 1253 4909 1579 4978; x_wconf 82' lang='lat' dir='ltr'><strong>impetratis,</strong></span> <span class='ocrx_word' id='word_1_720' title='bbox 1631 4910 1856 4965; x_wconf 90' lang='lat' dir='ltr'><strong>nuntios</strong></span> <span class='ocrx_word' id='word_1_721' title='bbox 1896 4910 1953 4964; x_wconf 90' lang='lat' dir='ltr'><strong>in</strong></span> 
     </span>
    </p>
   </div>
   <div class='ocr_carea' id='block_1_98' title="bbox 384 5003 1956 5077">
    <p class='ocr_par' dir='ltr' id='par_1_98' title="bbox 384 5003 1956 5077">
     <span class='ocr_line' id='line_1_99' title="bbox 384 5003 1956 5077; baseline -0.002 -18"><span class='ocrx_word' id='word_1_722' title='bbox 384 5003 777 5062; x_wconf 86' lang='lat' dir='ltr'><strong>Galaaditicam</strong></span> <span class='ocrx_word' id='word_1_723' title='bbox 802 5007 913 5077; x_wconf 76' lang='lat'><strong>60</strong></span> <span class='ocrx_word' id='word_1_724' title='bbox 937 5005 1186 5061; x_wconf 89' lang='lat' dir='ltr'><strong>mittunt.</strong></span> <span class='ocrx_word' id='word_1_725' title='bbox 1211 5004 1429 5060; x_wconf 85' lang='lat' dir='ltr'><strong>Auditis</strong></span> <span class='ocrx_word' id='word_1_726' title='bbox 1469 5004 1794 5058; x_wconf 65' lang='lat' dir='ltr'><strong>Ammanitae</strong></span> <span class='ocrx_word' id='word_1_727' title='bbox 1831 5017 1956 5057; x_wconf 89' lang='lat' dir='ltr'><strong>ver-</strong></span> 
     </span>
    </p>
   </div>
   <div class='ocr_carea' id='block_1_99' title="bbox 389 5094 1952 5168">
    <p class='ocr_par' dir='ltr' id='par_1_99' title="bbox 389 5094 1952 5168">
     <span class='ocr_line' id='line_1_100' title="bbox 389 5094 1952 5168; baseline -0.001 -19"><span class='ocrx_word' id='word_1_728' title='bbox 389 5096 493 5159; x_wconf 88' lang='lat' dir='ltr'><strong>bis,</strong></span> <span class='ocrx_word' id='word_1_729' title='bbox 526 5098 760 5166; x_wconf 83' lang='lat' dir='ltr'><strong>p0pulus</strong></span> <span class='ocrx_word' id='word_1_730' title='bbox 783 5099 969 5168; x_wconf 84' lang='lat' dir='ltr'><strong>luget:</strong></span> <span class='ocrx_word' id='word_1_731' title='bbox 999 5096 1129 5152; x_wconf 89' lang='lat' dir='ltr'><strong>Saul</strong></span> <span class='ocrx_word' id='word_1_732' title='bbox 1165 5112 1297 5152; x_wconf 83' lang='lat' dir='ltr'><strong>vero</strong></span> <span class='ocrx_word' id='word_1_733' title='bbox 1329 5095 1538 5166; x_wconf 86' lang='lat' dir='ltr'><strong>ingenti</strong></span> <span class='ocrx_word' id='word_1_734' title='bbox 1568 5095 1650 5149; x_wconf 91' lang='lat' dir='ltr'><strong>ira</strong></span> <span class='ocrx_word' id='word_1_735' title='bbox 1687 5094 1952 5163; x_wconf 88' lang='lat' dir='ltr'><strong>percitus,</strong></span> 
     </span>
    </p>
   </div>
   <div class='ocr_carea' id='block_1_100' title="bbox 387 5178 1955 5244">
    <p class='ocr_par' dir='ltr' id='par_1_100' title="bbox 387 5178 1955 5244">
     <span class='ocr_line' id='line_1_101' title="bbox 387 5178 1955 5244; baseline -0.002 -1"><span class='ocrx_word' id='word_1_736' title='bbox 387 5178 528 5243; x_wconf 73' lang='lat' dir='ltr'><strong>ducs</strong></span> <span class='ocrx_word' id='word_1_737' title='bbox 564 5189 734 5244; x_wconf 86' lang='lat' dir='ltr'><strong>boves</strong></span> <span class='ocrx_word' id='word_1_738' title='bbox 774 5189 1124 5244; x_wconf 86' lang='lat' dir='ltr'><strong>membratim</strong></span> <span class='ocrx_word' id='word_1_739' title='bbox 1168 5189 1418 5244; x_wconf 77' lang='lat' dir='ltr'><strong>concisos</strong></span> <span class='ocrx_word' id='word_1_740' title='bbox 1470 5188 1527 5242; x_wconf 92' lang='lat' dir='ltr'><strong>in</strong></span> <span class='ocrx_word' id='word_1_741' title='bbox 1576 5202 1767 5242; x_wconf 91' lang='lat' dir='ltr'><strong>omnes</strong></span> <span class='ocrx_word' id='word_1_742' title='bbox 1821 5187 1955 5240; x_wconf 84' lang='lat' dir='ltr'><strong>lines</strong></span> 
     </span>
    </p>
   </div>
   <div class='ocr_carea' id='block_1_101' title="bbox 388 5279 1957 5345">
    <p class='ocr_par' dir='ltr' id='par_1_101' title="bbox 388 5279 1957 5345">
     <span class='ocr_line' id='line_1_102' title="bbox 388 5279 1957 5345; baseline -0.002 -8"><span class='ocrx_word' id='word_1_743' title='bbox 388 5281 758 5337; x_wconf 87' lang='lat' dir='ltr'><strong>lsraelitarum</strong></span> <span class='ocrx_word' id='word_1_744' title='bbox 798 5281 986 5345; x_wconf 88' lang='lat' dir='ltr'><strong>mittit,</strong></span> <span class='ocrx_word' id='word_1_745' title='bbox 1033 5281 1420 5345; x_wconf 79' lang='lat' dir='ltr'><strong>comminatus,</strong></span> <span class='ocrx_word' id='word_1_746' title='bbox 1453 5280 1648 5336; x_wconf 88' lang='lat' dir='ltr'><strong>eodem</strong></span> <span class='ocrx_word' id='word_1_747' title='bbox 1700 5279 1864 5335; x_wconf 90' lang='lat' dir='ltr'><strong>modo</strong></span> <span class='ocrx_word' id='word_1_748' title='bbox 1896 5293 1957 5334; x_wconf 88' lang='lat' dir='ltr'><strong>se</strong></span> 
     </span>
    </p>
   </div>
   <div class='ocr_carea' id='block_1_102' title="bbox 388 5370 1958 5442">
    <p class='ocr_par' dir='ltr' id='par_1_102' title="bbox 388 5370 1958 5442">
     <span class='ocr_line' id='line_1_103' title="bbox 388 5370 1958 5442; baseline -0.005 -11"><span class='ocrx_word' id='word_1_749' title='bbox 388 5384 747 5431; x_wconf 86' lang='lat' dir='ltr'><strong>tractaturum</strong></span> <span class='ocrx_word' id='word_1_750' title='bbox 777 5389 893 5436; x_wconf 87' lang='lat' dir='ltr'><strong>eos,</strong></span> <span class='ocrx_word' id='word_1_751' title='bbox 922 5372 1017 5442; x_wconf 88' lang='lat' dir='ltr'><strong>qui</strong></span> <span class='ocrx_word' id='word_1_752' title='bbox 1063 5372 1129 5427; x_wconf 88' lang='lat' dir='ltr'><strong>ad</strong></span> <span class='ocrx_word' id='word_1_753' title='bbox 1165 5372 1566 5442; x_wconf 84' lang='lat' dir='ltr'><strong>propulsandus</strong></span> <span class='ocrx_word' id='word_1_754' title='bbox 1610 5370 1958 5425; x_wconf 83' lang='lat' dir='ltr'><strong>Ammanitas</strong></span> 
     </span>
    </p>
   </div>
   <div class='ocr_carea' id='block_1_103' title="bbox 391 5463 1955 5535">
    <p class='ocr_par' dir='ltr' id='par_1_103' title="bbox 391 5463 1955 5535">
     <span class='ocr_line' id='line_1_104' title="bbox 391 5463 1955 5535; baseline -0.003 -14"><span class='ocrx_word' id='word_1_755' title='bbox 391 5483 500 5521; x_wconf 91' lang='lat' dir='ltr'><strong>non</strong></span> <span class='ocrx_word' id='word_1_756' title='bbox 540 5468 818 5522; x_wconf 85' lang='lat' dir='ltr'><strong>adessent.</strong></span> <span class='ocrx_word' id='word_1_757' title='bbox 863 5466 1149 5520; x_wconf 83' lang='lat' dir='ltr'><strong>Coneursu</strong></span> <span class='ocrx_word' id='word_1_758' title='bbox 1188 5464 1373 5535; x_wconf 89' lang='lat' dir='ltr'><strong>populi</strong></span> <span class='ocrx_word' id='word_1_759' title='bbox 1410 5463 1572 5525; x_wconf 87' lang='lat' dir='ltr'><strong>iacto.</strong></span> <span class='ocrx_word' id='word_1_760' title='bbox 1613 5478 1955 5531; x_wconf 87' lang='lat' dir='ltr'><strong>numeroque</strong></span> 
     </span>
    </p>
   </div>
   <div class='ocr_carea' id='block_1_104' title="bbox 393 5555 1959 5625">
    <p class='ocr_par' dir='ltr' id='par_1_104' title="bbox 393 5555 1959 5625">
     <span class='ocr_line' id='line_1_105' title="bbox 393 5555 1959 5625; baseline -0.004 -14"><span class='ocrx_word' id='word_1_761' title='bbox 393 5558 551 5622; x_wconf 91' lang='lat' dir='ltr'><strong>inito,</strong></span> <span class='ocrx_word' id='word_1_762' title='bbox 584 5559 801 5613; x_wconf 79' lang='lat' dir='ltr'><strong>inventa</strong></span> <span class='ocrx_word' id='word_1_763' title='bbox 833 5566 962 5613; x_wconf 87' lang='lat' dir='ltr'><strong>sunt</strong></span> <span class='ocrx_word' id='word_1_764' title='bbox 990 5558 1233 5612; x_wconf 86' lang='lat' dir='ltr'><strong>virorum</strong></span> <span class='ocrx_word' id='word_1_765' title='bbox 1267 5556 1613 5625; x_wconf 83' lang='lat' dir='ltr'><strong>septingenta</strong></span> <span class='ocrx_word' id='word_1_766' title='bbox 1649 5555 1818 5609; x_wconf 88' lang='lat' dir='ltr'><strong>millia</strong></span> <span class='ocrx_word' id='word_1_767' title='bbox 1857 5570 1869 5605; x_wconf 89' lang='lat'><strong>:</strong></span> <span class='ocrx_word' id='word_1_768' title='bbox 1900 5562 1959 5607; x_wconf 89' lang='lat' dir='ltr'><strong>et</strong></span> 
     </span>
    </p>
   </div>
   <div class='ocr_carea' id='block_1_105' title="bbox 392 5647 1957 5721">
    <p class='ocr_par' dir='ltr' id='par_1_105' title="bbox 392 5647 1957 5721">
     <span class='ocr_line' id='line_1_106' title="bbox 392 5647 1957 5721; baseline -0.001 -18"><span class='ocrx_word' id='word_1_769' title='bbox 392 5649 521 5705; x_wconf 89' lang='lat' dir='ltr'><strong>Saul</strong></span> <span class='ocrx_word' id='word_1_770' title='bbox 567 5653 795 5707; x_wconf 89' lang='lat' dir='ltr'><strong>numine</strong></span> <span class='ocrx_word' id='word_1_771' title='bbox 839 5651 1052 5707; x_wconf 84' lang='lat' dir='ltr'><strong>amatus</strong></span> <span class='ocrx_word' id='word_1_772' title='bbox 1099 5649 1368 5721; x_wconf 71' lang='lat' dir='ltr'><strong>praedicit,</strong></span> <span class='ocrx_word' id='word_1_773' title='bbox 1412 5648 1639 5703; x_wconf 78' lang='lat' dir='ltr'><strong>labinos</strong></span> <span class='ocrx_word' id='word_1_774' title='bbox 1693 5647 1957 5713; x_wconf 84' lang='lat' dir='ltr'><strong>postridie</strong></span> 
     </span>
    </p>
   </div>
   <div class='ocr_carea' id='block_1_106' title="bbox 392 5737 1954 5814">
    <p class='ocr_par' dir='ltr' id='par_1_106' title="bbox 392 5737 1954 5814">
     <span class='ocr_line' id='line_1_107' title="bbox 392 5737 1954 5814; baseline -0.003 -20"><span class='ocrx_word' id='word_1_775' title='bbox 392 5744 510 5795; x_wconf 78' lang='lat' dir='ltr'><strong>fore</strong></span> <span class='ocrx_word' id='word_1_776' title='bbox 550 5745 749 5800; x_wconf 85' lang='lat' dir='ltr'><strong>salvos.</strong></span> <span class='ocrx_word' id='word_1_777' title='bbox 780 5745 1083 5814; x_wconf 83' lang='lat' dir='ltr'><strong>Totamque</strong></span> <span class='ocrx_word' id='word_1_778' title='bbox 1118 5752 1333 5797; x_wconf 90' lang='lat' dir='ltr'><strong>noctem</strong></span> <span class='ocrx_word' id='word_1_779' title='bbox 1372 5755 1497 5795; x_wconf 89' lang='lat' dir='ltr'><strong>cum</strong></span> <span class='ocrx_word' id='word_1_780' title='bbox 1529 5737 1776 5793; x_wconf 86' lang='lat' dir='ltr'><strong>exercitu</strong></span> <span class='ocrx_word' id='word_1_781' title='bbox 1830 5751 1954 5805; x_wconf 78' lang='lat' dir='ltr'><strong>pro-</strong></span> 
     </span>
    </p>
   </div>
   <div class='ocr_carea' id='block_1_107' title="bbox 391 5828 1954 5894">
    <p class='ocr_par' dir='ltr' id='par_1_107' title="bbox 391 5828 1954 5894">
     <span class='ocr_line' id='line_1_108' title="bbox 391 5828 1954 5894; baseline -0.004 -9"><span class='ocrx_word' id='word_1_782' title='bbox 391 5832 590 5890; x_wconf 77' lang='lat' dir='ltr'><strong>fectus.</strong></span> <span class='ocrx_word' id='word_1_783' title='bbox 619 5833 763 5887; x_wconf 82' lang='lat' dir='ltr'><strong>circa</strong></span> <span class='ocrx_word' id='word_1_784' title='bbox 809 5835 1035 5893; x_wconf 77' lang='lat' dir='ltr'><strong>primam</strong></span> <span class='ocrx_word' id='word_1_785' title='bbox 1065 5832 1305 5894; x_wconf 62' lang='lat' dir='ltr'><strong>vigiliam</strong></span> <span class='ocrx_word' id='word_1_786' title='bbox 1353 5831 1418 5885; x_wconf 85' lang='lat' dir='ltr'><strong>ad</strong></span> <span class='ocrx_word' id='word_1_787' title='bbox 1451 5828 1792 5884; x_wconf 78' lang='lat' dir='ltr'><strong>Ammanitas</strong></span> <span class='ocrx_word' id='word_1_788' title='bbox 1825 5842 1954 5888; x_wconf 78' lang='lat' dir='ltr'><strong>pcr-</strong></span> 
     </span>
    </p>
   </div>
   <div class='ocr_carea' id='block_1_108' title="bbox 2056 4622 3630 4698">
    <p class='ocr_par' dir='ltr' id='par_1_108' title="bbox 2056 4622 3630 4698">
     <span class='ocr_line' id='line_1_109' title="bbox 2056 4622 3630 4698; baseline -0.003 -18"><span class='ocrx_word' id='word_1_789' title='bbox 2056 4626 2398 4698; x_wconf 82' lang='grc' dir='ltr'>ὑπερωμίας,</span> <span class='ocrx_word' id='word_1_790' title='bbox 2434 4628 2528 4681; x_wconf 72' lang='grc' dir='ltr'>καὶ</span> <span class='ocrx_word' id='word_1_791' title='bbox 2566 4627 2783 4680; x_wconf 83' lang='grc' dir='ltr'>πάντων</span> <span class='ocrx_word' id='word_1_792' title='bbox 2820 4625 3109 4696; x_wconf 80' lang='grc' dir='ltr'>ὑπερέχων</span> <span class='ocrx_word' id='word_1_793' title='bbox 3164 4626 3306 4678; x_wconf 78' lang='grc' dir='ltr'>κατὰ</span> <span class='ocrx_word' id='word_1_794' title='bbox 3354 4623 3453 4695; x_wconf 88' lang='grc' dir='ltr'><strong>τὴν</strong></span> <span class='ocrx_word' id='word_1_795' title='bbox 3507 4622 3630 4694; x_wconf 78' lang='grc' dir='ltr'>ήλιο</span> 
     </span>
    </p>
   </div>
   <div class='ocr_carea' id='block_1_109' title="bbox 2056 4715 3632 4788">
    <p class='ocr_par' dir='ltr' id='par_1_109' title="bbox 2056 4715 3632 4788">
     <span class='ocr_line' id='line_1_110' title="bbox 2056 4715 3632 4788; baseline -0.002 -16"><span class='ocrx_word' id='word_1_796' title='bbox 2056 4719 2182 4773; x_wconf 87' lang='grc' dir='ltr'>κίαν</span> <span class='ocrx_word' id='word_1_797' title='bbox 2211 4716 2310 4771; x_wconf 78' lang='grc' dir='ltr'><strong>τοῦ</strong></span> <span class='ocrx_word' id='word_1_798' title='bbox 2337 4717 2616 4788; x_wconf 84' lang='grc' dir='ltr'>σώματος.</span> <span class='ocrx_word' id='word_1_799' title='bbox 2665 4718 2777 4770; x_wconf 74' lang='grc' dir='ltr'><strong>Καὶ</strong></span> <span class='ocrx_word' id='word_1_800' title='bbox 2828 4717 2968 4788; x_wconf 83' lang='grc' dir='ltr'>πρὸς</span> <span class='ocrx_word' id='word_1_801' title='bbox 2996 4717 3056 4770; x_wconf 84' lang='grc' dir='ltr'>τδ</span> <span class='ocrx_word' id='word_1_802' title='bbox 3097 4715 3302 4785; x_wconf 80' lang='grc' dir='ltr'>πλῆθος</span> <span class='ocrx_word' id='word_1_803' title='bbox 3351 4715 3555 4786; x_wconf 76' lang='grc' dir='ltr'>ἔφησεν</span> <span class='ocrx_word' id='word_1_804' title='bbox 3600 4717 3632 4769; x_wconf 88' lang='lat'><strong>6</strong></span> 
     </span>
    </p>
   </div>
   <div class='ocr_carea' id='block_1_110' title="bbox 2055 4795 3630 4878">
    <p class='ocr_par' dir='ltr' id='par_1_110' title="bbox 2055 4795 3630 4878">
     <span class='ocr_line' id='line_1_111' title="bbox 2055 4795 3630 4878; baseline -0.001 -17"><span class='ocrx_word' id='word_1_805' title='bbox 2055 4795 2363 4878; x_wconf 63' lang='grc' dir='ltr'>προφήέης,</span> <span class='ocrx_word' id='word_1_806' title='bbox 2407 4808 2631 4863; x_wconf 82' lang='grc' dir='ltr'><em>Τοῦτον</em></span> <span class='ocrx_word' id='word_1_807' title='bbox 2674 4809 2921 4875; x_wconf 76' lang='grc' dir='ltr'>ἔχρισεν</span> <span class='ocrx_word' id='word_1_808' title='bbox 2952 4806 3096 4875; x_wconf 82' lang='grc' dir='ltr'>ὑμῖν</span> <span class='ocrx_word' id='word_1_809' title='bbox 3147 4809 3236 4872; x_wconf 79' lang='grc' dir='ltr'><strong>είς</strong></span> <span class='ocrx_word' id='word_1_810' title='bbox 3276 4807 3547 4870; x_wconf 70' lang='grc' dir='ltr'><strong>,βασιλέα</strong></span> <span class='ocrx_word' id='word_1_811' title='bbox 3594 4808 3630 4860; x_wconf 81' lang='grc' dir='ltr'><em>ὁ</em></span> 
     </span>
    </p>
   </div>
   <div class='ocr_carea' id='block_1_111' title="bbox 2055 4893 3629 4969">
    <p class='ocr_par' dir='ltr' id='par_1_111' title="bbox 2055 4893 3629 4969">
     <span class='ocr_line' id='line_1_112' title="bbox 2055 4893 3629 4969; baseline -0.006 -13"><span class='ocrx_word' id='word_1_812' title='bbox 2055 4901 2289 4969; x_wconf 81' lang='grc' dir='ltr'>Κύριος,</span> <span class='ocrx_word' id='word_1_813' title='bbox 2316 4893 2365 4966; x_wconf 81' lang='grc' dir='ltr'>ᾧ</span> <span class='ocrx_word' id='word_1_814' title='bbox 2397 4900 2508 4952; x_wconf 78' lang='grc' dir='ltr'><strong>οὐκ</strong></span> <span class='ocrx_word' id='word_1_815' title='bbox 2535 4898 2709 4952; x_wconf 72' lang='grc' dir='ltr'>ἔστιν</span> <span class='ocrx_word' id='word_1_816' title='bbox 2745 4896 2948 4966; x_wconf 83' lang='grc' dir='ltr'>ὅμοιος</span> <span class='ocrx_word' id='word_1_817' title='bbox 2974 4897 3045 4948; x_wconf 85' lang='grc' dir='ltr'><strong>ἐν</strong></span> <span class='ocrx_word' id='word_1_818' title='bbox 3066 4895 3252 4950; x_wconf 81' lang='grc' dir='ltr'>πᾶσιν</span> <span class='ocrx_word' id='word_1_819' title='bbox 3284 4895 3429 4964; x_wconf 80' lang='grc' dir='ltr'>ὑμῖν</span> <span class='ocrx_word' id='word_1_820' title='bbox 3450 4912 3464 4926; x_wconf 89' lang='grc'><strong>·</strong></span> <span class='ocrx_word' id='word_1_821' title='bbox 3509 4897 3539 4947; x_wconf 91' lang='lat'><strong>6</strong></span> <span class='ocrx_word' id='word_1_822' title='bbox 3568 4895 3629 4947; x_wconf 71' lang='grc' dir='ltr'><strong>δὲ</strong></span> 
     </span>
    </p>
   </div>
   <div class='ocr_carea' id='block_1_112' title="bbox 2056 4985 3624 5061">
    <p class='ocr_par' dir='ltr' id='par_1_112' title="bbox 2056 4985 3624 5061">
     <span class='ocr_line' id='line_1_113' title="bbox 2056 4985 3624 5061; baseline -0.003 -17"><span class='ocrx_word' id='word_1_823' title='bbox 2056 4991 2185 5054; x_wconf 80' lang='grc' dir='ltr'>λαὸς</span> <span class='ocrx_word' id='word_1_824' title='bbox 2212 4990 2596 5061; x_wconf 74' lang='grc' dir='ltr'>ἐπευφήμησε,</span> <span class='ocrx_word' id='word_1_825' title='bbox 2649 4990 2746 5043; x_wconf 77' lang='grc' dir='ltr'><strong>καὶ</strong></span> <span class='ocrx_word' id='word_1_826' title='bbox 2799 4988 2974 5042; x_wconf 70' lang='grc' dir='ltr'>εἶπεν·</span> <span class='ocrx_word' id='word_1_827' title='bbox 3021 4986 3188 5053; x_wconf 84' lang='grc' dir='ltr'>Ζήτω</span> <span class='ocrx_word' id='word_1_828' title='bbox 3244 4985 3624 5051; x_wconf 68' lang='grc' dir='ltr'><strong>όβασιλεύς.</strong></span> 
     </span>
    </p>
   </div>
   <div class='ocr_carea' id='block_1_113' title="bbox 2058 5079 3632 5152">
    <p class='ocr_par' dir='ltr' id='par_1_113' title="bbox 2058 5079 3632 5152">
     <span class='ocr_line' id='line_1_114' title="bbox 2058 5079 3632 5152; baseline -0.005 -14"><span class='ocrx_word' id='word_1_829' title='bbox 2058 5082 2216 5138; x_wconf 78' lang='grc' dir='ltr'>Οὕτω</span> <span class='ocrx_word' id='word_1_830' title='bbox 2233 5083 2291 5136; x_wconf 75' lang='grc' dir='ltr'><strong>δὲ</strong></span> <span class='ocrx_word' id='word_1_831' title='bbox 2319 5082 2398 5152; x_wconf 76' lang='grc' dir='ltr'>τῷ</span> <span class='ocrx_word' id='word_1_832' title='bbox 2426 5081 2601 5136; x_wconf 79' lang='grc' dir='ltr'>Σαοὺλ</span> <span class='ocrx_word' id='word_1_833' title='bbox 2628 5080 3028 5151; x_wconf 83' lang='grc' dir='ltr'>βασιλεύσαντι,</span> <span class='ocrx_word' id='word_1_834' title='bbox 3058 5079 3244 5132; x_wconf 75' lang='grc' dir='ltr'>πολλοὶ</span> <span class='ocrx_word' id='word_1_835' title='bbox 3274 5080 3376 5149; x_wconf 80' lang='grc' dir='ltr'><strong>μὲν</strong></span> <span class='ocrx_word' id='word_1_836' title='bbox 3403 5082 3632 5147; x_wconf 78' lang='grc' dir='ltr'>προσεῖ-</span> 
     </span>
    </p>
   </div>
   <div class='ocr_carea' id='block_1_114' title="bbox 2057 5171 3625 5247">
    <p class='ocr_par' dir='ltr' id='par_1_114' title="bbox 2057 5171 3625 5247">
     <span class='ocr_line' id='line_1_115' title="bbox 2057 5171 3625 5247; baseline -0.004 -17"><span class='ocrx_word' id='word_1_837' title='bbox 2057 5193 2152 5247; x_wconf 85' lang='grc' dir='ltr'><strong>χον</strong></span> <span class='ocrx_word' id='word_1_838' title='bbox 2177 5176 2253 5239; x_wconf 86' lang='grc' dir='ltr'>ὡς</span> <span class='ocrx_word' id='word_1_839' title='bbox 2292 5175 2522 5244; x_wconf 80' lang='grc' dir='ltr'>βασιλεῖ,</span> <span class='ocrx_word' id='word_1_840' title='bbox 2547 5175 2642 5228; x_wconf 77' lang='grc' dir='ltr'>καὶ</span> <span class='ocrx_word' id='word_1_841' title='bbox 2668 5174 2808 5227; x_wconf 81' lang='grc' dir='ltr'>κατὰ</span> <span class='ocrx_word' id='word_1_842' title='bbox 2833 5174 2893 5225; x_wconf 84' lang='grc' dir='ltr'>τὸ</span> <span class='ocrx_word' id='word_1_843' title='bbox 2913 5173 3192 5244; x_wconf 83' lang='grc' dir='ltr'>προσῆκον</span> <span class='ocrx_word' id='word_1_844' title='bbox 3213 5172 3414 5240; x_wconf 76' lang='grc' dir='ltr'>ἐτίμων</span> <span class='ocrx_word' id='word_1_845' title='bbox 3434 5171 3625 5235; x_wconf 71' lang='grc' dir='ltr'>αὐτὸν,</span> 
     </span>
    </p>
   </div>
   <div class='ocr_carea' id='block_1_115' title="bbox 2059 5260 3629 5335">
    <p class='ocr_par' dir='ltr' id='par_1_115' title="bbox 2059 5260 3629 5335">
     <span class='ocr_line' id='line_1_116' title="bbox 2059 5260 3629 5335; baseline -0.006 -13"><span class='ocrx_word' id='word_1_846' title='bbox 2059 5269 2245 5322; x_wconf 69' lang='grc' dir='ltr'>πολλοὶ</span> <span class='ocrx_word' id='word_1_847' title='bbox 2275 5268 2331 5320; x_wconf 75' lang='grc' dir='ltr'><strong>δὲ</strong></span> <span class='ocrx_word' id='word_1_848' title='bbox 2374 5265 2742 5335; x_wconf 85' lang='grc' dir='ltr'>κατεφρόνουν</span> <span class='ocrx_word' id='word_1_849' title='bbox 2771 5281 2829 5316; x_wconf 89' lang='grc' dir='ltr'><strong>τε</strong></span> <span class='ocrx_word' id='word_1_850' title='bbox 2878 5268 2975 5316; x_wconf 76' lang='grc' dir='ltr'>καὶ</span> <span class='ocrx_word' id='word_1_851' title='bbox 3010 5261 3325 5332; x_wconf 74' lang='grc' dir='ltr'>ἐχλεύαζον.</span> <span class='ocrx_word' id='word_1_852' title='bbox 3375 5260 3532 5315; x_wconf 69' lang='grc' dir='ltr'>Μετὰ</span> <span class='ocrx_word' id='word_1_853' title='bbox 3565 5260 3629 5312; x_wconf 74' lang='grc' dir='ltr'><strong>δὲ</strong></span> 
     </span>
    </p>
   </div>
   <div class='ocr_carea' id='block_1_116' title="bbox 2061 5352 3630 5438">
    <p class='ocr_par' dir='ltr' id='par_1_116' title="bbox 2061 5352 3630 5438">
     <span class='ocr_line' id='line_1_117' title="bbox 2061 5352 3630 5438; baseline -0.005 -24"><span class='ocrx_word' id='word_1_854' title='bbox 2061 5362 2227 5433; x_wconf 84' lang='grc' dir='ltr'>μῆνα,</span> <span class='ocrx_word' id='word_1_855' title='bbox 2260 5359 2411 5422; x_wconf 79' lang='grc' dir='ltr'>Νάας</span> <span class='ocrx_word' id='word_1_856' title='bbox 2441 5361 2469 5411; x_wconf 95' lang='lat'><strong>6</strong></span> <span class='ocrx_word' id='word_1_857' title='bbox 2498 5358 2608 5410; x_wconf 86' lang='grc' dir='ltr'>τῶν</span> <span class='ocrx_word' id='word_1_858' title='bbox 2646 5356 3003 5425; x_wconf 78' lang='grc' dir='ltr'>Ἀμμανιτῶν</span> <span class='ocrx_word' id='word_1_859' title='bbox 3036 5355 3309 5438; x_wconf 58' lang='grc' dir='ltr'>βασιλεὺς,</span> <span class='ocrx_word' id='word_1_860' title='bbox 3337 5352 3630 5421; x_wconf 80' lang='grc' dir='ltr'>στρατεύει</span> 
     </span>
    </p>
   </div>
   <div class='ocr_carea' id='block_1_117' title="bbox 2057 5444 3631 5518">
    <p class='ocr_par' dir='ltr' id='par_1_117' title="bbox 2057 5444 3631 5518">
     <span class='ocr_line' id='line_1_118' title="bbox 2057 5444 3631 5518; baseline -0.005 -12"><span class='ocrx_word' id='word_1_861' title='bbox 2057 5454 2149 5506; x_wconf 73' lang='grc' dir='ltr'><strong>ἐπὶ</strong></span> <span class='ocrx_word' id='word_1_862' title='bbox 2179 5452 2373 5514; x_wconf 76' lang='grc' dir='ltr'>’ίαϐεὶς</span> <span class='ocrx_word' id='word_1_863' title='bbox 2398 5450 2630 5512; x_wconf 77' lang='grc' dir='ltr'>Γαλαὰδ,</span> <span class='ocrx_word' id='word_1_864' title='bbox 2667 5447 2741 5518; x_wconf 86' lang='grc' dir='ltr'><strong>μὴ</strong></span> <span class='ocrx_word' id='word_1_865' title='bbox 2769 5449 2946 5510; x_wconf 75' lang='grc' dir='ltr'>ἄλλως</span> <span class='ocrx_word' id='word_1_866' title='bbox 2979 5447 3157 5513; x_wconf 79' lang='grc' dir='ltr'>λέγων</span> <span class='ocrx_word' id='word_1_867' title='bbox 3193 5444 3487 5513; x_wconf 66' lang='grc' dir='ltr'>φείσασθαι</span> <span class='ocrx_word' id='word_1_868' title='bbox 3516 5445 3631 5498; x_wconf 80' lang='grc' dir='ltr'>τῶν</span> 
     </span>
    </p>
   </div>
   <div class='ocr_carea' id='block_1_118' title="bbox 2058 5538 3633 5616">
    <p class='ocr_par' dir='ltr' id='par_1_118' title="bbox 2058 5538 3633 5616">
     <span class='ocr_line' id='line_1_119' title="bbox 2058 5538 3633 5616; baseline -0.004 -17"><span class='ocrx_word' id='word_1_869' title='bbox 2058 5547 2288 5616; x_wconf 81' lang='grc' dir='ltr'>ἀνδρῶν,</span> <span class='ocrx_word' id='word_1_870' title='bbox 2337 5545 2388 5596; x_wconf 86' lang='grc' dir='ltr'><strong>εί</strong></span> <span class='ocrx_word' id='word_1_871' title='bbox 2436 5543 2510 5612; x_wconf 80' lang='grc' dir='ltr'><strong>μὴ</strong></span> <span class='ocrx_word' id='word_1_872' title='bbox 2556 5542 2721 5595; x_wconf 82' lang='grc' dir='ltr'>δῶσιν</span> <span class='ocrx_word' id='word_1_873' title='bbox 2778 5541 2929 5608; x_wconf 84' lang='grc' dir='ltr'><strong>αὑτῷ</strong></span> <span class='ocrx_word' id='word_1_874' title='bbox 2988 5539 3081 5592; x_wconf 76' lang='grc' dir='ltr'><strong>τὸν</strong></span> <span class='ocrx_word' id='word_1_875' title='bbox 3129 5538 3365 5592; x_wconf 74' lang='grc' dir='ltr'><strong>ἑκάστου</strong></span> <span class='ocrx_word' id='word_1_876' title='bbox 3421 5538 3633 5603; x_wconf 77' lang='grc' dir='ltr'>ἐξελεῖν</span> 
     </span>
    </p>
   </div>
   <div class='ocr_carea' id='block_1_119' title="bbox 2058 5630 3633 5703">
    <p class='ocr_par' dir='ltr' id='par_1_119' title="bbox 2058 5630 3633 5703">
     <span class='ocr_line' id='line_1_120' title="bbox 2058 5630 3633 5703; baseline -0.004 -13"><span class='ocrx_word' id='word_1_877' title='bbox 2058 5638 2229 5703; x_wconf 80' lang='grc' dir='ltr'>δεξιὸν</span> <span class='ocrx_word' id='word_1_878' title='bbox 2286 5634 2584 5703; x_wconf 75' lang='grc' dir='ltr'>ὀφθαλμόν.</span> <span class='ocrx_word' id='word_1_879' title='bbox 2645 5634 2708 5686; x_wconf 85' lang='grc' dir='ltr'>Οί</span> <span class='ocrx_word' id='word_1_880' title='bbox 2758 5631 2817 5684; x_wconf 74' lang='grc' dir='ltr'>δὲ</span> <span class='ocrx_word' id='word_1_881' title='bbox 2879 5633 3079 5701; x_wconf 77' lang='grc' dir='ltr'>ἀνοχὴν</span> <span class='ocrx_word' id='word_1_882' title='bbox 3140 5630 3414 5701; x_wconf 77' lang='grc' dir='ltr'>ἐζήτησαν</span> <span class='ocrx_word' id='word_1_883' title='bbox 3483 5630 3633 5683; x_wconf 72' lang='grc' dir='ltr'>ἑπτὰ</span> 
     </span>
    </p>
   </div>
   <div class='ocr_carea' id='block_1_120' title="bbox 2059 5721 3632 5799">
    <p class='ocr_par' dir='ltr' id='par_1_120' title="bbox 2059 5721 3632 5799">
     <span class='ocr_line' id='line_1_121' title="bbox 2059 5721 3632 5799; baseline -0.005 -18"><span class='ocrx_word' id='word_1_884' title='bbox 2059 5727 2281 5799; x_wconf 84' lang='grc' dir='ltr'>ήμερῶν</span> <span class='ocrx_word' id='word_1_885' title='bbox 2306 5741 2321 5756; x_wconf 81' lang='lat'>&#39;</span> <span class='ocrx_word' id='word_1_886' title='bbox 2371 5726 2465 5778; x_wconf 76' lang='grc' dir='ltr'>καὶ</span> <span class='ocrx_word' id='word_1_887' title='bbox 2525 5723 2818 5787; x_wconf 79' lang='grc' dir='ltr'>λαϐόντες,</span> <span class='ocrx_word' id='word_1_888' title='bbox 2853 5723 3162 5792; x_wconf 82' lang='grc' dir='ltr'>πέμπουσιν</span> <span class='ocrx_word' id='word_1_889' title='bbox 3219 5721 3487 5790; x_wconf 82' lang='grc' dir='ltr'><strong>ἀγγέλους</strong></span> <span class='ocrx_word' id='word_1_890' title='bbox 3544 5722 3632 5784; x_wconf 76' lang='grc' dir='ltr'><strong>είς</strong></span> 
     </span>
    </p>
   </div>
   <div class='ocr_carea' id='block_1_121' title="bbox 2062 5809 3627 5883">
    <p class='ocr_par' dir='ltr' id='par_1_121' title="bbox 2062 5809 3627 5883">
     <span class='ocr_line' id='line_1_122' title="bbox 2062 5809 3627 5883; baseline -0.008 -6"><span class='ocrx_word' id='word_1_891' title='bbox 2062 5819 2297 5877; x_wconf 70' lang='grc' dir='ltr'>Γαλαάδ.</span> <span class='ocrx_word' id='word_1_892' title='bbox 2329 5818 2439 5871; x_wconf 72' lang='grc' dir='ltr'><strong>Καὶ</strong></span> <span class='ocrx_word' id='word_1_893' title='bbox 2484 5814 2818 5880; x_wconf 79' lang='grc' dir='ltr'>ἀκούσαντες</span> <span class='ocrx_word' id='word_1_894' title='bbox 2861 5816 2912 5869; x_wconf 86' lang='lat' dir='ltr'><strong>ol</strong></span> <span class='ocrx_word' id='word_1_895' title='bbox 2946 5816 3061 5869; x_wconf 65' lang='grc' dir='ltr'><strong>ζεκεῖ</strong></span> <span class='ocrx_word' id='word_1_896' title='bbox 3108 5816 3235 5876; x_wconf 80' lang='grc' dir='ltr'>τοὺς</span> <span class='ocrx_word' id='word_1_897' title='bbox 3285 5813 3479 5883; x_wconf 86' lang='grc' dir='ltr'>λόγους</span> <span class='ocrx_word' id='word_1_898' title='bbox 3526 5809 3627 5866; x_wconf 71' lang='grc' dir='ltr'><strong>τοῦ</strong></span> 
     </span>
    </p>
   </div>
  </div>
