3958 6204
314 227 414 288 ΙΞΒ

1588 224 2001 287 ANNALIUM
2042 222 2194 295 LIB.
2242 221 2291 282 Ι.

319 339 694 411 ’Δμμανετου.
747 324 1079 412 ἐθρήνησαν.
1147 342 1206 395 Ὀ
1269 344 1327 396 δὲ
1384 344 1557 398 Σαοίιλ
1616 341 1870 412 ἐθυμῶθη

1980 334 2132 389 venit
2162 351 2176 387 :
2212 348 2277 388 ac
2312 332 2582 387 trifariam
2630 332 2824 388 divisis
2861 334 3062 403 capiis,
3099 334 3287 391 hostes
3313 335 3555 392 circum-

310 430 550 500 σφόδριν
588 431 681 485 καὶ
709 430 892 483 λαϐὼν
920 432 1013 484 δύο
1043 432 1193 501 βόας,
1226 433 1478 501 ἐμέλισεν
1525 435 1746 499 αὐτοὺς,
1790 434 1884 487 καὶ

305 521 626 574 ἀπέστειλεν
676 523 755 584 είς
807 522 918 574 πᾶν
954 522 1104 592 ὃριον
1165 522 1402 593 Ἰσραὴλ,
1448 523 1688 576 ἀπειλῶν
1741 521 1883 575 οὕτω

305 611 491 681 θήσειν
513 612 640 673 τοὺς
666 613 741 680 μὴ
770 612 913 665 κατά
936 611 1049 664 τῶν
1076 612 1430 682 Ἀμμανιτῶν
1455 609 1882 681 συνεκστρατεύ-

306 718 508 764 σαντας
537 701 710 772 αύτῷ.
734 703 1143 773 Συνδραμόντος
1170 703 1230 756 δὲ
1261 705 1354 757 τοῦ
1380 704 1533 769 λαοῦ,
1572 704 1882 774 ἠρίθμησεν

306 794 522 855 αὐτοὺς,
552 795 650 849 καὶ
683 788 809 863 εὗρε
845 794 1115 864 μυριάδας
1158 794 1557 865 ἐϐδομήκοντα.
1606 796 1718 849 Καὶ
1746 797 1882 866 trp!)-

303 885 434 938 λατο
473 886 696 956 πνεῦμα
727 887 933 957 Κυρίου
968 889 1061 940 ἐπὶ
1093 887 1288 951 Σαοὺλ,
1320 888 1415 940 καὶ
1441 888 1878 958 προεφήτευσεν,

302 975 474 1028 εἰπὼν
507 975 583 1038 ὣς
609 975 802 1047 αὔριον
830 979 985 1030 ἔσται
1014 980 1128 1041 τοῖς
1171 979 1431 1050 ἀνδράσιν
1475 978 1666 1042 Ἰαὸεὶς
1702 996 1879 1049 σωτη-

306 1069 413 1138 ρία.
466 1070 578 1122 Καὶ
629 1069 871 1132 ἀναστὰς
917 1069 1188 1137 ἐπορεύθη
1235 1070 1397 1133 αὐτός
1447 1086 1506 1123 τε
1564 1074 1657 1123 καὶ
1696 1071 1724 1122 ὁ
1750 1068 1880 1133 λαὸς

302 1157 366 1209 δι’
405 1157 538 1225 ὅλης
573 1157 675 1226 τῆς
700 1159 918 1220 νυκτός.
951 1160 1058 1211 Καὶ
1090 1160 1218 1228 περὶ
1250 1159 1349 1229 τὴν
1369 1155 1596 1228 πρώτην
1623 1157 1874 1226 φυλακὴν

298 1246 501 1316 ἐπῆλθε
569 1250 685 1311 τοῖς
757 1248 1159 1315 Ἀμμανίταις,
1222 1251 1384 1319 τριχῇ
1445 1249 1507 1301 τὸ
1559 1250 1877 1319 στράτευμα

296 1337 508 1393 διελὼν.
564 1340 675 1392 Καὶ
731 1341 1158 1409 κυκλωσάμενος
1217 1339 1437 1404 αὐτοὺς,
1499 1338 1728 1402 πολλοὺς
1777 1338 1876 1408 μὲν

296 1430 617 1492 ἀπέκτεινε,
659 1431 753 1482 καὶ
785 1430 952 1483 αὐτὸν
993 1431 1085 1482 τὸν
1137 1427 1364 1499 βασιλέα
1402 1429 1555 1492 Νάας
1583 1447 1597 1463 ν
1645 1430 1773 1491 τοὺς
1818 1429 1876 1481 δὲ

297 1520 740 1591 περισωθέντας,
777 1520 1045 1590 ἐτρέψατο
1075 1523 1151 1583 είς
1168 1521 1368 1591 φυγὴν,
1402 1521 1498 1574 καὶ
1524 1521 1605 1584 εἰς
1632 1521 1732 1590 τὴν
1766 1518 1872 1590 χώ-

294 1624 396 1677 ραν
445 1609 634 1662 αὐτῶν
682 1608 962 1679 ἐμϐαλὼν,
1017 1611 1113 1662 καί⁵
1169 1609 1431 1680 τλείστην
1462 1609 1611 1664 λείαν
1667 1609 1871 1676 λαϐὼν,

1984 427 2099 491 dat,
2155 425 2359 479 multos
2401 424 2585 489 cazdit,
2628 423 2922 493 ipsumque
2956 438 3138 494 regem
3173 426 3363 484 Naam.
3404 430 3557 491 Reli-
3607 472 3616 479 .

1950 530 2125 585 .quos
2171 513 2375 578 fundit,
2427 524 2484 568 et
2517 514 2877 584 impressione
2928 517 2982 569 in
3033 531 3223 571 eorum
3277 521 3556 588 regionem

1981 596 2148 667 facta,
2182 604 2478 673 Opimaque
2504 603 2684 671 praeda
2716 611 2871 672 parta
2893 643 2907 667 ,
2941 602 3172 659 illustris
3217 607 3439 661 domum
3472 624 3559 662 re-

1981 696 2241 759 vertitur,
2287 710 2467 765 neque
2500 696 2613 765 jam
2657 694 2997 763 contemptui
3030 695 3306 757 habetur.
3344 697 3438 755 sed
3486 698 3559 753 ob

1979 785 2365 841 fortitudinem
2393 787 2724 851 celebratur,
2752 794 2801 840 et
2830 786 3132 840 honoratur
3157 786 3226 839 ab
3251 786 3320 840 iis
3369 789 3556 850 etiam.

1982 892 2013 930 α
2061 878 2266 947 quibus
2310 877 2518 932 dudum
2560 876 2934 931 subsannatus
2979 877 3175 930 fuerat.
3227 879 3412 947 Itaque
3458 880 3558 934 Sa-

1986 972 2133 1024 muel
2195 986 2391 1026 rursus
2435 980 2769 1042 congregato
2824 971 3066 1040 populo,
3102 971 3320 1026 Saulem
3374 972 3559 1027 denuo

1981 1077 2170 1132 regem
2200 1064 2526 1133 proclamat,
2577 1064 2778 1119 iterum
2821 1063 3110 1117 inunctum
3150 1064 3294 1118 oleo.
3327 1064 3417 1118 Sic
3455 1065 3562 1118 Ile-

1977 1152 2251 1208 braeorum
2291 1157 2603 1226 respublica
2632 1171 2700 1211 ex
2729 1157 3054 1225 optimatum
3103 1155 3338 1224 imperio
3367 1156 3421 1210 in
3474 1173 3562 1210 re-

1977 1261 2144 1316 gnum
2179 1257 2265 1300 est
2295 1256 2503 1301 mutata
2536 1263 2550 1300 :
2577 1264 2703 1302 nam
2735 1248 2838 1303 sub
2867 1248 3017 1303 Mose
3048 1257 3103 1301 et
3136 1248 3265 1302 .lcsu
3290 1250 3560 1316 parebant

1976 1337 2362 1405 optimatibus,
2399 1349 2541 1407 post.
2575 1356 2674 1409 per
2699 1355 2875 1393 annos
2903 1339 3214 1393 octodecim
3239 1340 3558 1411 magistratu

1977 1436 2322 1493 caruerunt;
2366 1430 2567 1484 deinde
2610 1430 2716 1485 sub
2747 1431 2818 1485 iis
2848 1430 3023 1494 luere,
3065 1431 3159 1498 qui
3189 1431 3416 1489 Iudices
3459 1446 3558 1485 vo-

1975 1518 2282 1585 cabantur,
2328 1520 2665 1591 judiciorum
2716 1533 2772 1575 et
2821 1536 3005 1576 rerum
3051 1522 3302 1576 omnium
3341 1537 3557 1576 summa

1980 1612 2072 1665 uni
2110 1626 2177 1666 ex
2210 1611 2437 1682 optimis
2465 1611 2759 1680 permissa.

292 1699 561 1770 λαμπρῶς
618 1702 1006 1769 ἐπανέζευξεν.
1051 1704 1255 1758 Οὐκέτι
1307 1703 1441 1773 γοῦν
1485 1703 1665 1773 ἠδόξει
1710 1705 1863 1775 παρά
1900 1721 2066 1771 τισιν,
2134 1704 2251 1758 ἀλλ’
2300 1705 2388 1758 ἐπ’
2442 1706 2665 1776 ἀνδρείᾳ
2747 1703 3091 1772 διασεὸόητο,
3147 1706 3242 1759 καὶ
3293 1705 3558 1776 τετίμητο

290 1793 386 1845 καὶ
420 1796 534 1856 τοῖς
583 1794 779 1864 πρώην
838 1795 1001 1847 αὑτὸν
1054 1794 1400 1865 χλευάζουσι.
1459 1793 1793 1863 Συναγαγὼν
1825 1794 1883 1847 δὲ
1920 1780 2079 1858 αὖθις
2104 1795 2131 1847 ὁ
2154 1794 2407 1866 Σαμουὴλ
2435 1794 2528 1848 τὸν
2555 1794 2703 1860 λαὸν,
2727 1795 2809 1858 δὶς
2838 1793 3163 1863 ἀναγορεύει
3224 1794 3318 1846 τὸν
3382 1794 3556 1849 Σαοῦλ

290 1886 520 1957 βασιλέα
571 1889 768 1959 χρίσας
802 1889 882 1958 τῷ
919 1887 1085 1960 ἐλαίῳ
1123 1891 1219 1943 καὶ
1256 1890 1422 1944 πάλιν
1459 1891 1644 1945 αὐτόν.
1708 1890 2027 1945 Μετέπεσεν
2088 1890 2190 1944 οὖν
2246 1893 2280 1963 ἡ
2343 1893 2454 1946 τῶν
2490 1890 2758 1962 Ἐϐραίων
2791 1890 3037 1944 πολιτεία
3076 1892 3157 1955 είς
3190 1889 3468 1960 βασιλείαν
3496 1892 3556 1958 ἐξ

291 1983 748 2053 ἀριστοκρατείας
781 1998 797 2014 ο
854 1984 949 2037 ἐπὶ
1009 1984 1119 2056 γάρ
1171 1985 1454 2047 Μωῦσὲως
1512 1986 1608 2039 καὶ
1681 1984 1859 2054 Ἰησοῦ
1896 1986 2454 2056 ἀριστοκρατούμενοι
2509 1982 2651 2057 ἦσαν
2676 2001 2690 2017 ·

2776 1981 2897 2039 εἶτα
2952 1984 3042 2039 ἐπ’
3072 1985 3168 2055 ἐτη
3252 1986 3385 2039 δέκα
3455 1987 3553 2039 καὶ

284 2074 453 2140 ὀκτὼ,
485 2078 719 2147 ἀναρχοι
755 2074 1066 2128 διετέλεσαν
1087 2091 1102 2106 ·
1156 2076 1439 2131 είσέπειτα
1471 2077 1518 2129 δ’
1562 2074 1993 2149 ἧρχθησανηύπὸ
2028 2076 2138 2131 τῶν
2181 2077 2536 2147 καλουμένων
2584 2076 2812 2149 κριτῶν,
2836 2132 2850 2147 ι
2878 2076 2958 2147 τῷ
3025 2077 3235 2148 ἀρίστῳ
3308 2076 3571 2153 δικάζειν

292 2172 419 2240 περὶ
448 2172 563 2223 τῶν
584 2171 726 2223 ὅλων
756 2172 854 2224 καὶ
881 2172 1189 2238 οἰκονομεῖν
1217 2172 1632 2244 ἐπιτρέποντες.

358 2265 495 2316 KH’.
555 2264 662 2316 Τοῦ
725 2263 783 2316 δὲ
832 2264 1092 2335 Σαμουὴλ
1148 2260 1536 2335 ἐξορκίσαντος
1589 2266 1681 2321 τὸν
1735 2266 1870 2321 λαδν

2049 2260 2289 2317 XXVIII.
2341 2261 2594 2318 Samuele
2656 2278 2825 2334 porro
2879 2271 3227 2318 sacramento
3282 2264 3550 2334 populum

288 2357 487 2421 εἰπεῖν,
522 2354 578 2406 εἰ
604 2373 658 2408 τι
708 2355 897 2409 ἄδικον
955 2358 1254 2427 είργάσατο
1299 2361 1377 2422 είς
1412 2361 1634 2427 αὐτοὺς,
1664 2361 1869 2425 πάντες

285 2445 514 2508 δικαίως
572 2445 739 2498 αύτδν
788 2447 886 2499 καὶ
935 2447 1115 2511 καλῶς
1168 2449 1470 2519 προστῆναι
1527 2448 1623 2503 τοῦ
1679 2449 1870 2513 ἔθνους

288 2537 549 2607 ἐϐόησαν.
589 2537 651 2590 ’0
694 2538 752 2591 δέ
789 2541 974 2603 αὐτοῖς
1025 2540 1387 2609 ἀπεκρίνατο,
1424 2544 1589 2597 Ἰστε
1632 2543 1712 2609 ὡς
1759 2559 1864 2611 με-

286 2632 443 2701 γάλα
467 2630 870 2703 ἡμαρτήκατε,
897 2633 1167 2697 βασιλέα
1188 2633 1428 2701 ἑαυτοῖς
1449 2635 1862 2705 αἰτησάμενοι,

288 2722 407 2775 κάκ
461 2724 687 2777 τούτου
736 2726 1155 2793 παρωργίσατε
1188 2726 1295 2779 τὸν
1326 2726 1495 2780 Θεόν.
1539 2728 1754 2781 Ἔσται
1797 2726 1868 2780 δὲ

290 2812 467 2866 τοῦτο
499 2813 762 2881 σημεῖον
784 2815 949 2883 ὑμῖν,
977 2816 1042 2869 τὸ
1071 2815 1283 2884 θέρους
1316 2818 1388 2872 ἐν
1418 2815 1581 2887 ἀκμῇ
1606 2816 1868 2887 χειμῶνα

288 2903 682 2971 τενήσεσθαι.
711 2907 821 2959 Καὶ
848 2908 990 2961 κατὰ
1018 2907 1111 2962 τὸν
1144 2911 1425 2981 προφήτου
1457 2909 1616 2978 λόγον
1643 2908 1866 2980 βρονταὶ

168 3002 175 3007 “
288 2994 385 3046 καὶ
411 2996 697 3065 ἀστραπαὶ
730 2995 1014 3065 γεγόνασι,
1046 2999 1355 3070 κατηνέχθη
1384 3016 1446 3052 τε
1498 2999 1736 3070 χάλαζα,
1787 2999 1865 3063 ὼς

285 3084 405 3147 δέος
452 3087 727 3154 ἐμπεσεῖν
768 3087 846 3158 τῷ
885 3087 1018 3158 λαῷ,
1054 3089 1150 3143 καὶ
1179 3089 1446 3143 ἱκετεύειν
1486 3090 1580 3145 τὸν
1609 3091 1864 3162 Σαμουὴλ

291 3174 625 3229 ίλεώσασθαι
674 3176 769 3229 τὸν
818 3178 951 3232 θεὸν
1001 3181 1187 3243 αὐτοῖς
1235 3180 1608 3252 ἀμαρτήσασι.
1654 3182 1776 3234 Τῶν
1806 3181 1864 3235 δὲ

288 3264 668 3321 Παλαιπινῶν
695 3268 825 3331 τοὺς
862 3269 1151 3338 Ἐϐραίους
1200 3273 1710 3342 καταστρεφόντων,
1766 3272 1863 3325 καὶ

284 3357 354 3409 τά
380 3356 529 3410 ὅπλα
564 3358 721 3427 σφῶν
753 3362 1194 3432 ἀφαιρουμένων,
1229 3363 1434 3434 σιδήρῳ
1464 3381 1524 3417 τε
1555 3363 1860 3435 κεχρῆσθαι

286 3448 768 3518 ἀπαγορευόντων,
802 3452 831 3502 ὁ
865 3451 1039 3503 Σαοὺλ
1070 3452 1153 3514 είς
1183 3453 1437 3521 Γάλγαλα
1471 3454 1740 3519 καταόὰς,
1774 3453 1861 3505 ἐπ’

285 3537 578 3611 ἐλευθερίᾳ
601 3539 696 3592 τὸν
723 3540 848 3595 λαὸν
898 3544 1039 3595 κατά
1075 3545 1184 3597 τῶν
1244 3544 1616 3599 Παλαιστινῶν
1673 3547 1858 3600 διανα-

1973 2354 2249 2425 adigente,
2290 2363 2350 2407 ut
2377 2353 2651 2420 dicerent,
2677 2369 2810 2408 num
2841 2369 2950 2424 qua
2996 2355 3198 2426 injuria
3242 2354 3369 2411 illos
3413 2355 3553 2411 aII‘e-

1971 2449 2137 2504 cisset
2183 2462 2200 2501 :
2250 2448 2633 2503 exclamarunt
2690 2464 2903 2514 omnes,
2962 2463 3088 2503 eum
3132 2450 3281 2520 juste
3312 2459 3369 2504 et
3409 2450 3552 2506 bene

1973 2544 2121 2613 genti
2154 2541 2458 2611 praefuisse.
2495 2540 2637 2595 Tum
2668 2541 2760 2596 ille
2787 2556 2801 2593 :
2834 2539 3046 2605 Scitote,
3085 2538 3284 2610 inquit,
3317 2556 3404 2595 vos
3435 2558 3553 2613 rege

1970 2636 2268 2708 flagitando
2339 2637 2573 2707 graviter
2627 2634 2928 2705 deliquisse,
2989 2650 3155 2703 eaque
3203 2651 3259 2689 re
3311 2636 3552 2691 irritasse

1968 2728 2140 2781 Deum
2169 2743 2188 2780 :
2223 2728 2371 2795 cujus
2410 2726 2547 2779 illud
2583 2725 2722 2779 vobis
2759 2728 2970 2794 signum
3015 2728 3136 2789 erit,
3183 2726 3324 2795 quod
3358 2727 3548 2781 adulta

1970 2829 2156 2876 testate
2202 2828 2482 2886 tempestas
2530 2819 2751 2871 orietur.
2800 2816 2912 2871 Nec
2954 2831 3152 2881 mora,
3211 2816 3452 2871 tonitrua
3492 2827 3550 2872 et

1966 2916 2203 2986 fulgura,
2236 2922 2298 2968 ut
2325 2911 2605 2981 Propheta
2641 2910 2875 2973 dixerat.
2900 2918 3226 2978 eruperunt,
3260 2916 3317 2963 et
3341 2911 3550 2979 grando

1966 3006 2148 3061 delata
2171 3013 2275 3068 est,
2308 3013 2366 3058 ut
2402 3005 2638 3073 populus
2662 2999 3088 3071 perterrefactus
3111 2998 3425 3053 Samuelem
3453 3015 3546 3052 ro-

1966 3103 2121 3167 garet
2152 3105 2213 3149 ut
2242 3095 2351 3149 sibi
2381 3092 2706 3148 delictorum
2739 3106 2771 3145 a
2796 3091 2910 3145 Deo
2940 3090 3153 3144 veniam
3197 3084 3537 3159 impetraret;

1962 3189 2102 3243 Cum
2151 3196 2335 3242 autem
2378 3185 2652 3241 Palaestini
2686 3183 2943 3237 Hebraeos
2987 3181 3335 3251 subigerent,
3378 3180 3546 3234 armis

1964 3279 2238 3349 ademptis
2291 3288 2348 3333 et
2412 3293 2514 3332 usu
2565 3276 2699 3330 ferri
2760 3275 3076 3335 interdicto,
3134 3271 3263 3327 Saul
3326 3271 3549 3342 Galgala

1965 3369 2270 3429 descendit.
2306 3372 2567 3438 populum
2599 3378 2658 3422 ut
2686 3366 2751 3421 ad
2790 3364 3174 3419 vindicandam
3221 3369 3414 3417 contra
3444 3362 3547 3417 Pa-

1963 3464 2207 3518 lzestinos
2236 3463 2545 3516 libertatem
2567 3466 2883 3528 exsurgeret
2907 3456 3251 3512 cohortatus.
3279 3454 3391 3509 Illis
3415 3467 3549 3510 vero

1963 3553 2373 3609 multitudinem
2394 3551 2637 3606 hostium
2664 3549 3174 3612 reformidantibus,
3193 3562 3289 3601 rex
3316 3546 3547 3600 Samue-

296 3607 492 3698 στῆναι
535 3607 812 3701 ἠρέθιζεν,
855 3635 908 3686 οἱ
942 3632 990 3686 δ’
1022 3635 1360 3705 ηὑλαδοῦντο
1400 3637 1491 3692 διά
1540 3637 1604 3691 τὸ
1657 3638 1864 3709 πλῆθος

1971 3648 2072 3703 lem
2101 3648 2169 3702 ad
2201 3662 2259 3700 se
2286 3654 2465 3701 vocat.
2506 3644 2556 3698 Is
2586 3651 2707 3712 post
2735 3657 2831 3696 sex
2868 3641 2987 3695 dies
3012 3648 3303 3693 venturum
3326 3633 3540 3689 consti-

297 3719 407 3770 τῶν
445 3720 703 3774 ἐναντίων
760 3722 821 3775 '0
851 3723 910 3776 δὲ
958 3722 1214 3793 βασιλεὺς
1259 3730 1351 3779 τὸν
1383 3727 1641 3798 Σαμουὴλ
1672 3727 1862 3781 ἐκάλει

300 3808 439 3879 πρὸς
469 3811 678 3876 ἑαυτὸν,
710 3814 807 3866 καὶ
834 3814 895 3876 ὃς
948 3815 1067 3882 μεθ’
1099 3817 1318 3887 ἡμέρας
1347 3817 1409 3881 ἓξ
1456 3818 1864 3887 παραγενέσθαι

297 3900 595 3971 ὑπέσχετο,
657 3904 843 3958 θύσειν
898 3924 958 3959 τε
1013 3910 1078 3978 τῇ
1130 3908 1357 3980 ἐϐδόμῃ,
1426 3908 1492 3961 ἶν’
1550 3908 1694 3961 οὕτω
1750 3912 1866 3973 τοῖς

295 3993 617 4063 ἀλλοφύλοις
683 3996 1050 4066 συμμίξωσιν.
1117 4000 1175 4051 '0
1232 3999 1294 4052 δέ
1354 4016 1418 4067 γε
1484 4000 1660 4053 Σαοὺλ
1721 4000 1864 4071 ὁρῶν

297 4086 381 4138 τὴν
410 4087 542 4141 λαὸν
597 4089 941 4161 ὑπορρέοντα
987 4092 1083 4144 καὶ
1144 4091 1628 4161 καταλιμπάνοντα
1680 4091 1865 4157 αὑτὸν,

298 4178 507 4234 ἔθυσεν.
568 4181 838 4245 Ἀκούσας
858 4182 915 4235 δὲ
937 4184 1064 4256 ἄρτι
1110 4186 1406 4255 προσίοντα
1438 4187 1530 4239 τὸν
1586 4184 1863 4255 Σαμουὴλ,

300 4269 484 4339 ἐξῆλθε
511 4272 865 4342 συναντήσων
888 4274 1061 4341 αὐτῷ.
1087 4274 1146 4327 Ὀ
1165 4275 1243 4340 δὲ,
1265 4276 1337 4339 ,Τί
1356 4275 1531 4329 τοῦτο
1551 4275 1866 4342 ἐποίησας,

301 4359 420 4429 εφη,
456 4361 735 4428 παραϐάς
771 4379 893 4430 μου
941 4364 1057 4430 τὴν
1106 4363 1411 4430 erratur;
1451 4367 1608 4419 Ἰσσι
1638 4364 1867 4425 τοίνυν,

304 4451 380 4515 ὡς
405 4454 478 4505 οὐ
515 4452 975 4519 συσταθήσεταί
1009 4470 1126 4509 σου
1161 4457 1199 4523 ἡ
1229 4457 1541 4520 βασιλεία,
1582 4454 1740 4508 ἀλλὰ
1778 4452 1870 4521 ζη-

308 4542 470 4606 τήσει
493 4545 709 4611 Κύριος
737 4544 1056 4613 ἄνθρωπον
1079 4547 1230 4600 κατὰ
1257 4544 1372 4615 τὴν
1389 4545 1642 4615 καρδίαν
1661 4544 1869 4599 αὐτοῦ.

311 4632 411 4685 Καὶ
440 4634 789 4705 ἀνεχώρησεν
824 4637 1097 4706 Σαμουὴλ.
1125 4636 1298 4691 Σαοὺλ
1326 4637 1384 4691 ὁὶ
1418 4638 1512 4690 καὶ
1554 4634 1810 4690 Ἰωνάθαν
1841 4638 1871 4689 ὁ

310 4725 419 4786 υίὸς
455 4727 619 4779 αὐτοῦ
647 4724 784 4799 ἧκεν
814 4729 894 4790 εἰς
923 4727 1152 4792 Γαϐαὼ,
1193 4728 1292 4782 σὺν
1333 4726 1693 4797 στρατιώταις
1745 4726 1873 4793 ἐξα-

312 4816 524 4877 κοσίοις.
552 4816 649 4881 El;
674 4819 801 4889 τρία
833 4819 890 4871 δὲ
922 4818 1284 4889 διαιρεθέντες
1309 4821 1359 4873 οἱ
1406 4819 1719 4887 ἀλλόφυλοι,
1774 4819 1874 4889 τὴν

318 4906 489 4976 χώραν
537 4909 650 4961 τῶν
721 4908 1073 4978 Ἰσραηλιτῶν
1121 4907 1419 4978 ἐληΐζοντο.
1456 4908 1630 4962 Σαοὺλ
1677 4909 1735 4963 δὲ
1774 4910 1869 4960 καὶ

336 4995 569 5055 Maio
600 5002 698 5054 καὶ
740 5001 897 5070 ’Δχια
922 5003 951 5053 ὁ
989 5001 1286 5070 ἀρχιερεὺς
1305 5000 1398 5068 ἀφ’
1437 5000 1603 5069 ὕψους
1636 5001 1870 5071 ὁρῶντες

328 5090 384 5143 τὰ
401 5090 662 5163 δρώμενα,
690 5096 787 5147 καὶ
813 5093 1021 5162 ἀμῦναι
1047 5092 1115 5146 δι’
1147 5094 1489 5162 ὀλιγανδρίαν
1531 5094 1607 5164 μὴ
1654 5093 1872 5146 σθένον-

327 5196 430 5246 τις.
446 5185 684 5254 ἤχθοντο.
720 5185 781 5239 Ὅ
806 5185 865 5239 δὲ
909 5185 1165 5239 Ἱωνάθαν
1194 5185 1358 5256 μηδὲν
1383 5184 1554 5238 εἰπὼν
1574 5185 1653 5256 τῷ
1679 5185 1869 5255 πατρὶ,

328 5279 553 5352 uasa“;
582 5280 693 5333 ἀπὸ
724 5279 822 5333 τοῦ
870 5279 1062 5349 βουνοῦ
1112 5278 1211 5332 σὺν
1256 5280 1402 5349 μόνῳ
1457 5278 1534 5348 τῷ
1587 5277 1872 5346 ὁπλοφόρῳ

327 5365 496 5430 αὑτοῦ,
550 5369 1052 5440 Προσᾶὶλλωμεν,
1099 5370 1226 5440 ἐφη,
1257 5370 1334 5437 τῇ
1358 5368 1477 5422 τῶν
1502 5368 1872 5436 ἀλλοφύλων

329 5458 651 5526 παρεμϐολῇ
674 5474 689 5488 ·
724 5459 822 5512 καὶ
851 5462 902 5513 εί
917 5460 1034 5527 μὲν
1052 5460 1303 5514 εἴπωσιν
1324 5460 1486 5527 ἡμῖν,
1524 5460 1870 5521 Ἀπόστητε,

331 5546 426 5599 οὐκ
439 5550 849 5620 ἀναθησόμεθα
863 5551 1011 5618 πρὸς
1029 5551 1249 5618 αὐτούς
1267 5553 1337 5604 ἐὶ
1354 5548 1406 5602 δ’
1432 5534 1708 5618 ’Λνάΰητε
1720 5550 1870 5617 πρὸς

336 5636 491 5708 ἡμᾶς.
519 5642 813 5713 φήσουσι,
851 5645 1129 5715 σύνθημα
1156 5646 1330 5713 νίκης
1356 5643 1463 5699 τὸν
1485 5646 1672 5713 λόγον
1706 5659 1872 5713 νομι-

1969 3741 2094 3803 tuit,
2155 3749 2212 3793 ut
2259 3738 2349 3792 die
2398 3737 2634 3805 septimo
2681 3749 2741 3787 re
2780 3733 2967 3787 divina
3021 3731 3162 3783 facta
3209 3743 3333 3783 cum
3365 3726 3540 3780 busti-

1966 3832 2069 3887 bus
2099 3831 2414 3900 confligant.
2449 3828 2517 3881 At
2539 3827 2668 3881 Saul
2705 3840 2828 3878 cum
2861 3824 3079 3876 videret
3109 3820 3368 3889 populum
3398 3819 3539 3874 clam

1968 3925 2142 3989 abire,
2178 3938 2344 3990 Seque
2382 3917 2562 3973 deseri
2586 3958 2600 3980 ,
2634 3914 2921 3969 immolat:
2948 3923 3005 3967 et
3042 3910 3230 3965 audito
3268 3909 3543 3964 Samuelis

1969 4016 2073 4083 61
2110 4026 2359 4073 accessu,
2405 4008 2623 4062 obviam
2663 4003 3135 4076 progreditur.lbi
3162 4013 3313 4057 vates
3343 4020 3357 4056 :
3389 4003 3549 4070 Quid,

1970 4103 2152 4171 inquit
2177 4143 2191 4162 ,
2223 4100 2364 4154 istud
2394 4099 2567 4169 egisti,
2609 4095 2821 4150 violatis
2860 4096 3128 4166 prwceptis
3191 4095 3365 4146 meis?
3406 4095 3547 4148 Scito

1969 4197 2134 4264 igitur
2170 4210 2272 4247 non
2322 4191 2510 4244 stabile
2554 4190 2664 4259 fore
2713 4202 2933 4257 regnum
2982 4194 3131 4237 tuum
3178 4198 3196 4237 .°
3246 4184 3337 4238 sed
3368 4189 3551 4255 qua-si-

1970 4288 2146 4331 turum
2176 4295 2282 4331 esse
2301 4277 2469 4329 Deum
2492 4277 2749 4328 hominem
2763 4289 2826 4327 ea:
2850 4274 3016 4326 animi
3042 4276 3123 4325 sui
3151 4275 3437 4326 sententia.
3472 4274 3550 4327 Ita

1970 4369 2225 4421 discessit
2255 4366 2499 4421 Samuel.
2532 4365 2662 4420 Saul
2695 4379 2826 4418 vero
2863 4372 2919 4418 et
2948 4362 3214 4418 Jonathas
3241 4365 3385 4419 ﬁlius
3431 4364 3551 4433 ejus

1971 4474 2097 4514 cum
2178 4456 2451 4513 sexcentis
2529 4456 2802 4512 militibus
2879 4457 3198 4511 Gabaonem
3314 4457 3581 4526 profecti!

1972 4557 2122 4604 sunt.
2153 4547 2494 4618 Alienigena:
2544 4557 2728 4603 autem
2779 4548 2956 4616 copiis
3016 4547 3286 4601 trifariam
3338 4547 3549 4611 divisis,

1972 4657 2134 4713 agros
2180 4641 2552 4696 Israe‘litarum
2599 4640 3032 4710 p0pulabantur.
3084 4639 3143 4694 Id
3194 4640 3346 4702 Saul,
3380 4640 3551 4694 Jona-

1980 4734 2104 4789 tltas
2136 4742 2194 4787 et
2251 4732 2420 4787 Achia
2465 4732 2724 4788 sacerdos
2761 4746 2827 4786 ex
2873 4733 2987 4786 alto
3029 4731 3458 4801 conSpicientes.
3495 4740 3553 4785 et

1975 4825 2047 4880 ob
2074 4824 2408 4894 paucitatem
2435 4823 2500 4878 ad
2531 4838 2692 4893 opem
2723 4822 3009 4878 ferendam
3054 4823 3314 4891 impares,
3351 4821 3552 4877 animis

1905 4947 1948 4999 ῃ
1978 4917 2343 4987 angebantur.
2388 4915 2458 4968 At
2507 4912 2792 4978 Jonathas,
2824 4922 2981 4984 patre
3035 4913 3373 4999 inconsulto,
3422 4927 3548 4966 cum

1977 5008 2098 5062 solo
2130 5003 2422 5073 ‘armigero
2456 5002 2525 5056 de
2551 5001 2691 5056 c'oIIe
2722 5000 3069 5055 descendens
3100 5014 3114 5050 :
3161 4998 3551 5068 Aggrediamur

1966 5098 2168 5167 inquit.
2199 5105 2375 5149 castra
2408 5094 2638 5148 hostium
2668 5109 2686 5146 :
2709 5093 2798 5163 qui
2824 5096 2870 5145 si
2894 5092 3039 5145 nobis
3062 5092 3288 5144 dixerint
3316 5104 3335 5143 :
3365 5087 3549 5142 Disce-

1968 5190 2097 5255 dite,
2131 5204 2234 5241 non
2281 5187 2620 5240 ascendemus
2653 5185 2723 5239 ad
2772 5199 2882 5237 eos.
2935 5182 3028 5237 Sin
3062 5181 3344 5236 ascendere
3374 5180 3548 5248 jusse-

1966 5281 2096 5344 rint,
2130 5294 2191 5332 ea
2223 5277 2378 5332 verba
2404 5276 2637 5331 victoria:
2660 5286 2854 5329 tessera
2880 5274 3119 5327 habenda
3153 5280 3325 5327 erunt.
3358 5270 3550 5337 Itaque

1962 5375 2038 5427 ad
2090 5381 2269 5426 castra
2301 5371 2540 5424 hostium
2584 5369 2781 5423 fertur.
2819 5366 2901 5421 Illi
2937 5383 2951 5418 :
3004 5365 3274 5419 Ascendite
3314 5360 3384 5414 ad
3430 5374 3545 5422 nos,

1975 5461 2255 5532 inquiunt,
2288 5469 2363 5515 est
2393 5459 2529 5513 enim
2571 5459 2710 5529 quod
2749 5459 3009 5512 vobiscum
3041 5455 3424 5523 colloquamur.
3470 5449 3548 5504 Ea

1976 5567 2083 5604 vox
2120 5551 2364 5604 animum
2404 5550 2557 5603 auxit
2581 5549 2853 5611 Jonatlne,
2886 5556 3053 5616 atque
3096 5543 3219 5597 inde
3266 5538 3550 5607 digressus

1978 5643 2203 5701 aliunde
2226 5658 2352 5701 cum
2383 5656 2487 5700 suo
2512 5642 2711 5700 comite
2741 5638 2970 5701 arrepit,
2996 5638 3181 5693 hostes
3211 5630 3550 5690 dormientes

3455 226 3558 291 I30
3638 244 3647 263 κ
