  <div class='ocr_page' id='page_1' title='image "/cluster/home/n/w/nwhite01/storage/ocr_20150623/134/hvd.32044073502510/073.png"; bbox 0 0 4070 6214; ppageno 0'>
   <div class='ocr_carea' id='block_1_1' title="bbox 416 277 510 342">
    <p class='ocr_par' dir='ltr' id='par_1_1' title="bbox 416 277 510 342">
     <span class='ocr_line' id='line_1_1' title="bbox 416 277 510 342; baseline -0.043 1"><span class='ocrx_word' id='word_1_1' title='bbox 416 277 510 342; x_wconf 80' lang='grc'><strong>131</strong></span> 
     </span>
    </p>
   </div>
   <div class='ocr_carea' id='block_1_2' title="bbox 1729 259 2406 322">
    <p class='ocr_par' dir='ltr' id='par_1_2' title="bbox 1729 259 2406 322">
     <span class='ocr_line' id='line_1_2' title="bbox 1729 259 2406 322; baseline 0 0"><span class='ocrx_word' id='word_1_2' title='bbox 1729 259 2050 322; x_wconf 79' lang='lat' dir='ltr'><strong>JOANNIS</strong></span> <span class='ocrx_word' id='word_1_3' title='bbox 2089 259 2406 322; x_wconf 60' lang='lat' dir='ltr'><strong>ZONARIE</strong></span> 
     </span>
    </p>
   </div>
   <div class='ocr_carea' id='block_1_3' title="bbox 3582 259 3682 324">
    <p class='ocr_par' dir='ltr' id='par_1_3' title="bbox 3582 259 3682 324">
     <span class='ocr_line' id='line_1_3' title="bbox 3582 259 3682 324; baseline -0.04 0"><span class='ocrx_word' id='word_1_4' title='bbox 3582 259 3682 324; x_wconf 74' lang='grc'><strong>132</strong></span> 
     </span>
    </p>
   </div>
   <div class='ocr_carea' id='block_1_4' title="bbox 413 371 1997 448">
    <p class='ocr_par' dir='ltr' id='par_1_4' title="bbox 413 373 1996 448">
     <span class='ocr_line' id='line_1_4' title="bbox 413 373 1996 448; baseline -0.01 -7"><span class='ocrx_word' id='word_1_5' title='bbox 413 384 624 441; x_wconf 85' lang='lat' dir='ltr'><strong>invadit</strong></span> <span class='ocrx_word' id='word_1_6' title='bbox 654 399 670 448; x_wconf 89' lang='lat'><strong>;</strong></span> <span class='ocrx_word' id='word_1_7' title='bbox 702 395 767 437; x_wconf 91' lang='lat' dir='ltr'><strong>ac</strong></span> <span class='ocrx_word' id='word_1_8' title='bbox 805 380 962 437; x_wconf 60' lang='lat' dir='ltr'><strong>casis</strong></span> <span class='ocrx_word' id='word_1_9' title='bbox 988 377 1055 434; x_wconf 88' lang='lat' dir='ltr'><strong>ad</strong></span> <span class='ocrx_word' id='word_1_10' title='bbox 1092 375 1309 446; x_wconf 83' lang='lat' dir='ltr'><strong>viginti,</strong></span> <span class='ocrx_word' id='word_1_11' title='bbox 1349 373 1569 429; x_wconf 66' lang='lat' dir='ltr'><strong>ceteris</strong></span> <span class='ocrx_word' id='word_1_12' title='bbox 1607 379 1879 428; x_wconf 89' lang='lat' dir='ltr'><strong>terrorem</strong></span> <span class='ocrx_word' id='word_1_13' title='bbox 1910 373 1996 426; x_wconf 88' lang='lat' dir='ltr'><strong>in-</strong></span> 
     </span>
    </p>
   </div>
   <div class='ocr_carea' id='block_1_5' title="bbox 2102 371 3683 448">
    <p class='ocr_par' dir='ltr' id='par_1_5' title="bbox 2102 371 3683 443">
     <span class='ocr_line' id='line_1_5' title="bbox 2102 371 3683 443; baseline -0.001 -14"><span class='ocrx_word' id='word_1_14' title='bbox 2102 375 2282 429; x_wconf 81' lang='grc' dir='ltr'>στέον</span> <span class='ocrx_word' id='word_1_15' title='bbox 2313 373 2480 441; x_wconf 75' lang='grc' dir='ltr'>ἡμῖν.</span> <span class='ocrx_word' id='word_1_16' title='bbox 2540 375 2650 426; x_wconf 82' lang='grc' dir='ltr'><strong>Καὶ</strong></span> <span class='ocrx_word' id='word_1_17' title='bbox 2699 373 2966 443; x_wconf 78' lang='grc' dir='ltr'>ὥρμησαν</span> <span class='ocrx_word' id='word_1_18' title='bbox 3020 371 3113 424; x_wconf 76' lang='grc' dir='ltr'><strong>ἐπὶ</strong></span> <span class='ocrx_word' id='word_1_19' title='bbox 3157 371 3216 425; x_wconf 80' lang='grc' dir='ltr'>τὸ</span> <span class='ocrx_word' id='word_1_20' title='bbox 3267 371 3378 426; x_wconf 82' lang='grc' dir='ltr'><strong>τῶν</strong></span> <span class='ocrx_word' id='word_1_21' title='bbox 3401 371 3683 442; x_wconf 85' lang='grc' dir='ltr'>πολεμίων</span> 
     </span>
    </p>
   </div>
   <div class='ocr_carea' id='block_1_6' title="bbox 412 464 1994 544">
    <p class='ocr_par' dir='ltr' id='par_1_6' title="bbox 412 464 1994 544">
     <span class='ocr_line' id='line_1_6' title="bbox 412 464 1994 544; baseline -0.008 -10"><span class='ocrx_word' id='word_1_22' title='bbox 412 478 653 541; x_wconf 88' lang='lat' dir='ltr'><strong>cutiunt,</strong></span> <span class='ocrx_word' id='word_1_23' title='bbox 707 485 770 531; x_wconf 93' lang='lat' dir='ltr'><strong>ut</strong></span> <span class='ocrx_word' id='word_1_24' title='bbox 823 471 1132 544; x_wconf 73' lang='lat' dir='ltr'><strong>perturbati</strong></span> <span class='ocrx_word' id='word_1_25' title='bbox 1179 479 1236 524; x_wconf 89' lang='lat' dir='ltr'><strong>et</strong></span> <span class='ocrx_word' id='word_1_26' title='bbox 1284 466 1562 538; x_wconf 75' lang='lat' dir='ltr'><strong>fugientes</strong></span> <span class='ocrx_word' id='word_1_27' title='bbox 1613 465 1707 520; x_wconf 84' lang='lat' dir='ltr'><strong>alii</strong></span> <span class='ocrx_word' id='word_1_28' title='bbox 1751 464 1822 519; x_wconf 88' lang='lat' dir='ltr'><strong>ab</strong></span> <span class='ocrx_word' id='word_1_29' title='bbox 1869 465 1994 522; x_wconf 88' lang='lat' dir='ltr'><strong>aliis</strong></span> 
     </span>
    </p>
   </div>
   <div class='ocr_carea' id='block_1_7' title="bbox 413 554 1991 626">
    <p class='ocr_par' dir='ltr' id='par_1_7' title="bbox 413 554 1991 626">
     <span class='ocr_line' id='line_1_7' title="bbox 413 554 1991 626; baseline -0.008 -4"><span class='ocrx_word' id='word_1_30' title='bbox 413 568 728 622; x_wconf 86' lang='lat' dir='ltr'><strong>interirent.</strong></span> <span class='ocrx_word' id='word_1_31' title='bbox 761 564 890 619; x_wconf 88' lang='lat' dir='ltr'><strong>Saul</strong></span> <span class='ocrx_word' id='word_1_32' title='bbox 921 571 1099 618; x_wconf 87' lang='lat' dir='ltr'><strong>castra</strong></span> <span class='ocrx_word' id='word_1_33' title='bbox 1144 557 1387 614; x_wconf 89' lang='lat' dir='ltr'><strong>hostium</strong></span> <span class='ocrx_word' id='word_1_34' title='bbox 1421 554 1742 626; x_wconf 88' lang='lat' dir='ltr'><strong>perturbata</strong></span> <span class='ocrx_word' id='word_1_35' title='bbox 1774 554 1991 619; x_wconf 83' lang='lat' dir='ltr'><strong>videns,</strong></span> 
     </span>
    </p>
   </div>
   <div class='ocr_carea' id='block_1_8' title="bbox 412 645 1995 725">
    <p class='ocr_par' dir='ltr' id='par_1_8' title="bbox 412 645 1995 725">
     <span class='ocr_line' id='line_1_8' title="bbox 412 645 1995 725; baseline -0.008 -12"><span class='ocrx_word' id='word_1_36' title='bbox 412 669 468 713; x_wconf 92' lang='lat' dir='ltr'><strong>et</strong></span> <span class='ocrx_word' id='word_1_37' title='bbox 500 659 597 712; x_wconf 80' lang='lat' dir='ltr'><strong>ﬁlii</strong></span> <span class='ocrx_word' id='word_1_38' title='bbox 626 667 792 725; x_wconf 90' lang='lat' dir='ltr'><strong>atque</strong></span> <span class='ocrx_word' id='word_1_39' title='bbox 837 652 1095 722; x_wconf 81' lang='lat' dir='ltr'><strong>armigeri</strong></span> <span class='ocrx_word' id='word_1_40' title='bbox 1133 650 1283 704; x_wconf 83' lang='lat' dir='ltr'><strong>illius</strong></span> <span class='ocrx_word' id='word_1_41' title='bbox 1309 647 1565 703; x_wconf 74' lang='lat' dir='ltr'><strong>absentia</strong></span> <span class='ocrx_word' id='word_1_42' title='bbox 1595 645 1840 716; x_wconf 87' lang='lat' dir='ltr'><strong>cognita,</strong></span> <span class='ocrx_word' id='word_1_43' title='bbox 1888 646 1995 700; x_wconf 84' lang='lat' dir='ltr'><strong>im-</strong></span> 
     </span>
    </p>
   </div>
   <div class='ocr_carea' id='block_1_9' title="bbox 414 737 1994 820">
    <p class='ocr_par' dir='ltr' id='par_1_9' title="bbox 414 737 1994 820">
     <span class='ocr_line' id='line_1_9' title="bbox 414 737 1994 820; baseline -0.008 -18"><span class='ocrx_word' id='word_1_44' title='bbox 414 758 600 820; x_wconf 88' lang='lat' dir='ltr'><strong>petum</strong></span> <span class='ocrx_word' id='word_1_45' title='bbox 624 759 678 802; x_wconf 88' lang='lat' dir='ltr'><strong>et</strong></span> <span class='ocrx_word' id='word_1_46' title='bbox 706 747 822 815; x_wconf 90' lang='lat' dir='ltr'><strong>ipse</strong></span> <span class='ocrx_word' id='word_1_47' title='bbox 853 746 908 799; x_wconf 89' lang='lat' dir='ltr'><strong>in</strong></span> <span class='ocrx_word' id='word_1_48' title='bbox 939 745 1128 796; x_wconf 87' lang='lat' dir='ltr'><strong>hostes</strong></span> <span class='ocrx_word' id='word_1_49' title='bbox 1180 739 1529 810; x_wconf 83' lang='lat' dir='ltr'><strong>perturbatos</strong></span> <span class='ocrx_word' id='word_1_50' title='bbox 1556 737 1708 794; x_wconf 82' lang='lat' dir='ltr'><strong>facit.</strong></span> <span class='ocrx_word' id='word_1_51' title='bbox 1733 738 1873 791; x_wconf 89' lang='lat' dir='ltr'><strong>Tum</strong></span> <span class='ocrx_word' id='word_1_52' title='bbox 1899 737 1994 806; x_wconf 88' lang='lat' dir='ltr'><strong>qui</strong></span> 
     </span>
    </p>
   </div>
   <div class='ocr_carea' id='block_1_10' title="bbox 414 825 1995 904">
    <p class='ocr_par' dir='ltr' id='par_1_10' title="bbox 414 825 1995 904">
     <span class='ocr_line' id='line_1_10' title="bbox 414 825 1995 904; baseline -0.007 -12"><span class='ocrx_word' id='word_1_53' title='bbox 414 839 621 892; x_wconf 90' lang='lat' dir='ltr'><strong>dudum</strong></span> <span class='ocrx_word' id='word_1_54' title='bbox 669 850 781 904; x_wconf 75' lang='lat' dir='ltr'><strong>pra:</strong></span> <span class='ocrx_word' id='word_1_55' title='bbox 829 843 976 887; x_wconf 91' lang='lat' dir='ltr'><strong>metu</strong></span> <span class='ocrx_word' id='word_1_56' title='bbox 1013 847 1071 885; x_wconf 91' lang='lat' dir='ltr'><strong>se</strong></span> <span class='ocrx_word' id='word_1_57' title='bbox 1099 830 1464 892; x_wconf 87' lang='lat' dir='ltr'><strong>oceultarant,</strong></span> <span class='ocrx_word' id='word_1_58' title='bbox 1512 827 1750 896; x_wconf 84' lang='lat' dir='ltr'><strong>receptis</strong></span> <span class='ocrx_word' id='word_1_59' title='bbox 1795 825 1995 881; x_wconf 90' lang='lat' dir='ltr'><strong>animis</strong></span> 
     </span>
    </p>
   </div>
   <div class='ocr_carea' id='block_1_11' title="bbox 415 920 1992 996">
    <p class='ocr_par' dir='ltr' id='par_1_11' title="bbox 415 920 1992 996">
     <span class='ocr_line' id='line_1_11' title="bbox 415 920 1992 996; baseline -0.006 -15"><span class='ocrx_word' id='word_1_60' title='bbox 415 941 541 980; x_wconf 90' lang='lat' dir='ltr'><strong>cum</strong></span> <span class='ocrx_word' id='word_1_61' title='bbox 598 940 724 996; x_wconf 83' lang='lat' dir='ltr'><strong>rege</strong></span> <span class='ocrx_word' id='word_1_62' title='bbox 795 939 855 978; x_wconf 87' lang='lat' dir='ltr'><strong>se</strong></span> <span class='ocrx_word' id='word_1_63' title='bbox 911 922 1280 991; x_wconf 72' lang='lat' dir='ltr'><strong>coniungunt,</strong></span> <span class='ocrx_word' id='word_1_64' title='bbox 1330 920 1517 972; x_wconf 79' lang='lat' dir='ltr'><strong>hOstes</strong></span> <span class='ocrx_word' id='word_1_65' title='bbox 1559 926 1992 988; x_wconf 86' lang='lat' dir='ltr'><strong>persequuntur,</strong></span> 
     </span>
    </p>
   </div>
   <div class='ocr_carea' id='block_1_12' title="bbox 418 1009 1993 1081">
    <p class='ocr_par' dir='ltr' id='par_1_12' title="bbox 418 1009 1993 1081">
     <span class='ocr_line' id='line_1_12' title="bbox 418 1009 1993 1081; baseline -0.007 -7"><span class='ocrx_word' id='word_1_66' title='bbox 418 1019 656 1074; x_wconf 71' lang='lat' dir='ltr'><strong>caedunt.</strong></span> <span class='ocrx_word' id='word_1_67' title='bbox 686 1016 817 1070; x_wconf 86' lang='lat' dir='ltr'><strong>Saul</strong></span> <span class='ocrx_word' id='word_1_68' title='bbox 865 1015 1015 1069; x_wconf 88' lang='lat' dir='ltr'><strong>diras</strong></span> <span class='ocrx_word' id='word_1_69' title='bbox 1057 1013 1397 1081; x_wconf 78' lang='lat' dir='ltr'><strong>imprecatur</strong></span> <span class='ocrx_word' id='word_1_70' title='bbox 1425 1010 1559 1073; x_wconf 87' lang='lat' dir='ltr'><strong>suis,</strong></span> <span class='ocrx_word' id='word_1_71' title='bbox 1595 1009 1642 1063; x_wconf 88' lang='lat' dir='ltr'><strong>si</strong></span> <span class='ocrx_word' id='word_1_72' title='bbox 1683 1009 1810 1078; x_wconf 86' lang='lat' dir='ltr'><strong>quis</strong></span> <span class='ocrx_word' id='word_1_73' title='bbox 1863 1016 1993 1064; x_wconf 85' lang='lat' dir='ltr'><strong>ante</strong></span> 
     </span>
    </p>
   </div>
   <div class='ocr_carea' id='block_1_13' title="bbox 417 1102 1992 1172">
    <p class='ocr_par' dir='ltr' id='par_1_13' title="bbox 417 1102 1992 1172">
     <span class='ocr_line' id='line_1_13' title="bbox 417 1102 1992 1172; baseline -0.005 -8"><span class='ocrx_word' id='word_1_74' title='bbox 417 1118 656 1172; x_wconf 90' lang='lat' dir='ltr'><strong>noctem,</strong></span> <span class='ocrx_word' id='word_1_75' title='bbox 693 1109 840 1163; x_wconf 70' lang='lat' dir='ltr'><strong>caede</strong></span> <span class='ocrx_word' id='word_1_76' title='bbox 867 1106 1113 1160; x_wconf 89' lang='lat' dir='ltr'><strong>hostium</strong></span> <span class='ocrx_word' id='word_1_77' title='bbox 1145 1103 1484 1166; x_wconf 89' lang='lat' dir='ltr'><strong>intermissa,</strong></span> <span class='ocrx_word' id='word_1_78' title='bbox 1517 1102 1700 1156; x_wconf 87' lang='lat' dir='ltr'><strong>cibum</strong></span> <span class='ocrx_word' id='word_1_79' title='bbox 1724 1110 1992 1171; x_wconf 80' lang='lat' dir='ltr'><strong>gustaret.</strong></span> 
     </span>
    </p>
   </div>
   <div class='ocr_carea' id='block_1_14' title="bbox 418 1193 1994 1271">
    <p class='ocr_par' dir='ltr' id='par_1_14' title="bbox 418 1193 1994 1271">
     <span class='ocr_line' id='line_1_14' title="bbox 418 1193 1994 1271; baseline -0.008 -15"><span class='ocrx_word' id='word_1_80' title='bbox 418 1203 566 1256; x_wconf 85' lang='lat' dir='ltr'><strong>Inter</strong></span> <span class='ocrx_word' id='word_1_81' title='bbox 603 1198 1071 1271; x_wconf 88' lang='lat' dir='ltr'><strong>persequendum,</strong></span> <span class='ocrx_word' id='word_1_82' title='bbox 1129 1196 1395 1251; x_wconf 85' lang='lat' dir='ltr'><strong>Jonathas</strong></span> <span class='ocrx_word' id='word_1_83' title='bbox 1447 1193 1852 1248; x_wconf 84' lang='lat' dir='ltr'><strong>exsecrationis</strong></span> <span class='ocrx_word' id='word_1_84' title='bbox 1897 1207 1994 1261; x_wconf 86' lang='lat' dir='ltr'><strong>pa-</strong></span> 
     </span>
    </p>
   </div>
   <div class='ocr_carea' id='block_1_15' title="bbox 421 1284 1994 1363">
    <p class='ocr_par' dir='ltr' id='par_1_15' title="bbox 421 1284 1994 1363">
     <span class='ocr_line' id='line_1_15' title="bbox 421 1284 1994 1363; baseline -0.007 -16"><span class='ocrx_word' id='word_1_85' title='bbox 421 1304 587 1348; x_wconf 80' lang='lat' dir='ltr'><strong>ternae</strong></span> <span class='ocrx_word' id='word_1_86' title='bbox 612 1294 857 1363; x_wconf 85' lang='lat' dir='ltr'><strong>ignarus,</strong></span> <span class='ocrx_word' id='word_1_87' title='bbox 897 1304 1021 1344; x_wconf 91' lang='lat' dir='ltr'><strong>cum</strong></span> <span class='ocrx_word' id='word_1_88' title='bbox 1049 1288 1101 1341; x_wconf 91' lang='lat' dir='ltr'><strong>in</strong></span> <span class='ocrx_word' id='word_1_89' title='bbox 1121 1290 1311 1341; x_wconf 80' lang='lat' dir='ltr'><strong>silvam</strong></span> <span class='ocrx_word' id='word_1_90' title='bbox 1341 1294 1487 1340; x_wconf 90' lang='lat' dir='ltr'><strong>esset</strong></span> <span class='ocrx_word' id='word_1_91' title='bbox 1517 1294 1763 1346; x_wconf 87' lang='lat' dir='ltr'><strong>ventum,</strong></span> <span class='ocrx_word' id='word_1_92' title='bbox 1795 1284 1849 1336; x_wconf 90' lang='lat' dir='ltr'><strong>in</strong></span> <span class='ocrx_word' id='word_1_93' title='bbox 1885 1298 1994 1352; x_wconf 84' lang='lat' dir='ltr'><strong>qua</strong></span> 
     </span>
    </p>
   </div>
   <div class='ocr_carea' id='block_1_16' title="bbox 418 1375 1992 1453">
    <p class='ocr_par' dir='ltr' id='par_1_16' title="bbox 418 1375 1992 1453">
     <span class='ocr_line' id='line_1_16' title="bbox 418 1375 1992 1453; baseline -0.006 -15"><span class='ocrx_word' id='word_1_94' title='bbox 418 1384 688 1453; x_wconf 76' lang='lat' dir='ltr'><strong>apiarium</strong></span> <span class='ocrx_word' id='word_1_95' title='bbox 719 1390 860 1436; x_wconf 88' lang='lat' dir='ltr'><strong>erat.</strong></span> <span class='ocrx_word' id='word_1_96' title='bbox 890 1380 1070 1434; x_wconf 80' lang='lat' dir='ltr'><strong>favum</strong></span> <span class='ocrx_word' id='word_1_97' title='bbox 1100 1378 1358 1433; x_wconf 87' lang='lat' dir='ltr'><strong>comedit.</strong></span> <span class='ocrx_word' id='word_1_98' title='bbox 1391 1377 1518 1431; x_wconf 79' lang='lat' dir='ltr'><strong>Saul</strong></span> <span class='ocrx_word' id='word_1_99' title='bbox 1544 1386 1725 1429; x_wconf 89' lang='lat' dir='ltr'><strong>castra</strong></span> <span class='ocrx_word' id='word_1_100' title='bbox 1750 1375 1992 1430; x_wconf 87' lang='lat' dir='ltr'><strong>hostium</strong></span> 
     </span>
    </p>
   </div>
   <div class='ocr_carea' id='block_1_17' title="bbox 415 1465 1991 1544">
    <p class='ocr_par' dir='ltr' id='par_1_17' title="bbox 415 1465 1991 1544">
     <span class='ocr_line' id='line_1_17' title="bbox 415 1465 1991 1544; baseline -0.006 -17"><span class='ocrx_word' id='word_1_101' title='bbox 415 1480 857 1544; x_wconf 80' lang='lat' dir='ltr'><strong>Oppugnaturus,</strong></span> <span class='ocrx_word' id='word_1_102' title='bbox 889 1486 986 1540; x_wconf 86' lang='lat' dir='ltr'><strong>per</strong></span> <span class='ocrx_word' id='word_1_103' title='bbox 1027 1468 1370 1523; x_wconf 87' lang='lat' dir='ltr'><strong>sacerdotem</strong></span> <span class='ocrx_word' id='word_1_104' title='bbox 1399 1466 1682 1521; x_wconf 87' lang='lat' dir='ltr'><strong>oraculum</strong></span> <span class='ocrx_word' id='word_1_105' title='bbox 1730 1465 1991 1531; x_wconf 86' lang='lat' dir='ltr'><strong>consulit,</strong></span> 
     </span>
    </p>
   </div>
   <div class='ocr_carea' id='block_1_18' title="bbox 417 1554 1991 1627">
    <p class='ocr_par' dir='ltr' id='par_1_18' title="bbox 417 1554 1991 1627">
     <span class='ocr_line' id='line_1_18' title="bbox 417 1554 1991 1627; baseline -0.006 -10"><span class='ocrx_word' id='word_1_106' title='bbox 417 1579 548 1617; x_wconf 90' lang='lat' dir='ltr'><strong>num</strong></span> <span class='ocrx_word' id='word_1_107' title='bbox 596 1561 886 1615; x_wconf 78' lang='lat' dir='ltr'><strong>victoriam</strong></span> <span class='ocrx_word' id='word_1_108' title='bbox 943 1559 1206 1627; x_wconf 80' lang='lat' dir='ltr'><strong>largiatur</strong></span> <span class='ocrx_word' id='word_1_109' title='bbox 1270 1555 1451 1610; x_wconf 84' lang='lat' dir='ltr'><strong>Deus?</strong></span> <span class='ocrx_word' id='word_1_110' title='bbox 1512 1555 1619 1610; x_wconf 85' lang='lat' dir='ltr'><strong>Sed</strong></span> <span class='ocrx_word' id='word_1_111' title='bbox 1680 1555 1792 1608; x_wconf 89' lang='lat' dir='ltr'><strong>Deo</strong></span> <span class='ocrx_word' id='word_1_112' title='bbox 1852 1554 1991 1608; x_wconf 88' lang='lat' dir='ltr'><strong>nihil</strong></span> 
     </span>
    </p>
   </div>
   <div class='ocr_carea' id='block_1_19' title="bbox 418 1643 1987 1723">
    <p class='ocr_par' dir='ltr' id='par_1_19' title="bbox 418 1643 1987 1723">
     <span class='ocr_line' id='line_1_19' title="bbox 418 1643 1987 1723; baseline -0.004 -15"><span class='ocrx_word' id='word_1_113' title='bbox 418 1652 806 1723; x_wconf 89' lang='lat' dir='ltr'><strong>respondente,</strong></span> <span class='ocrx_word' id='word_1_114' title='bbox 865 1659 1149 1704; x_wconf 88' lang='lat' dir='ltr'><strong>auctorem</strong></span> <span class='ocrx_word' id='word_1_115' title='bbox 1193 1647 1388 1702; x_wconf 78' lang='lat' dir='ltr'><strong>oﬂ&#39;ensi</strong></span> <span class='ocrx_word' id='word_1_116' title='bbox 1425 1645 1675 1700; x_wconf 87' lang='lat' dir='ltr'><strong>Numinis</strong></span> <span class='ocrx_word' id='word_1_117' title='bbox 1727 1643 1926 1713; x_wconf 69' lang='lat' dir='ltr'><strong>quaerit</strong></span> <span class='ocrx_word' id='word_1_118' title='bbox 1972 1659 1987 1709; x_wconf 91' lang='lat'><strong>;</strong></span> 
     </span>
    </p>
   </div>
   <div class='ocr_carea' id='block_1_20' title="bbox 2103 463 3683 536">
    <p class='ocr_par' dir='ltr' id='par_1_20' title="bbox 2103 463 3683 536">
     <span class='ocr_line' id='line_1_20' title="bbox 2103 463 3683 536; baseline -0.001 -16"><span class='ocrx_word' id='word_1_119' title='bbox 2103 466 2484 536; x_wconf 86' lang='grc' dir='ltr'>στρατόπεδον.</span> <span class='ocrx_word' id='word_1_120' title='bbox 2521 468 2630 520; x_wconf 85' lang='lat' dir='ltr'><strong>Kal</strong></span> <span class='ocrx_word' id='word_1_121' title='bbox 2671 466 2854 527; x_wconf 80' lang='grc' dir='ltr'>αὐτοῖς</span> <span class='ocrx_word' id='word_1_122' title='bbox 2906 464 2958 516; x_wconf 76' lang='grc' dir='ltr'>οἱ</span> <span class='ocrx_word' id='word_1_123' title='bbox 3012 463 3326 532; x_wconf 87' lang='grc' dir='ltr'>ἀλλόφυλοι,</span> <span class='ocrx_word' id='word_1_124' title='bbox 3372 465 3683 531; x_wconf 76' lang='lat' dir='ltr'><strong>‘Ard6nts,</strong></span> 
     </span>
    </p>
   </div>
   <div class='ocr_carea' id='block_1_21' title="bbox 2101 553 3681 626">
    <p class='ocr_par' dir='ltr' id='par_1_21' title="bbox 2101 553 3681 626">
     <span class='ocr_line' id='line_1_21' title="bbox 2101 553 3681 626; baseline 0 -16"><span class='ocrx_word' id='word_1_125' title='bbox 2101 557 2307 624; x_wconf 74' lang='grc' dir='ltr'>ελεγον,</span> <span class='ocrx_word' id='word_1_126' title='bbox 2359 558 2512 625; x_wconf 74' lang='grc' dir='ltr'>πρὸς</span> <span class='ocrx_word' id='word_1_127' title='bbox 2553 555 2713 625; x_wconf 75' lang='grc' dir='ltr'>ἡμᾶς</span> <span class='ocrx_word' id='word_1_128' title='bbox 2747 555 2847 610; x_wconf 75' lang='grc' dir='ltr'><strong>καί</strong></span> <span class='ocrx_word' id='word_1_129' title='bbox 2883 554 3251 625; x_wconf 73' lang='grc' dir='ltr'>γνωριοῦμεν</span> <span class='ocrx_word' id='word_1_130' title='bbox 3302 556 3449 624; x_wconf 82' lang='grc' dir='ltr'>ὑμῖν</span> <span class='ocrx_word' id='word_1_131' title='bbox 3490 553 3681 626; x_wconf 78' lang='grc' dir='ltr'>ῥῆμα.</span> 
     </span>
    </p>
   </div>
   <div class='ocr_carea' id='block_1_22' title="bbox 2100 646 3684 718">
    <p class='ocr_par' dir='ltr' id='par_1_22' title="bbox 2100 646 3684 718">
     <span class='ocr_line' id='line_1_22' title="bbox 2100 646 3684 718; baseline -0.001 -16"><span class='ocrx_word' id='word_1_132' title='bbox 2100 648 2271 702; x_wconf 89' lang='grc' dir='ltr'>Τοῦτο</span> <span class='ocrx_word' id='word_1_133' title='bbox 2325 647 2525 718; x_wconf 82' lang='grc' dir='ltr'>θάρσος</span> <span class='ocrx_word' id='word_1_134' title='bbox 2574 648 2737 718; x_wconf 81' lang='grc' dir='ltr'>ὲνῆκε</span> <span class='ocrx_word' id='word_1_135' title='bbox 2787 647 2866 717; x_wconf 85' lang='grc' dir='ltr'>τῷ</span> <span class='ocrx_word' id='word_1_136' title='bbox 2934 646 3188 701; x_wconf 86' lang='grc' dir='ltr'>Ὶωνάθαν</span> <span class='ocrx_word' id='word_1_137' title='bbox 3213 660 3230 676; x_wconf 78' lang='grc'><strong><em>⁸</em></strong></span> <span class='ocrx_word' id='word_1_138' title='bbox 3285 647 3380 699; x_wconf 80' lang='grc' dir='ltr'>καὶ</span> <span class='ocrx_word' id='word_1_139' title='bbox 3432 647 3684 712; x_wconf 80' lang='grc' dir='ltr'>ἀποστὰς</span> 
     </span>
    </p>
   </div>
   <div class='ocr_carea' id='block_1_23' title="bbox 2100 736 3678 809">
    <p class='ocr_par' dir='ltr' id='par_1_23' title="bbox 2100 736 3678 809">
     <span class='ocr_line' id='line_1_23' title="bbox 2100 736 3678 809; baseline 0 -17"><span class='ocrx_word' id='word_1_140' title='bbox 2100 738 2331 803; x_wconf 75' lang='grc' dir='ltr'>ἐκεῖθεν,</span> <span class='ocrx_word' id='word_1_141' title='bbox 2390 738 2659 809; x_wconf 78' lang='grc' dir='ltr'><strong>ἑτέρωθεν</strong></span> <span class='ocrx_word' id='word_1_142' title='bbox 2701 737 3017 807; x_wconf 73' lang='grc' dir='ltr'>ἀνερπύσας</span> <span class='ocrx_word' id='word_1_143' title='bbox 3069 737 3208 806; x_wconf 84' lang='grc' dir='ltr'>μετὰ</span> <span class='ocrx_word' id='word_1_144' title='bbox 3250 736 3345 791; x_wconf 87' lang='grc' dir='ltr'><strong>τοῦ</strong></span> <span class='ocrx_word' id='word_1_145' title='bbox 3405 738 3678 807; x_wconf 75' lang='grc' dir='ltr'><strong>ἑπομένου</strong></span> 
     </span>
    </p>
   </div>
   <div class='ocr_carea' id='block_1_24' title="bbox 2100 829 3684 901">
    <p class='ocr_par' dir='ltr' id='par_1_24' title="bbox 2100 829 3684 901">
     <span class='ocr_line' id='line_1_24' title="bbox 2100 829 3684 901; baseline -0.002 -16"><span class='ocrx_word' id='word_1_146' title='bbox 2100 831 2268 901; x_wconf 84' lang='grc' dir='ltr'>αὐτῷ,</span> <span class='ocrx_word' id='word_1_147' title='bbox 2319 831 2501 884; x_wconf 68' lang='grc' dir='ltr'>ἔπεισι</span> <span class='ocrx_word' id='word_1_148' title='bbox 2530 833 2641 894; x_wconf 82' lang='grc' dir='ltr'>τοῖς</span> <span class='ocrx_word' id='word_1_149' title='bbox 2678 830 2959 899; x_wconf 84' lang='grc' dir='ltr'>πολεμίοις</span> <span class='ocrx_word' id='word_1_150' title='bbox 2997 829 3360 896; x_wconf 85' lang='grc' dir='ltr'>ὑπνώττουσι,</span> <span class='ocrx_word' id='word_1_151' title='bbox 3407 830 3504 882; x_wconf 78' lang='grc' dir='ltr'>καὶ</span> <span class='ocrx_word' id='word_1_152' title='bbox 3531 830 3684 884; x_wconf 79' lang='grc' dir='ltr'>κτεί-</span> 
     </span>
    </p>
   </div>
   <div class='ocr_carea' id='block_1_25' title="bbox 2099 919 3682 992">
    <p class='ocr_par' dir='ltr' id='par_1_25' title="bbox 2099 919 3682 992">
     <span class='ocr_line' id='line_1_25' title="bbox 2099 919 3682 992; baseline -0.002 -17"><span class='ocrx_word' id='word_1_153' title='bbox 2099 938 2251 975; x_wconf 88' lang='grc' dir='ltr'>νουσι</span> <span class='ocrx_word' id='word_1_154' title='bbox 2284 923 2382 992; x_wconf 76' lang='grc' dir='ltr'>μὲν</span> <span class='ocrx_word' id='word_1_155' title='bbox 2407 921 2483 984; x_wconf 86' lang='grc' dir='ltr'><strong>ώς</strong></span> <span class='ocrx_word' id='word_1_156' title='bbox 2509 921 2684 974; x_wconf 76' lang='grc' dir='ltr'>εἴκοσι</span> <span class='ocrx_word' id='word_1_157' title='bbox 2709 937 2724 952; x_wconf 76' lang='grc' dir='ltr'><strong>ο</strong></span> <span class='ocrx_word' id='word_1_158' title='bbox 2761 922 2876 982; x_wconf 83' lang='grc' dir='ltr'>τοῖς</span> <span class='ocrx_word' id='word_1_159' title='bbox 2903 919 2961 971; x_wconf 74' lang='grc' dir='ltr'>δὲ</span> <span class='ocrx_word' id='word_1_160' title='bbox 2988 919 3196 982; x_wconf 83' lang='grc' dir='ltr'><strong>λοιποῖς</strong></span> <span class='ocrx_word' id='word_1_161' title='bbox 3217 919 3422 972; x_wconf 80' lang='grc' dir='ltr'>δειλίαν</span> <span class='ocrx_word' id='word_1_162' title='bbox 3455 919 3682 972; x_wconf 77' lang='grc' dir='ltr'>ἐνέϐαλ-</span> 
     </span>
    </p>
   </div>
   <div class='ocr_carea' id='block_1_26' title="bbox 2099 1009 3683 1083">
    <p class='ocr_par' dir='ltr' id='par_1_26' title="bbox 2099 1009 3683 1083">
     <span class='ocr_line' id='line_1_26' title="bbox 2099 1009 3683 1083; baseline -0.001 -18"><span class='ocrx_word' id='word_1_163' title='bbox 2099 1012 2214 1074; x_wconf 85' lang='grc' dir='ltr'>λον,</span> <span class='ocrx_word' id='word_1_164' title='bbox 2242 1013 2292 1065; x_wconf 88' lang='grc' dir='ltr'>οἳ</span> <span class='ocrx_word' id='word_1_165' title='bbox 2327 1011 2716 1083; x_wconf 78' lang='grc' dir='ltr'>θορυϐούμενοι</span> <span class='ocrx_word' id='word_1_166' title='bbox 2738 1028 2796 1065; x_wconf 89' lang='grc' dir='ltr'><strong>τε</strong></span> <span class='ocrx_word' id='word_1_167' title='bbox 2834 1011 2930 1064; x_wconf 77' lang='grc' dir='ltr'>καὶ</span> <span class='ocrx_word' id='word_1_168' title='bbox 2961 1009 3281 1078; x_wconf 84' lang='grc' dir='ltr'>φεύγοντες,</span> <span class='ocrx_word' id='word_1_169' title='bbox 3312 1011 3406 1063; x_wconf 81' lang='grc' dir='ltr'><strong>ὑπ’</strong></span> <span class='ocrx_word' id='word_1_170' title='bbox 3434 1011 3683 1082; x_wconf 79' lang='grc' dir='ltr'>ἀλλήλων</span> 
     </span>
    </p>
   </div>
   <div class='ocr_carea' id='block_1_27' title="bbox 2099 1101 3682 1172">
    <p class='ocr_par' dir='ltr' id='par_1_27' title="bbox 2099 1101 3682 1172">
     <span class='ocr_line' id='line_1_27' title="bbox 2099 1101 3682 1172; baseline -0.003 -16"><span class='ocrx_word' id='word_1_171' title='bbox 2099 1102 2410 1156; x_wconf 86' lang='grc' dir='ltr'>διώλλυντο.</span> <span class='ocrx_word' id='word_1_172' title='bbox 2467 1101 2612 1155; x_wconf 81' lang='grc' dir='ltr'>Ἰδών</span> <span class='ocrx_word' id='word_1_173' title='bbox 2644 1101 2701 1154; x_wconf 75' lang='grc' dir='ltr'>δὲ</span> <span class='ocrx_word' id='word_1_174' title='bbox 2738 1101 3143 1172; x_wconf 87' lang='grc' dir='ltr'>ταραττόμενον</span> <span class='ocrx_word' id='word_1_175' title='bbox 3187 1102 3217 1154; x_wconf 86' lang='lat'><strong>6</strong></span> <span class='ocrx_word' id='word_1_176' title='bbox 3264 1101 3438 1155; x_wconf 79' lang='grc' dir='ltr'>Σαοὺλ</span> <span class='ocrx_word' id='word_1_177' title='bbox 3476 1101 3538 1155; x_wconf 79' lang='grc' dir='ltr'>τὸ</span> <span class='ocrx_word' id='word_1_178' title='bbox 3571 1101 3682 1153; x_wconf 83' lang='grc' dir='ltr'><strong>τῶν</strong></span> 
     </span>
    </p>
   </div>
   <div class='ocr_carea' id='block_1_28' title="bbox 2101 1192 3684 1264">
    <p class='ocr_par' dir='ltr' id='par_1_28' title="bbox 2101 1192 3684 1264">
     <span class='ocr_line' id='line_1_28' title="bbox 2101 1192 3684 1264; baseline 0.004 -19"><span class='ocrx_word' id='word_1_179' title='bbox 2101 1196 2376 1264; x_wconf 90' lang='grc' dir='ltr'>πολεμίων</span> <span class='ocrx_word' id='word_1_180' title='bbox 2417 1193 2804 1262; x_wconf 88' lang='grc' dir='ltr'>στρατόπεδον,</span> <span class='ocrx_word' id='word_1_181' title='bbox 2855 1192 3212 1246; x_wconf 63' lang='grc' dir='ltr'>καὶκὰπόντα</span> <span class='ocrx_word' id='word_1_182' title='bbox 3260 1193 3354 1245; x_wconf 83' lang='grc' dir='ltr'>τὸν</span> <span class='ocrx_word' id='word_1_183' title='bbox 3401 1194 3517 1247; x_wconf 85' lang='grc' dir='ltr'>υίδν</span> <span class='ocrx_word' id='word_1_184' title='bbox 3560 1196 3684 1264; x_wconf 76' lang='grc' dir='ltr'>ἄμα</span> 
     </span>
    </p>
   </div>
   <div class='ocr_carea' id='block_1_29' title="bbox 2097 1283 3682 1356">
    <p class='ocr_par' dir='ltr' id='par_1_29' title="bbox 2097 1283 3682 1356">
     <span class='ocr_line' id='line_1_29' title="bbox 2097 1283 3682 1356; baseline 0 -16"><span class='ocrx_word' id='word_1_185' title='bbox 2097 1287 2176 1356; x_wconf 86' lang='grc' dir='ltr'><strong>τῷ</strong></span> <span class='ocrx_word' id='word_1_186' title='bbox 2227 1286 2518 1356; x_wconf 83' lang='grc' dir='ltr'>ὁπλοφόρῳ</span> <span class='ocrx_word' id='word_1_187' title='bbox 2567 1285 2938 1355; x_wconf 81' lang='grc' dir='ltr'><strong>κατανοήσας,</strong></span> <span class='ocrx_word' id='word_1_188' title='bbox 2995 1283 3329 1354; x_wconf 71' lang='grc' dir='ltr'>προσϐάλλει</span> <span class='ocrx_word' id='word_1_189' title='bbox 3365 1287 3461 1339; x_wconf 82' lang='grc' dir='ltr'>καὶ</span> <span class='ocrx_word' id='word_1_190' title='bbox 3513 1289 3682 1350; x_wconf 67' lang='grc' dir='ltr'>αὐτὸς</span> 
     </span>
    </p>
   </div>
   <div class='ocr_carea' id='block_1_30' title="bbox 2097 1371 3680 1446">
    <p class='ocr_par' dir='ltr' id='par_1_30' title="bbox 2097 1371 3680 1446">
     <span class='ocr_line' id='line_1_30' title="bbox 2097 1371 3680 1446; baseline -0.002 -16"><span class='ocrx_word' id='word_1_191' title='bbox 2097 1377 2532 1446; x_wconf 77' lang='grc' dir='ltr'><strong>τεταραγμένοις</strong></span> <span class='ocrx_word' id='word_1_192' title='bbox 2563 1378 2676 1437; x_wconf 83' lang='grc' dir='ltr'>τοῖς</span> <span class='ocrx_word' id='word_1_193' title='bbox 2710 1373 2976 1436; x_wconf 77' lang='grc' dir='ltr'>ἐναντίοις</span> <span class='ocrx_word' id='word_1_194' title='bbox 3001 1388 3017 1404; x_wconf 76' lang='grc'><em>’</em></span> <span class='ocrx_word' id='word_1_195' title='bbox 3069 1371 3168 1425; x_wconf 75' lang='grc' dir='ltr'>καὶ</span> <span class='ocrx_word' id='word_1_196' title='bbox 3207 1371 3258 1424; x_wconf 84' lang='grc' dir='ltr'>οἱ</span> <span class='ocrx_word' id='word_1_197' title='bbox 3305 1372 3440 1442; x_wconf 80' lang='grc' dir='ltr'>πρὶν</span> <span class='ocrx_word' id='word_1_198' title='bbox 3485 1372 3542 1426; x_wconf 81' lang='grc' dir='ltr'>δὲ</span> <span class='ocrx_word' id='word_1_199' title='bbox 3587 1373 3680 1427; x_wconf 69' lang='grc' dir='ltr'>διὰ</span> 
     </span>
    </p>
   </div>
   <div class='ocr_carea' id='block_1_31' title="bbox 2100 1461 3683 1538">
    <p class='ocr_par' dir='ltr' id='par_1_31' title="bbox 2100 1461 3683 1538">
     <span class='ocr_line' id='line_1_31' title="bbox 2100 1461 3683 1538; baseline -0.002 -18"><span class='ocrx_word' id='word_1_200' title='bbox 2100 1467 2264 1538; x_wconf 77' lang='grc' dir='ltr'>φόϐον</span> <span class='ocrx_word' id='word_1_201' title='bbox 2286 1467 2584 1538; x_wconf 80' lang='grc' dir='ltr'>κρυὸέντες</span> <span class='ocrx_word' id='word_1_202' title='bbox 2607 1465 3111 1534; x_wconf 84' lang='grc' dir='ltr'><strong>ἀναθαρσήσαντες,</strong></span> <span class='ocrx_word' id='word_1_203' title='bbox 3135 1461 3214 1532; x_wconf 84' lang='grc' dir='ltr'>τῷ</span> <span class='ocrx_word' id='word_1_204' title='bbox 3237 1462 3449 1532; x_wconf 86' lang='grc' dir='ltr'>βασιλεί</span> <span class='ocrx_word' id='word_1_205' title='bbox 3478 1481 3683 1535; x_wconf 81' lang='grc' dir='ltr'>προσε-</span> 
     </span>
    </p>
   </div>
   <div class='ocr_carea' id='block_1_32' title="bbox 2097 1557 3677 1628">
    <p class='ocr_par' dir='ltr' id='par_1_32' title="bbox 2097 1557 3677 1628">
     <span class='ocr_line' id='line_1_32' title="bbox 2097 1557 3677 1628; baseline 0 -13"><span class='ocrx_word' id='word_1_206' title='bbox 2097 1562 2315 1615; x_wconf 90' lang='grc' dir='ltr'>τίθεντο</span> <span class='ocrx_word' id='word_1_207' title='bbox 2345 1576 2360 1591; x_wconf 78' lang='grc'><strong><em>⁸</em></strong></span> <span class='ocrx_word' id='word_1_208' title='bbox 2419 1563 2516 1614; x_wconf 78' lang='grc' dir='ltr'>καὶ</span> <span class='ocrx_word' id='word_1_209' title='bbox 2576 1560 2786 1614; x_wconf 82' lang='grc' dir='ltr'><strong>διώκων</strong></span> <span class='ocrx_word' id='word_1_210' title='bbox 2842 1558 2969 1621; x_wconf 79' lang='grc' dir='ltr'>τοὺς</span> <span class='ocrx_word' id='word_1_211' title='bbox 3027 1557 3315 1628; x_wconf 84' lang='grc' dir='ltr'>πολεμίους</span> <span class='ocrx_word' id='word_1_212' title='bbox 3376 1560 3677 1616; x_wconf 83' lang='grc' dir='ltr'>ὲκτίννυεν.</span> 
     </span>
    </p>
   </div>
   <div class='ocr_carea' id='block_1_33' title="bbox 2112 1649 3682 1724">
    <p class='ocr_par' dir='ltr' id='par_1_33' title="bbox 2112 1649 3682 1724">
     <span class='ocr_line' id='line_1_33' title="bbox 2112 1649 3682 1724; baseline -0.003 -15"><span class='ocrx_word' id='word_1_213' title='bbox 2112 1655 2421 1724; x_wconf 82' lang='grc' dir='ltr'>Ἐπαρᾶται</span> <span class='ocrx_word' id='word_1_214' title='bbox 2452 1653 2631 1708; x_wconf 90' lang='grc' dir='ltr'>τοίνυν</span> <span class='ocrx_word' id='word_1_215' title='bbox 2669 1655 2784 1716; x_wconf 86' lang='grc' dir='ltr'>τοῖς</span> <span class='ocrx_word' id='word_1_216' title='bbox 2829 1649 3018 1712; x_wconf 79' lang='grc' dir='ltr'>αὑτοῦ,</span> <span class='ocrx_word' id='word_1_217' title='bbox 3066 1650 3119 1702; x_wconf 85' lang='grc' dir='ltr'>εῐ</span> <span class='ocrx_word' id='word_1_218' title='bbox 3169 1666 3255 1714; x_wconf 90' lang='grc' dir='ltr'><strong>τις</strong></span> <span class='ocrx_word' id='word_1_219' title='bbox 3301 1650 3682 1722; x_wconf 80' lang='grc' dir='ltr'>ἀποσχόμενος</span> 
     </span>
    </p>
   </div>
   <div class='ocr_carea' id='block_1_34' title="bbox 417 1736 1997 1816">
    <p class='ocr_par' dir='ltr' id='par_1_34' title="bbox 417 1737 1997 1815">
     <span class='ocr_line' id='line_1_34' title="bbox 417 1737 1997 1815; baseline -0.006 -17"><span class='ocrx_word' id='word_1_220' title='bbox 417 1759 479 1799; x_wconf 90' lang='lat' dir='ltr'><strong>ac</strong></span> <span class='ocrx_word' id='word_1_221' title='bbox 505 1744 712 1815; x_wconf 78' lang='lat' dir='ltr'><strong>:Ipsum</strong></span> <span class='ocrx_word' id='word_1_222' title='bbox 735 1743 898 1796; x_wconf 86' lang='lat' dir='ltr'><strong>Deum</strong></span> <span class='ocrx_word' id='word_1_223' title='bbox 925 1749 1105 1802; x_wconf 77' lang='lat' dir='ltr'><strong>testor,</strong></span> <span class='ocrx_word' id='word_1_224' title='bbox 1142 1739 1344 1808; x_wconf 88' lang='lat' dir='ltr'><strong>inquit,</strong></span> <span class='ocrx_word' id='word_1_225' title='bbox 1369 1755 1448 1792; x_wconf 87' lang='lat' dir='ltr'><strong>me</strong></span> <span class='ocrx_word' id='word_1_226' title='bbox 1467 1746 1668 1793; x_wconf 77' lang='lat' dir='ltr'><strong>sontem</strong></span> <span class='ocrx_word' id='word_1_227' title='bbox 1688 1737 1997 1790; x_wconf 76' lang='lat' dir='ltr'><strong>occisurum.</strong></span> 
     </span>
    </p>
   </div>
   <div class='ocr_carea' id='block_1_35' title="bbox 2102 1736 3681 1816">
    <p class='ocr_par' dir='ltr' id='par_1_35' title="bbox 2102 1742 3681 1816">
     <span class='ocr_line' id='line_1_35' title="bbox 2102 1742 3681 1816; baseline -0.002 -17"><span class='ocrx_word' id='word_1_228' title='bbox 2102 1747 2194 1799; x_wconf 85' lang='grc' dir='ltr'><strong>τοῦ</strong></span> <span class='ocrx_word' id='word_1_229' title='bbox 2229 1749 2478 1816; x_wconf 75' lang='grc' dir='ltr'>φονεύειν</span> <span class='ocrx_word' id='word_1_230' title='bbox 2511 1745 2640 1807; x_wconf 77' lang='grc' dir='ltr'>τοὺς</span> <span class='ocrx_word' id='word_1_231' title='bbox 2672 1743 2920 1814; x_wconf 79' lang='grc' dir='ltr'>ἐχθροὺς,</span> <span class='ocrx_word' id='word_1_232' title='bbox 2952 1744 3139 1812; x_wconf 81' lang='grc' dir='ltr'>φάγοι,</span> <span class='ocrx_word' id='word_1_233' title='bbox 3165 1746 3214 1798; x_wconf 81' lang='grc' dir='ltr'><strong>εί</strong></span> <span class='ocrx_word' id='word_1_234' title='bbox 3242 1743 3318 1814; x_wconf 78' lang='grc' dir='ltr'><strong>μὴ</strong></span> <span class='ocrx_word' id='word_1_235' title='bbox 3348 1742 3446 1808; x_wconf 81' lang='grc' dir='ltr'><strong>νὺξ</strong></span> <span class='ocrx_word' id='word_1_236' title='bbox 3477 1744 3681 1807; x_wconf 82' lang='grc' dir='ltr'>αὐτοὺς</span> 
     </span>
    </p>
   </div>
   <div class='ocr_carea' id='block_1_36' title="bbox 415 1829 1988 1902">
    <p class='ocr_par' dir='ltr' id='par_1_36' title="bbox 415 1829 1988 1902">
     <span class='ocr_line' id='line_1_36' title="bbox 415 1829 1988 1902; baseline -0.006 -12"><span class='ocrx_word' id='word_1_237' title='bbox 415 1836 622 1890; x_wconf 79' lang='lat' dir='ltr'><strong>etiamsi</strong></span> <span class='ocrx_word' id='word_1_238' title='bbox 659 1834 800 1902; x_wconf 76' lang='lat' dir='ltr'><strong>ﬁlius</strong></span> <span class='ocrx_word' id='word_1_239' title='bbox 851 1848 999 1886; x_wconf 79' lang='lat' dir='ltr'><strong>meus</strong></span> <span class='ocrx_word' id='word_1_240' title='bbox 1055 1831 1317 1886; x_wconf 79' lang='lat' dir='ltr'><strong>Jonathas</strong></span> <span class='ocrx_word' id='word_1_241' title='bbox 1366 1831 1538 1899; x_wconf 75' lang='lat' dir='ltr'><strong>fuerit.</strong></span> <span class='ocrx_word' id='word_1_242' title='bbox 1592 1829 1752 1885; x_wconf 86' lang='lat' dir='ltr'><strong>Sorte</strong></span> <span class='ocrx_word' id='word_1_243' title='bbox 1797 1830 1988 1893; x_wconf 86' lang='lat' dir='ltr'><strong>ducta,</strong></span> 
     </span>
    </p>
   </div>
   <div class='ocr_carea' id='block_1_37' title="bbox 415 1919 1991 1994">
    <p class='ocr_par' dir='ltr' id='par_1_37' title="bbox 415 1919 1991 1994">
     <span class='ocr_line' id='line_1_37' title="bbox 415 1919 1991 1994; baseline -0.004 -14"><span class='ocrx_word' id='word_1_244' title='bbox 415 1926 678 1981; x_wconf 83' lang='lat' dir='ltr'><strong>Jonathas</strong></span> <span class='ocrx_word' id='word_1_245' title='bbox 710 1924 1052 1994; x_wconf 77' lang='lat' dir='ltr'><strong>designatur,</strong></span> <span class='ocrx_word' id='word_1_246' title='bbox 1083 1923 1177 1992; x_wconf 86' lang='lat' dir='ltr'><strong>qui</strong></span> <span class='ocrx_word' id='word_1_247' title='bbox 1216 1930 1440 1992; x_wconf 88' lang='lat' dir='ltr'><strong>rogatus</strong></span> <span class='ocrx_word' id='word_1_248' title='bbox 1478 1920 1610 1991; x_wconf 90' lang='lat' dir='ltr'><strong>quid</strong></span> <span class='ocrx_word' id='word_1_249' title='bbox 1643 1919 1991 1988; x_wconf 83' lang='lat' dir='ltr'><strong>deliquisset,</strong></span> 
     </span>
    </p>
   </div>
   <div class='ocr_carea' id='block_1_38' title="bbox 416 2009 2024 2086">
    <p class='ocr_par' dir='ltr' id='par_1_38' title="bbox 416 2009 2024 2086">
     <span class='ocr_line' id='line_1_38' title="bbox 416 2009 2024 2086; baseline -0.009 -13"><span class='ocrx_word' id='word_1_250' title='bbox 416 2033 476 2073; x_wconf 80' lang='lat' dir='ltr'><strong>se</strong></span> <span class='ocrx_word' id='word_1_251' title='bbox 497 2017 702 2072; x_wconf 91' lang='lat' dir='ltr'><strong>nullius</strong></span> <span class='ocrx_word' id='word_1_252' title='bbox 735 2017 945 2086; x_wconf 76' lang='lat' dir='ltr'><strong>peccati</strong></span> <span class='ocrx_word' id='word_1_253' title='bbox 978 2015 1083 2069; x_wconf 87' lang='lat' dir='ltr'><strong>sibi</strong></span> <span class='ocrx_word' id='word_1_254' title='bbox 1118 2029 1239 2069; x_wconf 91' lang='lat' dir='ltr'><strong>esse</strong></span> <span class='ocrx_word' id='word_1_255' title='bbox 1269 2013 1555 2068; x_wconf 90' lang='lat' dir='ltr'><strong>conscium</strong></span> <span class='ocrx_word' id='word_1_256' title='bbox 1589 2011 1689 2074; x_wconf 89' lang='lat' dir='ltr'><strong>ait,</strong></span> <span class='ocrx_word' id='word_1_257' title='bbox 1709 2010 1816 2066; x_wconf 88' lang='lat' dir='ltr'><strong>nisi</strong></span> <span class='ocrx_word' id='word_1_258' title='bbox 1841 2009 1990 2080; x_wconf 90' lang='lat' dir='ltr'><strong>quod</strong></span> <span class='ocrx_word' id='word_1_259' title='bbox 2019 2055 2024 2058; x_wconf 87' lang='lat'><strong>.</strong></span> 
     </span>
    </p>
   </div>
   <div class='ocr_carea' id='block_1_39' title="bbox 416 2101 1995 2180">
    <p class='ocr_par' dir='ltr' id='par_1_39' title="bbox 416 2101 1995 2180">
     <span class='ocr_line' id='line_1_39' title="bbox 416 2101 1995 2180; baseline -0.004 -18"><span class='ocrx_word' id='word_1_260' title='bbox 416 2107 621 2180; x_wconf 86' lang='lat' dir='ltr'><strong>pridie,</strong></span> <span class='ocrx_word' id='word_1_261' title='bbox 652 2117 894 2176; x_wconf 68' lang='lat' dir='ltr'><strong>paternae</strong></span> <span class='ocrx_word' id='word_1_262' title='bbox 925 2105 1321 2161; x_wconf 80' lang='lat' dir='ltr'><strong>exsecratiouis</strong></span> <span class='ocrx_word' id='word_1_263' title='bbox 1372 2105 1599 2173; x_wconf 82' lang='lat' dir='ltr'><strong>ignarus</strong></span> <span class='ocrx_word' id='word_1_264' title='bbox 1627 2101 1695 2156; x_wconf 92' lang='lat' dir='ltr'><strong>de</strong></span> <span class='ocrx_word' id='word_1_265' title='bbox 1740 2101 1864 2156; x_wconf 79' lang='lat' dir='ltr'><strong>favo</strong></span> <span class='ocrx_word' id='word_1_266' title='bbox 1893 2117 1995 2172; x_wconf 83' lang='lat' dir='ltr'><strong>gu-</strong></span> 
     </span>
    </p>
   </div>
   <div class='ocr_carea' id='block_1_40' title="bbox 419 2194 1992 2270">
    <p class='ocr_par' dir='ltr' id='par_1_40' title="bbox 419 2194 1992 2270">
     <span class='ocr_line' id='line_1_40' title="bbox 419 2194 1992 2270; baseline -0.006 -15"><span class='ocrx_word' id='word_1_267' title='bbox 419 2209 642 2255; x_wconf 87' lang='lat' dir='ltr'><strong>stasset.</strong></span> <span class='ocrx_word' id='word_1_268' title='bbox 678 2199 757 2253; x_wconf 88' lang='lat' dir='ltr'><strong>Eo</strong></span> <span class='ocrx_word' id='word_1_269' title='bbox 801 2209 959 2270; x_wconf 90' lang='lat' dir='ltr'><strong>pater</strong></span> <span class='ocrx_word' id='word_1_270' title='bbox 987 2199 1214 2260; x_wconf 89' lang='lat' dir='ltr'><strong>audito,</strong></span> <span class='ocrx_word' id='word_1_271' title='bbox 1254 2212 1312 2251; x_wconf 89' lang='lat' dir='ltr'><strong>se</strong></span> <span class='ocrx_word' id='word_1_272' title='bbox 1353 2196 1507 2249; x_wconf 91' lang='lat' dir='ltr'><strong>illum</strong></span> <span class='ocrx_word' id='word_1_273' title='bbox 1542 2195 1859 2248; x_wconf 89' lang='lat' dir='ltr'><strong>occisurum</strong></span> <span class='ocrx_word' id='word_1_274' title='bbox 1899 2194 1992 2263; x_wconf 75' lang='lat' dir='ltr'><strong>ju-</strong></span> 
     </span>
    </p>
   </div>
   <div class='ocr_carea' id='block_1_41' title="bbox 418 2289 1987 2364">
    <p class='ocr_par' dir='ltr' id='par_1_41' title="bbox 418 2289 1987 2364">
     <span class='ocr_line' id='line_1_41' title="bbox 418 2289 1987 2364; baseline -0.007 -16"><span class='ocrx_word' id='word_1_275' title='bbox 418 2303 524 2348; x_wconf 91' lang='lat' dir='ltr'><strong>rat.</strong></span> <span class='ocrx_word' id='word_1_276' title='bbox 561 2295 804 2364; x_wconf 84' lang='lat' dir='ltr'><strong>Populus</strong></span> <span class='ocrx_word' id='word_1_277' title='bbox 829 2299 1019 2347; x_wconf 89' lang='lat' dir='ltr'><strong>contra</strong></span> <span class='ocrx_word' id='word_1_278' title='bbox 1057 2299 1113 2344; x_wconf 89' lang='lat' dir='ltr'><strong>et</strong></span> <span class='ocrx_word' id='word_1_279' title='bbox 1143 2290 1260 2359; x_wconf 85' lang='lat' dir='ltr'><strong>ipse</strong></span> <span class='ocrx_word' id='word_1_280' title='bbox 1285 2289 1434 2359; x_wconf 87' lang='lat' dir='ltr'><strong>jurat</strong></span> <span class='ocrx_word' id='word_1_281' title='bbox 1461 2302 1520 2341; x_wconf 88' lang='lat' dir='ltr'><strong>se</strong></span> <span class='ocrx_word' id='word_1_282' title='bbox 1557 2302 1667 2340; x_wconf 91' lang='lat' dir='ltr'><strong>non</strong></span> <span class='ocrx_word' id='word_1_283' title='bbox 1699 2300 1987 2355; x_wconf 89' lang='lat' dir='ltr'><strong>passurum</strong></span> 
     </span>
    </p>
   </div>
   <div class='ocr_carea' id='block_1_42' title="bbox 423 2376 1992 2447">
    <p class='ocr_par' dir='ltr' id='par_1_42' title="bbox 423 2376 1992 2447">
     <span class='ocr_line' id='line_1_42' title="bbox 423 2376 1992 2447; baseline -0.007 -7"><span class='ocrx_word' id='word_1_284' title='bbox 423 2394 484 2440; x_wconf 89' lang='lat' dir='ltr'><strong>ut</strong></span> <span class='ocrx_word' id='word_1_285' title='bbox 518 2385 762 2440; x_wconf 82' lang='lat' dir='ltr'><strong>victoriae</strong></span> <span class='ocrx_word' id='word_1_286' title='bbox 784 2392 982 2438; x_wconf 89' lang='lat' dir='ltr'><strong>auctor</strong></span> <span class='ocrx_word' id='word_1_287' title='bbox 1019 2380 1303 2435; x_wconf 88' lang='lat' dir='ltr'><strong>occidatur</strong></span> <span class='ocrx_word' id='word_1_288' title='bbox 1337 2395 1350 2431; x_wconf 90' lang='lat'><strong>:</strong></span> <span class='ocrx_word' id='word_1_289' title='bbox 1383 2393 1559 2447; x_wconf 89' lang='lat' dir='ltr'><strong>eoque</strong></span> <span class='ocrx_word' id='word_1_290' title='bbox 1599 2387 1812 2446; x_wconf 90' lang='lat' dir='ltr'><strong>erepto,</strong></span> <span class='ocrx_word' id='word_1_291' title='bbox 1845 2376 1992 2430; x_wconf 86' lang='lat' dir='ltr'><strong>votis</strong></span> 
     </span>
    </p>
   </div>
   <div class='ocr_carea' id='block_1_43' title="bbox 423 2467 1989 2545">
    <p class='ocr_par' dir='ltr' id='par_1_43' title="bbox 423 2467 1989 2545">
     <span class='ocr_line' id='line_1_43' title="bbox 423 2467 1989 2545; baseline -0.006 -15"><span class='ocrx_word' id='word_1_292' title='bbox 423 2477 592 2532; x_wconf 88' lang='lat' dir='ltr'><strong>Deum</strong></span> <span class='ocrx_word' id='word_1_293' title='bbox 623 2476 820 2545; x_wconf 88' lang='lat' dir='ltr'><strong>placat.</strong></span> <span class='ocrx_word' id='word_1_294' title='bbox 847 2473 976 2530; x_wconf 90' lang='lat' dir='ltr'><strong>Saul</strong></span> <span class='ocrx_word' id='word_1_295' title='bbox 1004 2471 1418 2526; x_wconf 69' lang='lat' dir='ltr'><strong>Palzestinorum</strong></span> <span class='ocrx_word' id='word_1_296' title='bbox 1449 2468 1672 2523; x_wconf 89' lang='lat' dir='ltr'><strong>circiter</strong></span> <span class='ocrx_word' id='word_1_297' title='bbox 1705 2467 1989 2537; x_wconf 79' lang='lat' dir='ltr'><strong>sexaginta</strong></span> 
     </span>
    </p>
   </div>
   <div class='ocr_carea' id='block_1_44' title="bbox 421 2558 1990 2634">
    <p class='ocr_par' dir='ltr' id='par_1_44' title="bbox 421 2558 1990 2634">
     <span class='ocr_line' id='line_1_44' title="bbox 421 2558 1990 2634; baseline -0.009 -11"><span class='ocrx_word' id='word_1_298' title='bbox 421 2569 665 2623; x_wconf 88' lang='lat' dir='ltr'><strong>millibus</strong></span> <span class='ocrx_word' id='word_1_299' title='bbox 700 2565 902 2621; x_wconf 89' lang='lat' dir='ltr'><strong>occisis</strong></span> <span class='ocrx_word' id='word_1_300' title='bbox 925 2604 942 2629; x_wconf 89' lang='lat'><strong>,</strong></span> <span class='ocrx_word' id='word_1_301' title='bbox 989 2561 1303 2634; x_wconf 84' lang='lat' dir='ltr'><strong>regreditur</strong></span> <span class='ocrx_word' id='word_1_302' title='bbox 1334 2579 1348 2615; x_wconf 91' lang='lat'>:</span> <span class='ocrx_word' id='word_1_303' title='bbox 1398 2574 1463 2614; x_wconf 89' lang='lat' dir='ltr'><strong>ac</strong></span> <span class='ocrx_word' id='word_1_304' title='bbox 1492 2558 1845 2622; x_wconf 84' lang='lat' dir='ltr'><strong>Ammonitis,</strong></span> <span class='ocrx_word' id='word_1_305' title='bbox 1883 2558 1990 2626; x_wconf 74' lang='lat'><strong>62</strong></span> 
     </span>
    </p>
   </div>
   <div class='ocr_carea' id='block_1_45' title="bbox 421 2651 1989 2725">
    <p class='ocr_par' dir='ltr' id='par_1_45' title="bbox 421 2651 1989 2725">
     <span class='ocr_line' id='line_1_45' title="bbox 421 2651 1989 2725; baseline -0.006 -11"><span class='ocrx_word' id='word_1_306' title='bbox 421 2659 695 2725; x_wconf 84' lang='lat' dir='ltr'><strong>Moabitis,</strong></span> <span class='ocrx_word' id='word_1_307' title='bbox 714 2656 1039 2718; x_wconf 65' lang='lat' dir='ltr'><strong>Palestinis,</strong></span> <span class='ocrx_word' id='word_1_308' title='bbox 1063 2653 1340 2714; x_wconf 71' lang='lat' dir='ltr'><strong>ldumzeis,</strong></span> <span class='ocrx_word' id='word_1_309' title='bbox 1367 2651 1744 2714; x_wconf 86' lang='lat' dir='ltr'><strong>Amalechitis,</strong></span> <span class='ocrx_word' id='word_1_310' title='bbox 1771 2664 1989 2704; x_wconf 86' lang='lat' dir='ltr'><strong>necnon</strong></span> 
     </span>
    </p>
   </div>
   <div class='ocr_carea' id='block_1_46' title="bbox 422 2745 1994 2819">
    <p class='ocr_par' dir='ltr' id='par_1_46' title="bbox 422 2745 1994 2819">
     <span class='ocr_line' id='line_1_46' title="bbox 422 2745 1994 2819; baseline -0.007 -14"><span class='ocrx_word' id='word_1_311' title='bbox 422 2751 580 2805; x_wconf 83' lang='lat' dir='ltr'><strong>Subae</strong></span> <span class='ocrx_word' id='word_1_312' title='bbox 605 2764 732 2819; x_wconf 84' lang='lat' dir='ltr'><strong>rege</strong></span> <span class='ocrx_word' id='word_1_313' title='bbox 767 2747 1034 2810; x_wconf 86' lang='lat' dir='ltr'><strong>subactis,</strong></span> <span class='ocrx_word' id='word_1_314' title='bbox 1062 2745 1338 2802; x_wconf 85' lang='lat' dir='ltr'><strong>lsraelitas</strong></span> <span class='ocrx_word' id='word_1_315' title='bbox 1370 2759 1401 2798; x_wconf 89' lang='lat' dir='ltr'><strong>e</strong></span> <span class='ocrx_word' id='word_1_316' title='bbox 1459 2757 1620 2797; x_wconf 87' lang='lat' dir='ltr'><strong>manu</strong></span> <span class='ocrx_word' id='word_1_317' title='bbox 1675 2751 1994 2798; x_wconf 76' lang='lat' dir='ltr'><strong>exterarum</strong></span> 
     </span>
    </p>
   </div>
   <div class='ocr_carea' id='block_1_47' title="bbox 421 2841 606 2912">
    <p class='ocr_par' dir='ltr' id='par_1_47' title="bbox 421 2841 606 2912">
     <span class='ocr_line' id='line_1_47' title="bbox 421 2841 606 2912; baseline -0.016 -16"><span class='ocrx_word' id='word_1_318' title='bbox 421 2841 606 2912; x_wconf 80' lang='lat' dir='ltr'><strong>eripit.</strong></span> 
     </span>
    </p>
   </div>
   <div class='ocr_carea' id='block_1_48' title="bbox 2097 1830 3671 1905">
    <p class='ocr_par' dir='ltr' id='par_1_48' title="bbox 2097 1830 3671 1905">
     <span class='ocr_line' id='line_1_48' title="bbox 2097 1830 3671 1905; baseline -0.003 -15"><span class='ocrx_word' id='word_1_319' title='bbox 2097 1837 2318 1890; x_wconf 77' lang='grc' dir='ltr'>παύσοι.</span> <span class='ocrx_word' id='word_1_320' title='bbox 2358 1837 2447 1889; x_wconf 82' lang='grc' dir='ltr'>Ἑν</span> <span class='ocrx_word' id='word_1_321' title='bbox 2479 1835 2536 1890; x_wconf 80' lang='grc' dir='ltr'>δὲ</span> <span class='ocrx_word' id='word_1_322' title='bbox 2570 1835 2648 1905; x_wconf 82' lang='grc' dir='ltr'>τῷ</span> <span class='ocrx_word' id='word_1_323' title='bbox 2683 1835 2903 1889; x_wconf 80' lang='grc' dir='ltr'>διώκειν</span> <span class='ocrx_word' id='word_1_324' title='bbox 2937 1835 3080 1889; x_wconf 85' lang='grc' dir='ltr'>κατά</span> <span class='ocrx_word' id='word_1_325' title='bbox 3125 1852 3248 1891; x_wconf 85' lang='grc' dir='ltr'>τινα</span> <span class='ocrx_word' id='word_1_326' title='bbox 3281 1835 3485 1905; x_wconf 77' lang='grc' dir='ltr'>δρυμὸν</span> <span class='ocrx_word' id='word_1_327' title='bbox 3531 1837 3591 1888; x_wconf 79' lang='grc' dir='ltr'>ὲν</span> <span class='ocrx_word' id='word_1_328' title='bbox 3624 1830 3671 1904; x_wconf 79' lang='grc' dir='ltr'><strong>ᾧ</strong></span> 
     </span>
    </p>
   </div>
   <div class='ocr_carea' id='block_1_49' title="bbox 2099 1909 3676 1998">
    <p class='ocr_par' dir='ltr' id='par_1_49' title="bbox 2099 1909 3676 1998">
     <span class='ocr_line' id='line_1_49' title="bbox 2099 1909 3676 1998; baseline 0.001 -18"><span class='ocrx_word' id='word_1_329' title='bbox 2099 1926 2368 1996; x_wconf 84' lang='grc' dir='ltr'>μελισσὼν</span> <span class='ocrx_word' id='word_1_330' title='bbox 2387 1923 2478 1998; x_wconf 77' lang='grc' dir='ltr'>ἦν,</span> <span class='ocrx_word' id='word_1_331' title='bbox 2515 1927 2609 1980; x_wconf 83' lang='grc' dir='ltr'>καὶ</span> <span class='ocrx_word' id='word_1_332' title='bbox 2637 1909 2817 1980; x_wconf 76' lang='grc' dir='ltr'>λαϐών</span> <span class='ocrx_word' id='word_1_333' title='bbox 2845 1927 2875 1980; x_wconf 93' lang='lat'><strong>6</strong></span> <span class='ocrx_word' id='word_1_334' title='bbox 2927 1925 3184 1981; x_wconf 81' lang='grc' dir='ltr'>Ἱωνάθαν</span> <span class='ocrx_word' id='word_1_335' title='bbox 3210 1925 3402 1997; x_wconf 83' lang='grc' dir='ltr'>κηρίον</span> <span class='ocrx_word' id='word_1_336' title='bbox 3439 1925 3676 1996; x_wconf 84' lang='grc' dir='ltr'>μέλιτος.</span> 
     </span>
    </p>
   </div>
   <div class='ocr_carea' id='block_1_50' title="bbox 2093 2011 3675 2087">
    <p class='ocr_par' dir='ltr' id='par_1_50' title="bbox 2093 2011 3675 2087">
     <span class='ocr_line' id='line_1_50' title="bbox 2093 2011 3675 2087; baseline -0.001 -17"><span class='ocrx_word' id='word_1_337' title='bbox 2093 2018 2296 2087; x_wconf 78' lang='grc' dir='ltr'>ἔφαγεν</span> <span class='ocrx_word' id='word_1_338' title='bbox 2322 2032 2336 2046; x_wconf 71' lang='grc'>⁸</span> <span class='ocrx_word' id='word_1_339' title='bbox 2368 2017 2429 2070; x_wconf 81' lang='grc' dir='ltr'>οὐ</span> <span class='ocrx_word' id='word_1_340' title='bbox 2469 2017 2577 2086; x_wconf 80' lang='grc' dir='ltr'>γὰρ</span> <span class='ocrx_word' id='word_1_341' title='bbox 2615 2011 2684 2086; x_wconf 79' lang='grc' dir='ltr'>ἦν</span> <span class='ocrx_word' id='word_1_342' title='bbox 2719 2015 2973 2086; x_wconf 80' lang='grc' dir='ltr'>ἀκηκοὼς</span> <span class='ocrx_word' id='word_1_343' title='bbox 3011 2017 3112 2085; x_wconf 84' lang='grc' dir='ltr'><strong>τῆς</strong></span> <span class='ocrx_word' id='word_1_344' title='bbox 3143 2017 3285 2086; x_wconf 81' lang='grc' dir='ltr'>ἀρᾶς</span> <span class='ocrx_word' id='word_1_345' title='bbox 3319 2014 3412 2068; x_wconf 90' lang='grc' dir='ltr'><strong>τοῦ</strong></span> <span class='ocrx_word' id='word_1_346' title='bbox 3445 2014 3675 2086; x_wconf 86' lang='grc' dir='ltr'>πατρός.</span> 
     </span>
    </p>
   </div>
   <div class='ocr_carea' id='block_1_51' title="bbox 2105 2106 3679 2180">
    <p class='ocr_par' dir='ltr' id='par_1_51' title="bbox 2105 2106 3679 2180">
     <span class='ocr_line' id='line_1_51' title="bbox 2105 2106 3679 2180; baseline -0.006 -14"><span class='ocrx_word' id='word_1_347' title='bbox 2105 2109 2388 2166; x_wconf 80' lang='grc' dir='ltr'>Ἐπελοεῖν</span> <span class='ocrx_word' id='word_1_348' title='bbox 2434 2108 2490 2162; x_wconf 81' lang='grc' dir='ltr'>δὲ</span> <span class='ocrx_word' id='word_1_349' title='bbox 2537 2107 2822 2178; x_wconf 76' lang='grc' dir='ltr'>βουληθεὶς</span> <span class='ocrx_word' id='word_1_350' title='bbox 2860 2108 2889 2158; x_wconf 91' lang='lat'><strong>6</strong></span> <span class='ocrx_word' id='word_1_351' title='bbox 2924 2106 3096 2160; x_wconf 82' lang='grc' dir='ltr'>Σαοὺλ</span> <span class='ocrx_word' id='word_1_352' title='bbox 3147 2110 3216 2180; x_wconf 78' lang='grc' dir='ltr'><strong>τῇ</strong></span> <span class='ocrx_word' id='word_1_353' title='bbox 3262 2107 3372 2160; x_wconf 88' lang='grc' dir='ltr'><strong>τῶν</strong></span> <span class='ocrx_word' id='word_1_354' title='bbox 3422 2107 3679 2159; x_wconf 70' lang='grc' dir='ltr'>ἐναντίων</span> 
     </span>
    </p>
   </div>
   <div class='ocr_carea' id='block_1_52' title="bbox 2094 2197 3679 2272">
    <p class='ocr_par' dir='ltr' id='par_1_52' title="bbox 2094 2197 3679 2272">
     <span class='ocr_line' id='line_1_52' title="bbox 2094 2197 3679 2272; baseline -0.003 -19"><span class='ocrx_word' id='word_1_355' title='bbox 2094 2200 2419 2272; x_wconf 73' lang='grc' dir='ltr'>παρεμδολῇ</span> <span class='ocrx_word' id='word_1_356' title='bbox 2475 2198 2664 2270; x_wconf 75' lang='grc' dir='ltr'>ἠρώτα</span> <span class='ocrx_word' id='word_1_357' title='bbox 2694 2200 2782 2252; x_wconf 85' lang='grc' dir='ltr'>διὰ</span> <span class='ocrx_word' id='word_1_358' title='bbox 2814 2198 2908 2254; x_wconf 89' lang='grc' dir='ltr'><strong>τοῦ</strong></span> <span class='ocrx_word' id='word_1_359' title='bbox 2953 2199 3256 2270; x_wconf 78' lang='grc' dir='ltr'>ἀρχιερέως</span> <span class='ocrx_word' id='word_1_360' title='bbox 3299 2197 3392 2252; x_wconf 88' lang='grc' dir='ltr'><strong>τδν</strong></span> <span class='ocrx_word' id='word_1_361' title='bbox 3434 2197 3590 2262; x_wconf 80' lang='grc' dir='ltr'>Θεὸν,</span> <span class='ocrx_word' id='word_1_362' title='bbox 3627 2198 3679 2249; x_wconf 88' lang='grc' dir='ltr'><strong>εί</strong></span> 
     </span>
    </p>
   </div>
   <div class='ocr_carea' id='block_1_53' title="bbox 2096 2287 3678 2361">
    <p class='ocr_par' dir='ltr' id='par_1_53' title="bbox 2096 2287 3678 2361">
     <span class='ocr_line' id='line_1_53' title="bbox 2096 2287 3678 2361; baseline -0.003 -17"><span class='ocrx_word' id='word_1_363' title='bbox 2096 2290 2282 2345; x_wconf 87' lang='grc' dir='ltr'>δίδωσι</span> <span class='ocrx_word' id='word_1_364' title='bbox 2311 2291 2508 2361; x_wconf 85' lang='grc' dir='ltr'>νίκην;</span> <span class='ocrx_word' id='word_1_365' title='bbox 2547 2289 2654 2342; x_wconf 89' lang='grc' dir='ltr'>Τοῦ</span> <span class='ocrx_word' id='word_1_366' title='bbox 2679 2289 2736 2342; x_wconf 84' lang='grc' dir='ltr'>δὲ</span> <span class='ocrx_word' id='word_1_367' title='bbox 2764 2288 2900 2342; x_wconf 83' lang='grc' dir='ltr'>Θεοῦ</span> <span class='ocrx_word' id='word_1_368' title='bbox 2937 2289 3015 2360; x_wconf 82' lang='grc' dir='ltr'>μὴ</span> <span class='ocrx_word' id='word_1_369' title='bbox 3056 2288 3367 2358; x_wconf 78' lang='grc' dir='ltr'>δηλοῦντος,</span> <span class='ocrx_word' id='word_1_370' title='bbox 3402 2287 3587 2358; x_wconf 70' lang='grc' dir='ltr'>ἐζήτει</span> <span class='ocrx_word' id='word_1_371' title='bbox 3613 2289 3678 2340; x_wconf 84' lang='grc' dir='ltr'>τὸ</span> 
     </span>
    </p>
   </div>
   <div class='ocr_carea' id='block_1_54' title="bbox 2098 2377 3678 2449">
    <p class='ocr_par' dir='ltr' id='par_1_54' title="bbox 2098 2377 3678 2449">
     <span class='ocr_line' id='line_1_54' title="bbox 2098 2377 3678 2449; baseline -0.001 -16"><span class='ocrx_word' id='word_1_372' title='bbox 2098 2381 2290 2435; x_wconf 85' lang='grc' dir='ltr'>αίτιον.</span> <span class='ocrx_word' id='word_1_373' title='bbox 2319 2381 2450 2444; x_wconf 86' lang='lat' dir='ltr'><strong>Kal,</strong></span> <span class='ocrx_word' id='word_1_374' title='bbox 2485 2381 2766 2448; x_wconf 81' lang='grc' dir='ltr'>Ὄμνυμι,</span> <span class='ocrx_word' id='word_1_375' title='bbox 2799 2378 2929 2449; x_wconf 74' lang='grc' dir='ltr'>ἔφη,</span> <span class='ocrx_word' id='word_1_376' title='bbox 2971 2380 3162 2433; x_wconf 83' lang='grc' dir='ltr'>αὐτὸν</span> <span class='ocrx_word' id='word_1_377' title='bbox 3187 2378 3296 2432; x_wconf 87' lang='grc' dir='ltr'>τὸν</span> <span class='ocrx_word' id='word_1_378' title='bbox 3322 2377 3492 2443; x_wconf 83' lang='grc' dir='ltr'>Θεὸν,</span> <span class='ocrx_word' id='word_1_379' title='bbox 3524 2378 3678 2432; x_wconf 76' lang='grc' dir='ltr'>ἁπο-</span> 
     </span>
    </p>
   </div>
   <div class='ocr_carea' id='block_1_55' title="bbox 2096 2467 3680 2539">
    <p class='ocr_par' dir='ltr' id='par_1_55' title="bbox 2096 2467 3680 2539">
     <span class='ocr_line' id='line_1_55' title="bbox 2096 2467 3680 2539; baseline -0.003 -14"><span class='ocrx_word' id='word_1_380' title='bbox 2096 2471 2361 2525; x_wconf 79' lang='grc' dir='ltr'>κτείνειν</span> <span class='ocrx_word' id='word_1_381' title='bbox 2380 2472 2488 2522; x_wconf 81' lang='grc' dir='ltr'>τὸν</span> <span class='ocrx_word' id='word_1_382' title='bbox 2516 2471 2878 2539; x_wconf 78' lang='grc' dir='ltr'>ἁμαρτόντα,</span> <span class='ocrx_word' id='word_1_383' title='bbox 2905 2469 3023 2525; x_wconf 79' lang='grc' dir='ltr'>κᾶν</span> <span class='ocrx_word' id='word_1_384' title='bbox 3065 2469 3351 2525; x_wconf 81' lang='grc' dir='ltr'>’Ῑωνάθαν</span> <span class='ocrx_word' id='word_1_385' title='bbox 3368 2469 3461 2538; x_wconf 77' lang='grc' dir='ltr'>εἴη</span> <span class='ocrx_word' id='word_1_386' title='bbox 3483 2471 3516 2521; x_wconf 80' lang='grc' dir='ltr'><strong>ό</strong></span> <span class='ocrx_word' id='word_1_387' title='bbox 3536 2467 3680 2534; x_wconf 74' lang='grc' dir='ltr'>παῖς</span> 
     </span>
    </p>
   </div>
   <div class='ocr_carea' id='block_1_56' title="bbox 2101 2561 3680 2634">
    <p class='ocr_par' dir='ltr' id='par_1_56' title="bbox 2101 2561 3680 2634">
     <span class='ocr_line' id='line_1_56' title="bbox 2101 2561 3680 2634; baseline -0.001 -17"><span class='ocrx_word' id='word_1_388' title='bbox 2101 2564 2133 2617; x_wconf 84' lang='lat' dir='ltr'><strong>d</strong></span> <span class='ocrx_word' id='word_1_389' title='bbox 2155 2563 2315 2630; x_wconf 81' lang='grc' dir='ltr'>ἐμός.</span> <span class='ocrx_word' id='word_1_390' title='bbox 2351 2563 2463 2616; x_wconf 88' lang='lat' dir='ltr'><strong>Kal</strong></span> <span class='ocrx_word' id='word_1_391' title='bbox 2497 2563 2967 2634; x_wconf 81' lang='grc' dir='ltr'>κληρωσαμένων,</span> <span class='ocrx_word' id='word_1_392' title='bbox 3000 2563 3091 2616; x_wconf 74' lang='grc' dir='ltr'><strong>ἐπὶ</strong></span> <span class='ocrx_word' id='word_1_393' title='bbox 3134 2562 3395 2616; x_wconf 81' lang='grc' dir='ltr'>Ἰωνάθαν</span> <span class='ocrx_word' id='word_1_394' title='bbox 3424 2566 3453 2616; x_wconf 98' lang='lat'><strong>6</strong></span> <span class='ocrx_word' id='word_1_395' title='bbox 3475 2561 3680 2632; x_wconf 83' lang='grc' dir='ltr'>κλῆρος</span> 
     </span>
    </p>
   </div>
   <div class='ocr_carea' id='block_1_57' title="bbox 2101 2652 3679 2726">
    <p class='ocr_par' dir='ltr' id='par_1_57' title="bbox 2101 2652 3679 2726">
     <span class='ocr_line' id='line_1_57' title="bbox 2101 2652 3679 2726; baseline 0 -20"><span class='ocrx_word' id='word_1_396' title='bbox 2101 2652 2319 2708; x_wconf 75' lang='grc' dir='ltr'>ἔπεσεν.</span> <span class='ocrx_word' id='word_1_397' title='bbox 2363 2653 2426 2706; x_wconf 91' lang='lat'><strong>&#39;0</strong></span> <span class='ocrx_word' id='word_1_398' title='bbox 2455 2653 2513 2706; x_wconf 85' lang='grc' dir='ltr'>δὲ</span> <span class='ocrx_word' id='word_1_399' title='bbox 2544 2655 2673 2723; x_wconf 77' lang='grc' dir='ltr'>περὶ</span> <span class='ocrx_word' id='word_1_400' title='bbox 2723 2655 3000 2726; x_wconf 83' lang='grc' dir='ltr'>ἁμαρτίας</span> <span class='ocrx_word' id='word_1_401' title='bbox 3036 2655 3486 2726; x_wconf 79' lang='grc' dir='ltr'>ἀνακρινόμενος,</span> <span class='ocrx_word' id='word_1_402' title='bbox 3521 2653 3679 2708; x_wconf 82' lang='grc' dir='ltr'>οὐδὲν</span> 
     </span>
    </p>
   </div>
   <div class='ocr_carea' id='block_1_58' title="bbox 2102 2738 3677 2816">
    <p class='ocr_par' dir='ltr' id='par_1_58' title="bbox 2102 2738 3677 2816">
     <span class='ocr_line' id='line_1_58' title="bbox 2102 2738 3677 2816; baseline 0.001 -22"><span class='ocrx_word' id='word_1_403' title='bbox 2102 2738 2256 2796; x_wconf 82' lang='grc' dir='ltr'>εἶπεν</span> <span class='ocrx_word' id='word_1_404' title='bbox 2302 2743 2480 2814; x_wconf 82' lang='grc' dir='ltr'>ἐαυτῷ</span> <span class='ocrx_word' id='word_1_405' title='bbox 2511 2743 2832 2806; x_wconf 85' lang='grc' dir='ltr'>συνειδέναι,</span> <span class='ocrx_word' id='word_1_406' title='bbox 2862 2746 2896 2813; x_wconf 78' lang='grc' dir='ltr'>ἢ</span> <span class='ocrx_word' id='word_1_407' title='bbox 2930 2747 3013 2798; x_wconf 83' lang='grc' dir='ltr'>ὅτι</span> <span class='ocrx_word' id='word_1_408' title='bbox 3059 2746 3187 2815; x_wconf 80' lang='grc' dir='ltr'>χθὲς</span> <span class='ocrx_word' id='word_1_409' title='bbox 3211 2747 3310 2816; x_wconf 77' lang='grc' dir='ltr'>τὴν</span> <span class='ocrx_word' id='word_1_410' title='bbox 3337 2746 3477 2815; x_wconf 78' lang='grc' dir='ltr'>ἀρὰν</span> <span class='ocrx_word' id='word_1_411' title='bbox 3509 2746 3677 2812; x_wconf 81' lang='grc' dir='ltr'>ἀγνο-</span> 
     </span>
    </p>
   </div>
   <div class='ocr_carea' id='block_1_59' title="bbox 2103 2834 3680 2909">
    <p class='ocr_par' dir='ltr' id='par_1_59' title="bbox 2103 2834 3680 2909">
     <span class='ocr_line' id='line_1_59' title="bbox 2103 2834 3680 2909; baseline 0.001 -22"><span class='ocrx_word' id='word_1_412' title='bbox 2103 2834 2266 2904; x_wconf 82' lang='grc' dir='ltr'>ήσας,</span> <span class='ocrx_word' id='word_1_413' title='bbox 2297 2836 2354 2888; x_wconf 87' lang='grc' dir='ltr'>ὲν</span> <span class='ocrx_word' id='word_1_414' title='bbox 2383 2835 2460 2905; x_wconf 83' lang='grc' dir='ltr'><strong>τῷ</strong></span> <span class='ocrx_word' id='word_1_415' title='bbox 2482 2835 2697 2889; x_wconf 85' lang='grc' dir='ltr'>διώκειν</span> <span class='ocrx_word' id='word_1_416' title='bbox 2725 2838 3044 2909; x_wconf 75' lang='grc' dir='ltr'>ἐγευσάμην</span> <span class='ocrx_word' id='word_1_417' title='bbox 3080 2839 3300 2908; x_wconf 88' lang='grc' dir='ltr'>κηρίου.</span> <span class='ocrx_word' id='word_1_418' title='bbox 3322 2838 3590 2900; x_wconf 82' lang='grc' dir='ltr'>Ἀκούσας</span> <span class='ocrx_word' id='word_1_419' title='bbox 3622 2836 3680 2890; x_wconf 70' lang='grc' dir='ltr'>δὲ</span> 
     </span>
    </p>
   </div>
   <div class='ocr_carea' id='block_1_60' title="bbox 421 2924 3683 3005">
    <p class='ocr_par' dir='ltr' id='par_1_60' title="bbox 421 2924 3683 3005">
     <span class='ocr_line' id='line_1_60' title="bbox 421 2924 3683 3005; baseline -0.002 -16"><span class='ocrx_word' id='word_1_420' title='bbox 421 2937 450 2989; x_wconf 92' lang='lat'><strong>6</strong></span> <span class='ocrx_word' id='word_1_421' title='bbox 482 2936 688 3005; x_wconf 78' lang='grc' dir='ltr'>πατὴρ,</span> <span class='ocrx_word' id='word_1_422' title='bbox 739 2934 1062 2989; x_wconf 78' lang='grc' dir='ltr'>ἀποκτενεῖν</span> <span class='ocrx_word' id='word_1_423' title='bbox 1091 2930 1254 2982; x_wconf 72' lang='grc' dir='ltr'>αὐτὸν</span> <span class='ocrx_word' id='word_1_424' title='bbox 1283 2928 1486 2998; x_wconf 78' lang='grc' dir='ltr'>ὤμοσε.</span> <span class='ocrx_word' id='word_1_425' title='bbox 1517 2927 1627 2979; x_wconf 86' lang='lat' dir='ltr'><strong>Kal</strong></span> <span class='ocrx_word' id='word_1_426' title='bbox 1656 2927 1684 2978; x_wconf 93' lang='lat'><strong>6</strong></span> <span class='ocrx_word' id='word_1_427' title='bbox 1715 2925 1844 2988; x_wconf 82' lang='grc' dir='ltr'>λαὸς</span> <span class='ocrx_word' id='word_1_428' title='bbox 1866 2924 2174 2997; x_wconf 84' lang='grc' dir='ltr'>ἀντώμοσε,</span> <span class='ocrx_word' id='word_1_429' title='bbox 2246 2928 2321 2999; x_wconf 81' lang='grc' dir='ltr'>μὴ</span> <span class='ocrx_word' id='word_1_430' title='bbox 2385 2930 2746 3000; x_wconf 77' lang='grc' dir='ltr'>περιόψεσθαι</span> <span class='ocrx_word' id='word_1_431' title='bbox 2769 2932 2861 2986; x_wconf 80' lang='grc' dir='ltr'>τὸν</span> <span class='ocrx_word' id='word_1_432' title='bbox 2892 2932 3065 2986; x_wconf 78' lang='grc' dir='ltr'>αἴτιον</span> <span class='ocrx_word' id='word_1_433' title='bbox 3112 2932 3213 3002; x_wconf 81' lang='grc' dir='ltr'>τῆς</span> <span class='ocrx_word' id='word_1_434' title='bbox 3257 2933 3414 3002; x_wconf 84' lang='grc' dir='ltr'>νίκης</span> <span class='ocrx_word' id='word_1_435' title='bbox 3475 2933 3683 2987; x_wconf 79' lang='grc' dir='ltr'>ἀποθα-</span> 
     </span>
    </p>
   </div>
   <div class='ocr_carea' id='block_1_61' title="bbox 424 3018 3677 3098">
    <p class='ocr_par' dir='ltr' id='par_1_61' title="bbox 424 3018 3677 3098">
     <span class='ocr_line' id='line_1_61' title="bbox 424 3018 3677 3098; baseline -0.001 -16"><span class='ocrx_word' id='word_1_436' title='bbox 424 3029 704 3098; x_wconf 77' lang='grc' dir='ltr'>νούμενον.</span> <span class='ocrx_word' id='word_1_437' title='bbox 736 3028 842 3081; x_wconf 87' lang='lat' dir='ltr'><strong>Kal</strong></span> <span class='ocrx_word' id='word_1_438' title='bbox 873 3023 1281 3094; x_wconf 79' lang='grc' dir='ltr'>ὲξαρπάσαντες</span> <span class='ocrx_word' id='word_1_439' title='bbox 1311 3021 1494 3084; x_wconf 81' lang='grc' dir='ltr'>αὐτὸν,</span> <span class='ocrx_word' id='word_1_440' title='bbox 1523 3021 1712 3090; x_wconf 84' lang='grc' dir='ltr'>εὐχαῖς</span> <span class='ocrx_word' id='word_1_441' title='bbox 1738 3019 1830 3072; x_wconf 82' lang='grc' dir='ltr'>τὸν</span> <span class='ocrx_word' id='word_1_442' title='bbox 1865 3018 1998 3073; x_wconf 79' lang='grc' dir='ltr'>Θεὸν</span> <span class='ocrx_word' id='word_1_443' title='bbox 2037 3019 2404 3086; x_wconf 75' lang='grc' dir='ltr'>ἐξιλάσκοντο.</span> <span class='ocrx_word' id='word_1_444' title='bbox 2465 3023 2795 3094; x_wconf 86' lang='grc' dir='ltr'>Διαφθείρας</span> <span class='ocrx_word' id='word_1_445' title='bbox 2822 3025 2880 3078; x_wconf 78' lang='grc' dir='ltr'>δὲ</span> <span class='ocrx_word' id='word_1_446' title='bbox 2917 3027 2944 3078; x_wconf 90' lang='lat'><strong>6</strong></span> <span class='ocrx_word' id='word_1_447' title='bbox 2968 3026 3139 3080; x_wconf 86' lang='grc' dir='ltr'>Σαοὺλ</span> <span class='ocrx_word' id='word_1_448' title='bbox 3165 3025 3298 3079; x_wconf 77' lang='grc' dir='ltr'>ὡσεὶ</span> <span class='ocrx_word' id='word_1_449' title='bbox 3322 3025 3591 3096; x_wconf 69' lang='grc' dir='ltr'>μυριάδας</span> <span class='ocrx_word' id='word_1_450' title='bbox 3615 3026 3677 3092; x_wconf 78' lang='grc' dir='ltr'>ἓξ</span> 
     </span>
    </p>
   </div>
   <div class='ocr_carea' id='block_1_62' title="bbox 422 3109 3678 3183">
    <p class='ocr_par' dir='ltr' id='par_1_62' title="bbox 422 3109 3678 3183">
     <span class='ocr_line' id='line_1_62' title="bbox 422 3109 3678 3183; baseline -0.007 -13"><span class='ocrx_word' id='word_1_451' title='bbox 422 3118 532 3172; x_wconf 85' lang='grc' dir='ltr'><strong>τῶν</strong></span> <span class='ocrx_word' id='word_1_452' title='bbox 563 3114 961 3176; x_wconf 83' lang='grc' dir='ltr'>Παλαιστινῶν,</span> <span class='ocrx_word' id='word_1_453' title='bbox 997 3109 1429 3183; x_wconf 75' lang='grc' dir='ltr'>ἀνθυπέστρεψε.</span> <span class='ocrx_word' id='word_1_454' title='bbox 1458 3110 1751 3177; x_wconf 81' lang='grc' dir='ltr'>Χειροῦται</span> <span class='ocrx_word' id='word_1_455' title='bbox 1774 3109 1832 3162; x_wconf 79' lang='grc' dir='ltr'>δὲ</span> <span class='ocrx_word' id='word_1_456' title='bbox 1871 3110 2212 3179; x_wconf 78' lang='grc' dir='ltr'>Ἀμμανίτας</span> <span class='ocrx_word' id='word_1_457' title='bbox 2277 3115 2373 3168; x_wconf 74' lang='grc' dir='ltr'>καὶ</span> <span class='ocrx_word' id='word_1_458' title='bbox 2436 3114 2759 3180; x_wconf 68' lang='grc' dir='ltr'>Μωαϐίτας,</span> <span class='ocrx_word' id='word_1_459' title='bbox 2826 3115 3224 3178; x_wconf 74' lang='grc' dir='ltr'><strong>Παλαιστινούς</strong></span> <span class='ocrx_word' id='word_1_460' title='bbox 3257 3133 3318 3169; x_wconf 76' lang='grc' dir='ltr'>τε</span> <span class='ocrx_word' id='word_1_461' title='bbox 3366 3119 3464 3172; x_wconf 61' lang='grc' dir='ltr'><strong>καὶ</strong></span> <span class='ocrx_word' id='word_1_462' title='bbox 3509 3119 3678 3173; x_wconf 60' lang='grc' dir='ltr'><strong>Ἴδαν,</strong></span> 
     </span>
    </p>
   </div>
   <div class='ocr_carea' id='block_1_63' title="bbox 425 3199 3606 3282">
    <p class='ocr_par' dir='ltr' id='par_1_63' title="bbox 425 3199 3606 3282">
     <span class='ocr_line' id='line_1_63' title="bbox 425 3199 3606 3282; baseline 0.001 -22"><span class='ocrx_word' id='word_1_463' title='bbox 425 3211 623 3282; x_wconf 82' lang='grc' dir='ltr'>μαίους</span> <span class='ocrx_word' id='word_1_464' title='bbox 649 3209 746 3261; x_wconf 65' lang='grc' dir='ltr'>καὶ</span> <span class='ocrx_word' id='word_1_465' title='bbox 767 3204 1166 3276; x_wconf 79' lang='grc' dir='ltr'>Ἀμαληκίτας,</span> <span class='ocrx_word' id='word_1_466' title='bbox 1191 3201 1401 3255; x_wconf 77' lang='grc' dir='ltr'>καὶτὸν</span> <span class='ocrx_word' id='word_1_467' title='bbox 1426 3199 1656 3271; x_wconf 83' lang='grc' dir='ltr'>βασιλέα</span> <span class='ocrx_word' id='word_1_468' title='bbox 1677 3200 1775 3268; x_wconf 81' lang='grc' dir='ltr'>τῆς</span> <span class='ocrx_word' id='word_1_469' title='bbox 1799 3199 1997 3255; x_wconf 79' lang='grc' dir='ltr'>Σουὸᾶ.</span> <span class='ocrx_word' id='word_1_470' title='bbox 2037 3202 2148 3256; x_wconf 76' lang='grc' dir='ltr'><strong>Καὶ</strong></span> <span class='ocrx_word' id='word_1_471' title='bbox 2176 3202 2412 3266; x_wconf 76' lang='grc' dir='ltr'>ἐξείλετο</span> <span class='ocrx_word' id='word_1_472' title='bbox 2437 3203 2531 3259; x_wconf 78' lang='grc' dir='ltr'><strong>τὸν</strong></span> <span class='ocrx_word' id='word_1_473' title='bbox 2566 3204 2785 3277; x_wconf 79' lang='grc' dir='ltr'>Ἰσραὴλ</span> <span class='ocrx_word' id='word_1_474' title='bbox 2815 3207 2882 3260; x_wconf 74' lang='grc' dir='ltr'>ἐκ</span> <span class='ocrx_word' id='word_1_475' title='bbox 2911 3207 3095 3277; x_wconf 81' lang='grc' dir='ltr'>χειρὸς</span> <span class='ocrx_word' id='word_1_476' title='bbox 3121 3206 3232 3260; x_wconf 85' lang='grc' dir='ltr'><strong>τῶν</strong></span> <span class='ocrx_word' id='word_1_477' title='bbox 3267 3207 3606 3274; x_wconf 83' lang='grc' dir='ltr'>ἀλλοφύλων.</span> 
     </span>
    </p>
   </div>
   <div class='ocr_carea' id='block_1_64' title="bbox 496 3293 1997 3372">
    <p class='ocr_par' dir='ltr' id='par_1_64' title="bbox 496 3293 1997 3361">
     <span class='ocr_line' id='line_1_64' title="bbox 496 3293 1997 3361; baseline -0.006 -3"><span class='ocrx_word' id='word_1_478' title='bbox 496 3302 690 3359; x_wconf 74' lang='lat' dir='ltr'><strong>XXIX.</strong></span> <span class='ocrx_word' id='word_1_479' title='bbox 720 3301 873 3354; x_wconf 82' lang='lat' dir='ltr'><strong>Sauli</strong></span> <span class='ocrx_word' id='word_1_480' title='bbox 919 3299 1016 3352; x_wconf 81' lang='lat' dir='ltr'><strong>ﬁlii</strong></span> <span class='ocrx_word' id='word_1_481' title='bbox 1051 3304 1204 3353; x_wconf 88' lang='lat' dir='ltr'><strong>luere</strong></span> <span class='ocrx_word' id='word_1_482' title='bbox 1245 3305 1378 3361; x_wconf 81' lang='lat' dir='ltr'><strong>tres,</strong></span> <span class='ocrx_word' id='word_1_483' title='bbox 1411 3295 1700 3360; x_wconf 80' lang='lat' dir='ltr'><strong>Jonathas,</strong></span> <span class='ocrx_word' id='word_1_484' title='bbox 1747 3293 1910 3350; x_wconf 85' lang='lat' dir='ltr'><strong>Jesus</strong></span> <span class='ocrx_word' id='word_1_485' title='bbox 1945 3302 1997 3350; x_wconf 88' lang='lat' dir='ltr'><strong>et</strong></span> 
     </span>
    </p>
   </div>
   <div class='ocr_carea' id='block_1_65' title="bbox 2102 3293 3684 3372">
    <p class='ocr_par' dir='ltr' id='par_1_65' title="bbox 2174 3295 3684 3372">
     <span class='ocr_line' id='line_1_65' title="bbox 2174 3295 3684 3372; baseline 0.004 -20"><span class='ocrx_word' id='word_1_486' title='bbox 2174 3298 2305 3354; x_wconf 75' lang='lat' dir='ltr'><strong>KG&#39;.</strong></span> <span class='ocrx_word' id='word_1_487' title='bbox 2330 3295 2515 3354; x_wconf 84' lang='grc' dir='ltr'>Ἦσαν</span> <span class='ocrx_word' id='word_1_488' title='bbox 2539 3300 2598 3354; x_wconf 75' lang='grc' dir='ltr'>δὲ</span> <span class='ocrx_word' id='word_1_489' title='bbox 2619 3299 2698 3370; x_wconf 83' lang='grc' dir='ltr'><strong>τῷ</strong></span> <span class='ocrx_word' id='word_1_490' title='bbox 2727 3299 2904 3354; x_wconf 80' lang='grc' dir='ltr'>Σαοὺλ</span> <span class='ocrx_word' id='word_1_491' title='bbox 2930 3301 3040 3354; x_wconf 77' lang='grc' dir='ltr'>υἱοὶ</span> <span class='ocrx_word' id='word_1_492' title='bbox 3071 3302 3244 3372; x_wconf 76' lang='grc' dir='ltr'>τρεῖς,</span> <span class='ocrx_word' id='word_1_493' title='bbox 3296 3301 3555 3358; x_wconf 70' lang='grc' dir='ltr'>Ἰωνᾶθαν</span> <span class='ocrx_word' id='word_1_494' title='bbox 3582 3309 3684 3360; x_wconf 77' lang='grc' dir='ltr'>καὶ</span> 
     </span>
    </p>
   </div>
   <div class='ocr_carea' id='block_1_66' title="bbox 424 3385 2006 3451">
    <p class='ocr_par' dir='ltr' id='par_1_66' title="bbox 424 3385 2006 3451">
     <span class='ocr_line' id='line_1_66' title="bbox 424 3385 2006 3451; baseline -0.006 -2"><span class='ocrx_word' id='word_1_495' title='bbox 424 3392 763 3450; x_wconf 77' lang='lat' dir='ltr'><strong>Melchisus:</strong></span> <span class='ocrx_word' id='word_1_496' title='bbox 798 3405 867 3443; x_wconf 90' lang='lat' dir='ltr'><strong>ac</strong></span> <span class='ocrx_word' id='word_1_497' title='bbox 907 3388 1031 3442; x_wconf 74' lang='lat' dir='ltr'><strong>lilia:</strong></span> <span class='ocrx_word' id='word_1_498' title='bbox 1062 3389 1202 3451; x_wconf 73' lang='lat' dir='ltr'><strong>duae,</strong></span> <span class='ocrx_word' id='word_1_499' title='bbox 1245 3386 1467 3441; x_wconf 86' lang='lat' dir='ltr'><strong>Meroba</strong></span> <span class='ocrx_word' id='word_1_500' title='bbox 1496 3395 1552 3440; x_wconf 91' lang='lat' dir='ltr'><strong>et</strong></span> <span class='ocrx_word' id='word_1_501' title='bbox 1601 3385 1853 3440; x_wconf 83' lang='lat' dir='ltr'><strong>Melchol.</strong></span> <span class='ocrx_word' id='word_1_502' title='bbox 1904 3385 2006 3441; x_wconf 83' lang='lat' dir='ltr'><strong>lm-</strong></span> 
     </span>
    </p>
   </div>
   <div class='ocr_carea' id='block_1_67' title="bbox 425 3477 2005 3554">
    <p class='ocr_par' dir='ltr' id='par_1_67' title="bbox 425 3477 2005 3554">
     <span class='ocr_line' id='line_1_67' title="bbox 425 3477 2005 3554; baseline -0.003 -16"><span class='ocrx_word' id='word_1_503' title='bbox 425 3493 734 3554; x_wconf 88' lang='lat' dir='ltr'><strong>peratorem</strong></span> <span class='ocrx_word' id='word_1_504' title='bbox 779 3487 994 3533; x_wconf 89' lang='lat' dir='ltr'><strong>crearat</strong></span> <span class='ocrx_word' id='word_1_505' title='bbox 1041 3478 1377 3542; x_wconf 85' lang='lat' dir='ltr'><strong>Abeuerem,</strong></span> <span class='ocrx_word' id='word_1_506' title='bbox 1438 3477 1596 3532; x_wconf 67' lang='lat' dir='ltr'><strong>Neris</strong></span> <span class='ocrx_word' id='word_1_507' title='bbox 1649 3477 1870 3546; x_wconf 85' lang='lat' dir='ltr'><strong>cognati</strong></span> <span class='ocrx_word' id='word_1_508' title='bbox 1917 3478 2005 3534; x_wconf 83' lang='lat' dir='ltr'><strong>sui</strong></span> 
     </span>
    </p>
   </div>
   <div class='ocr_carea' id='block_1_68' title="bbox 425 3565 2001 3637">
    <p class='ocr_par' dir='ltr' id='par_1_68' title="bbox 425 3565 2001 3637">
     <span class='ocr_line' id='line_1_68' title="bbox 425 3565 2001 3637; baseline -0.006 -8"><span class='ocrx_word' id='word_1_509' title='bbox 425 3573 620 3630; x_wconf 80' lang='lat' dir='ltr'><strong>ﬁlium.</strong></span> <span class='ocrx_word' id='word_1_510' title='bbox 656 3571 878 3624; x_wconf 79' lang='lat' dir='ltr'><strong>Dixerat</strong></span> <span class='ocrx_word' id='word_1_511' title='bbox 909 3576 1092 3620; x_wconf 89' lang='lat' dir='ltr'><strong>autem</strong></span> <span class='ocrx_word' id='word_1_512' title='bbox 1127 3567 1279 3622; x_wconf 84' lang='lat' dir='ltr'><strong>Sauli</strong></span> <span class='ocrx_word' id='word_1_513' title='bbox 1311 3565 1554 3630; x_wconf 91' lang='lat' dir='ltr'><strong>Samuel,</strong></span> <span class='ocrx_word' id='word_1_514' title='bbox 1586 3565 1786 3637; x_wconf 82' lang='lat' dir='ltr'><strong>jubere</strong></span> <span class='ocrx_word' id='word_1_515' title='bbox 1830 3567 2001 3620; x_wconf 85' lang='lat' dir='ltr'><strong>Deum</strong></span> 
     </span>
    </p>
   </div>
   <div class='ocr_carea' id='block_1_69' title="bbox 427 3655 2007 3726">
    <p class='ocr_par' dir='ltr' id='par_1_69' title="bbox 427 3655 2007 3726">
     <span class='ocr_line' id='line_1_69' title="bbox 427 3655 2007 3726; baseline -0.007 -6"><span class='ocrx_word' id='word_1_516' title='bbox 427 3677 490 3722; x_wconf 88' lang='lat' dir='ltr'><strong>ut</strong></span> <span class='ocrx_word' id='word_1_517' title='bbox 529 3664 764 3720; x_wconf 55' lang='lat' dir='ltr'><strong>caderet</strong></span> <span class='ocrx_word' id='word_1_518' title='bbox 806 3659 1187 3720; x_wconf 82' lang='lat' dir='ltr'><strong>Amalechuin,</strong></span> <span class='ocrx_word' id='word_1_519' title='bbox 1237 3658 1581 3725; x_wconf 89' lang='lat' dir='ltr'><strong>victoriaque</strong></span> <span class='ocrx_word' id='word_1_520' title='bbox 1626 3655 1858 3726; x_wconf 86' lang='lat' dir='ltr'><strong>potitus,</strong></span> <span class='ocrx_word' id='word_1_521' title='bbox 1910 3671 2007 3710; x_wconf 90' lang='lat' dir='ltr'><strong>ne-</strong></span> 
     </span>
    </p>
   </div>
   <div class='ocr_carea' id='block_1_70' title="bbox 427 3748 2000 3824">
    <p class='ocr_par' dir='ltr' id='par_1_70' title="bbox 427 3748 2000 3824">
     <span class='ocr_line' id='line_1_70' title="bbox 427 3748 2000 3824; baseline -0.006 -14"><span class='ocrx_word' id='word_1_522' title='bbox 427 3755 563 3811; x_wconf 91' lang='lat' dir='ltr'><strong>mini</strong></span> <span class='ocrx_word' id='word_1_523' title='bbox 595 3760 865 3824; x_wconf 88' lang='lat' dir='ltr'><strong>parceret,</strong></span> <span class='ocrx_word' id='word_1_524' title='bbox 923 3766 1038 3804; x_wconf 88' lang='lat' dir='ltr'><strong>non</strong></span> <span class='ocrx_word' id='word_1_525' title='bbox 1099 3750 1447 3812; x_wconf 88' lang='lat' dir='ltr'><strong>mulieribus,</strong></span> <span class='ocrx_word' id='word_1_526' title='bbox 1510 3765 1622 3803; x_wconf 90' lang='lat' dir='ltr'><strong>non</strong></span> <span class='ocrx_word' id='word_1_527' title='bbox 1675 3748 2000 3812; x_wconf 80' lang='lat' dir='ltr'><strong>infantibus,</strong></span> 
     </span>
    </p>
   </div>
   <div class='ocr_carea' id='block_1_71' title="bbox 429 3841 2003 3918">
    <p class='ocr_par' dir='ltr' id='par_1_71' title="bbox 429 3841 2003 3918">
     <span class='ocr_line' id='line_1_71' title="bbox 429 3841 2003 3918; baseline -0.005 -16"><span class='ocrx_word' id='word_1_528' title='bbox 429 3864 541 3902; x_wconf 89' lang='lat' dir='ltr'><strong>non</strong></span> <span class='ocrx_word' id='word_1_529' title='bbox 579 3845 849 3918; x_wconf 69' lang='lat' dir='ltr'><strong>iumentis</strong></span> <span class='ocrx_word' id='word_1_530' title='bbox 877 3861 892 3911; x_wconf 86' lang='lat'><strong>;</strong></span> <span class='ocrx_word' id='word_1_531' title='bbox 920 3858 1030 3898; x_wconf 89' lang='lat' dir='ltr'><strong>non</strong></span> <span class='ocrx_word' id='word_1_532' title='bbox 1078 3842 1404 3912; x_wconf 81' lang='lat' dir='ltr'><strong>pecudibus.</strong></span> <span class='ocrx_word' id='word_1_533' title='bbox 1441 3841 1536 3895; x_wconf 90' lang='lat' dir='ltr'><strong>sed</strong></span> <span class='ocrx_word' id='word_1_534' title='bbox 1584 3855 1774 3894; x_wconf 90' lang='lat' dir='ltr'><strong>corum</strong></span> <span class='ocrx_word' id='word_1_535' title='bbox 1806 3856 2003 3894; x_wconf 89' lang='lat' dir='ltr'><strong>nomen</strong></span> 
     </span>
    </p>
   </div>
   <div class='ocr_carea' id='block_1_72' title="bbox 425 3930 2004 4003">
    <p class='ocr_par' dir='ltr' id='par_1_72' title="bbox 425 3930 2004 4003">
     <span class='ocr_line' id='line_1_72' title="bbox 425 3930 2004 4003; baseline -0.008 -8"><span class='ocrx_word' id='word_1_536' title='bbox 425 3938 678 3995; x_wconf 76' lang='lat' dir='ltr'><strong>funditus</strong></span> <span class='ocrx_word' id='word_1_537' title='bbox 740 3936 969 3991; x_wconf 87' lang='lat' dir='ltr'><strong>deleret.</strong></span> <span class='ocrx_word' id='word_1_538' title='bbox 1031 3934 1217 4003; x_wconf 82' lang='lat' dir='ltr'><strong>itaque</strong></span> <span class='ocrx_word' id='word_1_539' title='bbox 1277 3933 1406 3986; x_wconf 83' lang='lat' dir='ltr'><strong>Saul</strong></span> <span class='ocrx_word' id='word_1_540' title='bbox 1469 3946 1594 3986; x_wconf 90' lang='lat' dir='ltr'><strong>cum</strong></span> <span class='ocrx_word' id='word_1_541' title='bbox 1650 3930 2004 3984; x_wconf 75' lang='lat' dir='ltr'><strong>Amaleehitis</strong></span> 
     </span>
    </p>
   </div>
   <div class='ocr_carea' id='block_1_73' title="bbox 429 4022 2006 4102">
    <p class='ocr_par' dir='ltr' id='par_1_73' title="bbox 429 4022 2006 4102">
     <span class='ocr_line' id='line_1_73' title="bbox 429 4022 2006 4102; baseline -0.006 -17"><span class='ocrx_word' id='word_1_542' title='bbox 429 4042 778 4102; x_wconf 85' lang='lat' dir='ltr'><strong>congressus,</strong></span> <span class='ocrx_word' id='word_1_543' title='bbox 812 4027 1004 4081; x_wconf 82' lang='lat' dir='ltr'><strong>hostes</strong></span> <span class='ocrx_word' id='word_1_544' title='bbox 1041 4026 1233 4088; x_wconf 87' lang='lat' dir='ltr'><strong>vincit,</strong></span> <span class='ocrx_word' id='word_1_545' title='bbox 1262 4025 1422 4078; x_wconf 61' lang='lat' dir='ltr'><strong>caedit</strong></span> <span class='ocrx_word' id='word_1_546' title='bbox 1455 4038 1668 4078; x_wconf 88' lang='lat' dir='ltr'><strong>omnes.</strong></span> <span class='ocrx_word' id='word_1_547' title='bbox 1723 4022 1828 4077; x_wconf 86' lang='lat' dir='ltr'><strong>Sed</strong></span> <span class='ocrx_word' id='word_1_548' title='bbox 1865 4023 2006 4092; x_wconf 82' lang='lat' dir='ltr'><strong>Aga-</strong></span> 
     </span>
    </p>
   </div>
   <div class='ocr_carea' id='block_1_74' title="bbox 428 4111 2002 4192">
    <p class='ocr_par' dir='ltr' id='par_1_74' title="bbox 428 4111 2002 4192">
     <span class='ocr_line' id='line_1_74' title="bbox 428 4111 2002 4192; baseline -0.006 -18"><span class='ocrx_word' id='word_1_549' title='bbox 428 4136 556 4192; x_wconf 82' lang='lat' dir='ltr'><strong>gum</strong></span> <span class='ocrx_word' id='word_1_550' title='bbox 607 4119 757 4173; x_wconf 90' lang='lat' dir='ltr'><strong>illius</strong></span> <span class='ocrx_word' id='word_1_551' title='bbox 791 4128 952 4171; x_wconf 79' lang='lat' dir='ltr'><strong>terra:</strong></span> <span class='ocrx_word' id='word_1_552' title='bbox 999 4130 1182 4185; x_wconf 86' lang='lat' dir='ltr'><strong>regem</strong></span> <span class='ocrx_word' id='word_1_553' title='bbox 1216 4115 1272 4168; x_wconf 91' lang='lat' dir='ltr'><strong>in</strong></span> <span class='ocrx_word' id='word_1_554' title='bbox 1315 4122 1644 4183; x_wconf 85' lang='lat' dir='ltr'><strong>potestatem</strong></span> <span class='ocrx_word' id='word_1_555' title='bbox 1697 4111 2002 4178; x_wconf 88' lang='lat' dir='ltr'><strong>redactum,</strong></span> 
     </span>
    </p>
   </div>
   <div class='ocr_carea' id='block_1_75' title="bbox 429 4203 2003 4274">
    <p class='ocr_par' dir='ltr' id='par_1_75' title="bbox 429 4203 2003 4274">
     <span class='ocr_line' id='line_1_75' title="bbox 429 4203 2003 4274; baseline -0.006 -7"><span class='ocrx_word' id='word_1_556' title='bbox 429 4210 792 4268; x_wconf 89' lang='lat' dir='ltr'><strong>admiratione</strong></span> <span class='ocrx_word' id='word_1_557' title='bbox 821 4208 1013 4263; x_wconf 80' lang='lat' dir='ltr'><strong>formae</strong></span> <span class='ocrx_word' id='word_1_558' title='bbox 1048 4215 1106 4261; x_wconf 89' lang='lat' dir='ltr'><strong>et</strong></span> <span class='ocrx_word' id='word_1_559' title='bbox 1139 4205 1570 4274; x_wconf 78' lang='lat' dir='ltr'><strong>magnitudinis,</strong></span> <span class='ocrx_word' id='word_1_560' title='bbox 1597 4219 1708 4258; x_wconf 92' lang='lat' dir='ltr'><strong>non</strong></span> <span class='ocrx_word' id='word_1_561' title='bbox 1741 4203 1945 4259; x_wconf 92' lang='lat' dir='ltr'><strong>occidit</strong></span> <span class='ocrx_word' id='word_1_562' title='bbox 1988 4218 2003 4257; x_wconf 88' lang='lat'><strong>:</strong></span> 
     </span>
    </p>
   </div>
   <div class='ocr_carea' id='block_1_76' title="bbox 429 4293 2003 4369">
    <p class='ocr_par' dir='ltr' id='par_1_76' title="bbox 429 4293 2003 4369">
     <span class='ocr_line' id='line_1_76' title="bbox 429 4293 2003 4369; baseline -0.005 -13"><span class='ocrx_word' id='word_1_563' title='bbox 429 4310 678 4356; x_wconf 90' lang='lat' dir='ltr'><strong>armenta</strong></span> <span class='ocrx_word' id='word_1_564' title='bbox 720 4299 909 4364; x_wconf 87' lang='lat' dir='ltr'><strong>etiam,</strong></span> <span class='ocrx_word' id='word_1_565' title='bbox 945 4312 1159 4369; x_wconf 81' lang='lat' dir='ltr'><strong>greges,</strong></span> <span class='ocrx_word' id='word_1_566' title='bbox 1207 4307 1516 4365; x_wconf 63' lang='lat' dir='ltr'><strong>ceteraque</strong></span> <span class='ocrx_word' id='word_1_567' title='bbox 1553 4293 1780 4360; x_wconf 76' lang='lat' dir='ltr'><strong>eximia,</strong></span> <span class='ocrx_word' id='word_1_568' title='bbox 1830 4293 2003 4348; x_wconf 85' lang='lat' dir='ltr'><strong>divini</strong></span> 
     </span>
    </p>
   </div>
   <div class='ocr_carea' id='block_1_77' title="bbox 432 4386 2005 4456">
    <p class='ocr_par' dir='ltr' id='par_1_77' title="bbox 432 4386 2005 4456">
     <span class='ocr_line' id='line_1_77' title="bbox 432 4386 2005 4456; baseline -0.006 -8"><span class='ocrx_word' id='word_1_569' title='bbox 432 4392 675 4448; x_wconf 88' lang='lat' dir='ltr'><strong>mandati</strong></span> <span class='ocrx_word' id='word_1_570' title='bbox 703 4393 1012 4456; x_wconf 87' lang='lat' dir='ltr'><strong>immemor,</strong></span> <span class='ocrx_word' id='word_1_571' title='bbox 1061 4397 1374 4448; x_wconf 86' lang='lat' dir='ltr'><strong>conservat.</strong></span> <span class='ocrx_word' id='word_1_572' title='bbox 1422 4386 1660 4442; x_wconf 89' lang='lat' dir='ltr'><strong>Proinde</strong></span> <span class='ocrx_word' id='word_1_573' title='bbox 1703 4386 1923 4440; x_wconf 84' lang='lat' dir='ltr'><strong>Samuel</strong></span> <span class='ocrx_word' id='word_1_574' title='bbox 1972 4401 2005 4440; x_wconf 89' lang='lat' dir='ltr'><strong>a</strong></span> 
     </span>
    </p>
   </div>
   <div class='ocr_carea' id='block_1_78' title="bbox 432 4479 2004 4552">
    <p class='ocr_par' dir='ltr' id='par_1_78' title="bbox 432 4479 2004 4552">
     <span class='ocr_line' id='line_1_78' title="bbox 432 4479 2004 4552; baseline -0.005 -12"><span class='ocrx_word' id='word_1_575' title='bbox 432 4485 546 4540; x_wconf 90' lang='lat' dir='ltr'><strong>Deo</strong></span> <span class='ocrx_word' id='word_1_576' title='bbox 605 4484 858 4547; x_wconf 89' lang='lat' dir='ltr'><strong>edoctus,</strong></span> <span class='ocrx_word' id='word_1_577' title='bbox 891 4482 1155 4552; x_wconf 79' lang='lat' dir='ltr'><strong>pmnitere</strong></span> <span class='ocrx_word' id='word_1_578' title='bbox 1209 4497 1337 4536; x_wconf 90' lang='lat' dir='ltr'><strong>eum</strong></span> <span class='ocrx_word' id='word_1_579' title='bbox 1382 4479 1562 4534; x_wconf 87' lang='lat' dir='ltr'><strong>Saulis</strong></span> <span class='ocrx_word' id='word_1_580' title='bbox 1605 4479 1776 4535; x_wconf 89' lang='lat' dir='ltr'><strong>creati</strong></span> <span class='ocrx_word' id='word_1_581' title='bbox 1827 4480 2004 4548; x_wconf 84' lang='lat' dir='ltr'><strong>regis,</strong></span> 
     </span>
    </p>
   </div>
   <div class='ocr_carea' id='block_1_79' title="bbox 430 4573 2006 4644">
    <p class='ocr_par' dir='ltr' id='par_1_79' title="bbox 430 4573 2006 4644">
     <span class='ocr_line' id='line_1_79' title="bbox 430 4573 2006 4644; baseline -0.004 -14"><span class='ocrx_word' id='word_1_582' title='bbox 430 4575 676 4630; x_wconf 90' lang='lat' dir='ltr'><strong>occurrit</strong></span> <span class='ocrx_word' id='word_1_583' title='bbox 703 4576 836 4644; x_wconf 87' lang='lat' dir='ltr'><strong>regi.</strong></span> <span class='ocrx_word' id='word_1_584' title='bbox 884 4575 933 4630; x_wconf 87' lang='lat' dir='ltr'><strong>ls</strong></span> <span class='ocrx_word' id='word_1_585' title='bbox 962 4576 1039 4628; x_wconf 90' lang='lat' dir='ltr'><strong>ait</strong></span> <span class='ocrx_word' id='word_1_586' title='bbox 1067 4589 1125 4629; x_wconf 89' lang='lat' dir='ltr'><strong>se</strong></span> <span class='ocrx_word' id='word_1_587' title='bbox 1165 4574 1396 4643; x_wconf 84' lang='lat' dir='ltr'><strong>gratiam</strong></span> <span class='ocrx_word' id='word_1_588' title='bbox 1435 4573 1638 4626; x_wconf 90' lang='lat' dir='ltr'><strong>habere</strong></span> <span class='ocrx_word' id='word_1_589' title='bbox 1668 4573 1803 4632; x_wconf 89' lang='lat' dir='ltr'><strong>Deo.</strong></span> <span class='ocrx_word' id='word_1_590' title='bbox 1846 4573 2006 4642; x_wconf 74' lang='lat' dir='ltr'><strong>cuius</strong></span> 
     </span>
    </p>
   </div>
   <div class='ocr_carea' id='block_1_80' title="bbox 2118 3389 3682 3466">
    <p class='ocr_par' dir='ltr' id='par_1_80' title="bbox 2118 3389 3682 3466">
     <span class='ocr_line' id='line_1_80' title="bbox 2118 3389 3682 3466; baseline 0.002 -22"><span class='ocrx_word' id='word_1_591' title='bbox 2118 3389 2322 3460; x_wconf 82' lang='grc' dir='ltr'>Ἰησουῖ</span> <span class='ocrx_word' id='word_1_592' title='bbox 2355 3392 2450 3445; x_wconf 67' lang='grc' dir='ltr'>καὶ.</span> <span class='ocrx_word' id='word_1_593' title='bbox 2486 3390 2785 3462; x_wconf 76' lang='grc' dir='ltr'>Μελχισουτ</span> <span class='ocrx_word' id='word_1_594' title='bbox 2816 3407 2834 3424; x_wconf 90' lang='grc'><strong>·</strong></span> <span class='ocrx_word' id='word_1_595' title='bbox 2887 3392 2984 3446; x_wconf 81' lang='grc' dir='ltr'>καὶ</span> <span class='ocrx_word' id='word_1_596' title='bbox 3027 3391 3325 3461; x_wconf 87' lang='grc' dir='ltr'>θυγατέρες</span> <span class='ocrx_word' id='word_1_597' title='bbox 3347 3392 3464 3457; x_wconf 81' lang='grc' dir='ltr'>δύο,</span> <span class='ocrx_word' id='word_1_598' title='bbox 3493 3394 3682 3466; x_wconf 76' lang='grc' dir='ltr'>Μερὸό</span> 
     </span>
    </p>
   </div>
   <div class='ocr_carea' id='block_1_81' title="bbox 2107 3478 3682 3556">
    <p class='ocr_par' dir='ltr' id='par_1_81' title="bbox 2107 3478 3682 3556">
     <span class='ocr_line' id='line_1_81' title="bbox 2107 3478 3682 3556; baseline 0.001 -19"><span class='ocrx_word' id='word_1_599' title='bbox 2107 3482 2206 3537; x_wconf 71' lang='grc' dir='ltr'>καὶ</span> <span class='ocrx_word' id='word_1_600' title='bbox 2232 3482 2466 3553; x_wconf 80' lang='grc' dir='ltr'>Μελγὸλ.</span> <span class='ocrx_word' id='word_1_601' title='bbox 2507 3483 2976 3555; x_wconf 82' lang='grc' dir='ltr'>’Δρχιστρατηγδν</span> <span class='ocrx_word' id='word_1_602' title='bbox 3014 3483 3072 3537; x_wconf 73' lang='grc' dir='ltr'>δὲ</span> <span class='ocrx_word' id='word_1_603' title='bbox 3105 3478 3218 3553; x_wconf 76' lang='grc' dir='ltr'>εἶχε</span> <span class='ocrx_word' id='word_1_604' title='bbox 3251 3484 3344 3537; x_wconf 84' lang='grc' dir='ltr'>τὸν</span> <span class='ocrx_word' id='word_1_605' title='bbox 3396 3485 3682 3556; x_wconf 76' lang='grc' dir='ltr'>’Δσεννὴρ,</span> 
     </span>
    </p>
   </div>
   <div class='ocr_carea' id='block_1_82' title="bbox 2105 3571 3684 3645">
    <p class='ocr_par' dir='ltr' id='par_1_82' title="bbox 2105 3571 3684 3645">
     <span class='ocr_line' id='line_1_82' title="bbox 2105 3571 3684 3645; baseline 0 -19"><span class='ocrx_word' id='word_1_606' title='bbox 2105 3573 2222 3628; x_wconf 81' lang='grc' dir='ltr'>υἱὸν</span> <span class='ocrx_word' id='word_1_607' title='bbox 2271 3573 2393 3643; x_wconf 81' lang='grc' dir='ltr'><strong>Νὴρ</strong></span> <span class='ocrx_word' id='word_1_608' title='bbox 2443 3571 2740 3640; x_wconf 87' lang='grc' dir='ltr'>συγγενοῦς</span> <span class='ocrx_word' id='word_1_609' title='bbox 2769 3571 2961 3627; x_wconf 83' lang='grc' dir='ltr'>αὐτοῦ.</span> <span class='ocrx_word' id='word_1_610' title='bbox 2995 3573 3141 3642; x_wconf 83' lang='grc' dir='ltr'>Ἔφη</span> <span class='ocrx_word' id='word_1_611' title='bbox 3191 3572 3250 3626; x_wconf 72' lang='grc' dir='ltr'>δὲ</span> <span class='ocrx_word' id='word_1_612' title='bbox 3291 3572 3544 3645; x_wconf 68' lang='grc' dir='ltr'>Σαμουὴλ</span> <span class='ocrx_word' id='word_1_613' title='bbox 3599 3575 3684 3643; x_wconf 81' lang='grc' dir='ltr'><strong>τῷ</strong></span> 
     </span>
    </p>
   </div>
   <div class='ocr_carea' id='block_1_83' title="bbox 2106 3662 3680 3734">
    <p class='ocr_par' dir='ltr' id='par_1_83' title="bbox 2106 3662 3680 3734">
     <span class='ocr_line' id='line_1_83' title="bbox 2106 3662 3680 3734; baseline 0 -16"><span class='ocrx_word' id='word_1_614' title='bbox 2106 3664 2302 3730; x_wconf 73' lang='grc' dir='ltr'>Σαοὺλ,</span> <span class='ocrx_word' id='word_1_615' title='bbox 2326 3662 2566 3720; x_wconf 81' lang='grc' dir='ltr'>κελεύειν</span> <span class='ocrx_word' id='word_1_616' title='bbox 2587 3662 2736 3733; x_wconf 84' lang='grc' dir='ltr'><strong>αὐτῷ</strong></span> <span class='ocrx_word' id='word_1_617' title='bbox 2761 3663 2850 3716; x_wconf 82' lang='grc' dir='ltr'>τὸν</span> <span class='ocrx_word' id='word_1_618' title='bbox 2873 3662 3009 3716; x_wconf 82' lang='grc' dir='ltr'>Θεὸν</span> <span class='ocrx_word' id='word_1_619' title='bbox 3035 3663 3270 3727; x_wconf 78' lang='grc' dir='ltr'>πατάξαι</span> <span class='ocrx_word' id='word_1_620' title='bbox 3286 3664 3376 3717; x_wconf 83' lang='grc' dir='ltr'><strong>τὸν</strong></span> <span class='ocrx_word' id='word_1_621' title='bbox 3407 3663 3680 3734; x_wconf 80' lang='grc' dir='ltr'>Ἀμαλὴκ,</span> 
     </span>
    </p>
   </div>
   <div class='ocr_carea' id='block_1_84' title="bbox 2107 3754 3674 3825">
    <p class='ocr_par' dir='ltr' id='par_1_84' title="bbox 2107 3754 3674 3825">
     <span class='ocr_line' id='line_1_84' title="bbox 2107 3754 3674 3825; baseline -0.002 -15"><span class='ocrx_word' id='word_1_622' title='bbox 2107 3757 2201 3810; x_wconf 79' lang='grc' dir='ltr'>καὶ</span> <span class='ocrx_word' id='word_1_623' title='bbox 2229 3757 2601 3825; x_wconf 75' lang='grc' dir='ltr'>κρατήσαντα,</span> <span class='ocrx_word' id='word_1_624' title='bbox 2639 3754 2866 3824; x_wconf 80' lang='grc' dir='ltr'>μηδενὸς</span> <span class='ocrx_word' id='word_1_625' title='bbox 2900 3754 3212 3823; x_wconf 87' lang='grc' dir='ltr'>φείσασθαι,</span> <span class='ocrx_word' id='word_1_626' title='bbox 3255 3755 3336 3825; x_wconf 80' lang='grc' dir='ltr'>μὴ</span> <span class='ocrx_word' id='word_1_627' title='bbox 3370 3756 3674 3824; x_wconf 79' lang='grc' dir='ltr'>γυναικῶν,</span> 
     </span>
    </p>
   </div>
   <div class='ocr_carea' id='block_1_85' title="bbox 2109 3845 3682 3918">
    <p class='ocr_par' dir='ltr' id='par_1_85' title="bbox 2109 3845 3682 3918">
     <span class='ocr_line' id='line_1_85' title="bbox 2109 3845 3682 3918; baseline -0.001 -18"><span class='ocrx_word' id='word_1_628' title='bbox 2109 3846 2186 3918; x_wconf 83' lang='grc' dir='ltr'>μὴ</span> <span class='ocrx_word' id='word_1_629' title='bbox 2213 3846 2446 3917; x_wconf 86' lang='grc' dir='ltr'>νηπίων,</span> <span class='ocrx_word' id='word_1_630' title='bbox 2479 3846 2556 3917; x_wconf 81' lang='grc' dir='ltr'>μὴ</span> <span class='ocrx_word' id='word_1_631' title='bbox 2581 3845 2918 3914; x_wconf 73' lang='grc' dir='ltr'>ὑποζυγίων,</span> <span class='ocrx_word' id='word_1_632' title='bbox 2953 3845 3028 3916; x_wconf 90' lang='grc' dir='ltr'><strong>μὴ</strong></span> <span class='ocrx_word' id='word_1_633' title='bbox 3059 3845 3442 3916; x_wconf 77' lang='grc' dir='ltr'>βοσκημάτων,</span> <span class='ocrx_word' id='word_1_634' title='bbox 3467 3847 3682 3914; x_wconf 72' lang='grc' dir='ltr'><strong>ἑξαλεῖ-</strong></span> 
     </span>
    </p>
   </div>
   <div class='ocr_carea' id='block_1_86' title="bbox 2103 3936 3684 4007">
    <p class='ocr_par' dir='ltr' id='par_1_86' title="bbox 2103 3936 3684 4007">
     <span class='ocr_line' id='line_1_86' title="bbox 2103 3936 3684 4007; baseline -0.001 -16"><span class='ocrx_word' id='word_1_635' title='bbox 2103 3937 2291 4007; x_wconf 74' lang='grc' dir='ltr'>ψαιδὲ</span> <span class='ocrx_word' id='word_1_636' title='bbox 2320 3938 2380 3989; x_wconf 78' lang='grc' dir='ltr'>τὸ</span> <span class='ocrx_word' id='word_1_637' title='bbox 2430 3937 2600 4006; x_wconf 71' lang='grc' dir='ltr'>ὄνομα</span> <span class='ocrx_word' id='word_1_638' title='bbox 2653 3936 2822 3989; x_wconf 72' lang='grc' dir='ltr'>αὑτοῦ</span> <span class='ocrx_word' id='word_1_639' title='bbox 2871 3937 2936 3990; x_wconf 74' lang='grc' dir='ltr'>ὲκ</span> <span class='ocrx_word' id='word_1_640' title='bbox 2992 3936 3091 4005; x_wconf 77' lang='grc' dir='ltr'>τῆς</span> <span class='ocrx_word' id='word_1_641' title='bbox 3139 3936 3261 4006; x_wconf 83' lang='grc' dir='ltr'>γῆς.</span> <span class='ocrx_word' id='word_1_642' title='bbox 3316 3938 3476 3990; x_wconf 88' lang='lat' dir='ltr'><strong>Kal6</strong></span> <span class='ocrx_word' id='word_1_643' title='bbox 3505 3937 3684 3991; x_wconf 64' lang='grc' dir='ltr'>Σαοὺλ</span> 
     </span>
    </p>
   </div>
   <div class='ocr_carea' id='block_1_87' title="bbox 2105 4024 3683 4097">
    <p class='ocr_par' dir='ltr' id='par_1_87' title="bbox 2105 4024 3683 4097">
     <span class='ocr_line' id='line_1_87' title="bbox 2105 4024 3683 4097; baseline -0.001 -15"><span class='ocrx_word' id='word_1_644' title='bbox 2105 4027 2184 4097; x_wconf 82' lang='grc' dir='ltr'>τῷ</span> <span class='ocrx_word' id='word_1_645' title='bbox 2223 4026 2468 4097; x_wconf 81' lang='grc' dir='ltr'>Ἀμαλὴκ</span> <span class='ocrx_word' id='word_1_646' title='bbox 2495 4024 2806 4096; x_wconf 78' lang='grc' dir='ltr'>συμϐαλὼν,</span> <span class='ocrx_word' id='word_1_647' title='bbox 2837 4027 2980 4079; x_wconf 82' lang='grc' dir='ltr'>κατά</span> <span class='ocrx_word' id='word_1_648' title='bbox 3006 4025 3207 4094; x_wconf 85' lang='grc' dir='ltr'>κράτος</span> <span class='ocrx_word' id='word_1_649' title='bbox 3236 4028 3382 4096; x_wconf 80' lang='grc' dir='ltr'>νικᾷ,</span> <span class='ocrx_word' id='word_1_650' title='bbox 3415 4029 3508 4080; x_wconf 75' lang='grc' dir='ltr'>καὶ</span> <span class='ocrx_word' id='word_1_651' title='bbox 3527 4030 3683 4081; x_wconf 66' lang='grc' dir='ltr'>κτείς</span> 
     </span>
    </p>
   </div>
   <div class='ocr_carea' id='block_1_88' title="bbox 2105 4116 3682 4188">
    <p class='ocr_par' dir='ltr' id='par_1_88' title="bbox 2105 4116 3682 4188">
     <span class='ocr_line' id='line_1_88' title="bbox 2105 4116 3682 4188; baseline -0.001 -16"><span class='ocrx_word' id='word_1_652' title='bbox 2105 4134 2185 4172; x_wconf 84' lang='grc' dir='ltr'><strong>νει</strong></span> <span class='ocrx_word' id='word_1_653' title='bbox 2219 4118 2449 4179; x_wconf 80' lang='grc' dir='ltr'>πάντας.</span> <span class='ocrx_word' id='word_1_654' title='bbox 2479 4116 2777 4187; x_wconf 83' lang='grc' dir='ltr'>Χειροῦται</span> <span class='ocrx_word' id='word_1_655' title='bbox 2797 4116 2857 4169; x_wconf 82' lang='grc' dir='ltr'>δὲ</span> <span class='ocrx_word' id='word_1_656' title='bbox 2891 4117 2985 4176; x_wconf 75' lang='grc' dir='ltr'>καὶ</span> <span class='ocrx_word' id='word_1_657' title='bbox 3018 4117 3112 4170; x_wconf 77' lang='grc' dir='ltr'>τὸν</span> <span class='ocrx_word' id='word_1_658' title='bbox 3148 4116 3379 4186; x_wconf 84' lang='grc' dir='ltr'>βασιλέα</span> <span class='ocrx_word' id='word_1_659' title='bbox 3423 4118 3525 4188; x_wconf 81' lang='grc' dir='ltr'>τῆς</span> <span class='ocrx_word' id='word_1_660' title='bbox 3565 4120 3682 4188; x_wconf 78' lang='grc' dir='ltr'><strong>χώ-</strong></span> 
     </span>
    </p>
   </div>
   <div class='ocr_carea' id='block_1_89' title="bbox 2109 4205 3682 4279">
    <p class='ocr_par' dir='ltr' id='par_1_89' title="bbox 2109 4205 3682 4279">
     <span class='ocr_line' id='line_1_89' title="bbox 2109 4205 3682 4279; baseline 0 -17"><span class='ocrx_word' id='word_1_661' title='bbox 2109 4224 2232 4279; x_wconf 87' lang='grc' dir='ltr'>ρας,</span> <span class='ocrx_word' id='word_1_662' title='bbox 2260 4209 2444 4276; x_wconf 78' lang='grc' dir='ltr'>’Δγαγ</span> <span class='ocrx_word' id='word_1_663' title='bbox 2475 4205 2886 4277; x_wconf 80' lang='grc' dir='ltr'>ὠνομασμένον,</span> <span class='ocrx_word' id='word_1_664' title='bbox 2922 4206 3018 4261; x_wconf 83' lang='grc' dir='ltr'>καὶ</span> <span class='ocrx_word' id='word_1_665' title='bbox 3049 4209 3148 4261; x_wconf 79' lang='grc' dir='ltr'>οὐκ</span> <span class='ocrx_word' id='word_1_666' title='bbox 3170 4209 3512 4275; x_wconf 82' lang='grc' dir='ltr'>ἀπέκτεινεν,</span> <span class='ocrx_word' id='word_1_667' title='bbox 3533 4212 3682 4278; x_wconf 79' lang='grc' dir='ltr'>ἀγα-</span> 
     </span>
    </p>
   </div>
   <div class='ocr_carea' id='block_1_90' title="bbox 2109 4297 3682 4377">
    <p class='ocr_par' dir='ltr' id='par_1_90' title="bbox 2109 4297 3682 4377">
     <span class='ocr_line' id='line_1_90' title="bbox 2109 4297 3682 4377; baseline 0.001 -25"><span class='ocrx_word' id='word_1_668' title='bbox 2109 4299 2260 4362; x_wconf 83' lang='grc' dir='ltr'>σθεὶς</span> <span class='ocrx_word' id='word_1_669' title='bbox 2290 4298 2456 4352; x_wconf 79' lang='grc' dir='ltr'>αὑτὸν</span> <span class='ocrx_word' id='word_1_670' title='bbox 2483 4297 2572 4352; x_wconf 84' lang='grc' dir='ltr'><strong>διὰ</strong></span> <span class='ocrx_word' id='word_1_671' title='bbox 2610 4297 2829 4377; x_wconf 68' lang='grc' dir='ltr'>καλλος,</span> <span class='ocrx_word' id='word_1_672' title='bbox 2887 4297 2985 4352; x_wconf 77' lang='grc' dir='ltr'>καὶ</span> <span class='ocrx_word' id='word_1_673' title='bbox 3024 4298 3278 4369; x_wconf 80' lang='grc' dir='ltr'>μέγεθος,</span> <span class='ocrx_word' id='word_1_674' title='bbox 3328 4300 3426 4352; x_wconf 72' lang='grc' dir='ltr'>καὶ</span> <span class='ocrx_word' id='word_1_675' title='bbox 3471 4300 3541 4353; x_wconf 81' lang='grc' dir='ltr'>τὰ</span> <span class='ocrx_word' id='word_1_676' title='bbox 3569 4301 3682 4354; x_wconf 81' lang='grc' dir='ltr'>τῶν</span> 
     </span>
    </p>
   </div>
   <div class='ocr_carea' id='block_1_91' title="bbox 2107 4391 3680 4464">
    <p class='ocr_par' dir='ltr' id='par_1_91' title="bbox 2107 4391 3680 4464">
     <span class='ocr_line' id='line_1_91' title="bbox 2107 4391 3680 4464; baseline 0 -18"><span class='ocrx_word' id='word_1_677' title='bbox 2107 4391 2403 4463; x_wconf 80' lang='grc' dir='ltr'>βουκολίων</span> <span class='ocrx_word' id='word_1_678' title='bbox 2437 4391 2530 4448; x_wconf 80' lang='grc' dir='ltr'>καὶ</span> <span class='ocrx_word' id='word_1_679' title='bbox 2569 4391 2857 4461; x_wconf 87' lang='grc' dir='ltr'>ποιμνίων,</span> <span class='ocrx_word' id='word_1_680' title='bbox 2912 4393 3008 4446; x_wconf 80' lang='grc' dir='ltr'>καὶ</span> <span class='ocrx_word' id='word_1_681' title='bbox 3045 4393 3155 4446; x_wconf 88' lang='grc' dir='ltr'><strong>τῶν</strong></span> <span class='ocrx_word' id='word_1_682' title='bbox 3203 4391 3376 4464; x_wconf 66' lang='grc' dir='ltr'>ἄλλων</span> <span class='ocrx_word' id='word_1_683' title='bbox 3417 4391 3680 4464; x_wconf 74' lang='grc' dir='ltr'>ἐξαίρετα</span> 
     </span>
    </p>
   </div>
   <div class='ocr_carea' id='block_1_92' title="bbox 2107 4483 3678 4556">
    <p class='ocr_par' dir='ltr' id='par_1_92' title="bbox 2107 4483 3678 4556">
     <span class='ocr_line' id='line_1_92' title="bbox 2107 4483 3678 4556; baseline 0.001 -18"><span class='ocrx_word' id='word_1_684' title='bbox 2107 4485 2559 4555; x_wconf 80' lang='grc' dir='ltr'>περιεποιήσατο,</span> <span class='ocrx_word' id='word_1_685' title='bbox 2587 4485 2987 4554; x_wconf 78' lang='grc' dir='ltr'>ἀμνημονήσας</span> <span class='ocrx_word' id='word_1_686' title='bbox 3012 4483 3111 4553; x_wconf 83' lang='grc' dir='ltr'>τῆς</span> <span class='ocrx_word' id='word_1_687' title='bbox 3133 4485 3280 4546; x_wconf 79' lang='grc' dir='ltr'>θείας</span> <span class='ocrx_word' id='word_1_688' title='bbox 3304 4485 3678 4556; x_wconf 79' lang='grc' dir='ltr'>προστάξεως.</span> 
     </span>
    </p>
   </div>
   <div class='ocr_carea' id='block_1_93' title="bbox 2106 4574 3682 4646">
    <p class='ocr_par' dir='ltr' id='par_1_93' title="bbox 2106 4574 3682 4646">
     <span class='ocr_line' id='line_1_93' title="bbox 2106 4574 3682 4646; baseline 0.001 -18"><span class='ocrx_word' id='word_1_689' title='bbox 2106 4576 2516 4646; x_wconf 74' lang='grc' dir='ltr'>Χρηματισθεὶς</span> <span class='ocrx_word' id='word_1_690' title='bbox 2544 4575 2602 4630; x_wconf 68' lang='grc' dir='ltr'>δὲ</span> <span class='ocrx_word' id='word_1_691' title='bbox 2633 4575 2886 4645; x_wconf 84' lang='grc' dir='ltr'>Σαμουὴλ</span> <span class='ocrx_word' id='word_1_692' title='bbox 2917 4575 3068 4644; x_wconf 76' lang='grc' dir='ltr'>παρὰ</span> <span class='ocrx_word' id='word_1_693' title='bbox 3099 4574 3192 4628; x_wconf 86' lang='grc' dir='ltr'><strong>τοῦ</strong></span> <span class='ocrx_word' id='word_1_694' title='bbox 3222 4576 3381 4642; x_wconf 87' lang='grc' dir='ltr'>Θεοῦ,</span> <span class='ocrx_word' id='word_1_695' title='bbox 3427 4578 3682 4641; x_wconf 81' lang='grc' dir='ltr'>εἰπόντος</span> 
     </span>
    </p>
   </div>
   <div class='ocr_carea' id='block_1_94' title="bbox 433 4644 1997 4736">
    <p class='ocr_par' dir='ltr' id='par_1_94' title="bbox 433 4659 1997 4728">
     <span class='ocr_line' id='line_1_94' title="bbox 433 4659 1997 4728; baseline -0.004 -7"><span class='ocrx_word' id='word_1_696' title='bbox 433 4681 665 4721; x_wconf 88' lang='lat' dir='ltr'><strong>munere</strong></span> <span class='ocrx_word' id='word_1_697' title='bbox 692 4665 918 4718; x_wconf 82' lang='lat' dir='ltr'><strong>vicisset</strong></span> <span class='ocrx_word' id='word_1_698' title='bbox 965 4664 1175 4728; x_wconf 86' lang='lat' dir='ltr'><strong>hostes,</strong></span> <span class='ocrx_word' id='word_1_699' title='bbox 1206 4673 1260 4716; x_wconf 88' lang='lat' dir='ltr'><strong>et</strong></span> <span class='ocrx_word' id='word_1_700' title='bbox 1291 4672 1352 4716; x_wconf 92' lang='lat' dir='ltr'><strong>ut</strong></span> <span class='ocrx_word' id='word_1_701' title='bbox 1381 4660 1569 4728; x_wconf 86' lang='lat' dir='ltr'><strong>jussus</strong></span> <span class='ocrx_word' id='word_1_702' title='bbox 1598 4659 1784 4725; x_wconf 79' lang='lat' dir='ltr'><strong>fuerit,</strong></span> <span class='ocrx_word' id='word_1_703' title='bbox 1831 4659 1997 4714; x_wconf 87' lang='lat' dir='ltr'><strong>admi-</strong></span> 
     </span>
    </p>
   </div>
   <div class='ocr_carea' id='block_1_95' title="bbox 2102 4644 3681 4736">
    <p class='ocr_par' dir='ltr' id='par_1_95' title="bbox 2109 4644 3681 4736">
     <span class='ocr_line' id='line_1_95' title="bbox 2109 4644 3681 4736; baseline 0.003 -18"><span class='ocrx_word' id='word_1_704' title='bbox 2109 4644 2488 4736; x_wconf 79' lang='grc' dir='ltr'>μεταμελῆσαι</span> <span class='ocrx_word' id='word_1_705' title='bbox 2517 4666 2656 4736; x_wconf 78' lang='grc'>(49),</span> <span class='ocrx_word' id='word_1_706' title='bbox 2695 4667 2779 4720; x_wconf 83' lang='grc' dir='ltr'>ὅτι</span> <span class='ocrx_word' id='word_1_707' title='bbox 2821 4644 3142 4720; x_wconf 66' lang='grc' dir='ltr'>ἐϐασίλευσε</span> <span class='ocrx_word' id='word_1_708' title='bbox 3174 4667 3266 4720; x_wconf 83' lang='grc' dir='ltr'><strong>τὸν</strong></span> <span class='ocrx_word' id='word_1_709' title='bbox 3299 4667 3472 4722; x_wconf 78' lang='grc' dir='ltr'>Σαοὺλ</span> <span class='ocrx_word' id='word_1_710' title='bbox 3495 4708 3511 4731; x_wconf 90' lang='grc'><strong>,</strong></span> <span class='ocrx_word' id='word_1_711' title='bbox 3545 4686 3681 4722; x_wconf 86' lang='grc' dir='ltr'>συν-</span> 
     </span>
    </p>
   </div>
   <div class='ocr_carea' id='block_1_96' title="bbox 431 4749 2003 4818">
    <p class='ocr_par' dir='ltr' id='par_1_96' title="bbox 431 4749 2003 4818">
     <span class='ocr_line' id='line_1_96' title="bbox 431 4749 2003 4818; baseline -0.01 -1"><span class='ocrx_word' id='word_1_712' title='bbox 431 4760 701 4816; x_wconf 81' lang='lat' dir='ltr'><strong>niatrasse</strong></span> <span class='ocrx_word' id='word_1_713' title='bbox 736 4755 942 4811; x_wconf 87' lang='lat' dir='ltr'><strong>omnia.</strong></span> <span class='ocrx_word' id='word_1_714' title='bbox 973 4754 1115 4809; x_wconf 85' lang='lat' dir='ltr'><strong>Tum</strong></span> <span class='ocrx_word' id='word_1_715' title='bbox 1146 4751 1364 4807; x_wconf 86' lang='lat' dir='ltr'><strong>Samuel</strong></span> <span class='ocrx_word' id='word_1_716' title='bbox 1392 4768 1408 4806; x_wconf 89' lang='lat'><strong>:</strong></span> <span class='ocrx_word' id='word_1_717' title='bbox 1439 4749 1643 4812; x_wconf 82' lang='lat' dir='ltr'><strong>Vocem,</strong></span> <span class='ocrx_word' id='word_1_718' title='bbox 1670 4750 1872 4818; x_wconf 86' lang='lat' dir='ltr'><strong>inquit,</strong></span> <span class='ocrx_word' id='word_1_719' title='bbox 1899 4765 2003 4803; x_wconf 58' lang='lat' dir='ltr'><strong>au.</strong></span> 
     </span>
    </p>
   </div>
   <div class='ocr_carea' id='block_1_97' title="bbox 426 4841 2008 4923">
    <p class='ocr_par' dir='ltr' id='par_1_97' title="bbox 426 4841 2008 4923">
     <span class='ocr_line' id='line_1_97' title="bbox 426 4841 2008 4923; baseline -0.008 -15"><span class='ocrx_word' id='word_1_720' title='bbox 426 4853 520 4908; x_wconf 77' lang='lat' dir='ltr'><strong>dio</strong></span> <span class='ocrx_word' id='word_1_721' title='bbox 563 4852 931 4923; x_wconf 68' lang='lat' dir='ltr'><strong>iumentorum</strong></span> <span class='ocrx_word' id='word_1_722' title='bbox 987 4857 1036 4900; x_wconf 86' lang='lat' dir='ltr'><strong>et</strong></span> <span class='ocrx_word' id='word_1_723' title='bbox 1067 4846 1302 4900; x_wconf 76' lang='lat' dir='ltr'><strong>aliarum</strong></span> <span class='ocrx_word' id='word_1_724' title='bbox 1349 4842 1626 4912; x_wconf 79' lang='lat' dir='ltr'><strong>pecudum,</strong></span> <span class='ocrx_word' id='word_1_725' title='bbox 1683 4841 1820 4896; x_wconf 79' lang='lat' dir='ltr'><strong>unde</strong></span> <span class='ocrx_word' id='word_1_726' title='bbox 1863 4841 2008 4896; x_wconf 72' lang='lat' dir='ltr'><strong>ista?</strong></span> 
     </span>
    </p>
   </div>
   <div class='ocr_carea' id='block_1_98' title="bbox 430 4930 2006 5010">
    <p class='ocr_par' dir='ltr' id='par_1_98' title="bbox 430 4930 2006 5010">
     <span class='ocr_line' id='line_1_98' title="bbox 430 4930 2006 5010; baseline -0.01 -12"><span class='ocrx_word' id='word_1_727' title='bbox 430 4942 568 4998; x_wconf 76' lang='lat' dir='ltr'><strong>Saul</strong></span> <span class='ocrx_word' id='word_1_728' title='bbox 621 4938 918 5010; x_wconf 83' lang='lat' dir='ltr'><strong>respondet</strong></span> <span class='ocrx_word' id='word_1_729' title='bbox 966 4935 1229 5006; x_wconf 89' lang='lat' dir='ltr'><strong>populum</strong></span> <span class='ocrx_word' id='word_1_730' title='bbox 1287 4947 1351 4988; x_wconf 87' lang='lat' dir='ltr'><strong>ea</strong></span> <span class='ocrx_word' id='word_1_731' title='bbox 1400 4933 1457 4986; x_wconf 84' lang='lat' dir='ltr'><strong>in</strong></span> <span class='ocrx_word' id='word_1_732' title='bbox 1505 4930 1785 4986; x_wconf 84' lang='lat' dir='ltr'><strong>victimam</strong></span> <span class='ocrx_word' id='word_1_733' title='bbox 1825 4945 2006 4984; x_wconf 62' lang='lat' dir='ltr'><strong>assero</strong></span> 
     </span>
    </p>
   </div>
   <div class='ocr_carea' id='block_1_99' title="bbox 432 5025 1999 5092">
    <p class='ocr_par' dir='ltr' id='par_1_99' title="bbox 432 5025 1999 5092">
     <span class='ocr_line' id='line_1_99' title="bbox 432 5025 1999 5092; baseline -0.01 -1"><span class='ocrx_word' id='word_1_734' title='bbox 432 5049 590 5090; x_wconf 70' lang='lat' dir='ltr'><strong>vasae</strong></span> <span class='ocrx_word' id='word_1_735' title='bbox 620 5033 732 5088; x_wconf 88' lang='lat' dir='ltr'><strong>Deo</strong></span> <span class='ocrx_word' id='word_1_736' title='bbox 761 5050 774 5086; x_wconf 89' lang='lat'><strong>:</strong></span> <span class='ocrx_word' id='word_1_737' title='bbox 810 5039 1068 5085; x_wconf 71' lang='lat' dir='ltr'><strong>caeterum</strong></span> <span class='ocrx_word' id='word_1_738' title='bbox 1095 5025 1465 5082; x_wconf 74' lang='lat' dir='ltr'><strong>Amalechitas</strong></span> <span class='ocrx_word' id='word_1_739' title='bbox 1499 5038 1712 5084; x_wconf 85' lang='lat' dir='ltr'><strong>omnes,</strong></span> <span class='ocrx_word' id='word_1_740' title='bbox 1744 5038 1870 5092; x_wconf 88' lang='lat' dir='ltr'><strong>rege</strong></span> <span class='ocrx_word' id='word_1_741' title='bbox 1900 5037 1999 5076; x_wconf 86' lang='lat' dir='ltr'><strong>eo-</strong></span> 
     </span>
    </p>
   </div>
   <div class='ocr_carea' id='block_1_100' title="bbox 433 5112 2002 5192">
    <p class='ocr_par' dir='ltr' id='par_1_100' title="bbox 433 5112 2002 5192">
     <span class='ocr_line' id='line_1_100' title="bbox 433 5112 2002 5192; baseline -0.01 -12"><span class='ocrx_word' id='word_1_742' title='bbox 433 5139 558 5180; x_wconf 85' lang='lat' dir='ltr'><strong>rum</strong></span> <span class='ocrx_word' id='word_1_743' title='bbox 581 5131 832 5192; x_wconf 81' lang='lat' dir='ltr'><strong>exoepto,</strong></span> <span class='ocrx_word' id='word_1_744' title='bbox 872 5121 1080 5176; x_wconf 84' lang='lat' dir='ltr'><strong>deletos</strong></span> <span class='ocrx_word' id='word_1_745' title='bbox 1125 5133 1267 5172; x_wconf 80' lang='lat' dir='ltr'><strong>esse.</strong></span> <span class='ocrx_word' id='word_1_746' title='bbox 1301 5117 1385 5172; x_wconf 79' lang='lat' dir='ltr'><strong>Ad</strong></span> <span class='ocrx_word' id='word_1_747' title='bbox 1424 5132 1487 5170; x_wconf 88' lang='lat' dir='ltr'><strong>ea</strong></span> <span class='ocrx_word' id='word_1_748' title='bbox 1525 5114 1745 5169; x_wconf 88' lang='lat' dir='ltr'><strong>Samuel</strong></span> <span class='ocrx_word' id='word_1_749' title='bbox 1796 5134 1810 5170; x_wconf 91' lang='lat'><strong>:</strong></span> <span class='ocrx_word' id='word_1_750' title='bbox 1859 5112 2002 5179; x_wconf 85' lang='lat' dir='ltr'><strong>Quo-</strong></span> 
     </span>
    </p>
   </div>
   <div class='ocr_carea' id='block_1_101' title="bbox 434 5209 2001 5286">
    <p class='ocr_par' dir='ltr' id='par_1_101' title="bbox 434 5209 2001 5286">
     <span class='ocr_line' id='line_1_101' title="bbox 434 5209 2001 5286; baseline -0.009 -12"><span class='ocrx_word' id='word_1_751' title='bbox 434 5220 604 5282; x_wconf 83' lang='lat' dir='ltr'><strong>niam,</strong></span> <span class='ocrx_word' id='word_1_752' title='bbox 638 5215 838 5286; x_wconf 88' lang='lat' dir='ltr'><strong>inquit,</strong></span> <span class='ocrx_word' id='word_1_753' title='bbox 873 5213 969 5267; x_wconf 84' lang='lat' dir='ltr'><strong>Dei</strong></span> <span class='ocrx_word' id='word_1_754' title='bbox 999 5213 1165 5282; x_wconf 70' lang='lat' dir='ltr'><strong>jussis</strong></span> <span class='ocrx_word' id='word_1_755' title='bbox 1211 5227 1314 5263; x_wconf 84' lang='lat' dir='ltr'><strong>non</strong></span> <span class='ocrx_word' id='word_1_756' title='bbox 1361 5209 1748 5277; x_wconf 66' lang='lat' dir='ltr'><strong>obtemperasti,</strong></span> <span class='ocrx_word' id='word_1_757' title='bbox 1784 5209 1913 5262; x_wconf 78' lang='lat' dir='ltr'><strong>scito</strong></span> <span class='ocrx_word' id='word_1_758' title='bbox 1949 5217 2001 5266; x_wconf 85' lang='lat' dir='ltr'><strong>te</strong></span> 
     </span>
    </p>
   </div>
   <div class='ocr_carea' id='block_1_102' title="bbox 436 5299 1996 5381">
    <p class='ocr_par' dir='ltr' id='par_1_102' title="bbox 436 5299 1996 5381">
     <span class='ocr_line' id='line_1_102' title="bbox 436 5299 1996 5381; baseline -0.006 -17"><span class='ocrx_word' id='word_1_759' title='bbox 436 5325 658 5381; x_wconf 77' lang='lat' dir='ltr'><strong>regnum</strong></span> <span class='ocrx_word' id='word_1_760' title='bbox 708 5307 1050 5360; x_wconf 71' lang='lat' dir='ltr'><strong>amissurum.</strong></span> <span class='ocrx_word' id='word_1_761' title='bbox 1093 5305 1163 5356; x_wconf 79' lang='lat' dir='ltr'><strong>At</strong></span> <span class='ocrx_word' id='word_1_762' title='bbox 1220 5303 1332 5365; x_wconf 89' lang='lat' dir='ltr'><strong>ille,</strong></span> <span class='ocrx_word' id='word_1_763' title='bbox 1382 5315 1442 5355; x_wconf 88' lang='lat' dir='ltr'><strong>se</strong></span> <span class='ocrx_word' id='word_1_764' title='bbox 1491 5314 1744 5370; x_wconf 85' lang='lat' dir='ltr'><strong>peccasse</strong></span> <span class='ocrx_word' id='word_1_765' title='bbox 1799 5299 1996 5367; x_wconf 77' lang='lat' dir='ltr'><strong>fassus,</strong></span> 
     </span>
    </p>
   </div>
   <div class='ocr_carea' id='block_1_103' title="bbox 435 5389 2005 5472">
    <p class='ocr_par' dir='ltr' id='par_1_103' title="bbox 435 5389 2005 5472">
     <span class='ocr_line' id='line_1_103' title="bbox 435 5389 2005 5472; baseline -0.008 -16"><span class='ocrx_word' id='word_1_766' title='bbox 435 5401 764 5472; x_wconf 82' lang='lat' dir='ltr'><strong>Prophetam</strong></span> <span class='ocrx_word' id='word_1_767' title='bbox 793 5403 938 5464; x_wconf 86' lang='lat' dir='ltr'><strong>orat,</strong></span> <span class='ocrx_word' id='word_1_768' title='bbox 965 5402 1024 5448; x_wconf 89' lang='lat' dir='ltr'><strong>ut</strong></span> <span class='ocrx_word' id='word_1_769' title='bbox 1053 5408 1150 5464; x_wconf 90' lang='lat' dir='ltr'><strong>per</strong></span> <span class='ocrx_word' id='word_1_770' title='bbox 1175 5391 1440 5448; x_wconf 80' lang='lat' dir='ltr'><strong>sacriﬁcia</strong></span> <span class='ocrx_word' id='word_1_771' title='bbox 1469 5391 1636 5445; x_wconf 85' lang='lat' dir='ltr'><strong>Deum</strong></span> <span class='ocrx_word' id='word_1_772' title='bbox 1677 5389 1778 5445; x_wconf 81' lang='lat' dir='ltr'><strong>sibi</strong></span> <span class='ocrx_word' id='word_1_773' title='bbox 1807 5405 2005 5445; x_wconf 88' lang='lat' dir='ltr'><strong>recon-</strong></span> 
     </span>
    </p>
   </div>
   <div class='ocr_carea' id='block_1_104' title="bbox 2107 4755 3680 4832">
    <p class='ocr_par' dir='ltr' id='par_1_104' title="bbox 2107 4755 3680 4832">
     <span class='ocr_line' id='line_1_104' title="bbox 2107 4755 3680 4832; baseline 0.006 -27"><span class='ocrx_word' id='word_1_774' title='bbox 2107 4756 2313 4827; x_wconf 82' lang='grc' dir='ltr'>ήντησε</span> <span class='ocrx_word' id='word_1_775' title='bbox 2359 4755 2436 4826; x_wconf 81' lang='grc' dir='ltr'>τῷ</span> <span class='ocrx_word' id='word_1_776' title='bbox 2466 4757 2700 4828; x_wconf 80' lang='grc' dir='ltr'>βασιλεῖ.</span> <span class='ocrx_word' id='word_1_777' title='bbox 2760 4758 2820 4811; x_wconf 87' lang='lat'><strong>&#39;0</strong></span> <span class='ocrx_word' id='word_1_778' title='bbox 2847 4759 2905 4813; x_wconf 83' lang='grc' dir='ltr'>δὲ</span> <span class='ocrx_word' id='word_1_779' title='bbox 2953 4760 3347 4830; x_wconf 80' lang='grc' dir='ltr'>εὑχαριστῆσαι</span> <span class='ocrx_word' id='word_1_780' title='bbox 3399 4760 3553 4829; x_wconf 71' lang='grc' dir='ltr'>ἔλεγε</span> <span class='ocrx_word' id='word_1_781' title='bbox 3599 4761 3680 4832; x_wconf 84' lang='grc' dir='ltr'>τῷ</span> 
     </span>
    </p>
   </div>
   <div class='ocr_carea' id='block_1_105' title="bbox 2106 4846 3681 4922">
    <p class='ocr_par' dir='ltr' id='par_1_105' title="bbox 2106 4846 3681 4922">
     <span class='ocr_line' id='line_1_105' title="bbox 2106 4846 3681 4922; baseline 0.003 -20"><span class='ocrx_word' id='word_1_782' title='bbox 2106 4846 2230 4916; x_wconf 83' lang='grc' dir='ltr'>Θεῷ</span> <span class='ocrx_word' id='word_1_783' title='bbox 2268 4847 2414 4904; x_wconf 89' lang='grc' dir='ltr'>δόντι</span> <span class='ocrx_word' id='word_1_784' title='bbox 2469 4847 2672 4918; x_wconf 81' lang='grc' dir='ltr'>κράτος</span> <span class='ocrx_word' id='word_1_785' title='bbox 2720 4848 2872 4919; x_wconf 81' lang='grc' dir='ltr'><strong>αὐτῷ</strong></span> <span class='ocrx_word' id='word_1_786' title='bbox 2904 4849 3044 4903; x_wconf 84' lang='grc' dir='ltr'>κατὰ</span> <span class='ocrx_word' id='word_1_787' title='bbox 3075 4850 3185 4904; x_wconf 85' lang='grc' dir='ltr'><strong>τῶν</strong></span> <span class='ocrx_word' id='word_1_788' title='bbox 3239 4851 3536 4922; x_wconf 86' lang='grc' dir='ltr'>πολεμίων,</span> <span class='ocrx_word' id='word_1_789' title='bbox 3573 4854 3681 4918; x_wconf 60' lang='grc' dir='ltr'>,καὶ</span> 
     </span>
    </p>
   </div>
   <div class='ocr_carea' id='block_1_106' title="bbox 2105 4939 3676 5014">
    <p class='ocr_par' dir='ltr' id='par_1_106' title="bbox 2105 4939 3676 5014">
     <span class='ocr_line' id='line_1_106' title="bbox 2105 4939 3676 5014; baseline 0.001 -20"><span class='ocrx_word' id='word_1_790' title='bbox 2105 4939 2288 4995; x_wconf 81' lang='grc' dir='ltr'>πάντα</span> <span class='ocrx_word' id='word_1_791' title='bbox 2306 4939 2364 4993; x_wconf 74' lang='grc' dir='ltr'>δὲ</span> <span class='ocrx_word' id='word_1_792' title='bbox 2387 4939 2458 4992; x_wconf 82' lang='grc' dir='ltr'>τὰ</span> <span class='ocrx_word' id='word_1_793' title='bbox 2478 4939 2879 5011; x_wconf 80' lang='grc' dir='ltr'>κεκελευσμένα</span> <span class='ocrx_word' id='word_1_794' title='bbox 2907 4942 3150 5010; x_wconf 86' lang='grc' dir='ltr'>ποιῆσαι.</span> <span class='ocrx_word' id='word_1_795' title='bbox 3176 4943 3284 4995; x_wconf 84' lang='lat' dir='ltr'><strong>Kal</strong></span> <span class='ocrx_word' id='word_1_796' title='bbox 3308 4942 3338 4992; x_wconf 90' lang='lat'><strong>6</strong></span> <span class='ocrx_word' id='word_1_797' title='bbox 3366 4944 3676 5014; x_wconf 74' lang='grc' dir='ltr'>προφήτης,</span> 
     </span>
    </p>
   </div>
   <div class='ocr_carea' id='block_1_107' title="bbox 2104 5026 3680 5103">
    <p class='ocr_par' dir='ltr' id='par_1_107' title="bbox 2104 5026 3680 5103">
     <span class='ocr_line' id='line_1_107' title="bbox 2104 5026 3680 5103; baseline 0.001 -17"><span class='ocrx_word' id='word_1_798' title='bbox 2104 5029 2288 5099; x_wconf 84' lang='grc' dir='ltr'>Βοῆς,</span> <span class='ocrx_word' id='word_1_799' title='bbox 2312 5034 2316 5037; x_wconf 82' lang='grc'><em>’</em></span> <span class='ocrx_word' id='word_1_800' title='bbox 2340 5026 2517 5094; x_wconf 77' lang='grc' dir='ltr'>εἶπεν,</span> <span class='ocrx_word' id='word_1_801' title='bbox 2553 5031 2751 5086; x_wconf 81' lang='grc' dir='ltr'>ἀκούω</span> <span class='ocrx_word' id='word_1_802' title='bbox 2774 5030 3112 5100; x_wconf 73' lang='grc' dir='ltr'>ὑποζυγίων</span> <span class='ocrx_word' id='word_1_803' title='bbox 3139 5033 3239 5086; x_wconf 75' lang='grc' dir='ltr'>καὶ</span> <span class='ocrx_word' id='word_1_804' title='bbox 3265 5033 3680 5103; x_wconf 76' lang='grc' dir='ltr'>βοσκημάτων</span> 
     </span>
    </p>
   </div>
   <div class='ocr_carea' id='block_1_108' title="bbox 2105 5121 3672 5193">
    <p class='ocr_par' dir='ltr' id='par_1_108' title="bbox 2105 5121 3672 5193">
     <span class='ocr_line' id='line_1_108' title="bbox 2105 5121 3672 5193; baseline 0.003 -17"><span class='ocrx_word' id='word_1_805' title='bbox 2105 5121 2334 5176; x_wconf 69' lang='grc' dir='ltr'>ἄλλων.</span> <span class='ocrx_word' id='word_1_806' title='bbox 2375 5122 2568 5178; x_wconf 82' lang='grc' dir='ltr'>Πόθεν</span> <span class='ocrx_word' id='word_1_807' title='bbox 2597 5123 2826 5186; x_wconf 82' lang='grc' dir='ltr'>ταῦτα;</span> <span class='ocrx_word' id='word_1_808' title='bbox 2857 5124 3029 5178; x_wconf 82' lang='grc' dir='ltr'>Σαοὺλ</span> <span class='ocrx_word' id='word_1_809' title='bbox 3054 5124 3134 5188; x_wconf 82' lang='grc' dir='ltr'>δὲ,</span> <span class='ocrx_word' id='word_1_810' title='bbox 3177 5125 3271 5178; x_wconf 79' lang='grc' dir='ltr'>τὸν</span> <span class='ocrx_word' id='word_1_811' title='bbox 3311 5124 3461 5189; x_wconf 82' lang='grc' dir='ltr'>λαὸν,</span> <span class='ocrx_word' id='word_1_812' title='bbox 3494 5121 3672 5193; x_wconf 72' lang='grc' dir='ltr'>εἶπεν,</span> 
     </span>
    </p>
   </div>
   <div class='ocr_carea' id='block_1_109' title="bbox 2105 5212 3675 5285">
    <p class='ocr_par' dir='ltr' id='par_1_109' title="bbox 2105 5212 3675 5285">
     <span class='ocr_line' id='line_1_109' title="bbox 2105 5212 3675 5285; baseline 0.004 -20"><span class='ocrx_word' id='word_1_813' title='bbox 2105 5214 2188 5276; x_wconf 78' lang='grc' dir='ltr'><strong>είς</strong></span> <span class='ocrx_word' id='word_1_814' title='bbox 2233 5212 2424 5266; x_wconf 84' lang='grc' dir='ltr'>θυσίαν</span> <span class='ocrx_word' id='word_1_815' title='bbox 2471 5213 2832 5283; x_wconf 80' lang='grc' dir='ltr'>τετηρηκέναι</span> <span class='ocrx_word' id='word_1_816' title='bbox 2870 5213 3010 5270; x_wconf 78' lang='grc' dir='ltr'>αὐτὰ</span> <span class='ocrx_word' id='word_1_817' title='bbox 3069 5215 3149 5285; x_wconf 83' lang='grc' dir='ltr'>τῷ</span> <span class='ocrx_word' id='word_1_818' title='bbox 3206 5215 3327 5284; x_wconf 81' lang='grc' dir='ltr'><strong>Θεῷ</strong></span> <span class='ocrx_word' id='word_1_819' title='bbox 3357 5230 3372 5244; x_wconf 78' lang='grc'>⁶</span> <span class='ocrx_word' id='word_1_820' title='bbox 3431 5217 3561 5279; x_wconf 75' lang='grc' dir='ltr'>τοὺς</span> <span class='ocrx_word' id='word_1_821' title='bbox 3615 5217 3675 5270; x_wconf 66' lang='grc' dir='ltr'>δὲ</span> 
     </span>
    </p>
   </div>
   <div class='ocr_carea' id='block_1_110' title="bbox 2119 5304 3671 5379">
    <p class='ocr_par' dir='ltr' id='par_1_110' title="bbox 2119 5304 3671 5379">
     <span class='ocr_line' id='line_1_110' title="bbox 2119 5304 3671 5379; baseline 0.005 -23"><span class='ocrx_word' id='word_1_822' title='bbox 2119 5304 2489 5374; x_wconf 84' lang='grc' dir='ltr'>Ἀμαληκίτας</span> <span class='ocrx_word' id='word_1_823' title='bbox 2519 5305 2726 5368; x_wconf 81' lang='grc' dir='ltr'>πάντας</span> <span class='ocrx_word' id='word_1_824' title='bbox 2761 5305 3185 5378; x_wconf 78' lang='grc' dir='ltr'>ὲξαφανισθῆναι</span> <span class='ocrx_word' id='word_1_825' title='bbox 3210 5307 3341 5379; x_wconf 82' lang='grc' dir='ltr'>ἄτερ</span> <span class='ocrx_word' id='word_1_826' title='bbox 3376 5308 3469 5362; x_wconf 86' lang='grc' dir='ltr'><strong>τοῦ</strong></span> <span class='ocrx_word' id='word_1_827' title='bbox 3511 5308 3671 5379; x_wconf 85' lang='grc' dir='ltr'>βασι-</span> 
     </span>
    </p>
   </div>
   <div class='ocr_carea' id='block_1_111' title="bbox 2097 5393 3672 5469">
    <p class='ocr_par' dir='ltr' id='par_1_111' title="bbox 2097 5393 3672 5469">
     <span class='ocr_line' id='line_1_111' title="bbox 2097 5393 3672 5469; baseline 0.006 -22"><span class='ocrx_word' id='word_1_828' title='bbox 2097 5393 2238 5459; x_wconf 87' lang='grc' dir='ltr'>λέως</span> <span class='ocrx_word' id='word_1_829' title='bbox 2281 5396 2482 5450; x_wconf 84' lang='grc' dir='ltr'>αὐτῶν.</span> <span class='ocrx_word' id='word_1_830' title='bbox 2522 5397 2664 5467; x_wconf 74' lang='grc' dir='ltr'>Πρὸς</span> <span class='ocrx_word' id='word_1_831' title='bbox 2689 5395 2861 5452; x_wconf 87' lang='grc' dir='ltr'>ταῦτα</span> <span class='ocrx_word' id='word_1_832' title='bbox 2893 5398 2923 5452; x_wconf 92' lang='lat'><strong>6</strong></span> <span class='ocrx_word' id='word_1_833' title='bbox 2951 5397 3223 5469; x_wconf 82' lang='grc' dir='ltr'>Σαμουὴλ,</span> <span class='ocrx_word' id='word_1_834' title='bbox 3279 5400 3440 5454; x_wconf 76' lang='grc' dir='ltr'>Ἐπεὶ</span> <span class='ocrx_word' id='word_1_835' title='bbox 3469 5402 3543 5455; x_wconf 78' lang='grc' dir='ltr'>τὰ</span> <span class='ocrx_word' id='word_1_836' title='bbox 3571 5417 3672 5455; x_wconf 75' lang='grc' dir='ltr'>κο-</span> 
     </span>
    </p>
   </div>
   <div class='ocr_carea' id='block_1_112' title="bbox 1619 5543 2507 5610">
    <p class='ocr_par' dir='ltr' id='par_1_112' title="bbox 1619 5543 2507 5610">
     <span class='ocr_line' id='line_1_112' title="bbox 1619 5543 2507 5610; baseline 0.01 -9"><span class='ocrx_word' id='word_1_837' title='bbox 1619 5543 1826 5604; x_wconf 70' lang='grc' dir='ltr'><strong>γδνὶω</strong></span> <span class='ocrx_word' id='word_1_838' title='bbox 1863 5543 2170 5606; x_wconf 84' lang='lat' dir='ltr'><strong>lectiones</strong></span> <span class='ocrx_word' id='word_1_839' title='bbox 2215 5555 2277 5607; x_wconf 90' lang='lat' dir='ltr'><strong>et</strong></span> <span class='ocrx_word' id='word_1_840' title='bbox 2318 5555 2507 5610; x_wconf 69' lang='lat' dir='ltr'><strong>nota).</strong></span> 
     </span>
    </p>
   </div>
   <div class='ocr_carea' id='block_1_113' title="bbox 508 5675 1997 5756">
    <p class='ocr_par' dir='ltr' id='par_1_113' title="bbox 508 5675 1997 5756">
     <span class='ocr_line' id='line_1_113' title="bbox 508 5675 1997 5756; baseline -0.003 -20"><span class='ocrx_word' id='word_1_841' title='bbox 508 5683 622 5753; x_wconf 63' lang='grc'><strong>(47)</strong></span> <span class='ocrx_word' id='word_1_842' title='bbox 651 5683 1102 5756; x_wconf 61' lang='grc' dir='ltr'>Μααμελῆσαι.</span> <span class='ocrx_word' id='word_1_843' title='bbox 1139 5678 1454 5751; x_wconf 81' lang='lat' dir='ltr'><strong>Legendum</strong></span> <span class='ocrx_word' id='word_1_844' title='bbox 1489 5675 1997 5749; x_wconf 78' lang='grc' dir='ltr'>μεταμεμελῆσθαι.</span> 
     </span>
    </p>
   </div>
   <div class='ocr_carea' id='block_1_114' title="bbox 2102 5675 3023 5756">
    <p class='ocr_par' dir='ltr' id='par_1_114' title="bbox 2119 5677 3023 5749">
     <span class='ocr_line' id='line_1_114' title="bbox 2119 5677 3023 5749; baseline 0.007 -19"><span class='ocrx_word' id='word_1_845' title='bbox 2119 5677 2336 5748; x_wconf 69' lang='grc' dir='ltr'>ιπενΙοτι</span> <span class='ocrx_word' id='word_1_846' title='bbox 2375 5680 2496 5735; x_wconf 86' lang='lat' dir='ltr'><strong>cod.</strong></span> <span class='ocrx_word' id='word_1_847' title='bbox 2535 5681 2662 5749; x_wconf 52' lang='lat' dir='ltr'><strong>Reg,</strong></span> <span class='ocrx_word' id='word_1_848' title='bbox 2697 5690 2754 5735; x_wconf 86' lang='lat' dir='ltr'><strong>et</strong></span> <span class='ocrx_word' id='word_1_849' title='bbox 2782 5679 3023 5736; x_wconf 87' lang='lat' dir='ltr'><strong>Colbert.</strong></span> 
     </span>
    </p>
   </div>
  </div>
