3958 6204
267 237 359 302 133

1551 247 1958 311 ANNALIUM
1994 247 2143 308 LIB.
2195 249 2243 308 Ι.

3389 265 3492 327 134

261 358 632 427 κελευσμένα
669 375 790 423 σοι,
845 360 972 431 ἐφη,
1013 364 1163 430 πρὸς
1208 365 1358 418 Θεοῦ
1415 367 1813 434 παραϐέϐηκας

1929 367 2096 422 ciliet.
2146 367 2386 423 Discedit
2447 378 2638 437 vates;
2687 387 2848 440 quem
2892 374 3020 429 dum
3052 376 3176 432 Sau.
3237 396 3335 449 per
3381 385 3490 436 vim

261 451 373 502 ἴσθι
395 450 483 503 ὅτι
506 451 621 516 τὴν
638 453 974 514 ,ϐασιλείαν
1000 456 1398 527 ἀφαιρεθήσῃ.
1437 457 1498 510 Ὀ
1524 458 1581 511 δέ
1607 460 1824 511 κατετί-

257 541 368 591 θετο
405 540 743 609 ἁμαρτῆσαι,
781 544 873 594 xui
908 543 1197 615 ἱλαστήρια
1228 545 1384 599 θῦσαι
1415 546 1504 600 τὸν
1534 551 1822 619 προφήτην

255 632 486 684 ἐκέλευε.
527 633 636 684 Καὶ
679 632 734 694 ὃς
767 633 1063 704 ὑπεχώρει,
1109 637 1282 689 Σαοὺλ
1309 638 1366 689 δὲ
1417 639 1512 708 τῆς
1555 639 1821 702 διπλοΐδος

255 720 678 791 ἐπιλαμϐάνεται
706 723 895 789 αὐτοῦ,
922 727 1016 778 xui
1045 725 1364 798 διαῤῥήσσει
1387 730 1611 800 ταύτην,
1637 729 1819 799 βεαζὸ-

259 829 405 880 μενος
435 813 600 864 αὐτον
642 817 962 884 κατασχεῖν.
1001 817 1111 869 Καὶ
1144 818 1171 868 ὁ
1230 822 1536 890 προφήτης,
1599 821 1816 887 Οὕτως,

252 903 366 972 ἔφη,
400 903 440 968 ἡ
466 904 760 967 βασιλεία
797 922 914 959 σου
956 907 1481 979 ὃιαρῤηχθιῖσεται,
1510 913 1607 966 καὶ
1646 914 1818 981 δοθή-

228 1009 408 1047 ’σεται
455 996 633 1064 ἀνδρὶ
681 996 890 1064 δικαίῳ
919 1000 1015 1052 καὶ
1054 1002 1272 1069 ἀγαθῷ.
1327 1005 1594 1074 Δεομένου
1644 1006 1688 1058 δ’
1737 1006 1816 1058 ἔτι

251 1086 334 1136 τοῦ
391 1085 685 1152 βασιλέως,
740 1090 1007 1155 πείθεται,
1061 1095 1156 1144 καὶ
1211 1095 1444 1165 ἀχθῆναι
1492 1097 1581 1148 τὸν
1637 1098 1816 1166 ’Λγαγ

253 1178 400 1241 αἰτεῖ,
439 1179 537 1229 xui
591 1179 919 1243 κτανοέντος
964 1183 1172 1236 ἐκείνου
1208 1185 1457 1240 κελεύσει
1499 1187 1685 1254 αὑτοῦ,
1718 1190 1816 1242 αὐ-

251 1268 363 1320 τίκα
391 1272 471 1331 εἰς
513 1271 833 1340 ’Δρμαθαῒμ
861 1277 1160 1346 ἀποχωρεῖ,
1196 1279 1289 1330 xui
1314 1277 1462 1347 αὐτῷ
1508 1281 1814 1334 ἐντέλλεται

249 1361 274 1410 ὀ
302 1360 436 1423 Θεὸς
474 1363 614 1429 πρὶς
660 1363 859 1416 Ἰεσσαὶ
897 1366 1170 1432 ἀπελθεῖν,
1206 1371 1296 1420 xui
1327 1373 1514 1442 χρῖσαι
1543 1372 1619 1443 τῷ
1650 1373 1813 1442 ἐλαίῳ

249 1455 321 1513 είς
352 1451 500 1520 βασι)
515 1454 580 1506 έα
615 1455 711 1506 ἕνα
743 1459 851 1508 τῶν
875 1458 1081 1510 ἐκείνου
1111 1459 1262 1523 υἱῶν,
1291 1461 1348 1513 ὃν
1373 1463 1437 1514 ἂν
1465 1463 1611 1534 δείξῃ
1642 1464 1811 1533 αὐτῷ.

250 1547 344 1598 Καὶ
377 1545 636 1598 ἀπελθὼν
673 1549 751 1609 εἰς
798 1547 1064 1619 Βηθλεὲμ,
1112 1551 1205 1603 xui
1238 1551 1425 1618 θύσας,
1457 1556 1691 1625 κέκληκε
1723 1557 1814 1609 τὸν

259 1635 445 1688 Ἰεσσαὶ
476 1638 574 1688 καὶ
613 1640 739 1701 τοὺς
775 1641 924 1703 υἱοὺς
954 1641 1138 1696 αὑτοῦ.
1180 1643 1290 1696 Καὶ
1325 1645 1448 1697 ἰδὼν
1479 1647 1570 1698 τὸν
1601 1651 1803 1718 πρωτόο

249 1744 392 1779 τοκον
426 1729 608 1798 μέγαν
639 1745 697 1781 τε
731 1733 822 1783 xui
870 1731 1053 1799 καλὸν,
1088 1734 1239 1805 ᾠήθη
1271 1735 1359 1788 ἐπ’
1390 1736 1538 1807 αὺτῷ
1563 1709 1659 1790 τὸν
1679 1739 1809 1792 Θεὸν
1845 1709 1884 1762 Β

249 1820 497 1875 εὺᾶκεῖν.
539 1823 598 1874 ’0
632 1822 688 1874 δὲ
738 1823 892 1889 Θεὸς,
945 1825 1040 1892 Μὴ
1093 1827 1451 1895 amomi-nc,
1508 1823 1683 1892 εἶπεν,
1713 1830 1812 1883 ἐπὶ

249 1911 352 1978 τὴν
380 1911 530 1980 ὄψιν
560 1913 774 1978 αὐτοῦ,
801 1914 943 1983 μηδ’
975 1918 1063 1982 εἰς
1085 1917 1153 1970 τὸ
1181 1917 1287 1972 τοῦ
1338 1918 1611 1988 σώματος
1633 1922 1810 1989 μέγεο

249 2005 356 2068 θος.
394 2004 740 2070 Ἀνθρωπος
774 2009 893 2074 μὲν
919 2006 1024 2076 γὰρ
1053 2011 1138 2074 εις
1171 2011 1495 2076 πρόσωπον
1522 2012 1752 2098 ὄψεται,
1780 2017 1813 2068 ό

247 2095 307 2147 δὲ
342 2098 487 2162 Θεὸς
518 2101 607 2162 εις
640 2099 916 2166 καρδίαν.
954 2102 1341 2172 Παρελθόντων
1363 2105 1419 2157 δὲ
1450 2109 1544 2160 xui
1576 2095 1684 2160 τῶν
1719 2109 1812 2162 ἄλ-

250 2186 342 2237 λων
364 2188 578 2240 παίδων
606 2188 940 2253 τοῦἸεσσαὶ,
977 2192 1256 2245 ἐπὀὑδενὶ
1283 2195 1574 2264 εὐδοκησεν
1607 2200 1633 2249 ὀ
1659 2197 1808 2260 Θεός.

252 2280 348 2330 Καὶ
375 2275 494 2330 εἶπε
523 2279 786 2350 Σαμουὴλ
805 2297 817 2308 °
841 2285 960 2334 Οὐκ
995 2281 1312 2347 ἐξελέξατο
1341 2280 1558 2352 Κύριος
1580 2289 1650 2338 ἐν
1681 2303 1813 2340 του-

250 2385 375 2434 τοις.
414 2371 526 2424 Καὶ
567 2371 624 2423 εἷ
671 2373 844 2424 ἐστιν
873 2374 959 2426 ἐτι
994 2375 1227 2440 λοιπὸς,
1286 2377 1648 2443 παρελθέτω.
1705 2379 1812 2430 Καὶ

258 2459 462 2524 Ἰεσσαὶ,
487 2462 712 2529 Μικρὸς
727 2463 811 2516 ἔτι
829 2467 1291 2532 περιλέλειπται,
1314 2466 1436 2536 ἔφη,
1461 2469 1808 2535 ποιμαίνων.

251 2551 525 2623 κληθῆναι
573 2551 668 2606 οὖν
721 2556 885 2607 αὑτὸν
939 2558 967 2608 ὁ
1017 2558 1306 2628 προφήτης
1356 2560 1662 2615 ἐκέλευσεν.
1725 2562 1812 2624 Ὠς

247 2642 286 2695 δ’
311 2639 409 2712 ἧκε
455 2644 682 2712 κληθεὶς
718 2648 745 2697 ὁ
772 2646 957 2712 Δαϐὶδ,
996 2649 1121 2709 παῖς
1157 2650 1452 2722 πυρράκης
1499 2655 1636 2720 μετὰ
1679 2653 1810 2705 κάλ-

249 2734 362 2798 λους
389 2735 692 2805 ὀφθαλμῶν
725 2739 823 2789 καὶ
866 2738 1042 2792 τᾶλλα
1075 2739 1260 2804 καλὸς,
1305 2740 1492 2793 τοῦτον
1540 2738 1678 2794 εἶναι
1723 2743 1812 2796 τὸν

248 2824 671 2892 χρισθησόμενον
694 2825 847 2893 δηλοῖ
873 2827 952 2897 τῷ
986 2828 1238 2899 Σαμουὴλ
1261 2831 1288 2882 ὁ
1318 2830 1468 2893 Θεός.
1506 2834 1612 2885 Καὶ
1635 2833 1811 2886 λαϐὼν

253 2919 444 2979 ἐκεῖνος
475 2919 536 2971 τὺ
572 2920 740 2987 κέρας
768 2919 863 2972 τοῦ
895 2920 1095 2984 ἐλαίου,
1128 2921 1345 2991 ἔχρισεν
1377 2925 1539 2976 αὐτὸν
1564 2927 1621 2976 ἐν
1656 2929 1808 2999 μέσῳ

1927 459 2168 513 retinere
2209 459 2426 526 nititur,
2475 472 2684 515 vestem
2729 463 2849 531 ejus
2897 465 3192 536 abrumpit.
3235 470 3312 523 lbi
3350 471 3486 525 Pro-

1924 549 2137 616 pheta:
2190 547 2296 613 Sic,
2334 550 2533 618 inquit,
2569 567 2786 621 regnum
2839 571 2868 606 (ι
2923 564 2972 607 te
3021 558 3380 626 abrumpetur,
3433 581 3493 616 ac

1922 641 2029 692 viro
2059 641 2197 704 iusto
2235 650 2284 693 et
2333 641 2468 694 bono
2495 643 2724 697 dabitur.
2769 645 2911 714 [tege
2943 658 3122 700 autem
3155 665 3222 703 ne
3260 652 3337 705 sic
3368 655 3494 720 qui-

1921 729 2042 782 dem
2102 730 2416 786 remittente
2460 748 2653 802 precvs
2717 746 2903 805 paret;
2960 749 3012 793 et
3057 741 3236 810 Agago
3293 742 3491 800 adduci

1920 821 2209 889 occidique
2250 824 2426 891 jusso,
2465 825 2611 880 illico
2646 828 2982 883 Armathaim
3046 835 3371 900 revertitur;
3429 852 3493 890 ac

1920 913 2149 966 mandan
2163 926 2208 967 te
2225 914 2334 967 Deo
2347 915 2604 969 Jessaeum
2621 919 2849 974 accedit.
2873 931 2930 972 ut
2947 937 3113 974 unum
3129 940 3192 976 ex
3211 923 3333 977 ﬁliis
3350 911 3496 980 illius

1917 1003 2039 1056 oleo
2072 1020 2254 1072 regem
2290 1004 2665 1074 inauguraret,
2693 1011 2787 1077 qui
2822 1011 2924 1063 sibi
2962 1022 3302 1066 monstratus
3323 1025 3489 1069 esset.

1918 1094 2284 1149 Betlileemam
2317 1113 2440 1150 cum
2470 1101 2729 1164 venisset,
2756 1117 2814 1154 re
2837 1103 3017 1156 divina
3042 1113 3202 1167 tacta,
3230 1106 3490 1160 Jessaznm

1918 1200 2042 1238 cum
2076 1186 2202 1238 [iliis
2235 1191 2492 1250 accersit.
2548 1200 2602 1243 et
2646 1205 2768 1242 cuin
2818 1192 3264 1260 primogenitum,
3311 1197 3489 1250 virum

1918 1291 2173 1344 magnum
2213 1277 2622 1346 formosnmque
2655 1279 2906 1343 vidisset,
2945 1283 3095 1335 illum
3135 1284 3244 1337 Deo
3275 1286 3491 1354 placere

1915 1367 2174 1434 opinatur
2222 1365 2326 1419 Sed
2362 1367 2504 1420 Deus
2558 1386 2571 1420 :
2618 1369 2713 1432 Ne,
2767 1369 2964 1440 inquit,
3001 1375 3203 1427 vultum
3253 1378 3364 1446 ejus
3407 1380 3491 1430 in-

1916 1466 2082 1518 tuere,
2113 1474 2204 1509 nec
2236 1462 2608 1527 proceritatem
2652 1465 2880 1526 corporis
2926 1479 2944 1516 :
2969 1480 3093 1516 nam
3135 1473 3190 1517 ut
3227 1468 3378 1519 homo
3409 1469 3492 1536 fa-

1917 1548 2047 1599 ciem
2081 1556 2303 1613 spectet,
2347 1550 2582 1601 animum
2621 1549 2758 1602 Deus
2793 1552 3046 1606 intuetur.
3088 1555 3492 1625 Prartergressis

1915 1639 2080 1707 igitur
2106 1639 2293 1692 Jessri
2348 1637 2476 1692 (iliis
2515 1642 2788 1706 omnibus,
2823 1658 2923 1696 nec
2979 1647 3086 1698 ullo
3132 1662 3323 1700 eorum
3376 1649 3486 1700 Deo

1914 1731 2184 1799 placente,
2209 1729 2381 1784 ’Jessaz
2413 1730 2548 1786 dicit
2581 1731 2799 1787 Samuel
2844 1750 2857 1786 :
2888 1734 3106 1787 Nullum
3129 1737 3310 1788 horum
3337 1738 3492 1808 elegit

1916 1819 2074 1885 Deus,
2126 1821 2217 1872 sed
2253 1822 2300 1874 si
2345 1823 2459 1891 quis
2501 1824 2638 1876 alius
2685 1823 2778 1877 tibi
2821 1833 2930 1888 est,
2972 1826 3015 1877 is
3061 1829 3304 1894 prodeat.
3346 1829 3484 1883 Tum

1911 1912 2145 1967 Jesszeus
2163 1913 2268 1982 63
2297 1930 2309 1964 :
2353 1912 2614 1966 Parvulus
2643 1915 2812 1967 adhuc
2835 1926 3010 1972 restat.
3044 1919 3131 1986 qui
3157 1934 3270 1970 oves
3298 1921 3487 1988 pascit.

1913 2002 2052 2056 Eum
2092 2005 2300 2058 accersi
2345 2005 2611 2073 prepbeta
2644 2007 2817 2075 jubet.
2859 2009 3024 2060 David
3062 2009 3272 2062 accitus
3314 2011 3485 2075 venit,

1914 2094 2068 2147 rufus
2099 2109 2222 2147 cum
2275 2094 2704 2164 pulchritudine
2749 2098 3054 2158 oculorum,
3090 2114 3149 2151 ca
3172 2108 3284 2151 tera
3322 2100 3491 2153 etiam

1913 2185 2229 2240 formosus:
2262 2201 2386 2240 eum
2423 2201 2543 2240 esse
2581 2186 2676 2254 qui
2700 2189 3000 2256 ungendus
3043 2200 3209 2243 esset.
3246 2189 3489 2244 Samueli

1913 2277 2185 2346 signiﬁcat
2207 2277 2371 2331 Deus.
2403 2278 2612 2346 Itaque,
2648 2286 2862 2346 sumpta
2897 2281 3162 2347 ampulla.
3212 2282 3335 2334 oleo
3360 2297 3487 2334 eum
3519 2268 3522 2272 ’

1914 2368 1969 2422 in
2033 2368 2214 2423 medio
2266 2367 2496 2422 fratrum
2541 2368 2773 2437 inungit,
2820 2383 2884 2422 ac
2935 2371 3272 2424 Armathaim
3323 2371 3486 2427 redit.

1915 2458 2159 2530 Spiritus
2199 2467 2385 2512 autem
2437 2459 2659 2513 divinus
2713 2462 2766 2513 in
2818 2461 3076 2514 Davidc-m
3123 2462 3318 2525 insilit,
3353 2477 3415 2518 ac
3454 2479 3486 2518 a

1914 2553 2079 2606 Saule
2127 2550 2358 2617 recedit,
2389 2565 2491 2619 pro
2531 2565 2642 2619 quo
2677 2549 2830 2604 illum
2863 2553 3040 2605 malus
3074 2553 3302 2621 spiritus
3333 2554 3486 2606 inva-

1913 2643 2014 2702 dit.
2050 2643 2354 2712 priefocans
2383 2652 2439 2695 et
2471 2643 2776 2709 exagitans.
2825 2643 3010 2699 Visum
3062 2644 3226 2714 igitur
3255 2653 3337 2698 est
3369 2646 3483 2714 regi

1913 2735 2209 2804 adjungere
2267 2735 2542 2789 hominem
2568 2735 2792 2802 cinnyra
2822 2734 3083 2802 psallendi
3134 2737 3394 2802 peritum.
3427 2745 3486 2792 ut

1914 2825 2168 2879 daemonii
2203 2825 2440 2878 insultus
2471 2839 2534 2879 ac
2567 2823 2808 2878 turbatio
2859 2834 3020 2877 cantu
3058 2825 3150 2878 illo
3185 2827 3483 2896 sopiretur.

1912 2919 2227 2973 Accersitur
2276 2917 2465 2985 David,
2516 2928 2576 2972 ut
2631 2917 2866 2972 idoneus
2913 2917 2981 2970 ad
3033 2933 3150 2971 eam
3193 2934 3326 2985 rem,
3363 2929 3419 2975 et
3453 2936 3486 2976 ει

251 3008 348 3060 τῶν
377 3009 629 3077 ἀδελφῶν
659 3012 826 3062 αὐτοῦ
857 3027 872 3042 ο
928 3013 1024 3086 xui
1065 3013 1306 3081 ἀπῆλθεν
1352 3017 1432 3077 είς
1475 3016 1807 3088 Ἀρμαθαῖμ.

1917 3023 2042 3078 rege
2101 3023 2432 3078 magnopere
2489 3009 2759 3077 diligitur,
2815 3009 2953 3062 adeo
2988 3017 3043 3062 ut
3092 3012 3332 3081 armiger
3365 3013 3486 3081 ejus

253 3098 468 3168 Πνεῦμα
499 3099 557 3152 δὲ
599 3099 740 3152 θεῖον
781 3101 1019 3171 ἐφὴλατο
1061 3102 1152 3153 ἐπὶ
1189 3103 1376 3168 Δαϐὶδ,
1429 3107 1492 3158 ἐκ
1531 3107 1588 3158 δὲ
1635 3108 1806 3161 Σαοὺλ

248 3189 476 3258 ἀπέστη,
513 3189 611 3242 καὶ
658 3191 876 3259 πνεῦμα
921 3192 1154 3261 πονηρὸν
1195 3193 1389 3264 μετῄει
1433 3196 1616 3262 αὑτὸν,
1668 3215 1808 3268 συμ-

251 3281 430 3348 πνίγον
455 3282 556 3333 xui
577 3281 784 3335 κακοῦν
811 3283 902 3336 τὸν
930 3283 1120 3356 ἄνδρα.
1157 3286 1377 3350 Ἐδοξεν
1407 3287 1520 3351 οὖν,
1546 3291 1810 3360 παρίστα-

249 3371 363 3422 doti
387 3388 513 3423 τινα
531 3370 610 3439 τῷ
634 3371 861 3441 βασιλεῖ,
891 3374 1068 3426 εἰδότα
1096 3374 1318 3444 ψάλλειν
1349 3379 1486 3445 μετὰ
1515 3380 1805 3450 κιννύρας,

251 3462 314 3513 ἶν’
340 3463 433 3515 ὅτι
483 3465 786 3533 προσπέσοι
837 3465 987 3533 αὐτῷ
1042 3466 1100 3518 τὸ
1148 3467 1423 3535 δαιμόνιον
1456 3471 1806 3540 ἐκταράττον,

254 3553 414 3623 {milia
450 3553 510 3604 ἐν
536 3555 604 3623 τῇ
637 3554 884 3624 κιννύρᾳ,
937 3555 1030 3607 xui
1071 3557 1376 3628 κατευνάζῃ
1416 3559 1509 3611 τὸν
1546 3561 1804 3631 τάραχον.

250 3645 680 3714 Μεταπέμπεται
711 3650 892 3698 τοίνυν
945 3647 1026 3709 ὼς
1081 3646 1321 3700 τοιοῦτον
1361 3649 1451 3701 τὸν
1483 3651 1644 3704 Δαδίδ
1671 3667 1684 3680 '
1715 3652 1809 3703 xui

248 3737 500 3804 ἠγαπήθη
544 3739 573 3788 ὁ
599 3739 818 3800 νεανίας
850 3737 1054 3806 σφόδρα
1085 3740 1236 3809 παρὰ
1263 3738 1359 3791 τοῦ
1386 3740 1671 3808 βασιλέως,
1715 3742 1809 3794 xui

247 3829 321 3890 είς
355 3828 656 3897 ὁπλοφόρον
689 3828 836 3896 αὐτῷ
867 3829 1228 3898 ἐχρημάτισε.
1267 3831 1375 3882 Καὶ
1407 3833 1464 3882 ἐν
1493 3832 1569 3900 τῷ
1596 3833 1806 3885 ἐπιέναι

245 3919 319 3989 τῷ
353 3919 570 3988 βασιλεῖ
599 3920 658 3972 τὸ
691 3919 912 3988 πνεῦμα
945 3921 1010 3973 τὸ
1036 3920 1297 3990 πονηρὸν,
1339 3923 1646 3992 κατεπῇδεν
1678 3924 1808 3975 αὐτὸ

247 4016 334 4062 καὶ
365 4012 660 4079 ἀφίστατο,
707 4014 801 4063 καὶ
849 4013 932 4074 εἰς
1008 4010 1804 4084 ἐαυτὸνόΣαοὺλὲπανήρχετο.

246 4104 304 4154 Ui
334 4103 382 4155 δ’
415 4101 708 4170 ἀλλόφυλοι
734 4103 877 4156 κατὰ
908 4101 1014 4155 τῶν
1047 4101 1402 4172 Ἰσραηλιτῶν
1442 4105 1808 4175 ἐπεστράτευ-

247 4211 362 4248 σαν.
403 4194 897 4260 ’Δντικατέστησαν
925 4193 983 4246 δὲ
1033 4192 1219 4255 αὐτοῖς
1259 4193 1354 4245 xui
1382 4194 1432 4246 οί
1471 4195 1528 4260 ἐξ
1569 4195 1805 4266 Ἰσραὴλ,

245 4286 336 4335 καὶ
370 4287 430 4336 ἐν
485 4284 805 4352 ματαιχμίῳ
834 4284 942 4336 τῶν
976 4285 1397 4352 στρατευμάτων
1435 4285 1635 4354 ἀμφοῖν
1668 4287 1808 4354 ἀνήρ

1915 3101 2300 3171 appellaretur.
2346 3100 2572 3166 Quoties
2600 3102 2768 3170 igitur
2797 3102 3022 3168 spiritus
3053 3103 3144 3155 ille
3191 3104 3364 3158 malus
3399 3121 3484 3158 rc-

1914 3210 2036 3264 gem
2083 3193 2376 3248 invadebat
2403 3234 2418 3257 ,
2472 3191 2813 3247 carminibus
2851 3193 2998 3247 illius
3042 3193 3387 3264 abigebatur,
3430 3206 3488 3251 et

1913 3281 2043 3336 Saul
2069 3283 2134 3336 ad
2185 3297 2243 3336 se
2309 3281 2543 3336 redibat.
2568 3281 2704 3335 Cum
2741 3289 2922 3336 autem
2968 3282 3235 3338 Palastini
3282 3285 3485 3339 bellum

1912 3371 2173 3426 Israelitis
2205 3371 2540 3436 intulissent,
2566 3380 2730 3440 atque
2751 3370 2808 3424 bi
2835 3370 2891 3423 in
2939 3373 3226 3440 procinctu
3255 3381 3484 3440 starent,

1916 3464 2135 3533 quidam
2167 3478 2235 3518 ex
2294 3461 2622 3530 alienigenis
2664 3470 2819 3518 stans
2872 3462 2929 3516 in
2962 3464 3145 3518 medio
3198 3467 3484 3518 amborum

1912 3556 2278 3619 exercituum,
2303 3555 2526 3609 nomine
2555 3553 2761 3618 Golias,
2794 3554 2878 3608 vir
2909 3556 3175 3611 robustus
3195 3564 3252 3610 et
3279 3556 3488 3626 magni.

1915 3649 2105 3702 tudine
2132 3647 2382 3717 corporis
2413 3646 2671 3699 omnibus
2711 3647 2993 3715 superior,
3043 3647 3245 3716 quippe
3279 3656 3486 3701 statura

1915 3755 2013 3795 sex
2042 3739 2356 3794 cubitorum
2388 3748 2444 3792 et
2473 3735 2779 3798 dodrantis,
2804 3737 2962 3805 cujus
2993 3739 3188 3790 thorax
3218 3736 3483 3790 siclorum

1914 3833 2156 3902 quinque
2183 3830 2351 3884 millia
2385 3827 2700 3898 pendebat,
2740 3827 2897 3880 haSta
2935 3828 3110 3880 instar
3159 3827 3275 3896 jugi
3309 3837 3486 3882 texto-

1915 3922 1984 3976 rii
2033 3929 2174 3988 erat,
2225 3935 2493 3974 mucrone
2539 3919 2743 3978 ferreo,
2795 3927 3182 3972 sexcentorum
3222 3919 3484 3973 sielorutn

1913 4013 2180 4083 pondere.
2224 4012 2276 4066 ls
2324 4011 2494 4080 igitur
2541 4009 2597 4062 in
2653 4005 2836 4062 medio
2882 4020 3052 4072 stans.
3107 4013 3377 4064 exclamat
3415 4009 3483 4064 ad

1914 4103 2241 4158 Israelitas:
2295 4099 2584 4154 Descendat
2636 4099 2828 4169 aliquis
2881 4108 3130 4162 uestrum,
3185 4107 3233 4151 et
3284 4113 3483 4153 mecum

1914 4195 2305 4266 congrediatur.
2341 4193 2443 4259 Qui
2475 4194 2522 4246 si
2559 4207 2642 4245 me
2681 4192 3027 4258 percusserit,
3070 4189 3353 4243 serviemus
3387 4206 3480 4241 νο-

1916 4289 1991 4341 bis
2024 4303 2042 4339 :
2071 4288 2153 4339 sin
2186 4303 2278 4355 ego
2314 4287 2466 4338 illum
2500 4286 2758 4354 dejecero,
2791 4299 2879 4336 vos
2909 4283 3076 4334 nostri
3114 4281 3252 4333 serui
3305 4283 3476 4334 eritis.

241 4393 326 4437 τις
350 4377 460 4427 τῶν
492 4375 809 4444 ἀλλοφύλων
842 4375 995 4439 στὰς,
1048 4375 1240 4428 Γολιὰθ
1287 4375 1481 4442 ἐκείνῳ
1509 4374 1570 4427 τὸ
1617 4375 1807 4442 ὄνομα,

1915 4377 2082 4445 idque
2113 4377 2472 4445 quadraginta
2510 4376 2708 4429 diebus
2740 4373 3088 4429 continenter
3118 4369 3267 4425 fecit.
3309 4371 3478 4426 David

247 4467 382 4535 ἀνὴρ
408 4466 636 4527 δυνατὸς
666 4465 763 4517 xui
790 4464 1012 4516 πάντων
1057 4463 1515 4533 ὐπερανεστηκώς
1541 4479 1557 4494 ο
1593 4467 1814 4532 πήχεων

253 4558 354 4626 γὰρ
396 4557 458 4621 ἐξ
508 4555 609 4610 καὶ
646 4557 930 4625 σπιθαμῆς
959 4557 1019 4608 τὸ
1054 4554 1186 4624 ὕψος
1220 4557 1392 4626 αὐτῷ,
1423 4553 1519 4608 xui
1557 4555 1587 4606 ὁ
1634 4555 1838 4640 θώραξῗ

193 4699 196 4704 .
254 4649 392 4719 αὐτῷ
441 4647 902 4716 πεντακισχιλίων
936 4645 1135 4698 σίκλων
1173 4646 1298 4697 ἓλχε
1335 4644 1595 4713 σταθμὸν,
1631 4648 1722 4697 xui
1755 4645 1816 4697 τὺ

260 4740 377 4808 Μρυ
408 4739 573 4793 αὑτοῦ
605 4739 685 4802 ῶς
725 4740 909 4791 ἀντίον
945 4738 1300 4806 ὑφαινόντων,
1331 4738 1422 4788 xui
1450 4739 1482 4805 ἡ
1516 4737 1682 4805 λόγχη
1719 4737 1813 4788 τοῦ

262 4829 468 4898 δόρατος
499 4831 702 4883 σίκλων
730 4828 1028 4895 ἑξακοσίων
1055 4828 1165 4898 (48)
1186 4843 1202 4858 ο
1232 4821 1385 4888 οὗτος
1409 4830 1465 4878 ἐν
1492 4827 1640 4896 μέσῳ
1663 4828 1812 4890 στὰς,

265 4923 507 4993 ἀνεϐόησε
539 4923 678 4993 πρὸς
705 4922 832 4982 τοὺς
869 4920 1018 4980 υίοὺς
1069 4917 1287 4987 Ἰσραήλ
1311 4933 1326 4948 ο
1377 4917 1695 4982 Καταόήτω
1727 4933 1817 4980 τις

263 5013 324 5075 ἐξ
343 5015 522 5080 ὑμῶν,
541 5014 642 5066 καὶ
671 5012 1008 5077 ἀντιστήτω
1032 5025 1134 5077 μοι
1159 5023 1172 5038 ·
1200 5010 1297 5062 καὶ
1325 5007 1435 5060 ἐὰν
1461 5007 1696 5074 πατάξῃ
1725 5023 1816 5075 με,

262 5103 660 5174 δουλεύσομεν
687 5103 829 5173 ὑμῖν
855 5119 869 5134 ·
895 5103 1006 5156 ἐὰν
1026 5100 1094 5154 δὲ
1135 5098 1251 5168 ἐγὼ
1274 5097 1590 5152 καταϐαλῶ
1608 5098 1815 5163 αὐτὸν,

264 5196 470 5256 ἔσεσθε
501 5200 649 5271 ἡμῖν
680 5201 768 5264 εὶς
788 5197 1071 5260 δούλους.
1103 5196 1216 5248 Καὶ
1244 5192 1403 5246 τοῦτο
1430 5193 1523 5245 ἐπὶ
1546 5193 1816 5260 τεσσαρά-

1913 4475 2095 4519 autem
2125 4481 2152 4516 a
2184 4465 2344 4520 Saulc
2371 4464 2437 4518 ad
2484 4473 2690 4532 patrem
2721 4464 2982 4519 Jessaaum
3015 4461 3298 4526 remissus,
3343 4462 3480 4517 sub-

1915 4557 2040 4609 inde
2083 4555 2136 4608 in
2192 4565 2370 4608 castra
2405 4553 2796 4618 missitabatur,
2831 4556 2896 4608 ad
2921 4551 3260 4606 afferendum
3287 4551 3479 4606 fratri-

1914 4647 2017 4701 bus
2058 4646 2426 4699 militantibus
2469 4652 2858 4698 commeatum.
2903 4643 3036 4698 Nam
3083 4653 3195 4698 tres
3231 4659 3298 4697 ex
3348 4654 3479 4697 natu

1914 4736 2216 4807 majoribus
2237 4737 2456 4788 Saulem
2492 4735 2885 4804 sequebantur.
2913 4734 3051 4790 Cum
3086 4735 3252 4805 igitur
3279 4735 3342 4787 ad
3376 4733 3484 4786 ira.

1917 4842 2029 4882 tres
2055 4829 2314 4891 venisset,
2339 4826 2523 4880 Golias
2547 4840 2738 4880 rursus
2759 4825 2827 4879 de
2858 4840 3010 4879 more
3044 4825 3322 4895 singulare
3356 4839 3478 4878 cer-

1917 4932 2095 4976 tamen
2121 4919 2403 4988 poscebat,
2437 4926 2491 4970 et
2510 4915 2751 4971 Hebraeis
2778 4916 3165 4986 exprobrabat.
3196 4916 3477 4970 neminem

1915 5025 2102 5065 secum
2128 5009 2388 5078 congredi
2418 5007 2640 5064 audere.
2683 5009 2756 5064 lis
2787 5009 2971 5064 verbis
2993 5009 3200 5063 auditis
3221 5007 3478 5076 indigna-

1917 5109 2006 5155 tus
2044 5098 2236 5160 David,
2267 5103 2329 5152 ad
2374 5114 2440 5154 eo
2469 5099 2563 5168 qui
2596 5101 2828 5154 aderant
2861 5099 2958 5166 ait,
3001 5114 3060 5153 se
3091 5115 3217 5154 cum
3252 5099 3344 5152 illo
3376 5112 3477 5165 pu-

1917 5202 2232 5261 guaturum.
2260 5190 2380 5258 Quo
2413 5191 2668 5248 nuntiato
2693 5233 2707 5260 ,
2739 5207 2835 5247 rex
2866 5191 3082 5257 Davidi,
3116 5189 3260 5257 Non,
3298 5187 3478 5256 inquit
3519 5226 3530 5236 .

1436 5350 1644 5412 Variis
1679 5350 1993 5412 lectiones
2039 5357 2101 5411 et
2145 5358 2334 5412 nota).

325 5524 604 5599 (i8)_nept
629 5519 1080 5599 τετρακοσίουςἶ
1108 5516 1314 5599 Ροιιιιεξιι⁸
1352 5512 1809 5599 subindefﬁuxo:

257 5584 384 5645 σίων
415 5584 490 5648 ’ίίι
522 5584 753 5651 ώοηῑίό.
781 5605 951 5658 quare.
987 5587 1212 5640 totidem
1264 5584 1353 5636 hic
1380 5584 1543 5658 etiam
1593 5584 1808 5658 legendi

257 5663 526 5733 videntur,
549 5653 813 5734 quamvis"
829 5659 1037 5728 Regum
1070 5658 1168 5710 lib.
1201 5672 1240 5719 ι,
1270 5669 1389 5722 cap.
1419 5653 1509 5719 22,
1543 5668 1650 5707 non
1684 5655 1810 5722 plu-

1916 5531 2004 5570 res
2041 5520 2459 5571 enumerentur.
2488 5513 2759 5570 Fortassis
2813 5514 2978 5585 igitur
3022 5518 3143 5581 post
3175 5508 3230 5562 id
3257 5515 3474 5575 tempus

1916 5587 2007 5641 alii
2039 5601 2100 5640 cc
2133 5594 2504 5641 accesserunt.
2534 5585 2600 5636 W
