4070 6214
443 244 551 311 135

1732 240 2060 303 JOANNIS
2094 240 2417 303 ZONAR/E

3581 244 3685 308 136

432 357 627 428 poteris
678 369 912 425 pugnum
964 352 1295 406 committere
1321 366 1439 404 cum
1473 350 1572 405 isto
1614 351 2003 411 iurircumciso,

2111 369 2279 408 κοντα
2305 351 2478 406 ἐποίει
2512 349 2746 423 ἡμέρας.
2784 349 2892 404 Τοῦ
2936 350 2993 406 δέ
3021 350 3195 405 Σαοὺλ
3221 351 3314 406 τδν
3347 352 3519 409 Δαϐὶδ
3548 357 3689 426 πρὸς

429 464 549 502 cum
599 462 730 517 puer
779 446 949 499 adhuc
982 444 1073 498 sis.
1111 443 1252 496 Tum
1300 441 1494 506 David,
1547 456 1607 496 se
1647 442 1758 496 Deo
1799 441 2001 494 fretum

428 554 550 594 esse
574 538 888 608 respondet,
920 539 1013 607 qui
1043 535 1146 591 sibi
1176 544 1372 590 contra
1404 548 1594 588 ursam
1628 534 1778 589 vires
1812 532 2002 589 dedis-

432 642 537 690 set.
574 640 631 683 et
653 637 845 684 contra
878 629 1117 693 leonem,
1153 628 1248 696 qui
1293 641 1513 696 gregem
1566 626 1921 689 invasissent,
1949 632 2006 679 et

431 722 671 791 pecudes
699 721 1035 789 rapuissent,
1059 734 1157 774 eos
1178 734 1236 773 se
1258 726 1634 788 persecutum,
1653 727 1708 771 et
1739 726 1890 786 rapta
1917 733 2008 771 re-

432 824 726 880 cuperasse
775 820 831 865 et
878 809 1217 878 percussisse
1253 808 1459 862 bestias
1508 821 1673 877 atque
1715 808 2004 863 occidisse.

431 902 511 954 Eo
545 900 711 969 igitur
744 915 803 953 se
835 899 946 969 64
981 912 1104 952 esse
1144 896 1371 962 fretum,
1409 897 1505 966 qui
1546 905 1603 951 et
1643 897 2030 968 alienigenam

431 990 585 1043 illum
624 990 729 1043 sibi
783 988 1168 1058 perimendum
1209 990 1279 1040 sit
1318 986 1642 1049 traditurus,
1676 996 1733 1041 et
1770 987 2006 1057 ignomi-

430 1078 580 1131 niam
614 1076 929 1131 lsraeliticae
968 1077 1148 1145 gentis
1178 1076 1533 1144 depulsurus.
1559 1077 1636 1130 Ac
1663 1077 1753 1130 ille
1782 1076 2006 1145 quidem

432 1167 549 1220 hzec
595 1166 833 1220 dicebat.
877 1164 992 1218 Rex
1036 1175 1218 1219 autem
1269 1166 1349 1219 ire
1383 1168 1730 1235 permittens,
1780 1182 1880 1221 sua
1929 1166 2006 1221 illi

430 1274 582 1312 arma
632 1258 1053 1319 accommodat,
1113 1256 1318 1325 quibus
1372 1257 1543 1311 David
1600 1270 1872 1328 gravatus,
1926 1259 2007 1313 uti

431 1359 653 1401 recusat
683 1366 695 1400 :
730 1351 827 1401 sed
861 1348 1057 1401 baculo
1090 1348 1338 1411 sublato,
1370 1357 1426 1401 et
1456 1350 1698 1417 quinque
1732 1350 2007 1420 lapidibus

432 1440 487 1493 in
534 1456 662 1508 pera
709 1439 968 1504 conditis,
1005 1456 1129 1493 cum
1169 1438 1335 1492 funda
1382 1456 1481 1493 sua
1516 1441 1583 1493 ad
1636 1442 2005 1512 alienigenam

431 1538 711 1598 properat.
742 1530 922 1583 Atille
970 1546 1070 1599 per
1126 1530 1368 1584 derisum
1407 1532 1724 1602 interrogat,
1779 1549 1906 1586 num
1938 1534 2004 1587 ad

431 1635 621 1673 canem
670 1636 795 1674 eum
841 1621 1032 1674 baculo
1076 1628 1133 1673 et
1182 1621 1461 1690 lapidibus
1499 1622 1626 1675 iret.
1680 1622 1847 1677 David
1915 1639 2006 1678 re-

2122 444 2327 507 Ἰεσσαὶ,
2369 442 2811 511 ἁναπέμψαντος,
2861 444 2890 494 6
2937 443 3119 512 πατὴρ
3166 443 3332 496 αὑτὸν
3393 442 3689 515 ἐσταλκεν,

2108 534 2187 595 είς
2225 532 2285 586 τὸ
2324 530 2708 601 στρατόπεδον,
2743 531 2855 592 τοῖς
2896 530 3351 599 στρατευομένοις
3381 531 3492 583 τῶν
3537 533 3693 586 ἀδελ-

2110 624 2225 693 φῶν
2274 622 2571 693 κομιοῦντα
2616 623 2689 674 τὰ
2743 621 3047 690 ἐπιτήδεια.
3100 621 3264 692 Τρεῖς
3298 621 3411 690 γάρ
3440 618 3585 694 ἦσαν
3638 627 3689 679 oi

2109 713 2471 783 πρεσϐύτεροι
2493 710 2572 781 τῷ
2598 709 2770 765 Σαοὺλ
2799 711 3177 781 συνεπόμενοι.
3207 712 3491 777 Ἐλθόντος
3512 715 3571 769 δέ
3593 716 3690 769 τοῦ

2110 802 2274 857 Δαϐὶδ
2324 804 2461 874 πρὸς
2509 804 2636 866 τοὺς
2692 803 2978 871 ἀδελφοὺς,
3035 804 3063 856 6
3112 803 3410 875 ἀλλόφυλος
3468 806 3691 876 Γολιάθ,

2110 897 2294 958 πάλιν,
2321 895 2396 959 ὡς
2425 894 2546 958 ἔθος
2591 894 2761 963 αύτῷ,
2803 898 2884 959 είς
2921 897 3260 967 μονομαχίαν
3296 898 3690 968 προύκαλεῖτο,

2109 986 2204 1040 καὶ
2237 986 2363 1045 τοὺς
2402 984 2685 1056 Ἐϐραίους
2709 984 3005 1050 ὠνείδιζεν,
3028 987 3111 1039 ὅτι
3145 987 3338 1058 μηδεὶς
3367 988 3523 1060 αύτῷ
3548 1006 3694 1058 συμ-

2112 1076 2264 1146 μίξαι
2288 1076 2501 1147 θαρρεἶ.
2550 1074 2815 1138 Ἀκούσας
2853 1076 2912 1129 δὲ
2933 1077 3043 1129 τῶν
3074 1076 3250 1145 λόγων
3272 1077 3481 1131 τούτων
3499 1080 3689 1145 Δαϐὶδ,

2110 1167 2482 1236 ἠγανάκτησε,
2515 1166 2609 1219 καὶ
2660 1162 2781 1219 εἷπε
2830 1167 2968 1237 πρὸς
3011 1167 3137 1230 τοὺς
3173 1169 3448 1236 παρόντας
3476 1186 3492 1201 ·
3545 1169 3694 1240 Ἐγὼ

2113 1258 2481 1330 μονομαχήσω
2559 1256 2729 1326 αὐτῷ.
2814 1258 3119 1327 Ἀνηγγέλη
3152 1258 3312 1311 τοῦτο
3336 1259 3417 1329 τῷ
3449 1259 3688 1328 βασιλεῖ.

2120 1347 2180 1401 '0
2252 1346 2310 1400 δὲ
2371 1346 2712 1416 παραστάντι
2778 1346 2927 1415 αύτῴ
2992 1347 3103 1417 (49)
3170 1347 3248 1418 τῷ
3325 1348 3522 1411 Δαϐὶδ,
3603 1352 3693 1405 Οὐ

2108 1439 2384 1506 δυνήσει,
2435 1438 2559 1509 ἔφη,
2597 1440 2695 1494 διὰ
2729 1440 2933 1507 μάχης
2962 1438 3237 1507 χωρῆσαι
3282 1438 3433 1507 πρὸς
3474 1440 3696 1495 τοῦτον

2110 1529 2216 1584 τὸν
2270 1532 2676 1601 ἁπερίτμητον
2703 1548 2719 1564 ο
2767 1531 2908 1597 παῖς
2932 1531 3043 1600 γὰρ
3072 1531 3153 1584 σὺ
3180 1530 3289 1583 ἐτι.
3326 1533 3435 1584 Καὶ
3466 1535 3495 1586 6
3525 1533 3695 1586 Aa6‘t6

2111 1620 2332 1691 θαρρεῖν
2358 1622 2544 1688 ἔλεγεν
2576 1623 2671 1674 ἐπὶ
2696 1620 2772 1687 τῷ
2812 1619 2932 1690 Θεῷ
2970 1621 3029 1684 ὃς
3071 1619 3232 1674 αὐτὸν
3260 1623 3404 1675 κατὰ
3438 1623 3539 1692 τῆς
3588 1624 3693 1693 ἄρ-

429 1713 684 1781 spondct,
734 1729 859 1767 eum
921 1714 1031 1768 sibi
1072 1729 1207 1768 cane
1252 1715 1583 1769 deteriorem
1629 1714 1826 1770 videri.
1868 1716 2003 1771 Tum

2108 1730 2239 1766 κτου
2285 1712 2557 1783 ἐνίσχυσε,
2603 1716 2698 1765 καὶ
2725 1712 2866 1764 κατά
2897 1710 2990 1764 τοῦ
3024 1712 3258 1776 λέοντος,
3296 1713 3689 1782 ἐπερχομένων

432 1803 524 1856 ille
555 1804 746 1867 iratus,
791 1805 972 1857 verbis
1011 1805 1398 1874 arrogantibus
1433 1820 1491 1858 se
1525 1820 1748 1860 carnem
1775 1808 1897 1877 ejus
1924 1807 2010 1864 fe-

431 1894 506 1946 ris
534 1902 591 1947 et
641 1896 867 1949 alitibus
900 1897 1156 1950 daturum
1204 1896 1486 1960 minitans,
1525 1908 1715 1951 contra
1752 1899 2009 1954 Davidem

431 1984 543 2035 ruit
577 2002 588 2037 :
627 1986 720 2052 qui
760 1995 815 2038 et
847 1987 962 2055 ipse
993 1987 1248 2040 celeriter
1284 1986 1466 2054 lapide
1511 1986 1693 2042 fundae
1726 1988 2007 2058 imposito,

431 2074 666 2128 frontem
723 2076 899 2131 hostis
945 2077 1058 2131 ictu
1100 2078 1240 2132 adeo
1295 2079 1608 2132 vehementi
1646 2058 1802 2144 ferit,
1854 2089 1915 2132 ut
1960 2081 2009 2134 is

429 2182 637 2235 pronus
682 2166 737 2219 in
772 2169 967 2222 faciem
1003 2179 1311 2223 corrueret.
1346 2169 1516 2222 David
1550 2170 1814 2235 accurrit,
1865 2172 2006 2225 edu~

429 2269 625 2327 etoque
660 2258 828 2314 Goliae
869 2260 1070 2331 gladio,
1110 2271 1276 2330 caput
1314 2260 1390 2314 illi
1430 2261 1697 2330 praecidit,
1734 2270 1790 2315 et
1831 2262 2004 2331 spolia

428 2349 548 2417 ejus
583 2348 735 2418 legit.
772 2348 848 2401 Ea
881 2364 940 2402 re
972 2349 1297 2418 alienigenae
1332 2349 1534 2414 territi,
1569 2349 1626 2401 in
1665 2348 1847 2416 fugam
1878 2362 2004 2401 ver-

429 2448 641 2492 tuntur.
712 2437 841 2492 Saul
905 2439 1152 2494 immisso
1206 2438 1546 2508 fugientibus
1593 2436 1841 2492 exercitu
1879 2452 2001 2502 suo,

429 2545 678 2598 magnam
723 2532 938 2584 turbam
990 2530 1215 2594 occidit,
1267 2530 1454 2600 plures
1507 2529 1781 2595 vulnerat,
1826 2537 2002 2584 castra

427 2621 639 2688 diripit.
698 2622 864 2676 David
900 2622 1071 2678 Golia:
1121 2631 1287 2692 caput
1340 2622 1490 2676 Sauli
1539 2623 1724 2688 offert,
1765 2621 2002 2692 gladium

428 2713 539 2765 Deo
567 2725 871 2769 consecrat.

2107 1808 2174 1875 τῇ
2234 1805 2457 1875 ποίμνῃ,
2494 1804 2589 1857 καὶ
2627 1803 2920 1873 θρέμματα
2954 1803 3332 1873 ἁρπαζόντων,
3365 1802 3460 1867 οὒς
3495 1804 3687 1871 διῶξαι

2108 1892 2251 1959 εἶπε,
2284 1896 2376 1948 καὶ
2402 1896 2471 1948 τὰ
2507 1896 2606 1966 μὲν
2632 1895 2972 1966 ἡρπαγμένα
2996 1894 3484 1961 ἐπανασὼσασθαι,
3514 1900 3686 1949 πατά-

2111 1983 2198 2048 ξαι
2244 1984 2301 2036 δὲ
2340 1984 2469 2046 τοὺς
2523 1984 2720 2054 θῆρας,
2773 1984 2869 2037 καὶ
2917 1983 3149 2038 ἀνελεῖν.
3200 1983 3326 2037 Ἐπὶ
3371 1984 3546 2056 τούτῳ
3577 1984 3685 2057 ἔφη

2112 2077 2357 2146 θαρρεῖν,
2387 2075 2461 2140 ὡς
2494 2078 2587 2129 καὶ¹
2619 2076 2711 2129 τὸν
2742 2076 3040 2144 ἀλλόφυλον
3068 2076 3310 2141 πατάξαι
3332 2076 3493 2131 δώσει
3516 2077 3685 2149 αύτῷ,

2116 2170 2209 2220 καὶ
2257 2166 2461 2233 ἐξελεῖν
2502 2166 2710 2230 ὄνειδος
2766 2165 2827 2232 ἐξ
2876 2168 3010 2222 υἱῶν
3062 2168 3303 2239 Ἰσραήλ,
3359 2167 3422 2222 '0
3457 2169 3554 2239 μέν
3592 2166 3688 2223 οὖν

2110 2260 2229 2315 εῐπε
2256 2260 2447 2313 ταῦτα.
2485 2260 2543 2312 '0
2569 2260 2627 2313 δὲ
2658 2259 2910 2330 βασιλεὺς
2930 2260 3230 2330 ἐπέτρεψέν
3255 2260 3307 2312 οἱ
3330 2261 3687 2331 πορεύεσθαι,

2111 2353 2204 2406 καὶ
2236 2352 2525 2424 περιέθετο
2548 2352 2618 2405 τὰ
2642 2353 2819 2404 οίκεία
2846 2350 2986 2403 ὅπλα
3019 2349 3190 2421 αὐτῷ.
3215 2352 3324 2403 Kal
3354 2346 3496 2421 ⁴ἦσαν
3525 2352 3689 2423 άχθπ

2107 2444 2277 2516 αὐτῷ,
2322 2446 2416 2498 καὶ
2457 2444 2763 2498 ἀπεδύσατο
2795 2444 2993 2498 ταῦτα.
3030 2444 3201 2512 ’Ἄρας
3233 2444 3291 2496 δὲ
3334 2444 3431 2515 τὴν
3483 2443 3695 2513 βακτη-

2113 2535 2257 2606 ρίαν,
2296 2537 2396 2588 καὶ
2426 2535 2587 2590 πέντε
2616 2535 2797 2598 λίθους
2828 2537 2887 2587 ἐν
2914 2535 2993 2605 τῷ
3023 2534 3223 2603 καδδίῳ
3246 2532 3556 2604 ἐνθέμενος,
3594 2535 3693 2586 καὶ

2110 2629 2211 2697 τὴν
2244 2628 2538 2697 σφενδόνην
2563 2627 2744 2697 φέρων
2775 2628 2832 2680 ἐν
2860 2630 2925 2696 τῇ
2959 2626 3125 2695 χειρὶ,
3169 2626 3307 2693 πρὸς
3330 2626 3424 2678 τὸν
3452 2624 3693 2692 ἀλλόφυ-

2107 2715 2200 2770 λον
2218 2717 2499 2789 ὥρμησεν.
2535 2718 2594 2771 Ὀ
2622 2717 2680 2771 δέ
2707 2718 2974 2786 κατεγέλα
2997 2715 3183 2781 αὑτοῦ,
3212 2717 3306 2770 καὶ
3332 2715 3692 2781 ἐπυνθάνετο,

425 2804 474 2851 εἰ
504 2807 635 2873 πρὸς
662 2806 796 2858 κύνα
819 2808 884 2874 τῇ
909 2803 1182 2875 βακτηρίᾳ
1208 2805 1303 2858 καὶ
1330 2806 1439 2868 τοῖς
1474 2803 1641 2870 λίθοις
1670 2807 1999 2878 πορεύεταις
2040 2808 2153 2862 Καὶ
2184 2810 2212 2862 6
2243 2807 2407 2861 Δαϐὶδ
2438 2807 2535 2861 καὶ
2599 2810 2769 2879 χείρω
2815 2811 2977 2869 κυνὸς
3018 2808 3271 2878 ἡγεῖσθαι
3312 2807 3478 2861 αὑτὸν
3543 2807 3690 2860 άπε-

428 2892 674 2959 κρίνατο.
724 2895 963 2956 Ἐκεῖνος
1007 2894 1063 2946 δέ
1090 2894 1366 2964 ὀργισθεὶς
1400 2895 1494 2948 καὶ
1525 2897 1975 2969 μεγαλαυχήσας,
2018 2896 2209 2952 δώσειν
2234 2900 2334 2963 τὰς
2383 2899 2593 2969 σάρκας
2627 2898 2794 2952 αὑτοῦ
2829 2902 2940 2963 τοῖς
3009 2903 3274 2963 πετεινοῖς
3314 2916 3373 2953 τε
3413 2898 3507 2953 καὶ
3567 2901 3687 2962 τοῖς

428 2984 646 3056 θηρσὶν,
700 2983 961 3054 ὥρμησεν
1013 2985 1100 3039 ἐπ’
1125 2986 1307 3039 αὐτόν.
1342 2984 1589 3056 Ταχύνας
1636 2986 1693 3040 δὲ
1738 2990 1769 3042 6
1810 2989 1999 3057 Aa6l6,
2038 2991 2134 3044 καὶ
2153 2988 2300 3043 λίθον
2329 2991 2395 3061 τῇ
2432 2991 2695 3063 σφενδόνῃ
2758 2990 3068 3062 ἐνθέμενος,
3102 2992 3196 3045 ἐπὶ
3259 2994 3510 3062 μέτωπον
3544 2992 3690 3043 ἐπάε

423 3083 556 3148 ταξε
589 3080 681 3134 τὸν
730 3079 1011 3149 πολέμιον.
1060 3080 1173 3132 Kal
1211 3073 1280 3149 ἦν
1323 3079 1356 3148 ἡ
1400 3079 1583 3149 πληγὴ
1613 3084 1874 3149 κραταιά,
1906 3084 1999 3135 καὶ
2037 3083 2235 3137 ἔπεσεν
2255 3086 2350 3139 ἐπὶ
2374 3085 2667 3157 πρόσωπον
2698 3085 2725 3137 6
2768 3084 3087 3151 ἀλλόφυλος.
3128 3084 3366 3156 Δραμὼν
3403 3086 3458 3138 ἑὲ
3517 3087 3692 3145 Δαελδ

423 3180 520 3231 καὶ
546 3185 643 3246 την
685 3178 896 3227 ἐκείνου
956 3172 1231 3244 ῥομφαίαν
1290 3173 1660 3242 σπασάμενος,
1692 3175 1992 3246 ἀποτέμνει
2030 3178 2133 3251 τὴν
2178 3178 2423 3249 κεφαλὴν
2451 3177 2669 3241 Γολιάθ,
2714 3178 2810 3231 καὶ
2852 3178 3104 3232 σκυλεύει
3170 3180 3239 3232 τά
3278 3180 3422 3234 ὅπλα
3487 3182 3683 3237 αὐτοῦ.

424 3267 595 3321 Τοῦτο
622 3268 730 3327 eoi,
763 3266 1085 3335 ἀλλοφύλοις
1119 3264 1322 3320 δειλίαν
1361 3265 1606 3333 ἐνέϐαλε,
1639 3267 1737 3320 καὶ
1776 3267 1999 3323 έκλιναν
2036 3273 2117 3334 είς
2161 3274 2362 3342 φυγήν.
2394 3272 2566 3325 Σαοὺλ
2598 3271 2655 3325 δέ
2686 3271 2747 3324 τὸ
2772 3272 2969 3325 οἰκεῖον
2997 3271 3181 3335 αὐτοῖς
3246 3272 3443 3341 ἐπάγει
3508 3279 3687 3348 στρά-

422 3374 604 3427 τευμα
664 3355 949 3423 φεύγουσι,
999 3356 1095 3407 καὶ
1139 3355 1412 3407 κτείνεται
1492 3357 1602 3409 τῶν
1655 3357 2030 3412 Παλαιστινῶν
2070 3360 2274 3430 πλῆθος
2335 3361 2490 3425 πολὺ,
2548 3362 2643 3415 καὶ
2739 3360 2984 3424 πλείονες
3035 3364 3526 3433 τραυματίξονται,
3582 3370 3686 3423 καὶ

423 3452 487 3505 τὸ
544 3448 903 3518 στρατόπεδον
953 3446 1132 3500 αὐτῶν
1174 3446 1559 3518 διαρπάζεται.
1609 3449 1720 3520 Τὴν
1790 3450 2035 3522 κεφαλὴν
2071 3453 2129 3506 δὲ
2196 3453 2388 3507 Γολιάθ
2440 3455 2705 3524 προσάγει
2750 3452 2915 3508 Δαϐὶδ
2956 3452 3036 3524 τῷ
3087 3454 3282 3521 Σαοὺλ,
3322 3455 3420 3528 τὴν
3451 3456 3509 3511 δὲ
3540 3459 3684 3531 pop.

424 3542 591 3614 φαίαν
617 3540 695 3604 τῶ
726 3539 846 3610 Θεῷ
876 3539 1217 3609 ἀνατίθησιν.

493 3632 664 3689 XXX.
699 3631 975 3687 Redeunti
996 3630 1221 3685 domum
1254 3630 1524 3684 exercitui
1544 3641 1847 3688 occurrunt
1877 3647 2002 3687 mu-

2174 3635 2256 3687 A'.
2304 3632 2667 3704 Ἐπανιούσης
2718 3633 2774 3686 δὲ
2821 3632 2922 3703 τῆς
2976 3636 3255 3706 στρατιᾶς,
3303 3637 3359 3691 αἱ
3417 3641 3685 3705 γυναῖκες

419 3727 587 3795 lieres
651 3733 709 3780 et
772 3725 1057 3787 saltantes,
1106 3722 1327 3777 Saulem
1368 3722 1519 3776 mille
1571 3722 1862 3790 occidisse,
1908 3739 2000 3780 ca-

2107 3729 2381 3799 συνήντων
2431 3725 2601 3796 αύτῷ,
2654 3728 2747 3781 καὶ
2799 3727 3143 3797 χορεύουσαι,
3195 3728 3438 3797 χιλιάδας
3484 3730 3681 3787 ὀλέσαι

423 3816 876 3881 nunt;Davidem
919 3831 1052 3870 vero
1117 3814 1307 3869 decem
1365 3814 1538 3868 millia
1579 3813 1869 3881 delevisse,
1917 3831 2003 3872 re-

2107 3820 2194 3871 τὺν
2244 3818 2436 3880 Σαοὺλ,
2483 3812 2615 3891 ᾖδον
2647 3832 2662 3847 ο
2705 3817 2762 3869 αἱ
2810 3815 2866 3869 δέ
2914 3817 3195 3886 παρθένοι,
3257 3819 3522 3889 μυριάδας
3583 3822 3683 3874 τὸν

423 3912 706 3981 ιροιιιὶειιι
740 3913 1003 3981 virgines.
1029 3912 1107 3966 Ea
1140 3911 1314 3966 verba
1348 3910 1570 3967 Saulem
1627 3909 1695 3964 ad
1734 3910 1997 3965 invidiam

2107 3909 2268 3964 Aa6l6
2295 3908 2578 3978 ἀφανίσαι,
2629 3907 2881 3978 ἀντῇδον.
2922 3908 3091 3961 Τοῦτο
3143 3911 3278 3980 πρὸς
3319 3910 3512 3976 φθόνον
3538 3913 3679 3983 ἠρέ-

422 4003 762 4067 incitarunt,
809 4012 869 4056 ut
915 4002 1127 4056 diceret
1179 4020 1193 4056 τ
1247 4002 1384 4067 Quid
1438 4004 1486 4056 ei
1533 4012 1726 4066 prwter
1777 4017 1996 4072 regnum

2107 4004 2222 4056 θισε
2278 4002 2369 4054 τὸν
2425 4002 2617 4064 Σαοὺλ,
2672 4001 2942 4071 φήσαντα,
2992 3999 3101 4054 Καὶ
3148 4003 3206 4053 τί
3240 4001 3401 4067 αὐτῷ
3438 4005 3689 4072 ὑστερεῖ

419 4098 608 4151 deest?
634 4106 690 4151 et
726 4095 987 4150 Davidem
1027 4104 1342 4164 suspectum
1375 4096 1619 4150 haberet.
1658 4095 1845 4165 Itaque
1868 4110 1993 4151 cum

2107 4092 2272 4161 πλὴν
2317 4091 2355 4158 ἡ
2401 4091 2730 4155 ,βασιλεία;
2789 4093 2898 4144 Kal
2946 4092 3283 4146 ύπεϐλέπετο
3334 4094 3427 4147 τὸν
3484 4096 3677 4151 Δαϐίδ.

419 4191 563 4244 malo
594 4188 790 4258 spiritu
827 4188 1223 4257 'corriperetur,
1270 4202 1511 4255 eumque
1540 4187 1709 4241 David
1736 4187 1805 4241 de
1836 4201 1990 4241 more

2113 4183 2503 4244 Ἐπιπεσόντος
2530 4182 2586 4233 δέ
2614 4181 2692 4249 τῷ
2722 4182 2896 4234 Σαοὺλ
2941 4184 3249 4252 πνεύματος
3282 4186 3542 4255 πονηροῦ,
3578 4188 3684 4239 καὶ

417 4288 756 4343 exeantaret,
780 4279 1027 4333 lanceam
1054 4287 1249 4332 contra
1288 4277 1441 4332 illum
1474 4274 1665 4340 mittit,
1700 4276 1864 4345 idque
1892 4275 1996 4331 ite-

2107 4274 2189 4328 τοῦ
2241 4274 2407 4327 Δαϐὶδ
2462 4275 2881 4346 κατεπᾴδοντος,
2916 4274 2992 4334 ὡς
3033 4274 3153 4338 ἔθος
3212 4276 3381 4346 αύτῷ,
3428 4276 3488 4329 τὸ
3536 4276 3675 4344 δόρυ

422 4378 545 4423 rato
600 4371 844 4435 factum;
877 4368 974 4423 sed
1006 4368 1175 4422 David
1223 4366 1480 4437 prmsidio
1535 4365 1724 4420 divino
1783 4374 1994 4434 septus,

2107 4367 2286 4420 ἔϐαλεν
2327 4368 2355 4419 6
2397 4366 2573 4420 Σαοὺλ
2601 4369 2719 4420 κατ’
2748 4367 2914 4420 αὑτοῦ
2943 4383 2956 4397 ·
2989 4370 3084 4420 καὶ
3110 4368 3193 4430 δὶς
3229 4368 3390 4422 τοῦτο
3419 4369 3672 4437 ἐποίησε.

418 4458 591 4513 ictum
636 4458 896 4513 declinat.
932 4460 1141 4514 Deinde
1183 4475 1278 4514 rex
1303 4459 1562 4515 Davidem
1598 4470 1876 4523 metuens,
1904 4460 2000 4512 tri-

2107 4461 2207 4512 Kal
2230 4462 2258 4512 6
2308 4459 2473 4512 Aa6l6
2503 4459 2749 4525 ἐξέκλινε
2771 4477 2784 4491 ·
2814 4458 3015 4530 Κύριος
3050 4460 3168 4529 γάρ
3199 4455 3266 4530 ἦν
3308 4461 3425 4530 μετ’
3478 4458 3673 4514 αὑτοῦ.

422 4549 634 4602 bunum
662 4550 896 4603 militum
932 4565 1105 4614 creat,
1136 4559 1198 4605 ut
1229 4551 1375 4605 inter
1406 4550 1596 4605 hostes
1622 4550 1994 4620 periclitetur.

2107 4547 2289 4611 Δεδιὼς
2321 4548 2379 4600 δέ
2410 4548 2571 4601 αὑτὸν
2594 4549 2623 4600 6
2650 4548 2925 4617 βασιλεὺς,
2957 4547 3239 4617 χιλίαρχον
3279 4548 3572 4610 ἐποιήσατο
3600 4546 3680 4599 ἶν’

418 4643 491 4695 Λι
532 4641 624 4695 ille
656 4641 771 4696 Deo
815 4641 1065 4712 adjutore
1096 4657 1209 4695 rem
1239 4642 1377 4695 bene
1409 4641 1571 4710 gerit,
1617 4640 1819 4709 populo
1864 4640 1997 4693 cha-

2107 4638 2176 4700 εἰς
2201 4638 2328 4700 τοὺς
2359 4638 2652 4707 πολεμίους
2679 4636 2882 4704 ἀπιὼν,
2916 4639 3263 4707 κινδυνεύσῃ.
3295 4638 3352 4693 Ὀ
3372 4638 3427 4691 δὲ
3447 4636 3525 4706 τῷ
3547 4635 3679 4707 Θεῷ

421 4749 543 4799 rus,
571 4747 789 4788 necnon
828 4733 1063 4788 Melchol
1097 4733 1207 4787 lilia
1256 4730 1404 4801 regis
1436 4731 1588 4788 illius
1624 4745 1813 4785 amore
1842 4731 1997 4799 capi-

2107 4728 2589 4799 τυμμαχούμενος,
2615 4729 2890 4784 εὐοδοῦτο.
2921 4731 3030 4785 Kal
3060 4732 3087 4783 6
3123 4729 3252 4794 λαὸς
3286 4730 3475 4800 ἠγάπα
3498 4729 3677 4784 αὐτὸν

1615 4886 1822 4947 Variis
1865 4888 2169 4947 lectiones
2214 4890 2275 4945 et
2311 4893 2500 4944 noue.

2096 5026 2232 5079 tibus
2285 5040 2392 5080 non
2433 5041 2555 5080 esse
2599 5041 3094 5095 supervacaneum.
3129 5027 3224 5081 sed
3266 5025 3469 5081 habere
3514 5029 3686 5098 ἐνέρ-

2094 5113 2275 5164 γειαν,
2305 5098 2549 5151 concedo
2578 5112 2710 5151 sane
2742 5112 2756 5149 :
2789 5100 2885 5151 sed
2918 5098 3052 5151 illud
3084 5106 3277 5152 contra
3298 5100 3421 5151 dico
3457 5112 3488 5150 a
3519 5099 3686 5154 Lati-

2095 5167 2185 5220 nis
2220 5167 2270 5218 id
2318 5168 2598 5236 ἐνεργείας
2643 5181 2813 5235 genus
2851 5166 2922 5220 ob
2952 5166 3365 5236 partieipiorum
3403 5167 3570 5222 alium
3612 5182 3691 5226 et

2098 5237 2280 5308 minus
2308 5235 2649 5308 frequentem
2685 5251 2842 5289 usum
2890 5235 3004 5290 fere
3055 5235 3252 5308 negligi
3288 5254 3302 5308 ι
3333 5237 3385 5289 id
3423 5238 3566 5308 quod
3612 5244 3685 5295 ei

2094 5306 2304 5375 liquido
2332 5306 2635 5375 apparebit,
2664 5309 2753 5375 qui
2785 5308 3033 5361 eamdem
3063 5306 3389 5363 sententiam
3416 5323 3447 5360 a
3472 5307 3689 5366 Latino

2094 5385 2150 5430 et
2179 5374 2368 5430 Graeco
2394 5374 2952 5445 scriptore’tractam,
2988 5393 3107 5446 quae
3136 5377 3320 5431 multa:
3345 5378 3545 5446 passim
3570 5394 3698 5436 ex.

418 5452 471 5507 id
501 5446 703 5507 factum
754 5449 1048 5511 nuntiavit,
1081 5450 1322 5504 astitisse
1365 5459 1459 5500 aut
1495 5448 1792 5502 accessisse
1842 5447 1993 5499 illum
2094 5455 2261 5507 stant,
2292 5446 2624 5501 contulerit:
2658 5460 2745 5499 me
2772 5446 3017 5515 exempla
3054 5447 3307 5515 persequi
3341 5449 3692 5514 occupatio-

419 5537 585 5577 nemo
615 5520 855 5575 dubitat.
880 5519 974 5573 Sic
998 5522 1160 5587 paulo
1193 5530 1339 5587 post,
1374 5521 1485 5577 τοῖς
1521 5517 1872 5587 περιστιιῑκςινΔ
1897 5516 1994 5587 αὐτ

2107 5530 2197 5569 nes
2224 5524 2300 5587 et
2324 5516 2573 5573 instituta
2616 5516 2854 5571 brevitas
2884 5516 2990 5571 hoc
3019 5528 3265 5586 tempore
3297 5531 3408 5572 non
3438 5517 3696 5587 patiun-

419 5592 499 5659 τῷ
535 5591 803 5653 ὁπλίταις,
840 5584 1012 5653 verti,
1045 5607 1075 5641 α
1106 5584 1419 5642 satellitibus
1444 5584 1806 5659 υεείιιὶλιιίιεε.
1842 5584 1999 5649 Quod

2107 5594 2208 5639 tur.
2235 5584 2322 5640 W.

422 5656 483 5713 εἴ
498 5661 622 5730 quis
649 5660 784 5714 mihi
813 5661 1243 5716 controversiam
1261 5659 1414 5722 facit,
1440 5656 1793 5727 participium
1817 5664 1975 5709 astan
1992 5688 2007 5696 ι

494 5028 607 5102 (49)
636 5028 1210 5102 Παρεστηκῲςὲτότε
1232 5025 1416 5102 αὐτῷ.
1444 5027 1775 5102 ambiguum
1804 5035 1987 5102 utrum

418 5097 733 5166 sacerdoti,
771 5116 842 5155 an
878 5099 1088 5163 Davidi,
1123 5114 1193 5153 an
1227 5097 1400 5153 Sauli.
1446 5097 1554 5154 Sed
1586 5099 1655 5152 ad
1689 5097 1907 5152 Saulem
1941 5099 1988 5151 si

420 5174 678 5235 refertur,
704 5180 765 5224 ut
784 5179 1030 5239 apparet,
1058 5177 1142 5224 est
1174 5167 1569 5241 περισσολοχία
1599 5168 1813 5241 Graeca,
1840 5166 1987 5241 quod

364 5244 377 5255 '
418 5256 590 5314 genus
639 5243 692 5293 in
722 5237 990 5293 vertendo
1025 5248 1250 5314 propter
1288 5240 1455 5314 aliam
1493 5238 1670 5292 Latini
1713 5237 1990 5291 sermonis

419 5308 710 5375 rationem,
746 5326 856 5379 quo
898 5308 1284 5364 antecedentia
1326 5308 1488 5379 exiis
1526 5322 1647 5377 qua:
1678 5317 1989 5379 sequuntur

419 5383 651 5450 intelligi
680 5375 875 5440 solent,
898 5390 1047 5434 recte
1069 5380 1364 5434 omittitur.
1390 5377 1526 5432 Nam
1544 5375 1595 5432 si
1621 5380 1737 5450 ipse
1763 5375 1989 5450 Degregi
