3958 6204
264 227 348 293 137
855 232 858 236 ’
1539 213 1822 276 ANNALI

1937 211 1947 268 Ῐ
1991 213 2142 274 LIB.
2185 214 2232 272 Ι.

3397 222 3502 282 138

264 343 394 412 καὶὴ
425 338 517 393 τοῦ
572 335 842 406 βασιλέως
901 332 1147 402 θυγάτηρ
1204 328 1422 398 Μελχδλ
1471 327 1580 400 ήρα
1639 324 1821 379 Δαῦίδ.

1937 332 2040 379 tnr.
2071 323 2228 390 Quod
2258 322 2388 379 Saul
2422 327 2695 388 nuntiato,
2722 329 3137 385 statuendarum
3176 332 3503 392 insidiarum

264 428 638 506 ῐιροσηγγέλθη
699 422 796 480 οὖν
849 428 880 480 6
935 423 1074 494 ἔρως
1109 421 1190 492 τῷ
1227 421 1464 493 βασιλεῖ,
1500 420 1594 473 καὶ
1634 419 1693 482 ὃς
1744 418 1821 480 εἰς

1937 417 2275 474 occasionem
2310 419 2530 488 arripit,
2561 419 2725 475 filiam
2764 423 2814 475 ei
2847 436 2906 476 se
2931 422 3188 476 daturum
3215 427 3502 496 pollicens,

261 525 409 593 ιαεὴν
443 519 741 589 επιὼυλῆς
765 517 968 589 εχρῆτο
992 515 1068 587 τῷ
1091 517 1275 587 ἔρωτι.
1308 514 1451 584 Ἔφη
1474 514 1582 583 γὰρ
1633 510 1825 564 δὼσειν

262 614 392 685 αὑτῷ
421 613 482 668 τὸ
514 611 837 681 θυγάτριον,
881 607 930 660 εί
969 606 1164 661 ἑκατὸν
1199 603 1571 675 ἀκροῦυστίας
1612 599 1824 668 ἐνέγκοι

264 707 394 777 αὐτῷ
427 721 442 737 ⁶
477 702 690 774 οἰηθεὶς
721 699 1010 755 πεσεῖσθαι
1038 698 1200 752 αὑτὸν
1227 699 1340 756 τοῖς
1371 693 1690 764 ἀλλοφύλοις
1718 710 1824 762 μα-

264 799 494 871 χόμενον.
529 791 704 846 Τοῦτο
731 789 922 863 μαθὼν
952 790 981 842 6
1011 787 1201 852 Δαϐὶδ,
1237 785 1511 857 ἐπορεύθη
1549 782 1687 854 μετά
1716 782 1827 835 τῶν

262 892 337 948 ὕπ’
360 889 544 956 αὐτὸν,
577 886 676 940 καλ⁵
702 882 978 949 ἐπάταξεν
1011 883 1070 936 ὲν
1111 882 1224 942 τοῖς
1247 875 1591 946 ἀλλοφύλοις,
1631 875 1724 928 καὶ
1766 875 1828 944 ή-

263 999 431 1053 νεγκεν
453 977 826 1049 ἀκροϐυστίας
849 974 928 1045 τῷ
949 972 1124 1028 Σαοὺλ
1145 970 1366 1025 ἑκατόν.
1405 968 1464 1022 ’0
1486 968 1543 1022 δέ
1564 967 1828 1036 Ἰώσηπος

263 1079 345 1147 εύχ
363 1074 558 1130 ἑκατόν
603 1069 974 1142 ἀκροϐυστίας
992 1065 1216 1138 κομίσαι
1234 1064 1325 1118 τὸν
1347 1063 1533 1128 Δαδὶδ,
1550 1060 1685 1116 ἀλλα
1706 1061 1829 1126 ἐξα-

263 1169 428 1228 κοσίας
472 1166 716 1235 κεφαλὰς
751 1161 1083 1230 ἀλλοφύλων.
1104 1158 1215 1212 Καὶ
1248 1156 1537 1222 ζεύγνυσιν
1557 1153 1706 1224 αύτῷ
1730 1153 1829 1223 τήν

261 1260 435 1314 ἑαυτοῦ
458 1257 738 1328 θυγατέρα
759 1254 998 1324 Μελχόλ.
1043 1250 1215 1322 Ὀρῶν
1241 1250 1297 1302 δὲ
1320 1248 1412 1302 τὸν
1439 1248 1603 1300 Δα6“ιδ
1631 1248 1723 1299 καὶ
1753 1245 1831 1311 τῷ

260 1353 360 1423 Θεῷ
416 1348 910 1421 συμμαχούμενον,
964 1347 1061 1400 καὶ
1102 1343 1180 1414 τῷ
1233 1340 1430 1411 πλήθει
1482 1339 1828 1410 φιλούμενον,

259 1449 326 1500 Est
379 1444 584 1515 μᾶλλον
637 1442 853 1506 ἐδεδίει,
914 1440 1014 1494 καὶ
1055 1436 1451 1492 ἐπεϐούλευσεν
1504 1434 1679 1506 αύτῷ,
1738 1439 1833 1490 καὶ

260 1540 455 1592 κτανεῖν
484 1535 784 1604 ἐπεχείρει.
818 1531 910 1601 Τῷ
950 1531 1042 1584 οὖν
1100 1528 1203 1600 υίῷ
1265 1528 1523 1584 Ἰωνάθαν
1574 1529 1670 1583 καὶ
1718 1532 1832 1592 τοῖς

259 1629 588 1692 πιστοτάτοις
638 1626 750 1679 τῶν
799 1623 1028 1678 οἰκετῶν
1058 1628 1157 1694 τήν
1203 1622 1481 1692 ἀναίρεσιν
1511 1621 1678 1675 αὐτοῦ
1712 1622 1833 1674 ἐπι-
1861 1662 1906 1722 Β

259 1722 452 1776 τάσσει.
501 1718 769 1774 Ίωνάθαν,
796 1717 856 1770 δὲ
902 1715 1075 1786 φιλῶν
1120 1715 1211 1768 τὸν
1244 1713 1431 1778 Δασὶδ,
1481 1712 1632 1783 δηλοῖ
1682 1712 1830 1782 αύτῷ

259 1815 310 1866 τὸ
333 1813 636 1882 ιπίταγμα,
673 1810 770 1864 καὶ
804 1807 1175 1878 φυλάττεσθαι
1210 1809 1489 1877 παραινεῖ,
1522 1806 1618 1859 καὶ
1659 1807 1830 1872 ἐπαγ-

259 1906 490 1972 γέλλεται
516 1901 976 1974 διαλεχθήσεσθαι
999 1901 1132 1971 περὶ
1175 1899 1342 1954 αὑτοῦ
1372 1899 1449 1969 τῷ
1487 1899 1686 1970 πατρὶ,
1737 1900 1832 1952 καὶ

257 2001 312 2054 τὸ
333 2001 437 2054 πᾶν
461 1997 705 2068 ἐκφῆναι
733 1994 908 2066 αὐτῷ.
960 1994 1070 2048 Καὶ
1121 1993 1306 2063 μέντοι
1328 1993 1423 2046 καὶ
1447 1990 1719 2062 διελέχθη,
1738 1991 1834 2044 καὶ

261 2094 552 2162 μετήνεγκε
583 2090 724 2161 πρὶς
750 2086 1041 2157 πραότητα
1062 2100 1074 2112 ·
1115 2082 1442 2154 μεταϐαλὼν
1487 2084 1620 2154 γὰρ,
1663 2082 1832 2155 μηδὲν

255 2184 523 2254 ἀδικήσειν
552 2179 738 2249 ὤμοσε
794 2178 887 2232 τὸν
940 2175 1105 2231 Δα6“ιδ
1137 2176 1165 2228 6
1205 2175 1400 2230 Σαούλ.
1460 2175 1720 2231 ἰωνάθαν
1775 2174 1832 2227 δὲ

258 2274 415 2328 ταῦτα
430 2271 754 2342 δεδηλωκὼς
786 2270 866 2342 τῷ
897 2268 1080 2334 Δαύὶδ,
1111 2269 1326 2336 εἰσάγει
1355 2269 1493 2338 πρὸς
1534 2268 1625 2322 τὸν
1671 2267 1831 2338 βασι-

258 2369 343 2420 λέα
370 2366 558 2434 αὐτὸν,
599 2364 698 2418 καὶ
734 2361 800 2436 ήν
829 2364 906 2429 ὡς
937 2363 1130 2434 πρώην
1152 2362 1302 2433 αύτῷ
1323 2362 1679 2433 παραμένων.
1710 2361 1832 2416 Τῶν

258 2457 308 2510 δὲ
363 2456 744 2512 Παλαιπινῶν
806 2455 1138 2525 κινηθέντων
1187 2455 1284 2509 καὶ
1324 2454 1512 2519 πάλιν,
1567 2455 1660 2507 καὶ
1717 2456 1831 2518 τοίς

269 2549 533 2620 Ἑϐραίοις
595 2548 886 2611 ἐπιόντων,
955 2547 1377 2617 ἀντιταξόμενος
1437 2549 1622 2611 αὐτοῖς
1680 2547 1832 2620 παρᾶ

267 2641 436 2694 Σαοὺλ
464 2641 494 2693 6
519 2639 687 2692 Δαεὶδ
711 2637 1124 2701 ἀποστέλλεται,
1153 2639 1247 2690 καὶ
1280 2637 1421 2708 μετά
1457 2640 1614 2708 νίκης
1660 2642 1833 2694 ἐπάν-

271 2748 392 2786 εισι.
455 2732 584 2793 Τοῖς
623 2729 669 2783 δ’
707 2731 1056 2801 εὐτυχήμασι
1107 2729 1202 2782 τοῦ
1243 2727 1436 2800 ἀνδρὸς
1493 2731 1589 2783 καὶ
1638 2733 1666 2784 6
1713 2732 1832 2784 κατ’

273 2822 430 2878 αὑτοῦ
470 2823 666 2891 φθόνος
697 2822 997 2892 συνηύξετο
1029 2821 1106 2893 τῷ
1137 2821 1331 2888 Σαοὺλ,
1366 2823 1462 2876 καὶ
1519 2823 1615 2876 τοῦ
1667 2841 1834 2893 πονηο

263 2913 353 2987 ροῦ
386 2913 702 2984 πνεύματος
728 2909 886 2975 αὖθις
914 2912 1236 2976 ἐπελθόντος
1265 2913 1414 2985 αὐτῷ
1461 2913 1554 2967 καὶ
1593 2915 1834 2986 συμπνε-

1927 510 1971 563 si
2000 519 2223 566 ccntum
2252 512 2518 581 praeputia
2553 512 2988 584 alienigenarum
3027 514 3132 569 sibi
3181 518 3456 574 attulisset
3486 541 3498 576 :

1928 602 2044 656 fore
2073 617 2304 671 sperans
2363 613 2422 658 ut
2455 603 2508 656 in
2536 605 2724 673 praelio
2749 605 2990 660 caderet.
3026 606 3100 660 Eo
3128 607 3298 663 David
3342 612 3503 666 intel-

1928 693 2094 758 lecto,
2117 709 2242 748 cum
2273 695 2391 750 suis
2414 695 2686 751 militibus
2717 699 2846 766 prof
2878 709 3021 762 ctus,
3048 709 3104 755 et
3146 703 3303 756 caesis
3329 703 3506 759 hosti-

1929 786 2054 850 bus,
2105 799 2326 842 centum
2354 788 2506 842 Sauli
2542 792 2810 859 praeputia
2853 792 2940 845 θαι
2962 801 3012 845 rt
3057 793 3353 864 (Iosephus
3394 813 3504 852 non

1931 889 2152 933 centum
2216 881 2519 950 pratputia,
2568 882 2664 936 sed
2717 895 2976 938 sexcenta
3033 888 3212 955 capita
3255 890 3507 945 attulisse

1931 971 2162 1043 narrat),
2183 973 2368 1042 itaque
2391 973 2948 1050 Mclcholisconjugio
2977 979 3205 1047 potitur.
3233 980 3506 1038 Gtt-lerunt

1933 1061 2085 1125 Saul,
2107 1064 2201 1134 qui
2219 1080 2344 1119 eum
2368 1073 2422 1120 et
2438 1065 2708 1122 divinitus
2729 1069 2922 1132 foveri.
2944 1081 2999 1124 et
3023 1072 3242 1141 publice
3274 1075 3505 1130 charum

1931 1156 2122 1212 haberi
2161 1169 2432 1222 cerneret,
2468 1160 2641 1230 magis
2676 1161 2840 1215 etiam
2882 1162 3198 1231 formidare,
3235 1166 3508 1233 insidiari,

1932 1249 2115 1303 moliri
2150 1249 2258 1320 65
2290 1266 2504 1306 necem.
2542 1252 2710 1321 Igitur
2737 1253 2987 1310 Jonathze
3018 1256 3152 1320 ﬁlio,
3184 1268 3241 1312 et
3275 1259 3512 1314 famulo-

1934 1358 2054 1395 rum
2100 1341 2456 1408 ﬁdelissimis,
2512 1344 2715 1398 credem
2749 1347 2869 1414 ejus
2900 1347 3142 1401 mandat.
3188 1349 3388 1404 Verum
3416 1351 3512 1406 ιο-

1933 1434 2147 1494 natbas.
2185 1432 2280 1500 qui
2317 1433 2578 1487 Davidem
2610 1445 2843 1500 amaret,
2883 1439 3200 1493 mandatum
3251 1441 3425 1508 patris
3455 1443 3510 1496 ei

1935 1526 2126 1590 refert,
2156 1525 2548 1595 caverejubet,
2583 1541 2709 1580 cum
2736 1536 2892 1595 patre
2920 1538 3174 1583 acturum
3209 1532 3509 1599 promittit,

1934 1620 2100 1689 eique
2128 1619 2502 1674 indicaturum
2527 1619 2733 1674 omnia.
2771 1619 2926 1674 Facit
2957 1622 3055 1683 ita,
3097 1633 3151 1676 et
3178 1625 3352 1692 patris
3388 1629 3512 1682 ani-

1937 1727 2087 1765 mum
2115 1710 2182 1766 ad
2234 1710 2582 1766 clementiam
2617 1710 2882 1774 traducit,
2942 1721 3001 1768 ut
3032 1723 3240 1768 mutata
3283 1727 3513 1771 senten-

1937 1804 2270 1874 tiajnraret,
2302 1819 2362 1858 se
2403 1802 2595 1857 Davidi
2642 1804 2848 1860 nullam
2887 1804 3167 1862 facturum
3201 1809 3459 1878 injnriam
3490 1827 3506 1865 :

1935 1905 1991 1949 et
2021 1895 2278 1952 Davidem
2314 1937 2327 1959 ,
2361 1895 2450 1952 bis
2505 1896 2862 1962 renuntiatis,
2896 1898 2964 1952 ad
3019 1914 3204 1967 regem
3259 1901 3510 1968 adducit,

1937 1998 1996 2042 ut
2023 1988 2169 2044 sicut
2195 1987 2369 2058 prius,
2404 1989 2456 2044 ei
2489 1999 2693 2058 praesto
2723 1998 2890 2044 esset.
2931 1989 3068 2045 Cum
3099 2001 3286 2048 autem
3337 1995 3512 2050 Palae-

1935 2081 2067 2138 stini
2095 2080 2282 2138 denuo
2317 2097 2376 2137 se
2409 2093 2714 2147 moverent,
2758 2093 2815 2138 et
2861 2084 3115 2140 Hebraeos
3149 2087 3514 2155 invaderent,

1937 2173 2110 2230 David
2139 2187 2332 2230 contra
2363 2190 2462 2231 eos
2491 2191 2524 2230 a
2581 2174 2748 2230 Sanle
2793 2177 3016 2239 missus,
3065 2195 3126 2233 re
3186 2179 3328 2235 bene
3357 2193 3512 2252 gesta

1937 2265 2253 2320 revertitur.
2289 2265 2397 2321 Sed
2432 2282 2542 2335 quo
2587 2267 2679 2321 hic
2717 2268 2973 2337 pluribus
3013 2274 3366 2328 successibus
3401 2275 3520 2328 uti-2

1937 2367 2046 2421 tur,
2072 2372 2140 2414 eo
2173 2360 2478 2430 graviorem
2513 2361 2655 2430 regis
2683 2361 2945 2416 invidiam
2969 2363 3140 2418 subit.
3173 2365 3360 2435 Itaque
3385 2381 3518 2422 cum

1935 2449 2111 2514 Sauli,
2143 2466 2307 2520 quem
2345 2451 2524 2506 malus
2566 2452 2762 2522 genius
2795 2453 2980 2510 denuo
3017 2455 3292 2512 invaserat
3347 2466 3526 2528 atque

1936 2543 2195 2614 angebat,
2240 2558 2365 2599 cum
2392 2544 2623 2616 cinnyra
2655 2555 2852 2614 praesto
2885 2556 3034 2602 esset
3084 2561 3139 2604 et
3173 2559 3512 2614 excantarct,

1940 2635 2074 2691 Saul
2111 2636 2327 2692 hastam
2371 2646 2684 2706 correptam
2739 2649 2934 2694 contra
2963 2656 3092 2695 eum
3143 2644 3372 2713 conjicit
3405 2661 3419 2696 :
3455 2657 3514 2700 at

1937 2730 2029 2786 ille
2091 2733 2323 2800 praeviso
2377 2731 2768 2802 declinatoque
2821 2733 2969 2798 ictu,
3034 2735 3314 2803 discedit;
3381 2739 3511 2794 Saul

1935 2836 2071 2876 vero
2124 2822 2459 2880 satellitibus
2512 2832 2678 2877 noctu
2743 2822 2798 2878 in
2851 2825 3072 2880 Davidis
3122 2827 3270 2883 aedes
3303 2829 3512 2892 missis,

1939 2933 2103 2974 mane
2126 2932 2254 2972 eum
2288 2917 2483 2972 tollere
2516 2915 2862 2972 decreverat.
2901 2917 3021 2984 Quo
3053 2919 3284 2975 Melcbol
3327 2928 3518 2990 cogni-

259 3021 464 3074 γοντος,
531 3008 714 3076 παρῆν
752 3006 780 3058 6
821 3004 985 3059 Δαὸὶδ
1008 3004 1106 3075 τὴν
1171 3005 1401 3078 κινύραν
1458 3006 1694 3078 κρούων,
1742 3010 1832 3062 καὶ

1947 3021 2023 3075 ιο,
2049 3010 2306 3066 Davidem
2331 3024 2429 3079 per
2471 3009 2766 3064 fenestram
2807 3011 3107 3068 demissum
3135 3016 3320 3084 eripit.
3356 3019 3513 3076 Mane

257 3098 578 3168 κατεπᾴδων
620 3096 775 3151 αὐτό.
814 3098 871 3150 '0
916 3097 1090 3151 Σαοὺλ
1144 3097 1226 3164 δὲ,
1258 3097 1320 3152 τὸ
1383 3099 1510 3171 δόρυ
1558 3101 1830 3170 κατέχων,

256 3188 540 3258 ἠκόντισεν
566 3188 698 3242 αὐτὸ
721 3189 862 3241 κατά
905 3187 1000 3242 τοῦ
1023 3187 1210 3242 Δαόίδ.
1249 3189 1306 3242 '0
1349 3190 1406 3244 δὲ
1442 3191 1712 3261 προγνοὺς
1746 3192 1834 3256 ὲξ-

257 3280 438 3334 έκλινέ
468 3296 530 3332 τε
591 3281 687 3334 καὶ
715 3281 1086 3351 ἀνεχώρησεν.
1111 3279 1426 3336 ’Δπέστειλε
1458 3283 1516 3336 δὲ
1551 3285 1723 3338 Σαοὺλ
1745 3302 1836 3342 νυ-

254 3372 374 3436 κτὸς
409 3371 660 3441 φύλακας
685 3374 766 3434 είς
795 3375 886 3425 τζν
932 3369 1081 3426 οἷκον
1119 3372 1310 3440 Δα6ἰδ,
1346 3373 1429 3427 ἵνα
1468 3375 1588 3446 μεθ’
1622 3378 1836 3448 ἡμέραν

257 3466 444 3538 κτείνῃ
468 3465 654 3520 αὐτόν.
689 3465 727 3517 Γ
731 3464 897 3519 νοῦσα
914 3465 972 3520 δὲ
1027 3465 1189 3519 τοῦτο
1235 3465 1452 3537 Μελχὸλ
1480 3473 1512 3538 ή
1543 3469 1683 3540 γυνὴ
1731 3472 1834 3523 αύ-

254 3558 368 3620 τού,
393 3557 488 3610 διὰ
515 3557 730 3630 θυρίδος
761 3559 854 3612 τὸν
882 3558 1053 3629 ἀνδρα
1100 3561 1407 3630 κατήγαγε,
1456 3563 1550 3614 καὶ
1603 3563 1831 3635 ἀπέδρα.

254 3649 468 3703 Ἐωθεν
498 3649 557 3702 (Σὲ
588 3649 683 3702 τοῦ
719 3648 893 3703 Σαοὺλ
953 3650 1269 3721 πέμψαντος
1311 3653 1405 3708 ἐπὶ
1448 3653 1541 3707 τὸν
1590 3655 1778 3720 Δασὶδ,
1801 3658 1834 3726 ἡ

253 3746 471 3816 Μελχὺλ
499 3745 603 3816 τὴν
635 3745 828 3816 κλίνην
859 3745 1224 3815 ἑτοιμάσασα,
1254 3745 1331 3810 ὥς
1388 3764 1533 3811 τινος
1584 3750 1643 3801 ὲν
1695 3751 1834 3820 αὐτῇ

249 3841 534 3910 κειμένου,
591 3839 688 3892 καὶ
748 3839 863 3900 τοῖς
927 3836 1302 3908 ὲπιὸλήμασιν
1365 3838 1629 3893 ὑποθεῖσα
1680 3836 1836 3911 ἧπαρ

247 3933 404 4001 αἰγὸς
434 3930 798 4002 νεοσφαγοῦς,
824 3932 900 3994 ὡς
931 3929 998 3983 ἄν
1026 3933 1093 4001 τῇ
1125 3930 1320 3984 τούτου
1352 3933 1570 4001 κινήσει
1606 3933 1668 3985 τὸ
1712 3933 1836 3986 irri-

248 4029 438 4097 ὕλημα
471 4025 838 4095 σαλευόμενον
865 4024 1086 4096 δόκησιν
1113 4026 1370 4096 παράσχῃ
1416 4025 1629 4080 κεῖσθαι
1681 4028 1836 4099 παρὰ

250 4121 316 4187 τῇ
345 4117 514 4188 κλίνη
545 4103 691 4182 τινά,
734 4116 948 4181 εἰσάγει
984 4115 1110 4178 τοὺς
1141 4116 1460 4180 σταλέντας,
1512 4118 1610 4171 καὶ
1657 4121 1834 4172 νοσεῖν

249 4214 337 4266 τὸν
371 4212 547 4282 ἄνδρα
587 4209 772 4280 φησίν.
808 4210 870 4264 Ol
906 4209 962 4262 δὲ
986 4209 1328 4278 ἀπήγγειλαν
1351 4210 1428 4280 τῷ
1470 4210 1664 4264 Σαούλ.
1724 4212 1834 4266 Καὶ

1937 3119 2063 3160 cum
2090 3102 2263 3157 David
2305 3101 2666 3156 abducendus
2713 3113 2882 3169 esset,
2917 3105 3150 3162 Melcbol
3191 3108 3269 3163 ita
3321 3125 3512 3180 parato

1937 3197 2165 3259 lectulo,
2215 3195 2376 3266 quasi
2419 3195 2622 3264 aliquis
2657 3194 2709 3248 in
2753 3210 2820 3250 eo
2863 3197 3094 3268 iaceret,
3143 3210 3200 3256 et
3247 3209 3509 3276 stragulis

1939 3289 2107 3345 corde
2166 3303 2359 3343 recens
2417 3295 2667 3342 mactata:
2733 3303 2909 3356 caprze
2957 3294 3246 3361 supposito
3279 3335 3294 3359 ,
3344 3300 3508 3369 cujus

1942 3392 2090 3436 motu
2137 3381 2380 3452 stragula
2428 3379 2630 3450 agitata
2677 3381 2996 3449 opinionem
3032 3385 3321 3449 afferrent,
3354 3391 3512 3458 quasi

1939 3474 2138 3544 aliquis
2165 3473 2221 3528 in
2267 3473 2474 3528 lectulo
2511 3473 2886 3539 recumberet,
2924 3478 3122 3534 missos
3181 3481 3508 3548 introducit,

1942 3565 2200 3620 maritum
2250 3574 2517 3634 aegrotare
2569 3566 2807 3621 dicens:
2858 3583 2969 3636 quo
3023 3570 3153 3625 Saul
3205 3577 3465 3630 nuntiato
3495 3619 3510 3642 ,

1940 3673 2066 3712 eum
2102 3658 2159 3712 in
2215 3659 2359 3713 lecto
2421 3658 2608 3713 θεῖοι-τί
2643 3659 2822 3730 jubet.
2881 3660 2962 3714 Illi
3019 3663 3238 3719 sublato
3278 3666 3510 3735 lectulo,

1941 3751 2267 3821 rejectisque
2296 3751 2676 3820 operimentis,
2712 3761 3082 3807 commentum
3106 3755 3511 3824 deprehensum

1942 3840 2055 3910 regi
2091 3841 2368 3896 nuntiant.
2405 3841 2497 3896 Sic
2529 3841 2696 3895 David
2727 3842 2893 3898 vitata
2937 3854 3132 3909 morte,
3167 3847 3511 3907 Armatbaim

1938 3935 2005 3988 ad
2031 3933 2342 3989 Satnuelent
2358 3948 2477 3987 sese
2508 3933 2744 3997 confert,
2775 3951 2898 3989 cum
2934 3954 3000 3991 eo
3021 3938 3302 3997 Nabiotbae
3329 3944 3515 4000 Rama:

1943 4026 2169 4096 degens.
2208 4025 2337 4080 Saul
2374 4039 2441 4079 eo
2465 4041 2686 4095 quoque
2708 4028 2880 4082 mittit
2909 4031 3195 4094 satellites,
3230 4035 3325 4101 qui
3352 4036 3509 4091 Davi-

1941 4117 2066 4172 dcm
2105 4116 2450 4173 abducerent
2493 4117 2636 4186 :qui
2694 4132 2820 4171 cum
2842 4133 2910 4173 eo
2956 4121 3362 4189 pervenissent,
3421 4126 3510 4181 in-

1938 4219 2107 4266 vento
2156 4209 2549 4280 pr0phetarum
2593 4219 2869 4264 conventu
2896 4249 2910 4273 ,
2972 4211 3262 4267 vaticinari
3307 4224 3366 4270 et
3401 4217 3508 4288 ipsi

248 4304 300 4358 ὃς
325 4305 424 4359 ἐπὶ
450 4305 552 4372 τῆς
574 4302 764 4374 κλίνης
783 4302 945 4356 αὑτὸν
970 4301 1202 4373 ἀχθῆναι
1229 4301 1624 4358 διακελεύεται.
1643 4303 1832 4357 ’Δπελ-

1941 4312 2255 4372 οωρετιιηι.
2304 4303 2382 4356 Eo
2422 4301 2646 4370 cognito
2687 4318 2780 4356 rex
2815 4301 2951 4356 alios
2982 4301 3172 4366 mittit,
3203 4305 3407 4372 quibus
3451 4318 3510 4364 et

249 4398 432 4460 θόντες
457 4399 516 4452 δὲ
547 4397 604 4450 οἱ
630 4396 996 4466 πεμφθέντες,
1023 4393 1236 4465 καὶτῆς
1269 4393 1457 4463 κλίνης
1482 4395 1749 4465 ἀράμενοι
1772 4397 1832 4449 τὸ

1947 4394 2084 4462 ipsis
2139 4391 2337 4446 eodem
2383 4390 2548 4445 modo
2594 4389 2832 4452 allectis,
2865 4391 3064 4445 iterum
3114 4393 3286 4448 mittit
3326 4397 3506 4453 alios:

248 4490 556 4558 ἐπίϐλημα,
589 4487 652 4540 τὸ
683 4488 968 4558 τέχνασμα
1007 4486 1369 4556 κατενόησαν,
1403 4485 1498 4540 καὶ
1525 4486 1602 4558 τῷ
1627 4487 1838 4558 βασιλεῖ

247 4581 728 4652 κατηγγέλκασιν.
756 4578 915 4633 Οὕτω
944 4578 1000 4632 δὲ
1035 4580 1128 4632 τὸν
1157 4578 1390 4632 θάνατον
1430 4580 1458 4633 6
1486 4579 1651 4633 Δαϐὶδ
1670 4583 1839 4650 ἐκφυ-

249 4675 383 4740 γὼν,
420 4674 503 4744 τῷ
537 4671 797 4743 Σαμουὴλ
839 4674 920 4736 είς
961 4671 1283 4744 ’Δρμαθαῖμ
1310 4671 1708 4742 προσελήλυθε,
1743 4676 1837 4728 καὶ

248 4763 346 4817 σὺν
376 4765 580 4835 ὲκείνῳ
601 4763 789 4834 διῆγεν
814 4766 871 4818 ὲν
895 4761 1113 4817 Nastae
1145 4766 1225 4828 είς
1262 4765 1460 4834 Ῥαμά.
1485 4765 1700 4834 Πέμπει
1723 4768 1832 4821 τοί-

248 4874 343 4908 νυν
364 4858 578 4911 κάκείό
624 4856 798 4910 Σαοὺλ
844 4857 969 4920 τοὺς
1028 4855 1258 4921 ἄξοντας
1296 4857 1388 4910 τὸν
1431 4857 1618 4912 Δαείδ.
1683 4861 1747 4913 Ol
1785 4862 1829 4914 δ’

247 4948 608 5012 ἀπελθόντες,
642 4949 738 5001 καὶ
759 4946 1057 5018 προφητῶν
1087 4947 1385 5018 ἐκκλησίαν
1412 4949 1692 5020 εὑρόντες,
1735 4954 1832 5006 καὶ

248 5040 409 5092 αὑτοὶ
430 5041 834 5113 προεφήτευον.
857 5039 1030 5093 Τοῦτο
1052 5038 1242 5108 μαθὼν
1257 5042 1284 5094 6
1306 5039 1587 5110 βασιλεὺς,
1610 5044 1830 5114 ἐτέρους

1935 4485 2030 4556 qui
2067 4500 2192 4540 cum
2237 4493 2295 4539 et
2343 4483 2446 4554 ipsi
2495 4483 2723 4538 numine
2779 4482 2945 4538 amati
2981 4495 3214 4551 essent,
3268 4487 3386 4558 ipse
3426 4491 3510 4546 ira

1935 4577 2203 4648 percitus,
2233 4591 2465 4647 propere
2496 4575 2820 4641 descendit;
2851 4591 3090 4647 cumque
3124 4595 3292 4649 prope
3316 4597 3506 4638 acces-

1935 4674 2124 4734 sisset,
2157 4669 2347 4726 itidem
2405 4668 2696 4724 vaticinari
2741 4669 2930 4738 cmpit.
2961 4669 3081 4736 Quo
3117 4680 3362 4742 tempore
3407 4677 3503 4743 qui

1939 4767 2017 4820 ibi
2042 4773 2222 4829 erant,
2253 4761 2596 4820 celebratum
2628 4762 2767 4817 illud
2801 4764 3155 4832 protulerunt
3187 4782 3200 4819 :
3250 4765 3510 4837 Nunquid

1940 4869 1990 4914 et
2028 4857 2162 4913 Saul
2201 4858 2340 4910 inter
2372 4854 2704 4925 prophetas?
2735 4853 2874 4908 Cum
2913 4870 3042 4908 vero
3085 4855 3151 4908 ad
3197 4856 3508 4914 Samuelctn

1939 4955 2284 5013 accessisset,
2341 4950 2578 5004 alienata
2632 4958 2850 5012 mente,
2893 4949 3183 5019 exutisque
3239 4953 3508 5016 vestibus,

1939 5055 2114 5101 totout
2147 5042 2296 5098 diem
2325 5049 2610 5110 totamque
2631 5048 2847 5094 noctem
2873 5039 3055 5094 nudus
3075 5041 3271 5111 jacuit.

249 5133 464 5202 πέμπει
485 5153 498 5165 ο
517 5134 792 5188 κάκείνων
814 5132 1052 5202 σχόντων
1069 5131 1291 5201 ὁμοίως,
1340 5135 1532 5198 ἄλλους
1585 5137 1894 5195 ἀπόστειλε.
1939 5142 2046 5194 Καὶ
2079 5140 2190 5192 τῶν
2225 5137 2422 5206 τρίτων
2443 5133 2502 5187 δὲ
2535 5132 2782 5203 κατόχων
2794 5134 3093 5200 γεγονότων
3122 5135 3199 5204 τῷ
3217 5135 3504 5206 πνεύματι,

247 5231 420 5294 «516;
485 5231 807 5304 ἐξώρμησεν
877 5231 970 5284 ὑπ’
1005 5229 1198 5302 ὀργῆς,
1245 5229 1342 5282 καὶ
1389 5229 1719 5299 πλησιάσας,
1780 5233 2152 5305 προφητεύειν
2215 5229 2424 5302 ήρξατο
2463 5231 2557 5281 καὶ
2601 5227 2782 5290 αὐτός.
2820 5227 2946 5280 Ὅτε
2994 5228 3089 5282 καὶ
3129 5229 3191 5280 τὸ
3244 5229 3510 5298 ᾀδόμενον

244 5323 296 5373 οἱ
329 5325 450 5377 ἐκεῖ
476 5326 745 5396 παρόντες
776 5322 1133 5393 ἐφθέγξαντο,
1156 5322 1239 5386 τὸ,
1274 5324 1344 5377 El
1376 5323 1475 5376 καὶ
1522 5323 1721 5378 Σαοὺλ
1765 5326 1836 5380 ἐν
1873 5325 2246 5394 προφήταις
2299 5320 2498 5374 Ἐλθὼν
2541 5320 2599 5374 δὲ
2669 5322 2804 5373 ὅπου
2846 5315 2916 5390 ἦν
2964 5319 3237 5390 Σαμουὴλ,
3290 5321 3510 5388 ἔκφρων

244 5413 446 5485 ὥσπερ
479 5419 793 5486 γενόμενος,
825 5418 923 5471 καὶ
964 5417 1062 5486 τὴν
1125 5415 1332 5485 ἐσθῆτα
1379 5417 1831 5486 περιδυσάμενος,
1875 5420 2083 5490 γυμνὸς
2103 5417 2280 5471 ἔκειτο
2301 5415 2369 5470 δι’
2397 5416 2524 5485 ὅλης
2562 5414 2664 5484 τῆς
2694 5415 2903 5484 ἡμέρας
2929 5415 3024 5468 καὶ
3041 5413 3142 5481 τῆς
3165 5411 3378 5472 νυκτός.

326 5505 460 5560 ΔΔ’.
500 5508 559 5562 ⁸0
588 5507 644 5562 δὲ
673 5511 838 5563 Δαοὶδ
873 5508 1083 5562 ἐκεῖθεν
1112 5507 1345 5577 ἀπέδρα,
1395 5509 1489 5560 καὶ
1530 5508 1608 5578 τῷ
1655 5509 1835 5564 Ἰωνά-

241 5598 361 5654 θαν
383 5603 482 5672 τὴν
508 5603 629 5656 κατ’
647 5601 813 5656 αὑτοῦ
836 5603 932 5656 τοῦ
963 5602 1170 5672 πατρὸς
1201 5603 1520 5672 μεμήνυκεν
1549 5601 1833 5673 ἐπιχείρη-

243 5706 380 5745 σινο
409 5692 440 5745 6
465 5693 523 5746 δὲ
557 5693 795 5761 ἠπίστει.
838 5694 1022 5762 Ἦξίου
1052 5695 1109 5748 δὲ
1131 5695 1295 5748 αὑτὸν
1324 5696 1351 5748 ό
1379 5695 1545 5750 Δαύὶδ
1601 5695 1834 5749 ἀπόπει-

569 5789 836 5852 Puncta
885 5793 1003 5854 Gn.
1051 5792 1398 5854 CXXXIV.

2015 5510 2210 5568 XXXI.
2269 5508 2442 5564 David
2490 5507 2619 5562 inde
2675 5504 2981 5574 aufugiens.
3035 5501 3288 5557 Jonathre
3336 5501 3508 5570 patris

1942 5614 2135 5658 contra
2189 5616 2248 5657 se
2306 5609 2566 5655 conatum
2614 5595 2904 5667 significat.
2941 5592 3099 5658 Quod
3131 5605 3258 5646 cum
3286 5591 3376 5646 illc
3400 5607 3508 5648 non

1941 5693 2211 5760 crederet,
2235 5691 2345 5762 66
2370 5689 2501 5761 petit
2546 5697 2605 5742 ut
2637 5684 2848 5756 paterni
2880 5682 3045 5736 animi
3089 5683 3396 5752 periculum
3433 5683 3510 5741 far

3157 5797 3194 5836 Ο
