4070 6214
435 270 535 334 1‘39
1736 265 2064 328 JOANNIS
2097 269 2430 331 ZONMLE
3608 271 3716 338 110

423 385 555 444 ciat,
583 387 640 436 et
661 377 769 437 sibi
809 387 965 437 extra
1021 377 1216 435 urbem
1247 377 1496 434 manenti
1533 378 1776 435 nuntiet.
1827 379 1997 450 Itaqut

2094 436 2097 442 _
2124 400 2227 454 ραν
2250 382 2586 454 ποιήσασθαι
2614 384 2713 457 τῆς
2749 381 2975 456 γνώμης
3003 382 3106 454 τῆς
3136 382 3438 454 πατρικῆς,
3460 383 3558 439 καὶ
3583 387 3715 441 ταύο

424 474 697 542 Jonatlias
744 474 971 530 Davidis
1027 471 1172 544 apud
1219 480 1434 543 patrem
1480 471 1627 527 facta
1701 473 1997 541 mentione,

2117 493 2218 546 την
2247 476 2491 549 δηλῶσαι
2530 477 2680 549 αὐτῷ
2720 474 2826 542 ἔξω
2881 475 3281 548 προσμενοὼτι
3327 480 3429 550 τῆς
3477 479 3712 543 πόλεως.

423 585 554 628 cum
584 584 714 626 eum
759 569 910 624 illius
939 567 1096 622 sitire
1124 567 1451 636 sanguinem
1494 565 1884 632 intellexisset,
1931 566 1997 621 illi

2106 568 2493 643 -Προσαγαγὼν
2515 566 2609 622 οὖν
2639 569 2834 638 λόγους
2872 570 2903 623 ὁ
2953 568 3216 624 Ἰωνὰθαν
3253 569 3331 639 τῷ
3357 572 3533 642 πατρὶ
3581 572 3714 642 περὶ

420 667 562 722 clam
619 664 736 734 ipse
771 674 994 716 omnem
1059 673 1174 713 rem
1211 657 1452 722 nuntiat,
1506 666 1566 712 et
1601 657 1728 727 fuga
1774 658 1997 712 salutem

2113 661 2208 715 τοῦ
2237 662 2423 727 Δαὸὶδ,
2452 662 2547 715 καὶ
2595 660 2695 733 τὴν
2730 663 3010 733 πατρικὴν
3069 661 3394 734 προαίρεσιν
3447 662 3716 732 ἐγνωκὼς

419 752 848 828 qumrcrcjubct
883 771 896 804 :
932 747 1312 818 Davidemque
1353 748 1723 820 jurejurando
1771 749 1878 804 sibi
1904 749 1997 803 ob-

2112 753 2358 824 διψῶσαν
2379 753 2474 809 τὸν
2510 753 2744 810 θάνατον
2778 753 2874 808 τοῦ
2901 754 3118 826 ἀνδρὸς,
3155 755 3496 824 απαγγέλλει
3526 756 3711 810 πάντα

421 849 667 920 stringit,
696 857 755 900 ut
801 846 888 900 sui
927 843 1344 908 rccordaretur,
1369 851 1426 898 et
1458 842 1607 913 quod
1637 843 1682 898 si
1716 843 1833 914 ipse
1860 858 1997 899 mor-

2111 847 2263 918 αύτῷ
2301 848 2478 921 λάθρα
2529 848 2596 902 δι’
2653 838 2870 911 ἑαυτοῦ,
2924 851 3020 901 καὶ
3072 847 3272 912 σώζειν
3335 850 3711 919 προτρέπεται

421 953 548 999 tuus
577 951 745 1007 esset,
796 938 992 994 liberis
1041 937 1159 992 suis
1201 935 1578 993 benefaceret.
1621 935 1718 993 llis
1741 937 1997 993 Jonatliat

2114 939 2331 1005 ἑαυτὸν,
2359 941 2454 994 καὶ
2479 940 2685 1013 ὥρκισε
2715 939 2807 994 τὸν
2828 939 2995 994 Δασὶδ
3019 937 3339 1010 μεμνῆσθαι
3368 940 3540 994 αὑτοῦ
3561 956 3578 972 ο
3604 941 3710 996 κᾶν

418 1036 584 1094 dictis
641 1033 964 1096 revertitur,
1000 1029 1172 1084 David
1225 1029 1434 1085 Nabam
1485 1029 1554 1084 ad
1583 1029 1997 1086 Abimeleehum

2108 1032 2250 1104 τύχῃ
2287 1030 2489 1097 θανὼν,
2532 1031 2875 1098 ὲνδείξασθαί
2905 1048 2956 1084 τι
2989 1031 3230 1103 χρηστὸν
3256 1031 3337 1093 είς
3361 1032 3494 1095 τοὺς
3523 1035 3586 1099 ἐξ
3608 1036 3708 1088 αύ-

416 1130 736 1203 poutiﬁcem
784 1142 844 1182 se
885 1125 1123 1182 confert.
1171 1123 1232 1178 Ei
1295 1123 1523 1178 miranti
1559 1139 1661 1178 cur
1693 1124 1849 1178 solus
1903 1124 1997 1180 irel

2106 1124 2223 1181 τοῦ.
2245 1123 2414 1178 Ταῦτ’
2439 1123 2612 1178 είπὼν
2643 1123 2922 1190 ἰωνάθαιη
2942 1122 3274 1195 ὑπέστρεψε.
3303 1123 3471 1177 dum
3489 1123 3550 1177 δὲ
3576 1124 3709 1194 φεύ·

415 1222 588 1280 David
616 1240 628 1274 ε
663 1219 796 1275 Mihi
825 1233 939 1282 rex,
967 1215 1167 1286 inquit,
1211 1216 1400 1269 arcani
1430 1215 1636 1282 aliquid
1695 1217 1997 1282 mandavit,

2107 1236 2222 1290 γων
2241 1221 2322 1282 είς
2355 1219 2539 1286 Natis,
2574 1217 2943 1288 παραγίνεται
2973 1217 3112 1287 πρὸς
3151 1216 3449 1288 Ἀσιμέλεχ
3477 1217 3570 1271 τὸν
3597 1219 3703 1288 ἀρ-

413 1316 555 1387 qued
591 1327 658 1367 ne
687 1313 804 1381 quis
865 1312 1186 1374 rescisceret,
1236 1308 1383 1362 solus
1425 1308 1658 1362 adsum:
1691 1309 1774 1363 hic
1825 1319 1997 1365 autem

2103 1315 2316 1386 χιερὲα.
2354 1313 2413 1368 '0
2441 1313 2519 1378 δὲ,
2562 1313 2678 1376 πῶς
2713 1314 2870 1384 μόνος
2895 1312 3022 1382 ἥκει
3044 1310 3452 1366 διεπυνθάνετο.
3491 1311 3705 1365 Κάκεῖ-

401 1409 688 1465 convenire
715 1421 796 1460 nte
829 1402 1061 1475 [catulos
1092 1417 1232 1456 meo:
1257 1401 1443 1472 jussit.
1489 1399 1584 1455 His
1617 1400 1801 1463 dictis.
1835 1417 1997 1472 panes

2105 1423 2198 1470 νος
2247 1405 2632 1462 Ἐντετὰλθαι
2681 1421 2739 1458 τι
2775 1403 2936 1472 παρὰ
2983 1403 3090 1459 τοῦ
3134 1403 3470 1471 βασιλέως,
3523 1401 3702 1471 εἶπεν,

413 1501 595 1569 petiit.
629 1497 903 1555 Sacerdos
937 1511 998 1550 se
1027 1493 1248 1549 nonnisi
1277 1507 1466 1548 sacros
1524 1493 1734 1549 habere
1771 1509 1997 1565 respon-

2102 1499 2491 1568 ἆπόρῤητονθ
2529 1500 2628 1554 καί
2669 1500 2769 1553 ἵνα
2818 1498 2905 1569 μή
2961 1515 3050 1565 τις
3105 1497 3229 1568 γνῷ
3280 1497 3414 1566 περὶ
3459 1499 3703 1560 τούτου.

404 1597 496 1652 dit
527 1614 540 1649 :
573 1608 766 1647 verum
797 1590 844 1646 si
876 1605 907 1647 a
951 1587 1284 1643 mulieribus
1306 1586 1432 1657 puri
1473 1595 1686 1652 essent,
1729 1587 1997 1658 acciperet

2097 1596 2444 1663 μεμόνωμαι
2473 1607 2488 1622 ·
2519 1592 2782 1647 ἐνταῦθα
2811 1593 2881 1646 δέ
2907 1611 3010 1663 μοι
3042 1592 3372 1648 συνελθεῖν
3403 1593 3531 1660 τοῖς
3563 1609 3705 1647 παι-

407 1699 584 1758 atque
609 1685 823 1740 ederet.
855 1682 996 1737 Tum
1038 1678 1212 1734 David
1248 1679 1493 1751 gladium
1525 1680 1694 1734 etiam
1731 1680 1852 1735 dari
1893 1680 1997 1737 sibi

2105 1685 2335 1755 δαρίοις
2363 1685 2636 1751 ἐπέταξε.
2661 1684 2848 1738 Ταῦτα
2880 1685 3074 1748 εἰπὼν,
3129 1685 3328 1757 ἄρτους
3351 1684 3550 1756 ᾔτησε.
3591 1687 3703 1738 Καὶ

410 1750 551 1855 petit
581 1797 596 1834 :
631 1777 730 1834 sed
759 1791 888 1833 eum
929 1773 1190 1831 sacerdos
1214 1750 1327 1829 nea
1351 1773 1456 1828 alia
1490 1787 1641 1828 arma
1677 1774 1784 1830 nisi
1831 1771 1997 1831 Golia

2105 1780 2134 1833 ὁ
2168 1750 2466 1849 ἀρχιερεὺς
2525 1777 2600 1848 μὴ
2633 1777 2780 1848 ἔχειν
2809 1773 2966 1830 εἶπεν
3001 1750 3200 1840 ἄλλου-ς
3233 1775 3270 1846 ἢ
3323 1750 3460 1840 ’τοὺς⁷
3485 1777 3699 1844 ἁγίους.

409 1873 653 1946 gladium
689 1885 751 1926 se
780 1869 987 1924 habere
1018 1867 1255 1934 diceret,
1291 1884 1460 1938 quem
1487 1867 1608 1940 ipse
1651 1869 1767 1925 Deo
1803 1883 1997 1926 conse-

2119 1871 2251 1936 Καὶ,
2276 1871 2339 1924 Εί
2366 1869 2479 1925 ἀπὸ
2500 1869 2764 1940 γυναικὸς
2800 1868 3168 1940 ἐφυλαξασθε,
3199 1868 3394 1924 λάὸετε
3447 1867 3700 1932 τούτους,

410 1970 647 2031 orasset,
675 1977 745 2018 eo
778 1960 948 2016 David
990 1967 1244 2031 accepto,
1275 1959 1514 2016 Getbam
1546 1961 1615 2015 ad
1657 1976 1840 2032 regem
1871 1959 1997 2018 alie-

2103 1963 2202 2017 καὶ
2222 1961 2450 2032 φάγετε.
2491 1961 2552 2018 '0
2572 1962 2630 2018 δὲ
2655 1963 2752 2016 καὶ
2794 1960 3081 2034 ῥομφαίαν
3107 1959 3262 2032 αύτῷ
3308 1959 3533 2033 δοθῆναι
3574 1962 3702 2031 ὲζή·

401 2057 741 2129 .nigenarum
775 2053 1031 2110 Anchom
1061 2067 1119 2109 se
1139 2051 1380 2109 confert.
1409 2051 1488 2109 lbi
1512 2054 1753 2125 agnitus,
1789 2063 1848 2110 et
1870 2069 1997 2125 per-

2100 2069 2259 2127 τησε.
2299 2056 2394 2128 Μὴ
2438 2053 2589 2127 ἔχειν
2630 2055 2818 2125 μέντοι
2867 2055 2899 2107 ὁ
2949 2055 3246 2127 ἀρχιερεὺς
3303 2054 3471 2109 ὅπλον
3511 2053 3703 2126 ἓτερον

404 2148 790 2212 terrefactus,
844 2145 1122 2202 insaniam
1181 2144 1454 2200 simulans
1483 2187 1498 2214 ,
1561 2146 1721 2217 quasi
1795 2147 1997 2204 mentis

2101 2146 2442 2220 ἁπεκρίνατο
2495 2147 2530 2219 ἢ
2581 2145 2682 2218 τὴν
2724 2145 3004 2218 ῥομφαίαν
3039 2145 3136 2200 τοῦ
3167 2146 3388 2212 roma,
3424 2148 3494 2220 ἣν
3533 2147 3700 2210 αὐτὸς

409 2244 593 2314 impos
619 2251 676 2297 et
723 2238 984 2296 incedere
1027 2247 1082 2294 et
1126 2253 1294 2310 agere
1321 2239 1532 2293 omnia.
1571 2237 1665 2295 Sic
1699 2239 1770 2295 ab
1803 2240 2000 2296 alieni-

401 2335 564 2408 genis
589 2333 812 2403 elapsus
847 2331 901 2385 in
937 2330 1146 2386 tribum
1194 2328 1480 2387 Judaicam
1511 2330 1917 2400 proficiscitur,
1943 2343 2002 2388 et

409 2431 468 2485 in
493 2428 759 2500 spelunca
789 2424 963 2481 Odola
991 2414 1312 2489 delitescit,’
1343 2422 1436 2476 ubi
1467 2421 1666 2478 fratres
1693 2431 1752 2480 et
1776 2424 1999 2496 cognati

406 2538 536 2580 eum
560 2518 987 2577 conveniebant.
1022 2517 1151 2572 Post
1181 2525 1237 2570 et
1266 2515 1358 2570 alii
1404 2515 1470 2570 ad
1499 2531 1628 2570 eum
1654 2516 1997 2582 conﬂuxere,

407 2615 634 2672 circiter
683 2608 1097 2681 quadringenti.
1133 2607 1266 2663 lnde
1304 2607 1357 2661 in
1391 2607 1749 2663 Moabitidem
1778 2609 1996 2674 abiens.

407 2723 593 2780 regem
622 2715 764 2772 orat,
795 2702 1199 2774 utparentibus
1220 2701 1336 2756 suis
1354 2701 1466 2756 illic
1491 2702 1749 2758 exsulare
1779 2703 1994 2772 liceret,

407 2804 586 2857 donec
615 2815 729 2856 sua:
761 2813 853 2852 res
877 2795 1089 2851 exitum
1137 2793 1378 2864 aliquem
1432 2795 1792 2851 sortirentur.
1818 2794 1996 2852 Obse-

407 2894 601 2966 quitur
646 2892 758 2956 ille,
791 2900 848 2945 et
887 2889 1092 2944 Jessaeo
1141 2901 1269 2942 cum
1309 2900 1409 2945 sua
1451 2886 1663 2942 familia
1710 2897 1994 2958 suscepto,

407 2987 578 3046 David
624 2985 794 3041 Gadis
827 2983 1116 3052 prophetae
1162 2981 1323 3051 jussu
1369 2980 1424 3034 in
1466 2989 1668 3035 terram
1705 2981 1993 3037 Judaicam

405 3082 572 3142 redit.
620 3077 749 3135 Saul
782 3076 874 3130 ubi
931 3072 1304 3144 cognovisset,
1354 3071 1618 3127 Davidem
1659 3086 1884 3127 manum
1913 3074 2063 3162 fe-C

405 3176 573 3239 cisse,
604 3177 878 3229 convocat
921 3167 1151 3230 amicos,
1185 3180 1311 3220 cum
1348 3165 1430 3219 eis
1456 3165 1793 3235 expostulat,
1834 3168 1993 3236 quasi

407 3285 534 3327 cum
591 3265 796 3322 Davide
847 3259 1283 3318 colludeutibus.
1335 3258 1486 3327 Doeg
1545 3267 1731 3312 autem
1785 3257 1991 3330 Syrus,

405 3361 588 3420 Saulis
618 3372 831 3422 servus,
865 3355 960 3425 qui
996 3352 1279 3415 adfuerat,
1329 3366 1455 3406 cum
1503 3349 1750 3421 pontifex
1796 3352 1991 3407 Davidi

408 3469 582 3524 panes
611 3460 668 3506 et
707 3448 880 3505 Golia:
906 3447 1148 3516 gladium
1183 3444 1464 3510 dedisset,
1499 3447 1611 3514 regi
1649 3446 1890 3510 nuntiat,
1933 3451 1995 3500 ut

407 3547 674 3604 Davitlem
705 3543 771 3598 ad
806 3541 1125 3612 pontiﬁcem
1163 3539 1476 3609 profectum
1510 3538 1733 3604 viderit,
1761 3547 1820 3598 ut
1848 3555 1993 3610 pon.

409 3643 542 3698 tifcx
580 3641 702 3711 ejus
748 3635 973 3692 nomine
1013 3635 1184 3690 Deum
1223 3632 1591 3698 consuluerit,
1627 3641 1686 3687 ut
1714 3649 1994 3690 commea-

407 3747 524 3790 tum
556 3743 612 3789 et
639 3731 810 3787 Goliae
845 3727 1089 3798 gladium
1141 3726 1218 3782 illi
1252 3726 1492 3780 dederit.
1531 3727 1644 3781 ilex
1668 3728 1990 3798 pontificem

403 3825 741 3880 accersitum
763 3817 1168 3890 conjurationis
1191 3832 1317 3871 cum
1344 3816 1548 3873 Davide
1577 3819 1726 3872 inita:
1745 3828 1988 3884 accusat,

403 3925 464 3974 et
492 3932 526 3971 a
563 3913 898 3970 satellitibus
936 3926 1062 3964 cum
1095 3911 1246 3964 omni
1298 3910 1562 3980 progenie
1593 3910 1770 3965 occidi
1804 3911 1988 3982 jubet.

405 4007 519 4064 Illis
548 4005 752 4062 eadem
790 4003 1034 4057 virorum
1083 4003 1194 4056 Deo
1222 4017 1376 4056 sacra
1413 4001 1766 4058 olferentiom
1810 4003 1990 4060 refor—

404 4099 766 4162 midantibus,
821 4097 1004 4166 Doego
1034 4095 1088 4149 id
1143 4095 1349 4165 negotii
1380 4099 1495 4150 dat.
1555 4095 1604 4150 Is
1637 4097 1793 4166 jussa
1843 4098 1990 4169 regis

402 4193 748 4263 exsequitur,
781 4187 1044 4244 omnibus
1071 4186 1404 4248 interfectis,
1443 4187 1553 4257 67
1577 4203 1810 4242 numero
1827 4189 1990 4258 quin-

402 4299 512 4354 que
539 4292 596 4336 et
629 4279 894 4335 trecentis
931 4293 947 4330 :
983 4275 1040 4330 in
1061 4274 1341 4329 civitatem
1373 4289 1566 4329 eorum
1595 4289 1816 4345 quoque
1833 4290 1990 4346 gras-

389 4385 578 4438 satus,
630 4371 867 4427 sublatis
914 4383 1144 4438 prorsus
1183 4366 1471 4429 omnibus,
1504 4365 1658 4420 nullo
1689 4368 1865 4422 a-tatis
1891 4375 1989 4423 aut

2103 2237 2332 2292 ἀνέθετο
2363 2237 2445 2310 τῷ
2467 2237 2611 2309 Θεῷ,
2653 2241 2750 2294 καὶ
2777 2238 2956 2294 ταῦτα
2981 2239 3168 2295 λαϐὼν
3189 2241 3218 2294 6
3247 2239 3435 2306 Δασὶδ,
3463 2241 3548 2303 είς
3594 2240 3697 2294 Γὲθ

2102 2329 2416 2402 ἀπελήλυθε
2435 2333 2574 2402 προς
2597 2331 2827 2402 βασιλέα
2843 2332 2954 2386 τῶν
2969 2332 3290 2402 ἀλλοφύλων
3303 2332 3537 2403 Ἀγχούς
3558 2331 3696 2402 (50).

2101 2423 2210 2477 Καὶ
2235 2423 2503 2490 γνωσθεὶς
2572 2425 2722 2491 ὅστις
2749 2427 2860 2498 εἴη,
2896 2427 2992 2481 καὶ
3016 2427 3298 2499 φοϐηθεὶς,
3334 2427 3536 2498 μανίαν
3591 2427 3702 2480 ὓπ-

2102 2517 2322 2588 ικρίθη.
2356 2520 2452 2572 καὶ
2483 2518 2560 2582 ὡς
2606 2520 2833 2590 ἔκφρων
2865 2520 3163 2590 ἑπορεύετό
3188 2537 3247 2574 τε
3283 2522 3384 2575 καὶ
3399 2521 3694 2593 ἔπραττεν.

2099 2609 2260 2664 Οὕτω
2285 2611 2329 2664 δ’
2355 2612 2421 2664 ὲκ
2463 2613 2574 2665 τῶν
2603 2613 2921 2683 ἀλλοφύλων
2946 2614 3237 2678 διασωθεὶς
3271 2616 3352 2681 είς
3377 2617 3478 2686 τὴν
3523 2615 3698 2669 Ἰούδα

2098 2705 2275 2774 φυλὴν
2313 2705 2708 2775 παραγίνεται,
2744 2707 2842 2760 καὶ
2877 2708 3183 2777 κρύπτεται
3212 2709 3293 2772 είς
3327 2706 3389 2760 τὸ
3420 2708 3691 2779 σπήλαιον

2111 2794 2348 2864 Ὀδολάμ
2377 2811 2393 2826 ·
2433 2795 2562 2850 ἔνθα
2592 2799 2642 2850 oi
2677 2797 2901 2868 ἀδελφοὶ
2949 2798 3114 2852 αὐτοῦ
3153 2800 3250 2855 καὶ
3299 2801 3366 2852 οἱ·
3399 2805 3691 2870 συγγενεῖς

2097 2888 2408 2960 προσῆλθον
2442 2889 2612 2960 αὐτῷ.
2646 2887 2781 2944 Εἶτα
2816 2891 2912 2944 καὶ
2940 2891 3092 2947 ἄλλοι
3119 2894 3238 2946 ἐκεῖ
3279 2893 3688 2965 συνερρύησαν,

2097 2980 2175 3043 ὡς
2201 2980 2462 3047 γενέσθαι
2498 2983 2709 3046 πάντας
2764 2983 2894 3056 περὶ
2937 2985 3348 3056 τετρακοσίους.
3384 2987 3605 3040 ’Δπεισι
3641 2987 3688 3040 6’

2097 3073 2310 3127 ἐκεῖθεν
2333 3075 2414 3138 είς
2441 3075 2542 3146 τὴν
2569 3075 2872 3143 Μωαϐῖτιν,
2917 3078 3012 3133 καὶ
3050 3081 3368 3150 παρακαλεῖ
3405 3080 3496 3134 τὸν
3529 3080 3691 3152 βασι,

2098 3164 2196 3218 λέα
2231 3165 2409 3220 hide
2457 3167 2797 3239 παροικῆσαι
2835 3169 2966 3240 παρ’
3001 3171 3152 3242 αύτῷ
3199 3173 3330 3236 τοὺς
3373 3176 3554 3241 γονεῖς
3587 3177 3690 3228 αύ-

2097 3255 2216 3322 τού,
2243 3256 2352 3320 ἕως
2377 3257 2446 3311 ἂν
2469 3259 2550 3321 είς
2579 3277 2632 3313 τι
2674 3260 2826 3322 τέλος
2865 3260 2986 3332 ἡξει
3035 3262 3105 3316 τὰ
3153 3263 3274 3316 κατ’
3308 3264 3490 3319 αὐτόν.
3537 3266 3597 3319 '0
3627 3268 3686 3320 δὲ
3793 3281 3796 3284 '

2099 3348 2368 3415 πείθεται,
2407 3350 2502 3404 καὶ
2536 3352 2900 3422 προσδέχεται
2937 3353 3032 3406 τὸν
3056 3354 3260 3408 Ἰεσσαὶ
3290 3358 3499 3411 καὶτὸν
3531 3354 3688 3414 οἷκον

2095 3440 2288 3496 αὑτοῦ.
2319 3443 2430 3496 Καὶ
2465 3446 2496 3497 ὁ
2545 3445 2716 3498 Δασὶδ
2758 3445 3031 3518 ἐπορεύθη
3089 3451 3169 3512 είς
3220 3450 3317 3521 τὴν
3347 3451 3452 3521 γῆν
3486 3453 3682 3520 Ἰούδα,

2095 3533 2256 3587 τοῦτο
2292 3536 2400 3589 Γὰδ
2427 3536 2524 3590 τοῦ
2559 3541 2840 3611 προφήτου
2872 3541 3252 3606 κελεύσαντος.
3313 3542 3372 3598 Ὀ
3418 3545 3591 3600 Σαοὺλ
3623 3549 3684 3602 δὲ

2099 3624 2312 3696 μαθὼν,
2341 3629 2426 3680 ὅτι
2455 3629 2662 3700 πλῆθος
2693 3631 2984 3704 ἤθροισται
3019 3635 3159 3704 πρὸς
3180 3636 3369 3702 Δαϐὶδ,
3406 3641 3684 3708 συγκαλε-

2097 3716 2336 3786 σάμενος
2367 3720 2494 3785 τοὺς
2527 3720 2737 3792 φίλους,
2774 3724 3053 3789 ὠνείδιζεν
3105 3727 3328 3794 αὐτοὺς,
3361 3731 3434 3794 ὡς
3484 3732 3687 3804 ἐκείνῳ

2094 3809 2586 3880 προστιθεμένους.
2618 3812 2816 3877 Δοῦλος
2845 3814 2904 3867 δέ
2933 3832 3018 3880 τις
3045 3817 3242 3884 Σαοὺλ,
3287 3820 3460 3891 Σύρος
3500 3822 3562 3876 τὸ
3590 3826 3684 3891 γέ·

2095 3917 2204 3967 νος,
2239 3902 2399 3974 Δωὴκ
2443 3903 2703 3976 τοῦνομα,
2749 3909 3086 3982 παρατυχὼν
3125 3911 3214 3964 ὅτε
3253 3913 3382 3976 τοὺς
3421 3916 3622 3986 ἄρτους
3656 3919 3686 3970 ὁ

2093 3991 2388 4063 ἀρχιερεὺς
2417 3996 2588 4050 ἔδωκε
2636 3999 2928 4068 τῷΔαϐὶδ,
2978 4001 3071 4055 καὶ
3113 4002 3211 4072 τὴν
3261 4005 3541 4074 ῥομφαίαν
3585 4009 3683 4061 τοῦ

2092 4085 2312 4151 Γολιὰθ,
2339 4090 2704 4159 παρεστηκὼς
2737 4093 2860 4145 τότε
2903 4094 3075 4165 αὐτῷ,
3109 4096 3413 4167 ἀπήγγειλε
3460 4099 3540 4170 τῷ
3579 4100 3683 4170 βα-

2095 4178 2257 4246 σιλεῖ,
2304 4180 2380 4243 ὼς
2414 4177 2521 4234 εἶδε
2549 4183 2642 4236 τὸν
2673 4183 2839 4239 Δαόὶδ
2887 4189 3337 4259 παραγενόμενον
3391 4191 3530 4262 πρὸς
3583 4195 3684 4246 ’τὸν

2092 4273 2376 4345 ἀρχιερέα,
2414 4277 2507 4329 καὶ
2555 4277 2849 4348 ἐρωτῶντα
2878 4279 2946 4332 δι’
2996 4280 3162 4334 αὐτοῦ
3214 4283 3305 4336 τὸν
3365 4284 3519 4351 Θεὸν,
3584 4287 3686 4339 καὶ

2095 4367 2446 4437 ἐπισιτισμὸν
2469 4367 2728 4434 λαϐόντα,
2757 4371 2855 4423 καὶ
2887 4371 2987 4442 τὴν
3039 4372 3337 4443 ῥομφαίαν.
3379 4376 3684 4447 Μεταπεμ-

401 4480 569 4520 scxus
620 4471 896 4532 respectu.
969 4460 1128 4516 Unus
1176 4460 1446 4513 duntaxat
1503 4458 1782 4530 pontificis
1839 4460 1986 4516 lilius

2094 4458 2336 4528 ψάμενος
2355 4461 2410 4514 δὲ
2429 4461 2520 4514 τὸν
2547 4463 2809 4535 ἀρχιερέα
2831 4465 2858 4517 ὁ
2887 4463 3160 4534 βασιλεὺς,
3181 4468 3501 4521 ὲπενεκάλει
3525 4469 3599 4521 αύ
3613 4469 3684 4539 τῷ

392 4556 672 4612 Διιὶοιίηιι·
711 4555 838 4622 fuga
867 4551 1110 4620 elapsus,
1161 4551 1349 4603 Davidi
1392 4551 1615 4603 nuntiat
1655 4549 1789 4618 quid
1835 4551 1988 4605 acci-

393 4651 594 4704 disset.
624 4647 760 4700 Cum
792 4651 978 4700 autem
1009 4643 1335 4712 alienigena:
1377 4641 1587 4695 Ceilam
1622 4642 1989 4709 impressione

387 4744 564 4805 lucta,
601 4737 816 4810 prsidiis
844 4751 914 4790 ex
948 4748 1082 4805 agro
1105 4741 1367 4804 agerent,
1405 4731 1577 4785 David
1619 4740 1846 4785 auctore
1877 4732 1991 4788 Deo

385 4849 528 4888 cum
571 4827 998 4902 quadringentis
1046 4841 1146 4880 eos
1175 4837 1486 4894 aggressus,
1539 4823 1990 4889 caetlit,omnem-

393 4940 511 4995 que
557 4921 799 4993 praedam
832 4917 1053 4988 recipit.
1089 4916 1227 4972 Tum
1261 4916 1389 4969 Saul
1430 4914 1615 4984 copias
1652 4913 1888 4970 militum
1918 4917 1986 4971 ad

387 5033 527 5072 eum
558 5012 928 5069 occidendum
971 5011 1147 5065 mittit
1177 5025 1192 5076 ;
1222 5009 1318 5064 sed
1350 5007 1521 5062 David
1567 5007 1762 5063 relicta
1811 5007 1983 5076 Ceila,

399 5109 456 5164 in
489 5109 771 5163 desertum
820 5118 880 5160 se
940 5103 1177 5158 confert.
1212 5100 1378 5155 Saule
1411 5108 1596 5154 autem
1629 5113 1701 5152 ne
1752 5099 1834 5154 sic
1863 5102 1988 5169 qui-

373 5201 522 5256 dem
554 5198 625 5254 ab
655 5198 776 5268 ejus
805 5194 1097 5251 occidendi
1145 5192 1396 5248 consiliis
1447 5191 1793 5257 discedente,
1823 5191 1991 5247 Jona-

401 5299 524 5352 thas
572 5293 640 5349 ad
677 5290 939 5348 Davidem
991 5287 1294 5360 profectus,
1343 5285 1635 5340 confirmat
1672 5286 1979 5354 hominem,

395 5407 458 5450 et
481 5407 635 5465 spem
672 5391 872 5445 bonam
914 5385 1121 5440 habere
1147 5384 1346 5455 jubet:
1376 5381 1473 5436 sed
1524 5396 1652 5436 cum
1700 5380 1869 5436 David
1924 5385 1982 5436 in

394 5498 607 5558 petram
637 5482 843 5541 deserti
880 5479 1092 5535 Maanis
1117 5475 1480 5545 confugisset,
1515 5474 1681 5530 Saule
1713 5490 1840 5530 cum
1865 5489 1985 5528 ma-

2091 4555 2438 4620 συνωμοσίαν
2477 4557 2615 4624 μετὰ
2645 4557 2838 4610 Δαὸίδο
2875 4558 2970 4610 καὶ
2998 4557 3300 4626 προσέταξε
3361 4563 3474 4624 τοῖς
3533 4579 3684 4631 παρ-

2090 4645 2326 4697 εστῶσιν
2389 4647 2537 4718 αὐτῷ
2577 4649 2824 4714 ὁπλίταις
2863 4655 3072 4706 κτεῖναι
3093 4653 3184 4706 τὸν
3232 4654 3519 4727 ἀρχιερέα,
3581 4651 3680 4710 καῖ

2090 4737 2274 4789 πᾶσαν
2298 4737 2398 4809 τὴν
2425 4741 2624 4808 γενεὰν
2668 4743 2856 4799 αὐτοῦ.
2910 4745 3334 4818 Εὐλαδηθέντων
3364 4747 3410 4799 δ’
3446 4748 3680 4802 ἐκείνων

2087 4826 2408 4895 ἐπενεγκεῖν
2433 4832 2590 4901 χεῖρα
2625 4835 2740 4895 τοῖς
2767 4834 2844 4906 τῷ
2877 4835 2996 4907 Θεῷ
3029 4838 3372 4909 ἱερωμένοις,
3410 4837 3488 4910 τῷ
3512 4843 3679 4912 Δωὴκ

2089 4919 2379 4989 ἐπιτρέπει
2404 4923 2531 4986 τοὺς
2564 4925 2780 4993 φόνους.
2828 4929 2937 4982 Καὶ
2967 4929 3024 4990 ὃς
3065 4931 3389 4985 ἀπέκτεινεν
3427 4932 3678 4997 ἅπαντας

2088 5015 2440 5084 τριακοσίους
2470 5017 2632 5082 ὄντας
2669 5022 2761 5074 καὶ
2792 5023 2979 5078 πέντε.
3004 5021 3112 5077 Καὶ
3155 5026 3255 5098 τὴν
3295 5027 3449 5081 πόλιν
3490 5029 3680 5082 αὐτῶν

2089 5103 2406 5174 ἐπάταξεν,
2458 5109 2658 5180 ήΰηδδν
2698 5111 2947 5178 ἅπαντας
3001 5116 3228 5186 ἀνελὼν,
3262 5118 3322 5172 ού
3373 5111 3702 5188 γυναικῶν,

2087 5195 2151 5248 ού
2193 5196 2427 5267 νηπίων,
2467 5200 2566 5272 οὐχ
2616 5203 2810 5272 ἑτέρας
2853 5203 3071 5274 ἡλικίας
3115 5209 3460 5280 φεισάμενοι.
3495 5203 3592 5274 Εἷς
3620 5211 3678 5264 δὲ

2085 5287 2253 5358 ’μόνος
2275 5289 2390 5355 υίὸς
2415 5293 2511 5345 τοῦ
2540 5293 2842 5364 ἀρχιερέως
2875 5296 3060 5368 διέδρα
3086 5297 3177 5352 τὸν
3201 5297 3456 5364 θάνατον,
3493 5301 3679 5355 Ἀσεά-

2091 5380 2198 5452 θαρ
2238 5382 2596 5454 καλούμενος,
2629 5387 2688 5450 ὃς
2731 5387 2922 5456 φυγὼν
2979 5389 3116 5460 πρὸς
3146 5390 3333 5455 Δασὶδ,
3365 5391 3677 5463 ἀπήγγειλε

2091 5474 2161 5526 τὰ
2187 5477 2478 5547 γενόμενα.
2513 5479 2636 5534 Τῶν
2683 5481 2740 5534 δὲ
2781 5481 3097 5555 ἀλλοφύλων
3128 5485 3553 5558 ἐμϐεϐληκότων
3597 5487 3676 5551 τίς

1595 5637 1802 5698 Varie)
1838 5636 2149 5698 lectiones
2195 5647 2254 5699 et
2296 5649 2482 5704 notio.

473 5787 585 5850 (50)
633 5788 908 5857 Ἀγχούς.
942 5786 1044 5854 Qui
1077 5786 1131 5841 in
1155 5781 1352 5840 Bibliis
1397 5781 1566 5837 Achis
1609 5780 1833 5836 dicitur.
1889 5779 2144 5835 Wolﬁus.
