3958 6204
428 248 533 312 143

1733 244 2052 307 JOANNIS
2092 248 2416 310 ZONAIUE
3555 259 3646 328 144

419 361 590 420 David
611 359 678 415 ad
722 358 997 430 Abigteam
1029 357 1222 422 mittit,
1259 369 1490 426 eamque
1530 351 1724 408 ambit.
1756 353 1870 418 Illa,
1893 355 1985 408 etsi

2103 354 2184 420 ὃς,
2217 355 2435 427 δείματι
2459 374 2520 411 τε
2560 357 2655 413 καὶ
2685 357 2830 432 λύπῃ
2859 350 3235 434 κατασχεθεὶς,
3269 383 3329 420 ου
3367 370 3572 439 πλειους
3597 395 3651 433 τε

421 457 544 511 talis
569 454 676 510 viri
710 451 969 523 conjugio
997 467 1058 506 se
1089 450 1368 520 indignam
1397 463 1520 503 esse
1557 447 1790 512 diceret,
1813 456 1998 500 tamen

415 550 466 604 ei
502 547 682 603 nubit.
729 547 945 600 Interea
981 542 1110 597 Saul
1145 541 1336 596 Davidi
1369 538 1733 595 nihilominus
1766 537 2000 592 insidia-

417 651 528 705 tur,
557 653 682 693 cum
722 635 902 691 tribus
936 633 1276 689 delectorum
1307 631 1554 685 millibus
1597 632 1753 701 juxta
1793 629 1995 683 collem

415 731 678 787 Eclielam
751 725 948 780 castris
1002 723 1219 794 positis,
1265 737 1376 792 quo
1423 721 1630 775 inloco
1657 719 1828 773 David
1868 734 1994 773 cum

413 825 530 879 suis
561 816 985 892 quadringentis
1012 816 1145 869 viris
1179 813 1525 868 versabatur.
1564 811 1614 866 ls
1648 825 1776 865 cum
1800 809 1992 864 Amesa

414 928 582 971 noctu
626 915 681 968 in
711 921 894 965 castra
929 908 1111 963 Saulis
1145 906 1451 976 profectus,
1489 918 1664 972 usque
1714 903 1769 956 in
1813 909 1995 955 tento-

415 1008 556 1062 rium
593 1003 739 1071 regis
785 997 1120 1053 dormientis
1165 1003 1444 1064 penetrat,
1482 992 1577 1046 ubi
1636 991 1891 1044 Amesatn
1925 986 1992 1040 ad

413 1092 805 1150 trucidandum
844 1102 1026 1158 regem
1059 1087 1349 1140 incitatum
1379 1081 1614 1146 inhibet,
1650 1079 1807 1134 hasta
1853 1076 1995 1130 dun-

415 1194 565 1243 taxat
613 1193 670 1239 et
726 1181 922 1253 hydria
973 1179 1119 1250 regis
1172 1177 1352 1232 ablata
1397 1172 1713 1239 discedunt,
1772 1169 1993 1224 nemine

413 1277 895 1334 animadvertcnle
924 1293 936 1326 :
975 1273 1229 1342 quamvis
1259 1270 1513 1324 Abuerus
1539 1307 1553 1331 ,
1595 1265 1865 1334 multique
1897 1261 1990 1316 alii

412 1373 622 1428 circum
664 1383 847 1437 regem
888 1366 1160 1436 jacerent.
1199 1363 1387 1432 Itaque
1443 1358 1649 1414 montis
1699 1355 1988 1412 cacumine

398 1476 759 1527 conscenso,
814 1459 1088 1511 Abnerem
1140 1455 1228 1510 his
1278 1452 1467 1507 verbis
1521 1451 1833 1504 inclamat:
1884 1446 1992 1499 Cur

409 1571 515 1608 non
538 1551 768 1605 custodis
805 1565 978 1620 regem
1008 1547 1032 1600 .’
1063 1546 1194 1600 Ecce
1238 1546 1378 1600 vobis
1406 1544 1606 1614 ignaris
1637 1540 1856 1611 quidam
1905 1539 1990 1592 in-

2099 447 2211 500 τῶν
2263 449 2398 502 δέκα
2449 449 2702 516 ἐπιϐιοὺς
2749 454 2995 524 ἡμερῶν,
3044 457 3324 529 ἀπέρρηξε
3372 463 3471 534 τὴν
3498 465 3652 540 ζωήν.

2099 541 2212 594 Kal
2235 543 2393 597 τοῦτο
2425 544 2617 615 μαθὼν
2639 547 2668 598 ό
2693 547 2877 614 Δασὶδ,
2903 549 3194 604 ἀπέστειλε
3226 554 3363 624 πρὸς
3388 555 3656 626 Ἀϐιγαίαν

2101 633 2389 703 μνώμενον
2418 636 2592 707 αὐτὴν
2625 637 2826 708 ἐαυτῷ.
2861 639 2925 692 Ἦ
2949 640 3005 693 δὲ
3043 642 3145 696 οὐκ
3180 643 3337 708 ἀξίαν
3360 645 3512 701 εἶπεν
3537 652 3654 704 ἐαυ-

2097 723 2199 794 τὴν
2251 722 2393 780 εἶναι
2443 729 2582 798 πρὸς
2633 731 2954 799 συνοίκησιν
2995 734 3226 807 τοιούτῳ
3281 737 3450 808 ἀνδρί.
3483 741 3656 812 Ὅμως

2100 817 2285 885 μέντοι
2321 819 2556 890 ἀπῆλθε,
2583 823 2678 877 καὶ
2710 823 2905 878 ἔλασεν
2945 826 3120 898 αὐτὴν
3179 831 3261 893 εὶς
3304 835 3537 898 γυναῖκα
3560 839 3654 889 Δα-

2098 907 2203 963 ϐίδ.
2251 909 2308 960 ’0
2337 910 2392 962 δὲ
2443 912 2619 965 Σαοὺλ
2671 913 3034 970 ἐπεϐούλευεν
3068 917 3150 972 ἔτι
3196 920 3370 991 αὐτῷ,
3409 923 3502 976 καὶ
3531 928 3657 994 μετὰ

2094 1001 2418 1071 τρισχιλίων
2446 1003 2692 1072 λογάδων
2723 1009 3216 1080 στρατοπεδεύεται
3248 1013 3400 1083 παρά
3433 1013 3523 1068 τὸν
3550 1017 3657 1086 βου·

2094 1092 2184 1146 νὸν
2219 1093 2472 1165 Ἐχελάτ,
2512 1098 2648 1152 ὅπου
2679 1099 2956 1170 διέτριϐεν
2997 1102 3025 1154 ό
3056 1104 3222 1157 Δαόὶδ
3253 1106 3394 1175 μετά
3423 1108 3532 1161 τῶν
3569 1109 3658 1164 σὺν

2094 1185 2247 1258 αὐτῴ
2300 1191 2673 1260 τετρακοσίων
2725 1193 2958 1264 ἀνδρῶν.
3010 1196 3226 1262 Νυκτὸς
3286 1200 3343 1253 δὲ
3393 1203 3655 1276 ἐπορεύθη

2092 1278 2256 1335 Δαὸὶδ
2308 1281 2473 1346 αὐτὸς
2521 1285 2616 1338 καὶ
2681 1285 2888 1355 Ἀμεσά
2918 1290 3000 1353 εἰς
3045 1290 3145 1360 τὴν
3194 1294 3548 1366 παρεμϐολὴν
3575 1297 3660 1352 τοῦ

2092 1371 2288 1438 Σαοὺλ,
2323 1377 2419 1428 καὶ
2453 1379 2725 1448 εἰσῆλθον,
2761 1381 2898 1435 ὅπου
2930 1378 2999 1454 ἦν
3032 1385 3310 1440 καθεύδων
3334 1388 3527 1443 Σαούλ.
3562 1392 3661 1445 Καὶ

2091 1462 2186 1513 τοῦ
2219 1465 2430 1533 Ἀμεσά
2461 1467 2675 1522 ἀνελεῖν
2703 1469 3032 1544 ὡρμηκότος
3072 1475 3261 1544 αὐτὸν,
3296 1479 3400 1532 οὐκ
3442 1480 3615 1534 εἴασεν
3636 1482 3663 1534 ό

2094 1555 2282 1612 Δαϐίδ.
2321 1558 2394 1609 Τὸ
2422 1558 2554 1630 δόρυ
2585 1561 2640 1614 δέ
2668 1563 2762 1616 τοῦ
2793 1562 3066 1634 βασιλέως
3121 1570 3218 1622 καὶ
3249 1571 3310 1623 τδ
3332 1572 3553 1640 ἀγγεῖον
3575 1573 3660 1626 τοῦ

406 1648 576 1720 gressi
607 1652 750 1709 sunt,
797 1646 866 1696 ad
920 1657 1038 1694 eum
1081 1637 1443 1692 occidendum.
1477 1634 1668 1700 Qua're
1698 1632 1907 1684 hastam
1941 1636 1985 1682 et

2097 1647 2293 1714 ὓδατος
2315 1650 2574 1717 λαϐόντες
2607 1632 2854 1724 ἐξῆλθον,
2884 1661 2957 1730 μή
2990 1677 3135 1725 τινος
3171 1632 3506 1734 αἰσθομένου
3531 1683 3543 1694 ·
3573 1667 3663 1719 καὶ

409 1717 658 1810 ξιμάνὶαιη
715 1735 851 1807 regis
883 1777 899 1802 ,
954 1744 1009 1787 ut
1053 1731 1342 1802 intelligas,
1395 1727 1553 1800 quale
1585 1743 1672 1782 vos
1699 1724 1985 1796 periculum

2094 1737 2268 1792 ταῦτα
2315 1739 2412 1794 τοῦ
2464 1717 2731 1816 Ἀσενννὴνρ
2776 1717 3179 1820 τούάρχοντος
3237 1717 3348 1824 τῆς.
3389 1717 3663 1825 δυνάμειιέ

399 1828 677 1901 fefellerit.
722 1825 853 1881 Saul
905 1823 1094 1895 agnita
1122 1836 1256 1876 voce
1307 1817 1678 1888 Davidis,qui
1722 1831 1850 1872 cum
1897 1829 1991 1868 oc-

410 1921 597 1977 cidere
671 1916 980 1990 potuisset,
1043 1914 1224 1970 denuo
1297 1911 1403 1966 sibi
1479 1909 1866 1981 pepercisset,
1929 1920 1989 1960 se

410 2029 665 2086 peccasse
716 2011 941 2075 fatetur,
995 2023 1061 2062 ac
1107 2005 1307 2062 mentis
1343 2019 1535 2061 errore
1573 2001 1714 2058 allici
1758 2018 1773 2056 :
1821 1997 1988 2055 Davi-

411 2108 649 2176 ilcmque
717 2103 872 2158 bono
949 2103 1138 2155 animo
1205 2114 1327 2154 esse
1389 2097 1593 2173 jubet,
1653 2094 1991 2161 domumque

409 2215 565 2256 suam
610 2197 834 2254 reverti.
892 2197 963 2248 At
1019 2193 1110 2248 ille
1159 2190 1464 2246 :Dominus
1493 2233 1505 2256 ,
1557 2186 1758 2258 inquit,
1812 2198 1993 2254 quem-

408 2293 520 2366 69
544 2308 642 2362 que
674 2306 766 2358 pro
805 2288 1015 2358 iustitia
1047 2295 1095 2339 et
1124 2285 1228 2354 ﬁde
1267 2301 1362 2338 sua
1395 2289 1783 2337 remuneretur.
1820 2279 1990 2333 Cum-

409 2404 516 2458 que
562 2381 840 2440 sexcentis
893 2379 1007 2434 suis
1055 2377 1123 2433 ad
1164 2376 1418 2431 Anchum
1465 2374 1655 2429 Gethae
1701 2387 1882 2443 regem
1927 2385 1987 2425 se

408 2478 660 2538 confert,
710 2483 872 2543 atque
921 2471 993 2525 ibi
1046 2485 1265 2525 menses
1308 2477 1546 2537 quatuor
1590 2472 1986 2520 commoratur.

407 2573 544 2629 Cum
577 2579 760 2623 autem
801 2563 1077 2620 Palaestini
1116 2561 1319 2616 bellum
1365 2559 1624 2615 lsraelitis
1664 2556 1871 2613 illaturi
1903 2570 1990 2610 εει

407 2673 563 2729 sent,
593 2661 819 2718 Auchus
860 2656 1050 2714 Davidi
1095 2657 1174 2712 ait
1208 2654 1503 2725 :Nunquid
1539 2663 1588 2708 et
1637 2663 1692 2709 tu
1737 2670 1854 2708 cum
1885 2657 1989 2710 tuis

409 2772 613 2812 mecum
655 2753 724 2807 ad
771 2749 963 2804 bellum
1017 2748 1341 2821 egredieris?
1397 2747 1714 2817 Respondet
1758 2747 1880 2812 ille,
1928 2761 1987 2802 se

407 2854 689 2899 strenuam
731 2854 954 2910 operam
1007 2847 1357 2894 navaturum.
1406 2835 1670 2892 Hostibus
1702 2838 1813 2909 jam
1852 2836 1988 2894 ﬁnes

405 2935 780 2993 Israelitarum
840 2931 1132 3002 ingressis,
1191 2929 1323 2984 Saul
1376 2929 1759 3000 perturbatus,
1813 2929 1984 2984 Deum

405 3026 668 3092 consulit,
718 3032 906 3078 utrum
954 3035 1136 3091 pugna
1187 3019 1424 3074 ineunda
1460 3019 1532 3073 sit
1564 3038 1578 3075 :
1608 3035 1718 3090 quo
1753 3036 1862 3074 non
1895 3035 1985 3076 re-

407 3119 736 3192 spondente,
781 3112 1287 3186 Engastriniythum
1333 3113 1552 3182 quaerit,
1597 3121 1652 3166 et
1695 3111 1983 3166 mulierem

407 3216 689 3278 convenit,
724 3221 934 3267 mutato
969 3211 1160 3265 habitu
1192 3224 1261 3264 ne
1291 3218 1705 3281 agnosceretur,
1738 3210 1986 3280 petitque

407 3309 682 3365 Samuelis
723 3305 830 3361 sibi
875 3320 1065 3359 manes
1095 3303 1218 3358 elici
1257 3304 1392 3375 :qui
1432 3320 1554 3359 cum
1598 3303 1810 3359 evocati
1858 3303 1985 3374 qui-

405 3401 640 3458 busdam
671 3397 1011 3452 carminibus
1043 3397 1383 3461 viderentur,
1414 3394 1544 3450 Sanl
1574 3413 1587 3449 :
1623 3394 1984 3460 Vehementer,

404 3487 602 3558 inquit,
643 3501 809 3555 angor
838 3499 856 3538 :
886 3500 1011 3538 nam
1041 3492 1091 3536 et
1122 3482 1431 3553 alienigena:
1469 3494 1653 3538 contra
1684 3503 1766 3541 me
1803 3503 1987 3541 conve-

403 3586 619 3642 nerunt,
663 3584 711 3629 et
757 3574 892 3628 Deus
932 3591 964 3627 α
999 3590 1080 3627 me
1125 3575 1354 3629 recessit.
1401 3573 1674 3631 Samuelis
1703 3586 1984 3647 spectrum

400 3671 700 3742 respondet
729 3687 744 3724 :
791 3667 938 3722 Fecit
972 3683 1034 3722 ea
1069 3666 1346 3728 Dominus.
1377 3685 1495 3739 qua:
1532 3687 1627 3740 per
1667 3687 1748 3724 me
1783 3672 1984 3742 pra'di-

399 3771 576 3825 ater-at,
599 3775 818 3829 regnum
848 3757 940 3812 abs
962 3765 1012 3811 te
1039 3757 1308 3827 auferens,
1330 3759 1487 3828 idque
1517 3759 1705 3813 Davidi
1729 3762 1982 3828 tribuens,

401 3862 452 3907 et
486 3851 740 3923 populum
781 3851 1010 3904 hostibus
1044 3850 1344 3920 sutjiciens.
1389 3850 1462 3905 Tu
1503 3868 1624 3906 vero
1664 3853 1868 3925 ﬁliique
1907 3856 1985 3910 tui

398 3961 522 4000 cras
579 3944 796 3998 cadetis.
855 3943 948 3998 llis
994 3942 1239 4006 auditis,
1295 3943 1426 3998 Saul
1479 3945 1687 4015 ingenti
1748 3963 1984 4004 mcerore

399 4039 656 4102 allectus,
690 4035 948 4091 discedit.
978 4033 1097 4089 Jam
1141 4046 1319 4088 castra
1354 4047 1652 4106 posuerant
1692 4039 1898 4108 hostes,
1929 4050 1985 4097 et

398 4130 569 4186 David
614 4144 737 4183 cum
783 4128 900 4182 suis
945 4126 1220 4180 sexcentis
1264 4142 1294 4180 a
1340 4135 1496 4197 tergo
1541 4144 1734 4182 eorum
1783 4131 1982 4186 stativa

399 4221 674 4277 habebat.
715 4219 916 4275 Verum
964 4216 1202 4286 satrapis
1242 4233 1352 4271 non
1398 4217 1739 4287 probabatur
1783 4235 1845 4274 ea
1891 4236 1982 4274 so-

395 4316 588 4371 cietas.
619 4310 1003 4367 Cansabantur
1028 4311 1199 4377 enim,
1231 4313 1584 4366 metuendum
1618 4328 1740 4368 esse
1773 4330 1841 4369 ne
1872 4330 1980 4386 qua

2096 1829 2290 1895 αὐτοῦ,
2329 1831 2430 1885 καὶ
2483 1833 2699 1889 πολλῶν
2753 1837 2959 1906 ἐτέρων
3013 1840 3201 1910 κύκλῳ
3248 1843 3525 1910 κειμένων
3575 1844 3662 1898 τοῦ

2097 1921 2388 1992 βασιλέως.
2431 1924 2702 1980 Ἀνελθὼν
2734 1929 2793 1982 δὲ
2825 1931 2920 1983 ἐπὶ
2949 1932 3009 1984 τὸ
3040 1932 3214 2004 ἀκρον
3243 1936 3338 1989 τοῦ
3368 1937 3532 2007 ὅρους
3565 1943 3664 1991 Δα-

2098 2013 2206 2082 ὃὶδ,
2248 2015 2445 2087 ἐϐόησε
2480 2019 2617 2089 πρὸς
2658 2020 2752 2074 τὸν
2779 2021 3076 2096 ’Δδεννήρο
3111 2029 3180 2080 Τί
3214 2028 3303 2080 ὅτι
3333 2031 3408 2083 οὐ
3437 2029 3665 2099 genitivo

2100 2120 2235 2173 σεις
2279 2107 2388 2162 τὸν
2448 2111 2750 2179 ﬂaua/lca;
2786 2115 2944 2170 Ἰδοὺ
2997 2117 3110 2186 γὰρ
3161 2121 3459 2190 εισῆλθόν
3514 2140 3665 2189 τινες

2094 2198 2320 2254 κτεῖναι
2348 2204 2556 2270 αὑτὸν,
2574 2206 2675 2259 καὶ
2707 2208 2879 2276 ὑμεῖς
2907 2213 3020 2265 οὐκ
3047 2212 3365 2281 ἐγνώκατε.
3391 2216 3665 2285 Ζήτησον

2093 2285 2206 2345 οὖν
2234 2295 2300 2348 τὸ
2329 2295 2496 2363 δόρυ,
2520 2299 2616 2351 καὶ
2650 2300 2756 2354 τὸν
2787 2303 2978 2370 φακὸν
3006 2305 3112 2359 τοῦ
3139 2305 3376 2373 ὕδατος,
3411 2310 3510 2362 καὶ
3543 2304 3664 2374 οἶος

2091 2383 2232 2451 εἴση
2287 2385 2443 2455 ὑμᾶς
2486 2390 2870 2458 παρελήλυθε
2923 2395 3226 2464 κίνδυνος.
3269 2399 3557 2468 Ἐπιγνοὺς
3604 2400 3662 2453 δι

2092 2474 2194 2544 τὴν
2245 2479 2434 2549 φωνὴν
2483 2482 2649 2535 Δαὸὶδ
2691 2485 2719 2536 ό
2768 2486 2962 2553 Σαοὺλ,
2997 2489 3092 2541 καὶ
3139 2488 3215 2554 ὡς
3262 2491 3518 2560 ἐφείσατο
3573 2493 3667 2545 καὶ

2093 2564 2252 2634 αὖθις
2309 2571 2481 2626 αὐτοῦ
2536 2574 2840 2645 δυνάμενον
2891 2579 3058 2633 αὐτὸν
3104 2581 3351 2648 ἀνελεῖν,
3399 2585 3664 2657 ἁμαρτεῖν

2090 2659 2234 2728 εἷπε,
2280 2665 2376 2718 καὶ
2422 2669 2861 2736 μεματαιῶσθαι,
2891 2673 2989 2725 καὶ
3026 2671 3178 2742 ἠξίου
3230 2673 3455 2747 θαρρεῖν
3483 2678 3660 2741 αὐτὸν,

2091 2756 2190 2810 καὶ
2219 2757 2574 2829 ἐπιστρέφειν
2601 2763 2684 2826 εἰς
2710 2763 2802 2817 τὸν
2831 2760 2981 2819 οἷκον
3003 2767 3193 2824 αὐτοῦ.
3231 2768 3292 2822 'O
3313 2770 3393 2836 δὲ,
3429 2773 3659 2840 Κύριος,

2089 2849 2218 2920 ἐφη,
2254 2849 2375 2918 δώῃ
2401 2851 2636 2921 ἑκάστῳ
2673 2856 2825 2910 κατὰ
2864 2858 2977 2926 τὴν
3014 2860 3417 2932 δικαιοσύνην
3457 2864 3660 2929 αὑτοῦ,

2089 2943 2189 2995 καὶ
2236 2943 2389 2997 κατὰ
2425 2943 2542 3013 τὴν
2579 2948 2789 3003 πίστιν
2837 2953 3048 3008 αὐτοῦ.
3101 2956 3210 3008 Kal
3260 2957 3478 3028 ἀπῆλθε
3529 2959 3663 3028 μετὰ

2088 3035 2200 3089 τῶν
2241 3037 2340 3092 σὺν
2386 3039 2536 3111 αὐτῷ
2567 3042 2864 3108 ἑξακοσίων
2907 3047 3074 3101 Δασὶδ
3122 3051 3261 3121 πρὸς
3301 3053 3529 3123 Ἀγχοῦς
3572 3053 3663 3106 τὸν

2091 3126 2322 3197 βασιλέα
2358 3132 2457 3200 τῆς
2489 3133 2614 3200 Γέθ,
2652 3137 2747 3190 καὶ
2779 3137 2970 3209 διῆγεν
2999 3141 3118 3194 ἐκεῖ
3150 3145 3427 3214 τέσσαρας
3472 3145 3659 3216 μῆνας.

2089 3221 2210 3274 Τῶν
2239 3223 2296 3276 δὲ
2331 3224 2712 3282 Παλαιστινῶν
2743 3230 2836 3284 ἐπὶ
2862 3232 2956 3285 τὸν
3008 3233 3228 3305 Ἰσραὴλ
3259 3237 3662 3308 ἐκστρατεῦσαι

2091 3311 2456 3384 βουλομένων,
2491 3317 2599 3389 ἔφη
2645 3321 2783 3392 πρὸς
2823 3323 2988 3378 Δαϐὶδ
3020 3328 3049 3379 ό
3127 3328 3402 3399 Ἀγχούς·
3441 3332 3662 3396 Συνεξ-

2089 3405 2318 3472 ελεύσῃ
2337 3424 2440 3474 μοι
2468 3410 2556 3475 εἰς
2573 3409 2680 3463 τὸν
2708 3413 2975 3483 πόλεμον
2996 3417 3098 3484 σὺ,
3125 3420 3224 3472 καὶ
3255 3423 3311 3474 οι
3336 3426 3490 3490 μετὰ
3517 3423 3662 3487 συῦ;

2089 3497 2343 3560 κάκεῖνος
2387 3499 2539 3570 αύτῷ
2579 3502 2881 3574 προθύμως
2934 3512 3322 3582 συμμαχήσειν
3368 3515 3657 3584 ὑπόσχετα

2092 3588 2231 3660 Ἤδη
2266 3589 2323 3643 δὲ
2360 3592 2468 3645 τῶν
2517 3593 2834 3664 ἀλλοφύλων
2881 3603 2946 3671 τῇ
2997 3601 3154 3676 χώρᾳ
3203 3606 3659 3678 προσελασάντων

2089 3678 2199 3731 τῶν
2269 3679 2641 3751 Ἰσραηλιτῶν,
2693 3689 2722 3739 δ
2776 3687 2948 3742 Σαοὺλ
2993 3691 3363 3766 τεθορύϐητο,
3413 3695 3514 3752 καὶ
3565 3696 3661 3750 τοῦ

2086 3768 2222 3861 βεοῦ
2259 3771 2614 3839 ἐπυνθάνετο,
2648 3778 2697 3830 ει
2727 3781 3188 3858 μαχήσεταιςΜὴ
3229 3790 3661 3861 ἀποκρινομένου

2084 3859 2175 3925 δὲ,
2225 3861 2669 3935 ἐγγαστρίμυθον
2720 3867 2956 3940 ἐζήτησε
2984 3911 3000 3934 ,
3049 3876 3148 3927 καὶ
3191 3859 3467 3949 ἐπορεύθη
3503 3859 3663 3948 πρὸς

2085 3953 2258 4022 αὐτὴν
2295 3961 2846 4030 μεταμφιασάμενος,
2890 3962 2976 4016 ἵνα
3004 3966 3080 4034 μὴ
3127 3967 3274 4030 ὅστις
3305 3970 3392 4039 εἴη
3421 3971 3662 4039 ἐπιγνω-

2087 4047 2211 4116 σθῇ,
2250 4050 2346 4100 καὶ
2377 4048 2582 4119 ᾔτησεν
2620 4052 2928 4124 ἀναχθῆναι
2969 4057 3120 4128 αὐτῷ
3150 4059 3245 4112 τοῦ
3277 4061 3538 4135 Σαμουὴλ
3565 4063 3664 4134 τὴν

2082 4137 2286 4208 ψυχὴν,
2321 4140 2418 4192 καὶ
2447 4142 2687 4213 ἐπῳδαῖς
2729 4163 2873 4199 τισιν
2919 4150 3226 4221 ἀναχθῆναι
3273 4153 3502 4227 δοξάσῃ,
3541 4153 3660 4210 εἷπε

2083 4232 2288 4285 Σαούλ’
2333 4236 2615 4306 Θλίϐομαι
2666 4239 2922 4310 σφόδρα,
2952 4242 3041 4297 ὅτι
3081 4247 3498 4316 συνήχθησαν
3535 4250 3663 4305 κατ’

2081 4321 2228 4392 ἐμοῦ
2273 4329 2329 4380 al
2366 4325 2730 4398 ἀλλόφυλοι,
2787 4333 2886 4385 καὶ
2935 4335 2969 4386 ό
3041 4336 3260 4403 Κύριος
3307 4338 3667 4409 ἀφέστηκεν

394 4408 502 4463 sibi
539 4406 724 4461 clades
759 4405 828 4458 ab
863 4419 929 4458 eo
966 4404 1268 4458 inferretur
1303 4406 1356 4458 in
1393 4404 1554 4470 bello,
1583 4407 1650 4460 ad
1685 4408 1977 4478 populares

2089 4417 2181 4472 ἀπ’
2211 4417 2380 4486 ἐμοῦ.
2422 4420 2496 4472 Τὸ
2521 4421 2577 4474 δὲ
2603 4422 2697 4475 τοῦ
2739 4423 2992 4497 Σαμουὴλ
3023 4427 3317 4499 φάντασμα
3350 4404 3663 4502 ἀπεκρίθη,

397 4516 528 4556 suos
552 4514 616 4553 se
644 4499 987 4552 conferente.
1034 4497 1222 4567 itaque
1261 4507 1456 4568 petunt
1489 4508 1546 4552 ut
1590 4499 1833 4557 discedat
1874 4521 1889 4558 :
1919 4514 1976 4559 et

394 4590 623 4645 Auchus
655 4587 890 4656 satrapis
934 4587 1262 4656 obsequens,
1293 4603 1418 4642 eum
1457 4588 1612 4644 abire
1650 4591 1828 4659 jubet.
1860 4595 1982 4648 Dis-

395 4683 545 4740 cedit
580 4681 746 4752 igitur
783 4695 906 4732 cutn
950 4681 1064 4732 suis
1094 4679 1263 4734 David
1299 4681 1601 4750 Sicelagem
1627 4722 1642 4747 ,
1677 4684 1747 4739 ab
1784 4686 1974 4740 Anclto

396 4777 502 4834 sibi
530 4775 596 4830 ad
633 4773 990 4828 habitandum
1022 4773 1374 4843 assignatam.
1410 4774 1693 4830 lncensam
1727 4779 1927 4848 reperit
1965 4797 1982 4835 :

394 4883 705 4938 uxoresque
731 4881 857 4921 suas
875 4865 1063 4920 am‘bas
1087 4880 1210 4919 cum
1238 4865 1497 4921 omnibus
1516 4867 1608 4936 qui
1634 4869 1707 4922 ibi
1733 4870 1974 4937 fuerant,

392 4972 580 5033 captas
656 4961 724 5014 ab
771 4957 1110 5014 Amalecitis.
1179 4958 1250 5011 Ea
1302 4958 1457 5013 clade
1510 4958 1831 5030 deplorata,
1876 4979 1977 5033 per

393 5054 747 5112 Abiatharem
781 5050 1125 5106 sacerdotem
1171 5050 1343 5104 Deum
1388 5053 1648 5114 consulit,
1683 5068 1750 5107 an
1784 5071 1972 5124 perse-

393 5145 596 5216 quendi
630 5144 739 5196 sint
768 5142 992 5196 hostes?
1022 5140 1132 5195 Deo
1161 5141 1533 5209 permittente,
1561 5160 1687 5199 cum
1715 5147 1975 5216 quadrin-

391 5238 571 5310 gentis
611 5234 983 5306 persequitur,
1017 5233 1288 5288 ducentos
1334 5233 1402 5288 ad
1448 5235 1969 5306 impedimentorum

389 5329 698 5387 custodiam
727 5327 1009 5396 relinquit.
1036 5325 1105 5379 Et
1132 5326 1362 5394 sparsim
1395 5330 1750 5387 comedentcs
1778 5333 1972 5391 biben-

393 5432 583 5498 tesque
617 5423 873 5494 adeptus,
906 5429 961 5475 et
1000 5434 1068 5473 ex
1103 5417 1403 5489 improviso
1434 5437 1746 5494 aggressus,
1779 5444 1971 5488 omnes

2083 4509 2158 4572 ὡς
2189 4512 2490 4578 Πεποίηκέ
2517 4529 2617 4567 σοι
2643 4518 2676 4569 ό
2705 4518 2921 4584 Κύριος
2949 4518 3066 4573 ὅσα
3093 4522 3244 4587 πρὸς·
3281 4523 3360 4576 σὲ
3388 4527 3664 4595 μεμήνυ-

2083 4617 2177 4697 κεΔ
2217 4602 2328 4672 (51)
2376 4603 2636 4697 δι’ᾲὲμοῦ,
2674 4608 2772 4660 καὶ
2809 4609 3144 4678 ἀφαιρεῖταί
3171 4628 3289 4668 σου
3332 4617 3670 4697 τὴν-,βασι-

2080 4694 2277 4756 λείαν,
2311 4696 2406 4748 καὶ
2441 4695 2692 4750 δίδωσιν
2709 4699 2907 4768 αὐτὴν
2927 4701 3008 4766 τῷ
3029 4705 3223 4770 Δαϐὶδ,
3244 4705 3341 4758 καὶ
3372 4694 3484 4762 τὸὲν
3507 4711 3668 4764 λαὸν

2077 4785 2414 4840 ὑποτάσσει
2447 4786 2570 4852 τοῖς
2597 4792 2928 4858 πολεμιοις.
2963 4793 3048 4848 Σὺ
3072 4794 3140 4849 δὲ
3163 4797 3262 4850 καὶ
3293 4800 3350 4851 οι
3377 4801 3505 4854 υιοι
3541 4817 3664 4856 σου

2079 4875 2294 4942 αὔριον
2347 4877 2659 4934 πεσεῐσθε.
2715 4879 2827 4934 Καὶ
2875 4883 3122 4958 ἐλυπήθη
3188 4888 3400 4959 σφόδρα
3451 4893 3666 4947 τούτων

2081 4966 2215 5020 ἀκού
2229 4985 2320 5029 δας
2347 4969 2542 5037 Σαοὺλ,
2561 4971 2654 5024 καὶ
2676 4972 2912 5043 ἀπῆλθε.
2936 4976 3048 5030 Kal
3066 4979 3116 5031 οἱ
3143 4973 3435 5050 ἀλλόφυλοι
3464 4985 3671 5056 ἐστρα-

2083 5059 2479 5114 τοπεδεύσαντο
2505 5080 2517 5094 ’
2556 5063 2648 5116 καὶ
2682 5065 2850 5119 Δαὸὶδ
2877 5069 2968 5120 καὶ
3005 5071 3056 5122 οἱ
3111 5072 3230 5140 μετ’
3265 5073 3433 5126 αὐτοῦ
3463 5076 3669 5142 ἑξακό-

2083 5171 2189 5208 σιοι
2241 5155 2487 5211 ὄπισθεν.
2530 5158 2658 5221 Τοῖς
2700 5160 2757 5214 δὲ
2809 5163 3121 5234 σατράπαις
3169 5166 3272 5221 οὐκ
3321 5170 3531 5239 ἤρεσκε
3566 5186 3666 5223 συ·

2081 5249 2478 5316 στρατεύεσθαι
2534 5251 2719 5315 αὐτοῖς
2769 5253 2862 5308 τὸν
2915 5257 3105 5321 Δαὸὶδ,
3161 5258 3404 5328 λέγουσι,
3459 5263 3558 5334 Μή
3610 5279 3665 5316 τι

2079 5342 2252 5395 κακὸν
2283 5343 2592 5414 ἐργάσηται
2618 5346 2699 5409 εἰς
2730 5347 2900 5414 ἡμᾶς,
2931 5351 2991 5402 ἐν
3022 5350 3100 5421 τῷ
3132 5352 3357 5425 πολέμῳ
3379 5356 3497 5417 τοῖς
3533 5355 3666 5425 δμο-

2079 5435 2268 5502 φύλοις
2299 5439 2695 5511 προσθέμενον.
2720 5440 2830 5496 Kal
2854 5444 3222 5518 ἀποστρέφειν
3249 5449 3415 5504 αὐτὴν
3438 5447 3662 5520 ἠξίουν.

1628 5582 1830 5644 Variae
1863 5585 2169 5650 lectiones
2217 5599 2276 5653 et
2324 5603 2490 5656 notua

451 5704 572 5773 ‘(5l)
605 5706 763 5762 Ὅσα
788 5721 1270 5778 πρᾳμεμηνυκεν.
1303 5704 1445 5761 Ὅσα
1473 5705 1610 5776 πρὸς
1641 5705 1701 5761 σὲ
1728 5709 2062 5778 μεμήνυκεν.
2099 5711 2188 5767 W.
