3958 6204
432 340 534 396 15η
1735 320 2035 383 ΙΟΛΝΝΙξ

2137 319 2290 379 ONA
2301 320 2421 379 ius
3584 309 3686 375 156

427 451 609 511 adeat.
641 461 1007 518 conquerens,
1044 444 1185 502 duos
1215 445 1320 502 sibi
1365 443 1536 500 fuisse
1574 443 1738 507 filios,
1765 455 2003 512 quorum
2031 489 2035 498 ,

2137 441 2347 510 ξρηνῶν.
2382 437 2472 490 Ἐν
2499 434 2740 504 τοσούτῳ
2772 433 2816 486 δ’
2841 431 3046 502 ἦκασιν
3069 431 3118 484 οἱ
3140 427 3238 484 τοῦ
3269 428 3538 499 βασιλέως
3565 429 3697 498 υἱοὶ,

431 557 576 602 unius
601 540 836 594 alterum
865 536 1154 595 occiderit.
1183 535 1341 591 Nunc
1361 543 1624 606 cognatos
1654 533 2008 604 superstitem

2137 534 2206 588 ταὶ
2242 533 2337 585 τὸν
2363 532 2526 602 φόνον
2572 527 2667 582 τοῦ
2703 527 2918 596 Ἀμνὼν
2950 523 3278 586 πενθοῦντες
3329 523 3699 591 ἀπήγγειλαν.

427 632 496 686 ad
530 631 736 687 czedem
765 644 1036 699 quaerere,
1079 627 1152 683 ob
1197 627 1554 698 parricidium
1587 644 1600 680 :
1633 639 1796 680 orare
1843 623 2009 694 igitur

2137 623 2445 693 Ἀδεσαλὼμ
2463 623 2520 675 δὲ
2550 620 2762 690 ἀπέδρα
2793 618 2931 688 πρὸς
2952 617 3042 670 τὸν
3059 615 3288 670 πάππον
3313 615 3406 669 τὸν
3429 615 3568 685 πρὸς
3589 632 3700 686 μη-

431 739 642 793 regem,
666 731 727 776 ut
749 723 981 778 salutem
1011 720 1108 775 filii
1137 721 1242 775 sibi
1273 720 1566 775 condonet.
1597 719 1691 772 Illa
1723 718 1840 771 haec
1865 714 2009 786 apud

2137 721 2257 791 πρὸς,
2319 718 2409 770 τὸν
2468 714 2694 784 βασιλέα
2728 712 2829 783 τῆς
2864 710 2990 775 Γὲθ,
3050 714 3144 763 καὶ
3200 710 3296 762 ἐπὶ
3341 709 3592 780 τριετίαν
3623 704 3693 780 ἦν

434 830 617 884 regem
647 828 912 882 perquam
937 812 1189 867 dolenter
1216 813 1460 881 exponit.
1500 812 1614 865 llex
1640 809 1734 863 lilii
1777 809 2010 863 salutem

2137 815 2315 882 ῑιάγων
2347 813 2482 864 εκεῖ.
2519 811 2630 879 Τῆς
2661 807 2832 878 ὀργῆς
2866 804 2924 858 δὲ
2977 803 3056 873 τῷ
3110 803 3289 873 χρόνῳ
3338 801 3701 869 λωφησάσης,

431 905 509 958 illi
542 920 602 958 se
631 903 964 958 donaturum
999 903 1314 972 pollicetur.
1352 902 1461 972 76
1492 899 1631 956 Tum
1664 900 1863 954 mulier
1891 914 2014 969 gra-

2137 905 2527 974 ιαταλλαγῆναι
2579 901 2674 956 τὸν
2717 899 2944 968 βασιλέα
2973 897 3054 963 τῷ
3100 893 3427 963 Ἀϐεσαλὼμ
3461 895 3489 946 6
3536 892 3704 946 Ἰωὰϐ

434 998 537 1052 tias
585 996 696 1065 agit
730 1013 746 1052 ε
781 995 884 1050 Sed
925 1004 982 1048 ut
1012 997 1221 1065 pignus,
1267 995 1470 1064 inquit,
1501 993 1727 1048 habeam
1772 991 2016 1063 promisti

2137 998 2429 1068 ισοφίσατο.
2463 994 2690 1048 Γύναιον
2723 993 2832 1062 γάρ
2863 1008 2918 1044 τι
2967 987 3411 1060 παρεσκεύασεν,
3459 987 3536 1051 ὡς
3569 1002 3705 1040 πεν-

434 1087 510 1140 tui
538 1101 556 1138 :
586 1094 642 1138 tu
678 1086 810 1155 ipse,
858 1100 889 1137 ο
915 1100 1028 1151 rex,
1068 1086 1123 1138 in
1151 1085 1337 1156 primis
1387 1093 1476 1137 tuo
1507 1081 1622 1152 ﬁlio
1653 1080 2012 1147 reconciliare,

437 1193 604 1247 neque
625 1195 744 1232 cum
767 1179 908 1232 crede
931 1177 1033 1245 ﬁlii
1059 1186 1108 1230 te
1131 1179 1292 1232 invito
1325 1178 1489 1247 facta,
1518 1176 1880 1232 voluntariam
1900 1191 2017 1229 con-

435 1270 698 1338 iunxeris.
732 1269 1137 1324 Animadvertit
1168 1285 1287 1334 rex,
1329 1276 1701 1324 commentum
1735 1283 1856 1323 esse
1889 1283 2016 1338 pre-

437 1378 531 1419 ces
583 1361 850 1425 mulieris,
890 1361 1065 1417 Joabo
1114 1373 1341 1417 auctore
1390 1361 1758 1431 excogitatum
1806 1362 2018 1431 :eique

2119 1091 2246 1146 θοῦν
2267 1089 2343 1158 τῷ
2385 1087 2597 1158 βασιλεῖ
2641 1083 2984 1157 προσελθεῖν,
3019 1082 3114 1135 καὶ⁵
3163 1078 3560 1150 ἀποδύρεσθαι,
3590 1080 3706 1145 ὅτι,

2117 1180 2211 1235 δύο
2241 1180 2447 1234 παίδων
2471 1180 2642 1232 ὄντων
2673 1179 2834 1246 αὐτῇ,
2859 1177 2953 1228 καὶ
2973 1173 3204 1245 θατέρου
3234 1173 3326 1226 τὸν
3349 1172 3536 1243 ἕτερον
3556 1173 3708 1224 κτεί-

2118 1290 2333 1338 ναντος,
2367 1274 2416 1325 οί
2451 1273 2735 1339 συγγενεῖς
2773 1269 2983 1323 ἀνελεῖν
3035 1267 3258 1338 ζητοῦσι
3317 1266 3410 1319 τὸν
3445 1265 3710 1334 περιόντα

2119 1369 2209 1422 διὰ
2250 1367 2342 1420 τόν
2375 1365 2534 1435 φόνον
2563 1362 2659 1416 τοῦ
2707 1359 2964 1430 ἀδελφοῦ.
3022 1361 3134 1412 Καὶ
3165 1357 3384 1413 δέεσθαι
3415 1355 3512 1409 τοῦ
3549 1355 3710 1427 βασι-

437 1452 730 1506 Absalonis
761 1451 1058 1505 reducendi
1096 1451 1190 1505 dat
1235 1461 1584 1520 potestatem.
1616 1451 1824 1506 Joabus
1851 1452 2020 1521 igitur

2137 1460 2256 1521 ιέως
2280 1455 2614 1527 χαρίσασθαι
2651 1455 2790 1524 αὐτῇ
2825 1453 2926 1522 τὴν
2951 1451 3045 1505 τοῦ
3079 1451 3269 1514 παιδὸς
3296 1449 3592 1519 σωτηρίαν.
3644 1449 3712 1500 Ἦ

438 1559 563 1597 eum
595 1543 968 1612 Hierosolyma
1002 1542 1238 1606 reducit,
1275 1558 1340 1598 ea
1378 1553 1560 1597 tamen
1597 1543 1938 1607 conditione,
1962 1552 2022 1597 ut

2137 1545 2238 1620 μὲν¹
2269 1546 2383 1614 οὖν,
2416 1546 2790 1618 προσελθοῦσα
2836 1545 2913 1614 τῷ
2943 1543 3174 1615 βασιλεῖ,
3227 1541 3550 1612 περιπαθῶς
3582 1533 3713 1592 εἷπε

441 1648 510 1687 ne
547 1634 600 1686 in
638 1643 993 1703 conspectum
1043 1633 1224 1702 patris
1255 1633 1492 1699 veniret,
1527 1631 1704 1688 donec
1737 1633 1856 1703 ipse
1902 1641 2025 1688 tan-

2137 1643 2320 1697 ταῦτα.
2368 1641 2428 1694 '0
2483 1641 2540 1693 δὲ
2592 1639 2850 1709 βασιλεὺς
2892 1636 2992 1699 τὴν
3039 1635 3182 1706 ζωὴν
3211 1634 3347 1703 αὐτῇ
3377 1631 3716 1703 χαρίσασθαι

442 1722 565 1777 dem
592 1738 718 1778 eum
762 1723 1148 1778 reconciliatus
1197 1731 1378 1790 vocat,
1413 1724 1542 1779 data
1595 1726 1801 1794 petenti
1825 1726 2018 1794 venia,

2137 1734 2218 1789 τοῦ
2249 1733 2434 1795 παιδὸς
2467 1731 2851 1802 ἐπηγγείλατο.
2877 1731 2986 1783 Καὶ
3020 1730 3054 1799 ἠ
3079 1727 3218 1798 γυνὴ
3241 1728 3472 1797 χάριτας
3498 1724 3716 1795 ὡμολό-

443 1822 498 1870 οι
527 1814 808 1869 oblivione
859 1814 1077 1887 injuriae
1102 1816 1394 1884 promissa.
1424 1816 1740 1872 Restitutus
1771 1815 1826 1871 in
1874 1817 2018 1872 inte-

2137 1843 2214 1896 γει
2242 1823 2428 1894 αὐτῷ’
2467 1822 2597 1876 Ἵνα
2629 1820 2682 1875 δ’
2710 1820 3005 1889 ἐχέγγυον
3035 1819 3130 1882 εἴη
3160 1835 3264 1886 μοι
3290 1815 3406 1869 τῶν
3437 1819 3717 1882 ὑπεσχη-

443 1923 600 1979 grum
628 1908 888 1974 Absalon,
917 1908 1098 1978 equis,
1128 1908 1410 1988 curribus,
1438 1916 1494 1963 et
1537 1909 1732 1964 multis
1761 1909 2022 1964 satelliti-

2137 1915 2346 1980 μένων,
2388 1909 2537 1975 εῐπε,
2569 1910 2801 1980 πρῶτος
2839 1911 3024 1976 αὐτὸς
3071 1907 3152 1973 τῷ
3179 1910 3376 1974 οίκείφ
3399 1907 3510 1973 υίῷ
3542 1907 3718 1961 διαλ-

447 2001 551 2054 bus
576 2000 929 2070 comparatis,
955 2000 1158 2069 regiam
1185 2000 1436 2069 quotidie
1463 2000 1812 2070 frequentat:
1846 2017 2024 2071 popu-

2137 2007 2364 2076 ιάγηθι,
2399 2005 2496 2059 καί
2519 2004 2605 2073 μὴ
2640 2003 2718 2069 τῷ
2758 2003 2923 2071 φόνῳ
2954 2001 3060 2054 τοῦ
3113 1998 3274 2067 παρὰ
3301 1998 3545 2069 γνώμην
3594 2013 3720 2053 σου

445 2093 673 2162 lumque
707 2091 924 2146 blandis
953 2092 1212 2161 alloquiis
1239 2092 1534 2156 deliniens,
1565 2092 1866 2147 multorum
1899 2107 2027 2162 gra-

2137 2099 2418 2162 θανόντος
2497 2095 2634 2150 υίοῦ
2697 2091 3072 2161 προσθήσεις
3132 2090 3418 2145 ἑκούσιον
3485 2089 3722 2158 ἕτερον.

449 2185 580 2240 tiam
615 2183 844 2257 colligit.
879 2183 998 2238 Jam
1031 2192 1271 2253 quatuor
1297 2183 1458 2237 annis
1493 2197 1526 2236 a
1570 2182 1754 2236 reditu
1799 2182 2024 2252 elapsis.

2137 2187 2370 2257 Συνῆκεν
2403 2188 2431 2240 6
2483 2185 2746 2255 βασιλεὺς
2795 2183 2998 2253 σκῆψιν
3039 2180 3180 2235 εἶναι
3241 2183 3368 2245 τοὺς
3402 2182 3593 2248 λόγους
3621 2182 3724 2250 τῆς

450 2277 605 2345 ﬁngit
631 2291 690 2331 se
733 2275 1019 2346 religionis
1063 2290 1196 2346 ergo
1244 2276 1596 2331 Cbebronem
1647 2275 2025 2346 profecturum

2137 2278 2411 2349 γυναικὸς,
2468 2279 2562 2330 καὶ
2622 2275 2842 2338 τούτους
2875 2273 3200 2343 σοφισθῖψαι
3241 2273 3373 2344 παρ’
3403 2274 3586 2336 Ἰωᾶϐ,
3621 2273 3726 2327 καὶ

450 2368 517 2422 ad
544 2368 876 2423 exsolvenda
906 2377 1034 2423 vota
1065 2384 1189 2438 quae
1233 2368 1289 2422 in
1321 2368 1518 2423 exsilio
1549 2368 1790 2424 fecisset.
1818 2369 2029 2424 Annuit

2137 2372 2394 2439 κατάγειν
2425 2367 2572 2440 αύτῷ
2595 2367 2870 2437 ἐπέτρεψε
2895 2368 2985 2419 τὸν
3013 2365 3356 2436 Ἀϐεσαλώμ.
3381 2367 3491 2424 Καὶ
3515 2381 3728 2436 πορευ-

450 2467 626 2526 pater.
657 2457 754 2512 llle
791 2457 1094 2526 digressus,
1124 2458 1328 2528 passim
1359 2457 1590 2513 dimittit
1614 2461 1837 2514 nuntios
1867 2479 1880 2514 :
1907 2461 2030 2530 plu-

454 2547 575 2601 rimi
606 2547 671 2601 ad
705 2549 859 2602 illum
896 2550 1206 2613 conﬂuunt,
1241 2565 1304 2604 ac
1348 2557 1549 2619 prreter
1594 2560 1824 2606 caeteros
1866 2552 2032 2608 Achi-

2133 2463 2246 2525 θεὶς
2284 2460 2466 2526 Ὶωὰϐ,
2507 2460 2715 2530 ἤγαγεν
2747 2458 2910 2512 αὑτὸν
2938 2459 3019 2520 είς
3063 2458 3458 2528 Ἰερουσαλήμο
3487 2457 3564 2518 είς
3593 2456 3731 2524 ὄψιν

2132 2555 2176 2608 δ’
2208 2554 2382 2607 ἐλθεῖν
2427 2554 2486 2606 οὖ
2521 2551 2913 2622 συγκεχώρητο
2940 2550 3018 2620 τῷ
3048 2550 3238 2618 πατρί.
3273 2550 3426 2604 Μετά
3458 2549 3515 2602 δὲ
3542 2547 3729 2601 ταῦτα.

456 2637 668 2708 tophel,
722 2639 863 2708 patri
916 2641 1039 2710 ejus
1075 2655 1106 2694 a
1138 2641 1404 2695 consiliis.
1438 2641 1517 2696 lta
1546 2657 1643 2696 rex
1675 2641 1744 2696 ab
1773 2644 2031 2699 omnibus

2137 2644 2456 2716 κατηλλάγη
2484 2645 2512 2697 6
2544 2642 2797 2714 βασιλεὺς
2852 2641 2930 2709 τῷ
2961 2641 3284 2711 Ἀϐεσαλὼμ
3309 2659 3321 2669 ·
3357 2641 3453 2694 καὶ
3481 2640 3731 2704 καλέσας

454 2727 743 2782 salutatur.
777 2729 892 2784 Hoc
921 2730 1088 2784 David
1124 2731 1367 2802 cognito,
1392 2746 1518 2786 cum
1545 2731 1612 2786 iis
1651 2748 1790 2802 quos
1820 2734 2030 2790 circum

2137 2739 2321 2800 αὑτὸν,
2350 2735 2683 2808 συγγνώμην
2709 2736 3000 2806 αίτήσαντι
3027 2735 3249 2798 δέδωκε,
3281 2735 3377 2788 καὶ
3407 2733 3731 2803 ἀμνηστίαν

452 2835 514 2877 se
547 2819 811 2883 habebat,
847 2822 1223 2895 Hierosolyma
1253 2823 1534 2892 egreditur
1581 2841 1594 2878 :
1640 2825 2033 2884 comitantibus

2137 2830 2229 2884 τοῦ
2251 2829 2651 2900 ἁμαρτήματος
2692 2827 3084 2897 ἐπηγγείλατο.
3131 2827 3363 2889 Ἵππους
3392 2826 3448 2879 δὲ
3477 2827 3573 2878 καὶ
3620 2825 3735 2894 69-

454 2911 623 2966 etiam
651 2911 925 2968 sexcentis
957 2913 1087 2978 illis,
1117 2927 1355 2983 quorum
1383 2914 1486 2968 sub
1515 2914 1678 2971 Saule
1706 2931 1873 2986 opera
1900 2933 2034 2976 usus

2140 2940 2286 2993 ματα
2336 2920 2827 2992 προσκτησάμενος
2876 2920 2904 2971 6
2933 2918 3298 2987 Ἀϐεσαλὼμ,
3356 2917 3451 2970 καὶ
3493 2918 3739 2982 πολλοὺς

455 3007 652 3061 fuerat.
713 3006 904 3077 Neque
954 3007 1062 3062 ulla
1111 3023 1200 3062 res
1231 3022 1522 3062 maerorem
1557 3017 1614 3063 et
1660 3019 1868 3064 metttm
1915 3012 2035 3082 ejus

2137 3014 2396 3079 ὀπαδοὺς,
2436 3012 2558 3067 καθ’
2587 3013 2827 3082 ἑκάστην
2859 3013 3026 3082 ἀπῄει
3063 3011 3198 3081 πρδς
3223 3011 3290 3064 τὰ
3326 3009 3592 3080 βασίλεια.
3621 3010 3742 3063 Καὶ

457 3099 630 3171 magis
657 3102 830 3167 auxit,
868 3114 1032 3170 quam
1071 3099 1453 3170 Acbitopbelis
1505 3101 1871 3172 transfugium
1907 3105 2035 3159 :ni-

2141 3109 2276 3181 πρὸς
2311 3107 2475 3178 χάριν
2529 3107 2642 3167 τοῖς
2710 3104 2970 3173 πλήθεσιν
3025 3103 3250 3171 ὁμιλῶν,
3308 3103 3516 3155 εὐνοεῖν
3576 3101 3741 3172 αύτῷ

459 3192 762 3245 hilominus
814 3198 998 3245 tamen
1045 3191 1216 3244 Deum
1271 3190 1512 3259 invocat,
1568 3201 1623 3247 et
1671 3207 1891 3248 omnem
1955 3195 2035 3249 illi

2141 3200 2376 3261 πολλοὺς
2399 3195 2839 3267 παρεσκεύασεν.
2875 3195 3016 3267 Ἤδη
3064 3193 3119 3247 δὲ
3151 3194 3470 3264 τετραετίας
3503 3195 3739 3264 παραρο

458 3290 716 3335 eventum
766 3281 1057 3350 permittit.
1093 3279 1314 3336 Chusus
1353 3283 1519 3337 etiam
1550 3283 1772 3339 Davidis
1801 3285 2034 3348 amicus,

2142 3291 2367 3361 ῥυείσης
2404 3289 2546 3358 μετὰ
2590 3288 2688 3359 τὴν
2720 3285 2971 3351 κάθοδον,
3005 3287 3310 3352 σκήπτεται
3342 3281 3530 3346 θυσίας
3563 3281 3742 3353 χάριν

461 3372 530 3426 de
563 3371 712 3426 illius
741 3373 1037 3437 sententia,
1078 3372 1392 3428 defectione
1430 3374 1706 3440 simulata,
1737 3390 1797 3430 se
1823 3374 1889 3428 ad
1925 3375 2040 3430 Ab-

463 3461 710 3517 salonem
773 3461 1007 3516 confert.
1072 3462 1221 3518 lnter
1279 3463 1739 3532 proficiscendum
1796 3475 2040 3521 occurrit

465 3554 652 3609 Davidi
670 3553 1128 3626 Memphibostbis
1153 3569 1342 3610 servus
1364 3555 1514 3622 Siba,
1531 3558 1724 3628 jugum
1751 3558 2038 3613 asinorum

462 3663 654 3719 agens,
681 3657 1048 3702 commeatum
1077 3647 1372 3702 ferentium
1400 3668 1414 3705 :
1441 3659 1497 3705 et
1521 3649 1717 3705 herum
1747 3666 2038 3719 accusans,

463 3741 608 3812 quod
634 3739 1029 3812 Hierosolymis
1063 3749 1334 3809 maneret,
1369 3756 1434 3796 ac
1462 3757 1691 3814 regnum
1715 3744 1903 3814 populi
1927 3743 2042 3799 suf-

467 3834 655 3904 fragiis
687 3833 754 3887 ad
783 3849 843 3889 se
873 3833 1184 3889 rediturum
1237 3849 1361 3890 esse
1403 3844 1764 3906 exspectaret.
1796 3835 1878 3892 0b
1919 3851 2042 3906 qua:

467 3926 785 3998 indignatus
815 3927 1007 3994 David,
1043 3927 1228 3982 omnia
1269 3943 1395 3997 qua:
1424 3926 1852 3998 Memphibosthi
1889 3926 2043 3996 prius

464 4019 717 4084 donarat,
748 4018 891 4074 Siba:
919 4021 1170 4091 largitur.
1201 4019 1331 4075 Post
1363 4021 1416 4074 in
1451 4020 1650 4074 itinere
1685 4019 1896 4074 Semeis
1917 4035 2042 4074 eum

465 4111 802 4183 aggreditur,
860 4114 946 4166 vir
1003 4112 1183 4167 Saulis
1231 4121 1518 4182 cognatus,
1565 4111 1779 4181 lapides
1831 4112 2044 4182 iactans

466 4217 659 4259 contra
682 4220 884 4275 regem,
915 4213 972 4260 et
997 4218 1293 4260 exsecrans
1328 4204 1503 4268 illum,
1523 4212 1579 4259 et
1608 4203 1787 4256 virum
1822 4203 2044 4274 sangui-

467 4296 684 4351 narium
717 4305 886 4367 atque
943 4297 1194 4367 iniquum
1248 4296 1520 4351 vocitans.
1559 4294 1639 4350 Ad
1684 4310 1847 4365 quem
1899 4294 2046 4364 peri-

467 4387 729 4442 mendum
752 4387 924 4442 David
965 4403 1096 4443 suos
1134 4389 1441 4443 concitatos
1485 4387 1747 4452 inhibuit,
1778 4387 2046 4442 divinitus

2140 3384 2217 3445 είς
2248 3379 2474 3451 Χεϐρὼν
2522 3379 2797 3443 ἀπελθεῖν,
2851 3377 2925 3440 ὡς
2957 3377 3125 3447 εὐχὴν
3175 3374 3336 3428 τοῦτο
3381 3373 3737 3444 πεποιηκὼς,

2140 3473 2423 3543 τυγχάνων
2449 3472 2505 3522 ἒν
2527 3473 2593 3540 τῇ
2635 3473 2800 3541 φυγῇ.
2839 3470 2948 3522 Καὶ
2971 3467 3178 3538 ἀφείθη
3213 3467 3348 3538 πρὸς
3375 3466 3467 3520 τοῦ
3495 3468 3743 3537 πατρός,

2153 3563 2430 3620 Ἀπελθὼν
2452 3563 2530 3630 δὲ,
2553 3562 2691 3634 πρὸς
2721 3561 2949 3626 πολλοὺς
2971 3561 3334 3631 διεπέμψατο,
3355 3563 3447 3612 καὶ
3479 3558 3744 3613 πλεῖστοι

2142 3658 2280 3728 πρὸς
2310 3657 2473 3710 αὑτὸν
2504 3655 2904 3726 συνερρύησαν.
2950 3655 3094 3726 Πρὸς
3146 3654 3202 3709 δὲ
3252 3657 3367 3715 τοῖς
3415 3651 3593 3717 ἄλλοις
3634 3655 3744 3706 καὶ

2156 3747 2464 3818 ’Λχιτόφελ,
2493 3745 2522 3798 6
2554 3745 2650 3799 τοῦ
2682 3744 2888 3816 πατρὸς
2923 3743 3088 3798 αὖτοῦ
3141 3740 3472 3812 σύμϐουλος,
3508 3742 3601 3796 καὶ
3628 3739 3747 3794 ὑπὸ

2144 3841 2361 3895 πάντων
2415 3837 2671 3909 βασιλεὺς
2703 3835 3009 3909 ἀνερρήθη.
3053 3835 3225 3889 Τοῦτο
3265 3835 3428 3903 γνοὺς
3461 3836 3490 3888 6
3545 3833 3746 3897 Δαϐὶδ,

2143 3935 2326 4001 ἀπῆρε
2361 3931 2501 4000 μετὰ
2533 3930 2642 3982 τῶν
2692 3929 2823 3996 περὶ
2875 3928 3039 3981 αὐτὸν
3091 3927 3149 3992 ἐξ
3198 3927 3581 3998 Ἰερουσαλήμ.
3625 3927 3749 3980 Καὶ

2143 4026 2193 4078 οί
2227 4023 2503 4089 ἑξακόσιοι
2570 4021 2764 4090 ἄνδρες
2813 4020 2863 4073 οἱ
2913 4019 3005 4072 ἐπὶ
3035 4019 3208 4072 Σαοῦλ
3258 4020 3514 4081 συνόντες
3559 4017 3745 4088 αὐτῷ,

2143 4113 2298 4176 αὖθις
2333 4109 2482 4181 αύτῷ
2532 4109 2986 4178 συνεξώρμησαν.
3033 4108 3273 4178 Ἠγγὲλη
3309 4108 3366 4160 δέ
3394 4107 3490 4159 καὶ
3517 4107 3746 4177 Ἀχιτό-

2146 4206 2246 4276 φελ
2270 4203 2570 4275 προσρυεὶς
2604 4201 2680 4271 τῷ
2713 4201 3041 4270 ’Δϐεσαλὼμ
3067 4218 3082 4232 ο
3118 4201 3146 4254 6
3176 4203 3270 4254 ml.
3298 4202 3388 4253 τδν
3422 4201 3589 4268 φόϐον
3637 4201 3747 4253 αύ-

2145 4297 2222 4368 τῷ
2251 4296 2495 4367 μείζονα,
2522 4293 2616 4347 καὶ
2654 4292 2875 4346 πλείονα
2916 4293 3015 4361 τὴν
3047 4291 3222 4362 λύπην
3249 4291 3527 4360 ἐποίησεν.
3598 4291 3728 4343 Ἐπ-

2147 4388 2398 4442 εκαλεῖτο
2418 4386 2475 4440 δὲ
2506 4386 2598 4440 τὸν
2611 4385 2764 4451 Θεὸν,
2783 4386 2878 4440 καὶ
2901 4385 3000 4456 τὴν
3028 4385 3208 4455 κρίσιν
3233 4383 3324 4436 ἐπὶ
3349 4385 3516 4436 πᾶσιν
3547 4382 3752 4452 ἐκείνῳ

469 4477 551 4530 illi
586 4493 649 4532 ea
682 4478 938 4532 mandata
981 4495 1103 4533 esse
1148 4494 1423 4543 asserens,
1477 4480 1661 4548 itaque
1695 4479 1928 4534 missum
1963 4476 2035 4531 τοι

2151 4481 2445 4551 ἐπέτρεπε.
2471 4479 2640 4532 Χουσὶ
2669 4477 2712 4531 δ’
2737 4454 2964 4546 ἑταῖρος
2981 4475 3056 4529 ὢν
3073 4454 3181 4530 τοῦ
3214 4474 3402 4538 Δαϐὶδ,
3429 4474 3570 4527 κατά
3597 4476 3755 4540 γνὼ-

468 4569 754 4624 ciendum.
783 4569 864 4623 Ad
895 4568 1188 4623 Iordanem
1219 4570 1522 4639 profectus,
1557 4571 1630 4625 ibi
1673 4585 1804 4626 suos
1849 4568 2035 4624 defati-

2158 4589 2267 4643 μην
2300 4569 2467 4625 αὐτοῦ
2515 4567 2948 4639 ψευδαυτομολεῖ
2976 4567 3114 4635 πρὸς
3161 4565 3516 4635 Ἀϐεσαλώμ.
3567 4567 3756 4636 Πρόσ·

467 4671 627 4732 gatos
653 4659 866 4715 refecit.

2155 4679 2264 4715 εισι
2305 4662 2364 4715 δὲ
2420 4659 2500 4731 τῷ
2554 4659 2719 4714 Δαϐὶδ
2750 4659 2965 4713 ἀπιόντι
2986 4661 3014 4712 6
3043 4658 3229 4722 δοῦλος
3260 4657 3354 4711 τοῦ
3385 4658 3757 4727 Μεμφιϐοσθὲ

467 4755 626 4823 Σιϐἀ,
684 4753 879 4825 ζεῦγος
915 4753 1064 4824 ἄγων
1117 4754 1255 4807 liva
1293 4754 1570 4823 φερόντων
1608 4755 1674 4808 τὰ
1733 4755 2042 4827 ἐπιτήδεια,
2084 4754 2308 4810 καὶτοῦ
2375 4754 2637 4808 δεσπότου
2689 4751 3034 4823 κατηγορῶν,
3105 4750 3180 4813 ὡς
3235 4751 3518 4822 μείναντος
3543 4753 3604 4804 ὲν
3647 4752 3756 4805 Ἱε-

475 4850 814 4926 ροσολύμοις,
858 4852 952 4905 καὶ
982 4849 1388 4921 προσδοκῶντος
1437 4851 1713 4923 αὐτῷτὴν
1765 4851 2044 4920 βασιλείαν
2085 4851 2558 4923 περιελεύσεσθαι,
2591 4845 2680 4903 οἷα
2707 4848 2802 4902 τοῦ
2862 4848 3101 4920 πλήθους
3127 4849 3494 4920 αίρησομένου
3557 4849 3754 4903 αὐτόν.

415 4925 430 4996 ἶ
480 4925 897 5018 Ἦγανάκτησεν
926 4947 1021 4999 ἐπὶ
1044 4944 1254 5006 τούτοις
1291 4943 1474 5006 Δαϐὶδ,
1504 4945 1600 4999 καὶ
1629 4945 1808 4998 πάντα
1843 4946 1942 4997 ὅσα
2007 4945 2083 5014 τῷ
2123 4943 2482 5014 Μεμφιϐοσθὲ
2551 4943 2681 5012 πρὶν
2730 4941 3076 5013 ἐδωρήσατο,
3132 4941 3210 5011 τῷ
3259 4939 3392 4993 Σιϐᾶ
3423 4939 3757 5010 ἐχαρίσατο·

472 5041 606 5100 Εἶτα
641 5043 851 5098 ἔπεισιν
903 5041 1052 5114 αύτῷ
1097 5043 1238 5098 κατὰ
1277 5043 1376 5114 τὴν
1407 5043 1525 5097 ὁδὸν
1565 5043 1781 5112 Σεμεεὶ,
1815 5041 1953 5113 ἀνὴρ
1984 5044 2049 5096 ἐκ
2108 5045 2210 5109 τῆς
2280 5041 2604 5110 συγγενείας
2627 5039 2820 5105 Σαοὺλ,
2840 5039 2936 5093 καὶ
2965 5037 3146 5102 λίθους
3183 5036 3325 5092 κατά
3344 5037 3438 5090 τοῦ
3475 5038 3758 5110 βασιλέως

473 5137 742 5208 ὴκόντιζε,
792 5137 886 5190 καὶ
940 5137 1221 5206 κατηρᾶτο
1252 5134 1418 5205 αὐτῷ,
1471 5135 1565 5188 καὶ
1631 5133 1802 5209 ἄνδρα
1862 5134 2116 5203 αἱμάτων
2151 5131 2426 5204 ὠνόμαζε,
2457 5132 2553 5185 καὶ
2581 5131 2925 5201 παράνομον.
2950 5128 3072 5183 Τῶν
3104 5129 3160 5182 δὲ
3184 5130 3322 5200 μετά
3349 5129 3514 5182 Δαϐὶδ
3532 5129 3757 5200 ὁρμών-

470 5251 580 5285 των
615 5229 824 5285 ἀνελεῖν
851 5229 943 5284 τὸν
976 5231 1190 5298 Σεμεεὶ,
1227 5232 1254 5282 6
1296 5227 1546 5299 βασιλεὺς
1574 5227 1674 5281 οὐκ
1705 5227 1937 5298 ἀφῆκεν,
1971 5227 2174 5281 εἰπών·
2241 5225 2444 5296 Κύριος
2499 5221 2654 5277 εἶπεν
2693 5221 2844 5293 αύτῷ
2866 5221 3040 5275 ταῦτα
3083 5225 3279 5286 ποιεῖν,
3317 5223 3484 5291 ἄφετε
3554 5223 3753 5276 αὐτόν·

475 5327 584 5382 Καὶ
630 5321 800 5377 ἐλθὼν
835 5322 914 5386 είς
947 5323 1038 5375 τὸν
1064 5322 1362 5393 Ἰορδάνην,
1417 5323 1532 5374 ἐκεῖ
1560 5321 1689 5385 τοὺς
1729 5322 1848 5392 μετ’
1888 5322 2054 5376 αὐτοῦ
2082 5319 2484 5382 κεκοπιακότας
2513 5315 2798 5386 ἀνέψυξεν.

545 5419 611 5475 ν.
644 5415 886 5473 Absalon
948 5423 1132 5468 autem
1197 5413 1288 5469 ubi
1343 5414 1718 5487 Hierosolyma
1772 5414 2027 5486 pervenit

2233 5413 2304 5465 E'.
2344 5408 2668 5479 Ἀϐεσαλὼμ
2703 5408 2782 5472 δὲ,
2849 5404 3293 5475 παραγενόμενος
3356 5407 3437 5467 είς
3511 5405 3760 5478 Ἰεροσό-

474 5510 662 5564 Chuso
690 5523 748 5563 se
777 5507 1056 5563 accedenti
1090 5523 1102 5559 :
1139 5505 1270 5567 Cur,
1301 5506 1503 5576 inquit,
1540 5516 1712 5576 patre,
1743 5507 1824 5558 cui
1853 5507 2035 5560 amiqu

2158 5503 2330 5573 λυμα,
2381 5502 2591 5554 ἐλθόντι
2647 5499 2784 5569 πρὸς
2845 5497 3009 5550 αὑτὸν
3059 5496 3137 5567 τῷ
3173 5497 3365 5561 Χουσὶ,
3417 5496 3562 5566 ἔφη’
3608 5500 3753 5552 Ἵνα

477 5617 552 5661 es.
584 5602 689 5671 77
737 5602 968 5662 deserto.
996 5616 1080 5655 me
1111 5600 1356 5655 convenis
1383 5600 1407 5652 ?
1434 5598 1572 5651 Tum
1601 5599 1690 5652 ille
1717 5615 1730 5651 :
1765 5597 2028 5652 Divinitus

2161 5595 2218 5646 τι
2282 5591 2513 5657 ἑταῖρος
2582 5589 2667 5643 ὢν
2732 5589 2841 5643 τοῦ
2904 5590 3127 5656 πατρός
3191 5607 3349 5658 μου,
3422 5590 3573 5658 πρὸς
3635 5592 3754 5660 ἐμὲ

480 5691 682 5757 inquit,
721 5691 881 5746 electo
910 5692 1092 5755 adero,
1147 5699 1196 5744 et
1248 5706 1363 5743 cum
1392 5704 1604 5760 sequar,
1656 5688 1747 5757 qui
1774 5689 1930 5740 totius
1963 5705 2028 5757 po

2164 5684 2328 5752 ἥκεις
2393 5681 2628 5736 ἐκεῖνον
2682 5682 2910 5746 .ίιπὼν;
2977 5681 3038 5733 ’0
3066 5681 3144 5739 δὲ.
3207 5679 3289 5746 Τῷ
3333 5680 3760 5751 serenum-9,.

483 5779 595 5850 puli
616 5793 866 5838 consenui
902 5800 992 5839 rea;
1023 5792 1095 5838 est
1125 5783 1446 5838 declaratus.
1468 5779 1695 5836 'Dcindc
1727 5779 1858 5849 quid
1886 5797 2035 5851 agot‘r

2173 5775 2334 5844 παρὰ
2377 5774 2523 5828 Θεοῦ
2564 5775 2921 5845 συνέσομιιι,
2955 5769 3095 5840 εἷπε,
3140 5773 3235 5828 καὶ
3281 5774 3622 5845 συνέσομαι
3667 5775 3758 5840 τῷ
