3926 6210
262 365 375 429 157

1571 365 1980 427 ANNALIUM
2020 366 2172 426 LIB.
2217 366 2300 428 ΙΙ.

3429 365 3533 430 153

265 479 643 550 ὴμιτισμένφ
699 473 861 546 παρὰ
915 475 1145 542 παντὸς
1193 475 1298 531 τοῦ
1347 475 1524 531 λαοῦ.
1557 477 1622 530 Τί
1664 477 1722 532 δὲ
1772 477 1846 531 δεΙ

1957 478 2087 536 dum
2117 489 2287 542 esset,
2331 475 2684 549 percontanti
2729 473 3015 536 Absaloni.
3046 475 3350 545 respondet
3374 477 3536 534 Achi-

262 574 531 646 πρὰττειν
555 569 648 623 τὸν
695 568 981 639 ’Δχιτόφελ
1032 568 1195 639 ἧρετο
1215 567 1244 620 ὁ
1285 566 1626 639 Ἀὃεσαλὼμ.
1653 569 1763 624 Καὶ
1793 568 1852 632 ὃς

265 663 663 721 συνεϐούλευσε
691 664 811 725 ταῖς
845 660 939 715 τοῦ
971 662 1178 732 πατρὸς
1208 660 1496 730 μίσγεσθαι
1526 661 1852 725 παλλακαῖς·

261 760 331 816 ἵν’
355 757 504 815 οὕτω
531 759 712 826 γνοῖεν
737 755 936 818 πάντες
961 755 1227 810 ἄσπονδον
1249 753 1390 809 ειναί
1421 770 1504 808 σοι
1530 753 1630 824 τὴν
1650 752 1854 823 ἔχθραν

1957 571 2169 642 tophel,
2203 569 2641 640 constuprandas
2669 583 2796 624 esse
2838 577 3094 637 paternas
3151 569 3491 625 concubinas
3516 610 3532 634 ,

1964 673 2028 720 ut
2047 678 2262 728 omnes,
2290 663 2490 732 inquit,
2523 661 2854 732 intelligant,
2897 659 3392 717 irrecouciliabilcs
3414 677 3537 719 esse

1958 766 2080 812 tuas
2109 757 2379 812 adversus
2414 765 2627 825 patrem
2659 754 3002 809 inimicitias.
3047 753 3404 824 Obtemperat
3442 754 3534 810 ille

266 851 404 922 apo;
443 849 534 902 τὸν
564 846 777 918 πατέρα
808 864 926 900 σου.
971 846 1078 900 Καὶ
1119 846 1343 914 εποίησε
1387 844 1531 900 κατὰ
1568 847 1668 916 τὴν
1709 862 1846 914 συμ-

1949 849 2202 905 consilio.
2263 849 2372 904 Sed
2419 864 2548 904 cum
2599 848 2744 902 idem
2801 847 2994 903 decem
3040 846 3210 901 millia
3279 847 3527 902 virorum

264 939 468 1011 ϐουλὴν
490 940 697 1011 ταύτην
731 937 1078 1009 ’Δδεσαλώμ.
1108 938 1447 1006 Δίτήσαντος
1475 937 1532 992 δὲ
1561 937 1657 992 τοῦ
1703 937 1853 1006 Ἀχι-

262 1033 427 1102 τόφελ
487 1031 719 1100 μυρίους
769 1029 992 1100 ἄνδρας,
1049 1028 1125 1090 ὡς
1170 1026 1239 1082 ἂν
1280 1027 1483 1082 αὐτίκα
1539 1025 1849 1098 καταδιώξῃ

263 1123 496 1177 επισθεν
529 1121 628 1176 τοῦ
661 1121 928 1190 βασιλέως
975 1119 1165 1184 Δαϐὶδ,
1209 1120 1304 1173 καὶ
1341 1119 1453 1176 τῶν
1499 1118 1618 1188 μετ’
1659 1119 1850 1186 αὐτοῦ,

267 1214 651 1286 ἐκλελυμένων
673 1214 842 1267 ὄντων
877 1213 980 1266 ὐπὸ
1013 1212 1107 1268 τοῦ
1138 1211 1331 1276 κόπου,
1364 1213 1459 1265 καὶ
1493 1211 1583 1265 τὸν
1614 1211 1712 1282 μὲν
1744 1229 1852 1264 πα-

263 1309 420 1378 τάξῃ,
451 1307 579 1370 τοὺς
612 1305 669 1358 δὲ
693 1304 1022 1378 ἐπιστρέψῃ,
1057 1304 1085 1358 ὸ
1126 1302 1451 1374 Ἀεεσαλὼμ
1479 1303 1732 1373 ἠρώτησε
1758 1303 1850 1356 τὸν

264 1401 438 1454 Χουσὶ
499 1400 631 1467 περὶ
687 1398 788 1468 τῆς
825 1395 1152 1466 συμϐουλῆς.
1196 1395 1255 1449 '0
1287 1395 1344 1448 δὲ
1383 1396 1482 1448 οὐκ
1513 1394 1722 1464 ἀγαθὴν
1751 1393 1852 1448 αὐ-

260 1491 360 1560 τὴν
408 1487 970 1559 ἁπεφήνατο,λέγων
1019 1486 1095 1549 ὡς
1153 1488 1274 1540 Οὐκ
1323 1485 1616 1554 ἠγνόηται
1655 1501 1755 1539 σοι
1805 1483 1846 1552 ἡ

263 1586 369 1641 τοῦ
417 1586 651 1654 πατρὸς
681 1583 782 1637 καὶ
820 1581 941 1636 τῶν
962 1583 1091 1651 μετ’
1121 1580 1309 1635 αὐτοῦ
1332 1580 1577 1649 ἀνδρεία
1613 1579 1708 1632 καί
1742 1579 1846 1648 ἐμ-

262 1675 488 1744 πειρια.
550 1678 689 1730 Δεῖν
735 1675 805 1728 δὲ
848 1673 1062 1743 νομίζω
1115 1673 1184 1726 ἐκ
1225 1672 1431 1739 πάσης
1487 1671 1598 1740 τῆς
1650 1671 1848 1742 χώρας

259 1769 557 1836 στρατιὰν
602 1766 1092 1836 συλλεξάμενον,
1132 1764 1318 1830 οὕτως
1361 1766 1548 1818 αὐτόν
1587 1778 1662 1818 σε
1696 1763 1848 1817 κατὰ

1955 949 2171 1009 peteret
2226 950 2287 994 ut
2342 955 2527 1009 regem
2581 937 2846 992 Davidem
2895 953 3020 992 cum
3069 939 3186 993 suis
3229 953 3261 993 e
3301 939 3534 1009 vestigio

1952 1039 2403 1103 persequeretur,
2441 1029 2764 1097 fatigatione
2785 1037 3103 1088 enervatas,
3132 1027 3377 1085 acilium
3410 1029 3535 1095 qui.

1955 1123 2080 1180 dem
2113 1123 2352 1187 tolleret,
2393 1121 2495 1176 hos
2524 1129 2710 1176 autem
2741 1120 3038 1175 reduceret
3071 1137 3084 1172 :
3114 1119 3353 1174 Absalon
3381 1118 3534 1174 σιω.

1951 1234 2076 1275 sum
2133 1227 2309 1290 rogat,
2351 1218 2484 1288 quid
2541 1219 2610 1274 de
2663 1231 2731 1272 eo
2780 1215 3015 1272 consilio
3076 1215 3179 1286 ipsi
3241 1214 3534 1268 videatur?

1951 1312 2269 1381 Respondet
2312 1313 2424 1376 ille,
2479 1327 2590 1366 non
2637 1325 2763 1366 esse
2800 1309 2854 1363 id
2900 1309 3106 1363 bonum
3164 1325 3178 1362 :
3237 1305 3350 1361 Nec
3393 1309 3534 1360 enim

1951 1403 2192 1473 ignoras,
2236 1403 2439 1472 inquit,
2473 1403 2642 1470 patris
2675 1403 2754 1455 tui
2773 1409 2823 1454 et
2860 1399 3091 1454 militum
3119 1399 3234 1469 ejus
3264 1398 3535 1468 fortitudi-

1953 1508 2095 1556 nem,
2123 1504 2282 1562 atque
2327 1494 2402 1546 rei
2451 1492 2702 1546 militaris
2750 1507 2924 1545 usum.
2982 1490 3095 1558 Ego
3143 1505 3266 1543 vero
3320 1504 3530 1552 censeo,

1951 1604 1978 1642 ε
2021 1595 2130 1641 tota
2179 1587 2448 1656 provincia
2505 1583 2858 1655 colligendum
2905 1587 3212 1642 exercitum.
3261 1590 3310 1635 et
3374 1583 3532 1635 ductu

1952 1680 2306 1748 auspiciisque
2330 1679 2431 1732 tuis
2468 1686 2674 1747 patrem
2705 1675 3148 1746 persequendum.
3180 1673 3358 1728 Vinces
3383 1674 3536 1728 nimi-

1952 1789 2094 1837 rum,
2150 1789 2269 1826 cum
2308 1773 2488 1826 multis
2519 1774 2573 1826 in
2599 1788 2795 1843 paucos
2841 1771 2982 1840 facto
3022 1771 3241 1839 impetu.
3291 1766 3534 1822 Absalon

263 1861 368 1916 τοῦ
389 1861 622 1929 πατρὸς
653 1859 939 1929 ὁρμῆσαι,
971 1857 1070 1914 καὶ
1099 1857 1513 1927 στρατηγῆσαι
1542 1856 1650 1910 τὸν
1676 1858 1846 1909 πόλε-

1961 1865 2281 1935 ςαιιοιίιιιιε,
2319 1864 2404 1919 his
2443 1841 2670 1926 auditis,
2719 1862 2892 1918 Chusi
2939 1860 3235 1916 consilium
3280 1859 3530 1924 laudant,

263 1970 406 2020 μον,
439 1951 541 2004 καὶ
586 1950 827 2017 πάντως
883 1950 1159 2019 νικήσεις
1206 1949 1358 2017 πρὸς
1397 1947 1652 2017 βραχεῖς
1698 1948 1850 2017 μετὰ

258 2041 514 2096 πολλῶν
543 2042 1062 2110 σιψρηγνύμενος.
1092 2041 1202 2093 Καὶ
1225 2034 1378 2093 εἷπεν
1412 2036 1732 2108 Ἀὅεσαλὼμ
1754 2038 1850 2090 καὶ

259 2135 310 2185 oi
342 2135 440 2186 σὺν
468 2131 653 2202 αὐτῷ’
692 2131 900 2201 Ἀγαθὴ
927 2133 959 2202 ἡ
989 2129 1155 2201 βουλὴ
1188 2129 1379 2194 Χουσὶ,
1421 2129 1560 2199 ὑπὲρ
1586 2128 1686 2200 τὴν
1719 2128 1846 2199 βου-

256 2227 358 2297 λὴν
399 2225 712 2296 Ἀχιτόφελ.
746 2225 934 2278 Πάντα
985 2224 1040 2279 δὲ
1089 2223 1266 2276 ταῦτα
1315 2224 1485 2277 Χουσὶ
1531 2223 1610 2293 τῷ
1656 2221 1848 2275 Σαδὼκ

256 2320 355 2372 καὶ
391 2320 473 2388 τῷ
511 2317 779 2387 Ἀϐιάθαρ
813 2319 927 2380 τοῖς
956 2315 1162 2389 ἱερεῦσι
1192 2316 1432 2386 δηλῶσαι
1457 2317 1533 2386 τῷ
1564 2315 1730 2368 Δαὸὶδ
1761 2317 1848 2370 ὲν-

256 2409 529 2464 ετείλατο.
561 2411 624 2463 Οί
668 2409 726 2463 δὲ
763 2409 1062 2464 ὲστὰλκασι
1102 2409 1239 2480 πρὸς
1272 2408 1436 2462 Δαϐὶδ
1473 2409 1675 2477 ἄνδρας
1720 2408 1846 2472 τοὺς

255 2502 640 2571 γνωριοῖητας
679 2501 831 2571 αὐτῷ
875 2500 941 2554 τὰ
973 2501 1262 2570 γενόμενα.
1302 2501 1616 2574 ’Δπηγγέλη
1669 2501 1724 2555 δὲ
1769 2500 1847 2572 τῷ

268 2592 605 2664 Ἀδεσαλὼμ
643 2593 776 2665 περὶ
802 2591 912 2646 τῶν
952 2591 1186 2662 ἀνδρῶν,
1230 2593 1327 2648 καὶ
1372 2592 1702 2648 κατεδίωκεν
1748 2594 1848 2647 αὐ·

253 2687 407 2749 τοὸς.
451 2687 517 2740 Ὀ
543 2686 767 2754 γνόντες
801 2686 1023 2752 ἐκείνοι,
1056 2684 1494 2756 προσφεύγουσιν
1516 2687 1572 2738 ὲν
1593 2685 1741 2756 οίκίᾳ
1767 2701 1849 2738 τι.

254 2778 371 2843 νδς,
410 2779 507 2832 καὶ
555 2779 638 2840 εἰς
687 2777 867 2849 φρέαρ
909 2777 1261 2841 καταδύντες,
1303 2777 1618 2850 ὲκρύόησάν
1661 2795 1721 2832 τε
1751 2780 1848 2832 καὶ

253 2872 476 2938 ἔλαθον,
506 2872 604 2925 καὶ
641 2869 720 2942 τῷ
746 2870 929 2937 Δασὶδ,
963 2871 1174 2926 ἐκεῖθεν
1199 2871 1530 2936 ἐξελθόντες,
1565 2869 1633 2924 τὰ
1676 2888 1850 2942 μηνυ-

254 2965 424 3018 θέντα
459 2962 825 3034 ἀπήγγειλαν.
871 2962 928 3016 Ὀ
953 2963 1008 3018 δὲ
1043 2963 1231 3028 νυκτὸς
1265 2965 1362 3018 σὺν
1387 2965 1502 3027 τοῖς
1529 2965 1647 3034 μετ’
1680 2961 1847 3019 αὐτοῦ

253 3056 410 3127 διέϐη
439 3055 532 3109 τὸν
564 3054 856 3128 Ἰορδάνην.
898 3054 1184 3126 Ἀχιτόφελ
1231 3055 1415 3124 μέντοι
1443 3054 1852 3126 παρευδοκιμη-

254 3147 397 3210 θεὶς,
429 3146 528 3200 καὶ
553 3145 718 3214 γνοὺς
748 3147 831 3199 ὅτι
877 3145 1025 3198 κακὰ
1062 3145 1457 3217 συναντήσεται
1503 3144 1581 3217 τῷ
1626 3146 1850 3199 Ἀδεσα-

253 3239 404 3307 λὼμ,
432 3236 680 3305 ἀπῆλθεν
735 3237 816 3300 εἰς
856 3237 949 3291 τὸν
981 3231 1130 3290 οἶκον
1170 3236 1356 3304 αὐτοῦ,
1393 3237 1490 3290 καὶ⁹
1535 3237 1844 3307 ἀπήγξατο.

266 3331 619 3401 Ἀριθμήσας
647 3328 706 3382 δὲ
732 3329 861 3390 τοὺς
889 3329 1008 3397 μετ’
1034 3328 1202 3383 αὐτοῦ
1225 3331 1252 3382 ὁ
1278 3328 1466 3394 Δα6“ιδ,
1495 3347 1847 3400 τετρακισχι-

254 3423 415 3486 λίους
449 3415 599 3490 εὗρε.
642 3422 754 3475 Καὶ
799 3422 878 3483 εἰς
910 3423 1063 3492 τρεῖς
1101 3421 1268 3474 διεῖλε
1307 3421 1504 3492 μοίρας
1535 3422 1636 3494 τὴν
1675 3439 1846 3494 στραο

254 3532 319 3568 τε
330 3515 440 3579 ίαν,
471 3514 682 3586 ἑκάστῃ
704 3530 765 3566 τε
790 3513 1063 3586 ἐπέστησε
1101 3515 1424 3585 στρατηγὸν,
1449 3513 1608 3580 αὐτὸς
1633 3514 1691 3569 δὲ
1720 3532 1846 3570 συν-

259 3606 670 3678 εκπρατεῦσαι
704 3606 857 3678 παρὰ
882 3607 991 3660 τῶν
1021 3607 1189 3677 φίλων
1219 3608 1277 3661 οὐ
1314 3606 1724 3678 συγκεχώρητο,
1759 3606 1845 3662 λε·-

254 3697 497 3766 γόντων,
525 3696 598 3760 ὡς
639 3697 689 3750 εί
732 3697 854 3768 μετ’
884 3696 1050 3750 αὐτοῦ
1083 3713 1186 3767 τρα
1199 3698 1368 3761 πεῐεν,
1402 3697 1584 3767 πάσης
1631 3695 1846 3761 ἐλπίδος

253 3789 625 3844 ἐκπίπτουσιν
646 3805 662 3820 ο
693 3788 862 3845 αὐτοῦ
903 3790 961 3844 δὲ
994 3789 1328 3860 σωζομένου,
1358 3789 1439 3843 ἔτι
1473 3790 1657 3859 σφίσιν
1687 3791 1846 3855 ἐλπὶς

255 3880 694 3951 περιλελειπται.
728 3880 1017 3952 Ἔπεμψεν
1043 3881 1138 3937 οὖν
1179 3882 1272 3936 τὸν
1297 3882 1427 3936 λαὸν
1454 3881 1620 3936 αὐτοῦ
1671 3899 1848 3953 μαχη-

256 3973 493 4044 σόμενον
523 3991 533 4004 ο
567 3975 661 4029 καὶ
690 3974 998 4045 παρεκάλει
1034 3975 1328 4046 φείσασθαι
1359 3974 1454 4029 τοῦ
1503 3975 1843 4047 Ἀδεσαλὼμ,

253 4069 303 4118 εξ
333 4068 643 4138 νικήσειαν.
681 4068 884 4138 Μάχης
925 4069 984 4122 δὲ
1020 4067 1416 4141 συῤῥαγείσης,
1457 4068 1754 4139 κρατοῦσιν
1795 4071 1844 4124 οι

252 4157 350 4210 τοῦ
404 4157 595 4221 Δαϐὶδ,
626 4158 724 4212 καὶ
766 4160 856 4212 τὸν
901 4159 1224 4229 ’Δϐεσαλὼμ
1272 4159 1498 4214 ἐδίωκον
1549 4162 1843 4230 φεύγοντα.

257 4252 572 4322 Φερόμενος
602 4250 649 4302 δ’
684 4251 770 4319 ἐφ’
800 4250 1049 4321 ἡμιόνου,
1082 4253 1176 4306 καλ⁵
1202 4253 1283 4314 είς
1316 4251 1521 4322 δρυμὸν
1561 4253 1841 4320 εἰσελθὼν,

255 4343 386 4414 δρυῒ
426 4344 639 4416 μεγάλῃ
667 4345 765 4415 τῆς
790 4344 974 4415 τριχὸς
1017 4344 1182 4398 αὑτοῦ
1212 4344 1590 4416 ἐμπλακείσης
1625 4346 1846 4416 (ἔτρεφε

252 4437 360 4506 γὰρ
382 4437 483 4505 τὴν
511 4436 690 4507 κόμην
710 4438 915 4506 σφόδρα
937 4437 1184 4509 πολλὴν),
1207 4437 1510 4510 ἀπῃώρητο
1533 4439 1634 4508 τῆς
1657 4438 1840 4510 δρυός’

1953 1957 2343 2027 Acbitophelis
2390 1957 2728 2026 improbato.
2789 1953 3176 2021 Quae.Chusus
3206 1951 3394 2004 omnia
3435 1966 3533 2019 per

1953 2050 2226 2104 Sadocum
2274 2060 2330 2104 et
2368 2049 2728 2103 Abiatbarem
2774 2045 3096 2102 sacerdotes
3138 2042 3330 2098 Davidi
3392 2057 3534 2095 nun-

1949 2143 2073 2196 tiari
2096 2141 2274 2210 jubet.
2315 2140 2539 2195 Mittunt
2570 2142 2647 2194 illi
2680 2141 2831 2193 viros
2869 2138 2964 2207 qui
3011 2138 3128 2191 haec
3161 2137 3275 2206 regi
3309 2135 3520 2205 signiti-

1949 2242 2096 2288 cent.
2165 2234 2369 2288 Verum
2417 2233 2662 2288 Absalon
2691 2247 2815 2286 cum
2851 2231 2902 2284 id
2942 2230 3222 2293 rescisset,
3267 2243 3365 2282 eos
3404 2242 3533 2297 per-

1948 2327 2222 2395 sequitur.
2270 2327 2338 2381 At
2380 2326 2481 2392 illi,
2522 2325 2912 2380 animadverso
2977 2323 3246 2394 periculo,
3302 2322 3530 2377 domum

1946 2418 2240 2489 quamdam
2276 2417 2531 2490 ingrcssi,
2571 2419 2627 2473 in
2667 2427 2836 2490 puteo
2866 2417 3242 2472 delitescunt:
3279 2425 3335 2470 et
3368 2417 3531 2470 decc-

1946 2515 2055 2584 ptis
2083 2514 2553 2584 persecutoribus,
2587 2528 2702 2568 rem
2734 2526 2954 2568 omnem
2996 2509 3064 2565 ad
3105 2507 3365 2564 Davidem
3408 2521 3534 2578 per-

1946 2606 2151 2660 ferunt.
2217 2605 2311 2659 llle
2376 2613 2542 2658 uoetu
2595 2603 2892 2659 Jordanetn
2981 2603 3201 2658 transit.
3256 2600 3531 2658 Crteer

1955 2698 2288 2767 Achitopbel
2333 2706 2446 2751 tum
2493 2697 2661 2750 alium
2693 2697 2796 2751 sibi
2833 2695 3114 2764 praelatum
3142 2709 3286 2764 aegre
3321 2693 3526 2755 ferens,

1961 2797 2076 2843 tum
2111 2787 2322 2842 cladem
2373 2785 2636 2840 Absaloni
2681 2785 3060 2839 imminentem
3099 2784 3284 2837 animo
3329 2779 3530 2851 prazvi-

1951 2881 2111 2945 dens,
2148 2881 2375 2935 domum
2411 2880 2552 2945 abit,
2586 2894 2650 2933 ac
2678 2893 2736 2934 se
2773 2876 3085 2946 suspendit.
3140 2874 3311 2928 David
3340 2887 3533 2928 recen-

1949 2991 2078 3033 sens
2120 2974 2422 3028 exercitum
2468 2982 2706 3043 quatuor
2769 2970 2938 3026 millia
3003 2971 3249 3022 virorum
3295 2965 3530 3031 invertit,

1951 3083 2190 3139 eumque
2223 3067 2494 3122 trifariam
2521 3066 2778 3135 partitur,
2812 3063 3016 3133 cuique
3054 3060 3196 3132 parti
3221 3058 3360 3114 duce
3394 3072 3532 3127 prte-

1952 3162 2156 3232 posito.
2215 3161 2423 3216 Verum
2480 3157 2642 3214 amici
2681 3171 2808 3211 eum
2853 3155 3123 3210 interesse
3173 3166 3367 3221 pugna:
3416 3148 3531 3220 pati

1951 3251 2279 3306 noluerunt.
2307 3248 2464 3316 Quod
2497 3248 2543 3303 si
2577 3262 2702 3302 cum
2729 3246 2822 3300 illo
2854 3245 2910 3298 in
2935 3245 3117 3315 fugam
3148 3247 3530 3304 verterentur,

1950 3343 2102 3398 omni
2135 3359 2233 3413 spe
2270 3341 2524 3397 destituti
2575 3339 2806 3394 forent:
2853 3335 3116 3392 incolumi
3167 3349 3323 3395 vero,
3377 3347 3532 3401 spem

1949 3431 2132 3487 adhuc
2172 3431 2450 3500 reliquam
2495 3429 2747 3484 habituri
2789 3436 2997 3482 essent.
3043 3425 3316 3495 Populum
3367 3424 3533 3493 igitur

1947 3538 2108 3578 suum
2161 3522 2231 3577 ad
2289 3537 2527 3593 pugnam
2591 3521 2782 3585 mittit,
2835 3532 3038 3589 rogans
3113 3525 3174 3572 ut
3237 3519 3532 3586 parcerent

1946 3616 2229 3681 Absaloni,
2273 3615 2319 3670 si
2348 3615 2631 3670 vicissent.
2662 3612 2968 3669 Commisso
3037 3609 3247 3680 pra:1io,
3285 3603 3531 3661 Davidici

1949 3710 2187 3763 victores
2206 3707 2540 3762 Absalonem
2567 3705 2716 3759 mula
2738 3703 3041 3774 fugientem
3071 3707 3487 3771 persequuntur
3513 3709 3528 3748 ε

1947 3803 2041 3873 qui
2082 3816 2280 3857 nemus
2329 3801 2634 3872 ingressus,
2692 3813 2873 3860 coma,
2929 3809 3093 3864 quam
3143 3789 3530 3846 densissimam

1946 3894 2148 3958 alebat,
2194 3908 2408 3964 magna:
2453 3891 2692 3961 quercui
2754 3887 3024 3958 implicita
3074 3883 3330 3947 adbzcsit,
3379 3881 3528 3934 mula

1946 3988 2140 4042 subter
2181 4001 2311 4041 eum
2370 3998 2684 4055 progressa.
2730 3983 2810 4035 lta
2858 3978 3264 4049 dependentem
3302 3975 3528 4046 quidam

1947 4077 2318 4148 conspicatus,
2352 4075 2532 4132 Joabo
2591 4088 2708 4128 rem
2763 4072 3004 4126 nuntiat.
3055 4071 3106 4124 ls
3159 4083 3294 4122 vero
3347 4065 3529 4120 tribus

1947 4169 2179 4238 spiculis
2215 4167 2272 4222 in
2307 4182 2405 4223 cor
2456 4168 2576 4238 ejus
2618 4165 2905 4236 conjectis,
2943 4163 3054 4234 78
3105 4176 3232 4216 eum
3280 4159 3525 4228 perimit,

1955 4271 2011 4316 et
2038 4261 2288 4315 victoria:
2322 4260 2579 4314 nuntium
2627 4259 2691 4312 ad
2725 4255 2986 4310 Davidcm
3022 4254 3191 4308 mittit
3228 4270 3241 4304 :
3287 4252 3381 4320 qui
3433 4267 3524 4304 au-

1947 4357 2060 4411 dita
2081 4357 2334 4418 victoria,
2374 4371 2505 4409 num
2542 4355 2750 4408 viveret
2784 4352 2928 4406 filius
2956 4356 3334 4419 percontatur,
3372 4348 3527 4417 ejus-

1946 4465 2054 4520 que
2093 4449 2321 4504 interitu
2355 4447 2599 4518 cognito,
2636 4447 2992 4499 lamentatur.
3032 4441 3138 4496 Sed
3187 4440 3393 4496 Joabus
3440 4455 3528 4493 re-

251 4530 285 4598 ἡ
307 4529 352 4581 δ’
379 4528 608 4598 ἡμίονος
641 4527 1000 4599 παρελήλυθε.
1027 4530 1135 4582 Καί
1161 4547 1267 4596 τις,
1293 4531 1672 4601 ἀνηρτημένον
1698 4529 1841 4584 οὕτω

1949 4559 2067 4614 gem
2110 4556 2421 4613 aggressus,
2457 4540 2673 4604 suadet,
2716 4545 2774 4591 ut
2804 4537 2958 4590 linito
2993 4535 3149 4589 luctu
3191 4550 3249 4588 se
3286 4533 3524 4587 militum

250 4622 343 4676 τὴν
387 4621 718 4693 ’Δϐεσαλὼμ
763 4623 1122 4693 θεασάμενος,
1154 4624 1497 4695 καταμηνύει
1541 4624 1620 4696 τῷ
1657 4625 1838 4680 Ἰωάϐ.

262 4711 324 4765 Ὀ
346 4712 431 4780 δὲ,
457 4711 674 4782 βέλεσιν
696 4712 860 4767 αὐτὸν
889 4715 1037 4784 τρισὶ
1073 4717 1216 4769 κατὰ
1244 4716 1344 4785 τῆς
1371 4716 1602 4787 καρδίας
1633 4715 1838 4786 βαλὼν,

251 4803 592 4866 ἐθανάτωσε,
626 4806 721 4859 καὶ
749 4805 843 4860 τὸν
868 4805 969 4877 τὴν
996 4806 1156 4878 νίκην
1190 4807 1614 4877 ἀπαγγελοῦντα
1639 4809 1716 4878 τῷ
1744 4808 1841 4879 βα-

252 4897 394 4950 σιλεῖ
444 4898 824 4964 ἐξαπέστειλε.
860 4898 1214 4970 Μηνυθείσης
1251 4900 1309 4953 δὲ
1348 4902 1447 4972 τῆς
1473 4902 1630 4973 νίκης
1663 4903 1837 4974 αὐτῷ,

252 4990 301 5042 εἰ
335 4990 405 5060 ζῇ
433 4990 462 5042 δ
493 4990 629 5055 υίὸς,
664 4991 1018 5046 ἐπυνθάνετο.
1070 4992 1334 5056 ’Δκούσας
1371 4993 1426 5046 δὲ
1454 4995 1706 5049 τεθνάναι
1738 4995 1838 5048 αὑ-

249 5081 366 5143 τὸν,
393 5082 738 5153 ἀπωδύρετο.
770 5083 973 5136 Ἐλθὼν
1004 5083 1061 5136 δὲ
1085 5085 1220 5155 πρὸς
1241 5085 1333 5138 τὸν
1358 5085 1583 5154 βασιλέα
1602 5088 1631 5139 ὁ
1656 5086 1838 5149 suae.

1935 4632 2257 4702 conspectui
2291 4631 2558 4687 olIerret:
2587 4644 2698 4699 quo
2727 4627 2892 4689 facto,
2917 4641 3041 4681 cum
3073 4641 3171 4680 eos
3204 4624 3518 4680 collaudas-

1934 4730 2040 4787 set,
2065 4721 2245 4777 caeteri
2293 4735 2486 4774 omnes
2524 4719 2592 4772 ad
2637 4717 2876 4771 ofﬁcium
2925 4716 3163 4772 rediere.
3205 4713 3530 4785 Hierosoly-

1937 4829 2024 4868 ma
2042 4811 2342 4868 revertenti
2368 4812 2586 4867 obviam
2613 4809 2672 4864 ﬁt
2695 4808 2930 4872 Semeis,
2949 4807 3275 4861 delictorum
3305 4805 3533 4858 veniam.

1938 4915 2156 4977 petens.
2192 4905 2308 4960 Rex
2331 4913 2388 4958 et
2421 4902 2502 4957 illi
2531 4917 2590 4957 se
2616 4901 2937 4956 condonare
2973 4899 3215 4967 culpam,
3254 4905 3309 4950 et
3337 4895 3532 4950 omni-

1945 4997 2050 5052 bus
2078 4998 2146 5053 iis
2171 5012 2200 5051 a
2221 4995 2422 5065 quibus
2451 4995 2693 5048 violatus
2713 4999 2880 5056 esset,
2903 4993 3073 5062 jurat.
3110 4989 3341 5044 Obviam
3364 5003 3534 5058 egre-

1946 5089 2099 5144 ditur
2143 5098 2200 5143 et
2245 5086 2740 5156 Mempbibostbes.
2798 5085 2894 5155 qui
2943 5099 3067 5154 rege
3112 5083 3518 5153 expostulante,

250 5173 472 5226 ἔπεισεν
521 5171 605 5238 οἷς
641 5170 764 5228 εἷπε
793 5175 1112 5230 παύσασθαι
1146 5176 1240 5230 τοῦ
1272 5176 1489 5248 θρηνεῖν
1511 5195 1525 5209 ο
1555 5180 1843 5248 παυσάμε-

1949 5197 2038 5236 cur
2081 5180 2222 5251 fugae
2267 5181 2454 5235 socius
2508 5194 2618 5234 non
2679 5179 2894 5242 fuisset,
2945 5178 3160 5248 culpam
3189 5192 3408 5232 omnem
3461 5175 3528 5231 in-

248 5265 338 5326 νός
378 5281 440 5317 τε
497 5265 734 5330 καὶτοῖς
765 5268 1128 5338 στρατιώταις
1156 5269 1535 5338 ἐμφανισθεὶς,
1570 5269 1838 5342 ἐπῄνεσεν

1949 5273 2122 5330 Sibam
2163 5273 2460 5340 transfert,
2494 5272 2588 5342 qui
2628 5272 2735 5327 sibi
2793 5272 2858 5327 ad
2899 5272 3006 5326 iter
3043 5271 3355 5326 necessaria
3403 5283 3528 5322 non

249 5354 471 5420 αὐτούς.
521 5357 733 5420 Πάντες
769 5356 814 5410 δ’
841 5358 916 5421 ὡς
949 5359 1080 5430 πρὶν
1122 5359 1271 5429 αὐτῷ
1311 5360 1690 5430 ὑπετάγησαν,
1741 5363 1838 5416 καὶ

1949 5381 2180 5426 )arasset
2215 5387 2228 5425 :
2261 5383 2387 5426 cum
2419 5371 2557 5440 ipse,
2589 5369 2828 5440 pedibus
2854 5369 3021 5426 laesis.
3055 5369 3208 5438 sequi
3252 5381 3359 5419 non
3385 5376 3513 5432 pos-

248 5448 592 5517 ἀπελήλυθεν
623 5451 704 5514 είς
746 5450 1115 5522 Ἱεροσόλυμα.
1164 5454 1410 5509 Ἀπιὸντι
1438 5455 1496 5508 δὲ
1530 5458 1835 5528 συνήντησε

1951 5470 2006 5518 et
2043 5481 2057 5517 :
2092 5478 2194 5517 nec
2227 5462 2311 5518 bis
2327 5472 2648 5518 contentum
2669 5462 2936 5532 adjecisse
2965 5460 3291 5521 calumnias,
3323 5465 3377 5508 et
3409 5469 3510 5507 ne-

251 5537 464 5608 Σεμεεὶ,
497 5544 836 5614 συγγνώμην
895 5544 1065 5598 αἰτῶν
1122 5546 1207 5613 ἐφ’
1236 5541 1437 5619 οἷσπερ
1488 5550 1832 5620 ἡμάρτηκεν.

1949 5555 2063 5609 aria
2114 5555 2424 5610 mendacia.
2484 5555 2650 5610 David
2709 5562 2930 5622 accepta
2986 5551 3224 5606 hominis
3279 5559 3522 5602 excusa-

261 5628 318 5682 '0
332 5632 391 5684 δὲ
409 5633 646 5704 κάκείνῳ
667 5636 766 5704 τὴν
787 5637 848 5704 αθ
867 5635 1060 5706 αρτίαν
1079 5633 1294 5706 ὤμοσεν
1323 5639 1566 5708 ἀφιέναι,
1587 5647 1677 5695 καί
1692 5645 1830 5696 πᾶσι

1949 5647 2108 5710 tione,
2161 5647 2431 5702 bonorum
2465 5649 2747 5705 semissem
2779 5647 2828 5701 ei
2859 5645 3070 5700 restitui
3102 5641 3280 5711 jubet.

250 5724 360 5783 τοῖς
407 5725 485 5788 εἰς
513 5723 684 5778 αὑτὸν
727 5726 1210 5796 πλημμελήσασιν.
1251 5728 1558 5801 Ἀπήντησε
1591 5731 1647 5783 δὲ
1679 5733 1770 5785 καὶ
1798 5734 1828 5786 ό
1865 5734 2246 5805 Μεμφιϐοσθέ.
2281 5737 2390 5791 Καὶ
2445 5738 2474 5788 δ
2523 5737 2796 5807 βασιλεὺς,
2832 5736 2885 5787 τί
2951 5735 3016 5804 δή
3061 5748 3192 5785 ποτε
3247 5729 3323 5802 μὴ
3409 5726 3522 5794 τῆς

253 5820 431 5888 φυγῆς
468 5817 620 5889 αὖτῷ
650 5819 1072 5888 κεκοινώνηκεν,
1106 5821 1288 5892 ἤρετο.
1329 5822 1393 5876 ’0
1426 5823 1484 5876 δὲ
1514 5822 1706 5878 τούτου
1775 5826 1867 5880 τὸν
1907 5826 2041 5881 Σιόὰ
2111 5825 2432 5882 αἰτιώτατον
2461 5828 2637 5896 ἔλεγε,
2676 5828 2750 5896 μὴ
2780 5824 3148 5894 ἑτοιμάσαπά
3193 5826 3242 5879 oi
3284 5822 3352 5880 τὰ
3379 5820 3526 5894 πρὸς
