3926 6210
344 354 447 419 ibi)

1639 355 1965 420 JOANNIS
1996 353 2321 418 ΖΟΝΑΒᾸΞ
2797 406 2800 408 ,

335 471 438 543 τὴν
463 469 644 538 ἰξοδον
667 486 683 502 ·
716 469 880 524 αὑτὸν
904 469 962 523 δέ
991 469 1089 534 τὰς
1124 469 1312 540 βάσεις
1351 470 1484 525 ὄντα
1513 469 1916 542 βεϐλαμμένον.
1962 467 2038 536 μὴ
2085 463 2198 522 οἷόν
2269 471 2317 522 τ’
2367 465 2507 525 εἶναι
2555 470 2904 525 συνέπεσθαι.
2957 471 3061 524 Τὸν
3111 471 3165 524 δέ
3197 471 3289 525 καὶ
3339 470 3606 542 προσδια-

3501 354 3606 421 160

341 565 530 618 ϐαλεῖν
557 563 720 617 αὐτὸν
761 563 1109 635 κακούργως,
1137 563 1234 616 καὶ
1274 562 1753 634 καταψεύσασθαι.
1818 559 1963 631 Πρὸς
2029 559 2204 614 ταῦτα
2257 563 2424 618 Δαϐὶό
2451 566 2548 618 καὶ
2596 563 2930 636 συγγνώμην
2979 563 3130 634 αὐτῷ
3179 565 3446 635 παρεῖχε,
3501 567 3598 617 καὶ

339 656 412 710 τὰ
463 656 640 725 ἡμίση
695 656 795 724 τῆς
852 655 1209 718 ὑποστάσεως
1267 653 1418 725 αὐτῷ
1468 651 1924 722 ἀποκαταστῆναι
1963 647 2238 705 ἐκέλευσε.

418 748 498 802 Vl.
537 748 671 802 Post
711 747 829 802 hanc
862 761 991 817 rege
1028 746 1250 816 Galgala
1288 746 1564 817 profecto,
1599 745 1784 800 omnis
1826 756 1928 812 po-

2105 745 2197 809 (τ’.
2231 745 2688 816 Παραγενομένω
2723 743 2780 798 δὲ
2805 743 2898 798 τοῦ
2931 743 3194 814 βασιλέως
3225 745 3302 806 είς
3327 743 3608 811 Γάλγαλα,

345 841 511 910 pulus
535 838 878 894 lsraeliticus
899 840 966 892 ad
1001 853 1130 894 eum
1155 839 1438 904 convenit,
1486 838 1774 894 Judaicam
1827 835 1928 890 tri-

344 930 478 985 bum
505 946 796 996 accusans,
832 931 980 1000 quod
1007 932 1148 985 clam
1184 931 1251 986 ad
1293 932 1448 986 illum
1474 946 1534 987 se
1574 931 1924 986 contulisset.

349 1023 418 1078 At
473 1023 576 1090 illi,
631 1038 744 1078 non
794 1025 903 1079 hoc
941 1025 1046 1079 sibi
1098 1023 1233 1078 vitio
1283 1040 1407 1080 esse
1447 1024 1692 1080 dandum
1741 1024 1923 1086 aiunt,

347 1114 496 1184 quod
547 1131 748 1186 genere
811 1116 1098 1186 conjuncti
1153 1125 1343 1172 essent
1407 1117 1541 1188 regi.
1601 1115 1704 1183 Qui
1747 1129 1930 1170 sermo

349 1208 527 1263 durus
561 1209 713 1263 visus
741 1218 827 1264 est
865 1209 1068 1279 populo
1113 1225 1126 1261 :
1174 1217 1232 1263 et
1263 1209 1350 1262 vir
1391 1209 1616 1279 quidam
1663 1207 1932 1263 factiosus

349 1311 518 1370 atque
554 1301 867 1370 improbus,
902 1301 1127 1356 nomine
1181 1300 1408 1365 Sabeas,
1433 1317 1501 1355 ex
1540 1300 1685 1356 tribu
1736 1300 1932 1370 Benja-

353 1393 566 1457 mitica,
605 1392 875 1447 exclamat
907 1409 922 1453 ;
961 1391 1125 1446 Nobis
1151 1391 1304 1446 nulla
1348 1395 1403 1446 in
1443 1391 1647 1447 Davide
1678 1408 1803 1462 pars
1832 1398 1930 1454 est,

352 1498 518 1553 neque
578 1482 694 1536 ulla
746 1485 802 1536 in
850 1483 1030 1537 Iesswi
1079 1483 1195 1551 ﬁlio
1252 1485 1571 1551 hereditas,-
1633 1483 1934 1552 inflatoque

353 1587 554 1634 cornu,
603 1587 799 1627 omnes
851 1589 881 1627 a
938 1574 1142 1629 Davide
1202 1574 1270 1629 ad
1320 1589 1442 1629 sese
1479 1574 1776 1641 abstrahit,
1819 1575 1935 1628 sola

355 1663 504 1717 tribu
535 1663 764 1718 Iudaica
797 1665 944 1734 apud
971 1681 1098 1720 eum
1143 1674 1526 1736 permanente.
1573 1666 1690 1720 Rex
1748 1673 1936 1721 autem

356 1756 595 1810 Abesam
644 1757 1037 1826 imperatorem
1083 1766 1368 1823 creatum,
1413 1757 1482 1812 ad
1529 1756 1867 1827 colligendas
1904 1771 1936 1812 e

357 1845 588 1900 Judaiea
617 1845 764 1899 tribu
797 1847 985 1915 copias
1007 1847 1246 1917 ablegat,
1294 1859 1353 1901 ut
1376 1848 1522 1901 intra
1555 1847 1798 1902 triduum
1851 1862 1940 1901 re-

357 1944 689 1990 verteretur.
724 1936 928 1991 Verum
963 1937 1057 1991 illo
1085 1946 1356 2004 cessante,
1397 1938 1572 1993 Joabo
1597 1937 1844 2001 mandat,
1879 1945 1940 1992 ut

359 2036 484 2075 cum
523 2022 591 2076 iis
634 2023 901 2079 militibus
945 2026 1038 2093 qui
1075 2027 1142 2080 ad
1185 2043 1404 2081 manum
1448 2039 1655 2092 essent,
1707 2029 1936 2083 Sabeam

364 2113 652 2168 invaderet
704 2133 717 2168 :
773 2115 873 2180 Ne,
929 2116 1132 2185 inquit,
1191 2121 1706 2187 procrastinantibus
1746 2121 1936 2183 nobis.

360 2205 564 2259 inimici
604 2207 736 2260 vires
792 2217 1109 2277 augeantur.
1163 2207 1361 2266 Statim
1417 2210 1486 2265 ad
1533 2211 1737 2266 bellum
1789 2212 1940 2266 vadit

363 2295 592 2363 Joabus,
651 2297 741 2353 cui
793 2314 920 2354 cum
960 2301 1176 2370 magnis
1224 2301 1399 2370 copiis
1447 2303 1937 2358 occurritAbesa:

365 2406 477 2461 quo
509 2391 831 2457 accedente,
864 2391 1045 2461 gladio
1076 2407 1188 2461 quo
1225 2393 1509 2448 accinctus
1559 2402 1700 2458 erat,
1746 2395 1814 2448 de
1857 2396 1944 2448 in-

369 2482 583 2536 dustria
627 2497 658 2537 e
707 2483 904 2552 vagina
953 2483 1105 2537 humi
1153 2483 1424 2554 projecto,
1470 2484 1824 2554 sublatoque,
1873 2485 1940 2538 ad

368 2589 498 2628 eum
526 2573 876 2628 salutandum
910 2590 1079 2644 prope
1113 2591 1428 2647 aggressus,
1453 2576 1686 2631 Abesam
1714 2592 1846 2631 ense
1888 2576 1942 2629 in

369 2674 617 2719 ventrem
653 2666 833 2722 deﬁxo
876 2667 1100 2732 occidit,
1153 2676 1209 2722 et
1238 2669 1446 2737 populo
1491 2669 1613 2739 ejus
1659 2677 1944 2738 assumpto

369 2755 600 2811 Sabeam
632 2759 1004 2827 persequitur,
1065 2759 1158 2829 qui
1190 2759 1244 2812 in
1281 2759 1478 2816 urbem
1515 2759 1788 2813 munitam
1814 2774 1947 2814 con-

373 2847 610 2917 fugerat.
665 2850 798 2904 Eam
841 2850 1136 2906 obsidente
1169 2850 1366 2917 Joabo,
1421 2851 1649 2906 cordata
1695 2852 1948 2921 quaedam

373 2941 598 3004 mulier,
634 2941 703 2996 de
737 2958 898 2998 muro
928 2945 1173 3000 clamans
1202 2959 1218 2997 :
1263 2943 1396 3008 Cur,
1423 2943 1624 3014 inquit,
1673 2961 1946 2999 eversurus

375 3052 428 3089 es
463 3034 794 3105 metropolim
827 3035 1227 3091 Israeliticam?
1254 3036 1326 3090 0b
1356 3035 1607 3102 Sabeam,
1649 3036 1951 3106 respondet

380 3130 497 3183 ille.
536 3128 675 3182 Tum
708 3128 802 3182 illa
841 3127 1057 3182 civibus
1084 3129 1402 3197 persuadet,
1455 3137 1517 3182 ut
1555 3128 1745 3183 Sabca:
1786 3137 1952 3198 caput

381 3219 491 3288 79
518 3225 862 3288 amputatum
901 3217 956 3272 in
1006 3226 1185 3272 castra
1215 3218 1573 3288 projicerent.
1626 3218 1746 3285 Quo
1783 3217 1949 3283 farto,

377 3311 587 3366 Joabus
638 3309 928 3365 obsidione
978 3311 1194 3375 soluta,
1252 3309 1630 3380 Hierosolyma
1671 3325 1949 3376 reversus,

2031 835 2274 906 συνήχθη
2319 837 2439 889 ἐκεῖ
2481 839 2588 900 πᾶς
2637 838 2665 890 6
2702 835 2830 899 λαὸς
2867 833 3104 905 Ἰσραὴλ,
3143 832 3460 903 αίτιὼμενοι
3513 837 3612 906 τὴν

2042 927 2216 983 ’ἰούδα
2266 928 2440 998 φυλὴν
2482 929 2660 1000 λάθρα
2702 929 2838 1000 πρὸς
2882 931 3045 984 αὑτὸν
3091 929 3375 984 ἐλθοῦσαν.
3427 933 3490 984 Ol
3555 931 3614 986 δέ

2035 1020 2204 1092 μηδὲν
2237 1021 2488 1086 κακίζειν
2509 1021 2707 1084 αὐτοὺς
2737 1021 2923 1089 ἔλεγον
2951 1021 3038 1075 διὰ
3067 1021 3226 1075 τοῦτο
3267 1023 3502 1086 οἰκείους
3527 1023 3616 1075 6v-

2031 1130 2131 1176 τας
2175 1113 2313 1184 πρὸς
2345 1115 2504 1184 γένος
2541 1113 2619 1185 τῷ
2653 1114 2882 1184 βασιλεῖ.
2927 1114 3018 1183 Τῷ
3047 1113 3104 1168 δέ
3146 1113 3258 1185 λαῷ
3307 1114 3546 1187 σκληρὸς
3587 1118 3617 1170 6

2033 1205 2192 1274 λόγος
2223 1199 2380 1270 οὗτος
2421 1207 2616 1278 ἐφάνη.
2655 1207 2764 1262 Καί
2807 1224 2892 1270 τις
2929 1207 3067 1278 ἀνὴρ
3107 1208 3437 1279 Βενιαμίτης
3491 1225 3622 1261 ata-

2037 1298 2236 1368 σιὼδης
2275 1299 2368 1352 καὶ
2397 1300 2656 1370 πονηρὸς,
2687 1299 2857 1352 Σαϐεέ
2887 1299 3259 1370 κεκλημένος’
3285 1301 3405 1354 Οὐκ
3442 1301 3622 1354 ἐστιν
3649 1282 3652 1285 Ι

2034 1389 2181 1459 ἡμῖν
2196 1392 2368 1460 μερὶς
2396 1391 2467 1445 ἐν
2498 1391 2699 1456 Δαϐίό,
2721 1390 2866 1445 οὐδὲ
2898 1391 3270 1461 κληρονομία
3306 1393 3373 1444 ἐν
3405 1391 3486 1458 τῷ
3513 1392 3624 1459 υιῷ

2047 1484 2300 1546 Ἰεσσαὶ,
2355 1483 2643 1552 ἀνεϐόησε.
2681 1483 2793 1536 Kal
2833 1482 3106 1544 σαλπίσας
3156 1484 3214 1534 ἐν
3253 1482 3466 1552 κέρατι,
3511 1485 3625 1537 ἀπ-

2017 1573 2234 1645 ’ἐστησε
2277 1575 2487 1637 πάντας
2537 1575 2644 1628 ἀπὸ
2676 1573 2860 1639 Δαϐὶδ,
2898 1573 3066 1644 μόνης
3097 1574 3192 1645 τῆς
3230 1574 3403 1628 Ἰούδα
3444 1576 3623 1645 φυλῆς

2039 1666 2465 1736 παραμεινάσης
2500 1665 2670 1734 αὐτῷ.
2702 1665 2760 1719 Ὀ
2796 1664 3051 1735 βασιλεὺς
3083 1665 3159 1732 δέ,
3191 1666 3502 1738 στρατηγὸν
3526 1666 3620 1719 τὸν

2048 1757 2250 1811 Ἀϐεσὰ
2324 1755 2782 1826 προϐαλλόμενος,
2812 1756 3060 1822 συλλέξαι
3104 1759 3365 1828 στρατιὰν
3409 1758 3473 1810 ἐκ
3523 1757 3628 1826 τῆς

2051 1848 2220 1902 ’ἰούδα
2241 1849 2414 1919 φυλῆς
2438 1848 2807 1914 ἐξαπέστειλε,
2831 1852 2922 1902 καὶ
2950 1850 3086 1920 μετὰ
3113 1851 3260 1920 τρεῖς
3291 1848 3507 1919 ἡμέρας
3528 1850 3631 1902 ἐπ-

2041 1941 2306 1996 ανελθεῖν.
2333 1942 2687 2012 Χρονίζοντος
2711 1941 2766 1995 δέ
2790 1941 2884 1994 τοῦ
2920 1940 3141 2003 Ἀϐεσὰ,
3167 1941 3241 2011 τῷ
3284 1942 3444 1995 Ίωᾶϐ
3470 1943 3633 2010 ἐγκε-

2042 2034 2260 2086 λεύεται
2281 2035 2378 2103 τὴν
2399 2035 2518 2087 ἐκεῖ
2536 2032 2826 2103 παροῦσαν
2851 2033 3088 2088 λαϐόντα
3114 2033 3368 2104 δύναμιν,
3398 2034 3638 2106 ἐξορμῆ-

2047 2142 2136 2177 σαι
2165 2125 2305 2180 κατὰ
2321 2124 2414 2177 τοῦ
2433 2125 2622 2190 Σαϐεέ,
2646 2126 2781 2181 Ἵνα
2795 2125 2902 2195 μὴ,
2934 2127 3414 2195 ὑπερτιθεμένων
3435 2127 3631 2196 ἡμῶν,

2047 2218 2202 2287 φησὶ,
2253 2215 2495 2286 μᾶλλον
2538 2220 2570 2272 ὀ
2614 2218 2830 2288 ἐχθρός
2859 2216 3364 2286 παρασκευασθῇ.
3396 2219 3508 2270 Καὶ
3535 2219 3638 2270 αὑ-

2047 2311 2174 2364 τίκα
2233 2313 2260 2362 ὁ
2317 2310 2475 2363 Ἰωὰϐ
2523 2309 2720 2380 ἐχώρει
2781 2310 2914 2380 πρὸς
2969 2311 3224 2380 πόλεμον.
3279 2310 3521 2363 Ἀπιόντι
3577 2310 3636 2364 δὲ

2053 2404 2188 2474 μετὰ
2226 2404 2470 2474 μεγάλης
2503 2405 2809 2474 δυνάμεως,
2846 2405 3173 2475 συνηντήκει
3203 2405 3352 2476 αὑτῷ
3398 2405 3666 2459 ’Ᾱϐεσὰ“

2050 2496 2144 2549 καὶ
2169 2495 2349 2562 Ἰωὰϐ,
2386 2497 2702 2568 προσιόντος
2727 2497 2874 2566 αὐτῷ
2908 2497 3002 2549 τοῦ
3043 2497 3273 2558 Ἀϐεσὰ,
3302 2499 3361 2551 τὸ
3395 2499 3571 2569 ξίφος,
3609 2499 3640 2552 6

2052 2589 2410 2658 περιέζωστο,
2454 2589 2723 2661 πεποίηκε
2775 2589 2868 2642 τοῦ
2929 2590 3158 2643 κουλεοῦ
3217 2594 3495 2657 ἐκπεσεῖν,
3543 2593 3641 2646 καὶ

2049 2675 2153 2750 ἦρε
2181 2679 2338 2732 τοῦτο
2392 2679 2498 2732 ἀπὸ
2528 2681 2626 2750 τῆς
2659 2681 2782 2749 γῆς,
2821 2682 2917 2735 καὶ
2941 2681 3290 2736 ἀσπάσασθαι
3341 2687 3640 2754 προσεγιίίο

2055 2787 2157 2835 σας
2201 2771 2279 2841 τῷ
2311 2771 2531 2836 Ἀϐεσὰ,
2564 2765 2669 2824 ὦσε
2715 2773 2855 2826 κατά
2885 2774 2982 2843 τῆς
3012 2774 3250 2845 γαστρὸς
3293 2775 3504 2829 ἐκείνου
3539 2777 3640 2846 τὴν

2060 2864 2358 2935 μάχαιραν,
2391 2867 2485 2918 καὶ
2515 2865 2824 2919 ἀπέκτεινε.
2856 2867 3304 2937 Προσλαϐόμενος
3329 2867 3386 2923 δὲ
3419 2870 3511 2922 καὶ
3549 2871 3642 2923 τὸν

2057 2957 2268 3010 ἐκείνου
2303 2957 2451 3022 λαὸν,
2480 2957 2570 3010 τὸν
2597 2958 2769 3011 Σαϐεέ
2793 2959 3144 3014 κατεδίωκεν.
3193 2961 3250 3014 '0
3280 2962 3335 3014 δὲ
3367 2963 3446 3024 είς
3484 2963 3642 3016 πόλιν

2057 3049 2365 3118 κατέφυγεν
2387 3050 2612 3120 ὀχυρὰν,
2640 3050 2736 3104 καὶ
2762 3051 3071 3122 ἐπολιόρκει
3097 3053 3198 3122 τὴν
3228 3053 3379 3106 πόλιν
3411 3056 3437 3107 ὁ
3458 3053 3641 3110 Ἱωάϐ.

2059 3143 2169 3197 Καί
2209 3159 2292 3206 τις
2327 3143 2432 3196 ἀπὸ
2473 3143 2565 3195 τοῦ
2604 3144 2818 3212 τείχους
2863 3145 3000 3216 γυνὴ
3043 3146 3240 3216 συνετὴ
3278 3147 3473 3218 ἐϐόησε
3503 3150 3645 3217 πρὸς

2061 3229 2258 3284 αὐτόν’
2319 3231 2445 3285 Ἵνα
2493 3232 2550 3283 τί
2591 3233 2950 3286 καταϐαλεῖν
2986 3233 3217 3301 ἐθέλεις
3264 3238 3647 3305 μητρόπολιν

2061 3325 2341 3392 Ἰσραήλ;
2380 3325 2438 3378 '0
2464 3323 2540 3390 δὲ,
2573 3325 2676 3377 Διὰ
2705 3326 2812 3378 τὸν
2843 3325 3047 3390 Σαϐεὲ,
3069 3327 3424 3397 ἀπεκρίνατο.
3462 3329 3524 3381 'H
3564 3330 3645 3395 δὲ,

377 3402 626 3456 omnium
681 3401 966 3470 copiarum
1010 3403 1313 3470 imperator
1353 3401 1597 3472 eligitur.
1665 3401 1798 3458 Post
1838 3403 1950 3458 ha'c

2067 3416 2198 3488 πρὸς
2232 3417 2357 3480 τοὺς
2381 3417 2604 3480 πολίτας
2633 3415 2881 3482 ἐλθοῦσα,
2910 3419 3086 3472 πείθει
3113 3421 3380 3488 τεμόντας
3407 3421 3505 3491 τὴν
3538 3439 3638 3474 κεο

379 3507 614 3548 annonae
663 3492 897 3562 penuria
947 3507 1046 3562 per
1095 3492 1396 3547 triennium
1437 3493 1639 3562 pressit
1667 3493 1954 3564 populum,

383 3586 543 3655 cujus
573 3599 794 3640 causam
827 3585 1136 3654 requirenti
1167 3584 1303 3655 regi,
1329 3587 1631 3654 respondet
1668 3587 1836 3652 Deus,
1885 3586 1956 3641 ob

383 3676 718 3731 Gabaonitas
745 3675 942 3730 factam
976 3675 1176 3730 famem
1229 3695 1243 3731 :
1287 3677 1480 3747 eisque
1503 3677 1956 3733 satisfaciendum

383 3784 507 3824 esse
533 3783 632 3838 pro
659 3767 994 3837 quibusdam
1024 3784 1239 3834 eorum,
1262 3783 1402 3838 quos
1431 3768 1559 3824 Saul
1581 3779 1774 3825 contra
1797 3770 1958 3824 fidem

385 3877 416 3915 a
441 3861 570 3916 Jesu
605 3871 660 3916 et
691 3861 1045 3915 senatoribus
1075 3861 1156 3915 eis
1186 3861 1392 3927 datam,
1419 3862 1733 3918 occidisset.
1773 3863 1962 3931 Itaque

388 3967 484 4006 rex
506 3950 839 4007 Gabaonitas
868 3953 1100 4006 accersit
1138 3969 1152 4008 :
1183 3969 1291 4021 qua
1321 3968 1381 4007 re
1418 3951 1677 4008 satisﬁeri
1723 3953 1828 4007 sibi
1865 3968 1964 4007 ve-

397 4045 519 4107 lint,
547 4052 718 4110 rogat.
754 4043 836 4097 llli
859 4054 1072 4113 septem
1098 4045 1248 4099 viros
1269 4060 1300 4098 e
1323 4043 1509 4100 Saulia
1540 4044 1746 4099 familia
1770 4054 1965 4114 postu-

387 4137 521 4190 lant.
558 4135 668 4189 Eos
697 4135 852 4189 dedit
903 4150 1020 4198 rex,
1069 4145 1128 4189 ut
1173 4137 1472 4206 petierant,
1526 4136 1966 4205 Memphibosthe

389 4237 738 4284 conservato.
781 4228 996 4295 Quibus
1023 4229 1288 4299 acceptis,
1321 4230 1552 4295 occisis,
1599 4229 1842 4300 pluviam
1872 4229 1970 4284 de-

392 4323 546 4377 misit
585 4323 752 4378 Deus.
800 4321 1009 4377 Deinde
1032 4323 1193 4392 ,bello
1239 4331 1435 4379 contra
1491 4322 1766 4378 Barbaros
1805 4331 1966 4388 orto,

393 4415 562 4469 David
604 4429 729 4468 cum
757 4429 859 4469 suo
895 4417 1146 4470 exercitu
1182 4415 1370 4470 hostes
1409 4414 1789 4484 persequitur,
1839 4414 1969 4470 fati-

394 4515 553 4575 gatus
577 4507 739 4574 plane
763 4508 978 4562 viribus
1004 4509 1351 4562 destituitur.
1398 4508 1573 4573 Quem
1597 4508 1680 4562 sic
1705 4507 1966 4561 allectum

395 4599 619 4668 quidam
648 4614 715 4652 ex
741 4600 996 4655 hostibus
1029 4601 1404 4668 conspicatus,
1438 4601 1506 4654 ad
1555 4616 1682 4656 eum
1708 4600 1970 4655 occiden-

395 4692 528 4747 dum
573 4692 840 4745 accurrit.
876 4692 984 4745 Sed
1039 4693 1218 4746 Abesa
1276 4691 1434 4745 Joabi
1490 4691 1682 4756 frater,
1741 4691 1972 4747 defenso

397 4800 547 4856 rege,
583 4784 886 4838 Barbarum
915 4783 1200 4839 interﬁcit.
1229 4781 1314 4839 Ob
1350 4781 1405 4838 id
1426 4783 1548 4853 ejus
1584 4783 1851 4838 satellites
1877 4784 1964 4854 ju-
2001 4764 2046 4819 Ι)

398 4886 544 4940 rant,
572 4892 632 4931 se
659 4875 892 4946 posthac
927 4892 1036 4930 non
1066 4889 1327 4945 passuros
1370 4889 1498 4929 eum
1552 4875 1697 4930 inire
1739 4874 1970 4930 bellum.

347 4950 359 4961 ’
397 4970 654 5024 Barbaris
699 4969 884 5023 denuo
945 4983 1100 5023 arma
1129 4966 1522 5031 inferentibus,
1570 4980 1666 5022 rex
1699 4966 1972 5037 oppositis

397 5061 514 5116 suis
551 5062 726 5131 copiis
761 5061 966 5116 multos
996 5058 1222 5124 occidit,
1249 5059 1496 5128 reliquos
1543 5057 1600 5112 in
1626 5057 1812 5128 fugam
1845 5074 1971 5113 ver-

399 5161 485 5214 tit.
523 5158 636 5214 Nec
669 5159 842 5212 multo
881 5167 1028 5228 post,
1061 5156 1226 5212 iidem
1254 5155 1554 5227 resumptis
1585 5155 1756 5211 armis
1789 5156 1974 5210 incur-

397 5253 610 5307 sionem
669 5251 879 5305 faciunt
933 5252 986 5304 in
1040 5265 1199 5320 agros
1275 5249 1673 5315 lsraelitarum,
1735 5248 1973 5303 adducto

397 5362 584 5403 secum
620 5346 888 5417 gigantem
911 5353 1138 5398 staturre
1181 5343 1323 5407 viro,
1357 5343 1451 5413 qui
1507 5357 1670 5397 senos
1708 5355 1971 5395 manuum

2064 3508 2238 3579 φαλὴν
2261 3507 2454 3571 Σαϐεὲ,
2495 3507 2650 3578 ῥίψαι
2682 3508 2762 3566 εἰς
2793 3507 2853 3561 τὸ
2887 3511 3273 3579 στρατόπεδον.
3304 3512 3412 3566 Καὶ
3444 3511 3648 3564 τούτου

2063 3601 2366 3670 γεγονότος,
2398 3602 2425 3652 6
2473 3600 2633 3652 Ἰωὰϐ
2662 3601 2760 3668 τὴν
2806 3602 3124 3671 πολιορκίαν
3163 3603 3360 3667 λύσας,
3396 3603 3651 3669 ἀπῆλθεν

2063 3689 2556 3759 εἰςἸερουσαλὴμ,
2601 3691 2694 3742 καὶ
2743 3689 3037 3762 ἀπεδείχθη
3102 3690 3264 3744 πάλιν
3316 3693 3494 3760 πάσης
3543 3692 3650 3760 τῆς

2065 3783 2348 3851 δυνάμεως
2381 3781 2845 3852 ἀρχιστράτηγος.
2900 3782 3151 3851 Ἐγένετο
3197 3783 3253 3835 δὲ
3287 3782 3426 3852 μετὰ
3472 3783 3650 3834 ταῦτα

2065 3873 2242 3942 λιμὸς,
2269 3874 2362 3924 καὶ
2388 3873 2479 3924 ἐπὶ
2511 3873 2604 3942 ἔτη
2636 3872 2765 3942 τρία
2792 3872 2974 3938 ἐπίεζε
3006 3874 3097 3926 τὸν
3125 3874 3273 3926 λαόν.
3308 3875 3652 3944 Ζητήσαντος

2067 3965 2124 4018 δὲ
2157 3965 2251 4017 τοῦ
2280 3964 2544 4035 βασιλέως
2571 3966 2698 4035 περὶ
2729 3964 2944 4031 τούτου,
2978 3965 3283 4036 δεδήλωκεν
3317 3965 3344 4016 6
3373 3965 3527 4028 Θεὸς,
3562 3965 3654 4017 διὰ⁵

2068 4059 2196 4122 τοὺς
2219 4057 2570 4120 Γαϐαωνίτας
2592 4059 2836 4125 γίνεσθαι
2862 4059 2953 4112 τὸν
2979 4059 3027 4111 λι
3038 4061 3161 4130 μὸν,
3188 4062 3282 4114 καὶ
3311 4061 3421 4114 δεῖν
3453 4060 3652 4124 αὐτοὺς

2071 4150 2310 4214 ἐκδικίας
2342 4152 2546 4220 τυχεῖν,
2581 4151 2698 4204 ἀνθ’
2729 4144 2806 4205 ὧν
2834 4153 2862 4204 6
2897 4152 3067 4205 Σαοὺλ
3095 4153 3420 4206 ἀπέκτεινεν
3452 4153 3510 4218 ἐξ
3549 4153 3658 4206 αὐ-

2071 4242 2205 4307 τῶν,
2239 4241 2314 4314 μὴ
2345 4243 2594 4314 τηρήσας
2628 4243 2754 4307 τοὺς
2793 4244 2948 4315 παρὰ
2978 4243 3154 4315 Ἰησοῦ
3190 4245 3286 4298 καὶ
3323 4245 3421 4315 τῆς
3452 4261 3658 4316 γερου-

2076 4336 2198 4398 σίας
2229 4333 2522 4403 γεγονότας
2563 4335 2762 4405 ὅρκους
2810 4335 3014 4393 αὐτοῖς.
3051 4336 3343 4389 Ἐκάλεσεν
3388 4331 3482 4389 οὖν
3519 4338 3655 4400 τοὺς

2074 4427 2423 4488 Γαϐαωνίτας
2443 4427 2472 4477 6
2494 4425 2767 4496 βασιλεὺς,
2803 4428 2897 4481 καὶ
2921 4427 2971 4480 τί
2994 4426 3059 4480 ἂν
3089 4427 3366 4498 βούλοιντο
3395 4427 3659 4496 γενέσθαι

2076 4519 2261 4582 αὐτοῖς
2303 4519 2534 4572 ἐπύθετο
2588 4520 2669 4581 είς
2713 4519 3003 4590 ἐξίλασμα.
3038 4521 3102 4574 Οί
3149 4521 3206 4574 δὲ
3263 4521 3404 4575 ἑπτὰ
3452 4520 3660 4592 ἄνδρας

2075 4612 2284 4683 ᾔτησαν
2317 4612 2538 4683 δοθῆναι
2561 4613 2744 4676 αὐτοῖς
2774 4615 2840 4668 ἐκ
2875 4612 2967 4666 τοῦ
2989 4615 3140 4667 οίκου
3172 4615 3362 4671 Σαούλ.
3397 4615 3505 4668 Kal
3532 4615 3664 4667 ἐδω-

2076 4719 2172 4755 κεν
2200 4703 2380 4766 αὐτοῖς
2409 4703 2438 4754 6
2463 4701 2717 4773 βασιλεὺς
2745 4703 2873 4766 τοὺς
2905 4705 3043 4756 ἐπτὰ
3064 4704 3287 4773 ἄνδρας,
3317 4703 3391 4765 ὡς
3419 4703 3658 4774 ᾔτησαν,

2076 4793 2168 4846 τοῦ
2200 4793 2552 4864 Μεμφιϐοσθὲ
2601 4795 2948 4866 φεισάμενος.
2995 4797 3057 4850 Ol
3098 4796 3175 4862 δέ,
3225 4797 3479 4859 λαϐόντες
3527 4799 3663 4861 τοὺς

2074 4885 2298 4956 ἄνδρας,
2330 4887 2683 4951 ἀπέκτειναν,
2713 4889 2806 4941 καὶ
2837 4889 3177 4959 κατήνεγκεν
3206 4891 3234 4942 6
3264 4889 3400 4953 θεὸς
3426 4890 3517 4941 ἐπὶ
3552 4890 3658 4958 τὴν

2075 4978 2181 5047 γῆν
2209 4977 2385 5032 ὑετόν.
2421 4977 2666 5048 Πολέμου
2697 4979 2754 5032 δὲ
2803 4982 2943 5050 μετὰ
2971 4981 3147 5034 ταῦτα
3179 4982 3476 5050 γενομένου
3518 4983 3663 5051 πρὸς

2076 5068 2429 5137 ἀλλοφύλους,
2457 5069 2487 5121 6
2515 5069 2680 5123 Aa6l6
2706 5070 2846 5140 μετὰ
2875 5072 2974 5140 τῆς
3006 5072 3212 5136 οἰκείας
3243 5076 3504 5144 στρατιᾶς
3530 5091 3662 5128 κατ·

2073 5157 2258 5224 εδίωξε
2323 5159 2451 5222 τοὺς
2503 5159 2816 5228 πολεμίους.
2862 5159 2972 5214 Kal
3027 5162 3338 5224 κατάκοπος
3391 5162 3659 5230 γεγονὼς,

2079 5251 2304 5318 παρεῖτο
2325 5248 2594 5312 ἐκλυθείς·
2619 5249 2710 5302 καί
2727 5267 2809 5312 τις
2831 5250 2940 5304 τῶν
2960 5251 3239 5315 ἐναντίων,
3264 5251 3437 5315 οὕτως
3461 5253 3663 5324 ἔχοντα

2075 5342 2166 5395 τὸν
2193 5340 2419 5412 βασιλέα
2444 5339 2589 5405 ἰδὼν,
2622 5340 2849 5412 ὥρμησε
2883 5341 3123 5408 πατάξαι
3157 5343 3342 5398 αὐτόν.
3364 5342 3568 5397 ’Δϐεσὰ
3602 5344 3663 5398 δὲ

399 5451 454 5495 οι
486 5439 686 5510 pedum
719 5439 925 5510 digitos
960 5438 1198 5492 habebat
1240 5456 1253 5490 :
1298 5451 1408 5506 quo
1444 5435 1713 5491 Jonathas
1753 5433 1950 5488 Davidi:

2072 5435 2101 5486 6
2131 5433 2555 5503 ἁδελφὸςΊωὰϐ,
2593 5433 2980 5503 ὑπερασπίσας
3005 5433 3097 5486 τοῦ
3130 5433 3414 5504 βασιλέως,
3444 5434 3535 5487 τὸν
3564 5436 3669 5488 ἀλ-

398 5533 589 5586 fratris
653 5532 801 5586 ﬁlius
831 5531 1016 5586 occiso
1046 5530 1416 5598 spoliatoque,
1467 5525 1831 5596 popularibus
1859 5525 1950 5578 sui

2075 5527 2304 5597 λόφυλον
2332 5527 2558 5580 ἔκτεινε.
2597 5527 2703 5579 Καὶ
2723 5525 2811 5578 διὰ
2845 5525 3002 5578 τοῦτο
3029 5525 3268 5596 ὧμωσαν
3299 5528 3347 5579 οί
3389 5527 3514 5597 περὶ
3547 5527 3648 5578 Aa-

400 5625 690 5678 vietoriam
721 5625 1027 5680 faciliorem
1061 5620 1326 5676 reddidit.
1361 5621 1444 5674 Ab
1467 5635 1533 5673 eo
1571 5628 1821 5687 tempore
1854 5618 1974 5672 bel-

401 5713 516 5765 lum
545 5715 749 5768 inferre
779 5715 1005 5769 Barbari
1033 5712 1392 5766 destiterunt.

2079 5618 2185 5682 ϐὶδ,
2225 5617 2426 5687 μηκέτι
2471 5617 2880 5686 παραχωρῆσαι
2913 5618 3076 5670 αὑτὸν
3108 5620 3189 5680 εἰς
3235 5617 3471 5687 πόλεμον
3504 5616 3664 5680 ἐξελα-

2077 5712 2213 5766 ὓεῖν.
2243 5713 2354 5764 Καὶ
2380 5712 2542 5765 πάλιν
2563 5713 2618 5764 δέ
2650 5713 2759 5765 τῶν
2791 5713 3105 5781 ἀλλοφύλων
3139 5715 3664 5782 στρατευσαμένων,

409 5804 622 5867 στείλας
655 5811 682 5858 ὁ
713 5807 957 5873 βασιλεὺς
994 5807 1222 5874 στρατὸν
1252 5806 1338 5859 ἐπ’
1365 5806 1581 5867 alim-3;,
1613 5797 1837 5859 πολλοὺς
1873 5798 1971 5866 μὲν
2011 5803 2302 5873 κτανοῆναι
2323 5785 2342 5798 ’
2376 5804 2664 5874 πεποίηκε,
2700 5805 2819 5868 τοὺς
2848 5804 2902 5856 δέ
2930 5803 3372 5874 περιλειφθέντας
3436 5805 3657 5874 φυγεῖν.
