3926 6210
258 247 358 314 161

1561 259 1975 322 ANNALIUM
2014 264 2164 327 LIB.
2207 266 2299 328 II.

3417 283 3520 352 162

248 361 612 426 Διαλιπόντες
664 361 723 416 δὲ
786 361 985 436 μικρὸν
1033 364 1084 418 οἱ
1117 365 1432 436 ἀλλόφυλοι.
1481 368 1717 440 ἐπῆλθον
1754 369 1836 422 ἔτι
1872 371 2014 424 κατὰ
2080 375 2186 446 τῆς
2251 378 2437 452 χώρας
2463 384 2577 438 τῶν
2603 385 2976 458 Ἰσραηλιτῶν.
3015 393 3122 447 Καὶ
3151 391 3219 468 ἦν
3253 399 3387 471 παρ’
3416 404 3518 455 αό-

249 459 371 518 tot;
425 457 766 524 τιγαντιατος
803 457 964 527 ἀνὴρ,
1011 456 1072 522 ἒξ
1117 458 1416 525 δακτύλους
1457 460 1600 533 ἔχων
1640 464 1698 514 ιν
1766 463 2010 536 ἑκατέρᾳ
2051 470 2218 539 χειρὶ,
2288 475 2384 526 καὶ
2426 476 2631 544 ὁμοίως
2670 456 2728 532 ἐν
2770 456 2884 546 τοῖς
2947 487 3138 539 ποσίν·
3269 456 3522 561 συμπλα-

249 552 374 613 κεὶς
425 549 692 604 Ίωναθὰν
752 551 1074 622 ἀδελφιδοῦς
1132 555 1228 608 τοῦ
1277 556 1462 622 Δαϐὶδ,
1508 557 1811 612 κατέϐαλεν
1872 560 2059 628 αὐτὸν,
2129 567 2224 618 καὶ
2265 567 2586 639 ἑσκύλευσε,
2659 575 2756 630 καὶ
2799 578 2975 650 ῥοπὴν

3028 583 3166 653 πρὸς
3219 584 3376 658 νίκην
3407 591 3520 654 τοῖς

249 643 551 714 ὁμοφύλοις
589 645 921 715 παρέσχετο.
973 645 1174 699 οὐκέτι
1203 649 1356 715 γοῦν
1401 651 1730 721 προσέθεντο
1786 651 1833 704 οἱ
1873 651 2164 722 ἀλλόφυλοι
2190 664 2303 724 τοῖς
2341 662 2614 734 Ἑϐραίοις
2638 643 2999 740 μαχέσασθαι.

327 737 404 792 Ζ’.
442 739 686 809 Εἰρήνης
719 739 774 791 δὲ
824 739 1014 793 ἔκτοτε
1079 740 1260 811 τυχὼν
1285 746 1312 796 6
1336 744 1520 808 Aa6‘t6,
1552 744 1694 816 ᾠδὰς
1724 761 1821 798 συν

2022 749 2140 845 -VII.
2193 753 2376 810 Otium
2428 757 2597 828 igitur
2640 737 2836 818 nactus
2888 766 3078 832 David,
3121 769 3254 825 odas
3293 788 3521 845 compo-

249 834 409 886 ἐθετο
444 833 590 901 πρὶς
655 831 810 896 Θεὸν,
869 833 962 886 καλ⁵
993 832 1205 903 ὄργανα
1243 838 1690 902 κατασκευάσας,
1720 835 1841 907 μετ’

250 925 436 977 αὐτῶν
496 923 710 987 ἐδίδαξε
762 925 892 987 τοὺς
952 925 1191 989 Λευῖτας
1232 928 1359 990 τοὺς
1410 927 1619 998 ὕμνους
1668 929 1839 1000 ᾅδειν.

251 1011 498 1065 Τοιαῦτα
525 1013 572 1065 δ’
599 1008 742 1083 ἦσαν
771 1015 840 1066 τὰ
867 1013 1094 1083 ὄργανα·
1127 1017 1159 1083 ἡ
1193 1016 1292 1084 μὲν
1317 1017 1548 1086 κιννύρα
1574 1018 1842 1086 δεκάχορ-

251 1105 344 1163 δος
388 1100 482 1174 ἦν,
529 1105 628 1157 καὶ
660 1104 928 1175 πλήκτρῳ
979 1108 1261 1175 ὲκρούετο.
1302 1108 1367 1158 Ἦ
1397 1107 1452 1159 δὲ
1513 1107 1706 1174 ναῦλα,
1738 1109 1842 1161 δώο

252 1197 385 1248 δεκα
415 1195 703 1264 φθόγγους
737 1197 962 1266 ἔχουσα,
1015 1201 1132 1261 τοῖς
1181 1199 1466 1262 δακτύλοις
1518 1201 1836 1269 ἐπλήττετο.

259 1288 540 1357 Κύμϐαλὰ
570 1305 632 1341 τε
667 1289 912 1360 ὑπῆρχον
943 1291 1170 1359 χάλκεα,
1210 1291 1422 1360 μεγάλα
1488 1310 1545 1344 τε
1573 1294 1669 1345 καὶ
1701 1293 1840 1346 πλα-

253 1378 374 1430 τέα.
404 1373 518 1430 Ἦν
559 1377 618 1430 δὶ
659 1379 790 1450 περὶ
815 1379 908 1432 τὸν
934 1380 1099 1434 Δαϐὶδ
1129 1381 1225 1434 καὶ
1286 1381 1541 1452 σύστημα
1571 1383 1839 1450 γενναίων

253 1469 488 1541 ἀνδρῶν.
523 1471 662 1524 Οίδὲ
686 1471 895 1524 τούτων
924 1473 1325 1542 ἐπισημότατοι
1345 1475 1644 1545 τριάκοντα
1678 1474 1840 1542 ἐτύγ-

252 1579 414 1631 χανον
441 1565 542 1615 καὶ
564 1563 726 1626 ἑπτὰ,
747 1563 798 1616 οἳ
841 1564 1103 1629 πολλάκις
1157 1565 1518 1636 ἠρίστευσαν.
1566 1568 1677 1620 Καί
1705 1583 1836 1620 ποτε

250 1653 574 1722 ἀλλοφύλων
621 1657 712 1708 ἐπὶ
731 1657 978 1727 Βηθλεὲμ
1018 1658 1628 1728 ἐστρατοπεδευκότων,
1655 1662 1684 1712 6
1736 1659 1838 1728 βα-

254 1747 439 1810 σιλεὺς
467 1748 534 1800 ὲκ
574 1746 668 1800 τοῦ
695 1749 755 1800 ὲν
786 1749 1032 1820 Βηθλεὲμ
1067 1750 1304 1820 φρέατος
1337 1750 1481 1822 ὕδωρ
1522 1753 1668 1805 πιεῖν
1705 1753 1836 1804 ἐπε-

252 1838 490 1908 θύμησε.
524 1840 797 1909 Καὶτρεῖς
829 1844 894 1894 ἐκ
916 1841 1025 1894 τῶν
1051 1843 1182 1914 περὶ
1214 1843 1375 1894 αὑτὸν
1405 1843 1689 1913 ἀνδρείων,
1712 1842 1837 1914 δρα-

251 1923 470 1993 μόντες,
517 1928 617 1980 καὶ
672 1929 848 1996 μέσην
903 1929 1003 1999 τὴν
1059 1930 1170 1983 τῶν
1223 1931 1482 1984 ἐναντίων
1533 1932 1834 1996 διελθόντες

248 2017 633 2088 παρεμϐολὴν,
663 2019 997 2090 ύδρεύσαντο
1049 2023 1110 2088 ἐξ
1143 2023 1355 2077 ἐκείνου
1410 2024 1507 2078 τοῦ
1569 2025 1828 2096 φρέατος.

245 2109 358 2161 Καὶ
390 2109 555 2174 αὖθις
599 2111 692 2165 διὰ
745 2113 858 2165 τῶν
901 2114 1178 2183 πολεμίων
1227 2115 1496 2182 ἐλθόντες,
1550 2118 1823 2172 καταπλα-

1934 2122 2026 2179 Sic
2047 2130 2332 2196 propitius,
2359 2131 2472 2201 80
2497 2133 2698 2203 inquit,
2735 2106 2804 2191 sit
2840 2140 2966 2193 mihi
2996 2140 3160 2205 Deus,
3217 2152 3275 2196 ut

241 2200 458 2269 γέντων
491 2202 553 2256 τὸ
586 2203 792 2274 Θάρσος
834 2205 1034 2269 αὐτῶν,
1068 2206 1164 2258 καὶ
1189 2207 1567 2278 ἠρεμούντων,
1616 2209 1696 2282 τῷ
1731 2212 1830 2283 βα-

242 2291 393 2345 σιλεῖ
419 2293 488 2345 τὸ
523 2293 671 2364 ὕδωρ
701 2297 1234 2367 προσκεκομίκασιν.
1275 2300 1333 2353 '0
1362 2300 1441 2366 δὲ,
1489 2301 1698 2368 Ἵλεώς
1725 2319 1830 2372 μοι

239 2384 486 2452 Κύριος,
516 2381 695 2450 εἶπεν,
727 2390 800 2442 οὑ
830 2390 1038 2458 πίομαι
1076 2389 1282 2455 τοῦτο,
1337 2393 1541 2462 αἵματι
1574 2394 1693 2447 τῶν
1721 2396 1830 2449 ἀν-

235 2474 406 2544 δρῶν
454 2481 556 2532 καὶ
585 2479 851 2548 κινδύνῳ
881 2479 999 2533 τῶν
1027 2481 1248 2552 ψυχῶν
1289 2483 1491 2538 αὐτῶν
1516 2487 1826 2554 κομισθέν.

239 2569 362 2622 οὐκ
399 2569 564 2623 ἔπιεν
611 2570 728 2636 οὖν,
763 2572 878 2624 ἀλλ’
909 2572 1166 2628 ἔσπεισεν
1199 2575 1334 2629 αὐτὸ
1391 2577 1470 2648 τῷ
1512 2577 1651 2647 Θεῷ.
1697 2578 1830 2632 Ἀπ-

239 2663 567 2732 αριθμῆσαι
593 2664 648 2716 δὲ
684 2665 778 2718 τὸν
810 2665 940 2720 λαὸν
975 2667 1192 2721 ἅπαντα
1233 2668 1538 2740 βουληθεὶς,
1573 2671 1828 2724 ἐκέλευσε

227 2755 338 2806 τὸν
404 2754 572 2808 ἰωὰϐ
602 2757 834 2826 ποιῆσαι
873 2759 974 2827 τὴν
1038 2759 1446 2832 ἀπαρίθμησιν.
1498 2762 1606 2816 Τοῦ
1655 2762 1711 2816 δὲ
1752 2762 1828 2834 μὴ

239 2845 638 2911 inurbano;
674 2849 774 2918 τὴν
806 2849 1024 2922 βουλὴν,
1060 2854 1158 2905 καὶ
1187 2853 1288 2924 τὴν
1327 2855 1528 2925 πρᾶξιν
1551 2856 1652 2910 οὐκ
1685 2859 1826 2924 ἁγα-

237 2941 346 3009 θῂν
374 2938 648 3008 λέγοντος,
681 2945 709 2994 6
735 2941 988 3010 βασιλεὺς
1030 2945 1130 2997 οὐκ
1157 2945 1424 3000 δπείθετο.
1452 2949 1562 3000 Καὶ
1585 2947 1827 3015 ἀπῆλθεν

237 3034 427 3096 ἰωὰϐ,
465 3034 560 3086 καὶ
592 3034 872 3104 ἠρίθμησε
898 3035 991 3088 τὸν
1059 3034 1210 3099 λαὸν,
1265 3037 1362 3090 καὶ
1397 3034 1466 3108 ἦν
1513 3040 1542 3092 6
1591 3040 1825 3110 ἀριθμὸς

237 3122 469 3194 Ἰσραὴλ
534 3125 878 3178 ὀκτακοσίων
949 3124 1208 3197 χιλιάδων
1263 3127 1475 3198 ἀνδρῶν
1519 3128 1825 3200 δυνάμεως»

241 3218 560 3286 σπωμένων
624 3218 928 3289 ῥομφαίαν,
981 3222 1078 3272 καὶ
1133 3220 1510 3274 πεντακοσίων
1569 3221 1824 3291 χιλιάδων

246 3313 470 3382 ἀνδρῶν
511 3315 772 3384 μαχητῶν
831 3315 942 3367 τῶν
970 3313 1030 3380 ἐξ
1060 3312 1233 3366 Ἰούδα
1278 3315 1472 3384 φυλῆς.
1505 3309 1639 3368 Εἶτα
1689 3332 1823 3384 μετ-

235 3405 474 3473 εμέλετο
499 3405 528 3456 6
559 3405 746 3470 Δαϐὶδ,
785 3406 880 3457 καὶ
914 3404 1184 3475 ὡμολόγει
1210 3406 1612 3474 ἡμαρτηκέναι.
1637 3406 1677 3458 Γ
1679 3407 1743 3458 αδ
1764 3407 1820 3460 δὲ

235 3467 596 3563 ότπροφήτης
628 3467 988 3556 κελεύσαντος
1036 3467 1130 3546 τού
1163 3467 1294 3546 Θεοῦ
1332 3467 1629 3565 ’ἐστορεύθη
1687 3497 1824 3564 πρός
1850 3467 1895 3530 C

239 3586 336 3640 τὸν
358 3586 547 3649 Δαϐὶδ,
581 3587 676 3640 καί
704 3603 891 3656 φησιν’
956 3586 1058 3640 Ἐκ
1103 3585 1282 3654 τριῶν
1317 3588 1547 3642 τούτων
1582 3588 1826 3654 ἐκλεξαι

237 3678 278 3732 ὃ
309 3677 462 3746 πρὸς
499 3677 746 3745 ,βουλῆς
791 3678 897 3731 σοι
927 3677 1080 3744 ἐστι,
1105 3679 1360 3746 πότερον
1409 3678 1546 3748 αίρῇ
1570 3680 1669 3733 ἐπὶ
1715 3681 1822 3749 ἐτη

238 3771 403 3823 ἑκτὰ
428 3770 600 3838 λιμὸν
627 3770 886 3824 ἔσεσθαί
929 3786 1028 3823 σοι
1061 3769 1214 3823 κατὰ
1245 3771 1359 3838 τὴν
1380 3771 1602 3840 χώραν,
1642 3772 1681 3841 ἢ
1716 3773 1819 3826 ἐπὶ

239 3863 406 3930 τρεῖς
423 3863 622 3931 μῆνας
651 3863 772 3917 ὑπὸ
809 3867 1110 3932 πολεμίων
1142 3862 1485 3928 διώκεσθαι,
1504 3863 1542 3932 ἢ
1563 3863 1825 3919 θάνατον

238 3955 340 4007 ἐστὶ
367 3955 527 4022 τρεῖς
561 3956 786 4023 ἡμέρας
808 3952 1116 4022 ἐνσκῆψαι
1150 3970 1269 4008 σου
1306 3953 1386 4019 τῷ
1414 3953 1562 4019 λαῷ.
1631 3954 1689 4009 '0
1741 3955 1818 4024 δὲ,

237 4049 416 4102 Στεδιὰ
460 4065 554 4118 μοι
584 4048 877 4114 πάντοθεν,
909 4047 1035 4116 ἔφη,
1069 4046 1207 4099 ἀλλὰ
1234 4045 1446 4116 βέλτιόν
1482 4063 1574 4118 μοι
1593 4049 1673 4112 εἰς
1719 4049 1820 4112 τὰς

237 4145 429 4212 χεῖρας
484 4139 582 4192 τοῦ
631 4137 767 4191 Θεοῦ
820 4139 1105 4208 ἐμπεσεῖν.
1185 4137 1297 4191 Καὶ
1339 4137 1543 4207 ἐπῆλθε
1587 4139 1819 4202 θάνατος

234 4232 315 4303 τῷ
336 4230 455 4303 λαῷ
486 4231 738 4302 πρωῖθεν
782 4229 888 4293 ἕως
921 4228 1072 4302 ὥρας
1116 4230 1366 4301 ἀρίστου,
1401 4230 1497 4283 καὶ
1543 4231 1817 4284 ἀπέθανον

233 4327 303 4377 ἐκ
346 4324 554 4387 παντὸς
603 4323 700 4376 τοῦ
732 4321 862 4376 λαοῦ
922 4322 1161 4393 χιλιάδες
1209 4323 1606 4393 ἑϐδομήκοντα.
1653 4323 1817 4378 Καὶό

235 4417 404 4471 dum
438 4418 654 4469 ἱκέτευε
693 4414 783 4468 τὸν
821 4415 971 4480 Θεὸν,
1009 4416 1100 4468 καὶ
1149 4416 1177 4468 6
1225 4413 1530 4484 ὀλοθρεύων
1583 4414 1818 4482 ἄγγελος

231 4509 312 4580 τῷ
367 4509 510 4573 λαῷ,
540 4507 776 4573 ἐξέτεινε
801 4507 901 4579 τὴν
925 4511 1084 4577 χεῖρα
1099 4505 1263 4560 αὐτοῦ
1295 4505 1390 4558 ἐπὶ
1432 4505 1812 4578 Ἰερουσαλήμ.

236 4599 406 4656 Εἶπεν
463 4601 558 4655 οὖν
607 4604 636 4654 6
664 4600 938 4672 βασιλεύςο
974 4599 1124 4668 Ἐγὼ
1163 4599 1499 4669 ἡμάρτηκα,
1531 4603 1728 4668 Κύριε,
1779 4605 1812 4658 ό

229 4693 480 4763 ποιμήν³
534 4693 690 4746 τὰδὲ
718 4696 964 4762 ποίμνια
987 4695 1018 4746 ό
1065 4691 1216 4758 λαὸς
1260 4694 1374 4760 οὐχ
1438 4692 1807 4763 ἡμάρτοσαν·

1949 839 2083 906 suit,
2125 843 2454 917 Levitasque
2498 851 2882 909 instrumentis
2925 857 2992 911 ad
3033 873 3152 913 eam
3190 877 3304 916 rem
3339 839 3518 933 factis,

1950 930 2184 1002 hymnos
2241 951 2444 995 canere
2492 942 2704 998 docuit.
2772 947 3144 1006 Instrumenta
3203 930 3520 1024 huiusmodi

1948 1018 2172 1077 fuerunt
2209 1041 2222 1077 :
2259 1029 2507 1096 cyunira,
2536 1031 2723 1088 decem
2755 1045 2948 1090 ornata
2981 1038 3224 1106 chordis,
3255 1018 3466 1112 plectro
3501 1062 3518 1099 :

1946 1113 2170 1203 nablum
2203 1117 2534 1174 chordarum
2577 1123 2891 1191 duodecim,
2941 1130 3129 1200 digitis
3169 1135 3515 1203 pulsabatur.

1946 1202 2142 1259 Parata
2200 1220 2366 1264 erant
2407 1223 2462 1266 et
2500 1215 2747 1285 cymbala
2794 1233 2956 1284 mea,
3007 1202 3223 1294 magna,
3273 1227 3516 1300 lataque.

1947 1294 2193 1350 Habebat
2237 1314 2402 1367 porro
2454 1303 2600 1358 circa
2644 1321 2702 1361 se
2749 1317 2954 1364 cretum
2994 1313 3236 1368 virorum
3290 1294 3516 1376 fortium

1945 1400 2178 1455 quorum
2212 1389 2575 1449 illustrissimi
2609 1399 2834 1469 triginta
2863 1412 2919 1458 et
2953 1415 3161 1475 septem
3196 1424 3312 1463 rem
3339 1426 3516 1481 saepe-

1943 1491 2178 1534 numero
2230 1481 2372 1538 bene
2420 1499 2724 1554 gesserant.
2771 1492 2840 1545 Et
2888 1510 3012 1549 cum
3047 1497 3236 1555 hostes
3275 1503 3512 1570 quodam

1945 1575 2190 1640 tempore
2220 1573 2366 1629 circa
2397 1577 2770 1634 Bethleemam
2814 1595 2991 1640 castra
3045 1591 3383 1657 posuissent,
3413 1610 3515 1648 rex

1941 1675 1974 1714 e
2005 1671 2194 1730 puteo,
2229 1666 2324 1733 qui
2355 1667 2502 1722 circa
2544 1669 2595 1724 id
2629 1673 2892 1742 oppidum
2941 1687 3079 1739 erat,
3119 1695 3316 1749 aquam
3367 1683 3517 1738 desi-

1942 1751 2178 1809 deravit.
2211 1756 2400 1827 Itaque
2435 1767 2551 1816 tres
2583 1777 2652 1816 ex
2677 1767 2798 1834 ejus
2831 1769 3166 1827 satellitibus
3208 1789 3307 1842 per
3334 1777 3514 1833 media

1943 1843 2184 1901 hostium
2211 1861 2390 1905 castra
2438 1855 2694 1923 profecti,
2738 1873 2934 1929 aquam
2984 1862 3111 1919 inde
3144 1868 3394 1935 petitam,
3419 1885 3514 1925 ea-

1941 1937 2066 1993 dem
2097 1943 2332 2010 regressi
2361 1945 2469 2010 via,
2504 1946 2763 2005 hostibus
2787 1967 2979 2008 eorum
3005 1957 3235 2012 audacia
3269 1971 3514 2016 conster-

1939 2032 2085 2087 natis
2132 2043 2189 2088 et
2238 2037 2680 2105 quiescentibus,
2715 2045 2829 2114 regi
2869 2049 3201 2104 attulerunt.
3246 2052 3316 2107 At
3370 2055 3508 2111 ille:

3317 2162 3512 2216 aquam

1929 2215 2069 2269 hanc
2095 2233 2198 2271 non
2232 2219 2426 2286 bibam,
2462 2227 2724 2294 sanguine
2753 2227 2984 2282 virorum
3025 2239 3075 2284 et
3122 2234 3355 2302 perirqu
3387 2237 3512 2290 ani-

1933 2324 2147 2364 marum
2184 2327 2370 2365 eorum
2413 2314 2664 2371 allatam.
2694 2319 2886 2390 Neque
2935 2322 3098 2389 bibit,
3153 2328 3250 2381 sed
3311 2328 3511 2384 libavit

1930 2399 2064 2454 Deo.
2117 2400 2248 2456 Post
2296 2402 2470 2459 Joabo
2519 2409 2746 2464 mandat
2794 2419 2852 2464 ut
2907 2415 3171 2483 populum
3226 2427 3506 2474 numeret.

1931 2489 1984 2545 ls
2013 2491 2119 2546 etsi
2156 2493 2212 2547 id
2257 2496 2555 2551 consilium
2586 2497 2954 2568 improbabat,
3006 2515 3063 2559 et
3108 2522 3222 2560 rem
3276 2509 3508 2565 minime

1926 2581 2190 2640 laudabat
2223 2623 2236 2649 ,
2279 2595 2462 2643 tamen
2503 2605 2630 2644 cum
2653 2607 2836 2663 regem
2868 2610 2898 2649 a
2929 2599 3202 2652 sententia
3227 2599 3509 2658 dimovere

1928 2689 2042 2728 non
2073 2685 2280 2745 posset,
2335 2689 2513 2748 paret,
2552 2693 2830 2748 numerat,
2873 2686 3083 2743 invenit
3132 2691 3506 2749 Israelitarum

1927 2769 2242 2838 octingenta
2273 2773 2442 2826 millia
2476 2773 2872 2832 bellicosorum
2900 2789 2956 2834 et
2979 2780 3204 2836 fortium
3237 2785 3508 2852 virorum,

1933 2869 1990 2916 et
2016 2863 2316 2933 quingenta
2347 2865 2519 2920 millia
2548 2867 2790 2924 Judaicae
2821 2871 3018 2935 tribus,
3053 2873 3182 2926 item
3214 2873 3510 2931 bellicoso-

1927 2968 2072 3010 rum.
2107 2955 2306 3010 Verum
2337 2958 2504 3012 David
2534 2961 2716 3014 statim
2747 2961 2876 3016 facti
2935 2966 3232 3032 paenitens,
3275 2983 3333 3022 se
3379 2984 3507 3038 pec-

1927 3060 2081 3100 casse
2115 3046 2432 3113 conﬁtetur,
2479 3061 2537 3105 et
2568 3050 2680 3106 Gad
2725 3054 2994 3123 propheta
3040 3071 3164 3110 eum
3201 3058 3356 3128 jussu
3399 3061 3498 3116 Dei

1927 3150 2216 3205 aggressus
2251 3155 2264 3192 :
2307 3138 2512 3202 Trium,
2550 3140 2750 3211 inquit,
2783 3145 2875 3197 tibi
2921 3161 3098 3198 rerum
3128 3149 3270 3218 Optio
3303 3148 3491 3215 datur,

1926 3241 2054 3279 nam
2078 3227 2234 3281 malis
2268 3235 2324 3281 tu
2362 3237 2413 3282 et
2443 3233 2590 3301 regio
2629 3249 2724 3302 per
2774 3237 3107 3304 septennium
3140 3237 3282 3305 fame
3308 3241 3500 3306 premi,

1927 3335 1998 3372 an
2027 3336 2122 3389 per
2145 3331 2250 3374 tres
2275 3338 2476 3376 menses
2528 3325 2592 3377 ab
2617 3327 2851 3380 hostibus
2885 3331 3064 3398 urgeri
3102 3344 3122 3382 :
3175 3347 3246 3384 an
3280 3343 3505 3387 mortem

1927 3427 2022 3480 per
2046 3413 2280 3466 triduum
2305 3417 2547 3482 grassari
2568 3419 2622 3471 in
2661 3419 2873 3488 populo.
2917 3421 2997 3474 Ibi
3053 3422 3223 3478 David
3255 3425 3501 3494 undique

1929 3518 1987 3558 se
2024 3503 2079 3557 in
2109 3506 2392 3576 angustias
2425 3509 2706 3563 redactum
2741 3525 2863 3565 esse
2909 3514 3186 3581 queritur,
3237 3518 3331 3572 sed
3361 3535 3503 3589 prae-

1928 3603 2075 3650 stare
2118 3596 2223 3651 sibi
2279 3599 2526 3654 incidere
2581 3601 2637 3656 in
2723 3618 2920 3657 manus
2997 3605 3236 3664 Domini.
3310 3610 3500 3681 Itaque

1927 3701 2107 3744 morte
2130 3703 2436 3761 grassante,
2465 3708 2496 3747 a
2520 3692 2767 3750 diluculo
2797 3711 2969 3766 usque
3002 3700 3219 3767 prandii
3261 3709 3497 3771 tempus,

1923 3795 1991 3837 ex
2051 3787 2201 3837 omni
2251 3785 2452 3854 pepulo
2502 3789 2846 3858 septuaginta
2919 3790 3091 3843 millia
3155 3792 3495 3849 ceciderunt.

1924 3875 2063 3930 Tum
2104 3877 2292 3942 David,
2342 3892 2466 3932 cum
2511 3881 2740 3948 angelus
2784 3883 2966 3950 populi
3011 3883 3334 3942 interfector
3375 3903 3496 3943 ma-

1922 3981 2054 4020 num
2105 3983 2273 4037 super
2312 3968 2690 4038 Hierosolyma
2728 3973 3089 4038 extendisset,
3143 3977 3256 4033 Deo
3298 3979 3353 4032 in
3378 3980 3496 4036 hac

1920 4058 2090 4113 verba
2140 4060 2471 4129 supplicavit
2509 4079 2523 4116 :
2556 4060 2673 4132 Ego
2693 4072 2898 4134 pastor,
2927 4082 2956 4118 ο
2979 4067 3214 4133 Domine,
3244 4074 3454 4140 peccari
3472 4085 3496 4126 :

1917 4150 2009 4204 sed
2033 4149 2278 4221 populus,
2317 4167 2448 4222 grex
2491 4170 2660 4217 meus,
2716 4172 2820 4209 non
2868 4159 3117 4227 peccavit.
3173 4159 3284 4230 Ego
3338 4177 3495 4232 pom

1919 4242 2107 4312 dignus
2125 4259 2264 4308 sum,
2291 4261 2395 4298 non
2432 4246 2542 4302 isti.
2585 4246 2697 4302 Hac
2747 4249 3011 4304 maestitia
3070 4253 3212 4322 regis
3247 4254 3495 4323 placatus

1917 4333 2083 4400 Deus,
2114 4335 2258 4388 luem
2286 4338 2649 4404 compescuit,
2683 4349 2742 4393 et
2763 4354 2864 4408 per
2901 4339 3106 4395 Gadem
3165 4345 3492 4414 prophetam

1919 4421 1974 4476 in
2025 4420 2187 4477 Orna:
2228 4423 2468 4480 Jebusaei
2510 4441 2637 4481 area
2669 4436 2990 4482 constructa
3025 4445 3141 4495 ara,
3185 4446 3339 4486 sacra
3369 4432 3491 4490 ﬁeri

1910 4513 2076 4584 jussit
2125 4530 2140 4568 :
2194 4514 2379 4584 itaque
2425 4515 2558 4570 fecit
2590 4516 2758 4572 David
2797 4527 2980 4588 empta
3019 4520 3089 4574 ab
3141 4520 3286 4576 Orna
3340 4539 3489 4594 area,

1915 4622 2027 4678 quo
2066 4605 2120 4661 in
2151 4606 2298 4672 loco,
2341 4615 2402 4662 ut
2429 4607 2708 4677 Iosephus
2739 4610 2926 4674 tradit,
2966 4611 3210 4667 Isaaeum
3235 4614 3490 4670 Abraha-

1913 4713 2039 4753 mus
2094 4699 2478 4754 immolaturus
2543 4699 2710 4753 fuisse
2769 4701 3116 4769 perhibetur,
3179 4712 3236 4758 et
3317 4705 3488 4761 David

225 4791 480 4859 ἆιώειμι
528 4786 838 4853 κολάσεως
883 4786 1353 4855 ἀξιος,καιούχ
1392 4783 1580 4844 οὗτοι.
1633 4793 1813 4846 Δυσω-

1926 4791 2092 4846 aedem
2130 4800 2552 4864 constructurus
2588 4803 2708 4846 erat
2758 4793 2864 4847 nisi
2919 4810 2948 4848 a
3005 4795 3119 4850 Deo
3169 4796 3490 4866 prohibitus

230 4883 429 4952 πῃθεὶς
489 4881 549 4932 δὲ
592 4879 690 4950 τὴν
741 4878 836 4932 τοῦ
885 4878 1152 4948 βασιλέως
1221 4879 1513 4946 κατάνυξιν
1567 4881 1596 4934 6
1649 4883 1804 4948 Θεὸς,

227 4975 437 5028 ἔπαυσε
473 4975 575 5042 τὴν
603 4972 834 5042 φθορὰν,
863 4973 958 5024 καὶ
1001 4970 1090 5024 διὰ
1117 4969 1211 5024 τοῦ
1255 4973 1539 5043 προφήτου
1596 4974 1703 5027 Γὰδ
1746 4977 1806 5030 ὲν

226 5075 291 5143 τῇ
324 5071 497 5124 Ξιλωνι
527 5069 622 5122 τοῦ
652 5067 984 5123 Ἰεϐουσαίου
1009 5065 1178 5136 Ὀρνᾶ
1206 5065 1595 5138 θυσιαστήριον
1625 5069 1805 5140 πήξα-
1863 5103 1866 5106 ~

229 5165 354 5218 σθαι
377 5161 663 5226 ἐκέλευσε,
693 5160 787 5212 καὶ
821 5157 982 5212 θῦσαι
1005 5160 1140 5213 ἐκεῖ.
1175 5158 1286 5211 Καὶ
1316 5158 1576 5229 ἐποίησεν
1627 5159 1802 5224 οὕτως

222 5255 410 5318 Δαϐιδ,
440 5254 800 5323 ὠνησάμενος
853 5251 952 5324 τὴν
999 5251 1181 5306 ἅλωνα
1242 5253 1306 5304 ἐκ
1346 5249 1440 5304 τοῦ
1483 5251 1669 5322 ⁸ορνᾶ.
1714 5251 1802 5318 Ὠς

220 5350 277 5402 δὲ
307 5348 575 5419 Ἰώσηπος
603 5343 870 5416 ἔγραψεν,
927 5347 986 5400 ὲν
1033 5345 1229 5417 ἐκείνῳ
1255 5344 1333 5416 τῷ
1375 5343 1526 5414 τόπῳ
1583 5344 1805 5414 λέγεται

218 5444 453 5510 ἀγαγεῖν
521 5438 780 5511 ’Δϐραὰμ
825 5438 917 5492 τὸν
957 5439 1164 5503 Ἰσαὰκ,
1229 5438 1369 5492 ὥστε
1425 5437 1804 5494 ὁλοκαυτῶσαι

219 5535 404 5589 αὐτόν.
464 5534 759 5588 Ἢϐούλετο
807 5531 865 5586 δὲ
916 5534 1008 5586 καὶ
1043 5532 1170 5585 ναὸν
1225 5531 1578 5601 οἰκοδομῆσαι
1635 5532 1802 5586 Δαϐὶδ

220 5631 335 5682 ἐκεῖ
361 5627 443 5700 τῷ
473 5627 615 5700 Θεῷ,
649 5625 773 5680 ἀλλ’
818 5624 1098 5696 ἁπεῖρχθη
1142 5625 1277 5696 πρὸς
1313 5623 1410 5676 τοῦ
1457 5624 1614 5679 Θεοῦ.
1654 5625 1799 5694 Πρε-

223 5720 420 5791 εὕύτης
444 5719 500 5773 δὲ
538 5719 842 5790 γενόμενος
868 5717 897 5769 6
919 5715 1085 5772 Δαϐὶδ
1114 5717 1342 5789 σφόδρα,
1377 5714 1634 5786 δύσριγος
1691 5715 1796 5769 ὑπὸ

1917 4881 2131 4936 fuisset.
2178 4881 2370 4937 Davidi
2399 4897 2526 4936 cum
2573 4883 2644 4936 ob
2677 4884 2892 4938 senium
2939 4885 3126 4954 algore
3165 4898 3484 4952 vexaretur,

1909 4973 2148 5043 puellam
2218 4973 2511 5040 Abisagem
2580 4973 2982 5042 adjunxerunt,
3048 4976 3206 5046 cujus
3279 4993 3486 5035 concu-

1907 5066 2028 5120 bitu
2099 5065 2396 5119 foveretur.
2449 5063 2557 5120 Sed
2621 5080 2746 5119 eum
2811 5081 2876 5120 ea
2936 5081 3051 5120 rem
3114 5083 3223 5122 non
3290 5069 3485 5127 habuit

1906 5173 2023 5220 rex,
2072 5164 2233 5212 etate
2293 5156 2510 5212 effetus.
2551 5155 2793 5212 Adonias
2843 5166 3026 5214 autem
3081 5168 3314 5229 quartus
3363 5161 3485 5228 ejus

1904 5248 2090 5312 ﬁlius,
2135 5248 2302 5302 homo
2352 5263 2616 5318 perquam
2675 5247 2982 5314 formosus,
3017 5258 3328 5306 commotus
3382 5265 3483 5320 pa-

1905 5343 2008 5398 tris
2054 5342 2243 5406 senio,
2285 5357 2512 5412 regnum
2558 5341 2660 5395 sibi
2703 5340 2975 5406 vindicat,
3027 5340 3201 5396 Joabo
3247 5343 3483 5409 impera-

1903 5444 2022 5491 tore
2061 5444 2116 5490 et
2157 5434 2458 5490 Abiathare
2500 5434 2758 5503 pontiﬁce
2791 5433 3240 5503 suifragantibus.
3285 5432 3478 5498 Itaque

1901 5529 2071 5584 semel
2120 5526 2410 5598 splendido
2445 5526 2716 5581 sacrilicio
2765 5535 3027 5596 apparato
3051 5565 3067 5591 ,
3111 5524 3310 5578 fratres
3343 5537 3496 5577 con-.

1901 5624 2095 5682 vocat,
2132 5627 2189 5672 et
2237 5615 2474 5671 Judaicaa
2524 5616 2701 5672 tribus
2752 5616 3060 5686 principes,
3118 5612 3473 5667 Abiatharem

1899 5711 2030 5766 item
2083 5721 2139 5766 et
2198 5709 2486 5766 Joabum:
2544 5705 2797 5777 Salome,
2855 5708 3004 5763 Gade
3060 5704 3366 5776 propheta,
3417 5723 3477 5770 et
