3926 6210
375 257 472 320 167

1616 212 1632 229 ’
1670 253 1998 316 JOANNIS
2037 253 2359 315 zemas:

3521 244 3625 308 168

361 383 505 428 orat.
537 371 671 439 Quae
697 385 832 428 vero
855 384 915 427 se
945 378 1180 426 matrem
1213 370 1334 442 ejus
1383 368 1523 424 falso
1552 369 1940 440 proﬁtebatur,

2044 370 2173 437 ταῖς
2195 369 2489 438 ἀγκάλαις
2505 383 2648 438 μου.
2685 366 2752 421 Τὸ
2783 365 2849 420 δὲ
2884 365 2993 427 ζῶν
3019 364 3089 429 ἐξ
3107 361 3256 434 ἐμοῦ
3284 364 3627 433 ἀφελοῦσα,

361 464 677 520 collaudato
714 463 946 536 judicio,
975 463 1364 518 dissectionem
1410 461 1674 516 maturari
1708 461 1935 531 ﬂagitat.

361 556 443 611 ibi
471 573 564 612 rex
595 571 829 626 puerum
865 555 1143 610 viventem
1174 554 1224 608 ei
1267 553 1408 608 tradi
1442 555 1618 624 jubet,
1647 569 1769 624 qua:
1820 553 1938 608 dis-

363 650 667 704 sectionem
700 647 1104 717 deprecabatur
1140 663 1153 698 :
1186 661 1306 700 eam
1340 647 1489 700 enim
1532 661 1654 701 esse
1686 655 1940 710 matrem,

363 755 486 809 qua:
515 739 670 809 pueri
699 739 903 793 caadem
933 747 1218 806 tantopere
1269 736 1672 792 reformidat-et.
1731 736 1789 791 Id
1843 751 1944 806 po-

363 831 492 901 pulo
513 830 742 885 evidens
768 839 1153 900 argumentum
1186 829 1291 882 fuit
1319 829 1605 897 sapientiae
1649 830 1812 900 regis,
1845 829 1942 898 qui

363 921 585 991 quidem
615 935 808 974 omnes
845 930 1060 974 veteres
1112 919 1336 990 ingenio
1393 919 1798 989 prudentiaque
1847 933 1944 973 su-

362 1014 612 1084 perabat.
650 1011 1060 1066 Similitudines
1086 1021 1170 1066 ter
1201 1011 1350 1064 mille
1375 1010 1708 1080 composuit,
1762 1013 1942 1065 canti-

363 1105 518 1159 lenas
543 1103 840 1173 quinquies
871 1101 1022 1156 mille
1060 1119 1073 1154 :
1111 1109 1167 1156 et
1207 1116 1238 1154 a
1271 1100 1436 1154 cedro
1469 1099 1790 1168 auspicatus
1848 1114 1944 1154 us-

364 1212 472 1266 que
499 1195 567 1250 ad
602 1195 924 1266 hyssopum,
961 1191 1347 1248 describendis
1385 1192 1658 1262 stirpibus
1689 1207 1944 1262 progres-

365 1301 460 1340 sus
481 1293 585 1351 est,
617 1294 951 1352 mtturasque
981 1282 1300 1337 animalium
1365 1281 1733 1346 terrestrium,
1765 1281 1945 1337 aerio-

366 1396 511 1444 rum,
535 1380 882 1449 aquatilium,
911 1395 973 1434 ac
1000 1381 1366 1449 proprietates
1393 1377 1722 1449 perquisivit
1771 1388 1828 1434 et
1861 1377 1946 1433 in-

364 1473 604 1543 dagavit.
634 1473 847 1527 Invenit
879 1474 1045 1527 etiam
1082 1472 1149 1527 ad
1184 1471 1812 1537 utilitatembominum,
1848 1486 1942 1527 ex-

363 1565 711 1618 cautationes
735 1563 1067 1626 daemonum,
1127 1575 1184 1618 et
1244 1565 1652 1635 adjurationum
1701 1566 1944 1621 rationes

365 1654 611 1723 reliquit,
664 1655 868 1723 quibus
925 1655 1193 1710 daemonia
1253 1656 1535 1726 fugentur.
1573 1656 1746 1722 Quam
1784 1658 1970 1711 cura-‘

364 1746 570 1800 tionem
599 1745 667 1801 ad
727 1762 881 1801 suam
917 1763 1089 1817 usque
1139 1756 1353 1802 aetatem
1398 1747 1626 1803 durasse
1670 1747 1943 1816 Iosephus
1976 1734 2015 1788 Β

363 1838 584 1900 asserit,
615 1847 668 1892 et
697 1837 751 1892 in
778 1838 898 1908 ejus
920 1839 998 1892 rei
1038 1839 1196 1894 ﬁdem
1233 1840 1545 1911 huiusmodi
1589 1839 1940 1910 experimen-

365 1939 481 1983 tum
562 1939 749 1985 narrat
805 1948 818 1983 :
880 1931 1198 1986 Eleazarum
1259 1933 1552 2002 quemdam
1613 1934 1940 2003 popularem

364 2037 524 2076 suum
553 2023 808 2077 habuisse
843 2025 1132 2090 annulum,
1166 2025 1270 2080 sub
1302 2025 1462 2095 cujus
1488 2026 1610 2095 pala
1660 2026 1814 2080 radix
1853 2041 1942 2082 cs-

363 2124 469 2178 set,
510 2132 574 2170 ex
602 2115 668 2169 iis
695 2131 831 2186 quas
854 2116 1194 2171 indicaverat
1237 2116 1521 2184 Salomon,
1580 2119 1673 2188 qui
1713 2119 1758 2174 si
1803 2133 1940 2175 naso

364 2204 690 2260 daemoniaci
725 2206 1134 2273 admoveretur,
1199 2209 1315 2261 solo
1371 2206 1572 2262 olfactu
1625 2225 1726 2280 per
1778 2226 1939 2266 nares

363 2295 682 2349 extraheret
738 2290 1092 2352 daemonium.
1178 2297 1388 2352 Deinde
1447 2297 1757 2354 Salomonis
1796 2300 1938 2355 laeta

364 2386 668 2452 mentione,
698 2387 962 2442 recitasse
1003 2388 1153 2444 illius
1184 2391 1621 2454 excantationes,
1669 2397 1726 2444 et
1785 2389 1940 2461 adju-

364 2519 520 2558 rasse
549 2503 906 2569 daemonium,
925 2519 993 2558 ne
1016 2503 1070 2558 in
1096 2503 1375 2559 hominem
1398 2513 1797 2561 reverteretur.
1823 2505 1939 2562 Hoc

364 2597 421 2652 in
450 2596 772 2668 Vespasiani
813 2604 869 2651 et
907 2595 1148 2650 ﬁliorum
1208 2597 1329 2667 ejus
1384 2607 1685 2667 conspectu
1739 2599 1938 2654 fecisse

366 2688 731 2743 Eleazarum:
769 2696 827 2743 et
870 2698 931 2743 ut
978 2688 1089 2742 vim
1140 2698 1333 2743 contra
1391 2688 1668 2745 daemones
1716 2690 1938 2745 insitam

365 2781 647 2850 probaret,
678 2782 928 2850 posuisse
973 2781 1231 2850 poculum
1278 2796 1419 2851 aqua
1459 2782 1703 2850 plenum,
1741 2791 1797 2837 et
1824 2784 1940 2854 jus-

365 2873 504 2929 sisse
537 2873 830 2939 daemonio,
873 2881 935 2927 ut
966 2889 1246 2942 egressum
1280 2889 1350 2928 ex
1387 2874 1610 2930 homine
1641 2875 1696 2930 id
1725 2884 1941 2930 everte-

367 2975 454 3020 ret
485 2981 500 3016 :
534 2964 718 3033 itaque
745 2965 952 3021 factum
999 2980 1143 3031 esse,
1197 2965 1422 3021 nemine
1484 2975 1743 3023 cernente
1768 2982 1798 3022 a
1829 2980 1940 3037 quo

363 3064 729 3114 everteretur.

2040 464 2121 530 ὡς
2151 462 2374 531 ἑαυτῆς
2399 462 2444 528 ᾠ
2466 460 2774 515 κειώσατο.
2805 459 2912 513 Kal
2941 457 3168 527 γνοῦσα
3203 455 3271 510 τὸ
3289 455 3504 526 δρᾶμα,
3532 455 3628 524 ζη-

2039 555 2120 608 τῶ
2147 557 2254 609 τὸν
2289 554 2492 608 παῖδα.
2538 554 2606 608 ἰι
2626 551 2692 605 δέ
2721 569 2822 622 μοι
2861 552 2932 605 οὐ
2965 549 3230 603 δίδωσιν.
3277 549 3343 604 Ἱι
3369 547 3420 600 δ’
3451 547 3628 616 ἑτέρα

2041 647 2107 699 τὸ
2135 646 2245 707 ζῶν
2261 643 2414 700 εἶναι
2435 645 2499 699 τὸ
2527 642 2748 712 ἑαυτῆς
2777 641 3018 696 παιδίον
3037 639 3480 709 ἀπισχυρίζετο,
3513 639 3628 706 τῆς

2041 739 2095 792 δ’
2124 737 2433 793 ἀντιδίκου
2460 738 2527 791 τὸ
2563 737 2866 803 τεθνηκός.
2894 735 3003 790 Kal
3038 735 3134 789 ἐπὶ
3164 734 3461 788 τοσοῦτον⁹
3481 748 3630 786 κακ-

2042 830 2283 898 ουργίας
2332 827 2418 896 μὴ
2469 825 2764 896 προϐῆναι
2790 826 3101 895 διώμνυτο.
3157 823 3535 894 Ἀπορούντων
3567 823 3627 880 δὲ

2041 921 2149 974 τῶν
2184 919 2646 992 περιεστηκότων,
2677 919 2795 982 πῶς
2841 919 2906 974 ἂν
2950 918 3261 988 διακριθείη
3304 918 3366 970 τὸ
3396 919 3623 989 ἀληθὲς,

2042 1011 2070 1064 ὁ
2104 1012 2364 1082 βασιλεὺς
2391 1012 2513 1082 διχῆ
2553 1012 2827 1085 τμηθῆναι
2881 1011 2944 1066 τὸ
2987 1012 3098 1077 ζῶν
3126 1010 3338 1064 παιδίον
3372 1013 3627 1082 μαχαίρᾳ

2043 1108 2320 1173 ἐκέλευσε,
2345 1108 2439 1161 xal.
2462 1108 2564 1162 ἀνὰ
2591 1109 2755 1178 μέρος
2779 1105 2998 1175 δοθῆναι
3029 1105 3269 1177 ἑκατέρᾳ
3300 1105 3409 1158 τῶν
3433 1121 3629 1173 γυναι⁸

2043 1199 2179 1254 κῶν.
2211 1201 2380 1255 Τοῦτο
2416 1203 2450 1271 ἡ
2484 1201 2584 1270 μὲν
2632 1200 2840 1271 ἀληθὴς
2882 1199 2975 1251 τοῦ
3012 1199 3253 1270 βρέφους
3301 1201 3486 1270 μήτηρ
3523 1199 3627 1269 βα-

2045 1293 2184 1363 ρέως
2215 1294 2438 1363 ἠνεγκε,
2465 1293 2560 1344 καὶ
2595 1293 2894 1362 παρῃτεῖτο
2919 1290 3018 1360 τὴν
3046 1290 3248 1360 ψῆφον,
3278 1291 3373 1344 καὶ
3399 1290 3626 1358 δοθῆναι

2044 1382 2154 1447 ζῶν
2184 1383 2244 1436 τὸ
2283 1384 2499 1436 παιδίον
2527 1385 2592 1452 τῇ
2624 1383 2883 1451 ἀντιδέκῳ
2919 1381 3182 1434 ἱκέτευεν.
3225 1383 3291 1434 Ἦ
3325 1380 3379 1434 δέ
3408 1381 3624 1451 ψευδῶς

2042 1476 2240 1543 ἑαυτὴν
2277 1474 2489 1544 μητέρα
2525 1472 2620 1525 τοῦ
2664 1474 2853 1534 παιδὸς
2896 1472 3260 1541 ὀνομάζουσα,
3292 1475 3386 1524 καὶ
3429 1471 3625 1543 ἐπῄνει

2041 1565 2141 1637 τὴν
2181 1566 2384 1636 κρίσιν,
2413 1566 2508 1618 καὶ
2538 1563 2837 1619 ἐπέσπευδε
2883 1562 2982 1634 τὴν
3012 1563 3299 1633 διαίρεσιν.
3327 1561 3437 1616 Καὶ
3461 1566 3488 1616 ὁ
3521 1563 3627 1632 βα-

2046 1660 2229 1722 σιλεὺς
2263 1657 2488 1728 δοθῆναι
2513 1657 2622 1721 ζῶν
2651 1657 2712 1709 τὸ
2743 1656 2954 1710 παιδίον
2984 1655 3291 1725 προσέταξε
3323 1659 3390 1726 τῇ
3420 1673 3628 1726 παραι-

2048 1755 2286 1824 τουμένη
2313 1753 2411 1824 τὴν
2437 1752 2646 1806 ἐκείνου
2679 1750 2944 1822 διαίρεσιν
2966 1766 2982 1784 ⁸
3001 1749 3174 1821 Αὕτη,
3200 1751 3400 1820 φήσας,
3427 1751 3461 1820 ή
3495 1749 3626 1803 τού-

2046 1863 2138 1899 του
2169 1847 2353 1917 μήτηρ
2391 1848 2559 1912 ἐστιν,
2593 1845 2628 1916 ἢ
2671 1841 2765 1899 τοῦ
2810 1843 3000 1907 παιδὸς
3025 1842 3300 1914 σφαγῆναι
3331 1842 3624 1912 μέλλοντος

2048 1940 2418 2010 ὑπερήλγησε.
2458 1939 2630 1993 Τοῦτο
2673 1939 2782 2001 πᾶς
2819 1940 2846 1991 ὁ
2875 1937 3002 2002 λαὸς
3047 1935 3275 2008 ἀκριϐὲς
3315 1935 3622 2005 τεκμήριον

2047 2031 2246 2103 ἔσχηκε
2300 2036 2399 2104 τῆς
2448 2031 2543 2086 τοῦ
2590 2030 2856 2102 βασιλέως
2905 2030 3251 2101 φρονήσεως.
3297 2028 3514 2090 Πάντας
3559 2025 3623 2080 δέ

2045 2127 2174 2188 τοὺς
2224 2124 2356 2194 πρὶν
2413 2125 2494 2187 εἰς
2551 2126 2746 2194 σοφίαν
2795 2122 2890 2177 καί¹
2936 2122 3200 2193 φρόνησιν
3247 2118 3620 2192 ὑπερϐέϐηκε.

2047 2216 2315 2282 Συνέταξε
2344 2216 2402 2271 δέ
2428 2215 2735 2288 τρισχιλίας
2779 2213 3110 2284 παραϐολὰς,
3137 2215 3231 2265 καὶ
3258 2227 3622 2281 πεντακισχι-

2045 2313 2163 2376 λίας
2193 2312 2360 2384 ᾠδὰς,
2390 2310 2485 2364 καὶ
2516 2307 2622 2363 ἀπὸ
2651 2307 2754 2376 τῆς
2784 2307 2976 2378 κέδρου
3005 2305 3109 2369 ἕως
3187 2303 3441 2357 ὑσσώπου
3491 2319 3624 2356 συν·

2045 2404 2351 2474 εγράψατο,
2378 2403 2474 2456 καὶ
2508 2403 2635 2472 περὶ
2662 2399 2875 2469 φύσεως
2909 2398 3064 2464 ζώων
3093 2398 3201 2451 τῶν
3221 2413 3283 2449 τε
3314 2396 3495 2460 πεζῶν
3527 2395 3626 2447 καὶ

2045 2497 2270 2569 ἀερίων,
2326 2496 2422 2550 καὶ
2469 2494 2705 2564 νηκτῶν,
2755 2492 2850 2546 καὶ
2897 2491 3006 2544 τῶν
3066 2489 3372 2560 ἰδιωμάτων
3437 2488 3622 2542 αὐτῶν

2045 2595 2274 2665 ἐξήτασε
2308 2594 2401 2647 καὶ
2443 2591 2826 2662 ἐφιλοσόφησε.
2859 2590 2970 2643 Καὶ
3018 2589 3160 2642 κατά
3203 2588 3311 2641 τῶν
3348 2586 3626 2656 δαιμόνων

2049 2687 2346 2757 ἐξεύρηκεν
2399 2683 2637 2756 ἐπῳδὰς,
2676 2685 2755 2746 είς
2805 2683 3114 2753 ἀνθρώπων
3163 2679 3473 2750 ὠφέλειαν·
3523 2677 3625 2730 καὶ

2045 2779 2282 2850 τρόπους
2319 2776 2606 2831 κατέλιπεν
2651 2775 3044 2847 ἐξορκώσεων,
3093 2771 3184 2838 αἷς
3234 2775 3303 2829 τὰ
3363 2771 3625 2840 δαιμόνια

2047 2871 2352 2925 ἐδιώκοντο.
2380 2871 2490 2923 Καὶ
2512 2868 2714 2940 ταύτην
2733 2871 2835 2941 τήν
2858 2863 3431 2940 θεραπείαν(α)φησὶνό
3448 2863 3616 2933 Ἰώση-

2048 2981 2148 3027 πος
2199 2963 2295 3018 καὶ
2326 2962 2520 3034 μέχρις
2567 2963 2780 3016 ἐκείνου
2815 2962 3042 3032 ἰσχύειν·
3083 2961 3179 3014 καί
3225 2978 3276 3012 τι
3325 2957 3622 3028 διηγεῖται,

2046 3058 2291 3112 τοιοῦτον
2309 3055 2471 3124 λόγον
2495 3054 2875 3124 πιστούμενος.
2914 3051 3183 3120 Ἐλεάζαρ
3203 3049 3312 3104 τῶν
3329 3045 3623 3118 ὁμοφύλων

364 3147 516 3216 λέγει
534 3147 837 3218 κεκτῆσθαί
857 3166 978 3201 τινα
1001 3148 1304 3216 δακτύλιον,
1355 3149 1548 3220 ἔχοντα
1571 3151 1677 3205 ὑπὸ
1705 3150 1806 3220 τὴν
1844 3151 2119 3222 σφραγῖδα
2144 3150 2318 3223 ῥίζαν,
2346 3149 2407 3215 ἐξ
2466 3142 2540 3203 ὧν
2567 3147 2810 3236 ὑπέδειξε
2841 3145 3113 3216 Σολομῶν·
3138 3145 3234 3198 καὶ
3255 3144 3447 3198 τοῦτον
3496 3149 3625 3205 ταῖς

368 3244 483 3313 ῥισὶ
513 3240 607 3294 τοῦ
655 3241 1022 3312 δαιμονῶντος
1054 3241 1410 3312 προσφέρειν,
1482 3244 1582 3295 καὶ
1616 3245 1683 3313 τῇ
1743 3241 2010 3314 ὀσφρήσει
2047 3242 2136 3296 διὰ
2183 3241 2293 3295 τῶν
2346 3242 2642 3312 μυκτήρων
2695 3233 2791 3291 τοῦ
2838 3237 3135 3307 πάσχοντος
3190 3236 3504 3302 ἐξέλκεσθαι
3558 3233 3625 3287 τὸ

365 3338 664 3407 δαιμόνιον.
700 3333 833 3392 Εἶτα
869 3340 963 3392 τοῦ
996 3339 1342 3410 Σολομῶντος
1385 3337 1754 3407 μεμνημένον,
1818 3339 2035 3408 ἐπῳδάς
2089 3354 2148 3391 τε
2191 3336 2372 3404 λέγειν
2426 3334 2487 3401 ἐξ
2547 3328 2622 3391 ὧν
2651 3335 2859 3397 ἐκεῖνος
2893 3333 3168 3396 συνέθετο,
3215 3333 3311 3386 καὶ
3353 3331 3623 3402 ἐξορκοῦν

367 3433 431 3486 τὸ
503 3434 782 3502 δαιμόνιον
831 3435 1030 3504 μηκέτι
1061 3434 1379 3490 ἐπανελθεῖν
1413 3435 1493 3498 εἰς
1522 3435 1615 3488 τὸν
1651 3433 1958 3504 ἄνθρωπον.
1996 3435 2166 3490 Τοῦτο
2222 3436 2316 3489 καὶ
2379 3430 2791 3487 Οὐεσπασιανοῦ
2821 3430 2917 3484 καὶ
2952 3430 3060 3484 τῶν
3084 3430 3217 3484 υἱῶν
3247 3429 3461 3485 ἐκείνου
3530 3431 3628 3484 ἐν·

369 3522 542 3577 ώπιον
567 3527 719 3591 λέγει
743 3526 969 3596 ποιῆσαι
999 3529 1092 3580 τὸν
1138 3526 1437 3598 Ἐλεάζαρ·
1475 3527 1570 3580 καὶ
1597 3525 1808 3580 διδόντα
1839 3528 1940 3598 τῆς
1979 3528 2122 3584 κατὰ
2191 3527 2301 3580 τῶν
2328 3526 2601 3597 δαιμόνων
2637 3524 2820 3593 ἰσχύος
2867 3521 3161 3587 ἀπῶειξιν,
3214 3520 3420 3576 τιθέναι
3449 3526 3627 3596 ποτή-

371 3637 488 3692 ριον
543 3619 750 3692 πλῇρες
802 3619 1029 3686 ὓδατος,
1081 3622 1175 3672 καὶ
1220 3620 1537 3674 ἐπιτάσσειν
1607 3619 1684 3689 τῷ
1733 3620 1951 3692 δαίμονι
2029 3620 2375 3692 ἐξερχομὲνῳ
2430 3618 2525 3673 τοῦ
2570 3619 2893 3688 πάσχοντος,
2943 3617 3245 3687 ἀνατρέψαι
3294 3615 3442 3681 αὐτὸ,
3515 3619 3625 3673 καὶ

367 3711 772 3779 ἀνατρέπεσθαι
831 3709 892 3762 τὸ
941 3710 1233 3782 ποτήριον,
1284 3710 1514 3780 μηδενὸς
1562 3709 1802 3781 δρῶντος
1854 3711 1946 3766 τδν
1982 3711 2381 3784 ἀνατρέπονται.

447 3803 1002 3861 1Χ..Εάίίίοειίοηεηι
1051 3802 1240 3873 templi
1282 3804 1596 3874 auspicatus
1636 3811 1720 3859 est
1741 3813 1941 3873 quarto

2111 3803 2188 3860 0'.
2216 3804 2460 3874 Ἤρξατο
2489 3802 2548 3856 δὲ
2597 3802 2696 3873 τῆς
2749 3800 3039 3872 οἰκοδομῆς
3091 3799 3185 3856 τοῦ
3212 3801 3343 3855 ναοῦ
3384 3802 3526 3856 κατὰ
3554 3805 3624 3858 τὸ

368 3915 514 3954 anno
541 3899 695 3969 regni
725 3899 834 3961 sui,
867 3912 1010 3952 anno
1032 3906 1158 3967 post
1185 3899 1391 3952 exitum
1411 3897 1597 3968 populi
1619 3913 1687 3953 ex
1709 3895 1942 3969 Egypto

2044 3896 2302 3965 τέταρτον
2338 3896 2458 3959 ἔτος
2484 3894 2585 3964 τῆς
2610 3893 2885 3964 βασιλείας
2913 3893 3102 3960 αὑτοῦ,
3143 3895 3284 3966 μετὰ
3307 3896 3402 3966 ἐτη
3429 3898 3527 3966 τῆς
3557 3886 3623 3962 ἐξ

369 3991 914 4062 quadringentesimo
937 3989 1378 4060 quadragesimo.
1414 3989 1619 4045 Verum
1647 3987 1716 4044 de
1741 3988 1940 4059 spatio,

370 4081 663 4136 altitudine
694 4089 751 4136 et
779 4079 1146 4150 longitudine,
1181 4079 1468 4148 formaque
1498 4079 1641 4149 ejus,
1671 4094 1780 4134 non
1813 4095 1946 4135 con-

371 4172 618 4227 sentiunt
655 4170 866 4241 Regum
908 4169 1048 4224 liber
1109 4170 1326 4235 tertius,
1381 4177 1438 4226 et
1489 4169 1764 4239 Iosephus
1801 4169 1944 4224 libro

370 4263 762 4333 Antiquitatum
790 4269 1008 4326 octavo,
1039 4260 1133 4316 ubi
1161 4260 1231 4316 de
1260 4261 1463 4331 templo
1485 4261 1681 4316 scribit
1711 4277 1729 4326 ;
1763 4261 1858 4315 sed
1887 4262 1943 4316 in

370 4353 483 4425 84
504 4355 783 4424 plerisque
815 4353 1150 4423 discrepant.
1184 4352 1357 4418 Quam
1401 4367 1596 4407 eorum
1638 4352 1946 4408 dissensio-

373 4461 520 4510 nem,
555 4454 613 4500 et
641 4446 769 4508 alia,
801 4454 862 4498 ut
885 4444 953 4499 de
981 4445 1200 4500 duobus
1232 4443 1508 4499 Cberuhis
1553 4443 1741 4498 aureis
1796 4444 1945 4500 circa

372 4536 531 4602 adyta
563 4534 866 4598 collocatis,
886 4534 954 4588 de
983 4548 1134 4597 arca,
1161 4533 1230 4588 de
1258 4533 1396 4588 mari
1425 4548 1604 4596 aeneo,
1657 4532 1727 4588 de
1772 4533 1947 4602 pelvi-

374 4627 498 4691 bus,
529 4627 597 4680 de
632 4625 1007 4694 magnitudine
1029 4627 1219 4680 altaris
1247 4625 1408 4690 aenei,
1441 4625 1511 4680 de
1541 4625 1718 4679 forma
1763 4638 1946 4678 aurea:

375 4732 601 4783 mensis,
629 4726 686 4772 et
704 4732 827 4789 quae
858 4733 984 4771 vasa
1013 4731 1181 4770 aurea
1209 4725 1268 4770 et
1295 4725 1554 4786 argentea
1605 4715 1808 4784 templo
1846 4715 1947 4770 Sa-

373 4811 559 4865 lomon
575 4809 866 4872 dedicarit,
900 4809 994 4878 qui
1035 4808 1306 4862 curiosius
1332 4821 1668 4877 cognoscere
1685 4806 1943 4872 voluerit,

376 4903 504 4959 isea
537 4903 593 4958 in
613 4903 778 4957 tertio
800 4901 941 4956 libro
975 4903 1206 4971 Regum,
1236 4911 1293 4954 et
1314 4900 1367 4955 in
1396 4899 1619 4969 Josephi
1643 4901 1950 4970 Antiquita-

377 4997 515 5050 tibus
537 5003 790 5049 accurate
811 4993 1085 5064 descripta
1115 4994 1377 5048 inveniet.
1399 4993 1627 5062 Tentplo
1647 5009 1772 5048 curn
1795 4993 1944 5049 omni

375 5097 573 5142 ornatu
609 5089 768 5144 annis
793 5097 1000 5157 septem
1056 5085 1321 5157 perfecto,
1376 5085 1689 5156 populoque
1727 5101 1757 5140 a
1813 5101 1941 5155 rege
1977 5065 2019 5120 υ

376 5179 748 5250 Hierosolyma
781 5187 1104 5243 convocato,
1140 5177 1454 5233 sacerdotes
1479 5192 1657 5231 arcam
1679 5185 1732 5232 et
1760 5177 1942 5231 taber-

373 5271 634 5325 naculum
663 5285 692 5322 a
723 5267 872 5324 Mose
908 5268 1070 5333 facta,
1098 5280 1155 5324 et
1184 5283 1341 5324 sacra
1377 5282 1503 5322 vasa
1557 5267 1611 5320 in
1671 5266 1936 5336 templum

375 5364 794 5430 transtulerunt,
839 5379 966 5434 rege
1009 5373 1066 5418 et
1119 5362 1270 5418 omni
1314 5361 1520 5432 popqu
1568 5359 1937 5430 praecedente,

373 5457 554 5512 Ievitis
584 5456 884 5512 libantibus
923 5466 980 5511 et
1015 5456 1377 5512 suiﬁentibus.
1397 5456 1558 5519 Area,
1579 5454 1635 5509 iu
1683 5470 1790 5525 qua
1818 5455 1941 5510 dure

370 5549 599 5619 lapideae
634 5549 830 5603 tabulae
879 5549 1115 5611 inerant,
1181 5548 1234 5601 in
1298 5547 1519 5617 adytum
1569 5545 1807 5614 reposita
1852 5555 1939 5600 est

372 5643 515 5698 inter
538 5643 678 5698 duos
703 5641 1010 5697 Cherubos.
1047 5639 1438 5696 Sacerdotibus
1478 5638 1701 5709 adytum
1749 5654 1936 5708 egres-

373 5731 470 5796 sis,
500 5733 698 5788 domus
729 5734 900 5804 gloria
929 5734 1145 5789 Domini
1181 5733 1385 5802 repleta
1409 5741 1514 5798 est,
1539 5741 1596 5786 et
1624 5732 1800 5786 nubes
1837 5730 1936 5788 toti

2045 3988 2328 4057 Αἰγύπτου
2381 3988 2784 4058 ὑποχωρήσεως
2822 3986 2916 4041 τοῦ
2961 3985 3094 4042 λαοῦ
3136 3988 3462 4059 τετρακόσια
3493 4005 3626 4042 τεσ-

2047 4080 2378 4149 σαράκοντα.
2417 4080 2556 4149 Περὶ
2605 4078 2664 4132 δέ
2711 4077 2806 4130 τοῦ
2862 4080 3065 4148 μέτρου
3096 4077 3192 4130 τοῦ
3223 4077 3392 4147 ὕψους
3421 4079 3621 4144 αὐτοῦ,

2046 4172 2140 4225 καὶ
2177 4169 2274 4223 τοῦ
2325 4170 2555 4240 μήκους,
2611 4169 2706 4222 καὶ
2760 4168 2858 4236 τῆς
2893 4167 3086 4222 τούτου
3122 4170 3493 4240 κατασκευῆς,
3516 4173 3624 4244 οὐχ

2045 4261 2421 4333 δμοφωνοῦσιν
2464 4261 2518 4334 ἦ,
2542 4277 2602 4313 τε
2622 4260 2780 4332 τρίτη
2819 4260 2929 4313 τῶν
2959 4259 3258 4315 Βασιλειῶν
3305 4265 3400 4316 καὶ
3427 4262 3628 4335 Ἰώση-

2046 4373 2146 4419 πος
2169 4357 2227 4408 ἐν
2249 4353 2326 4425 τῷ
2355 4353 2526 4425 ὀγδόῳ
2549 4352 2694 4424 λόγῳ
2722 4352 2822 4423 τῆς
2847 4352 3314 4423 Ἀρχαιολογίας,
3357 4356 3487 4426 περὶ
3519 4357 3623 4411 τοῦ

2045 4446 2177 4502 ναοῦ
2204 4447 2678 4518 συγγραφόμενος,
2715 4444 2831 4498 ἀλλ’
2861 4447 2920 4497 ἐν
2948 4447 3064 4508 τοῖς
3088 4445 3302 4498 πλείοσι
3332 4445 3625 4517 διαφέρον-

2044 4555 2156 4592 ται.
2202 4539 2261 4592 '0
2291 4539 2349 4592 δέ
2377 4539 2443 4592 τὰ
2482 4535 2612 4606 περί⁵
2647 4535 2747 4604 τῆς
2773 4534 3038 4604 διαφορᾶς
3070 4537 3208 4607 πρὸς
3237 4536 3434 4607 βουλῆς
3457 4541 3625 4611 ἀκρι-

2049 4628 2349 4698 εώσασθαι,
2407 4632 2501 4684 καὶ
2559 4636 2688 4704 περὶ
2717 4637 2826 4689 τῶν
2859 4635 2954 4689 δύο
3011 4637 3297 4708 Χερουϐὶμ
3345 4637 3624 4708 ἃχρυσοῦ

2049 4724 2282 4793 ποιήσας
2312 4725 2456 4779 κατά
2481 4724 2541 4778 τὸ
2564 4725 2760 4780 ἄδυτον
2792 4729 3012 4799 ἔστησε,
3051 4731 3149 4783 καὶ
3177 4732 3424 4801 περὶτῆς
3451 4733 3624 4787 κιϐω-

2046 4814 2164 4880 τοῦ,
2193 4817 2290 4868 καὶ
2319 4818 2418 4885 τῆς
2449 4819 2660 4889 χαλκῆς
2710 4821 3008 4890 Θαλάσσης,
3066 4823 3163 4875 καὶ⁵
3189 4823 3300 4876 τῶν
3347 4822 3620 4894 λούτρων,

2047 4908 2140 4960 καὶ
2196 4907 2425 4977 πηλίκον
2475 4905 2544 4981 ἦν
2578 4911 2637 4964 τὸ
2669 4911 2902 4981 χάλκεον
2953 4914 3356 4986 θυσιαστήριον,
3393 4917 3482 4969 οἵα
3509 4915 3558 4968 δ’
3586 4918 3622 4987 ή

2045 4992 2298 5070 τράπεζα
2354 5002 2388 5070 ή
2441 5003 2644 5074 χρυσῆ,
2693 5007 2787 5056 καὶ
2825 5005 2924 5057 ὅσα
2950 5008 3119 5073 σκεύη
3152 5005 3402 5077 ἀργύρεά
3430 5023 3490 5059 τε
3521 5009 3623 5061 καὶ

2047 5090 2256 5159 χρύσεα
2283 5090 2536 5160 Σολομῶν
2563 5094 2786 5148 ἀνέθετο
2806 5095 2882 5165 τῷ
2913 5096 3047 5166 ναῷ,
3095 5097 3192 5150 καὶ
3220 5113 3286 5149 πε
3294 5099 3350 5168 pl.
3376 5097 3486 5150 τῶν
3516 5098 3588 5152 ἄλ

2047 5181 2153 5234 λων
2172 5222 2187 5247 ,
2217 5183 2249 5248 ή
2277 5183 2432 5252 τρίτη
2460 5183 2571 5236 τῶν
2600 5185 2898 5240 Βασιλειών
2933 5187 3136 5258 βίϐλος,
3174 5189 3268 5242 καί
3321 5190 3624 5260 ἀρχαιολο·

2046 5273 2161 5342 γῶν
2189 5275 2218 5326 ὁ
2266 5274 2529 5342 Ἰώσηπος
2559 5277 2853 5349 ἀρκέσουσι
2899 5280 3359 5352 παραστήσασθαι
3394 5284 3497 5353 τήν
3532 5287 3605 5356 ἐφ

2046 5367 2264 5437 ἑκάστῳ
2298 5367 2608 5438 ἀκρίϐειαν.
2659 5369 2747 5421 Ἐν
2770 5369 2918 5423 ἔτεσι
2965 5371 3024 5424 δέ
3061 5371 3202 5425 ἑπτὰ
3236 5372 3562 5438 συντελέσας
3590 5375 3624 5429 δ

2045 5457 2296 5528 βασιλεὺς
2330 5460 2420 5513 τόν
2454 5477 2515 5512 τε
2549 5460 2674 5514 ναὸν
2701 5463 2794 5516 καὶ
2821 5463 2918 5516 ὅσα
2957 5465 3084 5532 περί
3116 5465 3350 5529 ἐκεῖνον,
3381 5467 3626 5521 συνεκά-

2044 5551 2166 5605 λεσε
2188 5553 2280 5605 τὸν
2313 5552 2442 5606 λαὸν
2472 5555 2552 5616 εἰς
2592 5550 2962 5625 Ἰεροσόλυμα.
2992 5557 3102 5608 Kal.
3133 5556 3371 5626 ἄραντες
3391 5557 3493 5629 τὴν
3529 5576 3622 5613 κι-

2044 5638 2217 5690 ϐωτὸν
2243 5641 2292 5690 οἰ
2325 5640 2512 5712 ἱερεῖς,
2542 5642 2639 5694 καὶ
2664 5641 2763 5713 τὴν
2794 5644 3000 5715 σκηνὴν
3025 5645 3092 5715 ἢν
3119 5636 3360 5715 ἐπήξατο
3382 5647 3618 5718 Μωσῆς,

2042 5731 2140 5784 καὶ
2165 5730 2234 5784 τὰ
2261 5731 2319 5785 έν
2353 5735 2474 5797 ταῖς
2503 5733 2717 5801 θυσίαις
2749 5735 3168 5808 ὑπηρετούμενα
3227 5738 3420 5809 σκεύη,
3471 5741 3616 5809 πρὸς

462 5828 534 5892 (a)
563 5831 638 5882 De
669 5831 744 5884 his
775 5845 888 5896 qua
915 5831 996 5884 hic
1015 5831 1230 5883 Zonaras
1254 5844 1314 5884 ex
1347 5830 1567 5894 Josepho
1590 5837 1753 5882 narrat
1780 5832 1891 5882 vide
1917 5831 2293 5883 Testamentum
2322 5832 2598 5885 Salomonis
2625 5832 2922 5897 Patroiogla:
2945 5837 3063 5884 tom.
3087 5830 3274 5884 CXX".
