3958 6204
241 298 328 362 173

1511 290 1928 352 ANNALIUM
1969 292 2122 354 LIB.
2155 292 2232 353 II.

3359 300 3472 368 .174

232 408 620 479 συνετρέφοντο,
654 407 752 462 τοῦ
779 407 1102 479 σκέμματος
1137 404 1533 476 κεκοινώνηκε,
1567 407 1662 460 καὶ
1683 405 1784 476 τὴν

1901 406 2174 462 seniorum
2195 406 2560 476 exposito,illi
2575 418 2833 465 auctores
2851 419 2999 477 sunt,
3019 415 3338 481 utasperius
3349 427 3474 487 agat

227 504 320 556 τῶν
347 499 738 571 πρεσευτέρων
767 499 941 554 εἰπὼν
965 498 1305 570 συμϐουλήν.
1363 497 1430 553 Oi
1470 497 1530 552 δὲ
1573 498 1784 568 τραχύ-

225 612 360 667 τερον
408 592 559 662 αὐτῷ
592 593 1000 661 προσομιλῆσαι
1048 589 1128 662 τῷ
1156 589 1272 660 λαῷ
1327 589 1783 655 συνεϐούλευσαν,
1822 649 1829 654 ,

227 686 468 748 καὶτοὺς
527 685 726 753 λόγους
767 683 1073 752 ἀναλόγους
1123 682 1202 752 τῷ
1254 683 1356 751 τῆς
1403 683 1580 754 ἀρχῆς
1635 682 1787 753 ὄγκῳ

224 778 577 849 ποιήσασθαι,
643 779 741 830 καὶ
797 775 878 846 τῷ
957 773 1230 845 βασιλικῷ
1286 773 1586 843 ἀξιώματι.
1673 776 1788 828 Καὶ

223 870 270 934 ὃς
320 869 526 931 τούτοις
593 868 918 930 προσέθετο,
967 867 1061 919 καὶ
1093 867 1219 918 ἐπεὶ
1267 866 1330 920 τὸ
1361 865 1572 935 πλῆθος
1627 860 1786 928 αὖθις

223 961 594 1030 ουἰεληλύθειο
641 962 708 1014 Ei
742 957 848 1012 τὸν
892 957 1074 1027 ζυγὸν
1123 957 1270 1026 ὑμῖν
1317 957 1708 1026 ἐσκλήρυνεν
1755 960 1788 1011 ὀ

222 1051 402 1121 πατήρ
446 1068 599 1119 μου,
629 1051 762 1119 ἔφη,
825 1049 1043 1102 τοῦτον
1092 1049 1280 1114 αὐτὸς
1343 1046 1550 1112 ἐπάξω
1594 1048 1786 1116 ,βαρύσ-

220 1161 406 1212 τερονο
441 1143 542 1198 καὶ
577 1145 630 1196 ει
679 1141 972 1210 μάστιξιν
1027 1141 1268 1206 ἐκεῖνος
1313 1141 1610 1210 ἐκέχρητο
1655 1140 1786 1194 καθ’

220 1235 386 1304 ὑμῶν,
440 1233 765 1300 σκορπίοις
822 1232 982 1298 ὑμᾶς
1013 1231 1262 1286 κολάσω
1293 1233 1477 1297 αὐτός
1497 1248 1510 1261 ’
1536 1229 1640 1285 καί
1667 1249 1788 1301 μου

219 1326 314 1393 τῆς
372 1325 777 1395 σμικρότητος
837 1325 1181 1392 παχυτέρας
1232 1324 1344 1392 τῆς
1386 1324 1619 1393 ὀσφύος
1680 1323 1788 1378 τοῦ

217 1419 426 1487 πατρὸς
481 1413 945 1485 πειραθήσεὸᾞε.
984 1415 1208 1469 Τούτων
1235 1415 1297 1469 τὸ
1347 1414 1555 1485 πλῆθος
1616 1414 1791 1469 ἀκοῦ·

217 1527 323 1572 σαν,
371 1508 474 1574 Τίς
503 1508 650 1578 ἡμῖν
674 1508 845 1577 μερὶς
913 1509 984 1562 ἐν
1037 1507 1236 1572 Δαόὶδ,
1275 1505 1614 1577 ,ἐξεϐόησαν.
1679 1509 1790 1562 Καὶ

215 1602 783 1670 ἀποδυσπετήσαντες,
807 1599 1080 1670 ἀπῄεσαν.
1103 1598 1429 1668 Πέμψαντος
1458 1598 1514 1651 δὲ
1549 1597 1791 1669 Ῥοϐοὰμ

214 1693 310 1745 τῶν
363 1690 592 1745 οἰκείων
629 1691 728 1744 ἕνα
759 1690 1114 1761 διαλεχθῆναι
1172 1690 1362 1752 αὐτοῖς
1397 1692 1491 1744 καὶ
1520 1691 1788 1762 πραῧναι,

213 1785 450 1838 ἔκτειναν
471 1785 565 1836 ὑπ’
584 1783 759 1854 ὀργῆς
784 1784 874 1837 τὸν
901 1783 1070 1853 ἄνδρα
1097 1782 1641 1852 λιθολευστήσαντες.
1673 1784 1792 1838 Ῥο-

211 1879 347 1949 Βοὰμ
375 1878 432 1931 δὲ
461 1877 668 1940 δείσας,
712 1879 792 1939 εἰς
833 1875 1186 1946 Ἱεροσόλυμα
1221 1876 1488 1945 πέφευγε,
1514 1893 1793 1946 παραμει-

208 1973 372 2040 νάσης
416 1970 573 2040 αὐτῷ
619 1970 718 2039 τῆς
773 1968 949 2022 Ἰούδα
1006 1969 1202 2039 φυλῆς,
1260 1971 1355 2022 καὶ
1389 1970 1485 2022 σὺν
1516 1969 1652 2040 αὐτῇ
1695 1971 1792 2040 τῆς

208 2063 603 2134 Βενιαμίτιδος.
633 2062 700 2116 Al
721 2062 783 2116 δέ
801 2079 864 2131 γε
890 2061 1076 2115 λοιπαὶ
1094 2061 1194 2132 ἤδη
1217 2061 1314 2115 τοῦ
1341 2061 1625 2131 Ἰεροὸοὰμ
1656 2063 1794 2116 ἐπα-

210 2154 486 2217 νελθόντος
521 2155 591 2206 ὲκ
609 2153 709 2223 τῆς
736 2153 1041 2221 Αἰγύπτου,
1070 2153 1211 2221 μετὰ
1234 2151 1490 2224 τελευτὴν
1515 2151 1796 2224 Σολομῶν-

212 2267 318 2316 τος,
342 2249 649 2303 καλέσασαι
680 2248 867 2309 αὐτὸν,
906 2247 1111 2300 εἴλοντο
1165 2246 1413 2318 βασιλέα.
1469 2245 1708 2316 Ῥοόοὰμ
1739 2247 1796 2300 δὲ

214 2341 537 2414 ⁴ιξτοιμάζετο
597 2339 943 2410 μαχέσασθαι
1001 2341 1111 2402 τοῖς
1148 2338 1514 2411 Ἰσραηλίταις
1541 2339 1796 2411 περὶτῆς

218 2433 509 2504 βασιλείας,
538 2433 636 2485 καὶ
663 2431 743 2503 τῷ
786 2431 1070 2502 Ἰεροόοάμ
1092 2449 1107 2464 ·
1137 2431 1386 2502 ἐκωλύθη
1436 2432 1492 2485 δὲ
1521 2432 1673 2504 παρὰ
1700 2431 1797 2487 τοῦ

218 2525 338 2578 Θεοῦ
382 2523 477 2577 διὰ
520 2521 622 2575 τοῦ
663 2523 944 2594 προφήτου
977 2521 1214 2591 Σαμαία.
1264 2519 1574 2593 Ἱεροὸοὰμ,
1612 2521 1797 2586 δείσας

220 2617 286 2689 μὴ
305 2618 363 2670 τδ
392 2615 604 2684 πλῆθος
648 2615 727 2678 είς
768 2613 1122 2685 Ἰεροσόλυμα
1150 2613 1333 2679 ἀπιὸν,
1389 2615 1486 2669 καὶ
1525 2617 1638 2678 τοῖς
1680 2615 1799 2668 ἐκεῖ

220 2709 780 2780 συναναμιγνύμενον,
845 2709 1157 2778 ἐπιστραφῇ
1210 2707 1348 2778 πρὸς
1386 2708 1478 2760 τὸν
1529 2705 1797 2776 πρότερον

215 2803 367 2858 αὑτοῦ
403 2801 659 2872 βασιλέα,
693 2800 788 2853 καὶ
832 2799 1136 2870 καταλείψῃ
1168 2799 1333 2853 αὐτὸν
1359 2841 1373 2864 ,
1405 2797 1498 2852 δύο
1535 2799 1800 2868 δαμάλεις

216 2897 508 2967 εἰργάσατο
539 2897 605 2947 ἐκ
632 2892 861 2964 χρυσοῦ,
893 2893 990 2947 καὶ
1019 2893 1172 2946 ἔθετο
1219 2891 1320 2961 τὴν
1347 2892 1446 2962 μὲν
1474 2894 1531 2946 ὲν
1571 2891 1798 2962 Βαιθήλ,

215 2989 304 3060 τὴν
326 2989 370 3041 δ’
400 2987 608 3057 ἑτέραν
647 2989 706 3039 ὲν
737 2986 866 3040 Δάν.
905 2987 1014 3041 Καὶ
1044 2984 1416 3055 ἐκκλησιάσας
1452 2985 1514 3038 τὸ
1571 2983 1799 3056 πλῆθος,

213 3079 532 3150 Πωταχοῦ
564 3080 598 3134 ὁ
623 3079 766 3145 Θεός
794 3079 986 3144 ἐστιν,
1023 3071 1198 3142 εἶπεν,
1232 3096 1280 3132 ω
1306 3075 1543 3144 ἄνδρες,
1568 3078 1708 3132 ἀλλ’
1729 3079 1800 3131 οὐ
1831 3115 1872 3170 C

210 3180 395 3246 μόνον
422 3177 499 3230 ἐν
543 3176 1012 3244 Ἰεροσολύμοις.
1048 3173 1206 3228 Ἰδοὺ
1239 3168 1354 3228 οὖν
1377 3172 1488 3228 δύο
1514 3173 1802 3243 δαμάλεις

215 3273 513 3340 πεποίηκα
546 3272 636 3336 εὶς
668 3268 853 3337 ὄνομα
910 3267 1017 3323 τοῦ
1060 3266 1228 3332 Θεοῦ,
1276 3266 1378 3321 καὶ
1425 3265 1628 3320 οὐκέτι
1658 3267 1806 3336 ὑμῖν

214 3365 441 3436 ἀνάγκη
489 3363 857 3432 πορεύεσθαι
888 3363 976 3427 εις
1003 3363 1408 3429 Ἰεροσόλυμα.
1447 3361 1802 3431 Ἀπερχόμε-

213 3476 301 3513 τοι
342 3458 396 3512 δ’
423 3461 517 3523 εις
546 3455 758 3522 αὐτὰς,
787 3454 1185 3523 προσκυνεῖτε
1210 3455 1309 3508 καὶ
1338 3455 1511 3509 θύετε
1538 3470 1552 3485 ο
1603 3453 1702 3509 καὶ
1723 3455 1803 3508 ls-

209 3551 330 3620 ρεῖς
355 3552 474 3621 γὰρ
524 3549 598 3613 ἐξ
630 3546 796 3618 ὑμῶν
827 3546 1026 3602 αὐτῶν
1055 3547 1377 3611 ἀποδείξω.
1429 3547 1653 3612 Τούτοις
1682 3547 1806 3612 ἐξα-

218 3640 480 3709 πατηθεὶς
513 3641 544 3692 ὁ
590 3638 740 3702 λαὸς,
785 3636 854 3690 τά
904 3654 962 3690 τε
993 3637 1203 3705 πάτρια
1265 3636 1645 3707 παραϐέϐηκε,
1710 3639 1805 3689 καὶ

220 3733 539 3806 παρώργισε
581 3733 672 3786 τὸν
699 3731 856 3797 Θεὸν,
885 3732 960 3796 ὡς
991 3731 1084 3786 καὶ
1107 3731 1186 3794 εἰς
1212 3731 1592 3801 αἰχμαλωσίαν
1620 3747 1804 3801 παρα-

217 3826 435 3898 δοθῆναι
494 3829 614 3889 τοῖς
664 3823 981 3894 ἀλλοφύλοις
1026 3824 1119 3877 τον
1172 3822 1410 3894 Ἰσραήλ.
1471 3822 1712 3892 Ποιήσας
1746 3820 1804 3874 δὲ

220 3920 379 3986 ἱερεῖς
423 3915 718 3988 Ἰεροϐοάμ
769 3917 863 3970 καὶ⁹
904 3916 1313 3985 θυσιαστήριον,
1377 3911 1646 3984 ὲώρτασε,
1709 3912 1806 3965 καὶ

217 4012 381 4082 ἀνέὗη
443 4011 613 4073 αὐτὸς
659 4009 753 4062 ἐπὶ
804 4008 895 4061 τὸν
954 4006 1157 4077 βωμὸν,
1230 4010 1325 4059 καὶ
1388 4005 1516 4074 περὶ
1566 4004 1730 4058 αὑτὸν
1755 4005 1805 4057 οἱ

219 4104 398 4175 ἱερεῖς.
450 4101 566 4155 Καὶ
594 4101 697 4171 ήδη
729 4099 977 4170 μέλλοντι
1014 4097 1182 4162 θύειν,
1233 4096 1481 4167 παρέστη
1515 4097 1806 4167 προφήτης

219 4195 431 4257 σταλεὶς
453 4196 519 4247 ἐκ
545 4191 709 4256 Θεοῦ,
741 4193 837 4246 καὶ
867 4187 988 4245 εἷπε
1008 4208 1021 4221 ·
1065 4189 1209 4245 Τάδε
1238 4189 1400 4258 λέγει
1426 4191 1660 4257 Κύριος
1695 4191 1805 4242 Θυ-

1889 511 2013 550 cum
2056 495 2281 566 populo,
2299 506 2358 551 et
2393 512 2497 566 pro
2517 499 2846 554 auctoritate
2875 501 3093 570 imperii
3121 517 3184 558 ac
3213 506 3375 573 regiae
3392 507 3478 560 di-

1888 590 2113 659 gnitatis
2136 589 2359 660 fastigio
2385 590 2552 646 verba
2575 591 2761 646 faciat.
2793 593 3109 650 Roboamus
3137 595 3332 650 horum
3353 611 3478 652 sen-

1891 682 2062 736 tentia
2079 683 2457 751 comprobata,
2473 698 2596 738 cum
2616 686 2852 754 populus
2869 687 3067 740 iterum
3097 688 3475 743 convenisset:

1888 770 1946 828 Si
1965 786 2118 842 pater
2139 790 2306 837 meus,
2337 775 2539 843 inquit,
2557 776 2748 830 durum
2768 777 2910 830 vobis
2926 777 3108 847 iugum
3129 778 3404 848 imposuit,
3423 780 3478 834 id

1889 867 1998 935 ipse
2024 866 2349 936 exasperabo
2377 868 2460 920 :si
2488 867 2714 938 ﬂagellis
2745 867 2836 923 ille
2862 885 2950 922 vos
2978 871 3184 932 cecidit,
3209 888 3302 941 ego
3333 888 3482 925 scor-

1889 958 2132 1028 pionibus
2163 960 2215 1012 in
2235 976 2322 1012 vos
2349 960 2767 1014 animadvertam
2793 976 2809 1014 :
2835 971 2883 1014 et
2907 962 3044 1030 quod
3068 963 3122 1015 in
3148 979 3228 1016 me
3260 980 3481 1031 parvum

1892 1061 1990 1116 est,
2019 1053 2074 1106 id
2112 1055 2345 1107 crassius
2373 1054 2608 1121 paternis
2634 1052 3201 1124 lumbisexperiemini.
3225 1054 3318 1108 llis
3336 1055 3476 1110 mul-

1892 1145 2071 1200 titudo
2101 1145 2340 1200 auditis:
2371 1144 2500 1210 Quae
2522 1146 2666 1199 nobis
2690 1147 2747 1198 in
2767 1145 2967 1200 Davide
2993 1163 3119 1215 pars
3151 1155 3224 1200 est
3249 1148 3274 1198 ?
3294 1146 3483 1201 excla-

1892 1252 2070 1301 mans,
2121 1253 2250 1307 rege
2289 1236 2538 1292 fastidito
2584 1237 2841 1292 discedit.
2873 1237 3010 1294 Cum
3046 1247 3230 1294 autem
3262 1239 3483 1293 Roboa-

1892 1345 2018 1384 mus
2051 1329 2348 1398 quemdam
2393 1345 2622 1384 suorum
2665 1329 3021 1384 familiarium
3071 1329 3338 1394 misisset,
3383 1331 3480 1401 qui

1891 1421 2243 1478 mollioribus
2277 1422 2468 1477 verbis
2514 1423 2779 1493 populum
2810 1423 3077 1492 placaret,
3108 1439 3238 1480 eum
3257 1425 3368 1494 87
3400 1425 3482 1479 ira

1892 1515 2156 1570 concitati
2191 1515 2469 1586 lapidibus
2499 1526 2890 1584 peremerunt;
2917 1531 3028 1586 quo
3053 1518 3218 1576 facto.
3240 1518 3332 1572 ille
3356 1533 3484 1587 per-

1894 1605 2128 1661 territus
2158 1603 2536 1676 Hierosolyma
2561 1606 2830 1675 confugit,
2855 1608 2972 1662 sola
2995 1608 3222 1663 Iudaica
3260 1616 3316 1663 et
3339 1608 3482 1663 Ben-

1889 1694 2138 1765 jamitica
2191 1694 2337 1749 tribu
2379 1709 2549 1764 penes
2577 1710 2637 1750 se
2670 1705 2905 1751 retenta.
2938 1697 3181 1766 Reliqua:
3213 1697 3482 1752 Jeroboa-

1904 1800 2082 1850 mum,
2108 1785 2368 1841 defuncto
2394 1784 2686 1840 Salomone
2711 1802 2780 1842 ex
2805 1787 3040 1857 AZgypto
3066 1803 3370 1853 reversum,
3401 1806 3488 1846 re.-

1899 1893 2021 1948 gem
2056 1887 2335 1934 crearunt.
2371 1878 2542 1948 Cujus
2574 1895 2685 1933 una
2710 1895 2833 1935 cum
2867 1881 3136 1936 lsraelitis
3163 1882 3309 1937 bello
3335 1884 3488 1938 inva-

1901 1970 2065 2025 dendi
2090 1970 2318 2025 consilia
2334 1971 2638 2041 agitantem
2668 1973 3037 2038 Roboamum,
3065 1973 3211 2028 Deus
3252 1989 3348 2044 per
3388 1973 3488 2029 Sa-

1902 2077 2092 2118 mariam
2124 2071 2302 2117 vatem
2335 2061 2599 2118 inhibuit.
2631 2065 2853 2120 Veritus
2903 2077 3087 2121 autem
3122 2065 3486 2120 Jeroboamus

1903 2171 1974 2211 ne
1996 2155 2317 2223 multitudo,
2350 2156 2727 2228 Hierosolyma
2758 2157 3026 2227 profecta,
3055 2158 3273 2213 illorum
3309 2159 3490 2213 horni-

1903 2262 2036 2301 num
2069 2247 2405 2302 commercio
2425 2247 2495 2301 ad
2517 2247 2758 2317 priorem
2798 2263 3004 2318 regem,
3034 2264 3093 2304 se
3123 2248 3368 2314 deserto,
3401 2265 3489 2305 rc-

1903 2339 2394 2406 verteretur,duos
2422 2339 2629 2395 vitulos
2654 2355 2854 2394 aureos
2889 2341 3197 2396 conilatiles
3232 2341 3382 2407 facit,
3405 2341 3488 2396 al-

1905 2442 2025 2487 tero
2052 2431 2298 2497 Bethele,
2324 2432 2475 2487 Dane
2524 2432 2700 2487 altero
2763 2432 3073 2500 collocato;
3113 2434 3490 2506 advocataque

1905 2523 2172 2580 concione
2197 2543 2209 2578 :
2233 2524 2394 2591 Deus,
2415 2525 2615 2594 inquit,
2633 2526 2756 2591 viri,
2774 2525 2962 2595 ubique
2994 2537 3090 2593 est,
3111 2543 3216 2582 non
3245 2527 3494 2584 Hieroso-

1907 2616 2062 2687 lymis
2080 2619 2364 2674 duntaxat.
2415 2618 2528 2688 Ego
2561 2620 2724 2688 igitur
2767 2617 2864 2671 Dei
2903 2621 3112 2674 nomine
3145 2621 3274 2675 duos
3303 2623 3493 2678 vitulos

1906 2713 2024 2781 feci,
2044 2711 2448 2781 nequeipostltac
2472 2713 2614 2766 vobis
2644 2726 2849 2766 necesse
2875 2713 2975 2765 erit
2999 2715 3076 2767 ire
3102 2713 3490 2785 Hierosolyma,

1905 2797 1996 2852 sed
2012 2799 2083 2851 ad
2097 2799 2188 2852 hos
2201 2799 2445 2868 profecti,
2465 2799 2687 2852 adorate
2711 2807 2758 2852 et
2771 2800 3071 2867 sacriﬁcate
3087 2817 3106 2854 :
3134 2818 3260 2856 nam
3279 2819 3306 2856 e
3327 2813 3494 2858 vestro

1909 2908 2130 2947 numero
2156 2893 2454 2946 sacerdotes
2487 2892 2795 2963 designabo.
2832 2893 2927 2947 llis
2960 2894 3198 2963 populus
3233 2895 3496 2952 Israeliti-

1909 3002 2010 3042 cus
2039 2986 2328 3056 deceptus,
2365 2986 2562 3057 patriis
2597 2986 2865 3042 institutis
2911 2986 3150 3053 violatis,
3189 2987 3326 3042 iram
3373 2989 3494 3046 Nu-

1911 3078 2078 3140 minis
2098 3078 2152 3134 in
2178 3095 2237 3134 se
2263 3078 2608 3148 provocavit,
2643 3089 2704 3134 ut
2730 3078 3053 3150 alienigenis
3079 3078 3134 3133 in
3171 3079 3492 3135 servitutem

1912 3173 2245 3229 traderetur.
2265 3171 2628 3227 Jeroboamus
2650 3179 2856 3236 autem,
2884 3153 3267 3226 sacerdotibus
3295 3172 3495 3226 creatis

1907 3282 2114 3337 araque
2152 3273 2455 3330 exstructa,
2498 3263 2700 3319 festum
2749 3262 3032 3328 celebrat;
3081 3278 3495 3334 conscensaque

1907 3373 2024 3424 ara,
2048 3374 2174 3413 cum
2198 3355 2580 3413 sacerdotibus
2610 3354 2924 3410 astantibus
2942 3355 3054 3426 jam
3079 3355 3496 3413 sacriﬁcaturus

1907 3464 2075 3520 esset,
2111 3455 2383 3525 propheta
2431 3468 2461 3508 a
2511 3452 2623 3508 Deo
2653 3451 2856 3506 missus
2891 3469 2905 3506 :
2957 3451 3102 3514 Hice,
3133 3452 3338 3523 inquit,
3367 3454 3497 3506 dicit

1908 3546 2166 3600 Dominus
2198 3560 2216 3598 :
2253 3543 2395 3598 Heus
2425 3560 2550 3604 ara,
2581 3544 2679 3596 erit
2709 3543 2928 3612 quidam
2953 3558 3016 3596 ex
3054 3543 3247 3606 David,
3285 3543 3498 3596 nomine

1905 3637 2103 3703 Josias,
2125 3637 2214 3706 qui
2231 3636 2530 3690 sacerdotes
2562 3643 2678 3688 tuos
2703 3651 2867 3705 supra
2894 3644 2944 3688 te
2966 3634 3279 3698 immolabit,
3305 3643 3353 3688 et
3378 3650 3498 3687 ossa

1908 3743 2090 3781 eorum
2141 3725 2430 3780 comburet.
2487 3724 2551 3779 Ut
2606 3733 2784 3778 autem
2833 3723 2990 3777 verba
3041 3738 3158 3775 mea
3207 3737 3333 3775 vera
3387 3737 3498 3774 esse

1908 3828 2130 3884 constet,
2163 3831 2440 3890 rumpetur
2466 3835 2590 3882 ara,
2619 3825 2667 3870 et
2699 3815 2960 3886 pinguedo
2989 3816 3043 3867 in
3081 3831 3142 3868 ea
3175 3815 3278 3868 sita
3307 3814 3497 3884 funde-

1909 3920 1996 3966 tur
2025 3911 2191 3965 humi.
2247 3909 2442 3965 Statim
2493 3907 2580 3960 his
2631 3905 2816 3966 dictis.
2851 3911 2909 3959 et
2958 3919 3052 3958 ara
3103 3907 3402 3975 rumpitur,
3437 3913 3495 3960 et

1908 4000 2187 4072 pinguedo
2242 3998 2593 4052 victimarum
2647 3994 2984 4061 eﬂ‘unditur;
3059 4003 3115 4049 et
3170 3994 3494 4050 Jeroboami

1911 4108 2130 4156 manus,
2148 4100 2326 4160 quam
2369 4087 2696 4144 extenderat
2729 4088 3055 4158 prophetam
3099 4087 3497 4156 comprehendi

1905 4186 2134 4259 iubens,
2163 4182 2318 4238 arida
2345 4181 2513 4242 facta,
2544 4178 2745 4235 mansit
2787 4179 3108 4243 immobilis,
3144 4178 3322 4233 donec
3365 4194 3492 4248 pre-

216 4284 603 4353 σιαστήριον,
635 4284 705 4336 ἐκ
736 4282 917 4336 Audio
944 4281 1151 4336 ἔσεταί
1199 4298 1290 4346 τις
1324 4280 1563 4343 Ἰωσίας
1590 4279 1797 4333 καλού-

1910 4278 2070 4333 cibus
2097 4292 2127 4329 a
2167 4273 2438 4344 propheta
2485 4270 2838 4340 impetrasset
2872 4275 2935 4324 ut
2991 4267 3049 4325 in
3086 4269 3359 4338 integrum
3407 4284 3498 4324 re-

213 4392 416 4441 μενος,
440 4373 512 4440 ὃς
536 4373 712 4427 θύσει
749 4372 893 4438 τοὺς
917 4371 1089 4440 ἱερεῖς
1111 4387 1229 4426 σου
1263 4370 1362 4424 ἐπὶ
1387 4369 1483 4435 σὲ,
1509 4369 1604 4422 καὶ
1632 4383 1810 4422 κατα-

1912 4369 2260 4422 stitueretur.
2279 4363 2383 4431 Qui
2407 4378 2437 4417 a
2461 4377 2588 4431 rege
2613 4360 2682 4415 ad
2707 4374 2921 4415 caenam
2942 4358 3226 4424 invitatus,
3253 4369 3496 4426 recusat,

219 4470 436 4522 καύσει
460 4466 534 4520 τὰ
563 4464 719 4522 ὀστᾶ
748 4464 971 4520 αὐτῶν.
1004 4466 1140 4518 "Ira
1184 4463 1252 4517 δὲ
1275 4463 1370 4532 ειη
1394 4461 1612 4532 δῆλον,
1651 4462 1733 4528 ὡς
1755 4479 1797 4514 οι

1914 4456 2063 4530 quod
2099 4456 2367 4511 divinitus
2411 4451 2768 4509 interdictum
2815 4451 2924 4505 sibi
2959 4461 3126 4512 esset.
3170 4467 3239 4507 ne
3285 4453 3369 4506 vel
3402 4468 3501 4522 pa-

218 4564 385 4630 .lérot
413 4578 534 4630 μου
556 4559 936 4627 ἀληθεύοιεν,
971 4556 1101 4612 ἰδοὺ
1119 4557 1456 4627 ῥαγήσεται
1491 4556 1556 4610 τὸ
1605 4561 1812 4611 θυσια-

1913 4565 2038 4604 nent
2067 4547 2279 4615 ederet,
2313 4546 2397 4602 vel
2426 4560 2624 4615 aquam
2657 4542 2897 4608 biberet,
2934 4544 3021 4599 vel
3052 4544 3246 4598 eadem
3288 4544 3374 4598 via
3406 4561 3498 4599 re-

220 4651 497 4720 στήριον,
543 4650 643 4704 καὶ
669 4650 707 4718 ἡ
737 4648 831 4703 ἐπ’
867 4649 1016 4704 αὐτὸ
1046 4650 1262 4716 πιότης
1295 4646 1630 4718 χυθήσεται
1660 4645 1797 4701 aratri

1914 4650 2251 4706 verteretur,
2278 4654 2384 4711 qua
2419 4639 2612 4694 urbem
2656 4639 2940 4709 ingressus
2977 4646 3142 4694 esset.
3173 4637 3364 4706 Itaque
3392 4637 3496 4692 alia

221 4745 354 4814 τῆς.
385 4744 503 4800 Καὶ
557 4744 758 4798 αὐτίκα
787 4742 848 4797 τό
874 4759 935 4796 τε
965 4741 1353 4812 θυσιαστήριον
1405 4739 1692 4813 διερῤοἱγη⁹
1720 4740 1797 4794 κα¹

1912 4735 1996 4791 via
2031 4734 2288 4790 discedit.
2331 4731 2604 4790 Caeterum
2637 4730 2691 4785 in
2725 4746 2791 4786 ea
2829 4731 2964 4786 urbe
3003 4730 3226 4800 quidam
3256 4731 3500 4800 pseudo-

227 4838 260 4907 ἡ
286 4838 518 4908 ποιότης
546 4836 658 4890 τῶν
685 4835 946 4906 θυμάτων
975 4835 1263 4905 ὲκκέχυτο.
1312 4833 1580 4898 Ἐξέτεινε
1613 4832 1671 4887 δὲ
1711 4833 1797 4902 sip

1912 4827 2183 4898 proiiheta
2228 4833 2368 4891 erat,
2418 4825 2514 4895 qui
2562 4823 2958 4880 Jeroboamum
3012 4821 3333 4884 seducebat,
3377 4822 3499 4892 ejus

226 4930 381 5001 χεῖρα
421 4928 730 4998 Ἰεροεοὲιμ,
763 4925 1090 4997 συσχεθῆναι
1119 4925 1212 4980 τὸν
1237 4925 1523 4996 προφήτην
1554 4921 1797 4992 ἐγκελευ-

1915 4921 2145 4991 gratiam
2175 4933 2477 4989 aucupans.
2509 4918 2560 4972 Is
2603 4931 2729 4972 cum
2779 4915 3025 4971 audisset
3067 4930 3189 4984 qua:
3232 4914 3328 4968 Dei
3371 4930 3502 4984 pro-

224 5021 439 5091 άμενος.
490 5022 555 5076 Ἡ
593 5021 650 5074 δὲ
685 5021 1016 5090 ξηρανθεῖσα
1058 5019 1315 5088 ἀκίνητος
1339 5018 1543 5087 ἔμεινε.
1582 5015 1797 5086 Δεηθεὶς

1916 5014 2083 5083 pheta
2113 5021 2169 5067 et
2210 5012 2443 5070 dixisset
2474 5019 2529 5066 et
2574 5009 2820 5074 iecisset,
2865 5009 3158 5064 abeuntem
3205 5009 3500 5077 persequi-

228 5114 661 5185 γοῦνίεροδοὲιμ
683 5113 777 5167 τοῦ
810 5112 1116 5184 προφήτου,
1144 5109 1303 5179 ἔσχεν
1337 5107 1493 5171 αὖθις
1514 5107 1614 5180 τὴν
1650 5109 1797 5178 χεῖρα

1920 5116 2030 5172 tur,
2079 5115 2135 5160 et
2177 5114 2463 5160 assecutus
2529 5112 2684 5173 rogat
2743 5111 2806 5158 ut
2851 5118 2950 5158 suo
2999 5102 3240 5172 hospitio
3291 5110 3498 5157 utatur.

232 5210 558 5279 κινουμένην
603 5207 696 5261 καὶ
725 5205 969 5276 ἐνεργὸν,
1002 5205 1097 5257 καὶ
1119 5200 1272 5270 ἠξίου
1301 5199 1464 5254 αὑτὸν
1493 5197 1797 5266 συνδειπνῆ-

1918 5195 2075 5263 Quod
2104 5195 2196 5250 illo
2241 5205 2527 5251 recusante
2563 5203 2623 5249 ut
2653 5194 2922 5249 divinitus
2965 5195 3342 5254 interdictum,
3396 5192 3500 5246 im-

235 5315 322 5351 σαι
352 5300 524 5371 αὐτῷ.
565 5299 622 5352 Ὀ
653 5299 710 5353 δὲ
741 5298 801 5350 οὐ
827 5295 1144 5356 κατένευσε,
1167 5293 1340 5360 λέγων
1372 5292 1524 5359 παρὰ
1555 5290 1650 5344 τοῦ
1675 5288 1797 5341 Θεοί

1921 5288 2131 5358 probus
2169 5287 2261 5340 ille
2297 5287 2382 5340 vir
2412 5306 2425 5341 :
2465 5288 2626 5357 Atqui
2651 5296 2699 5340 et
2725 5302 2818 5357 ego
2842 5288 3098 5356 propheta
3128 5303 3265 5347 sum,
3292 5283 3494 5351 inquit,

237 5391 538 5459 κωλυθῆναι
578 5391 746 5460 ἄρτον
774 5390 990 5459 φαγεῖν,
1027 5386 1059 5458 ἢ
1104 5386 1248 5455 ὕδωρ
1280 5387 1447 5449 πιεῖν,
1481 5383 1514 5454 ἢ
1549 5381 1797 5453 ὑποστρέ-

1923 5390 1971 5434 et
1994 5395 2056 5435 ex
2079 5379 2177 5433 Dei
2199 5379 2451 5432 mandato
2482 5380 2692 5442 adsum,
2717 5387 2772 5431 ut
2809 5378 2882 5431 sis
2928 5392 3119 5430 mensa:
3153 5389 3279 5428 metu
3320 5372 3494 5441 parti»

236 5483 325 5550 ψαι
375 5485 448 5540 δι’
475 5481 541 5560 ἧς
600 5485 724 5542 όδοῦ
759 5487 840 5548 εἰς
869 5484 969 5556 τὴν
1023 5483 1177 5536 πόλιν
1211 5478 1464 5550 ἐλήλυθε,
1499 5479 1596 5531 καὶ
1621 5477 1788 5548 ἀπῄει

1923 5490 2062 5546 ceps.
2095 5472 2393 5543 PrOpheta,
2417 5470 2522 5526 lidc
2555 5469 2805 5526 adhibita
2845 5465 3336 5541 pseudoprOpheta:
3381 5462 3498 5532 88

1430 5637 1638 5698 Varia:
1673 5634 1985 5698 lectiones
2029 5641 2090 5695 et
2120 5639 2305 5707 nota).

294 5753 406 5823 (57)
447 5752 563 5807 Τὸν
592 5748 702 5820 τῆς
730 5747 1060 5814 βασιλείας
1087 5744 1287 5816 ζυγόν.
1320 5743 1549 5798 Rectius
1576 5740 1715 5796 alter
1741 5755 1797 5795 ca

1901 5733 2320 5809 [δουλείας-ἲν.
2361 5732 2442 5788 Ita
2473 5732 2640 5788 etiam
2673 5730 2806 5798 Reg.
2842 5736 2897 5782 et
2924 5724 3165 5782 Colocrt.
