3958 6204
1761 304 2007 368 JOANN
2017 306 2088 367 IS
2127 305 2451 368 ZONARIE
3590 306 3702 377 180

425 430 648 477 auctus.
676 419 986 477 Redncuenti
1008 420 1317 477 exercitum
1349 418 1462 491 regi
1486 419 1759 490 propheta
1784 420 1999 476 Azaria:

2112 420 2206 490 ἀφ’
2230 414 2295 473 οὗ
2326 420 2486 474 τοῦτο
2514 420 2765 494 ἐπρίατο.
2815 423 3035 495 Χείρων
3066 422 3177 477 τῶν
3211 422 3320 496 πρὸ
3349 421 3516 478 αύτοὸ
3545 440 3709 494 γεγο-

422 513 675 568 occurrit
695 553 710 576 ,
742 514 991 569 victoriae
1028 513 1202 570 Deum
1236 513 1428 584 etripsi
1458 522 1514 569 et
1548 512 1753 583 popqu
1782 523 1999 584 propter

2115 510 2244 576 νὼς,
2271 512 2369 566 καὶ
2404 514 2743 585 κατέστρεψε
2773 515 2873 587 τὴν
2902 516 3049 588 ζωὴν
3073 518 3132 570 ἐν
3170 517 3458 589 Σαμαρείᾳ
3489 516 3704 573 δώδεκα

421 598 652 670 iustitiae
684 600 895 655 cultum
925 610 1215 657 auctorem
1245 601 1525 657 exstitisse
1557 601 1829 659 aliirmat:
1861 603 1999 673 quod

2117 604 2446 674 βασιλεύσας
2469 607 2775 672 ἐνιαυτούς.
2812 610 2879 663 'H
2912 610 2971 662 δέ
3003 610 3252 680 βασιλεία
3282 611 3581 680 περιῆλθεν
3621 613 3705 674 είς

425 690 474 744 si
500 691 761 746 virtutem
804 692 1082 756 colerent,
1116 691 1170 745 in
1209 700 1493 761 posterum
1526 692 1695 747 etiam
1730 693 1852 749 fore
1881 694 1999 749 feli-

2125 697 2332 768 ’Δχαὰϐ
2364 697 2456 752 τὸν
2491 698 2608 753 υἱὸν
2637 700 2827 754 αὑτοῦ.
2856 702 2921 755 οι
2950 704 3050 771 μὲν
3081 697 3177 755 οὖν
3202 701 3311 755 τῶν
3341 702 3704 773 Ἰσραηλιτῶν

426 796 552 836 ccs:
582 782 668 837 sin
691 782 787 837 Dei
818 782 1074 837 mandata
1106 782 1494 854 neglexissent,
1525 783 1715 839 multis
1743 787 1999 842 aerumnis

2115 790 2355 861 βασιλεῖς
2387 792 2550 857 ἄλλος
2603 794 2693 846 ἐπ’
2723 794 2869 866 ἄλλῳ
2897 795 2987 849 διὰ
3010 797 3114 865 τὴν
3144 797 3494 866 παρανομίαν
3520 796 3705 851 αὐτῶν

424 305 538 371 179

426 873 862 931 conﬂictaturos.
896 877 1000 933 Asa
1030 876 1205 947 igitur
1242 877 1353 931 vita
1396 875 1486 947 pie
1513 885 1670 939 acta.
1708 885 1766 932 et
1790 877 1999 949 longam

2112 886 2171 938 ἐν
2199 885 2366 957 ὀλίγῳ
2389 888 2565 958 χρόνῳ
2596 888 2990 960 διεφθάρησαν.
3013 890 3067 942 Ἀ
3080 889 3147 943 σὰ
3167 890 3223 942 δὲ
3248 892 3276 943 6
3301 890 3401 960 τῆς
3434 890 3710 960 Ἰερουσα-

423 979 766 1026 senectutem
800 971 1055 1037 adeptus,
1079 969 1216 1025 obiit
1234 984 1381 1024 anno
1403 970 1558 1040 regni
1589 969 1769 1040 primo
1791 980 1845 1027 et
1868 988 1999 1042 qua-

2111 976 2224 1049 λὴμ
2258 979 2516 1050 βασιλεὺς
2576 981 2833 1052 θεοφιλὴς
2863 979 2959 1053 ἦν’
2988 979 3050 1038 οὗ
3079 983 3158 1054 τῷ
3178 983 3392 1053 δεκάτῳ
3423 984 3521 1053 τῆς
3549 983 3711 1054 βασι·

424 1057 761 1130 dragesimo,
786 1061 900 1118 ﬁlio
928 1063 1228 1134 Josapliato
1259 1063 1453 1117 relicto
1483 1077 1827 1121 successore.

2118 1069 2271 1135 λείας
2298 1071 2409 1126 ἔτει
2449 1075 2478 1127 6
2541 1073 2799 1145 βασιλεὺς
2831 1074 3109 1129 Αἰθιόπων
3137 1074 3427 1145 στρατεύει
3460 1075 3585 1129 κατ’
3608 1075 3710 1129 αὐ-

424 1155 522 1210 τοῦ
558 1158 699 1228 μετὰ
741 1159 968 1231 βαρείας
999 1159 1308 1230 δυνάμεως.
1340 1160 1401 1213 ’0
1427 1158 1484 1213 δὲ
1512 1158 1606 1212 τὸν
1669 1160 1805 1215 Θεὸν
1846 1161 2138 1236 σύμμαχον
2166 1167 2523 1239 ἐπεκέκλητο,
2594 1170 2690 1224 καὶ
2746 1169 3097 1241 συμπλακεὶς
3126 1172 3241 1234 τοῖς
3269 1169 3504 1240 Αἰθίοψι,
3576 1166 3708 1221 πολ-

424 1242 551 1310 λοὺς
587 1247 689 1317 μὲν
716 1249 928 1302 ἀνεῖλε·
960 1250 1088 1314 τοὺς
1113 1250 1170 1302 δὲ
1219 1249 1443 1312 λοιποὺς
1506 1249 1785 1318 φυγόντας
1837 1252 2049 1322 ἐδίωξε,
2092 1256 2189 1310 καὶ
2216 1260 2317 1329 τὴν
2346 1259 2704 1331 παρεμϐολήν
2758 1261 2992 1314 ἐκείνων
3047 1260 3341 1337 διήρπασε,
3367 1261 3463 1314 καὶ
3529 1257 3710 1314 πολλὰ

424 1340 591 1403 αὐτὸς
614 1344 708 1396 καὶ
745 1346 774 1397 6
807 1343 933 1407 λαὸς
975 1344 1305 1416 ἐκομίσαντο
1332 1345 1572 1415 λάφυρα.
1634 1344 2057 1416 ’Λναζευγνύντι
2095 1351 2151 1406 δέ
2209 1353 2286 1423 τῷ
2312 1352 2528 1423 βασιλεῖ
2559 1355 2654 1408 καὶ
2679 1357 2747 1426 τῇ
2788 1356 3030 1427 στρατιᾷ.
3062 1356 3091 1407 ό
3129 1357 3421 1425 προφήτης
3441 1352 3709 1423 Ἀζαρίας

424 1435 769 1508 ὑπαντήσας,
819 1435 920 1506 τῆς
956 1436 1077 1507 νίκη
1095 1456 1111 1495 ;
1144 1438 1240 1489 τὸν
1279 1435 1413 1488 Θεὸν
1441 1433 1583 1490 εἶναι
1613 1437 1763 1508 αὐτῷ
1832 1439 2038 1513 δοτῆρα
2077 1439 2223 1509 εἷπε,
2257 1443 2451 1515 καὶτῷ
2485 1444 2621 1516 λαῷ,
2655 1446 3007 1520 δικαιοσύνης
3044 1448 3524 1517 ἐπιμελουμένοις.
3590 1447 3704 1499 Καὶ

426 1527 676 1599 μετιοῦσι
734 1527 837 1597 μὲν
890 1528 1092 1600 ἀρετὴν
1144 1528 1489 1597 εὐδαιμονίας
1545 1530 1641 1583 καὶ
1689 1532 1973 1589 εἰσέπειτα
2041 1536 2448 1607 ἐπηγγείλατο·
2519 1539 2627 1594 τῶν
2650 1539 2708 1592 δέ
2734 1539 2830 1593 τοῦ
2858 1540 2995 1593 Θεοῦ
3025 1541 3255 1596 ἐντολῶν
3320 1541 3708 1612 κατολιγωρή-

425 1639 573 1688 σασι,
609 1621 781 1675 πολλὰ
823 1622 1200 1692 συμϐήσεσθαι
1247 1621 1487 1692 λυπηρά.
1524 1623 1658 1677 ’Δσά
1705 1626 1908 1693 τοίνυν,
1948 1630 2005 1683 ὲν
2053 1630 2308 1701 εὐσεϐείᾳ
2337 1631 2438 1702 τὴν
2481 1632 2627 1703 ζωὴν
2672 1632 2903 1699 ἀνύσας,
2950 1634 3048 1687 καὶ
3086 1635 3166 1698 είς
3210 1635 3387 1704 γῆρας
3423 1636 3702 1705 καταντή-

424 1731 528 1779 σας
572 1715 732 1785 βαθὺ,
793 1714 1045 1787 τέθνηκε,
1110 1714 1439 1783 βασιλεύσας
1500 1716 1782 1781 ἐνιαυτοὺς
1847 1719 1934 1788 ἐφ’
1992 1720 2073 1774 ἐνὶ
2123 1723 2558 1794 τεσσαράκοντα,
2612 1724 2883 1793 Ἰωσαφὰτ
2915 1724 3101 1795 οἰκείῳ
3154 1725 3257 1797 υίῷ
3284 1724 3381 1798 τὴν
3411 1726 3711 1796 ἡγεμονίαν

426 1820 773 1864 καταλιπων.
825 1820 831 1826 ’

497 1898 635 1955 XIII.
672 1898 933 1955 Achabus
960 1908 1147 1955 autem
1173 1898 1438 1956 Samaria:
1473 1902 1678 1972 regiam
1716 1902 1999 1967 incolens1

2189 1903 2289 1958 II".
2321 1903 2526 1974 Ἀχαὰϐ
2553 1902 2609 1957 δὲ
2641 1905 2699 1958 ἐν
2727 1904 3011 1977 Σαμαρείᾳ
3032 1905 3301 1979 ἐκέκτητο
3331 1907 3398 1961 τὰ
3426 1906 3705 1978 βασίλεια,

421 1992 874 2050 antecessoribus
919 1992 1039 2048 suis
1075 1992 1360 2063 impietate
1401 1994 1657 2064 superior
1682 2035 1697 2061 ,
1735 1995 1803 2050 ab
1838 2011 1999 2052 uxore

2113 1997 2243 2062 τοὺς
2277 1998 2386 2069 πρὸ
2413 1997 2578 2051 αὑτοῦ
2610 1996 2997 2069 παραδραμὼν
3026 2001 3107 2064 εἰς
3136 2001 3417 2067 ἀσέϐειαν,
3451 2003 3547 2057 καὶ
3598 2003 3708 2056 ὑπὸ

420 2086 671 2143 .lczabele
695 2086 867 2157 magis
884 2086 1050 2142 etiam
1075 2086 1142 2139 ad
1167 2085 1579 2155 improbitatem
1610 2087 1999 2143 exstimulaba-

2112 2090 2217 2160 τῆς
2246 2090 2506 2158 γυναικὸς
2552 2089 2795 2154 Ἰεζάϐελ
2829 2092 3033 2162 μᾶλλον
3073 2095 3153 2156 είς
3184 2093 3387 2148 κακίαν
3439 2094 3710 2165 προϐιϐα-

425 2190 537 2233 tur.
569 2179 700 2235 Erat
740 2179 830 2234 illa
860 2179 1002 2250 regis
1023 2178 1153 2249 'l‘yri
1181 2188 1238 2233 et
1260 2177 1485 2234 Sidonis
1511 2179 1644 2242 lilia.
1675 2181 1999 2236 muliercula

2115 2177 2288 2244 σθεὶς,
2336 2180 2371 2251 ἦ
2424 2179 2518 2233 τοῦ
2556 2179 2825 2250 βασιλέως
2863 2182 2963 2251 μὲν
2997 2182 3181 2254 Τύρου
3219 2188 3313 2238 καὶ
3338 2184 3574 2250 Σιδῶνος
3607 2188 3705 2240 θυ-

422 2273 579 2328 ferox
608 2282 667 2328 et
691 2273 867 2327 audax
891 2311 906 2336 ,
942 2286 1069 2342 qua:
1095 2270 1225 2325 Belo
1255 2269 1359 2325 deo
1399 2286 1501 2326 suo
1531 2272 1704 2327 aedem
1754 2272 1999 2327 condidit

2113 2270 2291 2342 γάτηρ
2327 2267 2415 2342 ἦν,
2470 2272 2663 2342 ἰταμὸν
2700 2273 2759 2327 δὲ
2797 2274 2890 2328 καὶ
2923 2275 3197 2346 τολμηρὸν
3247 2276 3493 2343 γύναιον.
3542 2277 3701 2349 Αὕτη

422 2376 480 2422 οι
521 2365 706 2421 lucum
734 2363 1103 2428 consecravit,
1138 2363 1524 2419 sacerdotibus
1557 2364 1725 2419 etiam
1758 2373 1814 2419 et
1843 2380 1999 2436 pseu-

2109 2362 2236 2417 ναὸν
2261 2363 2340 2433 τῷ
2379 2364 2568 2435 οἰκείῳ
2598 2362 2708 2434 θεῷ
2736 2362 2814 2433 τῷ
2863 2364 2973 2436 Βὴλ
3001 2365 3338 2436 ἐδωρήσατο,
3389 2367 3486 2421 καὶ
3533 2369 3705 2433 ἄλσος

422 2457 786 2527 dOprophetis
816 2456 1104 2512 institutis.
1133 2453 1280 2511 Elias
1303 2464 1487 2510 autem
1508 2456 1646 2511 urbe
1675 2456 1890 2511 Thesba
1909 2472 2004 2511 or-

424 2561 548 2615 tus,
597 2566 917 2621 perversam
960 2552 1107 2623 regis
1145 2563 1202 2609 et
1239 2551 1424 2621 populi
1461 2550 1783 2620 religionem
1818 2549 2004 2605 animo

423 2646 777 2717 iniquissimo
800 2645 986 2702 ferens
1007 2690 1021 2714 ,
1057 2648 1283 2703 Acbabo
1308 2647 1386 2701 ait
1415 2664 1429 2700 :
1458 2645 1545 2700 Ita
1568 2646 1692 2699 vivit
1722 2643 2003 2712 Dominus,

423 2748 483 2793 ut
515 2738 696 2809 pluuia
739 2755 845 2794 non
884 2739 1181 2805 descendet,
1222 2740 1324 2793 nisi
1356 2738 1428 2792 ad
1462 2752 1639 2808 preces
1680 2750 1843 2789 meas.
1881 2735 2007 2790 Ila'c

424 2831 716 2898 elocutus,
764 2847 832 2887 ex
880 2831 1141 2887 mandato
1181 2832 1277 2887 Dei
1308 2829 1374 2886 ad
1428 2837 1732 2885 torrentem
1758 2827 2002 2883 Cborath

425 2923 595 2991 abiit,
624 2925 720 2979 ubi
755 2940 785 2979 a
815 2925 999 2982 corvis
1029 2925 1310 2988 alebatur,
1340 2923 1433 2994 qui
1494 2936 1656 2977 mane
1691 2937 1881 2991 panes,
1907 2936 2003 2977 ve-

425 3016 574 3086 speri
598 3031 792 3072 carnes
805 3017 881 3072 illi
902 3017 1227 3082 all'erebant;
1244 3024 1432 3086 potum
1453 3013 1732 3086 pnebebat
1754 3023 2003 3069 tarrens:

425 3126 536 3180 quo
560 3112 837 3167 exsiccato
856 3151 872 3176 ,
910 3109 1277 3181 Sarephtham
1307 3110 1422 3164 Deo
1454 3117 1713 3165 monente
1742 3107 1878 3170 abit,
1911 3121 2004 3161 ur-

423 3204 552 3259 bem
585 3206 729 3259 intra
761 3204 965 3276 Tyrum
997 3214 1054 3259 et
1094 3203 1356 3259 Sidonem
1398 3205 1561 3259 sitam
1588 3222 1601 3258 :
1635 3212 1763 3259 ante
1793 3216 1957 3273 quam
1985 3241 2001 3267 ,

424 3311 549 3351 cum
570 3296 623 3350 in
641 3297 929 3351 mulierem
948 3295 1239 3365 quamdam
1258 3296 1560 3361 incidisset,
1581 3304 1705 3351 orat
1727 3304 1785 3350 ut
1804 3310 2000 3365 aquam

424 3390 527 3446 sibi
559 3390 753 3445 all‘erat
782 3409 794 3444 :
828 3405 950 3460 qua:
976 3390 1105 3445 dum
1138 3389 1273 3456 abit,
1305 3399 1364 3446 ut
1390 3405 1587 3460 panem
1617 3389 1782 3445 etiam
1810 3388 2004 3444 atl‘erat

424 3483 584 3554 petit.
645 3483 797 3538 Illam
824 3484 1101 3554 jurantem
1137 3483 1242 3538 sibi
1279 3482 1544 3554 pugillum
1575 3482 1844 3539 duntaxat
1869 3480 2003 3535 fari-

424 3590 510 3631 na:
532 3591 703 3631 unum
737 3590 882 3639 esse,
911 3586 968 3630 et
994 3575 1294 3646 pauxillum
1325 3576 1456 3641 olei,
1492 3574 1723 3645 proinde
1751 3588 1810 3629 se
1844 3573 2001 3627 abire

422 3666 493 3722 ad
533 3667 839 3740 colligenda
884 3678 1199 3733 sarmenta,
1249 3675 1311 3723 ut
1357 3667 1620 3739 exiguum
1665 3665 1851 3721 cibum
1893 3663 1999 3719 sibi

2108 2457 2397 2525 ἐφύτευσε,
2432 2460 2528 2510 καὶ
2556 2458 2721 2527 ἱερεῖς
2757 2457 2929 2528 αὐτῷ,
2974 2461 3066 2513 καὶ
3105 2458 3563 2531 ψευδοπροφήτας
3594 2480 3697 2516 κα-

2105 2548 2390 2620 τέστησεν.
2414 2548 2598 2604 Ἥλιοὺ
2629 2551 2686 2604 δέ
2725 2553 2752 2603 6
2791 2551 3082 2621 προφήτης
3105 2554 3168 2604 ἐκ
3203 2553 3413 2615 πόλεως
3456 2554 3696 2625 Θέσϐης,

2106 2640 2360 2711 ζηλώσας
2391 2643 2485 2695 ἐπὶ
2519 2645 2639 2706 ταῖς
2694 2643 2975 2707 ἀσεϐείαις
3014 2644 3109 2698 τοῦ
3148 2645 3413 2715 βασιλέως
3451 2646 3549 2700 καὶ
3592 2648 3695 2701 τοῦ

2105 2731 2259 2799 λαοῦ,
2278 2729 2400 2785 εἷπε
2428 2735 2565 2803 πρὸς
2582 2734 2790 2804 Ἀχαέιϐ
2813 2753 2826 2767 ·
2856 2738 2902 2789 Ζ
2910 2735 2943 2803 ᾖ
2974 2737 3205 2804 Κύριος,
3232 2740 3281 2793 εί
3310 2739 3482 2793 ἔσται
3505 2740 3704 2807 ὑετὸς,

2105 2825 2157 2877 εί
2188 2822 2275 2893 μὴ
2303 2824 2402 2879 διὰ
2426 2828 2614 2895 λόγου
2666 2844 2806 2896 μου.
2868 2828 2980 2881 Καὶ
3007 2827 3183 2882 ταῦτα
3210 2828 3401 2894 εἰπὼν,
3452 2830 3705 2900 ἀπῆλθεν

2106 2920 2165 2973 ἐν
2200 2918 2277 2988 τῷ
2301 2920 2590 2991 χειμάρρῳ
2612 2919 2796 2991 Χορὰθ
2855 2920 2980 2974 κατ’
3008 2920 3230 2992 ἐντολὴν
3258 2923 3350 2976 τοῦ
3371 2922 3537 2976 Θεοῦ·
3570 2923 3705 2978 ἔνθα

2108 3010 2261 3083 παρὰ
2291 3012 2549 3082 κοράκων
2601 3013 2883 3083 ἐτρέφετο,
2920 3013 3125 3084 ἄρτους
3177 3014 3325 3084 αύτῷ
3361 3014 3703 3084 κομιζόντων

2106 3102 2271 3174 πρωῒ,
2313 3103 2406 3157 καὶ
2445 3104 2612 3171 κρέας
2643 3103 2705 3157 τὸ
2756 3103 2981 3159 δειλινόν
3020 3118 3035 3134 °
3074 3104 3173 3175 τὴν
3212 3105 3270 3158 δὲ
3325 3106 3483 3159 πόσιν
3544 3107 3701 3178 αὐτῷ

2105 3198 2362 3268 ἐχορήγει
2385 3199 2413 3250 6
2444 3198 2747 3269 χείμαρρος
2769 3214 2784 3230 ο
2818 3191 2878 3253 οὗ
2912 3199 3297 3270 ξηρανθέντος,
3330 3202 3412 3262 είς
3441 3201 3704 3271 Σαρεςρθᾶ

2104 3289 2261 3344 πόλιν
2283 3286 2452 3345 οὖσαν
2477 3291 2681 3360 μεταξῦ
2717 3292 2946 3356 Σιδῶνος
2978 3297 3072 3345 καὶ
3105 3292 3287 3363 Τύρου
3317 3292 3396 3363 τῷ
3428 3293 3548 3364 θεῷ
3579 3312 3706 3348 πει-

2106 3381 2332 3453 θόμενος
2383 3383 2593 3445 ἄπεισι,
2632 3385 2728 3437 καὶ
2782 3384 2889 3455 πρὸ
2921 3387 3019 3451 τῆς
3051 3384 3260 3450 πόλεως
3312 3388 3534 3454 γυναικί
3584 3404 3701 3441 τινι

2104 3474 2367 3546 ἐντυχὼν,
2398 3474 2544 3547 ὕδωρ
2576 3476 2727 3548 αύτῷ
2765 3477 2994 3549 κομίσαι
3052 3479 3321 3535 ἱκέτευεν.
3368 3479 3455 3543 Ὠς
3489 3480 3538 3533 δ’
3568 3482 3704 3535 ἐπο-

2107 3565 2349 3637 ρεύετοὴ
2397 3566 2563 3638 γυνὴ,
2596 3571 2691 3621 καὶ
2714 3567 2882 3640 ἄρτον
2921 3569 3075 3641 αὐτῷ
3131 3571 3381 3638 ἐνεγκεῖν
3415 3572 3590 3640 ⁴ήξίου.
3633 3574 3704 3626 Ἦ

2101 3658 2157 3712 δέ
2194 3661 2325 3729 μιᾶς
2362 3658 2563 3733 δρακὸς
2609 3659 2843 3732 ἀλεύρου
2897 3662 3183 3732 ἐξώμνυτο
3239 3663 3535 3734 εὐπορεῖν,
3600 3668 3703 3720 καὶ

422 3769 481 3815 et
503 3759 693 3815 liberis
716 3769 912 3831 paret,
954 3776 1064 3831 quo
1093 3761 1387 3832 absumpto
1408 3801 1424 3826 ,
1456 3762 1598 3816 l'ame
1627 3758 1862 3831 perituri
1888 3758 1999 3813 sint

2103 3748 2446 3821 βραχυτάτου
2480 3752 2686 3818 ἐλαίου,
2718 3752 2813 3805 κα)⁸
2863 3751 3170 3817 συλλέξασα
3208 3752 3436 3828 ξυλάρια
3470 3757 3699 3811 ἀπιέναι

421 3852 526 3923 91
559 3862 617 3908 et
652 3854 780 3922 ipsi,
826 3854 1091 3925 preplteta
1125 3854 1272 3910 bono
1303 3853 1487 3910 animo
1517 3868 1641 3909 esse
1663 3853 1821 3924 jubet
1856 3871 1869 3906 :
1898 3866 1998 3907 ne-

422 3959 531 4015 que
554 3944 745 4000 farina:
762 3945 955 4001 cistam
975 3985 991 4011 ,
1013 3962 1195 4019 neque
1217 3946 1324 4003 olei
1344 3946 1640 4019 ampullam
1659 3945 1998 4001 defecturam

420 4051 572 4100 esse,
597 4035 775 4093 donec
804 4038 989 4108 pluvia
1022 4039 1420 4095 descendisset.
1450 4040 1543 4095 Illa
1585 4039 1751 4110 igitur
1781 4049 1838 4094 et
1868 4053 1999 4109 pro-

420 4129 645 4199 phetam
683 4130 980 4202 hospitem,
1004 4141 1060 4187 ct
1104 4147 1163 4187 se
1203 4141 1259 4188 et
1294 4132 1500 4188 liberos
1521 4148 1652 4188 suos
1674 4130 1871 4202 exigua
1906 4132 1998 4187 illa

401 4216 594 4275 Iarlna
630 4221 748 4286 alit,
773 4221 950 4277 donec
987 4221 1159 4279 fames
1199 4223 1551 4294 praeterisset.
1579 4220 1845 4277 Caeterum
1887 4219 1999 4276 lilio

419 4321 521 4365 suo
547 4325 616 4366 ex
640 4311 834 4366 morbo
864 4311 1148 4379 defuncto,
1169 4313 1223 4368 in
1259 4312 1581 4384 prophetam
1620 4310 1995 4382 blasphemat;

418 4402 515 4456 sed
544 4403 637 4459 ille
667 4414 947 4462 mortuum
978 4406 1083 4463 sibi
1114 4422 1350 4478 puerum
1370 4408 1487 4462 dari
1513 4406 1671 4477 jubet
1699 4425 1714 4461 :
1742 4420 1905 4478 quem
1940 4406 1995 4460 in

419 4498 764 4552 coanaculum
789 4538 803 4562 ,
840 4499 894 4552 in
925 4515 1037 4568 quo
1066 4500 1184 4570 ipse
1213 4501 1595 4558 diversabatur
1615 4541 1630 4565 ,
1663 4501 1913 4564 allatum,
1940 4500 1994 4553 in

417 4599 521 4640 suo
544 4588 746 4643 lectulo
774 4590 1031 4657 collocat,
1082 4593 1449 4661 invocatoque
1478 4593 1613 4655 Deo,
1644 4601 1702 4646 et
1728 4591 1996 4645 cadavere

418 4689 502 4734 ter
533 4679 730 4742 alﬂato,
771 4696 1003 4749 puerum
1037 4683 1200 4737 matri
1247 4684 1451 4752 gratias
1494 4683 1675 4750 agenti
1717 4682 1992 4735 viventem

418 4771 680 4827 restituit.
719 4771 849 4827 Post
881 4773 997 4828 hzec
1038 4773 1171 4827 Eliae
1206 4770 1431 4827 mandat
1460 4772 1635 4837 Deus,
1665 4779 1725 4825 ut
1769 4770 1994 4826 Acliabo

2104 3843 2410 3913 ποιήσουσα
2441 3844 2649 3916 μικρὰν
2680 3844 2887 3917 τροφήν
2920 3847 3089 3918 ἑαυτῇ
3123 3848 3219 3900 καὶ
3251 3850 3366 3911 τοῖς
3393 3850 3603 3914 παισὶν,
3629 3845 3699 3923 ῆς

2104 3935 2436 4008 ἐκλιπούσης
2467 3938 2562 3991 καὶ
2582 3938 2781 4001 αὐτοὺς
2811 3937 2957 4010 λιμῷ
2990 3939 3260 3995 ἐκλιπεῖν.
3304 3941 3363 3994 '0
3389 3940 3446 3995 δὲ
3476 3944 3701 4015 προφή-

2102 4045 2203 4100 της
2231 4028 2458 4100 θαρρεῖν
2489 4030 2629 4101 αὐτῇ
2657 4030 3008 4098 ἐγκελεύεται
3034 4047 3048 4061 ·
3093 4033 3229 4104 μηδὲ
3258 4033 3368 4104 γάρ
3416 4033 3696 4105 ἐκλείψειν

2104 4120 2334 4192 ἄλευρον
2365 4122 2429 4174 ἐκ
2476 4121 2571 4175 τοῦ
2606 4124 2837 4191 ἀγγείου
2879 4124 2991 4178 Ito?)
3045 4126 3209 4180 τοῦτο
3237 4127 3520 4198 φέροντος,
3570 4129 3698 4200 μηδ’

2102 4212 2284 4267 ἔλαιον
2311 4214 2375 4267 ἐκ
2404 4213 2506 4284 τῆς
2533 4213 2793 4284 ληκύθου,
2828 4216 2933 4281 ἕως
2982 4217 3211 4288 γένηται
3271 4219 3447 4283 ύετός.
3490 4221 3557 4274 Ἡ
3608 4221 3695 4290 δὲ,

2104 4306 2457 4378 πορευθεῖσα,
2497 4307 2588 4362 τόν
2615 4325 2673 4362 τε
2698 4310 2988 4380 προφήτην
3017 4312 3150 4383 παρ’
3180 4311 3320 4385 αὐτῇ
3350 4311 3692 4383 ξενισθέντα,

2103 4398 2198 4453 καὶ
2226 4398 2447 4471 ἑαυτήν,
2482 4402 2577 4455 καὶ
2607 4402 2672 4456 τὰ
2697 4401 2862 4456 τέκνα
2897 4405 2960 4457 ἐκ
2985 4403 3079 4458 τοῦ
3132 4402 3429 4475 βραχίστου
3467 4407 3688 4461 ἐκείνου

2102 4490 2332 4563 ἀλεύρου
2364 4492 2613 4562 ἔτρεφεν,
2645 4493 2790 4557 ἐωςό
2821 4494 2979 4563 λιμὸς
3012 4496 3379 4567 παρελήλυθε.
3399 4499 3691 4570 Νοσήσαν·

2100 4598 2193 4645 τος
2225 4584 2283 4636 δὲ
2313 4584 2410 4637 τοῦ
2441 4584 2560 4637 υἱοῦ
2591 4588 2690 4656 τῆς
2723 4587 2985 4655 γυναικὸς
3016 4588 3246 4660 ταύτης,
3275 4592 3370 4645 καὶ
3401 4590 3685 4663 θανόντος,

2101 4675 2446 4747 ἐϐλασφήμει
2478 4678 2618 4732 κατὰ
2642 4677 2738 4732 τοῦ
2770 4680 3056 4751 προφήτου
3093 4683 3301 4753 ἐκείνη.
3344 4684 3404 4737 '0
3444 4684 3501 4738 δὲ
3525 4686 3688 4758 δοθῆ-

2100 4785 2187 4822 ναι
2220 4770 2370 4840 αὐτῷ
2391 4770 2452 4823 τὸ
2481 4769 2740 4842 τεθνηκὸς
2767 4772 2980 4827 παιδίον
3004 4773 3195 4847 ᾔτησε.
3225 4777 3341 4849 Καὶ,
3363 4777 3571 4848 λαϐὼν,
3605 4782 3686 4845 είς

416 4864 680 4933 μηθάἰοει
729 4863 848 4919 fore
898 4864 1704 4936 pluviam.lnvalueratautcm
1732 4863 1994 4918 Samaria:

414 4966 472 5011 et
509 4958 564 5010 in
611 4965 725 5012 tota
767 4955 1050 5028 provincia
1093 4956 1286 5013 fames.
1334 4955 1594 5011 Aehabus
1639 4955 1824 5027 itaque
1865 4970 1993 5011 cum

412 5048 591 5104 Abdia
623 5064 914 5105 mconomo
955 5064 1080 5118 suo,
1108 5050 1228 5105 viro
1258 5048 1430 5114 bono,
1463 5048 1651 5104 exibat
1694 5048 1990 5120 quaesitum

2103 5052 2402 5125 ἐνεφύσησε
2427 5054 2503 5126 τῷ
2549 5054 2746 5127 νεκρῷ,
2805 5055 2896 5109 καὶ
2932 5054 3190 5126 ἀνέζησε,
3221 5058 3318 5111 καὶ
3363 5057 3537 5113 ἔδωκε
3586 5061 3685 5116 τὸν

412 5141 575 5211 equis
604 5142 720 5197 suis
746 5142 1032 5213 pabulum,
1064 5142 1226 5197 aliam
1252 5143 1370 5214 ipse
1395 5143 1561 5204 viam.
1588 5143 1749 5199 aliam
1781 5142 1989 5199 Abdias

2103 5145 2265 5199 παῖδα
2294 5145 2475 5209 ζῶντα
2524 5149 2590 5216 τῇ
2642 5147 2944 5220 γειναμένῃ
2969 5165 2984 5180 ·
3037 5150 3070 5219 ὴ
3102 5149 3149 5202 δ’
3176 5148 3530 5220 ηὐχαρίστει.
3566 5154 3683 5207 Καὶ

413 5234 752 5307 ingrediens,
784 5236 1177 5307 investigantes
1201 5251 1269 5290 an
1298 5236 1351 5290 in
1376 5235 1624 5290 fontibus
1647 5246 1742 5291 aut
1768 5246 1989 5292 torren-

2103 5237 2234 5308 μετὰ
2270 5237 2443 5291 ταῦτα
2474 5237 2781 5292 ἐνετείλατο
2816 5239 2891 5310 τῷ
2932 5239 3116 5294 Ἠλιοῦ
3162 5243 3190 5294 6
3239 5241 3373 5305 Θεὸς
3404 5243 3684 5315 πορευθῆ-

412 5329 563 5385 tibus
588 5329 791 5385 alicubi
830 5345 1055 5399 gramen
1090 5328 1428 5385 invenirent.
1457 5328 1648 5385 Abdita
1676 5329 1895 5385 obviam
1930 5328 1988 5385 llt

2103 5345 2202 5395 vat,
2243 5329 2342 5383 καὶ
2372 5333 2661 5400 προειπεῖν
2697 5330 2929 5402 Ἀχαὰϐ,
2971 5331 3048 5396 ὠς
3093 5332 3249 5387 ἔσται
3303 5334 3483 5399 ύετός.
3529 5337 3589 5388 '0
3619 5336 3680 5390 δέ

410 5422 590 5489 Elias,
625 5437 795 5493 seque
818 5423 931 5493 regi
956 5422 1181 5478 indicari
1204 5421 1381 5491 jubet.
1419 5422 1487 5477 At
1517 5423 1607 5479 ille
1659 5437 1785 5478 eum
1825 5438 1991 5479 accu-

2103 5420 2248 5490 λιμὸς
2275 5420 2368 5474 ἐπὶ
2398 5420 2716 5491 Σαμάρειαν
2739 5422 2835 5475 καὶ
2861 5423 2961 5493 τὴν
2990 5422 3179 5493 χώραν
3214 5424 3435 5478 ἃπασαν
3467 5442 3684 5496 κεκραο

412 5524 530 5572 ratc
554 5516 622 5573 ab
643 5515 870 5571 Achabo
890 5514 956 5569 ad
971 5514 1174 5571 caedem
1207 5514 1379 5585 quaeri
1411 5514 1741 5586 respondet,
1759 5529 1992 5571 monens

2103 5511 2311 5566 ιαίωτο.
2347 5511 2556 5583 ’Δχαὰϐ
2587 5513 2649 5567 δὲ
2690 5512 2782 5567 τὸν
2813 5513 3104 5585 οίκονόμον
3131 5515 3299 5569 αὐτοῦ
3331 5516 3504 5587 ἄνδρα
3534 5536 3685 5588 χρη-

412 5617 473 5661 ut
497 5622 557 5665 se
589 5609 869 5665 occultat:
901 5621 968 5665 ac
1000 5616 1229 5664 centum
1259 5607 1561 5678 prophetas
1592 5623 1623 5661 a
1651 5622 1711 5662 se
1741 5607 1880 5663 clam
1911 5606 1988 5663 ali

2103 5606 2223 5659 στὸν
2257 5606 2615 5677 παραλαϐὼν,
2647 5605 2811 5677 ἀπῄει
2840 5607 2889 5659 εἰ
2938 5604 3091 5677 εὖροι
3138 5609 3253 5671 τοῖς
3279 5607 3473 5672 ἵπποις
3500 5609 3681 5679 χιλόν.

407 5710 467 5752 et
494 5684 834 5769 conservari,
870 5705 1091 5758 caeteris
1125 5700 1383 5758 omnibus
1406 5701 1712 5757 aJezabele
1756 5701 1989 5755 interfe-

2103 5698 2206 5752 Καὶ
2230 5699 2260 5750 6
2289 5698 2390 5766 μὸν
2414 5696 2582 5769 ἄλλην
2611 5696 2933 5768 ἀπῄειόδὸν,
2952 5697 3147 5771 ἑτέραν
3171 5700 3229 5753 δὲ
3253 5700 3488 5766 Ἀϐδιοὺ,
3518 5703 3686 5773 ἐρευ-

415 5790 534 5848 ctis.
578 5790 691 5845 Elia
745 5808 876 5850 vero
905 5793 1145 5863 iurante,
1183 5805 1241 5847 se
1272 5790 1366 5847 illo
1392 5789 1482 5847 die
1518 5790 1576 5847 in
1620 5789 1827 5849 Acbabi
1853 5805 1989 5846 con-

2103 5790 2295 5855 νῶντες
2332 5788 2431 5844 ποῦ
2459 5791 2525 5845 ἂν
2562 5789 2772 5862 εὕροιεν
2795 5792 2989 5863 χόρτον
3022 5793 3080 5847 ἐν
3116 5794 3319 5865 πηγαῖς
3350 5793 3382 5865 ἢ
3436 5796 3682 5869 χειμάῤ·

2099 4862 2161 4915 τὸ
2189 4863 2440 4935 ὑπερῷον
2493 4865 2619 4919 ἔνθα
2649 4864 2783 4936 ᾤκει
2812 4866 3103 4936 ἀνήνεγκε,
3142 4869 3237 4923 καὶ
3268 4870 3423 4926 ἔθετο
3448 4873 3548 4926 ἐπὶ
3580 4874 3684 4944 τῆς

2101 4958 2288 5031 κλίνης
2347 4960 2514 5014 αὑτοῦ
2538 4977 2553 4991 ⁸
2610 4962 2702 5015 καλ.
2726 4962 2820 5015 τὸν
2853 4961 2987 5016 Θεὸν
3043 4964 3354 5032 ἱκετεύσας,
3387 4968 3685 5038 τρισσάκις
