3926 6210
368 282 469 344 131

1682 283 2091 347 ANNALIUM
2137 286 2274 345 LIB.
2317 283 2398 347 ΙῙ.

3528 285 3548 343 1
3558 286 3643 342 δ’ῖῖ

364 396 514 464 ροις.
546 376 797 461 Συναντᾷ
826 388 1005 443 τοίνυν
1038 390 1118 460 τῷ
1142 389 1356 445 Ἀϐδιοὺ
1382 392 1409 465 ῤ
1438 390 1650 455 Ἠλίας,
1686 394 1781 445 καὶ
1832 393 1951 463 ᾔτει

2058 402 2304 462 spectem
2333 400 2657 457 venturum,
2689 389 3037 461 praesentiam
3071 390 3190 457 ejus
3242 389 3354 462 regi
3384 392 3622 447 nuntiat.

361 487 450 557 τῷ
478 484 691 555 βασιλεῖ
714 483 945 554 μηνύειν
972 482 1159 538 αὐτόν.
1198 484 1258 537 '0
1287 483 1344 537 δὲ
1366 483 1464 537 καὶ
1492 484 1636 554 μάλα
1668 484 1955 555 ζητεῖσθαι

362 577 524 647 παρὰ
554 576 652 629 τοῦ
677 576 887 648 Ἀχαὰϐ
916 576 1103 645 ἔλεγεν
1127 577 1313 642 αὐτὸν,
1348 564 1434 631 ἵνα
1461 578 1663 643 ἀνέλοι,
1700 580 1749 632 εί
1779 577 1953 650 εὖροι.

363 671 482 724 Καὶ
508 671 857 741 κρύπτεσθαι
911 670 1326 737 συνεϐούλευεν,
1363 672 1518 741 ἔλεγέ
1547 689 1607 725 τε
1640 672 1737 727 καὶ
1790 672 1956 736 αὐτὸς

364 761 569 813 ἑκατὸν
596 762 884 830 προφήτας
925 760 1193 831 κρύπτειν
1236 764 1330 815 καὶ
1362 765 1607 834 τρέφειν,
1631 764 1727 817 καὶ
1760 761 1954 827 σώζειν

359 853 533 910 οὕτω,
569 851 699 914 τοὺς
729 850 924 913 ἄλλους
946 850 1157 914 πάντας
1185 852 1282 922 τῆς
1314 852 1555 917 Ἰεζάϐελ
1588 854 1949 925 ἀνῃρηκυίας.

374 943 443 995 Ὀ
475 941 533 994 δὲ
558 938 745 1010 ὤμοσε
793 941 916 995 κατ’
940 944 1159 1014 ἐκείνην
1208 943 1547 1014 ὀφθήσεσθαι
1587 945 1689 1017 τὴν
1738 940 1967 1016 ἡμέραν

359 1034 449 1104 τῷ
479 1034 709 1103 ’Δχαά6.
744 1035 1018 1105 ’Δπῆλθεν
1072 1036 1167 1090 οὖν
1221 1035 1461 1102 ’Δϐδιοὺ,
1494 1038 1592 1091 καὶ
1642 1038 1950 1109 ἀπήγγειλε

365 1127 504 1195 περὶ
533 1125 636 1179 τοῦ
667 1125 828 1180 Ἠλία
868 1127 949 1198 τῷ
977 1127 1207 1197 βασιλεῖ.
1240 1129 1350 1183 Καὶ
1392 1126 1519 1183 ἰδὼν
1545 1128 1638 1182 τὸν
1664 1129 1953 1199 προφήτην

363 1219 602 1279 ἐκεῖνος,
661 1219 733 1271 ει
767 1219 951 1285 αὐτός
998 1218 1194 1283 ἐστιν,
1263 1219 1457 1289 ἤρετο,
1493 1222 1528 1274 ό
1577 1219 1956 1289 διαστρέφων

362 1308 477 1361 τὸν
526 1308 770 1377 Ἰσραήλ
791 1326 810 1373 ;
834 1310 1024 1373 Ἠλίας
1049 1312 1128 1373 δι.
1163 1311 1246 1366 Σὺ
1272 1311 1537 1382 μᾶλλον,
1574 1308 1718 1375 εἶπε,
1745 1314 1841 1368 καί
1871 1308 1958 1367 οῖ·-

364 1415 481 1465 κος
517 1399 632 1453 τοῦ
662 1403 887 1468 πατρός
915 1415 1035 1455 σου
1080 1400 1473 1472 διαστρέφει-ε
1528 1403 1637 1456 τὸν
1674 1403 1831 1457 λαὸν
1851 1420 1955 1457 κα-

362 1490 724 1558 ταλιπόντες
774 1491 885 1546 τὸν
916 1493 1161 1561 Κύριον,
1218 1494 1318 1549 καὶ
1369 1493 1617 1563 ψευδεῖς
1672 1494 1958 1563 τιμῶντες

362 1585 566 1650 θεούς.
632 1584 796 1639 Ἀλλ’
858 1586 1146 1654 ἀθροίσον
1181 1589 1269 1653 εις
1319 1588 1388 1643 τὸ
1449 1588 1797 1657 Καρμήλιον
1851 1588 1959 1642 τὸν

358 1677 543 1742 λαὸν,
600 1677 701 1731 καί
744 1678 891 1742 τοὺς
923 1680 1074 1746 σοὺς
1121 1680 1453 1749 προφήτας,
1493 1680 1591 1734 καὶ
1648 1680 1793 1745 τοὺς
1843 1681 1957 1751 τῆς

366 1764 686 1836 γυναικός.
749 1765 977 1822 Πάντων
1026 1766 1083 1821 δὲ
1133 1768 1521 1832 συνελθόντων,
1550 1764 1706 1824 εἶπεν
1745 1772 1958 1840 Ἠλίας,

359 1857 608 1928 ὡςἜτὼ
624 1860 815 1929 μόνος
832 1860 1266 1931 ὑπολέλειμμαι
1292 1862 1397 1917 τοῦ
1425 1862 1574 1918 Θεοῦ
1603 1864 1923 1933 προφήτης
1943 1881 1958 1897 ·

360 1953 421 2002 οι
449 1948 522 2001 δὲ
546 1950 1053 2020 ψευδοπροφῆται
1105 1952 1341 2022 σφόδρα
1372 1955 1617 2008 πολλοι.
1675 1955 1817 2009 Δότε
1845 1951 1961 2011 οὖν

352 2059 464 2110 μοι
489 2045 664 2110 μόνῳ
686 2043 869 2107 βοῦν.
906 2045 1006 2097 καὶ
1058 2044 1266 2111 αὐτοῖς
1312 2045 1544 2101 ἅπασιν
1574 2046 1803 2117 ἕτερον,
1860 2049 1958 2103 καὶ

2054 485 2175 551 Quo
2210 484 2301 540 ille
2328 472 2663 555 conSpecto:
2698 482 2842 537 Nunt
2865 491 2948 548 tu,
2993 482 3175 551 inquit
3198 522 3213 545 ,
3245 483 3290 536 is
3314 500 3387 547 es,
3425 487 3513 554 qui
3538 485 3630 538 de-

2055 585 2250 647 pravat
2280 577 2587 632 lsraciem.’
2618 576 2718 633 Cui
2744 577 2893 631 Elias
2917 590 2935 630 :
2962 575 3037 631 Tu
3072 576 3274 647 potius,
3309 562 3527 645 inquit,
3581 588 3643 629 (Γ

2054 670 2240 725 domus
2277 671 2446 739 patris
2476 670 2573 734 tui,
2602 667 2855 739 populum
2887 667 3213 737 depravatis,
3239 666 3422 720 relicto
3451 665 3634 720 Domi-

2052 778 2140 827 no,
2175 738 2336 833 («bos
2363 763 2484 816 deos
2513 738 2840 816 venerantes.
2875 760 3067 814 Verum
3095 757 3343 830 populum
3366 798 3380 822 ,
3425 766 3476 811 et
3519 768 3634 813 tuos

2052 855 2333 923 sororisque
2355 862 2459 909 tua
2478 855 2757 925 prophetas
2782 855 2838 908 in
2860 859 3090 907 montem
3121 850 3425 908 Cormelum
3446 868 3638 906 conro.

2053 953 2193 1000 cato.
2225 943 2437 1012 Quibus
2484 944 2746 1001 omnibus
2792 945 3141 1016 congressis,
3172 944 3322 1000 Elias
3350 946 3424 999 ait
3453 962 3466 998 :
3519 944 3642 1016 Ego

2052 1038 2196 1092 solus
2240 1037 2456 1092 Domini
2505 1038 2758 1108 propheta
2816 1044 3115 1107 superstes:
3169 1036 3636 1107 pseudopropheta

2057 1137 2236 1181 autem
2279 1127 2503 1197 plurimi
2539 1136 2685 1183 sunt.
2738 1126 2844 1182 Sed
2877 1129 3001 1181 date
3026 1124 3127 1180 soli
3168 1127 3297 1181 mihi
3329 1126 3539 1194 borem,
3584 1129 3641 1180 et

2055 1216 2164 1272 illis
2193 1219 2437 1273 omnibus
2466 1216 2717 1285 alterum,
2749 1219 2939 1289 quibus
2964 1217 3276 1282 immolatis,
3303 1218 3542 1292 victimas
3573 1217 3643 1270 li-

2055 1312 2173 1379 gnis
2201 1308 2558 1376 imponamus,
2586 1310 2707 1381 igne
2735 1325 2840 1365 non
2865 1309 3126 1373 adhibito,
3149 1325 3212 1362 ac
3232 1323 3389 1362 suum
3414 1308 3642 1380 quisque

2058 1399 2226 1455 Deum
2257 1402 2520 1457 invocato.
2546 1399 2587 1454 Α
2624 1416 2727 1471 quo
2761 1408 2945 1455 autem
2967 1401 3107 1471 ignis
3146 1398 3290 1453 ultro
3339 1397 3594 1470 effulserit
3619 1440 3635 1462 ,

2056 1498 2109 1544 et
2151 1490 2298 1563 ligna
2350 1507 2472 1546 cum
2520 1491 2746 1546 victimis
2785 1491 3056 1558 cremarit,
3090 1491 3136 1545 is
3177 1505 3331 1543 verus
3371 1482 3645 1561 indicetur

2057 1580 2357 1656 Deumllac
2376 1584 2629 1638 oratione
2654 1597 2684 1638 a
2706 1583 2914 1655 populo
2941 1583 3253 1639 collaudata
3271 1622 3287 1649 ,
3316 1597 3443 1638 cum
3478 1583 3633 1652 igno-

2058 1676 2245 1730 miniae
2270 1676 2589 1733 sacerdotes
2619 1677 2695 1731 ita
2731 1676 3013 1739 fecissent.
3048 1678 3129 1743 et,
3157 1675 3337 1730 vitulo
3391 1683 3645 1730 mactato

2058 1784 2123 1824 ac
2155 1767 2276 1824 sine
2303 1769 2427 1840 igne
2455 1768 2622 1840 lignis
2646 1769 2925 1839 imposito,
2956 1767 3173 1823 Baaleni
3200 1784 3231 1822 a
3260 1766 3508 1822 diluculo
3540 1781 3637 1821 us-

2059 1878 2168 1933 que
2203 1862 2271 1918 ad
2310 1863 2595 1918 meridiem
2646 1863 3011 1922 invocassent.
3049 1862 3320 1933 propheta
3358 1875 3456 1931 per
3480 1860 3635 1915 deri-

2060 1971 2185 2012 sum
2210 1970 2307 2010 eos
2349 1955 2642 2021 hortatur,
2678 1966 2737 2009 ut
2768 1969 3025 2024 magnum
3077 1953 3518 2007 vociferarentur
3540 1995 3553 2018 ,
3589 1968 3634 2005 SI

2062 2046 2294 2102 forsitan
2318 2046 2647 2102 dormitaret
2674 2046 2893 2101 illorum
2931 2045 3090 2109 deus,
3124 2054 3218 2099 aut
3256 2045 3379 2099 aliis
3399 2043 3641 2113 negotiis

361 2136 673 2199 θύσαντες
701 2133 848 2201 τοὺς
873 2135 1053 2201 βόας,
1102 2134 1401 2206 ἐπιθῶμεν
1430 2136 1644 2204 ξύλοις
1668 2138 1741 2192 τὰ
1770 2139 1955 2208 θύμαι

2058 2147 2541 2210 essetoccupatns.
2558 2138 2697 2195 Cum
2726 2150 2912 2194 autem
2936 2140 3154 2193 assidue
3177 2137 3474 2209 flagitando
3497 2136 3639 2191 nihil

360 2239 439 2276 τα
459 2241 474 2255 ’
511 2224 637 2293 πῦρ
674 2225 745 2278 δέ
781 2242 850 2294 γε
887 2224 974 2295 μὴ
1032 2225 1449 2296 ἀπενέγκωμεν
1478 2244 1493 2259 ·
1548 2231 1646 2283 καὶ
1695 2230 1954 2298 ἕκαστος

358 2315 774 2369 ἐπικαλεῖσθε.)
804 2316 914 2369 τὸν
937 2315 1163 2370 οἰκεῖον
1189 2316 1358 2381 Θεὸν,
1389 2317 1487 2371 καὶ
1510 2319 1614 2387 ὑφ’
1639 2315 1713 2376 οὗ
1746 2320 1824 2374 ἂν
1848 2324 1951 2375 αὺ-

360 2407 632 2475 τόματον
656 2406 781 2476 πῦρ
801 2406 1107 2476 ἐκλάμψῃ,
1138 2407 1238 2462 καὶ
1268 2411 1625 2479 κατακαύσῃ
1676 2411 1750 2465 τὰ
1792 2413 1953 2476 ξύλα

360 2515 431 2552 τε
464 2499 568 2552 καί
602 2501 677 2552 τὰ
717 2499 967 2567 θύματα,
992 2498 1222 2565 ἐκεῖνος
1267 2500 1590 2571 λογιζέσθω
1620 2503 1767 2571 Θεὸς
1798 2505 1951 2575 ἀλη-

361 2589 499 2657 θής.
536 2589 808 2660 Ἐπῄνεσε
833 2591 894 2645 τὸ
920 2591 1125 2662 πλῆθος
1153 2592 1279 2656 τοὺς
1308 2593 1523 2663 λόγους,
1560 2597 1655 2650 καὶ
1683 2598 1950 2671 ἐποίησαν

361 2682 542 2745 οὕτως
574 2683 627 2735 οἱ
684 2682 853 2753 ἱερεῖς
906 2681 1004 2752 τῆς
1038 2683 1339 2756 αἰσχύνης,
1388 2687 1484 2740 καὶ
1533 2687 1795 2755 θύσαντες
1856 2695 1950 2748 τὸν

366 2777 595 2846 μόσχον,
634 2775 734 2829 καὶ
771 2774 1052 2839 ἐπιθέντες
1088 2779 1270 2843 ξύλοις
1328 2783 1456 2834 ἄνευ
1513 2783 1705 2853 πυρὸς,
1750 2787 1953 2841 ἐπεκα-

364 2866 560 2920 λοῦντο
599 2866 694 2921 τδν
746 2867 897 2921 Βαὰλ
925 2870 1169 2939 πρωῖθεν
1200 2872 1278 2935 εις
1311 2871 1683 2946 μεσημϐρίαν.
1719 2877 1950 2951 Μυκτη-

370 2961 536 3032 ρίζων
565 2961 627 3015 δὲ
686 2962 888 3026 αὐτοὺς
941 2965 968 3017 6
1022 2966 1333 3039 προφήτης,
1392 2969 1537 3039 μέγα
1583 2969 1715 3043 βοᾷν
1764 2974 1953 3040 αὐτοῖς

367 3054 753 3120 συνεϐούλευε,
788 3055 863 3127 μή
893 3072 1020 3109 ποτε
1051 3057 1288 3131 καθεύδῃ
1344 3060 1531 3125 αὐτοῖς
1571 3064 1599 3117 6
1629 3063 1768 3130 θεὸς,
1803 3066 1836 3139 ἢ
1868 3084 1953 3131 τις

362 3146 604 3215 ἀσχολία
631 3145 782 3216 αὐτῷ
816 3148 987 3200 ἐστιν.
1025 3146 1117 3211 Ὠς
1148 3148 1195 3201 δ’
1223 3148 1380 3203 οὐδὲν
1408 3152 1641 3217 ἐκείνοις
1673 3154 1952 3225 δεομένοις

365 3240 539 3293 πολλὰ
567 3238 917 3309 ἐπεραίνετο,
955 3242 983 3293 6
1008 3241 1296 3312 προφήτης
1325 3242 1535 3299 δώδεκα
1563 3244 1746 3312 λίθους
1771 3247 1952 3302 λαϐὼν

364 3334 492 3388 καθ’
512 3333 758 3401 ἑκάστην
789 3331 985 3404 φυλὴν,
1012 3332 1332 3406 ᾠκοδόμησε
1369 3336 1778 3410 θυσιαστήριον,
1804 3338 1951 3413 ὤρυ-

371 3424 429 3489 ξε
482 3422 812 3492 δεξαμενὴν,
843 3421 1126 3476 ὲστοίϐασε
1160 3426 1261 3487 τὰς
1300 3425 1560 3495 σχίδακας
1594 3424 1687 3483 ἐπὶ
1716 3431 1812 3485 τοῦ
1849 3433 1951 3504 βω-

372 3516 502 3588 μοῦ,
532 3515 633 3571 καὶ
659 3514 852 3577 αὐταῖς
880 3513 948 3567 τὰ
987 3515 1158 3586 ἱερεῖα
1206 3492 1551 3587 ἐπενεγκὼν,
1594 3520 1738 3591 ὕδωρ
1764 3492 1954 3596 ἔπίχυ-
1978 3492 2022 3553 C

371 3608 534 3678 θῆναι
587 3605 668 3677 τῷ
722 3604 1095 3677 θυσιαστηρίῳ
1148 3606 1467 3675 ἐκέλευσεν,
1509 3607 1650 3665 ὥστε
1718 3612 1812 3666 καὶ
1855 3616 1954 3686 τὴν

370 3701 679 3770 δεξαμενὴν
736 3699 1120 3769 πληρωθῆναι.
1155 3700 1266 3753 Καὶ
1315 3702 1410 3755 ἐπὶ
1441 3702 1656 3767 τούτοις
1686 3706 1956 3764 ἐπεκαλέ-

373 3810 504 3847 σατο
527 3793 626 3847 τὺν
664 3789 822 3854 Θεὸν,
881 3790 976 3844 καὶ
1013 3789 1124 3860 πῦρ
1170 3790 1463 3861 οὐρανόθεν
1496 3792 1588 3846 ἐπὶ
1635 3793 1729 3847 τδν
1776 3796 1961 3868 βωμὸν

371 3884 769 3955 κατενήνελτο,
803 3880 1021 3938 πάντων
1053 3881 1327 3952 ὁρώντων,
1357 3883 1453 3939 καὶ
1478 3884 1578 3958 τὴν
1608 3885 1821 3954 θυσίαν,
1862 3888 1959 3945 καὶ

372 3980 441 4032 τὰ
467 3976 605 4043 ξύλα
632 3975 731 4028 καὶ
775 3975 904 4036 τοὺς
936 3973 1121 4037 λίθους
1171 3976 1477 4044 κατέφαγε,
1506 3978 1568 4032 τὸ
1596 3977 1746 4051 ὕδωρ
1773 3997 1833 4034 τε
1864 3983 1958 4035 καὶ

372 4070 466 4124 τὸν
495 4068 651 4140 χοῦν.
699 4067 760 4121 '0
785 4066 913 4130 λαὸς
960 4066 1007 4121 6'
1035 4067 1333 4136 ἐκπλαγεὶς
1356 4068 1553 4123 ἔπεσεν
1577 4071 1672 4125 ιπὶ
1708 4071 1808 4144 τὴν
1832 4074 1957 4143 γῆν,

374 4159 475 4214 ἕνα
521 4159 662 4212 Θεὸν
714 4157 892 4228 ἀληθῆ
925 4174 985 4211 τε
1046 4157 1140 4211 καὶ
1195 4159 1370 4228 μέγαν
1404 4160 1816 4234 ὁμολογοῦντες.
1850 4165 1960 4220 Καὶ

375 4250 744 4313 συλλαϐόντες
773 4250 902 4313 τοὺς
937 4249 1415 4321 ψευδοπροφήτας,
1466 4253 1823 4319 ἀπέκτειναν,
1858 4271 1958 4309 του

375 4344 664 4414 προφήτου
700 4340 1084 4405 κελεύσαντος.
1116 4338 1252 4395 Εἷπε
1284 4342 1341 4396 δὲ
1365 4330 1443 4413 τῷ
1468 4343 1697 4414 βασιλεῖ,
1735 4347 1814 4410 ὡς
1840 4345 1959 4403 ὖσει

376 4435 518 4506 μετὰ
555 4431 759 4505 μικρὸν
784 4433 814 4485 6
842 4433 995 4496 Θεός.
1036 4433 1146 4486 Καὶ
1174 4434 1369 4503 γέγονε
1411 4433 1554 4488 κατὰ
1582 4435 1682 4508 τὴν
1713 4437 1961 4511 πρόρρη-

373 4544 459 4580 σιν
512 4524 691 4579 αὑτοῦ
728 4524 984 4595 ῥαγδαῖος
1018 4524 1246 4596 ὄμϐρος.
1305 4526 1712 4598 Ἀπειλησάσης
1754 4529 1812 4583 δὲ
1862 4532 1962 4602 τῆς

380 4615 631 4682 Ἰεζάϐελ
657 4615 874 4670 ἀνελεῖν
898 4616 994 4669 τὸν
1018 4608 1210 4669 Ἠλίαν
1233 4654 1248 4679 ,
1282 4616 1550 4688 φοϐηθεὶς
1591 4620 1619 4671 6
1648 4622 1960 4689 προφήτης,

366 4710 576 4779 ἔφυγεν
606 4708 707 4762 καὶ
734 4710 794 4761 ὲν
814 4711 880 4780 τῇ
912 4708 1105 4779 ἐρήμῳ
1138 4708 1430 4778 γενόμενος
1486 4711 1716 4781 ἀθυμῶν
1748 4714 1963 4767 ἀποθα-

2061 2233 2422 2304 proﬁcerent,
2457 2233 2729 2303 propheta
2763 2231 3058 2288 duodecim
3088 2231 3232 2286 saxis
3256 2232 3358 2301 pro
3391 2231 3636 2286 tribuum

2059 2340 2294 2381 numero
2317 2325 2578 2390 sublatis,
2610 2328 2782 2379 altare
2809 2324 2917 2395 92
2938 2324 3173 2389 struxit,
3202 2323 3453 2378 scrobem
3495 2322 3638 2378 οσο-

2060 2414 2181 2481 dit,
2226 2414 2375 2485 ligna
2429 2413 2485 2468 in
2536 2413 2696 2467 altari
2739 2412 3007 2483 digessit,
3041 2413 3297 2468 victimas
3322 2411 3588 2482 imposuit
3620 2453 3639 2478 ,

2058 2520 2256 2575 aquam
2290 2505 2345 2559 in
2372 2505 2546 2560 altare
2564 2504 2778 2560 eﬂ‘undi
2800 2505 2988 2576 jussit,
3034 2514 3096 2560 ut
3123 2504 3315 2560 scrobs
3342 2505 3509 2560 etiam
3536 2504 3641 2559 im-

2058 2599 2325 2669 pleretur.
2357 2597 2455 2655 His"
2486 2600 2729 2669 peractis
2749 2638 2762 2660 ,
2796 2597 3053 2653 invocato
3082 2597 3315 2653 Numine
3336 2639 3350 2665 ,
3383 2596 3527 2668 ignis
3556 2596 3642 2651 vi-

2059 2689 2322 2746 dentibus
2351 2689 2614 2745 omnibus
2640 2689 2707 2744 de
2738 2690 2880 2745 cosio
2909 2689 2963 2743 in
3000 2704 3148 2744 aram
3184 2690 3421 2756 delatus,
3468 2696 3525 2744 et
3551 2687 3638 2743 vi.

2059 2782 2254 2839 ctimas
2278 2789 2335 2838 et
2363 2780 2576 2852 lapides
2603 2795 2709 2835 una
2741 2794 2865 2834 cum
2891 2794 3033 2850 aqua
3056 2788 3112 2834 et
3142 2779 3367 2850 pulvere
3388 2793 3644 2833 consum-

2058 2877 2186 2947 psit.
2219 2876 2340 2942 Quo
2382 2881 2641 2945 portento
2673 2880 3066 2929 consternatus
3102 2871 3342 2943 pepulus
3370 2913 3384 2936 ,
3428 2886 3649 2943 pronus

2060 2969 2113 3023 in
2131 2977 2329 3023 terram
2349 2966 2570 3033 cecidit,
2590 2981 2757 3022 unum
2778 2980 2898 3023 esse
2918 2966 3083 3020 Deum
3102 2979 3290 3019 verum
3311 2973 3365 3020 et
3381 2977 3641 3035 magnum

2057 3054 2424 3117 confitentes:
2458 3059 2686 3130 etjussu
2734 3057 3038 3130 prophetae,
3078 3057 3337 3113 manibus
3370 3056 3423 3111 in
3458 3057 3635 3126 impo-

2060 3164 2242 3210 stores
2268 3153 2395 3208 illos
2416 3160 2572 3207 vates
2601 3151 2837 3222 injectis,
2861 3164 3054 3205 omnes
3069 3150 3412 3205 occiderunt.
3431 3147 3639 3204 Deinde

2060 3243 2174 3315 regi
2205 3244 2339 3298 dicit
2369 3242 2518 3298 Elias
2541 3285 2555 3306 ,
2590 3242 2761 3297 Deum
2793 3240 2957 3312 paulo
2990 3251 3115 3309 post
3159 3240 3458 3295 missurum
3513 3239 3642 3309 plu-

2058 3337 2223 3390 viam.
2260 3334 2451 3405 itaque
2483 3334 2687 3389 factum
2714 3341 2833 3397 est,
2875 3342 2936 3387 ut
2972 3331 3335 3403 przedixerat,
3374 3337 3431 3385 et
3461 3328 3649 3384 imber

2059 3428 2358 3483 vehemens
2389 3426 2591 3494 erupit.
2614 3424 2723 3479 Sed
2749 3424 3002 3480 Jezabele
3034 3432 3267 3478 mortem
3295 3421 3375 3477 illi
3404 3421 3639 3478 commi-

2056 3526 2184 3573 nata
2207 3559 2220 3580 ,
2259 3517 2525 3586 propheta
2568 3515 2795 3570 territus
2824 3515 2992 3587 fugit,
3032 3525 3087 3570 et
3116 3516 3171 3569 in
3206 3515 3429 3570 deserto
3473 3528 3639 3584 agens

2057 3609 2512 3681 desperabundus
2529 3648 2543 3671 ,
2584 3616 2816 3663 mortem
2839 3625 2869 3663 a
2894 3607 3004 3663 Deo
3029 3607 3269 3678 expetit:
3317 3606 3641 3676 sopitusque

2058 3719 2088 3757 a
2117 3703 2354 3772 quodam
2373 3699 2914 3770 excitatur,jnbente
2944 3715 3170 3770 surgere
3195 3706 3253 3753 et
3273 3698 3442 3752 vesci.
3481 3696 3641 3750 Videt

2059 3802 2241 3848 autem
2309 3805 2506 3862 panem
2584 3791 2898 3861 siligineum
2960 3791 3071 3846 illic
3119 3798 3176 3845 et
3237 3802 3459 3859 aquam.
3501 3788 3640 3844 Cum

2057 3886 2287 3946 edisset.
2318 3899 2515 3939 rursus
2548 3882 2871 3938 obdormiit.
2901 3883 3141 3953 Angelus
3165 3881 3352 3937 denuo
3384 3897 3510 3937 eum
3546 3894 3642 3936 ve-

2058 3983 2137 4037 sci
2156 3982 2332 4054 jubet,
2356 3975 2503 4052 quod
2523 3976 2572 4037 ei
2600 3988 2856 4052 magnum
2883 3974 2989 4028 iter
3012 3974 3200 4029 instet.
3240 3973 3451 4030 Rursus
3473 3972 3657 4042 igitur

2060 4074 2185 4127 cibo
2213 4084 2434 4143 sumpto
2455 4113 2471 4138 ,
2502 4085 2559 4130 et
2604 4073 2942 4144 recuperatis
2970 4082 3036 4130 ex
3067 4082 3134 4122 (’0
3161 4066 3406 4129 Viribus,
3448 4065 3642 4120 diebus

2059 4164 2422 4235 quadraginta
2481 4165 2767 4229 ambulat,
2822 4176 2877 4221 et
2910 4166 2965 4221 in
3021 4164 3341 4221 Chorehum
3399 4166 3640 4219 montem

2061 4257 2365 4327 profectus,
2397 4270 2616 4314 antrum
2652 4258 2982 4329 ingreditur.
3007 4257 3085 4312 lbi
3112 4273 3245 4312 voce
3275 4258 3498 4312 audita:
3531 4255 3651 4312 Cur

2061 4358 2121 4395 eo
2144 4345 2331 4397 venisti
2350 4345 2375 4396 ?
2405 4344 2702 4415 respondet
2728 4363 2742 4399 :
2766 4343 2897 4400 Cum
2927 4345 3021 4400 Dei
3042 4346 3219 4400 studio
3244 4355 3389 4400 vates
3420 4346 3643 4401 Iezabe-

2064 4432 2131 4488 Iis
2177 4434 2494 4500 acciderim,
2535 4433 2633 4489 illa
2680 4437 2854 4489 mead
2893 4453 3067 4491 necent
3110 4439 3380 4507 qnwrimt.
3426 4438 3565 4493 Tum
3600 4440 3644 4492 is

2064 4526 2225 4595 cujus
2248 4542 2440 4582 vocem
2465 4526 2721 4582 audierat
2765 4528 2948 4583 denuo
2973 4530 3053 4586 illi
3084 4531 3161 4585 ait
3188 4550 3203 4589 :
3231 4531 3363 4586 Cras
3386 4549 3639 4603 egressus,

2062 4627 2202 4671 stato
2237 4633 2420 4673 coram
2449 4617 2693 4673 Domino.
2716 4619 2853 4673 Cum
2896 4621 2968 4675 ita
2994 4621 3235 4685 fecisset,
3267 4632 3486 4677 ventum
3515 4638 3642 4677 sen-

2068 4713 2147 4766 tit.
2172 4720 2226 4765 et
2276 4711 2705 4766 concussionem
2733 4753 2749 4779 ,
2806 4723 2860 4767 et
2907 4713 3089 4784 ignem
3148 4714 3434 4770 ardentem
3470 4714 3641 4769 videt.

365 4803 478 4853 νεῖν
503 4800 725 4853 ἱκέτευε
747 4799 840 4851 τὸν
867 4797 1020 4854 Θεόν.
1056 4798 1354 4868 Κοιμηθεὶς
1384 4798 1463 4864 δὲ,
1489 4800 1781 4875 διυπνίσθη
1806 4807 1955 4878 παρά

2063 4802 2274 4857 Deinde
2306 4800 2416 4857 levi
2444 4816 2577 4856 aura
2617 4812 2828 4869 exorta,
2862 4819 2928 4859 ex
2973 4820 3037 4860 ea
3066 4819 3259 4860 vocem
3319 4805 3475 4861 audit
3524 4820 3646 4875 qua:

364 4908 515 4953 τινος
573 4893 900 4961 ἀναστῆναι,
955 4890 1052 4944 καὶ
1085 4893 1282 4959 φαγεῖν
1336 4892 1485 4963 αὐτῷ
1544 4894 1955 4966 ἐπιτρέποντος.

377 4983 515 5052 Ὁρᾷ
557 4981 617 5034 δὲ
651 4982 748 5034 καὶ
784 4980 1044 5051 ὀλυρίτην
1093 4982 1259 5053 ἄρτον
1304 4984 1443 5050 ἐκεῖ,
1501 4986 1595 5038 καὶ
1643 4985 1808 5059 ὕδωρ.
1845 4990 1956 5043 Καὶ

2064 4896 2267 4951 reverti
2291 4894 2542 4966 jubebat,
2562 4905 2619 4950 et
2638 4895 2930 4951 Asabelcm
2950 4896 3121 4970 Syria:
3147 4912 3329 4970 regem
3354 4899 3643 4967 inungere.

2061 4998 2117 5045 et
2152 4988 2347 5043 .lehum
2383 5001 2564 5057 regem
2594 4986 2837 5050 lsraelis,
2868 4998 2924 5043 ct
2952 4990 3209 5044 Eliszeum
3234 5006 3335 5044 suo
3364 4989 3484 5044 loco
3519 5004 3646 5058 pro.

368 5075 585 5142 φαγὼν,
617 5074 892 5144 ἐκοιμήθη
914 5072 1098 5137 πάλιν,
1127 5074 1223 5127 καὶ
1252 5074 1407 5139 αὖθις
1434 5078 1463 5129 6
1490 5077 1722 5145 ἄγγελος
1760 5082 1955 5147 φαγεῖν

2058 5078 2302 5147 phetam,
2322 5076 2415 5146 qui
2444 5073 2641 5143 impios
2660 5076 2897 5133 deleturi
2922 5091 3126 5135 essent.
3144 5080 3450 5150 Regressus
3476 5078 3645 5140 Elias,

368 5163 522 5233 αὐτῷ
577 5163 956 5231 ἔγκελεύεται,
995 5163 1072 5227 ὡς
1123 5163 1324 5235 πολλῆς
1378 5165 1529 5235 αὐτῷ
1580 5169 1955 5239 προκειμένης

2055 5167 2723 5238 qnemadmodumjussus
2746 5169 2945 5237 fuerat,
2972 5171 3227 5226 Eliszcnm
3266 5180 3513 5226 aranlem
3562 5170 3615 5222 in

368 5254 512 5309 ὁδοῦ.
568 5258 680 5309 Καὶ
714 5255 882 5309 πάλιν
933 5256 991 5310 δὲ
1039 5256 1235 5326 φαγὼν
1273 5258 1367 5310 καὶ
1404 5259 1701 5329 ἐνισχύσας
1738 5262 1804 5313 ἐκ
1844 5264 1950 5332 τῆς

2058 5261 2231 5315 venit:
2248 5261 2335 5316 cui
2351 5277 2476 5318 cum
2497 5263 2670 5318 vellus
2686 5277 2846 5318 suum
2867 5263 3167 5333 iniecisset,
3185 5264 3296 5327 ille,
3313 5263 3521 5318 relictis
3533 5276 3648 5314 on.-

367 5348 581 5418 τροφῆς
624 5347 872 5417 εκείνης,
923 5347 1195 5419 ἐπορεύθη
1245 5349 1462 5420 ἡμέρας
1509 5351 1945 5421 τεσσαράκοντα.

2053 5351 2239 5412 nibus.
2264 5368 2392 5407 eum
2416 5355 2688 5424 sequitur,
2714 5354 2780 5409 ad
2809 5355 3141 5411 vaticinandi
3175 5370 3377 5410 munus
3397 5360 3638 5409 evectus-

372 5440 481 5493 Καὶ
513 5439 816 5510 γενόμενος
848 5441 907 5493 δν
933 5439 1012 5511 τῷ
1037 5440 1153 5511 θρει
1183 5442 1410 5512 Χωρὴϐ,
1439 5443 1691 5512 εἰσῆλθεν
1758 5447 1834 5508 εις
1876 5445 2167 5515 σπήλαιον,
2195 5446 2295 5500 καὶ
2323 5448 2510 5516 φωνῆς
2541 5448 2743 5518 ἢκουσε
2766 5464 2781 5479 ο
2857 5450 2919 5503 Ti
2955 5448 3367 5519 παραγέγονας
3426 5442 3639 5496 ἐνταῦ-

378 5535 485 5597 0's:
526 5533 590 5587 '0
614 5534 674 5587 δὲ
703 5533 836 5603 εφη·
872 5533 1003 5587 ὀτι
1030 5533 1304 5601 ζηλώσας
1348 5534 1585 5589 ἔκτεινα
1631 5536 1773 5601 τοὺς
1812 5536 2126 5606 προφήτας
2166 5536 2275 5606 τῆς
2302 5535 2580 5601 Ἰεζάϐελ,
2612 5540 2650 5607 ἠ
2687 5538 2757 5592 δὲ
2807 5538 2969 5608 ζητεῖ
2985 5556 3064 5609 με
3125 5536 3386 5592 κτανεῖν.
3461 5536 3519 5587 ’0
3580 5533 3639 5585 δὲ

390 5626 734 5696 φηματίζων
792 5623 949 5682 εἶπεν
1000 5626 1154 5696 αὖθις
1210 5632 1360 5701 αύτῴ
1389 5646 1407 5663 ·
1438 5632 1691 5696 Ἔξελθε
1760 5633 1993 5700 αὔριον,
2037 5637 2134 5687 καὶ
2191 5633 2371 5700 στῆθι
2419 5630 2680 5687 ἐνώπιον
2709 5636 2948 5702 Κυρίου.
3020 5633 3126 5687 Kal
3164 5630 3420 5701 εποίησεν
3464 5627 3641 5693 οὕτως

394 5724 473 5773 καὶ
505 5722 832 5776 αἰσθάνεται
878 5722 1191 5793 πνεύματός
1240 5741 1298 5778 τε
1329 5724 1424 5778 καὶ
1470 5724 1825 5798 συσσεισμοῦ,
1897 5724 1992 5780 καὶ
2028 5727 2130 5797 ὁρᾷ
2163 5725 2454 5798 καιόμενον
2494 5725 2624 5798 πῦρ.
2663 5721 2796 5780 Εἶτα
2831 5725 3037 5791 λεπτῆς
3088 5722 3264 5794 αὔρας
3296 5723 3626 5797 γενομένης.
