3926 6210
326 215 428 277 18⁷3

1627 215 1952 277 JOANNIS
1991 216 2312 278 ZONAl’uE

3469 213 3572 275 186

317 327 508 381 ἀκούει
537 328 722 398 φωνῆς
755 329 988 393 ἐκεῖθεν,
1016 327 1320 399 ἀνατρέψαι
1364 326 1694 396 κελευούσης
1717 323 1885 392 αύτῷ,
1929 323 2022 376 καὶ
2091 325 2280 396 χρίσαι
2343 324 2569 395 βασιλέα
2592 323 2691 395 τῆς
2719 317 2920 394 Συρίας
2945 321 3037 378 τὸν
3064 319 3289 392 Ἀζαὴλ,
3336 319 3433 376 καὶ
3481 321 3575 376 τὸν

327 423 472 494 Ἱηοὺ
523 423 750 495 βασιλέα
797 424 874 496 τῷ
910 423 1152 495 Ἰσραὴλ,
1212 423 1309 476 καὶ
1349 422 1444 477 τὸν
1508 420 1782 478 Ἐλισσαιὲ
1832 419 1911 482 εἰς
1951 421 2238 492 προφήτην
2279 421 2398 476 ἀνθ’
2457 420 2676 482 ἑαυτοῦ,
2720 420 2769 473 οἳ
2796 420 2920 482 τοὺς
2952 417 3169 479 ἀσεϐεῖς
3217 414 3577 486 ὀλοθρεύσου-

318 537 424 574 σιν.
464 520 843 592 Ὑποστρέψας
881 521 937 574 δὲ
971 519 1158 582 Ἠλίας
1187 518 1263 583 ὡς
1310 518 1630 588 ἐκελεύσθη,
1671 510 1800 586 εὗρε
1835 514 1926 568 τὸν
1977 513 2279 570 Ἐλισσαῖον
2326 515 2711 587 ἀροτριοῦντα,
2769 515 2864 569 καὶ
2915 510 3214 584 ἐπέρριψεν
3265 509 3414 578 αὑτῷ
3478 509 3581 580 τὴν

319 614 574 683 μηλωτὴν
600 615 785 669 αὑτοῦ.
835 615 894 667 '0
921 614 999 678 δὲ,
1028 615 1348 669 καταλιπὼν
1375 613 1575 674 πάντα,
1603 608 1971 682 ἠκολούθησεν
2003 609 2152 680 αύτῷ
2180 611 2548 682 προφητεύειν
2580 607 2854 674 ἀξιωθείς.

386 707 762 762 XiVJnterim
791 707 1070 772 Achabus,
1109 709 1322 762 vineam
1350 705 1590 762 Nabotbi
1616 706 1730 760 suis
1751 701 1900 774 agris

2072 704 2164 758 IA'.
2200 707 2526 772 Ἀμπελῶνα
2555 703 2615 758 δὲ
2672 702 2900 773 πλησίον
2928 700 3039 753 τῶν
3079 699 3262 769 ἀρχῶν
3292 699 3384 752 τοῦ
3423 697 3584 768 βασι-

317 797 718 850 conterminam
771 795 857 850 vel
917 812 1102 851 emere
1147 797 1230 851 vel
1278 797 1591 866 permutato
1637 793 1892 863 accipere

318 888 570 959 cupiens,
605 901 898 945 recusante
928 905 1268 958 possessore,
1305 890 1358 943 in
1393 888 1562 944 animi
1609 885 1893 957 aegritudi-

321 995 442 1035 nem
477 981 692 1035 incidit.
723 980 896 1052 Cujus
918 981 1141 1038 Jezabel
1165 981 1356 1036 educta
1383 995 1624 1041 causam,
1663 979 1764 1032 sub
1791 993 1893 1032 no-

321 1072 472 1127 mine
522 1075 667 1144 regis
714 1075 930 1130 litteras
959 1073 1027 1129 ad
1067 1089 1327 1144 proceres
1374 1072 1640 1141 regionis.
1683 1071 1737 1124 in
1787 1085 1893 1139 qua

319 1165 608 1221 Nabothus
631 1166 936 1234 habitabat,
962 1167 1292 1232 conscribit,
1323 1167 1528 1236 quibus
1554 1166 1708 1221 illum
1732 1180 1894 1220 accuo

321 1272 448 1313 sare
471 1258 813 1326 jubebantur
835 1300 852 1325 ,
887 1268 947 1314 ut
985 1260 1038 1314 in
1074 1261 1242 1315 Deum
1281 1267 1338 1314 et
1367 1273 1550 1329 regem
1603 1267 1898 1313 contume-

319 1348 473 1404 liosis
506 1350 690 1405 verbis
727 1366 909 1418 usum,
943 1366 1028 1418 ac,
1069 1351 1224 1407 falsis
1273 1351 1506 1406 testibus
1543 1347 1895 1414 subornatis,

319 1442 589 1511 lapidare.
617 1443 723 1500 Eas
746 1445 982 1510 litteras,
1003 1444 1154 1514 regio
1174 1443 1354 1514 sigillo
1381 1458 1663 1514 appresso,
1687 1443 1899 1510 adlillos

320 1535 490 1590 mittit
517 1551 531 1588 :
555 1535 662 1606 93
692 1536 806 1606 qui,
836 1537 986 1607 iussa
1005 1537 1271 1602 exsecuti,
1291 1535 1604 1591 Nsbothum
1624 1535 1902 1605 lapidibus

320 1624 650 1681 obruerunt.
703 1627 825 1694 Quo
870 1628 1053 1694 factu,
1107 1628 1327 1684 Iezabel
1379 1627 1620 1685 Nabouri
1683 1629 1897 1683 vineam

319 1732 593 1787 occupare
636 1719 921 1774 Achabum
962 1719 1166 1789 jubet:
1205 1719 1325 1792 qui,
1355 1719 1455 1775 etsi
1513 1719 1722 1776 caedem
1753 1719 1901 1776 illius

319 1819 460 1873 :egre
496 1805 725 1872 ferebat,
767 1814 948 1862 tamen
980 1807 1153 1863 vinea:
1193 1808 1566 1862 haircditatem
1596 1808 1751 1863 adiit.
1780 1808 1901 1862 Ita-

321 1914 428 1968 que
460 1897 607 1954 Elias
646 1899 713 1954 ad
765 1899 917 1954 illum
970 1900 1172 1955 missus
1217 1916 1246 1954 ε
1277 1901 1431 1956 Deo:
1492 1899 1648 1966 Quia,
1698 1899 1900 1970 inquit,

323 1991 631 2048 Nubat/tum
677 1994 949 2057 occidisti,
1008 1996 1174 2049 vinem
1223 1995 1369 2049 illius
1423 1994 1720 2050 obtinendo:
1750 2011 1899 2068 ergo,

323 2093 602 2154 propterea
626 2087 702 2138 ait
727 2085 1015 2140 Dominus:
1035 2083 1149 2151 Quo
1181 2088 1236 2141 in
1273 2085 1382 2140 loco
1414 2089 1731 2157 sanguinem
1759 2085 1904 2142 illius

325 2174 598 2230 tinxerunt
627 2193 806 2240 canes,
866 2179 1046 2232 eodem
1079 2179 1134 2232 in
1164 2177 1276 2231 loco
1308 2187 1458 2232 tuum
1491 2179 1770 2248 umorisque
1797 2185 1903 2236 tuta

323 2269 639 2338 sanguinem
671 2269 871 2340 lingent
917 2287 1096 2334 canes,
1137 2278 1189 2324 ct
1235 2271 1530 2326 meretrices
1560 2273 1612 2324 in
1647 2272 1906 2341 sanguine

326 2370 414 2414 tuo
455 2359 711 2416 locabunt
737 2401 756 2428 ,
797 2363 1068 2430 omnisch
1112 2362 1319 2432 familia
1364 2373 1456 2418 tua
1503 2363 1901 2433 exstirpabilur.

325 2445 538 2514 Quibus
583 2449 769 2505 verbis
804 2449 1164 2506 vehementer
1219 2451 1578 2507 contristatus
1621 2452 1902 2518 Achabas,

325 2539 658 2596 lamentatus
680 2549 790 2607 est,
825 2541 1129 2613 indutoque
1155 2558 1316 2599 sacco
1336 2544 1623 2614 jejunavit,
1655 2545 1902 2603 facinora

326 2648 423 2688 sua
471 2633 772 2691 detestans.
828 2635 904 2692 Ea
959 2636 1105 2706 regis
1137 2637 1459 2706 pmnitentia
1503 2647 1706 2704 motus,
1758 2639 1906 2695 Deus

326 2726 611 2798 prophetae
659 2728 950 2799 significat,
1005 2745 1064 2785 se
1112 2746 1304 2800 poenas
1350 2745 1486 2801 quas
1534 2733 1905 2788 comminatus

327 2827 475 2875 esset
526 2836 633 2874 non
690 2821 760 2876 ab
806 2822 898 2876 illo
947 2823 1339 2892 expetiturum,
1420 2823 1515 2879 sed
1565 2825 1908 2894 temporibus

333 2907 430 2962 ﬁlii
463 2910 586 2981 ejus
611 2909 703 2964 illa
735 2911 1004 2965 facturum
1035 2927 1178 2967 esse.
1209 2912 1340 2968 Post
1372 2911 1488 2967 hac
1514 2912 1710 2969 Aderis
1735 2911 1900 2979 ﬁlius,

328 2996 498 3066 Syria:
523 3013 780 3062 rex,cum
805 2999 1015 3069 magnis
1035 3000 1210 3070 copiis
1233 3007 1289 3055 et
1311 3001 1500 3056 multis
1522 3000 1904 3070 auxiliaribus,

328 3086 570 3144 Samaria
602 3089 889 3146 obsidione
914 3089 1117 3154 cincta,
1144 3090 1354 3162 legatos
1377 3092 1442 3146 ad
1474 3091 1758 3147 Achabum
1782 3093 1904 3148 mit-

329 3181 413 3245 tit,
455 3181 548 3248 qui
595 3181 644 3235 ei
683 3182 972 3238 dicerent:
1019 3182 1228 3237 Diuitia:
1273 3193 1396 3244 tum,
1448 3192 1499 3238 et
1555 3200 1745 3238 uxores
1781 3193 1903 3247 tuae.

328 3282 376 3324 et
425 3271 576 3326 liberi
614 3275 692 3327 tui
736 3290 850 3329 mea
893 3285 1063 3330 sunt:
1100 3275 1233 3331 bello
1283 3278 1418 3330 enim
1465 3294 1529 3332 ca
1579 3279 1809 3346 capiam.
1844 3277 1906 3332 Si

1996 797 2134 862 λέως
2168 797 2378 868 Ἀχαὲσ
2430 795 2768 864 κεκτημένος
2799 795 2826 846 ὁ
2866 791 3164 854 Ναϐουθαὶ,
3196 789 3417 858 ἠξιοῦτο
3455 806 3579 841 πωο

1995 889 2158 958 λῆσαι
2179 889 2342 943 αὐτὸν
2366 887 2443 958 τῷ
2471 887 2697 957 βασιλεῖ,
2720 885 2754 956 ἢ
2785 881 3131 944 ἀνταλλὰΞαι.
3166 881 3227 931 '0
3247 880 3302 933 δὲ
3322 880 3423 933 οὒκ
3442 877 3585 932 ἐπεί-

1999 981 2141 1043 θετο,
2173 980 2268 1034 καὶ
2291 981 2320 1034 6
2348 978 2599 1049 βασιλεὺς
2629 977 2715 1030 διὰ
2735 975 2894 1030 τοῦτο
2911 973 3200 1040 λελύπητο.
3232 969 3497 1024 Μαθοῦσα
3520 968 3580 1022 δὲ

2009 1073 2244 1137 Ἰεζάϐελ
2299 1073 2400 1134 τῆς
2450 1071 2629 1138 λύπης
2678 1069 2738 1123 τὸ
2787 1068 2986 1128 αἴτιον,
3019 1063 3242 1134 γραφὴν
3281 1063 3590 1131 ἐποιήσατο

1997 1168 2071 1229 ὡς
2101 1166 2158 1231 ἐξ
2197 1164 2402 1236 Ἀχαὰὸ
2457 1163 2538 1226 εἰς
2589 1160 2717 1224 τοὺς
2755 1157 3088 1229 προέχοντας
3140 1155 3240 1225 τῆς
3287 1151 3494 1225 χώρας,
3520 1152 3582 1205 ὲν

1997 1252 2032 1332 ᾖ
2071 1255 2310 1328 κατῴκει
2332 1255 2360 1308 6
2389 1250 2691 1313 Ναόουθαὶ,
2723 1246 3153 1317 ἐγκελευομένην
3186 1243 3368 1306 αὐτοῖς
3404 1258 3580 1332 κατηῖ

1998 1330 2232 1420 ἧορῆσαι
2264 1345 2364 1400 τοῦ
2409 1344 2601 1411 ἀνδρὸς
2645 1341 2720 1405 ὡς
2770 1337 3267 1410 βλασφημήσαντος
3313 1333 3454 1387 κατὰ
3484 1330 3586 1385 τοῦ

1999 1439 2136 1495 Θεοῦ
2154 1435 2354 1493 καὶτοῦ
2377 1433 2664 1505 βασιλέως·
2681 1430 2773 1484 καί
2797 1447 2946 1491 τινας
2969 1426 3392 1498 παρασκευέσαι
3413 1440 3588 1476 κατα-

2003 1532 2352 1602 μαρτυρῆσαι
2403 1525 2591 1585 αύτοῦ.
2622 1523 2723 1577 καὶ
2746 1521 3111 1575 καταλιθάσαι
3141 1517 3324 1572 αὐτόν.
3361 1514 3588 1584 Ταύτην

2001 1622 2221 1695 γραφὴν
2276 1623 2341 1691 τῇ
2387 1616 2644 1688 σφραγῖδι
2667 1614 2762 1668 τοῦ
2795 1613 3062 1683 βασιλέως
3093 1606 3584 1679 ὲπισημηναμένη,

2002 1714 2210 1772 ἔστειλε
2236 1713 2374 1783 πρὸς
2390 1713 2515 1774 τοὺς
2537 1708 2763 1777 ἄνδρας.
2810 1705 3098 1758 Κάκείνων
3124 1701 3468 1770 ποιησάντων
3507 1697 3588 1760 ὡς

2001 1801 2418 1870 ὲνετάλθησαν,6
2433 1799 2532 1868 μὲν
2544 1794 2822 1850 Ναϐουθαὶ
2839 1791 3174 1861 κατελεύσθη
3189 1790 3284 1844 καὶ
3293 1790 3585 1858 τέθνηκεν·

2015 1897 2080 1950 Ἦ
2100 1894 2145 1947 δ’
2188 1891 2425 1956 ἰεζὰὄελ
2455 1887 2863 1960 κληρονομῆσαι
2887 1885 2980 1938 τὸν
3009 1881 3308 1952 ἀμπελῶνα
3342 1879 3435 1932 τοῦ
3463 1879 3587 1932 Να-

2004 1988 2198 2044 σουθαὶ
2225 1987 2305 2057 τῷ
2327 1983 2533 2056 Ἀχαάὅ
2571 1981 2895 2045 ἐνετέλλετο,
2921 1978 3174 2039 θανόντος
3187 1975 3415 2028 ἐκείνου.
3437 1973 3496 2025 Ὀ
3528 1973 3590 2026 δὲ

2007 2077 2253 2149 ἐλυπήθη
2275 2076 2362 2130 διὰ
2390 2074 2482 2127 τὸν
2506 2071 2690 2142 φόνον,
2713 2071 2802 2124 τὸν
2831 2066 3131 2138 ἀμπελῶνα
3159 2066 3211 2118 δὲ
3243 2063 3587 2135 ᾠκειώσατο.

2007 2170 2118 2224 Καὶ
2179 2167 2409 2232 Ἠλίας,
2464 2162 2824 2224 κελεύσαντος
2875 2158 2969 2213 τοῦ
3027 2157 3185 2220 Θεοῦ,
3239 2154 3405 2225 ἀπῄει
3451 2153 3592 2221 πρὸς

2003 2260 2233 2333 ἰἰχαὰϐ,
2269 2260 2467 2328 λέγων,
2497 2258 2628 2311 Ὅτι
2657 2255 3000 2324 ἐφόνευσας
3027 2253 3133 2304 τὸν
3169 2246 3464 2303 Ναόουθαὶ
3490 2244 3596 2296 διὰ

2004 2355 2070 2408 τὸ
2099 2351 2276 2422 σχεῖν
2309 2349 2415 2404 τὸν
2446 2343 2775 2416 ἀμπελῶνα
2799 2344 3008 2408 αὐτοῦ,
3069 2340 3169 2395 διὰ
3217 2340 3391 2393 τοῦτο
3443 2334 3592 2391 τάδε

2004 2446 2170 2514 ,λέγει
2210 2444 2462 2511 Κύριος³
2502 2441 2690 2494 Ἔνθα
2715 2440 2770 2492 οι
2806 2437 2988 2502 κύνες
3036 2435 3102 2489 τὸ
3155 2434 3391 2488 ἐκείνου
3431 2431 3596 2484 ἕλει-

2007 2541 2124 2605 ξαν
2149 2531 2310 2606 αἷμα,
2343 2533 2473 2588 ἐκεῖ
2497 2532 2598 2587 καί
2627 2530 2694 2584 τὸ
2725 2530 2843 2586 σὸν
2861 2524 3004 2598 αἷμα
3027 2527 3127 2580 και
3149 2526 3212 2579 τὸ
3240 2523 3351 2591 τῆς
3379 2537 3596 2592 γυναι-

2006 2632 2115 2698 κός
2147 2646 2264 2684 σου
2289 2627 2587 2691 λσίξουσι.
2611 2623 2707 2678 καὶ
2754 2625 2814 2676 ai
2853 2622 3070 2689 πόρναι
3127 2618 3461 2671 λούσονται
3516 2613 3594 2665 ἐν

2006 2721 2086 2788 τῷ
2113 2718 2320 2790 αἵματί
2348 2733 2486 2780 σου,
2541 2717 2640 2769 καὶ
2679 2713 2843 2768 ἅπαν
2894 2713 2961 2764 τὸ
3016 2707 3195 2777 γένος
3241 2720 3359 2760 σου
3380 2703 3596 2770 ἐξολο-

2007 2810 2417 2881 θρευθήσεται.
2463 2805 2670 2875 Ἀχαὰϐ
2717 2804 2761 2856 δ’
2813 2801 2908 2856 ἐπὶ
2972 2799 3183 2861 τούτοις
3235 2793 3592 2862 κατανυγεὶς,

2008 2905 2264 2967 ἕκλαυσε,
2295 2900 2394 2954 καὶ
2447 2897 2649 2952 σάκκον
2685 2892 3065 2966 περιεϐάλετο,
3101 2889 3196 2942 καὶ
3235 2887 3591 2955 ὲνήστευσεν,

2006 2999 2098 3052 ἐπὶ
2131 2998 2241 3058 τοῖς
2273 2991 2690 3064 πεπραγμένοις
2716 2985 3185 3058 μεταμελόμενος.
3229 2980 3338 3034 Καὶ
3368 2979 3396 3031 6
3452 2975 3594 3038 Θεὸς

2005 3090 2098 3145 διὰ
2116 3089 2215 3160 τὴν
2248 3088 2538 3158 μετάνοιαν
2567 3081 2732 3137 αὐτοῦ
2771 3079 2845 3152 μὴ
2891 3077 3114 3142 ἐπάξειν
3151 3073 3303 3144 αύτῷ
3328 3070 3396 3125 τὰ
3423 3072 3594 3140 ἠπει-

2007 3183 2217 3254 λημένα
2248 3179 2485 3250 ἐδήλωσε
2509 3176 2588 3246 τῷ
2615 3174 2889 3246 προφήτῃ,
2924 3171 3042 3225 ἀλλ’
3079 3171 3135 3222 ὲν
3174 3168 3295 3228 ταῖς
3349 3163 3594 3254 ημέραις

2005 3252 2099 3323 τοῦ
2120 3267 2309 3330 παιδός
2335 3264 2498 3319 αὑτοῦ
2526 3263 2698 3318 ταῦτα
2719 3262 2979 3315 τελέσειν.
3015 3258 3075 3311 '0
3095 3256 3152 3310 δὲ
3176 3254 3272 3309 τοῦ
3293 3252 3455 3322 ’Δδερ
3472 3252 3594 3314 υίὸς

327 3379 448 3419 vero
474 3366 598 3419 mihi
633 3382 950 3437 quacunque
974 3367 1181 3421 voluero
1203 3370 1537 3434 concesseris,
1563 3368 1740 3424 solum
1762 3371 1901 3424 obsi-

2012 3358 2269 3430 βασιλεὺς
2298 3355 2502 3428 Συρίας
2534 3352 2900 3424 ἐστράτευσεν
2934 3348 3028 3401 ἐπὶ
3078 3345 3399 3417 Σαμάρειαν
3449 3341 3596 3412 μετὰ

325 3456 482 3511 dionc
517 3457 802 3510 discedam.
836 3458 1095 3514 Achabas
1120 3459 1186 3513 ad
1233 3460 1390 3514 hmo:
1435 3460 1501 3514 Et
1539 3477 1657 3531 ego,
1703 3462 1902 3531 inquit,

327 3556 376 3600 et
407 3547 509 3600 mei
531 3531 708 3601 omne;
757 3549 833 3601 tui
856 3565 1075 3603 sumus:
1112 3565 1176 3604 ac
1205 3552 1520 3605 convocatis
1555 3553 1772 3621 imperii
1817 3553 1902 3608 sui

327 3638 666 3702 senioribus,
700 3639 876 3696 hostis
915 3641 1242 3710 legationem
1277 3643 1526 3711 exponit.
1566 3643 1674 3699 Sed
1700 3646 1905 3715 populo

325 3746 454 3788 eum
489 3748 518 3787 a
549 3732 827 3788 deditione
880 3733 1191 3799 dehortata,
1245 3734 1435 3804 legatis
1480 3737 1800 3805 respondet,
1845 3753 1904 3794 se

326 3839 448 3894 qua:
483 3825 889 3893 postularentur
933 3826 1114 3881 facere
1145 3841 1252 3881 non
1285 3842 1465 3896 posse.
1503 3828 1582 3882 Eo
1609 3827 1781 3899 Syria:
1810 3845 1904 3885 rex

324 3918 578 3972 nuntiato
605 3917 796 3985 iratus,
828 3919 970 3974 vallo
1011 3919 1202 3975 urbem
1237 3919 1571 3975 circumdari
1635 3930 1692 3976 et
1739 3937 1905 3994 agge-

325 4012 483 4068 ribus
506 4012 649 4083 eingi
677 4012 856 4084 jubet.
881 4013 1017 4067 Cum
1046 4022 1226 4068 autem
1251 4023 1405 4068 vates
1427 4013 1649 4084 quidam
1680 4015 1904 4071 Achabo

326 4104 594 4174 dixisset,
642 4121 700 4162 se
763 4105 1093 4162 traditurum
1148 4105 1226 4160 illi
1279 4106 1465 4161 hostes
1510 4122 1636 4162 cum
1715 4108 1905 4177 pueris

325 4199 528 4254 ducum
591 4214 688 4255 eos
733 4199 1037 4264 invadenti,
1098 4213 1363 4253 numerus
1407 4214 1598 4253 eorum
1647 4197 1905 4254 inventus

325 4301 411 4348 est
452 4293 673 4349 ducenti
709 4293 935 4364 triginta
981 4292 1115 4356 duo,
1158 4307 1284 4346 cum
1320 4291 1524 4361 quibus
1555 4291 1700 4348 circa
1732 4291 1904 4346 meri-

325 4383 514 4450 diem,
565 4383 985 4440 convivantibus
1046 4393 1105 4440 et
1169 4383 1434 4439 nebriatis
1492 4383 1767 4448 hostibus,
1819 4390 1906 4438 est

325 4489 598 4546 egressus.
614 4477 726 4531 Eos
759 4491 881 4529 cum
907 4475 1077 4547 Syria:
1108 4491 1202 4530 rex
1224 4475 1472 4542 vidisset,
1502 4476 1768 4532 ministris
1790 4476 1906 4529 suis

329 4567 604 4636 imperat,
663 4577 724 4621 ut
767 4567 834 4620 ad
894 4583 952 4621 se
1006 4568 1220 4621 vinctos
1277 4566 1635 4622 adducerent.
1703 4566 1902 4620 Verum

328 4655 512 4726 pueri,
540 4655 664 4710 illos
695 4655 961 4724 aggressi,
987 4655 1188 4708 multos
1218 4653 1545 4709 occiderunt
1568 4671 1582 4707 :
1603 4669 1744 4723 quos
1760 4670 1904 4724 pone

2011 3454 2237 3524 βαρείας
2266 3452 2550 3520 δυνάμεως
2578 3448 2672 3500 καὶ
2708 3444 3012 3516 συμμάχων
3054 3439 3288 3495 πολλῶν.
3345 3437 3453 3490 Καὶ
3486 3451 3592 3487 πο-

2007 3542 2462 3616 λιορκῶναύτὴν,
2493 3539 2708 3610 ἔπεμψε
2757 3538 2895 3608 πρὸς
2949 3532 3183 3604 Ἀχαὰὀ,
3243 3531 3441 3599 λέγων,
3504 3528 3593 3581 ὅτι

2019 3640 2081 3692 '0
2109 3635 2376 3702 πλοῦτός
2420 3649 2537 3688 σου
2580 3633 2679 3686 και
2710 3633 2769 3684 ai
2826 3626 3110 3698 γυναῖκές
3159 3641 3300 3685 σου,
3367 3621 3465 3674 καὶ
3513 3621 3594 3672 τὰ

2005 3733 2190 3786 τέκνα
2236 3747 2373 3792 σου,
2403 3727 2518 3798 ἐμά
2537 3727 2671 3780 ἐστι
2689 3741 2704 3758 ·
2722 3723 2994 3792 λήψομαι
3017 3719 3127 3790 τὰρ
3145 3719 3388 3784 πολέμῳ
3410 3711 3593 3766 αὐτά.

2012 3827 2112 3880 Ἂν
2136 3824 2186 3873 δ’
2205 3823 2322 3878 ὅσα
2334 3821 2648 3888 βούλωμαι
2669 3812 3230 3886 παραχωρήσῃς.μοι
3256 3808 3590 3876 λήψεσθαι,

2007 3920 2178 3974 λύσω
2209 3917 2326 3981 τὴν
2360 3914 2738 3982 πολιορκίαν,
2772 3909 2871 3963 καὶ
2898 3905 3335 3972 ἀπελεύσομαι.
3378 3897 3591 3970 Ἀχααϐ

2007 4015 2082 4080 δὲ,
2119 4011 2310 4080 Κάγὼ.
2362 4007 2487 4078 ἔφη,
2545 4005 2643 4060 καὶ
2689 4005 2744 4058 οι
2773 4001 2902 4072 ἐμοὶ
2960 3997 3184 4062 πάντες
3235 3994 3339 4048 σοί
3375 3993 3592 4061 ἐσμεν.

2009 4105 2117 4160 Καὶ
2153 4100 2511 4172 συναθροίσας
2546 4096 2673 4160 τοὺς
2701 4092 3114 4166 πρεσϐυτέρους
3147 4087 3248 4157 τῆς
3308 4085 3436 4154 γῆς,
3486 4084 3594 4136 ὅσα

2010 4198 2146 4267 πρὸς
2175 4194 2338 4248 αὑτὸν
2375 4189 2763 4259 διεπέμψατοὸ
2792 4185 3053 4255 πολέμιος
3105 4177 3404 4244 ἀνεδίδαξε.
3436 4175 3510 4229 Τὸ
3527 4175 3592 4228 δὲ

2009 4287 2213 4354 πλῆθος
2253 4284 2328 4355 μὴ
2380 4281 2675 4350 πεισθῆναι
2732 4277 2883 4346 αύτῷ
2932 4271 3378 4328 συνεϐούλευσεν.
3424 4267 3484 4320 '0
3527 4267 3596 4318 es

2008 4381 2121 4443 τοῖς
2153 4375 2419 4449 πρέσϐεσι
2436 4373 2542 4428 τῶν
2573 4369 2852 4440 πολεμίων
2868 4364 3009 4433 εἷπε,
3044 4364 3120 4436 μὴ
3136 4362 3399 4418 δύνασθαι
3421 4360 3591 4430 ποιῆ-

2011 4487 2102 4522 σαι
2122 4468 2185 4520 τὸ
2214 4463 2638 4536 ἀπαιτούμενον.
2691 4459 2864 4513 Τοῦτο
2915 4456 3184 4526 ἀγγελθὶν
3245 4455 3325 4527 τῷ
3371 4455 3594 4527 βασιλεῖ

2008 4560 2108 4628 τῆς
2141 4557 2363 4629 Συρίας,
2388 4559 2469 4621 είς
2498 4553 2668 4626 ὀργὴν
2706 4552 2915 4605 ἐκεῖνον
2933 4551 3176 4620 ἐκίνησε,
3222 4550 3316 4604 καὶ
3365 4549 3592 4620 χάρακα

2012 4643 2195 4710 βαλεῖν
2221 4644 2351 4714 περὶ
2372 4643 2470 4713 τὴν
2516 4641 2693 4707 πόλιν,
2739 4639 2836 4693 καὶ
2890 4637 3124 4709 χώματα
3159 4638 3401 4710 ἐγείρειν
3461 4639 3593 4691 ἐκέ-

330 4751 534 4798 εοοιηαξ
561 4742 732 4814 c0pize
760 4742 1093 4809 lsraeliticac,
1139 4741 1436 4812 derepente
1486 4742 1631 4798 iacto
1666 4745 1899 4814 impetu,

2007 4737 2186 4791 λευσε.
2227 4737 2512 4806 Προφήτου
2545 4734 2601 4789 δέ
2632 4751 2776 4797 τινος
2803 4732 2881 4802 τῷ
2909 4731 3115 4802 Ἀχαὰσ
3146 4733 3420 4802 φήσαντος
3476 4749 3594 4785 πα·-

331 4835 501 4908 Syros
551 4835 608 4890 in
651 4834 832 4906 fugam
885 4835 1262 4905 coniecerunt,
1324 4834 1464 4891 adeo
1515 4844 1578 4891 ut
1629 4834 1747 4906 ipse
1809 4851 1906 4891 rex

329 4943 524 4983 eorum
549 4927 638 4981 vix
675 4925 1005 4982 elaberetur.
1043 4925 1175 4980 Inde
1218 4941 1474 4982 reversus
1509 4927 1786 4993 Achabus,
1818 4927 1906 4982 di-

330 5017 510 5089 reptis
539 5018 781 5074 hostium
825 5018 1039 5085 castris,
1092 5018 1394 5074 Samariam
1429 5020 1591 5076 redit.
1639 5018 1738 5075 Cui
1773 5036 1904 5090 pro-

329 5111 496 5181 pheta
527 5111 789 5183 Syrorum
822 5111 1228 5183 aggressionem
1270 5111 1452 5166 denuo
1497 5110 1765 5180 prmdicit.
1799 5111 1906 5168 ita.

328 5221 438 5275 que
475 5205 714 5260 instante
766 5219 916 5264 vere.
970 5203 1140 5276 Syrus
1183 5203 1444 5259 lsraclitis
1488 5202 1672 5257 denuo
1701 5202 1903 5260 bellum

331 5303 518 5366 intert,
576 5303 774 5359 castris
827 5301 882 5356 in
931 5301 1161 5371 planitie
1216 5301 1436 5370 positis,
1513 5314 1640 5354 cum
1697 5313 1728 5354 e
1781 5299 1899 5355 suis

328 5397 592 5459 audisset,
625 5394 980 5450 Hebraeorum
1005 5392 1102 5448 Dei
1133 5393 1277 5447 vires
1311 5393 1364 5448 in
1390 5391 1667 5446 montibus
1696 5390 1898 5460 vigere,

333 5486 385 5538 in
420 5486 656 5542 vallibus
684 5501 790 5539 non
825 5485 978 5540 item.
1027 5485 1226 5538 Verum
1259 5483 1522 5551 propheta
1559 5481 1742 5536 denuo
1773 5496 1901 5550 pro-

332 5576 500 5631 mittit
529 5579 812 5632 victoriam
848 5575 1071 5632 Acbabo
1099 5592 1114 5630 :
1160 5573 1249 5638 Ut,
1288 5574 1485 5643 inquit,
1513 5573 1622 5644 94
1655 5574 1708 5625 in
1738 5572 1894 5627 mlli-

331 5663 419 5717 bus
444 5668 604 5720 etiam
633 5683 786 5721 suam
811 5665 1099 5740 potentiam
1135 5664 1449 5718 demonstret
1486 5662 1645 5718 Deus.
1676 5660 1898 5718 Cmteris

2008 4827 2278 4900 ραδιδόναι
2309 4829 2402 4881 τὸν
2429 4827 2561 4881 Θεὸν
2581 4827 2710 4888 τοὺς
2739 4823 3036 4895 πολεμίους
3088 4821 3240 4892 αὐτῷ
3279 4820 3419 4893 μετὰ
3475 4820 3590 4874 τῶν

2003 4921 2307 4992 παιδαρίων
2327 4919 2436 4973 τῶν
2459 4919 2746 4990 ἡγεμόνων
2799 4915 3008 4970 ἐπιόντι
3055 4915 3262 4979 αὐτοῖς,
3298 4913 3585 4985 ἠρίθμησε

2002 5015 2072 5069 τὰ
2100 5013 2384 5084 παιδάρια,
2417 5013 2513 5066 καὶ
2539 5003 2668 5082 εὗρε
2690 5009 2940 5064 διακόσια
2971 5008 3270 5079 τριάκοντα
3296 5005 3410 5059 δύο.
3458 5004 3588 5058 Τῶν

2000 5109 2056 5161 δὲ
2087 5105 2359 5174 πολεμίων
2383 5103 2796 5174 εὐωχουμένων,
2833 5101 2928 5156 καὶ
2975 5098 3283 5170 μεθυόντων
3307 5097 3453 5152 κατὰ
3486 5113 3589 5167 με·

2004 5197 2304 5269 σημϐρίαν,
2338 5195 2563 5265 ἐξῆλθεν
2589 5195 2618 5247 6
2656 5191 2864 5265 ’Δχαὰϐ
2891 5190 3227 5260 παραλαϐὼν
3260 5191 3330 5243 τὰ
3385 5189 3587 5244 παιδά-

2016 5307 2124 5362 ρια.
2143 5290 2202 5344 '0
2225 5287 2477 5359 βασιλεὺς
2504 5287 2562 5341 δὲ
2596 5285 2819 5357 Συρίας,
2850 5285 2975 5338 ἰδὼν
3007 5283 3230 5346 αὐτοὺς,
3263 5281 3587 5351 δεδεμένους

2010 5384 2138 5448 τοὺς
2161 5382 2489 5455 προσιόντας
2512 5381 2862 5452 παραστῆσαι
2891 5377 3044 5448 αὐτῷ
3073 5393 3187 5430 τισι
3215 5374 3324 5428 τῶν
3363 5373 3588 5427 οίκιξων

2011 5475 2368 5547 προσέταξεν.
2406 5473 2543 5528 υἱδὲ
2574 5471 2784 5535 παῖδες,
2819 5472 2934 5533 τοῖς
2968 5466 3184 5522 ἐπιοῦσι
3235 5464 3582 5536 προσμίξαν-

2010 5587 2120 5634 τες,
2160 5568 2384 5630 πολλοὺς
2417 5567 2642 5620 ἀνεῖλον.
2701 5563 2960 5633 Επομένη
2987 5561 3044 5612 δὲ
3067 5559 3292 5613 ὄπισθεν
3322 5557 3431 5610 τῶν
3454 5557 3582 5608 παίο

2007 5663 2113 5716 δων
2144 5661 2346 5734 ἡπᾶσα
2375 5658 2607 5731 δύναμις
2635 5655 2872 5728 Ἰσραὴλ,
2898 5653 3156 5725 ἐξαίφνης
3179 5651 3319 5707 κατὰ
3341 5651 3449 5706 τῶν
3476 5649 3582 5704 Σύ-
