3958 6204
418 278 516 341 187
616 302 617 305 η

1742 265 2064 331 JOANNIS
2099 264 2422 328 ZONMl/E

3576 270 3682 336 188

414 393 705 463 sepelitur.
740 393 848 450 Sed
879 408 1104 450 currum
1154 391 1224 447 de
1262 389 1411 448 cede
1453 390 1574 460 ejus
1599 395 1891 443 cruentum
1936 383 1991 438 in

2105 382 2286 437 Ταῦτα
2314 382 2409 441 τοῦ
2444 382 2673 455 Μιχαίου
2706 385 2972 448 εἰπόντος,
2999 388 3027 439 6
3051 384 3264 455 Ἀχαάσ
3293 385 3431 455 arpi);
3492 389 3657 443 Ἱωσα
3676 414 3688 426 ·

416 484 566 538 fonte
609 484 870 540 Samaria:
920 483 1290 540 occultarum.
1330 480 1427 537 Sic
1472 489 1530 534 et
1558 493 1726 534 canes
1770 473 1994 546 sangui-

413 590 539 631 nem
565 579 684 648 ejus
705 578 1008 642 linverunt,
1039 585 1097 630 et
1124 583 1306 631 scorta
1345 574 1496 629 fonte
1516 571 1610 628 illo
1640 568 1992 634 lavabantur,

416 678 473 723 ut
502 670 649 724 Elias
694 672 1023 726 vaticinatus
1076 669 1275 743 fuerat.
1310 666 1562 722 Mortuus
1604 673 1690 720 est
1715 661 1993 726 Achabus,

417 771 477 815 ut
534 761 789 816 Michaaas
831 761 1176 833 praedixerat,
1228 760 1495 821 interitu,
1559 757 1809 829 quamvis
1866 763 1994 808 ante

415 851 681 916 audisset,
735 869 844 907 non
888 854 1121 915 evitato,
1152 868 1276 907 cum
1326 859 1606 922 regnasset
1645 863 1819 905 annos
1857 846 1998 901 duos

415 951 472 997 et
506 942 721 1014 viginti.
755 945 1003 1017 Regnum
1036 944 1277 1014 suscepit
1304 942 1448 999 ﬁlius
1470 942 1592 1014 ejus
1636 939 1929 995 Ochozias.

2100 475 2207 547 φὰτ
2235 476 2338 545 ἔφη
2358 491 2372 506 °
2408 477 2529 531 οὐκ
2557 474 2732 532 εἶπόν
2762 492 2885 545 σοι,
2911 479 2992 544 ὡς
3016 477 3171 533 κακά
3197 496 3294 543 μοι
3327 479 3414 533 ἀεὶ
3449 497 3686 549 προφη-

2098 570 2295 636 τεύει;
2320 569 2574 632 Σεδεκίας
2611 570 2668 624 δέ
2721 588 2807 635 τις
2840 570 2949 625 τῶν
3000 570 3463 641 ψευδοπροφητῶν
3519 572 3688 643 ἐῤῥά-

2102 679 2229 715 πισε
2265 663 2367 733 τὴν
2410 661 2635 730 σιαγόνα
2675 663 2935 733 Μιχαίου.
2992 661 3052 715 '0
3104 663 3160 716 δὲ
3210 662 3315 731 ἔφη
3339 662 3509 732 αὐτῷ·
3546 666 3685 716 Μετ’

2101 755 2310 824 ὀλίγον
2329 755 2571 822 ταμεῖον
2583 755 2653 808 ἐκ
2674 756 2915 823 ταμείου
2935 754 3212 824 ἀμείψεις
3251 754 3684 823 κρυπτόμενος.

2112 846 2175 899 '0
2207 845 2263 898 δὲ
2303 844 2560 915 βασιλεὺς
2589 845 2797 916 ’Λχαάσ
2824 846 3220 919 καθειρχθῆναι
3250 850 3432 916 αὑτὸν,
3470 853 3563 904 καί
3583 868 3690 919 φυ-

2106 938 2422 1002 λάττεσθαι,
2459 941 2652 1010 μέχρις
2695 939 2764 995 ἂν
2799 941 2962 1004 αὐτὸς
2986 942 3325 1017 ὑποστρέψῃ,
3358 946 3685 1019 προσέταξε.

415 1037 528 1090 Καὶ
563 1037 591 1089 6
619 1036 882 1108 Μιχαίαςο
926 1039 1070 1093 Ἐὰν
1100 1035 1495 1106 ὑποστρέψῃς
1527 1035 1599 1089 ἐν
1629 1032 1842 1103 ειρήνῃ
1883 1031 1988 1099 σὺ,
2029 1025 2206 1093 εἶπεν,
2240 1032 2354 1085 οὐκ
2395 1030 2705 1099 ἐλάλησεν
2726 1032 2797 1087 ἐν
2825 1032 2957 1102 ἐμοὶ
2987 1036 3227 1103 Κύριος.
3305 1037 3443 1108 Ἤδη
3493 1038 3551 1092 δὲ
3589 1056 3691 1093 πον

417 1129 721 1200 ρευθέντων
748 1128 859 1182 τῶν
891 1128 1179 1199 βασιλέων,
1209 1127 1304 1183 καὶ
1337 1125 1494 1182 ὁτῶν
1520 1125 1709 1197 Σύρων
1743 1122 1998 1194 βασιλεὺς
2035 1122 2220 1185 αὐτοῖς
2285 1120 2776 1190 ἁντιπαρετάξατο,
2847 1123 3225 1192 ἐντειλάμενος
3262 1127 3378 1190 τοῖς
3421 1127 3691 1198 στρατιώ-

414 1239 537 1288 ταις
567 1220 734 1276 αὐτοῦ
784 1222 977 1293 μηδενὶ
1004 1222 1262 1293 πολεμεῖν
1290 1219 1402 1274 τῶν
1435 1218 1635 1281 ἄλλων,
1675 1219 1725 1271 εί
1769 1217 1845 1288 μὴ
1887 1216 2037 1288 μόνῳ
2087 1215 2166 1287 τῷ
2230 1213 2438 1284 Ἀχαάϐ
2469 1215 2568 1285 τὴν
2600 1214 2888 1284 βασιλικὴν
2954 1217 3198 1287 ἀμείψας
3253 1220 3447 1292 στολὴν
3472 1263 3488 1287 ,
3538 1222 3690 1277 ἰδιω-

415 1315 577 1385 τικὴν
604 1315 916 1370 ἐνεδύσατο.
965 1316 1188 1380 Ἰδόντες
1219 1314 1344 1369 δὲοί
1373 1314 1484 1367 τῶν
1541 1312 1733 1384 Σύρων
1796 1308 2138 1381 στρατάρχαι
2167 1307 2260 1361 τὸν
2298 1307 2569 1375 Ἰωσαφὰτ
2632 1309 3048 1377 κεκοσμημένον
3099 1310 3429 1380 βασιλικῶς,
3497 1315 3695 1390 ᾠήθη-

418 1425 522 1462 σαν
555 1402 697 1461 εἶναι
726 1408 820 1462 τὸν
854 1408 1082 1479 Ἀχαά6,
1115 1410 1211 1464 καὶ
1244 1406 1565 1463 ἐκύκλωσαν
1594 1404 1783 1459 αὐτόν.
1821 1403 1912 1464 Ὠς
1951 1401 1998 1456 6‘
2039 1401 2287 1469 ἔγνωσαν
2355 1399 2432 1470 μὴ
2461 1399 2590 1454 ὄντα
2620 1400 2711 1454 τὸν
2739 1400 2962 1470 βασιλέα
3016 1402 3110 1456 τοῦ
3183 1403 3423 1477 Ἰσραὴλ,
3477 1408 3695 1480 ἀνεχώο

454 1514 615 1567 ησαν.
654 1493 748 1564 Εἷς
775 1500 832 1553 δέ
865 1518 970 1567 τις,
1006 1499 1068 1553 τὸ
1120 1501 1274 1566 τόξον
1327 1497 1595 1562 ἐντείνας,
1653 1494 1836 1566 βάλλει
1890 1490 1984 1545 τὸν
2024 1489 2253 1560 ’Δχαά6.
2277 1489 2445 1551 Γνοὺς
2472 1487 2530 1541 δὲ
2587 1489 2822 1560 καιρίως
2851 1491 3150 1563 πληγῆναι,
3183 1493 3262 1564 τῷ
3324 1496 3525 1567 ἡνιόχῳ
3559 1501 3692 1553 ἐκέ-

450 1607 575 1643 ευσε
602 1590 661 1644 τὸ
694 1591 847 1662 ἅρμα
880 1592 979 1661 τῆς
1017 1591 1199 1663 μάχης
1237 1591 1551 1659 ἐξαγαγεῖν.
1581 1588 1677 1640 καὶ
1719 1582 1851 1655 περὶ
1902 1581 2055 1635 δύσιν
2115 1580 2268 1649 ἡλίου
2325 1577 2566 1642 ἐξέλιπε.
2607 1579 2719 1633 Kal
2764 1580 2814 1633 οί
2853 1580 2953 1650 μὲν
2995 1580 3181 1652 Σύροι,
3225 1585 3450 1651 γνόντες
3487 1588 3693 1660 τεθνη-

417 1682 552 1737 κότα
574 1682 666 1736 τὸν
703 1682 935 1755 Ἀχαᾶιᾷ
967 1684 1211 1754 ἀπῆλθον
1242 1684 1377 1753 πρὸς
1414 1681 1666 1744 ἑαυτούς.
1712 1680 1772 1733 Ὀ
1811 1676 1868 1730 δὲ
1896 1673 1992 1728 τοῦ
2034 1673 2297 1745 βασιλέως
2350 1672 2543 1744 νεκρὸς
2608 1674 2897 1745 κομισθεὶς
2928 1676 3009 1739 είς
3041 1677 3359 1748 Σαμάρειαν
3389 1681 3693 1738 θάπτεταιο

419 1773 563 1828 Τδδὲ
588 1775 740 1845 ἆρμα
786 1774 1219 1846 καθῃμαγμένον
1273 1774 1351 1845 τῷ
1400 1774 1545 1844 φόνῳ
1582 1771 1678 1825 τοῦ
1729 1767 1996 1842 βασιλέως
2036 1764 2365 1835 ἀπέκρυψαν
2400 1765 2459 1817 ἐν
2526 1767 2591 1835 τῇ
2627 1766 2804 1839 κρήνῃ
2865 1768 2965 1837 τῆς
2998 1770 3338 1841 Σαμαρείας,
3392 1774 3487 1827 καὶ
3524 1776 3581 1829 ot
3630 1795 3694 1829 τε

418 1868 580 1934 κύνες
612 1871 674 1924 τὸ
707 1867 848 1942 αἷμα
881 1871 1115 1939 ἔλειξαν,
1147 1872 1207 1925 ατ
1243 1889 1300 1924 τε
1331 1871 1529 1942 πόρναι
1562 1869 1655 1921 ἐπὶ
1691 1869 1757 1939 τῇ
1815 1865 1994 1937 κρήνῃ
2033 1861 2297 1925 ἐλούοντο,
2329 1861 2405 1924 ὡς
2428 1860 2617 1921 Ἠλίας
2648 1864 3003 1935 προείρηκεν.
3030 1866 3299 1922 Ἀπέθανε
3331 1870 3688 1943 καὶἊχαάὅ,

419 1967 601 2022 ὅπονό
631 1967 872 2037 Μιχαίας
915 1966 1311 2037 προηγόρευσε,
1354 1965 1447 2019 τὸν
1497 1964 1717 2033 ὄλεθρον
1782 1960 1857 2032 μὴ
1897 1957 2107 2029 φυγὼν,
2154 1955 2331 2008 καίτοι
2385 1956 2769 2027 προρρηθέντα
2843 1958 3015 2031 αὐτῷ,
3073 1958 3402 2030 βασιλεύσας
3439 1966 3535 2036 ἔτη
3594 1968 3696 2023 δύο

420 2058 515 2113 καὶ
539 2060 731 2112 εἴκοσι.
760 2058 874 2126 Τὴν
902 2058 959 2111 δὲ
983 2057 1264 2127 βασιλείαν
1292 2060 1321 2112 6
1354 2059 1481 2120 παῖς
1515 2055 1678 2110 αὐτοῦ
1708 2053 1960 2125 Ὀχοσίας
1985 2052 2101 2121 μετ’
2120 2050 2324 2101 ἐκεῖνον
2356 2048 2687 2118 παρέλαϐεν.

495 2150 611 2205 XV.
667 2149 1025 2219 Josaphatum
1070 2164 1250 2219 regem
1314 2147 1868 2218 Hierosolymitanum
1925 2141 1994 2196 ab

2165 2139 2267 2192 lE'.
2300 2138 2569 2208 Ἰωσαφὰτ
2589 2139 2666 2209 τῷ
2684 2139 2895 2211 βασιλεῖ
2916 2143 3275 2216 Ἰερουσαλὴμ
3295 2146 3401 2202 ἀπὸ
3419 2150 3519 2220 τῆς
3545 2152 3693 2224 πρὸς

425 2240 777 2310 expeditione
827 2240 1050 2294 domum
1101 2240 1448 2306 redeuntem,
1497 2238 1669 2294 Jehus
1733 2236 2000 2307 propheta

426 2330 694 2399 increpat,
725 2330 871 2400 quod
904 2330 1117 2385 homini
1153 2330 1322 2399 impio
1365 2345 1525 2400 opem
1570 2328 1807 2394 tulisset,
1847 2342 2003 2381 eum-

423 2435 531 2489 quc
566 2436 597 2474 a
632 2422 765 2487 Deo,
809 2421 1061 2490 quamvis
1101 2436 1164 2476 ea
1193 2436 1252 2475 re
1288 2420 1499 2475 ollenso
1537 2435 1659 2475 esse
1706 2432 2004 2473 conserva-

428 2519 564 2567 tum.
622 2513 737 2568 Rex
768 2513 970 2584 gratias
1021 2514 1173 2586 agit:
1230 2513 1572 2582 lustrataque
1611 2512 1761 2567 omni
1795 2510 2003 2565 ditione

424 2618 544 2669 sua,
575 2605 722 2677 leges
745 2607 1026 2662 observari
1061 2615 1138 2673 et,
1183 2606 1470 2678 judicibus
1496 2607 1699 2677 passim
1727 2606 2000 2661 constitu-

427 2697 522 2763 tis,
554 2699 658 2754 rite
693 2699 807 2754 lieri
851 2700 1062 2772 judicia
1095 2700 1284 2756 edixit.
1339 2700 1476 2756 Cum
1519 2712 1725 2767 autem,
1752 2698 2005 2755 Moabitis

424 2801 481 2846 et
506 2791 856 2857 Ammanitis,
901 2793 995 2863 qui
1044 2794 1212 2848 etiam
1261 2793 1469 2849 Arabes
1517 2795 1851 2859 asciverant,
1905 2792 2003 2848 Ju-

424 2883 594 2939 dazam
644 2886 937 2954 aggressis,
980 2885 1221 2940 divinam
1269 2902 1429 2956 opem
1476 2886 1833 2957 imploraret:
1874 2903 2005 2957 ιιι-οο

424 2973 587 3043 pheta
637 2975 859 3045 quidam
913 2977 1084 3030 lteum
1118 2992 1219 3046 pro
1267 2992 1333 3031 eo
1379 2987 1752 3048 pugnaturum
1805 2979 1903 3042 ait,
1938 2993 2003 3033 ac

422 3066 659 3123 educere
681 3068 904 3138 quidem
931 3071 1237 3125 exercitum
1275 3071 1452 3141 jubet,
1481 3088 1591 3126 non
1630 3080 1810 3126 tamen
1846 3072 2002 3127 inva-

425 3157 558 3214 dere
596 3160 804 3227 hostes,
859 3161 953 3216 sed
986 3171 1196 3218 stantes
1224 3161 1471 3217 divinum
1505 3164 1772 3217 auxilium
1807 3180 2002 3233 exspe-

431 3259 602 3305 ctare.
640 3252 753 3306 Rex
803 3269 962 3308 mane
1015 3270 1267 3322 egressus
1312 3254 1612 3309 exercitum
1653 3265 1799 3310 stare
1822 3253 2002 3326 jubet,

428 3340 746 3397 sacerdotes
795 3359 919 3398 cum
963 3344 1111 3400 tubis
1148 3354 1276 3399 ante
1331 3346 1637 3401 exercitum
1674 3345 2000 3410 consistere,

429 3430 652 3488 Levitas
718 3444 774 3489 et
814 3444 1069 3491 cantores
1109 3439 1409 3506 gratiarum
1464 3439 1734 3494 actionem
1779 3448 1999 3493 cantare

428 3522 561 3578 Dco.
606 3525 743 3578 Tum
781 3526 970 3582 hostes
1015 3529 1314 3592 concitati,
1354 3529 1560 3584 mutuis
1608 3546 1727 3584 sese
1762 3530 2000 3585 caedibus

424 3617 807 3683 confecerunt,
841 3629 901 3674 ut
930 3635 998 3674 ne
1031 3636 1171 3675 unus
1204 3620 1427 3690 quidem
1453 3632 1785 3690 superesset.
1840 3623 1998 3677 Josa-

426 3711 629 3783 pbatus
662 3721 839 3768 castra
868 3712 1104 3769 hostium
1147 3714 1416 3770 exercitui
1452 3714 1762 3786 diripienda
1796 3731 1998 3770 conce-

424 3801 524 3859 dit.
554 3804 637 3858 Ab
665 3820 730 3859 eo
762 3814 1007 3874 tempore
1051 3806 1301 3873 Barbari,
1339 3823 1466 3863 eum
1500 3816 1561 3861 ut
1603 3808 1714 3863 Deo
1747 3808 1999 3879 adjutorc

426 3892 616 3947 nixum
648 3895 830 3958 veriti,
864 3895 1214 3965 quieverunt.
1249 3896 1517 3954 Ochozias
1558 3906 1765 3964 autem,
1787 3898 2002 3953 Israeli-

429 3990 610 4036 tarum
652 3998 770 4046 rex,
817 3984 1190 4055 improbitatis
1236 3997 1528 4057 parentum
1580 3988 1826 4043 imitator
1875 3989 1998 4044 fuit.

427 4074 559 4146 Ejus
609 4077 763 4147 regni
810 4093 954 4132 anno
996 4082 1238 4134 secundo
1271 4081 1517 4136 Moabitae
1546 4081 1831 4150 vectigalia
1863 4082 2001 4136 reti-

426 4179 704 4234 nuerunt,
756 4185 877 4239 qua:
921 4169 1061 4239 patri
1107 4170 1219 4243 96
1266 4173 1506 4241 pendere
1562 4173 1706 4227 soliti
1762 4173 2000 4229 fuerant.

427 4259 549 4330 Ipse
592 4271 864 4331 aegrotans
895 4262 986 4323 ad
1031 4264 1469 4320 Accaronensem
1520 4264 1715 4327 deam.
1760 4264 1999 4321 Muscam

430 4352 674 4415 nomine,
708 4364 1087 4423 percontatum
1120 4355 1290 4418 misit.
1318 4371 1385 4411 an
1414 4356 1794 4413 convaliturus
1815 4356 2003 4412 esset?

430 4438 647 4510 Legatis
681 4442 735 4495 in
771 4443 965 4498 itinere
995 4445 1237 4498 occurrit
1261 4445 1433 4511 Elias,
1456 4461 1521 4500 ac
1552 4446 1776 4500 domum
1800 4446 2002 4500 reverti

422 4524 603 4597 jubet,
641 4528 803 4594 eique
826 4547 856 4585 a
888 4546 998 4601 quo
1030 4534 1181 4588 missi
1205 4537 1604 4591 essentdicere
1628 4577 1643 4601 ,
1683 4538 1812 4606 quia
1840 4538 2005 4591 mise-

429 4618 503 4672 rit
536 4618 601 4672 ad
637 4618 1003 4674 Barbarorum
1058 4624 1247 4688 deum,
1297 4625 1453 4693 quasi
1502 4625 1689 4680 lsracli
1720 4628 1862 4681 Deus
1894 4644 2000 4682 nou

426 4719 604 4775 esset,
668 4725 795 4765 eum
850 4726 882 4766 e
946 4713 1091 4767 lecto
1141 4719 1246 4768 ‘suo
1300 4730 1410 4767 non
1466 4726 1866 4771 surrecturum.
1919 4719 1999 4772 Illi

425 4799 660 4871 regressi
690 4800 877 4856 audita
907 4800 1174 4860 referunt.
1204 4803 1442 4861 Ochozia
1476 4815 1700 4875 rogante
1745 4806 1997 4878 quisnam
2034 4831 2074 4884 ι)

427 4892 480 4947 id
514 4893 761 4959 dixisset,
810 4904 973 4965 atque
1019 4895 1126 4950 illis
1164 4897 1415 4967 ignorare
1473 4913 1529 4953 se
1565 4897 1899 4960 dicentibus,
1932 4899 2000 4953 de

429 4985 606 5041 forma
653 4988 801 5042 illius
848 4989 1090 5045 hominis
1143 5000 1530 5060 percontatur:
1568 5006 1730 5061 quem
1769 5007 1892 5046 cum
1920 4992 1999 5045 illi

428 5072 703 5130 hirsutum
743 5090 863 5131 esse
890 5076 1158 5142 dicerent,
1207 5078 1439 5148 pelliceo
1486 5079 1706 5149 cingulo
1735 5079 1996 5141 cinctum,

426 5164 600 5221 Eliam
632 5183 753 5223 esse
786 5168 1060 5239 intelligit,
1097 5186 1181 5233 ac,
1206 5171 1529 5226 centurione
1557 5188 1681 5226 cum
1728 5171 2001 5242 quinqua-

423 5264 570 5336 ginta
617 5261 860 5318 millibus
894 5265 1082 5325 misso,
1111 5279 1236 5317 eum
1265 5262 1463 5317 adduci
1491 5263 1671 5334 jubet.
1712 5263 1843 5329 Qui,
1872 5279 1996 5317 cum

425 5374 552 5416 eum
588 5358 645 5412 in
700 5356 908 5412 vertice
960 5357 1164 5412 montis
1214 5356 1534 5421 invenisset,
1579 5355 1646 5410 ad
1692 5372 1875 5427 regem
1918 5356 1998 5410 ire

423 5450 600 5521 jubet.
629 5447 831 5503 Verum
857 5446 922 5501 ad
971 5446 1103 5501 Eliae
1136 5461 1330 5516 preces
1363 5444 1505 5517 ignis
1541 5444 1610 5502 de
1646 5445 1787 5501 cmlo
1846 5444 2000 5499 dela-

426 5557 556 5612 psus
610 5542 762 5597 illum
821 5556 947 5596 cum
1008 5543 1124 5595 suis
1168 5539 1427 5595 omnibus
1474 5537 1837 5608 consumpsit.
1890 5537 1999 5592 Alii

424 5648 590 5701 porro
622 5636 852 5693 totidem
891 5651 919 5689 a
955 5649 1082 5707 rege
1130 5634 1282 5691 missi
1316 5633 1433 5706 pari
1467 5632 1641 5688 exitio
1692 5630 1997 5702 perierunt.

426 5726 651 5783 Tertius
703 5729 985 5804 ablegatus
1041 5729 1294 5786 centurio
1348 5744 1474 5787 cum
1534 5727 1652 5783 suis
1705 5724 1994 5791 militibus,

2117 2231 2324 2303 Ἀχαὰϐ
2370 2231 2689 2303 συμμαχίας
2734 2234 3088 2289 ἐπανελθόντι
3119 2238 3289 2307 ’ῐηοῧς
3324 2241 3353 2292 6
3397 2245 3692 2317 προφήτης

2106 2324 2445 2385 ἐπενεκάλει,
2480 2326 2563 2378 ὅτι
2594 2325 2870 2398 ἀνθρώπῳ
2899 2330 3278 2399 συνεμάχησεν
3305 2332 3494 2387 ἀσεϐεῖ
3524 2352 3539 2367 ο
3583 2339 3687 2407 ῥυ-

2106 2414 2301 2483 σθῆναι
2334 2415 2377 2469 6‘
2419 2415 2583 2468 αὐτὸν
2627 2416 2780 2477 ἔλεγε
2822 2419 2973 2489 παρὰ
3001 2420 3096 2473 τοῦ
3158 2422 3319 2486 Θεοῦ,
3378 2428 3559 2481 καίτοι
3604 2431 3690 2489 τῶ

2104 2505 2251 2576 ἔργῳ
2282 2505 2448 2558 αὐτοῦ
2483 2487 2980 2578 προσωχθίσαντος.
3025 2512 3082 2565 ’0
3111 2513 3167 2565 δὲ
3208 2514 3466 2584 βασιλεὺς
3504 2487 3691 2591 ηύχαί

2108 2599 2303 2668 ρίστει.
2364 2596 2495 2652 Εἶτα
2550 2600 2649 2671 τὴν
2708 2600 2802 2654 ὑπ’
2852 2603 3014 2656 αὑτὸν
3075 2608 3501 2678 περιερχόμενος
3568 2613 3688 2682 χὼ-

2107 2708 2227 2760 ραν,
2259 2692 2386 2753 τοὺς
2410 2692 2608 2761 νόμους
2631 2696 2815 2763 τηρεῖν
2844 2695 3171 2760 ἐνετέλλετο,
3208 2701 3299 2752 καὶ
3329 2701 3519 2771 κριτὰς
3548 2719 3690 2756 παν-

2102 2783 2271 2852 ταχοῦ
2331 2784 2714 2854 καταστήσας,
2777 2786 3002 2848 arma»;
3052 2790 3258 2860 κρίνειν
3320 2794 3683 2861 προσέταττε.

2107 2876 2391 2930 Μοαῢιτῶν
2424 2875 2480 2929 δὲ
2537 2876 2632 2930 καὶ
2678 2877 3034 2947 ’Λμμανιτῶν
3081 2882 3542 2953 προσλαϐομένων
3586 2889 3686 2939 καὶ

2108 2967 2356 3037 Ἄραϐας
2392 2967 2737 3022 ἐπελθόντοιν
2768 2968 2938 3039 αύτῷ,
2971 2971 3291 3026 ἐπεκαλεῖτο
3318 2975 3410 3026 τὸν
3442 2977 3576 3028 Θεὸν
3601 2979 3688 3039 εἰς

2108 3059 2383 3129 βοήθειαν.
2421 3061 2717 3131 Προφήτης
2755 3062 2812 3114 δέ
2840 3079 2925 3125 τις
2953 3062 3343 3135 ὑπερμαχῆσαι
3377 3067 3544 3120 αὐτοῦ
3591 3069 3688 3121 τὸν

2105 3154 2237 3207 Θεὸν
2265 3147 2409 3219 εἷπε,
2443 3154 2538 3207 καὶ
2572 3153 2784 3208 κελεύει
2809 3154 3098 3223 ἐξαγαγεῖν
3139 3159 3237 3228 μὲν
3266 3159 3363 3228 τὴν
3392 3161 3685 3230 στρατιὰν,

2109 3246 2184 3316 μὴ
2216 3247 2484 3315 συμμίξαι
2520 3249 2704 3317 μέντοι
2732 3251 2845 3310 τοῖς
2882 3247 3181 3317 πολεμίοις,
3212 3251 3453 3314 ἑστῶτας
3480 3252 3524 3304 6‘
3549 3255 3688 3321 ὁρᾷν

2104 3340 2205 3410 τὴν
2241 3339 2428 3392 θεόθεν
2462 3339 2804 3409 ἐπικουρίαν.
2843 3339 3053 3392 Ἔωθεν
3073 3341 3116 3391 δ’
3145 3341 3376 3405 ἐξελθὼν
3405 3344 3545 3411 μετὰ
3580 3344 3688 3406 τῆς

2109 3433 2371 3501 στρατιᾶς
2406 3432 2433 3484 6
2466 3431 2745 3500 βασιλεὺς,
2795 3434 2860 3501 τῇ
2899 3432 3001 3502 μὲν
3051 3432 3303 3485 ἵστασθαι
3350 3434 3684 3499 ἐνετέλλετο,

2107 3524 2236 3586 τοὺς
2262 3525 2426 3595 ἱερεῖς
2474 3523 2528 3577 δὲ
2578 3524 2906 3594 προεστάναι
2956 3524 3051 3577 τοῦ
3100 3525 3509 3595 στρατεύματος
3544 3531 3688 3596 μετά

2102 3614 2211 3666 τῶν
2251 3613 2590 3682 σαλπίγγων,
2637 3614 2730 3667 καὶ
2771 3615 2894 3678 τοὺς
2929 3615 3161 3681 Λευῖτας
3203 3616 3293 3671 καὶ
3336 3616 3462 3681 τοὶς
3497 3618 3689 3693 ὕμνῳ·

2102 3704 2229 3767 δοὺς
2268 3705 2416 3777 ᾅδειν
2464 3706 2883 3777 εύχαριστήριον
2933 3707 3009 3775 τῷ
3057 3709 3189 3778 Θεῷ.
3228 3713 3290 3764 Οἱ
3321 3711 3398 3772 δὲ,
3435 3713 3687 3781 πολέμιοι

2105 3796 2225 3850 κατ’
2257 3797 2508 3866 ἀλλήλων
2555 3797 2892 3865 κινηθέντες,
2926 3800 3190 3869 ἀλλήλους
3224 3803 3566 3869 ἀπέκτεινον,
3610 3807 3689 3872 ὡς

2107 3888 2311 3956 μηδένα
2352 3886 2618 3955 σωθῆναι.
2660 3888 2930 3958 Ἰωσαφὰτ
2959 3890 3013 3943 δὲ
3040 3893 3119 3956 είς
3153 3894 3466 3968 διαρπαγὴν
3498 3900 3685 3971 ἀφῆκε

2102 3981 2170 4048 τῇ
2201 3980 2431 4048 στρατιᾷ
2460 3981 2560 4048 τὴν
2592 3979 2701 4032 τῶν
2736 3981 2994 4035 ἐναντίων
3035 3986 3423 4058 παρεμϐολὴν.
3463 3990 3685 4045 Ἐντεῦ-

2105 4068 2195 4119 θεν
2224 4066 2299 4129 ὡς
2328 4068 2387 4120 τὸ
2410 4068 2569 4121 Θεῖον
2603 4070 2797 4140 ἔχοντα
2837 4073 3152 4146 σύμμαχον,
3190 4077 3467 4143 δείσαντες
3496 4084 3685 4147 αὐτὸν,

2101 4159 2152 4211 οἱ
2179 4159 2463 4228 ἀλλόιρυλοι
2494 4161 2761 4231 ἠρέμουν.
2803 4165 3055 4234 ὐχοξίας
3087 4169 3143 4222 δὲ
3188 4171 3217 4222 6
3267 4170 3378 4224 τῶν
3414 4172 3691 4246 ’ῐσραηλιο

2104 4252 2212 4303 τῶν
2262 4251 2535 4321 βασιλεὺς,
2598 4256 2714 4319 τοῖς
2770 4255 2935 4310 αὑτοῦ
2995 4261 3247 4326 γονεῦσιν
3298 4266 3380 4327 εἰς
3418 4270 3692 4339 πονηρίαν

2104 4343 2376 4412 ὡμοίωτο.
2425 4344 2563 4416 Περὶ
2604 4345 2755 4399 δὲτὸ
2789 4346 3045 4420 δεύτερον
3092 4350 3210 4415 ἔτος
3257 4357 3356 4424 τῆς
3404 4355 3693 4426 βασιλείας

2105 4435 2273 4488 αὐτοῦ
2303 4437 2535 4506 ἐπέσχον
2561 4438 2609 4490 oi
2633 4439 2905 4492 Μοαϐἰται
2934 4442 3058 4504 τοὺς
3089 4444 3306 4513 φόρους,
3335 4445 3430 4511 οὓς
3465 4450 3690 4519 εἰσέφε-

2107 4542 2201 4595 ρον
2228 4527 2305 4596 τῷ
2351 4527 2517 4598 πατρῖ
2546 4527 2733 4582 αὑτοῦ.
2770 4529 3024 4601 Νοσήσας
3069 4532 3146 4597 δὲ,
3189 4534 3327 4605 πρὸς
3353 4537 3453 4609 τῆν
3486 4540 3696 4595 Ἀκκα-

2106 4618 2217 4687 ρῶν
2258 4618 2400 4679 θεὸν,
2446 4620 2629 4681 Μυῖας
2682 4619 3104 4694 ὠνομασμένην,
3165 4626 3428 4697 ἔπεμψεν,
3466 4631 3694 4700 ἐρωτῶν

2104 4710 2151 4761 εἰ
2174 4708 2498 4779 ἀναρῤωσθή
2510 4726 2680 4763 σεται.
2702 4710 2889 4776 Ἠλίας
2906 4715 2981 4780 δὲ,
2998 4720 3110 4779 τοῖς
3132 4717 3490 4788 ἐσταλμένοις
3518 4724 3695 4778 ὑπανι-

2105 4807 2297 4874 τὴσας,
2325 4807 2689 4873 ἀναστρέφειν
2725 4808 2963 4874 ἐκέλευε,
2992 4813 3084 4865 καὶ
3114 4813 3299 4882 λέγειν
3322 4817 3400 4884 τῷ
3427 4818 3691 4888 πέμψανο

2105 4912 2157 4947 τι
2194 4897 2328 4965 πρὸς
2354 4896 2439 4948 τὸν
2466 4898 2572 4948 τῶν
2601 4898 2914 4967 ἀλλοφύλων
2958 4903 3101 4965 θεὸν,
3131 4904 3206 4967 ὡς
3236 4905 3312 4975 τῷ
3346 4909 3568 4980 Ἰσραὴλ
3615 4912 3693 4983 μὴ

2105 4992 2257 5054 ὄντος
2306 4991 2465 5053 Θεοῦ,
2519 4994 2601 5046 ὅτι
2647 4995 2709 5046 ἐκ
2757 4996 2854 5064 τῆς
2908 4997 3095 5069 κλίνης
3142 5000 3241 5052 ούκ
3294 5001 3688 5070 ἀναστήσεται.

2106 5085 2217 5136 Καὶ
2275 5087 2324 5138 οἱ
2383 5085 2596 5155 ἄνδρες,
2636 5087 3061 5153 ἐπανελθόντες,
3125 5086 3277 5143 εἷπον
3326 5092 3361 5145 ἃ.
3416 5095 3689 5164 ἥκουσαν.

2118 5177 2367 5247 Ὀχοζίας
2425 5177 2505 5240 δὲ,
2564 5178 2649 5241 τίς
2704 5180 2732 5231 6
2782 5178 2958 5234 ταῦτα
3014 5182 3252 5252 είρηκὼς
3301 5182 3410 5251 εἴη,
3468 5187 3689 5257 ἠρώτα.

2107 5269 2230 5322 Τῶν
2257 5269 2312 5321 δὲ
2347 5268 2422 5340 μὴ
2472 5268 2672 5323 εἰδέναι
2726 5271 3039 5340 φησάντων,
3090 5273 3151 5326 τὸ
3195 5271 3333 5338 εἶδος
3367 5276 3465 5329 τοῦ
3495 5281 3693 5349 ἀνδρὸς

2106 5350 2319 5415 ἐκείνου
2354 5362 2536 5431 λέγειν
2589 5360 2791 5433 ἀπῄτει
2841 5364 3057 5428 αὐτούς.
3115 5365 3392 5421 Εἰπόντων
3427 5369 3485 5421 δὲ
3517 5371 3693 5424 δασὺν

2107 5448 2270 5513 εἶναι.
2306 5453 2401 5506 καὶ
2442 5453 2620 5520 ζώνην
2645 5453 2979 5525 δερματίνην
3022 5455 3413 5527 περιεζῶσθαι,
3453 5461 3693 5531 συνῆκεν

2106 5544 2183 5607 ὡς
2211 5544 2397 5608 Ἥλίας
2424 5540 2511 5615 ἦν.
2552 5546 2659 5597 Kal
2685 5544 2907 5615 πέμψας
2938 5548 3411 5618 πεντηκόνταρχον
3444 5553 3543 5605 σὺν
3575 5557 3690 5617 τοῖς

2107 5635 2200 5687 ὑπ’
2237 5634 2422 5698 αὑτὸν,
2479 5635 2712 5704 ἀχθῆναι
2771 5636 2865 5689 τὸν
2920 5638 3210 5709 προφήτην
3262 5640 3541 5697 ἐκέλευσε.
3574 5647 3690 5698 Καὶ

2105 5728 2134 5780 6
2176 5725 2387 5790 σταλεὶς
2419 5726 2512 5780 ἐπὶ
2542 5729 2639 5797 τῆς
2682 5727 2929 5799 κορυφῆς
2961 5728 3054 5784 τοῦ
3086 5730 3264 5802 ὅρους,
3287 5733 3464 5805 εὑρὼν
3500 5737 3688 5803 αὑτὸν,
