3958 6204
369 303 472 370 195

1615 295 1939 358 JOANNIS
1981 293 2304 355 ZONAIUE

3513 285 3646 372 196.

366 415 670 486 piendum,
704 430 734 470 a
773 427 886 484 quo
925 411 1177 468 minister
1223 411 1371 466 illius
1399 409 1593 464 urbem
1635 407 1947 463 circumda-

2068 423 2220 474 raa-ro
2244 404 2323 475 τῷ
2368 401 2535 468 Furi.
2569 402 2666 456 καὶ
2693 399 2848 455 εἶπεν
2880 397 3029 469 αὐτῷ
3049 414 3066 431 ο
3121 398 3250 451 ὀτι
3290 395 3508 461 ἔλαϐες
3550 379 3644 477 cei

368 518 478 562 tam
510 508 720 570 videns,
749 505 1099 576 perterritus,
1141 517 1255 557 rem
1296 501 1580 572 prophetat
1615 501 1852 554 nuntiat.
1876 499 1948 553 At

369 600 462 655 ille
501 601 695 654 timere
736 606 926 662 vetat,
966 611 1031 649 ac
1078 596 1249 649 Deum
1306 602 1428 647 orat
1489 601 1550 646 ut
1606 591 1809 646 famqu
1855 593 1950 644 de-

372 698 641 743 monstret
717 686 998 757 quomodo
1058 686 1173 753 ipse
1233 683 1501 738 divinitus
1577 681 1945 737 custodiatur.

373 781 490 846 Quo
520 779 833 847 impetrato,
861 775 1012 829 videt
1060 774 1297 828 latnulus
1331 772 1652 842 prophetam
1692 771 1949 825 curribus

373 881 427 924 et
453 869 610 936 equis
653 867 830 936 igneis
863 866 1125 918 vallatum
1152 880 1166 915 :
1200 862 1294 931 qui
1327 866 1508 915 denuo
1531 869 1810 930 precatus,
1851 860 1952 914 hoe

375 962 540 1015 stium
581 961 774 1013 oculos
812 957 1152 1026 perstrinxit,
1193 965 1249 1008 et
1290 954 1358 1007 ad
1398 969 1495 1007 eos
1524 967 1818 1022 egressus:
1865 952 1951 1006 Me

372 1051 672 1120 sequimini,
735 1047 934 1116 inquit,
993 1056 1040 1098 et
1070 1046 1286 1098 tradant
1327 1044 1470 1097 vobis
1522 1043 1800 1097 Eliswum.
1853 1043 1953 1096 Se-

375 1152 621 1211 quuntur
665 1141 740 1194 illi
773 1151 828 1194 et
867 1139 1044 1193 oculis
1101 1148 1157 1192 et
1197 1138 1396 1190 animis
1445 1136 1757 1190 obczecatis.
1804 1134 1953 1200 Quos

378 1250 502 1288 cum
539 1233 839 1286 Samariam
881 1231 1266 1299 perduxisset,
1302 1243 1483 1298 regem
1521 1229 1676 1299 jubet
1711 1242 1807 1281 eos
1837 1227 1954 1281 suis

379 1325 554 1393 copiis
571 1323 916 1376 circumdare
949 1331 1044 1376 :et
1068 1323 1238 1374 Deum
1265 1331 1387 1374 orat
1425 1330 1484 1373 ut
1523 1320 1812 1389 caliginem
1834 1319 1955 1373 illo-

383 1431 503 1469 rum
529 1415 704 1469 oculis
727 1422 1030 1468 amoveret.
1075 1413 1196 1478 Quo
1221 1413 1365 1466 facto
1401 1412 1523 1482 Syri
1551 1427 1608 1466 se
1630 1411 1686 1464 in
1713 1411 1954 1465 hostium

383 1507 562 1561 medio
616 1506 822 1559 versari
865 1507 1071 1558 vident.
1137 1505 1341 1558 Verum
1384 1503 1614 1557 Elisaaus
1678 1503 1956 1556 neminem

381 1613 477 1652 eos
519 1597 718 1650 Itedere
763 1597 1098 1666 patiebatur,
1134 1598 1228 1650 sed
1255 1594 1583 1650 consulebat
1636 1601 1698 1647 ut
1745 1591 1954 1661 accepti

386 1691 736 1758 hospitaliter
784 1690 1086 1743 incolumes
1116 1688 1552 1763 dimitterentur.
1575 1687 1834 1741 Joramus
1862 1700 1958 1739 rex

2052 498 2342 566 ἀργύριον
2371 495 2470 549 και
2495 494 2567 548 τὰ
2586 496 2788 562 ἱμάτια
2811 493 2934 547 ἀπὸ
2963 491 3070 544 τοῦ
3091 488 3343 558 Νεαρὰν,
3365 489 3404 556 ἠ
3429 487 3626 555 λέπρα

2051 589 2290 642 ἐκείνου
2317 585 2770 653 κολληθήσεταί
2793 599 2891 638 σοι
2919 582 3020 635 καί
3050 578 3130 645 τῷ
3155 578 3454 648 σπέρματί
3479 594 3625 632 σου.

2055 680 2166 734 Καὶ
2197 678 2387 749 ἐξῆλθε
2421 675 2924 748 λελεπρωμένος.Οί
2959 675 3066 728 υίοὶ
3094 673 3150 726 δέ
3182 672 3289 726 τῶν
3322 671 3629 742 προφητῶν

2054 772 2105 824 οί
2162 773 2302 840 μετά
2355 771 2665 824 Ἐλισσαίου
2705 765 3084 838 ἐπορεύθησαν
3122 765 3202 827 είς
3230 763 3322 817 τὸν
3349 762 3628 832 Ἰορδάνην

2055 864 2242 931 τεμεῖν
2292 862 2462 926 ξύλα,
2515 861 2591 923 ὡς
2641 861 2704 914 ἂν
2752 859 3054 928 ποιήσωσιν
3107 857 3321 931 ἑαυτοῖς
3373 855 3625 925 σκηνάς’

2058 957 2154 1008 καὶ
2198 954 2505 1016 Ἐλισσαῖος
2539 954 2721 1016 αὐτοῖς
2773 949 3186 1021 συνεπορεύετο.
3219 949 3537 1016 Τεμνόντων
3571 948 3631 1000 δὲ

2057 1045 2124 1098 τά
2163 1045 2314 1110 ξύλα,
2348 1045 2466 1109 ἐνὸς
2495 1045 2555 1097 τὸ
2600 1049 2699 1114 τῆς
2730 1044 2920 1114 ἀξίνης
2955 1043 3200 1113 σιδήριον
3250 1041 3505 1095 ἐνέπεσεν
3548 1043 3634 1102 είς

2058 1138 2149 1193 ⁴ιἰὸν
2195 1137 2463 1204 ποταμόν.
2483 1137 2592 1189 Kal.
2613 1138 2640 1188 6
2663 1137 2760 1205 τῆς
2789 1136 2974 1204 ἀξίνης
3005 1134 3195 1204 κύριος
3225 1135 3316 1186 τὸν
3346 1134 3636 1202 προφήτην

2059 1228 2455 1292 ἐπεκαλέσατο,
2503 1229 2600 1282 καὶ
2646 1229 2737 1281 τὸν
2784 1229 2948 1282 τόπον
3011 1227 3293 1292 ὑπέδειξεν
3322 1227 3471 1296 αὐτῷ
3503 1229 3560 1280 ἐν
3590 1223 3639 1294 ᾧ

2061 1320 2259 1372 κατέδυ
2283 1323 2310 1371 6
2334 1320 2574 1389 σίδηρος.
2611 1319 2672 1373 ⁸0
2699 1321 2778 1386 δέ,
2811 1321 2966 1385 ξύλον
2989 1319 3190 1385 λαϐὼν,
3216 1318 3471 1372 ἐνέϐαλεν
3495 1320 3636 1372 ἐκεῖ.

2062 1411 2172 1463 Καὶ
2233 1410 2391 1464 ἀνέδυ
2452 1410 2514 1464 τὸ
2564 1413 2827 1482 σιδήριον,
2889 1414 2983 1466 καὶ
3042 1411 3386 1465 ἐπιπολάσαν
3441 1410 3640 1463 ἐλαϐεν

2063 1501 2194 1555 αὐτὸ
2221 1504 2249 1554 ὁ
2280 1502 2554 1565 ἀπολέσας
2587 1505 2736 1560 αὑτό.
2780 1505 2840 1557 '0
2877 1504 2935 1557 δὲ
2975 1504 3233 1574 βασιλεὺς
3287 1503 3483 1574 Συρίας
3521 1503 3644 1554 ἐνέ-

2062 1593 2196 1664 δραν
2239 1594 2518 1660 ἐκάθισεν,
2584 1595 2650 1648 ἶν’
2685 1596 2782 1668 ἐλῃ
2845 1599 2938 1650 τὸν
2995 1598 3220 1668 βασιλέα
3268 1597 3360 1649 τὸν
3406 1595 3640 1665 Ἰωράμ.

2065 1683 2383 1740 Ἀπέστειλε
2407 1687 2464 1740 δὲ
2491 1690 2520 1740 6
2554 1689 2837 1759 προφήτης
2864 1689 3001 1760 πρὸς
3035 1689 3240 1760 Ἰωρὰμ
3273 1686 3644 1758 φυλάττεσθαι

385 1782 667 1848 prophetae
709 1781 934 1834 monitis
965 1779 1261 1849 diligenter
1289 1788 1447 1848 paret
1474 1795 1488 1830 :
1537 1778 1613 1831 illi
1645 1777 1959 1832 discedunt.

2068 1778 2215 1848 αὐτῷ
2250 1780 2656 1850 ἐντελλόμενον,
2706 1783 2801 1834 καὶ
2843 1782 2920 1853 μὴ
2970 1782 3194 1836 ἀπιέναι
3249 1781 3387 1851 πρὸς
3439 1780 3644 1850 θήραν.

386 1868 516 1937 Regi
543 1871 674 1938 quid
707 1871 974 1924 acciderit
1011 1871 1296 1927 nuntiant.
1327 1870 1500 1940 Syrus
1529 1869 1724 1924 audita
1770 1885 1830 1924 re
1860 1869 1960 1924 ob-

387 1963 678 2028 stupescit.

2068 1870 2182 1922 Kal
2212 1873 2240 1924 6
2269 1873 2367 1940 μὲν
2394 1874 2494 1926 οὐκ
2520 1873 2691 1944 ἐξῄει.
2715 1874 2880 1945 ’Δδερ
2905 1875 2984 1938 δέ,
3011 1874 3113 1944 τῆς
3138 1872 3430 1943 ἐπιϐουλῆς
3454 1872 3642 1940 ἀμαρ-

2063 1959 2194 2027 τὼν,
2251 1963 2378 2026 τοὺς
2439 1965 2674 2026 οἰκείους
2732 1963 3026 2018 ὑπώπτευε
3082 1964 3331 2033 γίνεσθαι
3371 1962 3645 2033 προδότας

388 2052 494 2103 τῶν
541 2053 982 2123 βεϐουλευμένων
1037 2053 1208 2124 αὐτῷ.
1268 2054 1564 2123 Φησάντων
1615 2054 1661 2107 δ’
1715 2052 1940 2108 ἐκείνων
1985 2054 2084 2107 ούκ
2143 2055 2361 2122 αὐτοὺς,
2428 2055 2564 2111 ἀλλά
2606 2058 2696 2110 τὸν
2757 2059 3044 2128 προφήτην
3082 2057 3383 2112 Ἐλισσαῖον
3415 2054 3648 2127 μηνύειν

389 2144 627 2212 αὑτῷ-τὰ
674 2147 1008 2215 ἀπόρρητα,
1065 2146 1352 2198 στέλλειέν
1399 2145 1594 2198 Δοθαῒν
1660 2146 1995 2216 στράτευμα,
2040 2147 2105 2198 ἵν’
2137 2146 2300 2199 αὑτὸν
2357 2147 2596 2201 λάϐοιεν.
2661 2149 2806 2202 Ἰδὼν
2853 2151 2909 2202 δέ
2969 2151 3059 2202 τὸν
3114 2149 3242 2203 λαὸν
3285 2151 3468 2220 κύκλῳ
3542 2149 3646 2214 τῆς

392 2233 658 2297 πόλεωςό
689 2235 783 2287 τοῦ
817 2242 1097 2306 προφήτου
1125 2238 1392 2302 διάκονος,
1460 2237 1720 2309 περιδεὴς
1802 2239 2045 2304 ἐγένετο,
2083 2239 2220 2307 πρὸς
2273 2240 2436 2292 αὑτὸν
2491 2241 2842 2309 ἀναγγέλλων
2891 2242 2951 2294 τὸ
2999 2244 3253 2313 πρᾶγμα.
3310 2243 3368 2295 ’0
3421 2242 3497 2306 δέ,
3550 2240 3646 2309 Μὴ

391 2326 562 2390 δεῦθι,
597 2327 740 2396 ἔφη·
777 2329 872 2382 καὶ
932 2329 1179 2380 ἱκέτευσε
1234 2331 1323 2381 τὸν
1373 2329 1506 2380 Θεὸν
1575 2330 1750 2392 δεῖξαι
1821 2330 1899 2398 τῷ
1968 2328 2202 2398 διακόνῳ
2257 2331 2443 2395 αὐτοῦ,
2517 2333 2667 2395 ὅπως
2721 2333 3051 2401 φυλάττεται
3105 2335 3235 2404 παρ’
3285 2334 3470 2388 αὑτοῦ.
3532 2336 3648 2388 Καὶ

391 2422 622 2473 δέδωκεν
654 2423 681 2472 6
711 2421 841 2484 Θεὸς
872 2422 948 2491 τῷ
972 2421 1265 2490 θεράποντι
1297 2423 1390 2475 τοῦ
1421 2425 1703 2493 προφήτου
1744 2422 1904 2492 χάριν
1948 2423 2077 2476 ίδεῖν
2117 2423 2279 2476 αὐτὸν
2337 2426 2546 2494 ἅρμασι
2589 2426 2682 2478 καὶ
2715 2427 2900 2489 ἵπποις
2929 2425 3174 2494 πυρίνοις
3203 2426 3644 2496 κεκυκλωμένον.

394 2514 727 2584 Ἥμαύρωσε
768 2515 823 2566 δὲ
866 2518 892 2566 ὁ
925 2517 1212 2586 προφήτης
1254 2516 1700 2586 προσευξάμενος
1748 2516 1845 2568 καὶ
1893 2515 1962 2568 τὰ
2001 2515 2224 2585 ὄμματα
2293 2516 2400 2568 τῶν
2425 2516 2658 2586 ἐχθρῶν.
2719 2517 2832 2572 Καὶ
2858 2518 3090 2582 ἐξελθὼν
3112 2518 3247 2586 πρὸς
3273 2519 3468 2578 αὐτοὺς
3499 2516 3645 2586 ἔφη’

408 2607 815 2660 Ἀκονιουθεῑτέ
838 2626 960 2676 μοι,
989 2610 1084 2660 καὶ
1113 2608 1283 2661 δώσω
1309 2609 1417 2661 τὸν
1467 2605 1824 2662 Ἐλισσαῖον
1883 2607 2045 2675 ὑμῖν.
2087 2609 2150 2660 Οἱ
2185 2608 2240 2664 δὲ
2271 2608 2506 2672 εἵποντο,
2543 2612 2632 2662 καὶ
2668 2611 2764 2673 τὰς
2809 2612 2959 2680 ὄψεις
3012 2611 3382 2681 βεϐλαμμένοι
3423 2612 3515 2664 καὶ
3547 2613 3653 2680 τὴν

397 2701 653 2754 διάνοιαν.
730 2702 1061 2770 Ἀπαγαγὼν
1115 2703 1170 2755 δέ
1227 2703 1424 2764 αὐτοὺς
1479 2702 1558 2763 είς
1611 2702 1970 2771 Σαμάρειαν,
2016 2703 2345 2771 περιστῆσαι
2388 2703 2573 2766 αὐτοῖς
2636 2704 2734 2774 τήν
2779 2703 2944 2757 αὐτοῦ
2992 2703 3224 2775 δύναμιν
3303 2706 3381 2774 τῷ
3435 2705 3654 2774 βασιλεῖ

399 2793 722 2846 ἐνετείλατο.
758 2795 868 2846 Καὶ
913 2796 1004 2846 τὸν
1063 2794 1194 2845 Θεὸν
1226 2793 1346 2862 ᾔτει
1397 2793 1816 2862 περιαιρεθῆναι
1868 2792 1966 2862 τὴν
2006 2793 2173 2862 ἀχλὺν
2219 2797 2285 2848 ἐκ
2359 2797 2468 2847 τῶν
2514 2796 2778 2866 ὀμμάτων
2817 2796 3016 2851 αὐτῶν.
3085 2799 3534 2868 Περιαιρεθείσης
3563 2799 3649 2865 δὲ,

401 2888 539 2944 εἶδον
589 2889 815 2950 ἑαυτοὺς
855 2890 901 2941 οἱ
957 2889 1116 2958 Σύροι
1176 2887 1339 2956 μέσον
1396 2885 1972 2956 ἐμπεριειλημμένους
2013 2887 2119 2938 τῶν
2146 2889 2445 2960 πολεμιων.
2508 2890 2811 2953 Ἐλισσαῖος
2874 2889 2929 2942 δὲ
2954 2890 3140 2943 οὐδένα
3163 2891 3651 2955 ἐπιθέσθαιαὺτοῖς

403 2986 738 3057 παρεχώρει,
763 2985 970 3050 ξενίσαι
997 2982 1053 3034 δὲ
1082 2984 1305 3051 μᾶλλον,
1328 2981 1422 3034 καὶ
1476 2981 1748 3034 ἀπολῦσαι
1807 2980 2039 3044 ἀπαθεῖς
2081 2985 2460 3037 συνεϐούλευε.
2519 2986 2822 3055 Φιλοτίμως
2879 2984 2972 3038 οῦν
3031 2986 3059 3036 6
3126 2985 3328 3058 Ἰωρὰμ
3389 2988 3653 3053 ἑστιάσας

401 3081 625 3143 αὐτοὺς,
676 3079 818 3131 κατά
888 3076 978 3128 τὸν
1012 3075 1104 3126 τοῦ
1160 3076 1439 3144 προφήτου
1507 3073 1666 3142 λόγον
1704 3073 1939 3141 ἀφῆκεν.
1985 3074 2050 3125 Ol
2089 3075 2143 3127 δέ
2189 3077 2450 3145 ἀπῆλθον,
2489 3078 2584 3131 καὶ
2634 3076 2700 3130 τὰ
2753 3077 3014 3147 γεγονότα
3052 3077 3129 3148 τῷ
3182 3078 3390 3132 ἐαυτῶν
3443 3079 3658 3149 βασιλεῖ

402 3175 732 3244 διηγήσαντο
753 3185 768 3201 ο
801 3171 894 3222 καὶ
930 3169 1230 3238 ἐξεπλάγη.

473 3263 638 3317 XVII.
675 3262 800 3314 Post
833 3262 947 3314 haec
977 3277 1102 3313 eum
1133 3260 1392 3314 omnibus
1425 3261 1540 3316 suis
1573 3264 1746 3335 copiis
1778 3263 1965 3319 Sama-

2151 3257 2246 3310 IZ'.
2283 3257 2437 3309 Μετὰ
2467 3256 2639 3308 ταῦτα
2671 3257 2728 3308 δὲ
2759 3258 3102 3327 πανστρατιᾷ
3133 3256 3416 3327 παρελθὼν
3441 3259 3520 3320 είς
3548 3260 3659 3312 Σα-

407 3357 544 3414 riam
579 3354 816 3417 obsidet,
857 3354 909 3407 in
945 3369 1050 3422 qua
1093 3362 1240 3407 tanta
1276 3353 1448 3409 fames
1487 3367 1608 3410 orta
1651 3367 1758 3421 est,
1793 3366 1851 3410 ut
1881 3373 1975 3411 ca-

407 3457 506 3518 put
538 3447 676 3500 asini
708 3446 1106 3514 quinquaginta
1138 3448 1380 3498 nummis
1416 3446 1694 3514 argenteis
1722 3448 1973 3512 veniret,

407 3550 465 3595 et
499 3540 769 3593 sextarius
807 3536 1109 3590 columbini
1145 3536 1279 3596 litui,
1318 3536 1569 3590 totidem.
1614 3537 1750 3591 Cum
1793 3547 1977 3592 autem

409 3649 506 3688 rex
534 3632 788 3687 Joramus
816 3631 1014 3683 muenia
1051 3630 1390 3691 circumiret,
1420 3630 1678 3683 inclamat
1700 3645 1826 3684 eum
1861 3646 1981 3683 mu-

410 3723 660 3784 liercula,
687 3719 1008 3774 conservari
1035 3734 1093 3772 se
1121 3729 1346 3787 petens;
1371 3734 1536 3786 quam
1563 3719 1654 3772 ille
1679 3719 1860 3773 cibum
1887 3735 1982 3788 pe-

414 3829 528 3874 tere
561 3817 870 3886 suspicans,
903 3828 1029 3866 cum
1061 3812 1437 3881 indignatione
1473 3811 1638 3864 :Mihi
1663 3828 1827 3879 neque
1852 3829 1980 3866 area

413 3924 511 3976 est,
545 3913 744 3980 inquit,
779 3925 943 3978 neque
977 3907 1213 3961 torcular
1248 3905 1542 3976 :quomodo
1569 3915 1618 3958 te
1650 3907 1984 3959 conservent?

417 4004 522 4059 Sed
556 4001 934 4072 illajudicium
961 4009 1148 4070 petere
1188 4013 1246 4054 se
1283 3999 1524 4063 dicente,
1559 4013 1779 4051 causam
1822 4012 1982 4068 agere

410 4096 592 4165 jubet.
626 4093 706 4147 lbi
741 4091 938 4145 mulier
973 4108 984 4143 :
1038 4088 1245 4156 Pepigi,
1282 4088 1480 4156 inquit,
1507 4104 1626 4140 cum
1650 4089 1818 4141 vicina
1843 4103 1981 4152 mea,

417 4197 472 4241 ut
505 4185 643 4255 ﬁlios
684 4194 891 4238 nostros
927 4180 1237 4241 mactemus,
1275 4188 1323 4231 et
1354 4178 1576 4231 alternis
1597 4178 1775 4231 diebus
1811 4178 1982 4231 altera

2081 3350 2318 3420 μάρειαν
2341 3352 2368 3402 6
2398 3349 2652 3418 βασιλεὺς
2682 3349 2908 3418 Συρίας,
2963 3351 3276 3420 ἐπολιόρκει
3311 3351 3501 3420 αὑτήν.
3539 3354 3656 3404 Καὶ

2079 3443 2298 3510 ἐγένετο
2317 3441 2473 3510 λιμὸς
2509 3441 2870 3510 σφοδρότατος
2913 3444 2973 3493 ἐν
3014 3442 3174 3511 αὐτῇ,
3209 3442 3347 3494 ὥστε
3406 3442 3654 3516 κεφαλήν

2078 3535 2199 3586 ὄνου
2249 3535 2586 3603 πεντήκοντα
2638 3534 2992 3603 νομισμάτων
3055 3533 3299 3605 ἀργύρου
3345 3536 3652 3606 πραθῆναι,

2079 3631 2177 3684 καὶ
2209 3629 2406 3698 ξέστην
2452 3629 2662 3698 κόπρου
2715 3629 3059 3697 περιστερῶν
3104 3631 3441 3698 πεντήκοντα
3498 3647 3659 3698 νομι-

2083 3722 2304 3790 σμάτων
2334 3721 2558 3789 ὁμοίων.
2584 3719 2690 3771 Τοῦ
2715 3720 2770 3772 δέ
2796 3720 3059 3788 βασιλέως
3104 3719 3311 3790 Ἰωρὰμ
3346 3723 3658 3790 περιιόντος

2081 3813 2142 3865 τὸ
2164 3815 2363 3880 τεῖχος,
2393 3811 2588 3878 ἐϐόησε
2618 3810 2858 3877 γύναιοψ
2894 3811 3094 3876 Σῶσον,
3131 3805 3176 3864 ὦ
3206 3811 3454 3880 βασιλεῦ.
3511 3813 3570 3865 Ὀ
3595 3813 3655 3865 δὲ

2081 3904 2311 3972 νομίσας
2363 3903 2569 3974 τροφήν
2615 3905 2788 3955 αἰτεῖν
2849 3901 2948 3970 τὴν
2999 3905 3278 3967 γυναῖκα,
3339 3905 3532 3956 Πόθεν
3579 3918 3659 3956 σε

2083 3995 2282 4058 σώσω,
2315 3994 2779 4063 ,ϐλασφημήσας
2805 3993 3022 4060 αὐτὴν,
3068 3993 3192 4063 ἔφη,
3229 3995 3380 4063 μήτε
3419 3995 3662 4060 ᾶλωνός

2079 4105 2201 4157 μοι,
2255 4087 2408 4155 μήτε
2441 4086 2634 4152 ληνοῦ
2671 4087 3099 4153 ὺπαρχούσηςς
3142 4087 3250 4157 Τῆς
3275 4087 3328 4138 δέ
3354 4088 3537 4158 κρίσιν
3564 4093 3658 4143 ai-

2085 4182 2199 4232 τεῖν
2221 4179 2505 4248 εἰπούσης,
2537 4178 2721 4245 λέγειν
2758 4178 3050 4248 ἐπέτρεψε.
3085 4180 3190 4231 Καὶ
3222 4181 3255 4250 ἡ
3293 4183 3463 4248 γυνὴ,
3497 4185 3657 4235 Evr-

418 4279 643 4332 alteram
686 4277 820 4330 alat.
859 4275 1011 4329 Nunc
1048 4289 1164 4324 cum
1214 4288 1306 4342 ego
1345 4286 1517 4324 meum
1551 4272 1853 4335 mactarim,
1889 4269 1985 4324 illa

421 4388 522 4425 non
560 4380 667 4425 stat
706 4371 995 4423 carmentis.
1029 4365 1123 4420 His
1155 4381 1248 4420 rex
1284 4365 1508 4428 auditis,
1549 4362 1754 4433 ingenti
1800 4362 1987 4417 dolore

2087 4272 2299 4336 θήκας,
2327 4268 2505 4336 εἶπεν,
2552 4271 2774 4339 ἐθέμην
2791 4273 2919 4340 μεθ’
2965 4271 3170 4339 ἐτέρας
3215 4275 3502 4342 γυναικὸς
3545 4292 3662 4341 γει-

2086 4362 2348 4426 τνιώσης
2375 4379 2498 4430 μοι,
2523 4361 2701 4415 θῦσαι
2725 4363 2795 4415 τὰ
2822 4363 3000 4415 τέκνα
3025 4363 3212 4431 ἡμῶν,
3247 4365 3342 4416 καί
3370 4364 3487 4418 ἀνὰ
3510 4368 3664 4435 μίαν

422 4466 673 4526 allectus,
698 4473 755 4516 et
786 4463 1040 4516 laceratis
1082 4459 1330 4514 vestibus
1362 4458 1498 4518 suis.
1559 4456 1839 4526 prophetae
1876 4457 1965 4511 ira!

2090 4455 2322 4524 ἡμέραν
2350 4459 2469 4510 ἀλλ
2481 4455 2622 4522 ήλας
2649 4458 2883 4524 θρέψαι.
2907 4456 3076 4526 Κάγὼ
3097 4458 3195 4528 μέν
3219 4458 3278 4512 τὸ
3305 4459 3436 4529 ἐμὸν
3463 4461 3658 4527 ἔθυσα,

421 4557 593 4608 scitur
627 4555 770 4622 quod
806 4555 942 4607 mala
989 4555 1089 4605 ista
1123 4551 1380 4621 precibus
1439 4565 1548 4603 non
1593 4558 1883 4613 averteret,
1925 4563 1965 4601 at

2092 4550 2125 4616 ἡ
2164 4549 2220 4601 δέ
2249 4549 2580 4618 παραϐαίνει
2607 4551 2674 4603 τὰ
2707 4549 3132 4618 ὡμολογημένα.
3167 4551 3383 4604 Τούτων
3414 4553 3661 4618 ἀκούσας

423 4660 803 4715 percussorem
839 4655 1028 4697 contra
1059 4645 1208 4696 illum
1239 4643 1428 4695 mittit.
1461 4641 1568 4696 Sed
1609 4641 1836 4694 Elisteus
1876 4654 1962 4693 cm

2091 4612 2125 4691 6'
2152 4612 2425 4708 βασιλεὺς,
2462 4612 2833 4712 ύπερήλγησε,
3018 4641 3116 4712 τὴν
3151 4641 3352 4710 ἐσθῆτα
3379 4612 3662 4714 διέρρηξέ

425 4737 502 4791 ιιιὶ
549 4736 943 4805 discipulorum
996 4736 1048 4787 id
1089 4733 1412 4803 praedixerat
1457 4748 1472 4785 :
1524 4729 1850 4792 Homicida,
1901 4730 1965 4783 int

2091 4732 2202 4784 Καὶ
2253 4733 2396 4784 κατά
2441 4731 2537 4784 τοῦ
2568 4733 2852 4802 προφήτου
2913 4731 3236 4804 ἐξσῦργιστο,
3271 4736 3351 4787 ὅτι
3384 4737 3459 4806 μή
3489 4738 3666 4790 δέοιτο

421 4829 545 4898 quit
621 4826 763 4896 [ilius
809 4825 948 4880 misit
971 4827 1060 4894 qui
1095 4839 1177 4876 me
1227 4823 1481 4891 perimat,
1521 4821 1610 4874 sed
1658 4835 1747 4874 vos
1795 4821 1965 4875 clausi

2091 4821 2184 4874 τοῦ
2220 4823 2355 4875 Θεοῦ
2386 4823 2548 4876 λῦσαι
2581 4824 2684 4894 τὴν
2729 4824 2993 4888 κάκωσιν,
3033 4825 3124 4878 καὶ
3157 4825 3246 4878 τὸν
3301 4827 3668 4881 ἀποκτενοῦν-

424 4919 620 4989 [aribus
645 4918 793 4972 aditu
823 4930 1178 4985 percussorem
1210 4912 1482 4976 prohibete
1513 4926 1533 4966 :
1562 4921 1810 4981 sequetur
1848 4915 1965 4965 enin

2090 4931 2158 4965 τα
2205 4914 2368 4966 αὑτὸν
2425 4913 2689 4982 ἐπεμψεν.
2751 4912 3060 4976 Ἐλισσαῖος
3114 4913 3192 4978 δὲ,
3226 4917 3337 4978 τοῖς
3379 4913 3666 4987 φοιτηταῖς

425 5027 517 5064 rex
565 5019 764 5064 mutato
804 5008 1041 5061 consilio.
1068 5007 1250 5075 Itaque
1295 5003 1498 5059 factum
1525 5011 1608 5058 est
1636 5023 1647 5057 :
1675 5019 1799 5058 nam
1834 5003 1960 5058 .Iora

2091 5005 2315 5074 ὁμιλῶν,
2349 5009 2610 5076 προεῖπεν
2659 5007 2861 5069 αὐτοῖς,
2914 5007 2994 5058 ὅτι
3058 5005 3121 5059 '0
3145 5007 3249 5060 τοῦ
3278 5012 3506 5076 φονέως
3533 5013 3666 5078 υιὸς

425 5117 568 5164 nius,
601 5101 798 5154 omissa
833 5102 1013 5168 priore
1056 5096 1408 5167 cogitatione,
1442 5104 1805 5164 properanter
1833 5094 1965 5162 ιο]

2091 5098 2330 5150 κτανεῖν
2387 5116 2463 5166 με
2500 5098 2892 5151 ἀπέστειλεν·
2933 5089 3072 5152 ἀλλ’
3113 5099 3300 5168 ὑμεῖς,
3335 5101 3449 5169 τὴν
3471 5104 3667 5168 θύραν

425 5193 492 5248 ad
517 5191 839 5261 prophetam
867 5188 1036 5250 venit,
1059 5187 1433 5256 expostulans,
1455 5187 1600 5256 quod
1619 5200 1965 5239 aerumnarun

2092 5191 2466 5254 κλείσαντες,
2511 5191 2825 5242 κωλύσατε
2849 5189 2963 5256 τὴν
2989 5191 3238 5244 εἴσοδον
3277 5190 3356 5255 τῷ
3404 5194 3663 5262 σφαγεῖ·

423 5285 802 5355 depulsionem
829 5283 1000 5336 Deum
1032 5296 1140 5334 non
1164 5288 1440 5334 exoraret.
1466 5277 1532 5330 At
1559 5276 1648 5331 ille
1677 5293 1691 5329 :
1721 5275 1871 5339 Cras,
1905 5275 1961 5328 in

2091 5282 2297 5350 ἕψεται
2348 5282 2454 5349 γὰρ
2493 5281 3054 5351 μεταμεμελημένος
3091 5286 3124 5336 ό
3171 5284 3494 5350 βασιλεὺς.
3553 5289 3667 5340 Καὶ

425 5379 566 5447 quit,
592 5376 692 5428 duo
714 5384 835 5428 sata
871 5373 1052 5427 hordei
1095 5371 1220 5426 siclo
1253 5369 1560 5435 vendantur,
1589 5377 1637 5422 et
1681 5367 1965 5436 similagini

2089 5376 2139 5428 οί
2188 5374 2286 5444 μὲν
2344 5373 2484 5427 κατά
2541 5374 2628 5425 τὸν
2675 5373 2770 5425 τοῦ
2827 5376 3110 5444 προφήτου
3167 5375 3327 5444 λόγον
3362 5377 3663 5448 ἐποίησαν·

424 5483 599 5524 satum
641 5468 916 5522 tantidem.
954 5462 1092 5518 Tum
1141 5462 1364 5533 quidam
1399 5476 1465 5516 ex
1498 5461 1640 5530 regis
1663 5460 1959 5514 comitibus

2103 5464 2306 5534 Ἰωρὰμ
2361 5463 2449 5527 δὲ,
2515 5461 3130 5533 μεταϐουλευσάμενος,
3213 5467 3460 5518 σπεύδων
3528 5470 3666 5533 πρὸς

432 5561 794 5626 Incredibilia,
831 5558 926 5622 ait,
961 5560 1237 5628 propheta,
1263 5555 1408 5607 dicis.
1442 5552 1543 5608 Cui
1569 5553 1692 5606 ille:
1728 5550 1855 5615 Quae
1877 5550 1965 5621 pol

2090 5553 2181 5605 τὸν
2228 5554 2513 5621 προφήτην
2582 5551 2847 5619 ἀφίκετο,
2918 5551 3012 5605 καὶ
3059 5553 3248 5622 ήτιᾶτο
3310 5556 3513 5622 αὑτὸν,
3581 5559 3666 5611 ὅτι

431 5653 604 5708 licitas
626 5670 766 5720 sum,
793 5653 995 5722 inquit,
1039 5649 1232 5703 videbis
1259 5663 1276 5702 :
1324 5645 1414 5701 sed
1441 5644 1504 5698 ob
1545 5643 1965 5698 incredulitatem

2093 5645 2168 5712 μή
2194 5643 2364 5693 δέοιτο
2393 5643 2486 5694 τοῦ
2554 5641 2688 5693 Θεοῦ
2736 5641 2895 5694 λῦσαι
2962 5645 3110 5711 σφίσι
3145 5644 3210 5695 τὰ
3275 5644 3534 5716 λυπηρά·
3597 5649 3667 5701 ’0

429 5744 494 5798 iis
527 5763 630 5801 non
672 5747 885 5815 frueris.
928 5745 1004 5802 Ea
1035 5745 1200 5816 igitur
1233 5750 1392 5798 nocte
1423 5740 1662 5795 sonitum
1708 5751 1965 5794 curruum

2090 5735 2185 5802 δέ,
2213 5731 2452 5800 Αὔριον,
2501 5731 2628 5802 ἔφη,
2687 5731 2796 5786 δύο
2840 5732 2995 5788 σάτα
3055 5733 3262 5803 κριθῆς
3296 5737 3666 5804 πραθήσεται
