3926 6210
383 283 488 348 1'99

1616 283 1942 350 WANNIS
1964 284 2306 347 ‘ZONAIUE

3535 260 3648 351 aco

372 399 711 464 timuerunt,
738 412 852 455 uno
876 406 1093 455 tantum
1117 400 1366 458 Ochozla
1395 414 1464 460 ex
1497 396 1664 476 regiis
1682 402 1817 458 miis
1846 414 1959 458 non

2066 402 2159 457 καὶ
2209 401 2322 455 τῶν
2374 401 2586 456 τέκνων
2630 396 2839 476 ςθορᾶν
2914 399 3004 454 διὰ
3057 398 3157 472 τὴν
3203 398 3487 468 ἁσιεειαν,
3550 405 3647 457 καὶ

374 514 693 580 interfecto,
738 524 797 572 et
850 512 1110 572 Joramus
1151 514 1354 583 etiam,
1395 527 1456 574 ut
1495 520 1763 593 propheta
1818 533 1958 591 prte-

376 609 614 673 dixerat,
638 624 706 662 ex
729 606 906 662 morbi
925 607 1192 680 gravitate
1216 608 1430 666 interiit
1447 626 1596 667 anno
1619 612 1798 668 astatis
1818 628 1957 683 qua-

377 701 709 772 dragesimo,
750 699 904 769 regni
951 710 1181 767 octavo,
1228 699 1466 758 chozia
1498 702 1610 758 ﬁlio
1640 719 1960 763 successore

378 801 593 858 relicto.
627 798 848 854 Accidit
882 809 1067 854 autem
1107 811 1169 855 ut
1196 799 1453 856 Joramus
1487 801 1650 867 alter,
1682 801 1959 856 Israelita-

379 910 500 948 rum
531 909 647 957 rex,
685 901 940 963 suscepta
965 900 1157 947 contra
1186 892 1353 965 Syros
1383 893 1734 963 expeditione
1767 893 1961 950 vulne-

381 996 553 1049 ratus,
595 984 738 1040 Jchu
769 984 987 1039 Amasis
1018 982 1133 1039 lilio
1170 985 1315 1055 apud
1350 985 1656 1041 exercitum
1691 1000 1816 1041 cum
1853 984 1959 1040 im-

381 1075 535 1144 perio
566 1076 759 1130 relicto
790 1116 805 1141 ,
873 1076 940 1130 ad
992 1075 1302 1131 curandum
1360 1075 1532 1132 ictum
1582 1077 1781 1133 abiret.
1849 1076 1957 1137 Sed

389 1167 615 1220 Elis-acus
652 1167 951 1237 quemdam
995 1183 1060 1223 ex
1111 1167 1397 1238 discipulis
1434 1167 1504 1221 ad
1543 1167 1742 1225 Jehum
1774 1182 1957 1240 regem

382 1258 761 1329 inungendum
794 1259 987 1324 mittit,
1039 1268 1101 1313 ut
1147 1259 1424 1315 delectum
1454 1274 1484 1313 a
1513 1259 1645 1318 Deo.
1679 1260 1785 1326 Qui
1819 1258 1958 1317 Jebu

381 1352 648 1415 seducto,
705 1363 764 1405 ut
807 1351 994 1405 arcani
1033 1351 1242 1423 aliquid
1311 1351 1856 1417 communicaturus,
1904 1359 1961 1407 et

380 1444 641 1497 conclave
692 1443 1002 1513 ingressus,
1050 1442 1370 1513 caputeius
1413 1444 1536 1499 oleo
1585 1441 1956 1513 perfundens,

380 1549 506 1585 cum
541 1550 570 1585 a
599 1532 710 1585 Deo
745 1533 922 1585 creari
953 1548 1136 1602 regem
1175 1535 1274 1599 ait,
1306 1533 1373 1588 ad
1406 1534 1614 1589 Achabi
1638 1550 1813 1605 genus
1857 1534 1956 1590 de-

384 1624 613 1678 lendum
642 1639 656 1677 :
689 1632 745 1677 et
785 1623 870 1677 his
900 1623 1063 1678 dictis
1085 1667 1097 1689 ,
1138 1624 1325 1679 subito
1355 1641 1385 1680 e
1419 1626 1667 1680 conclavi
1695 1641 1753 1680 se
1780 1625 1961 1697 prori-

383 1715 476 1783 pit.
512 1714 970 1769 Percontantibus
1002 1725 1187 1769 autem
1218 1716 1355 1781 suis,
1389 1717 1520 1788 quid
1560 1718 1630 1772 ab
1669 1718 1761 1772 illo
1792 1734 1956 1774 voca-

384 1814 471 1858 tus
492 1813 658 1869 esset,
690 1806 784 1875 qui
804 1805 1027 1874 quidem
1048 1804 1279 1860 furentis
1294 1815 1508 1877 gestum
1537 1823 1649 1877 prae
1667 1823 1724 1865 sc
1743 1808 1955 1868 ferret:

380 1897 552 1960 Recte,
587 1896 786 1967 inquit.
808 1899 1089 1966 judicatis,
1118 1915 1241 1952 nam
1269 1898 1423 1952 verba
1450 1902 1629 1968 lurore
1649 1899 1808 1969 plena
1836 1901 1960 1956 mihi

380 1991 644 2042 nuntiavit
674 2004 691 2043 :
716 1989 852 2043 dixit
880 1991 1019 2044 enim
1052 2007 1133 2044 me
1168 2008 1200 2045 a
1230 1990 1339 2045 Deo
1365 2000 1602 2045 creatum
1629 2007 1738 2044 esse
1758 2008 1956 2063 regem.

380 2079 592 2145 Quibus
619 2082 857 2151 populus
878 2083 1103 2148 auditis,
1128 2083 1327 2138 Jehum
1365 2083 1512 2141 tubis
1543 2084 1748 2140 inflatis
1775 2100 1959 2156 regem

380 2172 604 2226 salutat.
637 2173 756 2238 Quo
784 2172 954 2241 facto,
997 2174 1115 2238 ille,
1138 2175 1369 2229 delectis
1407 2178 1690 2247 equitibus
1746 2193 1961 2233 assum-

380 2262 511 2326 ptis,
548 2261 616 2316 ad
647 2263 930 2319 Joramum
966 2266 1153 2320 subito
1190 2268 1616 2336 opprimendum
1656 2268 1963 2338 proﬁcisci-

382 2362 492 2409 tur.
532 2353 670 2410 Cum
718 2366 903 2411 autem
958 2359 1280 2424 speculator
1315 2360 1539 2415 Joramo
1588 2360 1821 2418 dixisset
1860 2361 1961 2417 ad-

379 2453 609 2500 ventare
660 2446 900 2516 equites,
949 2449 1124 2505 mittit
1167 2451 1461 2519 quemdam
1499 2451 1595 2522 qui
1638 2465 1793 2524 roget
1828 2452 1960 2523 quid

380 2537 576 2593 velint.
610 2538 751 2595 Eum
779 2539 980 2605 Jeltus,
1018 2541 1173 2597 nullo
1205 2542 1335 2598 dato
1381 2556 1669 2613 responso,
1705 2559 1765 2599 se
1795 2544 1963 2615 jussit

379 2632 558 2702 sequi.
613 2632 781 2687 Misso
829 2643 886 2689 et
941 2636 1159 2701 altero,
1222 2651 1327 2692 nec
1384 2652 1612 2692 reverso
1643 2673 1661 2698 .
1703 2637 1964 2694 Jorarnns

382 2724 524 2795 ipse,
578 2741 745 2781 curru
793 2742 1101 2784 conscenso
1142 2744 1269 2784 cum
1308 2728 1546 2787 chozia
1594 2731 1802 2787 sororis
1850 2746 1964 2789 suae

382 2815 518 2882 ﬁlio,
567 2818 664 2887 qui
727 2819 943 2875 visendi
983 2824 1107 2891 ejus
1152 2822 1325 2891 gratia
1374 2830 1646 2889 venerat,
1708 2821 1849 2879 Jeho
1903 2821 1964 2876 in

384 2922 515 2978 agro
567 2908 842 2967 Nabutbis
913 2912 1191 2975 occurrit,
1244 2928 1445 2984 rogans
1506 2922 1565 2968 ut
1617 2929 1678 2970 se
1734 2915 1964 2973 haberet

381 3000 703 3056 exercitus?
731 3001 835 3068 Qui
874 3018 1002 3058 cum
1040 3003 1355 3061 maledictis
1397 3020 1524 3062 eum
1572 3006 1962 3075 insectaretur,

2062 492 2167 563 τὴν
2202 492 2299 546 τοῦ
2332 490 2467 545 λαοῦ
2495 491 2762 546 κᾶκωσιν.
2809 491 2875 543 Ἀ
2909 489 3007 544 καὶ
3038 489 3119 551 εἰς
3146 488 3312 561 ίργον
3348 487 3644 560 ἐξέϐησαν,

2077 580 2331 651 ’Δράόων
2380 580 3023 654 ἐπιστρατευσάντωνῇ
3048 578 3302 651 Ἰουδαία,
3370 579 3492 644 ἐνὸς
3536 580 3649 634 τῶν

2068 675 2203 727 vitim
2233 672 2400 728 αὐτοῦ
2432 672 2834 744 περισωθέντος
2868 671 2965 726 τοῦ
2999 669 3268 742 Ὀχοζίου.
3299 671 3411 726 Καὶ
3439 671 3651 745 Ἰωρὰμ

2066 768 2124 821 δὲ
2169 768 2309 837 μετά
2332 766 2510 823 ταῦτα
2549 769 2806 839 νοσήσας,
2844 764 2923 830 ὡς
2952 766 2981 820 6
3011 766 3301 837 προφήτης
3321 765 3645 837 προείρηκε,

2068 858 2265 930 βιαίως
2333 859 2582 929 ἐξέψυξε,
2634 860 2810 930 ζήσας
2867 854 2968 930 μὶν
3032 858 3319 913 ἐνιαυτοὺς
3370 861 3650 932 τεσσαρά-

2068 966 2258 1011 κοντα.
2302 950 2628 1021 βασιλεύσας
2683 952 2740 1005 δὲ
2771 951 2935 1004 ὀκτώ.
2967 951 3047 1004 Ἦ
3099 950 3148 1003 δ’
3206 949 3354 1022 ἀρχὴ
3409 952 3489 1022 τῷ
3545 950 3649 1023 υἱῷ

2067 1043 2236 1096 αὑτοῦ
2267 1043 2487 1115 Ὀχοζίᾳ
2544 1042 2961 1115 περιελήλυθεν.
3003 1041 3215 1112 Ἰωρὰμ
3262 1043 3320 1096 δὲ
3341 1043 3421 1114 τῷ
3472 1043 3649 1115 ἑτέρῳ

2066 1135 2177 1189 τῶν
2209 1135 2560 1207 Ἰσραηλιτῶν
2588 1133 2804 1206 βασιλεῖ
2828 1135 2971 1188 κατά
3002 1135 3113 1188 τῶν
3148 1134 3339 1207 Σύρων
3385 1134 3651 1206 στρατεύ-

2067 1243 2224 1280 σαντι
2257 1228 2457 1297 συνέϐη
2514 1226 2839 1297 τοξευθῆναι
2878 1229 2937 1281 ἐν
2975 1225 3054 1297 τῷ
3081 1225 3326 1298 πολέμῳ·
3357 1228 3452 1282 καὶ
3484 1230 3513 1281 6
3546 1227 3650 1297 μὶν

2065 1322 2383 1393 ἀνεχώρησε
2460 1322 3013 1393 θεραπευοησόμενος
3079 1320 3181 1393 τὴν
3230 1320 3470 1392 πληγὴν,
3515 1322 3654 1390 ins-

2069 1414 2206 1486 μόνα
2276 1414 2377 1485 τῆς
2437 1415 2701 1483 στρατιᾶς
2764 1413 3104 1485 καταλείψας
3158 1414 3338 1486 Ἰηοῦν
3404 1414 3497 1467 τὸν
3550 1412 3649 1467 τοῦ

2082 1508 2317 1578 Ἀμασῆ.
2354 1506 2660 1570 Ἐλισσαῖος
2710 1504 2757 1560 δ’
2801 1504 2901 1560 ἕνα
2947 1504 3059 1559 τῶν
3091 1505 3353 1577 μαθητῶν
3407 1504 3649 1576 ἔπεμψε,

2065 1600 2328 1671 χρίσοντα
2362 1601 2442 1662 είς
2475 1598 2703 1670 βασιλέα
2727 1601 2819 1657 τὸν
2852 1598 3047 1670 Ἰηοῦν,
3080 1599 3158 1662 ῶς
3181 1598 3277 1651 τοῦ
3308 1597 3446 1652 Θεοῦ
3479 1599 3650 1652 αὐτὸν

2066 1690 2372 1762 ᾑρημένου.
2430 1691 2498 1744 '0
2521 1689 2567 1743 δ’
2591 1689 2782 1756 ἐλθὼν,
2823 1688 2931 1762 ίδίᾳ
2962 1689 3071 1743 τῶν
3127 1688 3305 1744 ἄλλων
3351 1686 3650 1742 ἀπολαϐὼν

1993 1774 2042 1837 Β
2068 1785 2161 1836 τὸν
2189 1783 2386 1854 Ἰηοῦν,
2429 1784 2509 1847 ὡς
2545 1783 2609 1853 δή
2636 1801 2690 1837 τι
2718 1783 2891 1849 λέξων
2925 1783 3077 1854 αὑτῷ
3111 1772 3541 1859 μυστικῶτερον,
3565 1782 3650 1845 είς

2059 1877 2123 1930 τὸ
2155 1879 2404 1947 ταμιεῖον
2435 1877 2639 1941 εἰσδὺς,
2685 1876 2746 1929 τδ
2794 1875 2977 1931 ἔλαιον
3034 1876 3265 1946 κατέχεε
3319 1874 3421 1945 τῆς
3477 1873 3647 1927 αὑτοῦ

2062 1970 2326 2041 κεφαλῆς,
2389 1970 2568 2040 φήσας
2620 1969 2897 2041 αἱρεῖσθαι
2948 1969 3040 2023 τὸν
3099 1969 3233 2022 θεὸν
3283 1968 3365 2031 είς
3417 1966 3650 2039 βασιλέα

2062 2062 2250 2128 αὐτὸν,
2292 2061 2362 2114 ἵν’
2384 2062 2626 2135 ἀφανίσῃ
2645 2064 2707 2116 ἰδ
2761 2062 2920 2131 γένος
2948 2061 3041 2116 τοῦ
3066 2059 3297 2132 ’Δχαά6.
3336 2061 3449 2114 Καὶ
3484 2061 3512 2113 6
3545 2061 3648 2130 μὲν

2062 2153 2179 2226 ἃμα
2210 2173 2269 2209 τε
2295 2151 2438 2220 εἶπε,
2499 2158 2590 2209 καὶ
2633 2156 2699 2209 ἐκ
2735 2154 2830 2210 τοῦ
2879 2154 3130 2227 ταμιείου
3188 2153 3496 2218 σπουδαίως
3535 2152 3651 2217 ἐξέ-

2063 2250 2261 2321 δραμε.
2297 2249 2727 2321 Πυνθανομένων
2757 2248 2814 2303 δὲ
2840 2247 2948 2302 τῶν
2977 2249 3077 2302 σὺν
3113 2246 3282 2317 αὐτῷ,
3313 2244 3365 2300 τί
3390 2247 3458 2302 ἂν
3521 2245 3652 2316 βού-

2062 2340 2209 2395 λοιτο
2247 2343 2275 2395 6
2308 2341 2552 2405 καλέσας
2579 2341 2875 2405 αὑτὸν,καὶ
2905 2340 3173 2422 μεμηνότι
3200 2340 3649 2411 παρεικαζόντων

2064 2435 2300 2487 ἐκεῖνον·
2353 2430 2566 2501 Ὀρθῶς
2598 2433 2897 2501 ἐκρίνατε,
2936 2432 3062 2503 ἔφη,
3097 2432 3226 2486 ἐπεὶ
3272 2432 3372 2486 καί
3420 2435 3650 2503 λόγους

2060 2543 2162 2596 μοι
2213 2526 2484 2595 μεστοὺς
2535 2527 2761 2596 μανίας
2823 2523 3211 2595 ἀπήγγειλεν.
3277 2525 3484 2595 Εἴρηκε
3533 2525 3651 2595 γὰρ

2067 2620 2294 2692 βασιλέα
2328 2636 2396 2689 με
2429 2622 2754 2691 χειροτονεῖν
2790 2618 2881 2672 τὸν
2899 2619 3057 2673 Θεὸν,
3085 2621 3192 2672 Καὶ
3216 2621 3243 2672 6
3284 2618 3436 2685 λαὸς,
3475 2616 3651 2673 ἀκού.

2071 2728 2170 2775 σας
2198 2710 2395 2778 ταῦτα,
2434 2709 2711 2774 σαλπίζων
2739 2712 3043 2781 ἀνηγόρευε
3076 2710 3298 2783 βασιλέα
3323 2710 3416 2764 τὸν
3444 2710 3647 2782 Ἰηοῦν.

2078 2804 2138 2859 Ὀ
2164 2805 2246 2873 δὲ,
2283 2805 2488 2860 αὐτίκα
2530 2805 2660 2864 τοὺς
2698 2805 2931 2873 λογάδας
2993 2806 3103 2857 τῶν
3136 2805 3346 2858 ἱππέων
3389 2804 3647 2875 παραλα-

2066 2898 2200 2962 ϐὼν,
2238 2898 2586 2969 ἐξώρμησεν,
2618 2898 2689 2951 ἵν’
2722 2898 2919 2970 ἀθρόον
2970 2898 3175 2970 ἐπέλθῃ
3211 2901 3323 2960 τοῖς
3382 2902 3512 2969 περὶ⁸
3552 2899 3651 2952 τὸ]

2079 2988 2307 3060 Ἰωράμ.
2361 2989 2469 3042 Τοῦ
2500 2991 2557 3041 δὲ
2613 2988 2822 3042 σκοποῦ
2875 2987 2954 3058 τῷ
2983 2987 3193 3058 Ἰωρὰμ
3244 2989 3430 3052 ἱππεῖς
3486 2989 3650 3059 ἥκειν

386 3091 542 3163 ιο3
570 3093 826 3151 Joramus
847 3097 1076 3151 territus
1111 3096 1297 3169 fugam
1327 3099 1586 3171 capessit.
1621 3100 1761 3156 Tum
1788 3102 1961 3159 Jehus

2070 3083 2369 3151 φήσαντος,
2421 3079 2632 3134 ἐστειλέ
2687 3093 2813 3133 τινα
2868 3081 3076 3141 ἐκεῖνος
3131 3079 3424 3150 ἐρωτῶντα
3487 3082 3539 3134 τί
3578 3080 3649 3135 ἂν

383 3184 600 3243 intento
630 3202 764 3243 arcu
801 3204 928 3243 eum
959 3188 1111 3252 ferit.
1140 3201 1202 3246 ut
1227 3206 1397 3247 curru
1428 3191 1691 3265 delapsus
1715 3210 1961 3252 morere-

384 3285 493 3331 tur.
524 3277 615 3334 Sic
651 3279 705 3335 in
741 3277 1009 3337 Nabuthis
1054 3300 1249 3353 agrum
1280 3294 1369 3340 est
1414 3287 1716 3357 projectus,
1765 3303 1961 3358 querna

387 3367 686 3422 admodum
759 3372 905 3428 Elias
956 3374 1183 3431 Achabo
1245 3377 1600 3447 praedixerat.
1663 3377 1963 3435 choziam

383 3457 518 3515 item
548 3459 853 3532 fugientem
885 3467 1084 3537 sagitta
1124 3468 1220 3524 icit
1249 3469 1442 3536 Jchus,
1472 3487 1550 3526 .ex
1585 3486 1696 3541 quo
1733 3471 1963 3529 vulnere

384 3560 432 3602 ts
464 3563 686 3619 quoque
736 3552 902 3621 paulo
942 3563 1065 3623 post
1092 3567 1176 3612 est
1212 3568 1487 3624 mortuus,
1518 3573 1643 3615 cum
1677 3575 1848 3615 unum
1876 3575 1964 3616 re-

382 3648 605 3708 gnasset
656 3648 886 3698 annum.
925 3642 1145 3701 Jezabel
1199 3654 1383 3703 autem
1432 3647 1501 3704 de
1547 3649 1687 3704 turri
1732 3665 1960 3722 prospe-

384 3735 562 3795 etans,
590 3730 866 3801 exquisite
898 3735 1067 3799 culta.
1105 3746 1165 3791 ut
1205 3737 1504 3808 gratiosior
1534 3752 1681 3797 esset
1714 3757 1730 3794 :
1758 3737 1959 3808 Bonus,

384 3821 589 3891 inquit,
640 3840 820 3879 servus
864 3826 957 3897 qui
1009 3827 1279 3881 dominum
1325 3844 1483 3885 suum
1522 3828 1758 3889 ειιειιιίίι.
1790 3831 1964 3889 Jehus

383 3921 570 3967 autem
599 3916 871 3970 eunuchis
907 3918 1130 3972 mandat
1172 3929 1231 3973 ut
1274 3934 1396 3975 eam
1431 3936 1671 3993 superne
1704 3925 1965 3997 pracipi-

386 4011 590 4070 tarent,
627 4022 659 4061 e
688 4022 799 4077 quo
829 4024 956 4063 casu
995 4014 1301 4069 cruentatis
1322 4014 1632 4086 parietibus
1652 4016 1745 4072 illa
1772 4018 1960 4088 periit.

383 4096 561 4163 Quam
595 4111 721 4152 cum
766 4096 939 4156 Jebus
968 4100 1040 4156 ob
1076 4118 1252 4172 genus
1293 4105 1504 4175 regium
1549 4107 1772 4177 sepeliri
1798 4108 1969 4180 jube-

384 4195 489 4253 ret,
519 4188 756 4245 ministri
786 4200 992 4262 praeter
1039 4208 1164 4249 ossa
1204 4194 1349 4251 nihil
1391 4207 1736 4268 repererunt.
1785 4199 1965 4258 Canes

382 4282 531 4337 enim
557 4299 677 4338 eam
708 4285 1111 4357 dilacerabant,
1139 4300 1200 4345 ut
1226 4289 1376 4347 Elias
1404 4292 1759 4363 pradixerat.
1789 4292 1966 4363 Erant

381 4376 610 4469 Acbabo
670 4378 933 4438 Samaria:
983 4385 1333 4455 septuaginta
1387 4385 1511 4441 ﬁlii.
1564 4385 1740 4444 Jebus
1793 4389 1965 4469 igitur

2067 3173 2363 3245 βούλοιντο.
2429 3173 2602 3242 Ἰηοῦς
2644 3173 2721 3241 δὲ,
2783 3173 2949 3244 μηδὲν
2997 3172 3342 3244 ἀποκριθεὶς,
3411 3173 3649 3228 ἕπεσθαι

2062 3269 2217 3338 αὐτῷ
2284 3268 2680 3338 προετρέπετο.
2735 3263 2870 3321 Εῐτα
2924 3268 3019 3321 καὶ
3075 3266 3329 3338 δεύτερον
3380 3267 3646 3322 ἔστειλεν·

2062 3361 2171 3415 οὐδ’
2205 3361 2417 3414 ἐκείνου
2441 3360 2498 3414 δὲ
2531 3359 3001 3432 ἀναστρέψαντος,
3035 3359 3197 3424 αὐτὸς
3227 3363 3255 3414 6
3286 3361 3520 3433 Ἰωρὰμ,
3543 3361 3644 3416 τοῦ

2066 3454 2316 3526 ἆρματος
2355 3454 2576 3519 ἐπιϐὰς,
2605 3454 2701 3508 σὺν
2726 3454 2972 3527 Ὀχοζία,
3006 3454 3218 3507 ἐλθόντι
3247 3456 3384 3524 πρὸς
3413 3458 3646 3519 ἐπίσχες-

2061 3549 2158 3619 ψιν
2199 3548 2369 3602 αὑτοῦ
2427 3547 2665 3618 ἀδελφῆς
2706 3549 2873 3601 αὑτοῦ
2909 3549 3023 3602 ὄντι
3052 3550 3175 3619 υἱῷ,
3210 3552 3545 3622 συνήντησεν
3585 3552 3647 3608 ἐν

2060 3641 2218 3712 ἀγρῷ
2274 3641 2559 3695 Νασουθαὶ
2609 3640 2688 3711 τῷ
2750 3640 2917 3711 Ἰηοῦ.
2969 3642 3078 3693 Καὶ
3131 3643 3297 3715 ῆρετο
3365 3645 3494 3714 περὶ
3542 3643 3646 3714 τῆς

2070 3737 2353 3807 στρατιᾶς,
2385 3735 2531 3799 ὅπως
2572 3734 2705 3807 ἔχει.
2741 3735 2800 3786 ’0
2835 3735 2891 3787 δὲ
2925 3735 3276 3805 βλασφημίας
3309 3735 3476 3789 αὐτοῦ
3507 3754 3649 3791 κατ-

2063 3827 2240 3899 έχεεν.
2267 3826 2473 3898 Ἰωρὰμ
2505 3826 2559 3880 δὲ
2590 3828 2847 3895 στραφεὶς
2875 3825 3240 3896 ἀπεδίδρασκε
3281 3825 3490 3887 δεδιώς.
3530 3826 3647 3880 Καὶ

2080 3920 2278 3993 Ἰηοῦς,
2311 3921 2373 3975 τὸ
2419 3920 2573 3988 τόξον
2624 3919 2886 3987 ἐντείνας,
2944 3918 3129 3992 βάλλει
3186 3920 3371 3980 αὐτόν.
3407 3921 3518 3974 Καὶ
3547 3920 3645 3997 τοῦ

2067 4017 2315 4086 ἅρματος
2346 4011 2609 4068 ἐκπεσὼν
2650 4014 2908 4084 τέθνηκε,
2941 4012 3037 4065 καὶ
3060 4011 3260 4084 ἐρρίφη
3293 4013 3373 4077 εἰς
3428 4012 3519 4067 τὸν
3547 4014 3646 4067 τοῦ

2064 4106 2350 4163 Ναϐουθαὶ
2408 4103 2601 4176 ἀγρὸν,
2643 4102 2790 4157 κατὰ
2841 4103 2941 4174 τὴν
2986 4104 3294 4174 πρόρρησιν
3327 4103 3538 4171 Ἠλιοῦ,
3579 4106 3648 4176 ἢν

2065 4196 2434 4271 πρὸςἈχαὰδ
2469 4196 2787 4268 ἐποιήσατο.
2825 4196 2934 4247 Καὶ
2974 4194 3230 4264 Ὀχοζίαν
3280 4196 3336 4249 δὲ
3369 4196 3648 4267 φεύγοντα

2070 4292 2360 4358 ἐτόξευσεν
2394 4289 2594 4362 Ἰηοῦς,
2636 4289 2731 4342 καὶ
2778 4290 2842 4343 ἐκ
2887 4288 2986 4358 τῆς
3021 4286 3234 4360 πληγῆς
3261 4288 3402 4358 μετὰ
3446 4290 3648 4362 μικρὸν

2066 4386 2446 4455 ἐτελεύτησεν,
2486 4386 2582 4438 ἐνα
2627 4381 2955 4455 βασιλεύσας
3012 4383 3283 4436 ἐνιαυτόν.
3311 4382 3558 4448 Ἰεζάϐελ
3601 4385 3647 4438 δ’

383 4467 795 4537 magistratibus
825 4470 1193 4529 Smiaritanis
1225 4486 1283 4531 et
1306 4491 1610 4547 puerorum
1636 4467 1959 4535 educatori-

2068 4482 2132 4532 ἐκ
2159 4478 2254 4530 τοῦ
2281 4476 2493 4546 πύργου
2529 4473 2706 4545 προκῦ
2719 4491 2946 4539 πτουσα.
2981 4475 3476 4546 κεκαλλωπισμένη
3506 4475 3650 4547 πρὸς

383 4557 487 4609 bus
515 4560 727 4623 scribit,
765 4562 1104 4630 signiﬁcans,
1155 4577 1216 4620 ut
1265 4571 1786 4636 praestantissimum
1832 4571 1960 4625 illo—

383 4663 508 4704 rum
564 4666 744 4721 regem
803 4664 1078 4710 crearent.
1140 4657 1197 4713 Id
1249 4667 1434 4713 autem
1490 4660 1739 4737 tentandi
1785 4662 1985 4733 gratia~

381 4738 640 4796 faciebat.
681 4743 757 4795 Illi
793 4745 1106 4799 rescribunt
1149 4762 1275 4802 eum
1313 4762 1435 4803 esse
1458 4764 1619 4804 suum
1649 4751 1958 4809 dominum.

382 4832 661 4887 Rcscribit
708 4834 874 4905 igitur
901 4835 1096 4903 Jchus,
1125 4837 1173 4892 si
1209 4853 1270 4894 se
1304 4854 1492 4895 servos
1516 4856 1651 4898 suos
1675 4858 1797 4901 esse
1825 4844 1963 4902 fate-

382 4935 598 4991 rentur,
636 4930 815 4997 capita
857 4930 1104 4985 omniuut
1147 4929 1388 4986 ﬁliorum
1433 4933 1639 4989 Achabi
1671 4937 1959 4995 allaturos.

383 5017 778 5087 Exscquuntur
827 5022 905 5077 illi
954 5024 1129 5093 jussa.
1186 5025 1302 5080 Rex
1339 5028 1520 5096 capita
1568 5035 1697 5081 ante
1744 5041 1958 5099 portam

385 5110 539 5167 uritis
589 5111 807 5166 duobus
846 5113 975 5181 poni
1013 5114 1147 5170 locis
1182 5116 1363 5186 jubet,
1402 5132 1579 5186 eoque
1626 5117 1775 5174 facto
1833 5136 1964 5190 pro-

383 5221 602 5278 gressus
633 5223 647 5259 :
683 5204 815 5277 Ego,
853 5208 1054 5276 inquit,
1090 5225 1261 5279 regem
1294 5210 1483 5264 sustuli
1516 5226 1534 5265 .'
1567 5213 1655 5266 isti
1674 5215 1963 5268 secundum

380 5301 647 5371 prop/tela:
686 5302 1077 5374 prwdictioncm
1114 5306 1409 5372 perierunt.
1431 5304 1499 5358 Et
1527 5320 1721 5359 omnes
1752 5305 1962 5360 Acbabi

381 5404 647 5464 cognatos
678 5396 1024 5464 conquisitos
1054 5406 1235 5450 necat.
1281 5396 1585 5450 Samariam
1613 5406 1796 5453 autem
1832 5414 1962 5468 pro-

383 5486 719 5542 ﬁciscentem
769 5485 969 5542 Jelnum
1019 5485 1364 5550 Jonadabus,
1414 5487 1633 5543 obviam
1679 5503 1959 5559 egressus.

384 5580 659 5636 collaudat
689 5580 761 5635 ob
788 5580 1147 5648 exstirpatam
1171 5579 1379 5634 Acbabi
1408 5578 1692 5634 familiam.
1723 5580 1804 5636 Ne
1837 5583 1966 5652 quis

384 5681 568 5724 autem
619 5671 1232 5742 pseudoprophetarum
1271 5682 1327 5725 et
1383 5671 1566 5726 Baulis
1606 5674 1958 5727 sacerdotum

387 5761 583 5819 lateret
610 5766 804 5836 Jebus,
833 5782 892 5824 se
923 5765 1210 5838 magniﬁce
1245 5764 1524 5822 facturum
1575 5781 1697 5824 esse
1730 5781 1849 5823 rem
1878 5767 1964 5822 di-

2066 4570 2126 4622 τὸ
2160 4568 2604 4636 ἐπαγωγότερον,
2658 4566 2931 4637 Ἀγαθός.
2968 4563 3112 4634 εἷπε,
3160 4568 3401 4635 δοῦλος,
3435 4567 3504 4635 ὃς
3535 4550 3648 4623 τὸὲ-

2064 4654 2375 4721 δεσπότην
2420 4654 2683 4709 dreller.
2711 4653 2889 4719 Ἰηοῦς
2929 4654 2985 4707 δὲ
3026 4655 3236 4709 ἄνωθεν
3269 4654 3440 4727 αὐτὴν
3485 4657 3647 4729 ῥίψαι

2064 4749 2176 4809 τιιῖς
2206 4744 2485 4815 εὐνούχοις
2504 4744 2826 4812 προσέταξε.
2856 4747 3427 4819 Καὶκαταφερομένης
3447 4751 3645 4822 αὐτῆς,

2066 4837 2445 4912 περιερρέινοη
2488 4837 2550 4891 τὸ
2582 4841 2759 4909 τεῖχος
2795 4838 2869 4910 τῷ
2906 4840 3121 4910 αἵματι.
3171 4840 3235 4893 Ἦ
3271 4834 3329 4893 δὲ
3353 4842 3645 4913 τέθνηκεν.

2080 4927 2225 4999 Ἰηοῦ
2254 4930 2311 4983 δὲ
2358 4932 2597 5000 ταφῆναι
2632 4928 2802 4999 αὐτὴν
2833 4930 3244 5002 προστάξαντος
3276 4932 3363 4984 διὰ
3391 4933 3450 4985 τὸ
3486 4935 3649 5002 γένος

2065 5022 2241 5092 αὐτῆς
2276 5021 2338 5074 τὸ
2372 5020 2662 5090 βασίλειον,
2720 5024 2770 5075 οἱ
2808 5023 3213 5092 προπαγέντες
3276 5023 3426 5076 οὐδὲν
3486 5020 3650 5095 εὖρον

2065 5119 2132 5171 ὲκ
2194 5116 2288 5171 τοῦ
2336 5117 2589 5186 σώματος
2643 5115 2882 5185 αὐτῆςῆ
2937 5117 3073 5186 μόνα
3132 5117 3287 5170 ὀστᾶ.
3353 5117 3493 5170 Ὑπὸ
3532 5120 3647 5191 γὰρ

2065 5208 2243 5263 κυνῶν
2260 5209 2652 5277 διεσπάρακτο,
2675 5207 2749 5270 ὡς
2777 5207 2961 5260 Ἠλιοῦ
2993 5212 3304 5279 προεφιξτευ
3316 5225 3428 5263 σεν.
3454 5205 3647 5266 Ἦσαν

2065 5303 2122 5357 δὲ
2154 5305 2213 5356 ἐν
2237 5302 2525 5374 Σαμαρείᾳ
2564 5300 2638 5372 τῷ
2662 5301 2872 5371 Ἀχαὰϐ
2907 5303 3013 5355 υἱοὶ
3068 5302 3471 5371 ἑϐδομήκοντα.
3514 5304 3647 5357 Ἐπ-

2070 5396 2313 5450 έστειλεν
2335 5391 2428 5448 οὖν
2456 5394 2631 5465 Ἰηοῦς
2657 5396 2770 5459 τοῖς
2797 5394 3022 5467 ἄρχουσι
3053 5396 3388 5467 Σαμαρείας,
3409 5397 3503 5449 καὶ
3531 5402 3646 5460 τοῖς

2067 5491 2434 5557 παιδαγωγοῖς
2462 5488 2569 5542 τῶν
2589 5487 2721 5540 υίῶν
2754 5485 2982 5557 Ἀχαὰσ,
3030 5488 3208 5559 δηλῶν
3247 5489 3336 5542 τὸν
3405 5489 3647 5560 κρείττω

2065 5584 2275 5649 τούτων
2314 5581 2635 5652 βασιλεῦσαι
2661 5581 2880 5646 αὐτούς.
2919 5581 3265 5652 Πειρώμενος
3315 5581 3373 5635 δὲ
3404 5580 3515 5633 τῶν
3553 5582 3647 5633 αν-

2065 5675 2208 5746 δρῶν
2262 5675 2483 5746 ἔγραψε.
2510 5674 2709 5731 ταῦτα.
2764 5677 2828 5730 Ol.
2871 5676 2928 5729 δὲ
2967 5676 3128 5729 αὑτὸν
3172 5674 3321 5745 ἔχειν
3372 5672 3646 5742 δεσπότην

2070 5768 2446 5839 ἀντέγραψαν.
2477 5766 2589 5824 Καὶ
2612 5763 2769 5832 αὖθις
2792 5767 3105 5822 ἐπέστειλεν
3134 5765 3311 5837 Ἰηοῦς
3333 5765 3428 5819 καὶ
3464 5764 3648 5821 είδον-
