3958 6204
289 337 393 402 9:03

1599 336 2000 395 ANNALIUM
2045 335 2189 398 LIB.
2237 336 2317 394 Il.

3442 340 3546 404 206

299 444 776 520 μεγαλοπρεποῦς.
821 445 1030 517 Ana-cui.
1064 445 1124 499 δέ
1157 461 1273 496 τινα
1310 442 1610 506 ἀνελόντες,
1654 445 1734 506 εἰς
1777 442 1868 495 τὸν

1973 443 2196 498 litarum
2231 457 2583 513 congressus,
2627 451 2681 496 et
2733 452 2816 497 ter
2845 444 3070 500 victoria
3123 448 3352 517 potitus,
3383 466 3540 506 τρου-

288 546 452 610 τάφον
482 541 576 592 τοῦ
610 541 902 608 προφήτου
931 538 1093 592 αὑτὸν
1125 538 1382 609 ἔρριψανο
1414 538 1508 590 καὶ
1543 535 1808 605 ἀνέζησεν
1839 538 1866 588 ὁ

292 637 490 705 ριφεὶς,
523 633 618 684 καὶ
645 633 871 702 ἀνέστη.
918 631 1184 685 Ἀπέθανε
1215 631 1273 684 δὲ
1309 631 1402 685 καὶ
1435 629 1634 700 Ἀζαὴλ
1665 631 1694 682 6
1717 628 1868 699 βασι-

291 724 406 785 λεὺς
434 722 659 792 Συρίας,
688 723 781 774 ἐπὶ
803 721 1034 792 διαδόχῳ
1057 721 1134 788 τῷ
1168 721 1266 790 υίῷ
1296 720 1478 791 Ἀδερ·
1503 712 1548 788 ᾧ
1577 720 1868 789 συμϐαλὼν

303 816 469 879 Ἰωὰς,
502 816 531 867 6
578 815 688 866 τῶν
740 813 1094 883 Ἰσραηλιτῶν
1129 811 1402 882 βασιλεὺς,
1446 812 1538 864 καὶ
1583 812 1870 881 τρισσάκις

289 913 548 980 ἡττήσας,
597 907 990 961 ὲπανεσώσατο
1029 905 1105 975 τῷ
1159 903 1377 974 Ἰσραήλ
1421 902 1523 974 τὴν
1563 903 1745 973 χώραν
1775 903 1870 956 καὶ

288 1004 379 1061 τὶς
411 1000 599 1062 πόλεις
629 998 694 1061 ἂς
739 996 941 1068 Ἀζαὴλ
977 995 1235 1065 ἀφείλετο
1265 998 1291 1048 ὁ
1326 994 1422 1047 τοῦ
1456 995 1621 1064 Ἀδερ
1658 997 1866 1063 πατήρ.

302 1094 447 1155 Ίωὰς
481 1094 541 1146 δὲ
590 1095 618 1146 6
662 1092 920 1161 βασιλεὺς
973 1088 1140 1142 Ἰούδα
1181 1089 1317 1142 ὲτῶν
1348 1088 1448 1158 μὲν
1487 1086 1562 1140 ὢν
1593 1087 1752 1152 ἑπτὰ,
1781 1088 1870 1140 ὅτε

289 1188 592 1259 ἀνερρήθη,
619 1185 951 1258 βασιλεύσας
986 1184 1269 1250 ἐνιαυτοὺς
1301 1184 1734 1254 τεσσαράκοντα,
1757 1185 1872 1235 ὲτε-

288 1281 575 1350 λεύτησεν,
613 1278 922 1348 ἀναιρεθεὶς
963 1279 1114 1346 παρά
1153 1276 1262 1329 τῶν
1293 1275 1646 1347 θεραπόντων
1681 1275 1867 1329 αὑτοῦ.

289 1375 399 1426 Καὶ
446 1373 549 1444 τὴν
601 1371 881 1442 βασιλείαν
935 1368 1434 1440 τῆςρΊερουσαλὴμ
1484 1371 1512 1420 6
1543 1368 1657 1430 υίὸς
1702 1367 1869 1422 αὐτοῦ

298 1465 566 1532 Ἀμεσίας
591 1463 992 1533 περιεζώσατο,
1025 1460 1259 1529 εὐσεϐής
1299 1461 1563 1528 γεγονὼς,
1600 1460 1735 1513 ἐτῶν
1770 1459 1867 1524 ὢν,

287 1558 374 1609 ὅτε
399 1557 498 1624 τῆς
521 1555 698 1625 ἀρχῆς
732 1555 931 1624 ἐπέϐη,
965 1553 1130 1606 πέντε
1163 1552 1259 1606 καὶ
1289 1552 1484 1605 εἴκοσι.
1534 1554 1783 1616 Ἦνυκὼς
1813 1554 1870 1607 δὲ

284 1646 382 1714 τὴν
433 1645 720 1714 βασιλείαν
763 1645 852 1696 ἐπ’
889 1643 1174 1706 ἐνιαυτοὺς
1205 1643 1362 1696 ἐννέα
1400 1644 1494 1695 καὶ
1538 1643 1738 1705 εἴκοσι,
1777 1645 1870 1697 καὶ

285 1739 414 1799 τοὺς
462 1736 760 1798 ἀνελόντας
814 1735 907 1787 τὸν
953 1734 1168 1802 πατέρα
1215 1735 1380 1787 αὑτοῦ
1437 1733 1696 1799 κολάσας,
1744 1737 1870 1798 τοὺς

287 1828 514 1882 ἐκείνων
553 1827 752 1890 παῖδας
784 1826 996 1888 ἀθὼους
1026 1827 1230 1896 ἀφῆκε,
1269 1826 1415 1880 κατὰ
1453 1826 1545 1879 τὸν
1574 1826 1740 1895 νόμον
1777 1827 1866 1879 λέ-

287 1936 477 1987 γοντα,
517 1921 638 1972 Οὐκ
692 1917 1150 1973 ἀποθανοῦνται
1204 1919 1460 1986 πατέρες
1508 1919 1660 1985 ὑπὲρ
1699 1920 1866 1984 υἱῶν,

281 2009 430 2064 οὐδὲ
473 2012 684 2080 μέντοι
733 2009 833 2063 διὰ
903 2009 1163 2078 πατέρας
1221 2012 1359 2065 υἱοί.
1433 2011 1532 2074 Ὃς
1588 2013 1680 2064 καὶ
1730 2009 1872 2065 κατά

289 2113 397 2153 των
433 2099 754 2170 Ἰδουμαίων
771 2100 865 2152 καὶ
913 2101 1300 2170 Ἀμαληκιτῶν
1336 2102 1699 2173 στρατεύσας,
1730 2121 1870 2173 συμ-

287 2194 496 2262 μάχους
528 2195 592 2245 ἐκ
629 2193 739 2244 τῶν
781 2192 1130 2263 Ἰσραηλιτῶν
1161 2192 1530 2262 ἐμισθώσατο.
1577 2195 1871 2264 Προφήτης

283 2283 339 2335 δέ
358 2301 438 2344 τις
457 2284 786 2336 καταλιπεῖν
801 2286 930 2348 τοὺς
959 2286 1296 2355 συμμάχους
1317 2286 1467 2356 αὐτῷ
1495 2286 1870 2350 συνεϐούλευε,

285 2376 378 2426 καὶ
402 2374 544 2442 μετά
581 2374 762 2443 μόνων
801 2374 907 2428 τῶν
933 2375 1152 2428 οίκείων
1183 2376 1466 2430 διαθέσθαι
1490 2376 1581 2429 τὸν
1607 2376 1868 2449 πόλεμον.

283 2461 354 2536 ᾯ
379 2467 655 2533 πεισθεὶς,
687 2467 928 2521 ἀπέλυσε
970 2469 1096 2532 τοὺς
1139 2467 1506 2538 Ἰσραηλίτας,
1537 2471 1633 2523 καὶ
1665 2470 1756 2523 τὸν
1787 2488 1874 2540 μι-

284 2557 411 2610 σθὸν
448 2558 641 2621 αὐτοῖς
673 2559 1044 2629 χαρισάμενος
1065 2576 1078 2589 ’
1106 2561 1406 2630 συμϐαλὼν
1435 2559 1528 2614 οὖν
1551 2564 1666 2625 τοῖς
1717 2563 1872 2618 ἀλλο-

283 2651 474 2720 φύλοις
495 2651 738 2721 ἐνίκησε.
758 2653 822 2705 Ol
839 2653 883 2706 δ’
901 2653 1268 2718 ἀπολυθέντες
1291 2655 1573 2725 σύμμαχοι
1592 2655 1870 2726 ὀργισθέν-

283 2760 393 2806 τες,
421 2745 524 2815 τήν
566 2762 628 2798 τε
671 2745 858 2817 χώραν
901 2747 1012 2800 τῶν
1066 2747 1336 2802 Ἰουδαίων
1375 2748 1739 2820 κατέδραμον,
1776 2753 1870 2806 καὶ

285 2835 523 2899 πολλοὺς
551 2836 783 2890 ἀνεῖλον.
830 2837 1091 2908 Ἀμεσίας
1125 2838 1180 2892 δὲ
1207 2838 1298 2892 διὰ
1328 2838 1390 2892 τὸ
1423 2839 1711 2910 εὐτύχημα
1739 2857 1871 2912 φρο-

283 2927 664 2996 νγματισθεὶς,
717 2929 812 2982 καὶ
868 2930 1149 3002 ἀσεϐήσας
1200 2931 1279 2994 είς
1333 2933 1486 2997 Θεὸν,
1533 2932 1871 3002 διεπέμψατο

285 3022 421 3092 πρὸς
467 3023 626 3087 Ἰωάς
653 3024 746 3077 τὸν
785 3026 1033 3095 βασιλέα,
1061 3025 1309 3079 ἀπαιτῶν
1339 3027 1477 3096 πρὸς
1499 3027 1663 3081 αὐτὸν
1693 3028 1866 3098 ἥξειν,

278 3113 351 3174 ὡς
377 3116 706 3169 ύποκείσθαι
743 3120 792 3170 οἱ
827 3119 1130 3185 ὀφείλοντα,
1161 3119 1414 3189 ἀπογόνῳ
1444 3119 1608 3174 Δαϐὶδ
1641 3124 1734 3174 καὶ
1770 3124 1866 3175 Σο·
1893 3145 1937 3204 c

279 3204 562 3274 λομῶντος
599 3210 946 3278 τυγχάνοντι.
1011 3212 1069 3264 '0
1105 3211 1161 3264 δὲ
1195 3212 1609 3277 ἁνταπέστειλε,
1649 3217 1874 3285 μηνύων

277 3296 449 3366 αὐτῷ,
483 3298 564 3360 ὼς
620 3298 742 3367 Τὴν
789 3302 1004 3370 κέδρον
1040 3303 1077 3369 ἡ
1120 3303 1303 3368 ἀκνος
1339 3304 1518 3370 ἠξίου
1551 3305 1736 3373 κῆδος
1772 3307 1871 3361 ἐπὶ

281 3389 404 3455 τοῖς
429 3393 612 3445 παισί
643 3394 769 3461 τοῖς
801 3396 1042 3460 οἰκείοις
1069 3397 1470 3462 ποιήσασθαιο
1499 3398 1569 3451 ἐν
1598 3404 1873 3465 τοσούτῳ

275 3480 345 3534 δὲ
371 3488 443 3538 τὰ
468 3489 647 3554 θηρία
672 3488 778 3542 τοῦ
813 3488 1000 3556 ἀῃφοῦ
1041 3491 1481 3558 παρερχόμενα.
1516 3491 1869 3563 συνεπάτη-

275 3591 400 3629 car
418 3577 539 3644 τὴν
565 3578 776 3645 ἆκγον,
809 3581 907 3634 καί
939 3579 1234 3636 ἀπώλετο.
1266 3582 1454 3636 Τοῦτό
1483 3600 1584 3638 σοι
1615 3584 1872 3652 ἀρκετὸν

277 3670 362 3734 εις
390 3670 771 3741 παράδειγμα
789 3688 803 3702 ·
838 3674 936 3727 καὶ
959 3673 1047 3744 μὴ
1081 3674 1171 3729 ὅτι
1201 3675 1568 3744 εὐτύχησας,
1597 3678 1871 3744 πατάξας

281 3760 420 3827 τοὺς
436 3763 860 3833 ἀλλοφύλους,
880 3766 1114 3836 μεγάλα
1133 3768 1362 3835 φρόνει,
1387 3767 1547 3837 μηδὲ
1588 3770 1696 3821 τὸν
1715 3770 1872 3823 λαόν

279 3866 393 3904 σου
439 3852 548 3906 καὶ
596 3853 820 3908 ἑαυτὸν
879 3859 966 3922 εἰς
1019 3859 1346 3923 κινδύνους
1377 3857 1668 3913 συνώθει.
1727 3860 1870 3930 Πρὸς

282 3942 449 3996 ταῦτα
510 3944 792 4016 ὀργισθεὶς
859 3948 1156 4016 Ἀμεσίας,
1222 3949 1514 4018 στρατεύει
1566 3949 1710 4004 κατὰ
1770 3950 1866 4003 τοῦ

310 4034 480 4098 Ιωάς·
527 4036 694 4102 φόϐος
739 4038 784 4091 δ’
819 4041 1088 4108 ἐμπίπτει
1141 4044 1206 4111 τῇ
1254 4041 1422 4094 αὑτοῦ
1467 4042 1722 4112 στρατιᾷ,
1768 4042 1865 4095 καὶ

1973 536 2187 604 perarit
2221 534 2595 589 lsraelitarum
2631 536 2947 604 provincias
2974 547 3031 592 et
3063 538 3230 593 urbes
3250 581 3265 602 ,
3294 553 3432 610 quas
3463 545 3546 600 eis

1969 625 2171 680 Azahel
2205 623 2404 679 Aderis
2442 635 2599 694 pater
2626 625 2930 681 ademerat.
2962 628 3090 683 Joas
3116 639 3301 684 autem
3329 632 3548 687 Judaso-

1971 733 2094 772 rum
2147 719 2308 789 106
2342 734 2437 772 rex
2481 718 2791 774 declaratus
2820 721 3123 790 septennis,
3155 738 3300 776 anno
3334 724 3549 822 imperii

1970 810 2397 880 quadragesimo
2447 810 2705 873 decessit,
2764 828 2796 866 a
2852 811 3071 867 famulis
3119 815 3233 868 suis
3281 810 3546 872 oecisu's:

1970 903 2130 972 cujus
2163 903 2310 957 illius
2356 901 2604 958 Amesias
2644 903 3142 976 llierosolymitano
3187 907 3418 977 imperio
3455 923 3552 979 po-

1975 995 2104 1050 titus
2138 1004 2243 1060 est,
2289 996 2374 1049 vir
2412 996 2555 1065 pius,
2601 1012 2747 1051 anno
2794 1002 2974 1054 aetatis
3009 1001 3274 1056 vicesimo
3325 1003 3546 1072 quinto.

1971 1101 2150 1156 eoque
2185 1088 2406 1142 functus
2437 1103 2632 1143 novem
2661 1101 2718 1144 et
2740 1091 2955 1160 viginti.
2995 1091 3173 1149 Patris
3204 1094 3287 1148 sui
3326 1109 3552 1164 percus-

1973 1195 2128 1235 sores
2177 1180 2450 1250 supplicio
2501 1183 2710 1244 aﬂ'ecit,
2771 1195 2962 1239 eorum
3012 1186 3220 1243 liberos
3261 1188 3553 1244 indemnes

1973 1272 2206 1339 dimisit,
2259 1274 2564 1328 secundum
2593 1276 2788 1344 legem,
2834 1279 2992 1347 cujus
3025 1279 3140 1333 haec
3171 1281 3340 1335 verba
3363 1291 3492 1335 sunt
3535 1299 3548 1335 :

1977 1363 2101 1418 Non
2138 1367 2430 1420 morientur
2482 1375 2658 1437 patres
2706 1386 2800 1439 pro
2839 1368 2990 1437 ﬁliis,
3041 1388 3208 1441 neque
3251 1374 3413 1427 etiam
3448 1373 3553 1442 ﬁlii

1974 1471 2070 1524 pro
2095 1457 2353 1526 patribus.
2392 1457 2562 1523 Idem,
2598 1458 2953 1528 expeditione
2987 1471 3179 1516 contra
3204 1463 3471 1518 Idumaeos
3495 1475 3554 1519 et

1973 1543 2344 1598 Amalechitas
2369 1556 2644 1614 suscepta,
2674 1547 2858 1602 socios
2883 1565 2951 1602 ex
2983 1550 3301 1608 lsrae‘liticis
3332 1553 3548 1623 stipen-

1973 1634 2068 1688 dio
2094 1635 2378 1691 conduxit.
2401 1637 2508 1692 Sed
2534 1653 2658 1692 eum
2687 1640 2970 1708 prophetae
2991 1643 3280 1713 cujusdam
3313 1645 3548 1715 monitu,

1974 1727 2259 1792 lsraelitis,
2292 1730 2604 1785 condonato
2631 1733 2929 1800 stipendio,
2967 1733 3232 1800 dimissis,
3263 1751 3389 1791 cum
3432 1738 3552 1794 suis

1903 1799 1945 1856 Β
1975 1819 2244 1874 duntaxat
2274 1822 2631 1890 popularibus
2660 1799 3045 1880 administrato
3075 1799 3240 1891 bello,
3285 1827 3552 1884 barbaros

1972 1920 2310 1982 superasset,
2371 1915 2505 1968 socii
2559 1915 2630 1970 ob
2691 1917 3013 1972 missionem
3077 1919 3229 1983 irati,
3287 1930 3344 1975 et
3391 1936 3552 1991 agros

1970 2003 2288 2059 Judzeorum
2359 2005 2715 2064 ineursarunt
2748 2048 2761 2072 ,
2833 2017 2889 2064 et
2936 2010 3140 2066 multus
3202 2011 3548 2069 occiderunt.

1971 2093 2223 2149 Amesias
2273 2110 2438 2165 porro
2481 2112 2738 2153 successu
2778 2099 2979 2164 elatus,
3026 2100 3403 2173 religioneque
3428 2104 3550 2158 vio-

1973 2183 2102 2246 lata,
2136 2184 2202 2238 ad
2263 2185 2420 2240 Joam
2467 2187 2836 2243 lsraelitarum
2869 2206 3051 2262 regem
3092 2192 3406 2259 missitavit,
3451 2210 3550 2264 po-

1973 2275 2186 2329 stulans
2231 2285 2293 2330 ut
2340 2277 2408 2332 ad
2466 2293 2524 2333 se
2576 2281 2814 2345 veniret,
2869 2282 2959 2335 cui
3003 2282 3234 2340 deberet
3280 2284 3551 2341 obedien-

1974 2369 2128 2431 tiam,
2194 2369 2402 2440 quippe
2459 2386 2491 2425 a
2544 2371 2749 2428 Davide
2801 2382 2856 2428 et
2907 2373 3200 2430 Salomone
3255 2387 3549 2449 prognata.

1973 2461 2069 2516 ille
2098 2462 2401 2529 respondet
2449 2463 2514 2518 ad
2566 2464 2716 2519 hunc
2741 2465 2969 2521 modum
3021 2484 3036 2523 :
3077 2467 3257 2523 Bubus
3308 2486 3341 2524 α
3393 2471 3550 2526 cedro

1973 2554 2199 2622 petebat,
2257 2561 2316 2607 ut
2357 2555 2590 2622 ipsorum
2634 2555 2782 2610 liberi
2832 2558 3089 2627 οθῖηίεοιο
3117 2560 3477 2631 jungerentur
3529 2578 3550 2616 :

1970 2645 2061 2697 sed
2087 2646 2290 2698 interea
2324 2646 2482 2700 rubus
2511 2663 2543 2699 a
2583 2646 2708 2715 feris
2741 2649 3077 2704 conculcatus
3105 2655 3282 2722 periit.
3320 2657 3435 2709 Hoc
3457 2655 3554 2709 tibi

1969 2754 2069 2806 pro
2105 2738 2344 2808 exemplo
2381 2741 2450 2792 sit
2497 2741 2652 2803 satis,
2712 2757 2877 2810 neque
2928 2744 3164 2813 eﬂ'eraris
3219 2750 3280 2800 ob
3328 2747 3554 2817 feliciter

1961 2845 2134 2897 gaesos
2168 2829 2446 2895 barbaros,
2481 2846 2651 2900 neque
2690 2831 2956 2902 ‘populum
2985 2841 3130 2888 tuum
3163 2853 3225 2890 ac
3251 2841 3472 2908 teipsum
3495 2842 3553 2896 in

1966 2922 2210 2991 pericula
2259 2923 2564 2992 conjeceris.
2609 2923 2692 2980 Ob
2737 2926 2854 2980 lucc
2905 2928 3079 2983 iratus
3122 2931 3392 2997 Amesias,
3437 2934 3554 2991 low

1973 3011 2177 3068 bellum
2229 3013 2418 3069 infert.
2479 3013 2584 3070 Sed
2639 3018 2917 3072 exercitus
2955 3019 3075 3090 ejus
3104 3030 3251 3075 metu
3295 3033 3551 3079 conster-

1973 3113 2155 3170 natus,
2196 3105 2249 3159 in
2283 3105 2468 3176 fugam
2521 3109 2762 3164 vertitur
2796 3125 2811 3174 ;
2849 3111 2965 3179 ipse
2999 3125 3027 3166 a
3065 3111 3183 3168 suis
3227 3113 3550 3181 destitutus,

1973 3198 2189 3267 capitur
2222 3198 2290 3252 ab
2337 3199 2616 3266 hostibus,
2671 3201 2741 3254 ad
2791 3201 2946 3256 Joam
2995 3203 3321 3273 adducitur,
3385 3225 3549 3278 quem

1968 3292 2062 3346 ille
2106 3292 2353 3346 vinctum
2399 3293 2633 3357 ducens,
2688 3294 3065 3368 Hierosolyma
3113 3300 3287 3366 venit,
3339 3313 3549 3371 partem

1968 3387 2112 3440 muri
2145 3386 2339 3452 diruit,
2363 3402 2429 3441 ea
2462 3402 2628 3442 curru
2657 3388 2962 3456 invehitur,
3021 3407 3212 3448 sacros
3241 3395 3553 3462 thesauros,

1967 3480 2322 3550 etquidquid
2354 3480 2409 3535 in
2437 3481 2584 3549 regia
2615 3483 2919 3550 repositum
2949 3493 3092 3551 erat,
3131 3487 3333 3554 aulcrt,
3397 3491 3566 3544 solu-'

1971 3581 2138 3641 toque
2189 3572 2762 3635 Amesia,Samariam
2810 3591 3087 3643 reversus,
3142 3578 3358 3634 decimo
3396 3591 3553 3636 sexto

1971 3661 2127 3732 regni
2162 3675 2312 3716 anno
2349 3663 2605 3730 moritur,
2653 3663 2850 3720 relicto
2898 3681 3222 3722 successore
3251 3669 3366 3723 lilio
3393 3669 3551 3726 Jero-

1969 3755 2190 3810 boamo.
2241 3756 2491 3812 Amesias
2545 3766 2731 3812 autem
2795 3768 2920 3827 post
2980 3758 3097 3813 haec
3158 3775 3257 3829 per
3320 3761 3552 3818 insidias

1969 3847 2287 3912 occiditur,
2341 3856 2492 3902 anno
2553 3850 2734 3903 artatis
2789 3850 3246 3920 quinquagesimo
3303 3865 3503 3924 quarto
3536 3899 3549 3919 ,

1968 3941 2120 4011 regni
2153 3941 2436 3996 tricesimo
2464 3956 2633 3995 nono.
2677 3941 2839 3996 Ozias
2870 3941 3016 3998 illius
3045 3944 3166 4015 ejus
3195 3961 3289 4000 rex
3325 3948 3515 4018 inungi
3536 3979 3551 3989 -

1967 4045 2056 4090 tur
2085 4048 2260 4088 annos
2288 4031 2565 4087 sexdecim
2591 4041 2774 4087 natus.

279 4129 542 4195 τρέπεται
563 4129 644 4188 είς
670 4131 870 4198 φυγήν.
903 4129 1182 4193 Μονωθεὶς
1205 4130 1262 4182 δὲ
1299 4129 1574 4199 Ἀμεσίας,
1635 4127 2076 4196 συλλαμϐάνεται
2142 4122 2299 4194 παρά
2363 4121 2474 4175 τῶν
2506 4120 2806 4193 πολεμίων,
2835 4125 2929 4177 καὶ
2975 4124 3251 4192 ἀπάγεται
3289 4128 3426 4198 πρὸς
3456 4130 3552 4182 τὸν

291 4220 456 4286 huic.
496 4223 560 4277 '0
591 4223 650 4277 δὲ
679 4226 904 4295 δέσμιον
936 4228 1086 4296 ἄγων
1116 4227 1300 4293 αὐτὸν,
1325 4222 1490 4297 ἦλθεν
1529 4229 1610 4288 είς
1690 4224 2078 4295 Ἰερουσαλήμ,
2119 4222 2216 4274 καὶ
2265 4217 2514 4274 καθελὼν
2589 4219 2684 4273 τοῦ
2760 4220 2977 4290 τείχους
3033 4222 3218 4293 μέρος,
3290 4225 3551 4296 εἰσήλασε

278 4310 360 4364 διὰ
379 4312 472 4365 τοῦ
507 4314 934 4384 καθαιρεθέντος
959 4318 1039 4380 εἰς
1064 4318 1162 4387 τὴν
1185 4318 1344 4373 πόλιν
1392 4317 1481 4384 ἐφ’
1511 4316 1781 4384 ἅρματος,
1808 4315 1903 4368 καὶ
1943 4313 2200 4384 ἀφείλετο
2226 4314 2354 4376 τοὺς
2387 4328 2448 4364 τε
2488 4310 2670 4380 ἱεροὺς
2735 4311 3060 4383 θησαυροὺς,
3091 4316 3184 4368 καὶ
3217 4316 3317 4369 ὅσα
3349 4318 3409 4370 ἐν
3439 4321 3551 4378 τοῖς

282 4402 572 4471 βασιλείοις
600 4407 880 4462 ἀπέκειτο.
914 4411 1023 4464 Καὶ
1061 4410 1230 4472 λύσας
1253 4409 1348 4462 τὸν
1389 4407 1674 4478 Ἀμεσίαν,
1733 4407 2039 4477 ἐπανῆλθεν
2099 4407 2182 4467 είς
2243 4405 2347 4474 τήν
2410 4405 2744 4476 Σαμάρειαν.
2775 4406 2883 4458 Καὶ
2915 4405 3241 4475 βασιλεύσας
3273 4409 3341 4464 τὰ
3371 4411 3550 4465 πάντα

280 4500 336 4564 ἓξ
368 4504 462 4555 καὶ
486 4503 623 4556 δέκα
654 4504 749 4575 ἔτη
773 4505 1024 4576 τελευτᾷ,
1055 4507 1148 4559 καὶ
1178 4506 1535 4560 ἐϐασίλευσεν
1576 4505 1864 4575 Ἰεροϐοάμ
1902 4506 1929 4558 ὁ
1958 4505 2070 4567 υἱὸς
2096 4503 2283 4557 αὑτοῦ.
2329 4501 2590 4572 Ἀμεσεας
2627 4501 2684 4554 δὲ
2729 4502 2869 4572 μετά
2894 4503 3067 4558 ταῦτα
3137 4507 3548 4574 ἐπιϐουλευθεὶς

277 4595 540 4668 ἀνῃρέθη,
563 4599 744 4667 ζήσας
786 4602 1060 4672 τέσσαρας
1103 4604 1386 4665 ἐνιαυτοὺς
1428 4603 1523 4655 καὶ
1601 4603 1964 4671 πεντήκοντα,
2030 4599 2358 4671 βασιλεύσας
2405 4597 2462 4652 δὲ
2524 4597 2699 4651 εἴκοσι
2766 4600 2861 4652 καὶ
2925 4601 3100 4656 ἐννέα.
3175 4602 3431 4674 Ἐχρίσθη
3489 4605 3548 4660 δι

281 4687 530 4756 βασιλεὺς
560 4692 590 4744 6
633 4693 748 4752 υίὸς
775 4691 942 4745 αὑτοῦ
973 4693 1179 4760 Ὀζίας,
1210 4694 1349 4747 ὲτῶν
1379 4693 1642 4764 ὑπάρχων
1675 4693 1987 4759 ἑξκαίδεκα.

346 4783 480 4837 KA'.
525 4783 813 4854 Ἰεροϐοὰμ
855 4787 908 4840 δὲ
941 4789 969 4838 ὁ
1014 4788 1127 4850 υίὸς
1186 4788 1338 4848 Ίωάς
1383 4788 1589 4858 ἀσεϐὴς
1639 4788 1863 4855 ἐγένετο

2040 4787 2180 4842 XXI.
2233 4787 2594 4844 Jeroboamus
2643 4797 2827 4842 autem
2877 4786 2989 4842 Joaa
3043 4786 3187 4842 ﬁlius
3217 4827 3232 4851 ,
3293 4791 3548 4859 quamvis

279 4875 366 4925 καί
399 4875 750 4945 παράνομος.
789 4877 898 4930 Καὶ
944 4879 1188 4942 τοιοῦτος
1233 4880 1291 4933 δὲ
1321 4878 1419 4942 ὢν,
1449 4880 1545 4934 τοῦ
1591 4879 1728 4932 Θεοῦ
1766 4880 1858 4935 τὸν

279 4963 623 5035 Ἰσραηλίτην
671 4968 800 5021 λαὸν
856 4970 1185 5041 ὲλεήσαντος
1241 4974 1693 5038 ταπεινωθέντα,
1747 4976 1862 5037 τοῖς

279 5055 467 5124 Σύροις
503 5062 829 5130 πολεμήσας
859 5063 1104 5135 ἐνίκησε,
1136 5063 1230 5118 τοῦ
1262 5067 1548 5136 προφήτου
1575 5067 1736 5121 Ἰωνᾶ
1765 5067 1863 5138 τήν

279 5149 426 5220 νίκην
459 5153 611 5223 αὐτῷ
645 5157 1175 5228 προιγορεύσαντος.
1213 5156 1416 5210 Τοῦτον
1446 5159 1536 5211 τὸν
1569 5160 1860 5229 προφήτην

285 5242 600 5298 ἀπέστειλεν
633 5248 661 5298 6
685 5246 821 5310 Θεὸς
851 5251 932 5310 είς
961 5249 1154 5302 Νινευῒ
1203 5250 1303 5318 τὴν
1343 5249 1521 5314 πόλιν,
1556 5251 1865 5321 κηρύξοντα

285 5336 664 5408 καταστροφὴν
685 5339 876 5410 αὐτῆς,
892 5341 984 5393 καὶ
1007 5341 1116 5395 τῶν
1138 5341 1439 5395 Νινευῖτῶν
1460 5342 1862 5412 ὲξολόθρευσιν.

295 5423 350 5478 '0
404 5429 459 5482 δὲ
506 5431 610 5484 οὐκ
670 5433 862 5502 ἀπῄει,
921 5434 1033 5488 ἀλλ’
1087 5434 1488 5505 ἀπεδίδρασκεν
1536 5438 1621 5498 είς
1681 5435 1864 5488 πλοῖον

285 5519 476 5586 ἐμϐάς.
525 5523 814 5588 κλύδωνος
859 5525 915 5578 δὲ
946 5527 1254 5594 γεγονότος,
1283 5529 1316 5597 ή
1360 5527 1490 5589 ναῦς
1535 5527 1862 5580 ἐκινδύνευε.

288 5608 392 5664 Καὶ
420 5614 610 5685 κλήρῳ
637 5616 747 5670 τῶν
777 5617 1126 5687 ἐμπλεόντων
1150 5619 1516 5688 πειρωμένων
1546 5635 1600 5686 γε
1617 5619 1750 5671 ῶναι
1776 5619 1866 5671 τὸν

289 5704 480 5769 αἴτιον,
508 5707 810 5784 πληροῦται
834 5712 862 5762 6
892 5710 1102 5776 Ἰωνᾶς,
1149 5713 1244 5764 καὶ
1275 5713 1425 5775 ὅστις
1459 5713 1542 5778 εἴη
1579 5713 1868 5784 ἀνακρινό’

290 5807 467 5864 μενος,
498 5799 710 5864 ἐκεῖνος
754 5782 824 5856 τὰ
872 5801 998 5856 καθ’
1032 5803 1228 5858 ἑαυτὸν
1270 5804 1592 5874 διηγήσατο.
1625 5782 1736 5858 καὶ⁷
1766 5806 1865 5875 ἐμ-

1973 4888 2126 4936 csset
2187 4879 2391 4949 impius
2450 4889 2507 4934 et
2556 4878 2692 4948 legis
2739 4888 3105 4949 contemptor,
3184 4887 3390 4946 tamen,
3436 4881 3554 4936 Deo

1957 4971 2248 5026 lsraelitici
2298 4971 2486 5040 pepuli
2545 4970 2821 5024 submisse
2875 4985 2933 5024 se
2985 4971 3236 5040 gerentis
3294 4974 3542 5038 misertn,

1955 5062 2242 5116 victoriam
2296 5070 2490 5116 contra
2546 5061 2717 5132 Syros
2758 5069 2844 5116 est
2890 5061 3144 5131 adeptus,
3175 5078 3208 5117 α
3239 5063 3376 5119 .lona
3416 5081 3545 5134 pro-

1956 5154 2119 5224 pheta
2150 5153 2475 5224 praedictam
2509 5171 2523 5206 :
2563 5168 2727 5222 quem
2751 5153 2900 5207 Deus
2926 5153 3162 5208 Niniven
3190 5156 3363 5219 misit,
3391 5156 3544 5211 urbis

1956 5246 2232 5302 excidium
2270 5253 2326 5299 et
2355 5244 2542 5316 populi
2580 5244 2870 5300 interitum
2905 5246 3387 5301 annumiaturum.
3447 5247 3540 5300 Ille

1959 5353 2091 5392 vero
2111 5352 2222 5392 non
2245 5337 2379 5402 abit,
2406 5337 2501 5392 sed
2527 5351 2827 5391 conscensa
2852 5338 2976 5392 navi
3003 5337 3161 5408 fugit.
3189 5336 3320 5392 Orta
3353 5347 3539 5391 autem

1964 5431 2119 5501 107
2156 5440 2497 5500 tempestate,
2529 5429 2844 5485 vectoribus
2871 5439 3075 5485 sortem
3103 5430 3440 5500 jacientibus
3468 5433 3538 5485 ad

1960 5523 2406 5591 cognoscendam
2452 5536 2674 5576 causam
2707 5521 2875 5586 illius,
2908 5537 3031 5576 sors
3073 5521 3128 5574 in
3159 5521 3351 5576 .lonam
3390 5526 3543 5578 ceci-

1961 5617 2041 5670 d-it
2068 5633 2082 5668 :
2113 5617 2208 5687 qui
2260 5626 2480 5686 rogatus
2527 5617 2652 5686 quis
2685 5623 2876 5677 esset,
2916 5613 3196 5685 negotium
3244 5631 3405 5670 suum
3445 5635 3543 5674 ex-

1963 5710 2141 5780 ponit.
2170 5727 2339 5780 seque
2362 5711 2415 5764 in
2445 5726 2597 5764 mare
2619 5709 2782 5778 abjici
2809 5707 2987 5777 jubet,
3010 5722 3188 5778 neque
3210 5710 3356 5766 enim
3381 5714 3546 5771 aliter

1965 5805 2266 5872 periculum
2295 5817 2576 5860 evasuros.
2622 5802 2700 5858 Eo
2737 5801 2977 5863 abiecto,
3025 5811 3320 5865 tempestas
3353 5811 3546 5873 sedata
