3926 6210
353 446 453 534 2,11
1651 439 1969 502 JOAN‘NIS
2003 435 2324 496 zomnn
3504 421 3617 487 ξιξ

357 579 540 632 regem
556 579 716 619 suum
731 573 978 627 orarum,
1002 573 1057 617 ut
1073 562 1583 634 Israeliticigeneris
1604 561 1920 615 sacerdotes

2035 573 2233 626 Κούθου
2253 571 2613 641 καλουμένου,
2645 566 2949 637 μετῴκισεν
2975 567 3053 627 εἰς
3079 562 3396 632 Σαμάρειαν
3419 562 3514 614 καὶ
3535 562 3615 624 εἰς

357 639 464 724 sibi
510 658 774 721 mitteret,
831 673 862 712 a
924 657 1126 725 quibus
1188 656 1544 718 llebrzeorum
1604 657 1926 726 religionem

2037 667 2138 735 τήν
2167 667 2354 736 χῴραν
2389 639 2578 732 αύτῆς.
2627 659 3003 731 Μετήχθησαν
3034 656 3129 710 οῦν
3178 659 3236 708 αἱ
3272 655 3406 708 δέκα
3446 654 3616 724 φυλαὶ

352 747 743 830 edocerentur.
779 748 897 814 Qun
919 751 1083 812 facto,
1119 749 1238 802 lues
1262 748 1350 801 illa
1376 749 1609 817 grassari
1634 748 1815 804 desiit.
1844 749 1927 804 Ab

2035 757 2143 810 τῶν
2193 756 2559 827 Ἰσραηλιτῶν
2625 753 2767 824 μετὰ
2845 749 3142 804 ἐννακόσια
3202 747 3617 816 τεσσαράκοντα

356 831 598 916 Ηςειπωίε
628 840 838 897 (Πισισεί
876 840 1243 909 appellantur,
1274 855 1302 893 a
1332 840 1538 894 Graecis
1569 840 1920 898 Samaritani.

2035 850 2177 904 ἑπτὰ
2204 850 2324 920 ἐτη,
2354 851 2542 915 ἐξότου
2563 847 2661 917 τὴν
2685 847 2964 914 Αἴγυπτον
2989 843 3245 905 λιπόντες
3273 838 3573 910 ἐξήλθοσαν
3595 853 3612 870 ο

357 932 498 1000 μετά
536 948 595 984 τε
626 932 880 985 διακόσια
920 933 1360 1003 τεσσαράκοντα.
1391 934 1488 986 καὶ
1537 933 1716 1002 μῆνας
1768 937 1932 1001 ἑπτὰ,
1967 940 2154 1004 ἐξότου
2205 942 2603 1001 καταλιπόντες
2645 939 2738 990 τὸν
2815 935 3076 1005 Ῥοϐοὰμ,
3122 935 3332 987 εἴλοντο
3399 931 3610 991 ἑαυτοῖς

351 1025 431 1106 εἰς
462 1023 686 1092 βασιλέα
721 1026 810 1079 τδν
843 1025 1148 1096 Ίῖρθδοάμ·
1179 1028 1239 1080 Οἱ
1268 1027 1324 1079 δὲ
1361 1027 1804 1095 μετοικισθέντες
1871 1033 1953 1095 εἷς
1992 1036 2090 1104 τήν
2123 1035 2464 1106 Σαμάρειαν,
2536 1031 2800 1086 Χουθαῖοι
2833 1028 3188 1097 καλούμενοι,
3221 1031 3286 1078 ἐκ
3317 1025 3412 1078 τοῦ
3444 1026 3624 1076 τόπου.

349 1112 777 1186 ἐνῷκατῴκουν
809 1117 868 1170 τὸ
894 1119 1022 1186 πρὶν
1048 1119 1105 1170 ἐν
1131 1118 1374 1188 Περσίδι,
1403 1117 1566 1172 πέντε
1595 1119 1750 1183 ὄντες
1807 1122 1960 1194 ἔθνη,
2000 1129 2126 1190 τοὺς
2169 1127 2330 1190 ἰδίους
2371 1126 2528 1187 θεοὺς
2589 1123 2696 1182 καὶ,
2739 1117 2897 1183 αὖθις
2955 1119 3312 1189 ἐθρήσκευον.
3381 1116 3469 1178 Ὠς
3513 1114 3613 1182 μὲν

349 1209 442 1262 οὖν
479 1213 510 1280 ή
561 1210 798 1283 τετάρτη
843 1213 951 1265 τῶν
993 1213 1292 1266 Βασιλειῶν
1325 1213 1495 1282 λέγει,
1539 1214 1762 1279 λέοντας
1809 1217 2094 1291 ἐξήγειρεν
2129 1223 2158 1275 ό
2224 1221 2379 1285 Θεὸς.
2451 1222 2549 1274 καὶ
2608 1217 2885 1286 διέφθειρε
2916 1215 3150 1276 πολλοὺς
3181 1213 3236 1279 ἐξ
3275 1210 3490 1265 αὐτῶνθ
3537 1208 3612 1270 ὡς

347 1304 406 1384 δε
436 1305 702 1375 Ἰώσηπος
737 1305 963 1375 ἱστορεῖ,
993 1305 1181 1372 λοιμὸς
1217 1306 1400 1368 αὐτοῖς
1438 1307 1731 1376 ἐνέσκηψε.
1791 1311 2016 1376 Γνόντες
2081 1313 2138 1368 δέ
2179 1313 2300 1368 κατ’
2364 1312 2538 1384 ὀργὴν
2594 1309 2686 1363 τοῦ
2712 1307 2850 1365 Θεοῦ
2883 1308 3100 1360 ἐπιέναι
3129 1305 3317 1365 αὐτοῖς
3345 1306 3414 1355 τὰ
3439 1300 3611 1363 κακὰ,

348 1401 444 1454 τοῦ
473 1401 738 1472 σφετέρου
774 1399 1038 1470 βασιλέως
1071 1401 1280 1453 ἐδέοντο
1311 1400 1475 1471 ἱερεῖς
1501 1402 1706 1455 στεῖλαι
1734 1405 1922 1469 αὐτοῖς
1959 1407 2025 1460 ἐκ
2091 1408 2199 1460 τῶν
2253 1405 2624 1478 Ἰσραηλιτῶν,
2677 1404 2743 1457 ἶν’
2779 1403 2978 1464 αὐτοὺς
3014 1401 3116 1469 τήν
3181 1397 3292 1451 τῶν
3344 1396 3616 1464 Ἐϐραίων

347 1495 650 1564 θρησκείαν
705 1495 1034 1565 μυήσωσινο
1099 1487 1160 1548 οὗ
1228 1496 1547 1564 γενομένου,
1599 1498 1880 1552 ἐπαύσατο
1931 1501 1966 1572 ἡ
2043 1501 2241 1572 φθορά.
2295 1500 2608 1554 Καλοῦνται
2682 1498 2744 1551 δέ
2814 1495 2965 1566 παρὰ
3012 1495 3113 1564 μὲν
3152 1491 3265 1544 τῶν
3328 1486 3612 1559 Ἐϐραίων

351 1588 639 1652 Χουθαῖοι,
687 1590 825 1658 πρὸς
878 1589 934 1642 δὲ
963 1590 1072 1642 τῶν
1124 1589 1394 1660 Ἑλλήνων
1420 1592 1784 1662 Σαμαρεῖται.

418 1679 610 1735 XXIII.
658 1679 818 1735 Anno
854 1679 1063 1734 Ezeciae
1111 1681 1255 1750 regis
1293 1679 1775 1753 Hierosolymitani
1823 1684 1921 1740 de-

2097 1682 2223 1738 KI".
2273 1683 2364 1736 Ἐν
2395 1682 2454 1735 δὲ
2497 1680 2574 1750 τῷ
2607 1677 3206 1750 τεσσαρεσκαιδεκάτῳ
3241 1675 3354 1728 ἔτει
3378 1676 3477 1743 τῆς
3514 1673 3616 1744 βα·-

346 1773 490 1828 eimo
519 1779 740 1842 quarto,
771 1770 1128 1826 Senacherim
1153 1787 1249 1825 rex
1281 1771 1628 1843 Assyriorum
1679 1775 1924 1832 Judazam

2035 1777 2238 1838 σιλείας
2281 1775 2528 1839 Ἐζεκίου
2563 1772 2658 1825 τοῦ
2691 1771 2792 1841 τῆς
2840 1768 3214 1839 Ἰερουσαλὴμ
3261 1767 3554 1837 βασιλέως,
3586 1770 3616 1818 ὁ

346 1863 549 1918 invasit
580 1880 594 1916 :
630 1862 726 1932 qui
757 1877 882 1916 cum
929 1863 1111 1916 omnia
1150 1863 1352 1933 oppida
1389 1864 1622 1920 duarum
1678 1867 1923 1922 tribuum

2035 1869 2135 1926 τῶν
2195 1867 2507 1936 Ἀσσυρίων
2561 1863 2868 1934 βασιλεύων
2920 1861 3272 1930 Σεναχηρεὶμ
3311 1859 3513 1929 ἐπῆλθε
3545 1860 3614 1928 τῇ

346 1957 607 2025 cepisset,
635 1954 858 2009 Ezecias
896 1953 1290 2026 Hierosolymis
1317 1966 1590 2022 metuens,
1620 1959 1828 2030 legatos
1855 1960 1926 2016 ad

2036 1960 2294 2030 Ἰουδαίᾳ,
2323 1958 2419 2012 καὶ
2444 1957 2628 2020 πάσας
2653 1949 2766 2008 εἷλε
2792 1953 2890 2015 τὰς
2923 1953 3108 2017 πόλεις
3129 1952 3240 2006 τῶν
3268 1951 3380 2004 δύω
3405 1949 3611 2018 φυλῶν.

346 2060 473 2118 eum
504 2044 696 2108 mittit,
723 2059 780 2100 se
817 2045 1083 2100 tributum
1114 2047 1163 2100 ei
1202 2048 1602 2115 pensitaturum
1633 2052 1922 2121 pollicens,

347 2137 499 2208 quod
533 2138 814 2208 iussisset.
865 2137 1295 2194 Senacberimus
1348 2151 1532 2196 autem
1581 2144 1793 2212 argenti
1839 2155 1924 2200 ta-

345 2231 494 2286 lenta
531 2231 691 2301 ιιο
722 2238 987 2294 trecenta,
1037 2232 1159 2286 auri
1213 2233 1404 2303 viginti
1467 2235 1764 2304 postulavit
1811 2253 1824 2289 :
1870 2245 1927 2291 et

346 2331 696 2394 sacramento
730 2322 1080 2392 interposito,
1124 2323 1193 2380 iis
1239 2326 1502 2395 acceptis,
1551 2342 1609 2382 se
1649 2329 1926 2384 discessu-

356 2428 482 2472 rum
543 2411 855 2482 pollicetur.
909 2411 1121 2478 Quibus
1166 2415 1462 2488 appensis,
1527 2416 1642 2486 ipse
1699 2418 1924 2488 quidem

349 2515 539 2574 contra
571 2503 862 2578 mgyptum
896 2514 952 2560 et
980 2504 1268 2575 Ethiopes
1297 2507 1687 2576 proﬁciscitur,
1723 2511 1928 2582 Rapsa-

349 2613 466 2654 cem
505 2605 689 2650 autem
723 2597 1111 2665 imperatorem
1134 2612 1258 2651 cum
1291 2597 1414 2653 aliis
1439 2599 1657 2656 duobus
1691 2600 1928 2669 ducibus

347 2698 408 2742 et
440 2703 636 2758 magno
670 2687 918 2742 exercitu
957 2687 1021 2741 ad
1056 2688 1317 2744 vastanda
1352 2689 1724 2763 Hierosolyma
1753 2695 1922 2749 relin-

347 2782 490 2851 quit.
521 2780 648 2847 Qui,
682 2780 976 2852 aggeribus
1011 2790 1137 2836 ante
1170 2783 1370 2836 mmnia
1403 2785 1680 2850 excitatis,
1712 2786 1929 2856 adcol-

346 2875 594 2945 loquium
624 2883 856 2930 evocant
885 2872 1156 2929 Ezeeiam.
1192 2876 1392 2930 Verum
1425 2878 1471 2933 is
1497 2893 1558 2934 se
1573 2879 1922 2934 committere

2025 2053 2222 2116 Δείσας
2269 2051 2329 2104 δὲ
2368 2049 2621 2114 Ἐζεκίας
2659 2048 2794 2118 περὶ
2846 2050 2911 2118 τῇ
2956 2043 3343 2114 Ἰερουσαλὴμ,
3372 2043 3614 2109 διαπέμο

2026 2162 2190 2200 πεται
2227 2145 2366 2215 πρὸς
2392 2144 2582 2208 αὐτὸν,
2621 2139 3060 2211 ὑπισχνούμενος
3085 2137 3291 2191 διδόναι
3327 2137 3518 2206 φόρον,
3545 2134 3611 2188 ὃν

2027 2237 2092 2291 ἂν
2123 2237 2275 2310 αὐτῷ
2320 2237 2646 2304 ἐπενέγκοιο
2693 2233 3044 2303 Σεναχηρεὶμ
3090 2231 3148 2284 δέ
3185 2227 3483 2300 τριακόσια
3512 2225 3617 2296 μὲν

2027 2329 2578 2400 άργύρουῖτάλαντα,
2613 2326 2824 2397 χρυσοῦ
2858 2326 2911 2378 δὲ
2945 2324 3244 2395 τριάκοντα
3277 2321 3472 2392 ⁴ᾔτησε,
3521 2319 3619 2370 καὶ

2028 2422 2242 2485 πίστεις
2298 2421 2592 2490 ἐνομότους
2652 2418 3024 2490 παρέσχεν,ή
3071 2417 3179 2486 μὴν
3231 2413 3618 2483 ἀναχωρήσειν

2027 2517 2076 2568 εἰ
2108 2516 2283 2568 ταῦτα
2309 2513 2488 2569 λάϐοι.
2520 2512 2717 2566 Λαϐὼν
2738 2511 2818 2576 δὲ,
2847 2510 3010 2572 αὐτὸς
3039 2508 3260 2578 μὲν-ἐπ’
3285 2503 3620 2573 Αἰγυπτίους

2027 2608 2258 2679 ὥρμησε
2313 2609 2410 2661 καὶ
2455 2606 2750 2668 Αἰθίοπας.
2793 2605 2898 2657 Τὸν
2929 2603 2987 2656 δὲ
3029 2600 3475 2672 ἀρχιστράτηγον
3516 2595 3620 2649 αύ-

2025 2701 2123 2755 τοῦ
2163 2699 2449 2769 Ῥαψάκην
2490 2701 2590 2752 σὺν
2619 2697 2744 2752 δυσὶ
2775 2698 3108 2766 στρατηγοῖς
3141 2695 3352 2764 ἑτέροις
3383 2691 3478 2744 καὶ
3518 2689 3619 2742 δυ-

2027 2790 2191 2862 νάμει
2236 2791 2436 2862 βαρείᾳ
2481 2788 2765 2852 κατέλιπε,
2797 2786 2896 2858 τὴν
2934 2783 3306 2855 Ἰερουσαλὴμ
3336 2779 3620 2849 ἐκπορθή-

2034 2900 2249 2946 σοντας.
2291 2884 2355 2937 Ol
2387 2882 2445 2936 δέ
2487 2883 2594 2952 πρὸ
2635 2881 2744 2934 τῶν
2794 2878 2998 2949 τειχῶν
3051 2877 3342 2948 βαλόμενοι
3371 2874 3619 2943 χάρακα.

347 2969 459 3028 illis
498 2985 606 3024 non
632 2984 819 3030 ausus,
855 2977 965 3023 tres
994 2985 1057 3023 ex
1088 2969 1373 3026 honoratis
1405 2971 1676 3029 ministris
1701 2973 1818 3029 suis
1858 2975 1926 3034 ad

2035 2977 2279 3045 ἐντυχεῖν
2302 2975 2534 3044 ἐζήτουν
2554 2972 2634 3042 τῷ
2654 2972 2900 3042 Ἐζεκίᾳ.
2929 2969 3070 3025 Ἀλλ’
3105 2969 3314 3028 ἐκεῖνος
3349 2966 3448 3035 μὲν
3475 2965 3619 3017 άπε-

349 3064 476 3124 illos
515 3062 684 3118 misit.
723 3062 860 3118 Tum
891 3062 970 3116 illi
1007 3061 1424 3134 :SiAigyptiis,
1463 3064 1741 3134 inquiunt,
1791 3065 1925 3122 Eze-

2035 3037 2297 3131 δειλίασεν
2343 3037 2615 3131 ἐέελθείν,
2639 3063 2790 3130 τρεῖς
2824 3037 2880 3112 δέ
2929 3060 3054 3121 τοὺς
3087 3057 3237 3126 αὑτῷ
3271 3053 3621 3126 τιμωμένους

347 3156 457 3216 aias
493 3154 658 3223 fretus
704 3163 817 3216 est,
852 3153 1047 3207 delirat
1098 3170 1203 3206 non
1254 3155 1436 3224 minus
1465 3172 1628 3223 quam
1677 3157 1766 3227 qui
1799 3173 1923 3210 con—

2035 3157 2134 3212 τῶν
2162 3157 2254 3210 ὑπ’
2291 3156 2454 3209 αὐτὸν
2491 3155 2728 3224 ἔπεμψε.
2765 3154 3061 3206 Κάκεῖνοι·
3093 3152 3162 3204 El
3202 3149 3301 3202 ἐπὶ
3333 3149 3476 3212 τοὺς
3511 3148 3615 3200 AZ-

349 3246 518 3315 fracto
558 3246 855 3299 arundinea
885 3244 1074 3299 baculo
1103 3246 1374 3309 innititur,
1406 3263 1440 3300 a
1466 3263 1568 3316 quo
1594 3263 1685 3302 nec
1713 3265 1746 3302 a
1773 3248 1924 3320 lapsu

2035 3251 2316 3319 Γυπτίους
2350 3248 2642 3302 πέποιθεν
2691 3245 2988 3311 Ἑζεκίας,
3043 3243 3277 3313 ἔφησαν,
3334 3241 3623 3310 μωραίνει

348 3336 666 3406 defenditur,
717 3344 766 3390 et
821 3353 984 3390 manu
1036 3336 1366 3393 vulneratur.
1405 3337 1550 3392 Talis
1581 3348 1655 3392 est
1706 3337 1924 3394 Pharao

2035 3343 2255 3408 ἐπίσης
2301 3339 2594 3409 ἀνθρώπῳ
2646 3339 2951 3406 καλαμίνη
2987 3335 3192 3404 ῥάϐδῳ
3239 3333 3622 3402 ἐρειδομένφ,

350 3425 660 3499 Ᾱῖςνριξιιε.
692 3427 819 3502 Hice
848 3427 1124 3498 Rapsaces
1155 3427 1424 3483 Hebraice
1445 3443 1569 3482 cum
1597 3428 1790 3498 legatis
1815 3431 1928 3484 col-

2035 3432 2126 3486 xal
2163 3431 2320 3500 αὐτῇ
2360 3429 2770 3499 τεθλασμένῃ,
2807 3427 2844 3495 ἢ
2880 3427 3064 3482 οὐδὲν
3100 3425 3291 3495 ἤμυνε
3335 3424 3412 3490 τῷ
3451 3425 3627 3478 κατέ.

349 3518 680 3588 loquebatur
707 3535 718 3570 :
746 3518 839 3588 qui
869 3534 993 3573 cum
1021 3529 1296 3589 rogarent,
1326 3529 1388 3574 ut
1413 3521 1639 3592 Assyrio
1673 3535 1926 3575 sermone

2035 3543 2219 3594 χοντι,
2263 3525 2401 3579 ἀλλ’
2431 3525 2615 3589 αὑτός
2650 3539 2714 3580 τε
2766 3520 3194 3590 συμπέπτωκε,
3230 3517 3331 3571 καί
3365 3520 3398 3573 ό
3431 3518 3627 3573 κάλα-

351 3621 628 3676 uteretur,
651 3627 719 3666 ne
745 3611 983 3682 populus
1000 3626 1062 3666 ea
1088 3627 1209 3682 qua
1229 3612 1548 3668 dicerentur
1569 3612 1924 3683 intelligeret:

2035 3633 2141 3685 μσς
2187 3615 2302 3683 τὴν
2355 3613 2548 3670 αὑτοῦ
2602 3612 2771 3681 χεῖρα
2813 3611 3095 3679 διέτρησε
3163 3609 3440 3674 Τοιοῦτός
3484 3610 3624 3664 ἐστι

351 3705 443 3759 ille
475 3706 649 3776 magis
680 3703 848 3759 etiam
874 3704 1086 3758 sublata
1109 3719 1265 3767 voce,
1297 3715 1359 3757 ut
1387 3704 1456 3758 ab
1484 3703 1742 3758 omnibus
1768 3719 1931 3759 exau-

2035 3710 2242 3779 Φαραὼ
2271 3712 2305 3764 ό
2331 3709 2676 3778 Αἰγύπτιος.
2713 3705 2903 3760 Ταῦτα
2945 3704 3232 3774 Ἐϐραϊστὶ
3265 3706 3292 3756 ὁ
3331 3702 3626 3774 Ῥαψάκης

353 3799 462 3862 diri
495 3807 697 3867 posset,
733 3814 927 3852 rursus
961 3797 1228 3853 I-lcbraice
1259 3797 1435 3852 dixit:
1466 3797 1543 3851 Ne
1582 3797 1796 3851 seducet
1842 3813 1930 3852 vos

356 3881 574 3950 Egerius
599 3891 794 3960 dicens,
830 3890 1086 3945 Dominus
1113 3907 1204 3944 nos
1235 3887 1471 3944 liberabit
1509 3905 1527 3943 :
1567 3889 1803 3960 nunquid
1828 3887 1931 3944 Sa-

355 3985 584 4046 mariam
621 3981 904 4036 liberavit?
949 3981 1046 4036 llis
1088 3981 1313 4036 Ezecias
1351 3981 1704 4037 renuntiatus
1733 3981 1931 4036 lvestes

353 4089 484 4129 suas
505 4073 788 4136 laceravit,
824 4083 880 4129 et
922 4089 1082 4128 sacco
1116 4073 1362 4138 indutus,
1409 4083 1465 4129 et
1499 4071 1652 4126 humi
1703 4081 1928 4134 stratus,

356 4165 415 4222 in
446 4167 611 4222 rebus
654 4165 964 4237 desperatis
992 4181 1153 4236 opem
1191 4165 1434 4220 divinam
1474 4165 1750 4236 implorat,
1782 4175 1836 4220 et
1863 4165 1929 4220 ad

356 4259 684 4330 prophetam
728 4259 925 4314 Isaiam
962 4258 1154 4322 mittit,
1191 4257 1476 4314 obtestans
1511 4267 1571 4314 ut
1610 4259 1707 4314 Dei
1741 4274 1930 4329 pacem

357 4363 548 4407 exoret
581 4353 805 4423 populo.
839 4352 1093 4444 Praadicit
1139 4351 1470 4444 ille,hostes
1513 4351 1651 4407 citra
1697 4351 1928 4408 dimica-
1961 4383 2009 4444 υ

357 4445 564 4498 tionem
605 4453 922 4513 superatum
986 4443 1075 4510 iri,
1139 4453 1195 4499 et
1247 4443 1696 4500 Senacherimum
1746 4461 1807 4500 re
1849 4445 1932 4499 in-

356 4535 498 4589 fecta
543 4551 612 4588 ex
641 4534 873 4606 [Egypto
906 4551 1222 4599 reversum,
1263 4538 1668 4594 occubiturum.
1705 4537 1938 4608 Scripsit

358 4637 415 4680 ct
443 4626 867 4680 Senacberimus
897 4627 963 4681 ad
993 4627 1240 4681 Ezeciam
1263 4667 1276 4689 ,
1310 4628 1364 4682 in
1393 4628 1534 4681 banc
1555 4627 1884 4681 sententiam
1921 4644 1934 4678 :

358 4717 438 4770 Ne
470 4717 689 4771 extolr'at
723 4727 771 4770 te
803 4716 969 4781 Deus,
1008 4734 1109 4787 quo
1150 4718 1314 4786 fretus
1349 4732 1425 4780 es,
1465 4733 1566 4786 quo
1598 4718 1770 4770 minus
1810 4715 1938 4769 Ilie-

359 4811 628 4880 r'osalyma
667 4818 948 4880 capturum
977 4825 1086 4863 esse
1122 4824 1202 4862 me
1229 4809 1489 4861 existimes
1512 4825 1530 4861 :
1554 4812 1646 4861 sed
1678 4807 1813 4861 illud
1842 4823 1940 4876 po-

361 4904 465 4956 tius
495 4919 613 4956 cum
645 4903 823 4956 animo
850 4915 940 4956 tuo
977 4911 1185 4972 reputa,
1217 4899 1307 4954 ubi
1347 4900 1453 4954 sint
1495 4916 1638 4970 reges
1679 4901 1938 4970 gentium,

361 5010 488 5061 quos
516 4991 756 5063 'majores
790 4994 890 5046 mei
919 4992 1270 5061 confecerunt.
1298 4990 1430 5044 Eam
1478 4990 1765 5060 epistolam
1800 4990 1938 5045 Eze-

362 5086 478 5139 cias
520 5085 720 5160 lectam
748 5085 802 5139 in
827 5085 1030 5155 templo
1058 5084 1323 5154 reposuit,
1357 5091 1410 5138 et
1440 5082 1768 5154 supplicavit
1787 5083 1935 5138 Deo:

375 5176 520 5239 l'ide,
554 5176 752 5247 inquit,
805 5178 1045 5242 Domine,
1085 5187 1132 5230 et
1181 5177 1307 5230 audi
1359 5176 1514 5230 verba
1557 5173 1935 5239 Senac/aerimi,

361 5290 478 5342 qua:
518 5273 588 5326 ut!
623 5289 704 5325 me
754 5273 958 5341 scripsit
992 5273 1045 5326 in
1091 5284 1237 5325 tuam
1274 5269 1646 5325 contumeliam
1669 5311 1684 5334 ,
1722 5272 1938 5325 viventis

366 5365 480 5430 Οιιὶ,
510 5373 555 5417 et
605 5363 745 5432 eripe
773 5379 864 5416 nos
891 5378 917 5415 e
952 5381 1112 5417 manu
1152 5364 1283 5430 ejus.
1322 5363 1487 5418 Isaias
1532 5362 1821 5418 conﬁrmat
1856 5379 1940 5417 re-

363 5476 508 5529 gem,
549 5474 804 5531 asserens
844 5458 1015 5514 Deum
1045 5459 1335 5514 exaudisse
1371 5474 1562 5528 preces
1590 5459 1939 5528 ejuszcaque

364 5567 527 5628 nocte
576 5573 714 5618 cmsa
749 5565 879 5612 sunt
922 5557 992 5610 ab
1028 5557 1222 5627 angelo
1253 5557 1308 5611 in
1357 5559 1554 5613 castris
1588 5557 1937 5628 Assyriorum

364 5661 584 5704 centum
601 5658 658 5703 et
676 5649 954 5718 octoginta
977 5647 1220 5717 quinque
1244 5648 1434 5710 millia,
1455 5664 1689 5718 quorum
1709 5647 1940 5703 cadave-

366 5752 425 5790 ra
449 5740 710 5806 postridie
743 5741 964 5796 inventa
988 5750 1135 5796 sunt.
1161 5741 1447 5795 Exercitus
1481 5741 1725 5811 reliquiae
1746 5740 1940 5796 Hiero-

369 5827 595 5893 solymis
623 5829 1017 5888 discesserunt.
1052 5831 1287 5887 Coactus
1315 5842 1400 5887 est
1432 5843 1487 5887 et
1511 5832 1937 5887 Senacherimus

371 5916 711 5996 obsidionem
747 5922 946 5980 Pelusii
978 5925 1224 5995 solvere,
1265 5942 1386 5982 cum
1417 5940 1601 5981 mures
1632 5940 1739 5980 una
1777 5933 1938 5982 nocte

2031 3808 2144 3867 τοῖς
2175 3803 2509 3874 πεμφθεῖσιν
2543 3801 2762 3872 ὡμίλει.
2813 3801 2878 3853 Οἱ
2915 3799 2972 3852 δὲ
3007 3802 3076 3869 τῇ
3119 3797 3227 3850 τῶν
3261 3796 3451 3868 Σύρων
3505 3798 3630 3851 δια-

2031 3896 2211 3967 λέκτῳ
2237 3896 2449 3966 ὁμιλεῖν
2480 3895 2668 3957 αὐτοῖς
2706 3892 2897 3962 ήξίουν
2932 3891 3122 3952 αὐτὸν,
3159 3889 3249 3942 ἵνα
3283 3891 3358 3959 μὴ
3391 3888 3454 3942 τὸ
3485 3891 3629 3959 πλῆ-

2033 3989 2125 4054 θος
2148 3988 2255 4042 τῶν
2292 3987 2611 4057 λεγομένων
2649 3985 2924 4055 συνίησιν.
2967 3984 3027 4036 '0
3057 3983 3113 4036 δὲ
3143 3980 3349 4047 μᾶλλον
3375 3980 3479 4051 τὴν
3507 3998 3630 4049 φω-

2032 4083 2131 4153 νὴν
2167 4081 2402 4149 ἐπάρας,
2464 4077 2751 4148 Ἐϐραϊστὶ
2801 4075 2970 4130 πάλιν
3004 4073 3194 4141 ἔλεγεν
3245 4074 3327 4135 είς
3381 4071 3628 4142 ἐπήκοον

2035 4172 2254 4226 πάντων
2284 4185 2296 4198 °
2339 4168 2436 4235 Μὴ
2479 4166 2760 4224 ἀπατάτω
2785 4164 2942 4235 ὑμᾶς
2962 4163 3230 4230 Ἐζεκίας
3253 4163 3471 4231 λέγων,
3504 4163 3630 4216 Κύ-

2026 4281 2159 4333 ριος
2184 4263 2438 4330 ῥύσεται
2460 4257 2640 4329 ἡμᾶς·
2664 4257 2751 4326 μὴ
2773 4256 3072 4324 ὲῤῥύσατο
3094 4253 3474 4322 Σαμάρειαν;
3511 4253 3631 4307 Καὶ

2037 4353 2382 4427 ἀπήγγειλαν
2410 4351 2591 4406 ταῦτα
2614 4349 2693 4421 τῷ
2716 4347 2962 4419 Ἐζεκίᾳ.
3010 4347 3069 4400 '0
3091 4346 3148 4400 δέ
3166 4345 3434 4409 ἀκούσας,
3474 4344 3632 4416 διέρ-

2036 4447 2168 4519 ρηξε
2205 4447 2276 4500 τὰ
2307 4447 2504 4516 ῖμάτια
2537 4441 2728 4507 αὐτοῦ,
2755 4441 2851 4495 καὶ
2877 4438 3239 4509 περιεϐάλετο
3270 4438 3501 4500 σάκκον,
3530 4439 3633 4492 καὶ

2033 4539 2242 4604 πεσὼν,
2285 4537 2468 4590 ἐδέετο
2499 4536 2596 4590 τοῦ
2647 4532 2784 4588 Θεοῦ
2840 4531 3096 4603 βοήθειαν
3132 4531 3221 4583 ἐπ’
3269 4530 3632 4592 ἀνελπίστοις

2034 4631 2254 4686 αὐτῶνθ
2284 4630 2380 4681 καὶ
2428 4627 2565 4699 πρὸς
2607 4626 2838 4682 Ἡσαΐαν
2886 4625 2978 4678 τὸν
3029 4625 3322 4695 προφήτην
3371 4621 3631 4692 πέμψας,

2037 4720 2345 4794 παρεκάλει
2379 4721 2546 4772 αὑτὸν
2569 4719 2794 4772 δέεσθαι
2826 4717 2921 4772 τοῦ
2955 4716 3114 4781 Θεοῦ,
3150 4718 3215 4770 ἵν’
3251 4715 3415 4778 ἵλεως
3448 4716 3636 4768 ἔσοιτο

2036 4815 2114 4883 τῷ
2149 4813 2286 4882 λαῷ.
2346 4813 2406 4865 '0
2440 4811 2497 4864 δὲ
2545 4811 2796 4881 ἀμαχητὶ
2827 4811 2956 4874 τοὺς
2985 4810 3286 4879 πολεμίους
3320 4808 3635 4879 προέλεγεν

2037 4905 2492 4978 ἡττηθήσεσθαι,
2553 4905 2648 4958 καὶ
2706 4907 2800 4958 τὸν
2869 4903 3224 4974 Σεναχηρεὶμ
3289 4902 3627 4970 κτανθῆναι.

2036 5005 2323 5072 ἄπρακτον
2365 5001 2458 5054 ἀπ’
2519 4999 2806 5068 Αἰγύπτου
2860 4996 3254 5052 ἐπανελθόντα.
3305 4995 3632 5048 Ἐπέστειλε

2036 5096 2092 5150 δὲ
2121 5096 2217 5149 καὶ
2239 5095 2588 5166 Σεναχηρεὶμ
2609 5093 2690 5163 τῷ
2711 5092 2969 5162 Ἐζεκίᾳο
3001 5089 3096 5158 Μὴ
3129 5089 3421 5158 ἐπαιρέτω
3469 5103 3548 5142 σε
3594 5091 3633 5144 ὀ

2039 5190 2183 5254 886g-
2231 5203 2369 5251 σου,
2414 5188 2507 5256 ἐφ’
2530 5181 2579 5255 ᾧ
2606 5187 2898 5250 πέποιθας
2928 5183 3013 5253 μὴ
3041 5181 3461 5250 παραδοθῆναι
3509 5181 3632 5247 τὴν

2052 5281 2441 5350 Ἰερουσαλὴμ
2477 5282 2566 5345 εὶς
2595 5277 2798 5348 χεῖράς
2821 5293 2964 5346 μουο
2993 5277 3358 5343 (tr-adoream
3388 5273 3512 5328 ποῦ
3541 5276 3632 5327 ει-

2039 5391 2143 5428 σιν
2186 5376 2241 5428 οἱ
2277 5371 2566 5438 βασιλεῖς
2608 5369 2728 5424 τῶν
2773 5368 2966 5423 ἐθνῶν
2991 5410 3005 5432 ,
3051 5367 3160 5434 οὓς
3200 5366 3545 5437 διέφθειραν
3570 5369 3632 5419 οἱ

2039 5465 2291 5534 πατέρες
2310 5482 2452 5532 μου.
2486 5463 2706 5530 Ταύτην
2727 5459 2826 5530 τὴν
2853 5459 3144 5529 ἐπιστολὴν
3175 5459 3445 5525 ἀναγνοὺς
3477 5458 3636 5520 Ἐζε-

2039 5558 2188 5624 κίας,
2216 5557 2478 5611 κατέθετο
2509 5559 2589 5619 είς
2615 5553 2677 5608 τό
2725 5555 2894 5623 ἱερὸν,
2929 5554 3024 5606 καὶ
3056 5554 3304 5605 ἱκέτευσε
3335 5551 3430 5604 τὸν
3459 5549 3630 5611 Θεὸν.

2053 5651 2202 5713 Ἴδε,
2244 5650 2442 5717 λέγων,
2485 5650 2679 5717 Κύριε’
2735 5647 2834 5701 καὶ
2891 5647 3163 5701 ἄκουσον
3213 5645 3356 5712 τοὺς
3399 5645 3635 5706 λόγους

2047 5743 2438 5811 Σεναχηρεὶμ,
2500 5742 2608 5807 οὓς
2655 5739 3020 5794 ἀπέστειλεν
3053 5737 3355 5798 ὀνειδίζων
3404 5752 3478 5790 σε
3514 5734 3636 5788 τὸν

2045 5833 2230 5894 ζῶντα
2262 5835 2411 5888 Θεὸν
2441 5875 2454 5896 ,
2501 5833 2600 5886 καὶ
2649 5831 2865 5885 σῶσον
2893 5829 3050 5900 ἡμᾶς
3080 5831 3147 5882 ἐκ
3182 5829 3383 5898 χειρὸς
3411 5825 3630 5881 αὑτοῦ.

2059 5925 2287 5992 Ἡσαΐας
2336 5927 2391 5982 δέ
2444 5925 2830 5995 παρεθάρρυνε
2868 5923 3262 5999 τὸνβασιλέα,
3316 5917 3680 5979 ἐπακοῦσαικ
