3926 6210
357 325 468 392 215
1635 321 1927 382 JOANNI:

2028 322 2318 385 l0NAIl:E
3504 318 3613 382 2-16

357 442 459 512 σῆν
522 441 876 514 διιιρώσατο.
927 443 986 496 ⁸0
1025 441 1080 496 δὲ
1121 441 1303 504 συνεὶς
1362 439 1556 500 ἑαυτὸν
1588 438 1689 506 τῆς
1754 441 2042 508 συμφορᾶς
2109 441 2306 502 αἰτίον,
2365 439 2654 500 ἀπέκλινεν
2694 441 2773 504 εἰς
2805 438 3118 511 μετάνοιαν,
3161 437 3257 492 καὶ
3290 438 3502 492 ἰκέτευε
3522 435 3613 490 τὸν

355 536 489 590 Θεὸν
520 537 682 592 λύσαι
739 539 788 594 οἱ
835 539 904 596 τὰ
937 539 1198 610 δυσχερῆ.
1252 538 1363 592 Καὶ
1427 539 1454 592 ὁ
1483 535 1616 599 Θεὸς
1654 535 1967 600 ἐπακούσας
2007 535 2195 602 αὐτοῦ,
2223 536 2342 590 λύει
2367 555 2424 593 τε
2473 538 2570 607 τῆς
2604 534 2982 607 αἰχμαλωσίας
3017 533 3198 596 αὐτὸν,
3235 533 3333 587 καὶ
3393 533 3476 594 εἰς
3513 532 3612 602 τήν

357 629 640 701 βασιλείαν
694 631 1156 703 ἀποκαθίστησιν.
1197 627 1547 686 Ἐπανελθὼν
1584 628 1644 686 δὲ
1691 628 1921 690 ἐκεῖνος,
1963 626 2249 680 εὐσέϐειαν
2269 629 2430 693 αὐτός
2477 647 2537 684 τε
2587 627 2800 700 μετῄει,
2869 628 2966 683 καὶ
3017 626 3112 680 τὸν
3156 625 3288 678 λαὸν
3361 625 3612 694 μετιέναι

351 721 668 782 ἀνέπειθεν.
709 721 864 776 Oli-rw
888 723 945 776 δὲ
979 724 1172 794 ζήσας,
1200 721 1443 793 ζηλωτὸς
1467 722 1685 792 ἐγένετο
1740 719 1830 772 διὰ
1894 719 1994 799 τήν
2035 721 2340 787 εὐσέϐειαν,
2408 723 2503 776 καὶ
2553 723 2894 788 ἐτελεύτησε,
2932 718 3261 790 βασιλεύσας
3322 719 3612 779 ἐνιαυτοὺς

353 817 514 868 πέντε
555 814 691 883 πρὸς
739 815 1106 883 πεντήκοντα,
1170 815 1375 882 βιώσας
1424 815 1482 868 δὲ
1535 815 1662 878 τούς
1714 811 1925 872 πάντας
1963 808 2229 879 ἐξήκοντα
2261 816 2357 868 καὶ
2387 815 2551 871 ἑπτά.

423 905 614 960 XXIV.
648 905 900 975 Regnum
924 905 992 960 ad
1039 905 1210 962 tilium
1242 907 1360 977 ejus
1392 903 1655 960 Amosum
1687 902 1926 958 devolvi-

2101 905 2228 962 ΚΧ.
2283 908 2356 981 Ἡ,
2402 909 2649 978 βασιλεία
2682 909 2738 962 δὲ
2785 910 2922 981 πρὸς
2978 907 3158 978 ’Ᾱμὼς
3203 905 3455 976 μετῆλθε,
3511 903 3606 957 τδν

348 1007 461 1062 tur,
497 998 591 1066 qui
625 996 1010 1052 adolescentiae
1047 1005 1287 1067 paterna:
1329 997 1590 1060 imitator,
1626 1011 1771 1050 anno
1796 1002 1927 1049 aeta-

2034 1000 2201 1054 παῖδα
2226 1002 2415 1064 αὐτοῦ,
2448 1002 2832 1072 μιμησάμενον
2861 1002 2930 1055 τὰ
2977 1002 3076 1070 τῆς
3130 999 3381 1065 νεότητος
3409 995 3503 1049 τοῦ
3529 997 3609 1046 οἰ-

349 1091 419 1144 tis
464 1089 729 1146 vicesimo
768 1098 999 1160 quarto,
1049 1089 1202 1160 regni
1267 1089 1511 1146 secundo
1559 1105 1656 1160 per
1701 1087 1927 1144 insidias

2031 1093 2182 1146 κείου
2244 1094 2484 1165 πατρός·
2549 1095 2789 1148 ἀπέθανε
2838 1093 2896 1147 δὲ
2943 1091 3378 1153 ἐπιϐουλευθεὶς,
3431 1087 3610 1156 ζήσας

347 1178 624 1233 occiditur
645 1198 656 1233 :
683 1179 749 1233 de
769 1181 924 1250 cujus
944 1180 1363 1250 percussoribus
1395 1179 1669 1250 supplicio
1686 1189 1928 1249 sumpto.

346 1270 588 1342 pepulus
614 1271 785 1328 ﬁlium
815 1271 943 1342 ejus.
961 1273 1166 1328 Josiam
1182 1288 1358 1328 annos
1378 1281 1502 1328 octo
1535 1282 1722 1327 natum
1747 1287 1930 1342 regem

347 1363 611 1436 appellat.
648 1363 700 1419 Is
738 1363 861 1434 pius
900 1364 1026 1429 fuit,
1071 1375 1127 1420 et
1157 1366 1417 1434 populum
1467 1365 1535 1419 ad
1588 1364 1681 1419 Dei
1717 1365 1926 1420 cultum

347 1456 688 1521 cohortatus,
717 1466 1080 1530 susceptaque
1112 1456 1300 1526 templi
1346 1455 1666 1520 refectione,
1717 1456 1931 1512 monuit

347 1563 443 1604 eos
469 1547 564 1616 qui
601 1547 851 1612 aderant,
889 1556 949 1602 ut
995 1563 1098 1602 suo
1124 1549 1358 1618 quisque
1390 1548 1661 1603 arbitratu
1695 1548 1762 1603 ad
1789 1564 1930 1619 opus

348 1638 556 1709 aliquid
619 1638 912 1694 conferret.
967 1639 1045 1694 Eo
1104 1649 1288 1709 pacto,
1328 1640 1560 1710 pecunia
1609 1649 1816 1704 coacta,
1873 1649 1930 1695 et

352 1730 618 1798 templum
673 1729 1038 1782 instauratum
1093 1739 1198 1795 est,
1231 1741 1286 1786 et
1320 1747 1442 1800 quae
1476 1730 1841 1800 superfuerat,
1874 1730 1928 1784 in

350 1833 614 1887 crateres,
650 1822 884 1889 calices,
911 1831 966 1876 et
1015 1823 1222 1892 phialas
1258 1823 1452 1878 collata
1481 1863 1496 1888 ,
1536 1823 1755 1879 Chelcia
1793 1838 1928 1892 pon-

349 1915 496 1971 tiﬁce
530 1915 976 1970 administratore
1011 1932 1026 1982 ;
1053 1916 1145 1985 qui
1169 1917 1296 1970 dum
1327 1915 1612 1985 pecuniam
1636 1931 1703 1970 ex
1735 1915 1930 1970 aerario

350 2008 645 2077 depromit,
664 2022 852 2062 sacros
886 2006 1237 2062 librosMosis
1273 2017 1475 2062 temere
1494 2006 1624 2060 illuc
1649 2005 1931 2076 conjeclos

351 2102 563 2161 invenit
594 2115 657 2154 ac
687 2115 784 2169 per
805 2100 1043 2155 scribam
1080 2099 1191 2169 regi
1227 2098 1415 2154 mittit.
1447 2099 1574 2166 Qui,
1613 2098 1769 2153 lectis
1798 2097 1928 2164 illis,

349 2203 532 2248 vestes
575 2207 703 2246 suas
735 2191 960 2254 lacerat,
995 2197 1052 2245 et
1093 2189 1371 2244 Chelciam
1420 2189 1758 2244 sacerdotem
1804 2204 1928 2244 cum

349 2283 472 2340 aliis
497 2283 564 2338 ad
597 2282 789 2338 Oldam
819 2283 1094 2340 fatidicam
1142 2281 1430 2336 mulierem
1462 2281 1668 2336 Selumi
1705 2297 1930 2335 uxorem

349 2377 562 2440 mittit,
625 2386 820 2446 petens
866 2385 929 2431 ut
983 2375 1156 2430 Deum
1203 2373 1401 2442 placet.
1464 2371 1559 2427 Illa
1615 2373 1929 2443 respondet,

348 2471 563 2526 Numen
591 2470 704 2542 jam
735 2466 1060 2538 συσπ-σείσω
1088 2467 1279 2522 tulisse
1307 2474 1499 2521 contra
1541 2466 1846 2535 regionem,
1876 2475 1932 2521 et

350 2562 614 2633 populum
652 2561 869 2615 violatae
914 2558 1201 2630 religionis
1249 2572 1429 2622 reum,
1462 2564 1644 2611 tamen
1684 2555 1754 2610 ob
1789 2555 1932 2626 regis

345 2655 610 2726 justitiam
657 2652 842 2708 clades
890 2667 999 2706 non
1028 2665 1149 2706 esse
1188 2663 1336 2704 nunc
1381 2647 1797 2703 immissurum:
1834 2647 1931 2701 sed

351 2755 536 2818 amoto
560 2743 672 2804 illo.
699 2754 813 2798 tum
841 2743 1060 2798 demum
1092 2740 1419 2796 sententiam
1451 2740 1612 2794 latam
1635 2746 1931 2794 exsecutu-

352 2855 498 2894 rum.
570 2838 704 2901 Rex,
758 2837 845 2892 his
922 2835 1147 2898 auditis,
1216 2833 1478 2903 populum
1554 2829 1931 2902 Hierosolyma

351 2939 640 2997 convocat,
700 2940 756 2984 et
805 2945 990 2985 sacros
1037 2929 1210 2983 libros
1264 2925 1619 2982 audientibus
1674 2924 1930 2979 omnibus

353 3023 668 3080 rccitandos
720 3031 894 3076 curat.
964 3020 1170 3076 Deinde
1220 3018 1582 3090 jurejurando
1636 3017 1932 3088 obstringit

351 3130 568 3179 omnes,
600 3124 660 3169 ttt
708 3115 854 3184 leges
891 3121 1133 3178 servent,
1166 3121 1221 3167 et
1255 3112 1469 3166 Numen
1501 3109 1706 3166 colant.
1752 3109 1930 3177 Quare

348 3209 585 3278 populus
626 3205 907 3265 sacriﬁciis
950 3204 1125 3276 placat
1187 3204 1382 3261 Deum.
1421 3203 1549 3258 Post
1602 3201 1718 3258 haec
1756 3201 1931 3256 simu-

349 3303 626 3360 lacrorum
694 3297 926 3355 donaria
1007 3295 1274 3362 incendit,
1348 3311 1539 3351 eorum
1601 3293 1930 3350 'sacerdotes

351 3394 577 3462 occidit,
638 3402 695 3446 et
746 3390 1358 3462 pseudopmphetarum
1426 3403 1547 3444 ossa
1609 3387 1663 3442 in
1718 3402 1782 3442 ea
1833 3401 1929 3441 ara

350 3495 594 3546 cremat,
654 3498 817 3554 quam
861 3483 1220 3539 Jeroboamus
1279 3487 1622 3547 exstruxerat
1667 3497 1680 3535 :
1733 3494 1929 3550 quem-

2029 1186 2310 1250 ἐνιαυτοὺς
2342 1187 2436 1240 ἐπὶ
2464 1187 2757 1258 τέσσαρσιν
2801 1186 3009 1251 εἴκοσι,
3033 1183 3127 1238 δύο
3161 1183 3218 1238 δὲ
3257 1181 3609 1254 βασιλεύσας.

2030 1277 2168 1338 Τοὺς
2195 1276 2252 1330 δὲ
2281 1278 2447 1330 αὐτὸν
2469 1277 2761 1340 ἀνελόντας
2784 1276 3167 1346 ἐτιμωρήσατο
3190 1272 3223 1343 ή
3259 1270 3492 1341 πληθὺς,
3512 1269 3612 1321 καὶ

2031 1367 2263 1438 βασιλέα
2290 1367 2383 1422 τὸν
2433 1369 2549 1421 υἰύν
2596 1368 2810 1421 ἐκείνου
2846 1364 3122 1429 ἀνέδειξεν
3155 1362 3390 1426 Ἰωσίαν,
3420 1360 3612 1425 ὄγδοον

2028 1462 2127 1531 τῆς
2155 1461 2371 1530 ἡλικίας
2396 1459 2629 1515 ἀνύοντα
2654 1460 2866 1530 χρόνον,
2900 1458 2958 1522 ὃς
2988 1456 3218 1520 εὐσεϐὴς
3247 1455 3484 1520 ἐγένετο,
3512 1451 3612 1504 καὶ

2028 1557 2121 1608 τὸν
2151 1556 2277 1610 λαὸν
2335 1556 2623 1610 ἀνέπειθεν
2673 1555 2942 1609 εὐσεϐεῖν.
2977 1551 3374 1608 Ἐπισκευάσαι
3397 1549 3454 1603 δὲ
3486 1547 3614 1618 βου-

2029 1647 2216 1718 ληθεὶς
2245 1647 2338 1700 τὸν
2381 1648 2527 1710 ναὸν,
2548 1646 2781 1716 παρῄνει
2805 1646 2918 1708 τοῖς
2953 1644 3057 1698 ὑπὸ
3101 1645 3259 1714 χεῖρα
3288 1639 3488 1694 διδόναι
3529 1638 3615 1700 εἰς

2030 1740 2128 1812 τὴν
2157 1739 2478 1811 ἐπισκευὴν,
2515 1741 2638 1792 ὅσον
2687 1740 2918 1801 ἕκαστος
2977 1735 3248 1806 βούλεται.
3304 1732 3414 1786 Καὶ
3462 1727 3613 1784 οὕτω

2033 1833 2411 1903 συναχθέντων
2435 1832 2757 1902 χρημάτων,
2786 1832 2814 1884 ὅ
2847 1847 2907 1882 τε
2943 1829 3069 1892 ναὸς
3105 1822 3478 1892 ἀνεκαινίσθη,
3510 1825 3612 1875 καὶ

2032 1931 2146 1990 τοῖς
2170 1923 2592 1996 περιττεύσασιν
2623 1923 2701 1984 εἰς
2732 1923 3035 1992 κρατῆρας,
3073 1920 3167 1972 καὶ
3199 1917 3475 1979 σπονδεῖα,
3507 1915 3611 1968 καὶ

2031 2017 2233 2086 φιάλας
2279 2018 2571 2087 ἐχρήσατο,
2630 2014 2722 2067 τοῦ
2772 2012 3073 2085 ἀρχιερέως
3120 2009 3354 2064 Χελκίου
3392 2006 3610 2068 τούτοις

2031 2107 2470 2170 ἐπιστατοῦντος*
2493 2106 2550 2170 ὃς
2570 2103 2891 2174 ἐντυγχάνει
2913 2105 3029 2163 ταῖς
3053 2102 3224 2170 ἰεραῖς
3246 2097 3341 2151 τοῦ
3357 2096 3608 2159 Μωσέως

2035 2203 2238 2274 βίϐλοις
2262 2203 2320 2254 ὲν
2342 2200 2418 2270 τῷ
2435 2199 2653 2267 ἐξάγειν
2685 2197 2778 2251 τοῦ
2807 2195 2955 2268 ἱεροῦ
2978 2193 3202 2264 ταμείου
3232 2191 3293 2244 τὸ
3316 2188 3607 2262 ἀργύριον,

2032 2293 2427 2364 ἁποκειμέναις
2481 2293 2619 2355 ἐκεῖ,
2688 2289 2785 2344 καί⁸
2841 2287 3051 2342 στέλλει
3110 2283 3316 2348 ταύτας
3369 2281 3457 2334 διὰ
3508 2277 3608 2332 τοῦ

2031 2384 2406 2457 γραμματέως
2433 2383 2510 2454 τῷ
2535 2381 2766 2453 βασιλεῖ.
2801 2380 2892 2442 Ὠς
2917 2379 2962 2431 δ’
2987 2375 3409 2446 ἀνεγνώσθησαν
3431 2370 3605 2440 αὐτῷ,

2030 2481 2128 2552 τήν
2156 2478 2358 2549 ἐσθῆτα
2383 2474 2660 2548 διέρρηξε,
2687 2474 2780 2528 καὶ
2805 2471 2942 2544 πρὸς
2964 2471 3062 2541 τὴν
3082 2469 3372 2540 προφήτην
3413 2463 3610 2519 Ὀλδᾶν

2029 2575 2265 2642 γυναῖκα
2298 2570 2530 2640 Σελούμ,
2560 2566 2775 2638 ἔπεμψε
2807 2565 2897 2619 τὸν
2947 2563 3214 2636 ἀρχιερέα
3237 2559 3475 2615 Χελκίαν
3507 2557 3608 2610 καὶ

2031 2665 2247 2726 ἄλλους,
2286 2660 2620 2714 ἰλεώσασθαι
2651 2658 2742 2712 τὸν
2773 2656 2906 2711 Θεὸν
2936 2655 3105 2720 ἀξιῶν
3131 2653 3324 2722 αὐτήν.
3360 2650 3425 2702 Ἦ
3454 2645 3513 2702 δὲ
3545 2646 3610 2698 τὸ

2034 2759 2132 2830 μὲν
2157 2756 2312 2809 Θεῖον
2335 2754 2437 2824 ήδη
2465 2753 2646 2822 ψῆφον
2671 2746 2826 2805 εἶπεν
2859 2748 3166 2815 ἐξενεγκεῖν
3198 2743 3340 2798 κατά
3379 2741 3478 2812 τῆς
3497 2735 3610 2808 χώ-

2031 2867 2153 2922 ρας,
2184 2850 2276 2902 καὶ
2303 2846 2398 2900 τοῦ
2451 2843 2584 2898 λαοῦ
2621 2841 3013 2912 ἀσεϐήσαντας,
3039 2837 3127 2891 διὰ
3151 2835 3208 2891 δὲ
3237 2834 3327 2889 τὸν
3375 2830 3608 2904 βασιλέα

2028 2943 2237 2996 δίκαιον
2266 2940 2416 3004 ὅντα,
2449 2936 2550 2989 οὐκ
2587 2934 2808 2998 ὲπάξειν
2841 2932 2937 2986 νῦν
2971 2932 3038 2985 τὰ
3066 2928 3236 2986 κακὰ.
3263 2924 3430 2979 αὐτοῦ
3457 2940 3607 2993 παρ.

2029 3033 2301 3097 ελθόντος,
2335 3030 2633 3100 γενήσεται
2677 3025 2745 3080 τὰ
2790 3023 3159 3094 ἐψηφισμένα.
3204 3020 3263 3072 '0
3300 3017 3357 3070 δὲ
3394 3015 3605 3070 τούτων

2028 3125 2292 3188 ἀκούσας,
2338 3122 2616 3192 συνήγαγε
2656 3119 2749 3173 τὸν
2802 3115 2933 3171 λαὸν
2982 3116 3062 3177 εἰς
3101 3109 3475 3183 Ἰεροσόλυμα.
3506 3106 3607 3159 καὶ

2029 3218 2109 3282 εἰς
2149 3217 2384 3286 ἐπήκοον
2423 3213 2642 3266 πάντων
2672 3209 2770 3272 τὰς
2803 3209 2959 3281 ἱερὰς
2992 3205 3207 3276 βίϐλους
3249 3198 3609 3269 ἀναγνωσθῆ-

2028 3330 2118 3369 ναι
2167 3309 2491 3378 πεποίηκεν.
2542 3300 2678 3358 Εῑτα
2703 3304 2903 3373 ὅρκους
2956 3301 3022 3352 ἐκ
3065 3297 3284 3350 πάντων
3328 3292 3604 3364 ἀπῄτησε,

2031 3404 2324 3477 φυλάττειν
2360 3400 2486 3463 τούς
2525 3397 2750 3467 νόμους,
2785 3395 2880 3448 καὶ
2913 3391 3168 3446 σέϐεσθαι
3194 3388 3283 3442 τὸν
3312 3386 3469 3440 Θεόν.
3494 3384 3610 3438 Καὶ

2030 3499 2175 3553 θύων
2201 3500 2230 3550 ὁ
2278 3495 2407 3558 λαὸς
2439 3491 2712 3560 ὲξιλεοῦτο
2742 3488 2834 3542 τὸν
2864 3487 3018 3542 Θεόν.
3059 3483 3366 3554 Ἐνέπρησε
3413 3480 3473 3533 δὲ
3504 3477 3606 3532 καὶ

350 3577 644 3640 admodum
685 3574 954 3646 propheta
1000 3575 1091 3631 ille
1123 3576 1172 3630 ei
1226 3573 1527 3628 immolanti
1578 3571 1923 3642 praedixerat,

2028 3593 2098 3646 τὰ
2121 3589 2449 3658 ἀναθήματα
2481 3586 2589 3638 τῶν
2636 3581 2891 3648 εἰδώλων,
2949 3580 3043 3634 καὶ
3084 3579 3211 3641 τοὺς
3275 3576 3439 3645 ἱερεῖς
3499 3572 3606 3626 αὐ·-

349 3671 468 3732 fore
512 3668 714 3725 Josiam
741 3666 1033 3738 quemdam
1083 3681 1113 3720 e
1159 3667 1480 3737 posteritate
1523 3663 1800 3726 Davidica,
1831 3661 1924 3734 qui

2028 3685 2136 3738 τῶν
2165 3682 2500 3741 ἐθανάτωσε,
2538 3677 2632 3730 καὶ
2679 3675 2750 3728 τὰ
2778 3673 2886 3728 τῶν
2945 3669 3409 3744 ψευδοπροφητῶν
3465 3664 3608 3718 ὀστᾶ

349 3763 444 3824 illa
501 3762 748 3818 facturus
812 3769 958 3816 esset
1005 3778 1018 3814 :
1058 3758 1231 3830 idque
1296 3759 1500 3814 factum
1569 3767 1692 3830 post
1753 3772 1927 3812 annos

2028 3778 2162 3850 πυρί
2231 3775 2571 3830 κατέκαυσεν
2647 3770 2742 3824 ἐπὶ
2797 3767 2893 3821 τοῦ
2953 3763 3137 3838 βωμοῦ
3173 3805 3188 3831 ,
3247 3761 3305 3816 ὃν
3367 3760 3607 3850 ἀνέστη-

352 3866 626 3915 trecentos
674 3855 952 3924 sexaginta
987 3867 1177 3907 unum.
1224 3852 1368 3909 Idem
1413 3851 1577 3907 etiam
1629 3849 1923 3917 lsraelitas,

2028 3886 2117 3924 σεν
2177 3864 2485 3937 Ἰεροϐοάμ,
2542 3861 2685 3915 κατα
2733 3858 2832 3930 τὴν
2898 3856 2993 3910 τοῦ
3025 3853 3308 3926 προφήτου
3352 3849 3606 3920 1:96pm-

350 3951 446 4020 qui
497 3950 871 4019 captivitatem
913 3945 1240 4018 cllugerant.
1299 3943 1535 4010 monuit,
1585 3953 1645 3999 ut
1688 3944 1924 4014 patrium

2028 3981 2133 4026 σιν,
2185 3959 2244 4021 ὃς
2293 3957 2610 4020 θυσιάζοντι
2661 3950 2969 4024 προσῆλθεν
2992 3947 3208 4016 ἐκείνῳ,
3239 3944 3336 3998 καὶ
3370 3943 3610 4011 προεῖπε

349 4043 521 4099 neum
551 4039 816 4100 colerent.
843 4037 1067 4108 etleges
1095 4037 1453 4093 observarent
1479 4053 1496 4090 :
1521 4045 1575 4090 et
1605 4036 1839 4091 sublatis
1859 4052 1924 4091 ex

2028 4056 2202 4110 ταῦτα
2259 4053 2511 4120 ποιήσειν
2568 4047 2838 4116 ἀπόγονον
2887 4043 2981 4096 τοῦ
3015 4039 3178 4093 Δαϐὶδ
3214 4035 3428 4091 Ἰωσίαν
3462 4032 3611 4105 μετὰ

349 4135 499 4191 omni
537 4131 818 4205 provincia
847 4129 1177 4189 simulacris,
1206 4128 1519 4198 populoque
1548 4126 1921 4199 Hierosolyma

2028 4146 2316 4219 τριακόσια
2365 4142 2462 4212 ἐτη
2487 4138 2584 4194 καὶ
2611 4138 2875 4208 ἑξήκοντα
2898 4135 3034 4208 πρὸς
3057 4132 3158 4186 ἐνί.
3177 4131 3289 4190 Καὶ
3317 4127 3456 4199 πρὸς
3476 4127 3610 4192 τούς

354 4229 512 4300 113
547 4232 897 4296 congregato,
930 4221 1255 4293 Azymornm
1297 4219 1516 4285 festum,
1547 4218 1692 4288 quod
1720 4219 1927 4273 Pascha

2039 4218 2381 4309 Ἰσραηλίτας
2411 4235 2470 4288 δὲ
2507 4230 2792 4301 πορευθεὶς
2825 4230 3064 4291 Ἰωσίας,
3113 4227 3231 4279 ὅσοι
3263 4222 3362 4293 τήν
3397 4222 3608 4290 αἰχμα-

349 4333 569 4386 voeant,
602 4318 923 4383 celebravit,
975 4332 1039 4373 ac
1060 4317 1170 4370 vita
1203 4312 1493 4383 tranquilla
1527 4321 1668 4377 acta,
1706 4313 1924 4367 tandem

2028 4330 2229 4384 λωσίαν
2258 4327 2538 4394 διέφυγον,
2585 4319 2677 4374 τδν
2719 4318 2951 4388 πάτριον
3006 4315 3239 4387 παρῄνει
3271 4309 3610 4382 θρησκεύειν

350 4416 706 4487 sagittaictus
743 4411 899 4467 obiit.
926 4411 1061 4465 Nam
1096 4424 1190 4464 rex
1214 4406 1596 4480 Egyptiorum
1651 4407 1925 4470 Necltaus,

349 4508 554 4564 bellum
598 4506 768 4560 Medis
801 4504 1076 4568 illaturus,
1115 4517 1240 4557 cum
1284 4499 1519 4556 transitu
1560 4514 1657 4571 per
1681 4499 1925 4555 Judmam

350 4616 380 4653 τι
446 4597 596 4652 Josia
672 4594 1080 4664 prohiberetur,
1144 4591 1393 4662 quamvis
1469 4592 1589 4646 sine
1657 4589 1926 4644 maleﬁcio

352 4689 708 4745 transiturum
786 4684 1152 4754 promitteret,
1225 4697 1466 4752 pugnam
1525 4681 1791 4746 instruit,
1871 4691 1928 4736 et

349 4781 518 4858 Josia,
557 4779 687 4833 dum
739 4779 917 4833 aciem
953 4774 1257 4838 ordinaret,
1287 4773 1483 4843 sagitta
1537 4773 1669 4837 icto,
1716 4772 1926 4827 bellum

351 4873 536 4930 solvit.
589 4872 705 4926 lle:
756 4868 1131 4940 Hierosolyma
1183 4880 1439 4924 rcversns
1490 4865 1729 4932 decedit,
1780 4881 1924 4920 anno

354 4965 506 5037 regni
525 4963 804 5018 tricesimo
827 4960 1026 5031 primo,
1046 4958 1189 5029 quod
1205 4972 1378 5012 annos
1397 4967 1527 5024 ,octo
1546 4967 1710 5012 natus
1734 4973 1921 5013 susce-

355 5065 532 5130 perat.
557 5055 670 5111 Sub
694 5055 799 5108 hoc
832 5052 936 5108 fuit
964 5051 1229 5122 propheta
1258 5049 1544 5109 Jcrcmias.
1590 5049 1684 5119 qui
1711 5049 1920 5104 cladem

351 5147 744 5218 Hierosolymis
773 5144 1150 5201 imminentem
1186 5143 1534 5209 vaticinatus,
1575 5141 1692 5198 fore
1725 5142 1926 5210 pracdi-

349 5245 451 5310 xit,
513 5253 572 5297 ut
627 5240 697 5294 ab
726 5238 960 5310 Assyriis
981 5247 1331 5308 caperentur.
1375 5236 1562 5305 Neque
1613 5234 1701 5290 hic
1723 5237 1925 5299 solum,

350 5337 449 5394 sed
492 5347 548 5392 et
595 5333 850 5388 Ezechiel
885 5331 1094 5402 primus
1128 5330 1215 5384 his
1263 5329 1330 5384 de
1375 5328 1538 5384 rebus
1568 5327 1707 5383 duos
1756 5328 1926 5383 libros

353 5429 596 5499 reliquit,
671 5434 901 5494 uterque
979 5439 1046 5479 ex
1117 5421 1262 5475 tribu
1347 5419 1695 5476 sacerdotali.
1779 5421 1926 5481 Josia

351 5523 635 5582 defuncto.
691 5519 993 5574 Joacliasus
1038 5515 1183 5570 ﬁlius
1215 5515 1335 5584 ejus
1382 5529 1556 5568 annos
1583 5514 1771 5584 viginti
1817 5525 1927 5568 tres

351 5623 533 5678 natus,
577 5627 808 5684 regnare
843 5609 1055 5682 incipit,
1098 5607 1263 5662 homo
1312 5605 1535 5676 impius,
1562 5621 1724 5677 quem
1756 5605 1922 5677 Egy-

351 5707 431 5774 pti
480 5723 572 5762 rex
610 5723 640 5761 a
701 5705 847 5760 bello
885 5717 1160 5767 reversus,
1221 5700 1276 5755 in
1297 5699 1516 5754 vincula
1550 5699 1807 5768 conjecit,
1861 5715 1924 5754 ac

354 5813 578 5866 regnum
612 5799 809 5866 seniori
850 5798 1001 5858 fratri
1034 5796 1299 5854 Eliacimo
1343 5793 1512 5862 dedit,
1549 5803 1758 5852 mutato
1803 5794 1924 5866 ejus

838 5889 851 5902 ο
891 5887 1105 5908 *σ’ςννξ.
1141 5901 1189 5908 --ἱ
1245 5901 1338 5908 νγ-.

2026 4421 2182 4482 Θεὸν.
2213 4417 2308 4471 καὶ
2353 4417 2498 4469 κατὰ
2547 4414 2748 4483 νόμους
2801 4407 2970 4480 βιοῦν.
3026 4409 3135 4460 Καὶ
3173 4408 3230 4471 ἐξ
3256 4406 3474 4472 ἀπάσης
3503 4399 3610 4467 τῆς

2028 4511 2212 4583 χώρας
2250 4507 2521 4578 ἀφανίσας
2574 4509 2644 4559 τα
2701 4503 2920 4568 εἴδωλα,
2978 4502 3060 4562 είς
3126 4494 3488 4568 Ἰερουσαλὴμ
3543 4488 3610 4543 τὸ

2029 4603 2235 4672 πλῆθος
2271 4600 2570 4668 συνήγαγε,
2599 4601 2696 4651 καὶ
2723 4597 2823 4668 τήν
2851 4596 2957 4649 τῶν
2995 4592 3253 4662 Ἀζύμων
3289 4589 3508 4658 ἑορτὴν,
3538 4587 3610 4657 ἧν

2028 4693 2221 4762 Πάσχα
2247 4689 2523 4754 καλοῦσιν,
2551 4688 2817 4760 ἑώρτασε.
2852 4688 2975 4740 Βίον
3004 4685 3061 4738 δὲ
3091 4682 3368 4754 εἰρηνικὸν
3407 4679 3614 4744 διαγαο

2027 4782 2162 4851 γὼν,
2187 4780 2464 4846 τοξευθεὶς
2493 4780 2586 4832 ἐπὶ
2615 4778 2794 4841 τέλει,
2826 4779 2916 4830 τὸν
2945 4775 3060 4846 βίον
3105 4769 3501 4842 κατέστρεψεν.
3543 4767 3606 4820 '0

2027 4877 2137 4946 γὰρ
2165 4876 2276 4928 τῶν
2303 4872 2618 4940 Αἰγυπτίων
2645 4870 2899 4942 βασιλεὺς
2939 4870 3136 4940 Νεχαὼ
3176 4868 3398 4936 Μήδους
3446 4873 3611 4916 πολε-

2032 4971 2222 5038 μήσων
2247 4965 2434 5037 ἀπῄει,
2461 4963 2610 5036 εἶργε
2648 4964 2707 5017 δὲ
2737 4964 2897 5018 αὐτὸν
2932 4963 3141 5023 Ἰωσίας
3168 4961 3255 5014 διὰ
3283 4960 3384 5030 τῆς
3415 4957 3607 5028 χώρας

2024 5058 2190 5117 αὐτοῦ
2225 5057 2535 5125 παρελθεῖν.
2605 5055 2666 5108 '0
2719 5054 2777 5106 δὲ
2831 5053 2908 5124 μὴ
2941 5054 3026 5106 ἐπ’
3080 5053 3243 5107 αὐτὸν
3279 5050 3604 5120 στρατεύειν

2024 5151 2214 5222 ἐδήλου
2243 5151 2412 5222 αὐτῷ.
2442 5149 2655 5215 Ἰωσίας
2686 5149 2743 5202 δὲ
2777 5147 2837 5200 οὐ
2875 5147 3112 5217 μεθίετο.
3161 5145 3300 5213 Ἤδη
3342 5143 3436 5197 οὖν
3465 5158 3609 5212 παρ-

2023 5245 2315 5303 ετάσσοντο
2381 5243 2772 5313 μαχεσόμενοι,
2833 5241 2927 5293 καὶ
2984 5238 3198 5292 Ἰωσίαν
3231 5239 3605 5291 διατάσσοντα

2025 5338 2341 5390 τύνοίκεῖον
2391 5334 2518 5389 λαὸν
2549 5333 2811 5399 τοξεύσας
2855 5332 3178 5401 Αἰγύπτιος,
3224 5331 3316 5383 τὸν
3362 5329 3605 5401 πόλεμον

2025 5429 2235 5487 ἔλυσεν.
2280 5429 2338 5482 '0
2367 5428 2425 5480 δὲ
2453 5427 2706 5496 βασιλεὺς
2737 5425 3038 5492 ἀναζεύξας
3077 5425 3156 5488 εἰς
3221 5423 3600 5494 Ἰεροσόλυμα,

2023 5523 2272 5591 τελευτᾷ,
2310 5520 2636 5590 βασιλεύσας
2671 5519 2766 5587 ἔτη
2794 5518 3091 5588 τριάκοντα
3120 5517 3255 5588 πρὸς
3288 5518 3392 5576 ἐνὶ,
3421 5515 3596 5584 ζήσας

2021 5613 2078 5674 δὲ
2109 5613 2213 5681 πρὸ
2249 5611 2348 5679 τῆς
2396 5611 2674 5678 βασιλείας
2720 5609 2883 5664 ὀκτώ.
2936 5610 3058 5662 Ἐπὶ
3087 5609 3296 5663 τούτου,
3320 5608 3598 5677 Ἱερεμίας

2020 5697 2086 5774 ἦν
2111 5704 2139 5754 ὁ
2174 5702 2481 5772 προφήτης,
2520 5701 2578 5764 ὃς
2606 5700 2701 5754 καὶ
2721 5701 2790 5754 τὰ
2817 5701 3199 5772 συμϐήσεσθαι
3229 5699 3494 5770 μέλλοντα
3523 5702 3593 5771 τῇ

2033 5792 2393 5866 Ἰερουσαλήμ
2421 5793 2570 5860 δεινά
2594 5793 2996 5871 προηγόρευσε,
3017 5795 3111 5851 καὶ
3136 5791 3234 5869 τήν
3261 5793 3366 5849 ὐπὸ
3394 5791 3596 5849 Ἀσσυ-
