3926 6210
337 351 460 416 2m

1651 341 1978 405 JOANNIS
2007 343 2356 404 ΖΟΝΑΒΈ..

3504 345 3618 410 ιὲσ

337 470 584 525 miserat.
616 463 810 520 Neutri
835 470 1022 518 autent
1060 461 1224 518 tidem
1253 431 1528 524 adhibuit,
1579 461 1830 516 fortassis
1854 460 1924 514 oh

2047 459 2155 529 ιιὴλ
2185 461 2244 511 ἐν
2267 458 2556 513 Βαϐυλῶνι
2588 461 2876 531 προέλεγε,
2897 463 2992 514 καὶ
3015 459 3237 531 γράψας
3267 460 3620 517 ἀπέσταλκεν

338 559 766 615 dissensionem.
789 555 924 611 Nam
957 555 1012 609 in
1039 554 1254 610 caeteris
1275 553 1495 624 quidem
1525 553 1922 623 congruebant,

325 654 407 708 .de
458 649 686 706 Sedecia
745 658 926 702 autem
978 647 1310 700 videbantur
1386 646 1742 715 discrepare,
1799 659 1926 699 cum

341 743 598 800 Ezechiel
624 757 751 797 eum
781 740 1111 811 Babylonem
1147 754 1256 793 non
1292 738 1539 792 visurum
1566 737 1927 807 praedixisset,

341 835 610 891 Jeremias
687 833 967 902 captivum
1059 830 1360 885 abductum
1448 830 1515 884 iri
1601 828 1929 900 Babylom-m

343 928 756 983 vaticinaretur.
795 923 901 979 Sed
921 933 978 978 et
995 923 1084 978 illa
1100 923 1244 976 inter
1255 938 1313 978 se
1333 921 1782 977 consentiebant:
1802 935 1930 974 nam

347 1029 582 1076 emeatus
611 1019 664 1070 in
701 1016 907 1078 Iudaea.
933 1014 1258 1085 etcapxivus
1288 1014 1557 1070 abductus
1594 1012 1931 1083 Babylonem

323 1130 458 1173 non
491 1111 649 1164 \idit.
700 1109 802 1164 llic
831 1107 1091 1163 Sedecias
1128 1106 1443 1176 Babyloniis
1471 1121 1569 1174 per
1609 1115 1733 1160 octo
1759 1120 1937 1159 annos

350 1214 563 1258 servata
587 1201 691 1254 tide
705 1199 1073 1270 adAﬁgyptios
1103 1197 1406 1253 inclinavit.
1427 1197 1541 1262 Qua
1563 1196 1630 1252 de
1648 1211 1810 1250 causa
1824 1196 1935 1250 Na-

349 1291 1418 1363 buchodonosorllierosolymaobsedit,
1452 1289 1756 1360 proﬂigatis
1783 1289 1939 1359 prius

350 1387 640 1456 Egyptiis,
663 1385 754 1453 qui
779 1383 984 1438 Judaeis
996 1383 1280 1451 suppetias
1297 1379 1626 1435 veniebant:
1650 1393 1788 1448 quos
1803 1378 1933 1433 dum

355 1488 800 1548 persequeretur,
859 1475 1132 1545 negabant
1193 1472 1686 1543 pseudoprophetze
1749 1471 1938 1526 hostes

355 1570 546 1624 urbem
585 1584 746 1638 porro
769 1569 1110 1623 obsessums.
1139 1565 1405 1620 Jeremias
1425 1573 1639 1625 contra,
1656 1572 1712 1617 et
1737 1562 1939 1616 reditu-

356 1679 466 1722 ros.
500 1671 836 1731 etcapturns
871 1661 1086 1719 urbem.
1139 1668 1188 1714 et
1210 1669 1504 1712 eversuros
1530 1655 1854 1722 allirmabat,
1881 1665 1939 1712 et

355 1753 620 1822 templum
650 1754 996 1815 incensuros,
1027 1761 1082 1806 et
1109 1750 1292 1820 populi
1322 1749 1586 1818 reliquias
1612 1749 1667 1802 in
1696 1747 1935 1817 captivi-

2029 551 2110 612 είς
2143 549 2518 618 Ἱεροσόλυμα.
2589 551 2892 619 Ἥπίστησε
2923 550 2982 604 δέ
3016 551 3223 618 ἀμφοῖν
3256 553 3368 608 τοῖς
3395 554 3618 621 προφή-

2029 657 2151 704 ταις
2173 643 2200 694 6
2228 641 2501 705 Σεδεκίας,
2537 641 2612 704 ὡς
2644 641 2787 712 τάχα
2809 641 3169 712 διαφωνοῦσι.
3205 642 3342 712 Περὶ
3373 643 3472 711 μὲν
3508 644 3621 713 γάρ

2029 733 2139 787 τῶν
2191 733 2372 789 ἄλλων
2431 733 2796 803 συνεφώνουν,
2856 736 2989 806 περὶ
3049 735 3107 788 δέ
3165 734 3332 788 αὐτοῦ
3363 736 3620 790 Σεδεκίου

2033 828 2252 880 ἐδόκουν
2285 827 2686 884 ἐναντιοῦσθαι.
2730 828 2993 900 Ἰεζεκιὴλ
3021 830 3120 900 μὲν
3147 829 3258 900 γὰρ
3289 830 3365 900 μὴ
3389 829 3618 899 ὄψεσθαι

2031 922 2133 991 τὴν
2158 921 2452 974 Βαϐυλῶνα
2473 921 2638 974 αὐτὸν
2676 922 3076 992 προεφήτευεν,
3120 922 3393 992 Ἱερεμίας
3438 923 3492 976 δὲ
3529 924 3620 976 δέ-

2037 1029 2197 1081 σμιον
2228 1013 2389 1065 αὐτὸν
2415 1014 2736 1084 ἀπαχθῆναι
2785 1013 2924 1083 πρὸς
2963 1014 3265 1068 Βαϐυλῶνα
3324 1015 3619 1082 προέλεγε.

2035 1103 2254 1173 Συνῳδὰ
2280 1103 2336 1156 δὲ
2361 1106 2474 1166 τοῖς
2503 1104 2818 1174 προφήταις
2843 1103 2939 1158 καὶ
2962 1105 3030 1156 τὰ
3057 1105 3189 1175 περὶ
3212 1105 3406 1160 τούτου
3430 1108 3622 1176 προεί-

2039 1209 2238 1266 ρηντο·
2294 1195 2599 1262 τυφλωθεὶς
2642 1197 2746 1267 γὰρ
2809 1198 2868 1249 ὲν
2926 1197 3180 1266 Ἰουδαίᾳ,
3237 1199 3332 1251 καὶ
3391 1199 3623 1267 δέσμιος

2035 1287 2327 1358 ἀπαχθεὶς,
2354 1288 2454 1358 τὴν
2482 1288 2779 1342 Βαϐυλῶνα
2810 1289 2912 1342 οὐκ
2940 1289 3226 1343 ἐθεάσατο.
3263 1284 3433 1353 Οὗτος
3463 1293 3492 1344 6
3522 1292 3624 1344 Σε-

2036 1379 2220 1442 δεκίας
2277 1381 2372 1433 ἐπὶ
2408 1379 2502 1453 ἔτη
2534 1380 2681 1436 ὀκτὼ
2727 1382 2977 1452 τηρήσας
3011 1382 3108 1449 τὴν
3137 1382 3322 1435 πίστιν
3345 1383 3447 1452 τὴν
3479 1383 3626 1454 πρὸς

2037 1472 2127 1526 τὸν
2184 1472 2548 1539 Βαῦυλώνιον,
2613 1473 2751 1542 πρὸς
2796 1475 2926 1536 τοὺς
2958 1474 3293 1542 Αἰγυπτίους
3332 1475 3623 1531 ἀπέκλινε.

2039 1565 2129 1617 Διὸ
2164 1566 2503 1635 στρατεύσας
2527 1567 2556 1618 6
2605 1567 3120 1638 Ναϐουχοδονόσορ,
3159 1567 3471 1639 ἐπολιόρκει
3518 1568 3634 1636 τὴν»

2052 1657 2428 1728 Ἰερουσαλήμ.
2487 1659 2610 1713 Τῶν
2654 1660 2699 1714 δ’
2766 1660 3085 1728 Αίγυπτίων
3143 1661 3225 1723 είς
3295 1661 3628 1729 συμμαχίαν

2041 1755 2288 1822 ἡκόντων
2321 1755 2436 1818 τοῖς
2458 1752 2760 1818 Ἰουδαίοις,
2795 1757 3228 1826 προϋπαντήσας
3255 1757 3438 1824 σφίσιν
3462 1761 3491 1809 ὁ
3513 1755 3628 1808 Βα-

356 1855 521 1900 tzrtem
567 1846 928 1905 abducturos.
969 1844 1062 1898 ubi
1101 1843 1406 1898 serviturus
1448 1850 1594 1896 esset
1627 1854 1809 1895 annos
1845 1855 1938 1895 se-

2047 1817 2328 1909 δυλώνιος,
2389 1817 2484 1899 καὶ
2522 1817 2868 1917 τρεψάμενος
2929 1817 3130 1913 αὐτοὺς
3184 1817 3394 1901 διώκει.
3454 1851 3518 1903 Ol
3561 1849 3626 1902 δὲ

356 1939 660 2010 pluaginta,
691 1939 866 1992 donec
889 1939 1065 1993 Persa:
1087 1936 1284 1992 etMedi
1306 1935 1730 2006 Babyloniorum
1763 1933 1941 2001 impe-

361 2039 503 2091 rium
537 2036 943 2090 destruxissent
964 2055 975 2089 :
998 2045 1193 2089 actum
1224 2033 1448 2087 demum
1480 2047 1542 2086 ca
1560 2029 1937 2101 ptivosdimis-

359 2143 480 2184 sum
535 2129 623 2192 iri,
654 2139 710 2184 et
754 2128 1015 2198 templum
1071 2136 1235 2196 atque
1287 2124 1481 2179 urbem
1513 2123 1938 2177 instauraturos.

359 2220 652 2274 Jeremiam
687 2220 804 2274 hanc
841 2226 1249 2274 asseverantem
1297 2231 1390 2271 rex
1431 2223 1488 2272 et
1535 2215 1699 2271 anlici
1751 2227 1944 2284 proce-

363 2327 452 2365 res
509 2311 666 2381 115
712 2311 1147 2366 subsannahant.
1199 2309 1304 2376 Qui
1367 2323 1494 2364 cum
1541 2307 1841 2378 aliquando
1886 2308 1942 2362 in

363 2403 594 2473 patriam
657 2403 992 2458 Anatholam
1036 2401 1182 2469 iret,
1230 2401 1300 2456 in.
1329 2401 1470 2456 viaa
1518 2401 1766 2472 principe
1805 2416 1944 2470 quo-

364 2496 490 2550 dam
521 2511 620 2566 pro
657 2495 938 2566 transfuga
978 2493 1444 2564 comprehensus,
1488 2493 1556 2548 ad
1593 2492 1947 2564 magistratus

365 2586 702 2640 addutitur‘:
744 2601 778 2639 a
816 2585 1020 2655 quibus
1058 2584 1440 2648 excruciatus,
1487 2583 1555 2639 ad
1609 2583 1946 2654 supplicium

368 2680 771 2733 assenabatur.
820 2680 977 2733 Anno
1035 2677 1188 2748 regni
1243 2676 1486 2732 Sedecia:
1541 2688 1711 2741 nono,
1753 2691 1946 2732 senun-

366 2770 497 2824 duin
528 2771 842 2842 aggreditur
883 2771 1261 2840 Hierosolyma
1290 2768 1620 2840 Babylonius
1661 2787 1675 2824 :
1709 2784 1946 2840 eumque

369 2859 565 2914 urbem
627 2873 844 2912 menses
895 2858 1202 2914 octodecim
1255 2857 1543 2914 obsidione
1605 2859 1897 2929 pressisset
1927 2899 1943 2926 ,

369 2953 438 3007 ad
475 2951 730 3006 hostilem
770 2961 975 3006 metum
1016 2951 1188 3006 fames
1219 2959 1275 3006 et
1305 2951 1475 3021 pestis
1517 2953 1768 3008 accessit.
1805 2954 1946 3008 Tum

366 3045 633 3101 Jeremias
679 3045 734 3098 in
786 3061 1008 3101 carcere
1051 3044 1460 3101 multitudinem
1511 3047 1856 3114 adhortatur,
1888 3056 1949 3104 ut

2041 1937 2508 2011 ψευδοπροφῆται,
2529 1941 2730 2011 μηκέτι
2759 1942 2886 2004 τοὺς
2909 1941 3206 2011 πολεμίους
3234 1942 3627 2012 πολιορκήσειν

2042 2031 2242 2096 αὐτοὺς
2302 2031 2528 2100 ελεγον
2588 2033 2866 2105 Ἱερεμίας
2904 2033 2982 2099 δὲ,
3018 2033 3116 2088 καὶ
3150 2034 3493 2106 ὑποστρέψαι
3521 2037 3630 2089 αὐ-

2041 2124 2192 2189 τοὺς,
2249 2126 2344 2180 καὶ
2369 2125 2470 2197 τήν
2498 2125 2658 2179 πόλιν
2690 2127 2938 2196 αἱρήσειν
2981 2126 3074 2180 καὶ
3095 2127 3494 2197 κατασκάψειν,
3526 2127 3629 2180 καὶ

2043 2215 2134 2271 τὸν
2186 2217 2315 2270 ναὸν
2345 2218 2656 2290 ἐμπρήσειν
2676 2258 2691 2281 ,
2734 2219 2831 2271 καὶ
2883 2218 2974 2271 τὸν
3025 2217 3156 2272 λαὸν
3185 2217 3275 2271 τὸν
3301 2219 3440 2281 τέως
3465 2234 3630 2288 περι-

2043 2307 2476 2378 λειφθησόμενον
2529 2307 2766 2373 ἀπάξειν
2836 2309 3180 2379 προηγόρευέ
3244 2308 3628 2379 δορυάλωτον,

2043 2400 2131 2454 ἐπ’
2181 2400 2275 2472 ἐτη
2306 2400 2664 2455 δουλεύσαντα
2697 2401 3108 2470 ἐϐδομήκοντα,
3155 2402 3348 2471 μέχρις
3396 2395 3456 2455 οὗ
3485 2401 3625 2472 Πέρ-

2045 2509 2134 2548 σαι
2192 2495 2289 2547 καὶ
2361 2494 2538 2564 Μῆδοι
2598 2494 2697 2564 τὴν
2775 2492 3138 2547 Βασυλωνίων
3202 2494 3382 2564 ἀρχὴν
3447 2510 3616 2547 καταο

2043 2585 2286 2640 λύσουσι.
2352 2585 2487 2638 Τότε
2532 2585 2590 2639 δέ
2648 2584 2882 2653 λυθῆναι
2931 2587 3032 2656 τῆς
3089 2584 3472 2655 αἰχμαλωσίας
3528 2586 3633 2639 αὐ-

2043 2679 2210 2744 τοὺς,
2273 2677 2501 2732 καὶτὸν
2533 2677 2662 2732 ναὸν
2725 2673 2883 2740 αὖθις
2954 2678 3047 2732 καὶ
3111 2677 3212 2748 τήν
3271 2675 3428 2729 πόλιν
3473 2677 3632 2730 ἀνοι-

2045 2772 2369 2840 κοδομῆσαι.
2441 2769 2609 2824 Ταῦτ’
2681 2770 2870 2838 ἔλεγεν
2948 2771 3241 2840 Ἱερεμίας.
3319 2770 3379 2823 Ὁ
3426 2769 3489 2822 δὲ’
3527 2770 3631 2833 βα·

2048 2865 2229 2927 σιλεὺς
2307 2864 2400 2917 καὶ
2471 2865 2519 2916 oi
2582 2864 2710 2933 περὶ
2779 2862 2943 2917 αὑτὸν
3004 2864 3128 2925 τοὺς
3187 2862 3379 2928 λόγους
3451 2859 3629 2914 αὑτοῦ

2047 2955 2435 3028 ἐμυκτήριςον.
2453 2955 2696 3009 ’Ᾱπιόντι
2723 2953 2780 3008 δὲ
2807 2953 2886 3024 τῷ
2907 2955 3167 3026 προφήτῃ
3197 2954 3332 3024 πρὸς
3381 2951 3630 3006 Ἀναθὼθ

2046 3049 2147 3121 τὴν
2199 3049 2454 3120 πατρίδα,
2497 3049 2838 3119 συναντήσας
2896 3065 2980 3110 τις
3022 3046 3133 3100 τῶν
3180 3047 3478 3117 ἀρχόντων,
3529 3044 3634 3099 καὶ

367 3133 732 3205 Babylonium
760 3135 1029 3203 recipiant
1052 3174 1066 3198 ,
1097 3133 1178 3188 sic
1217 3133 1334 3190 fore
1368 3135 1708 3203 incolumes,
1740 3139 1943 3210 alioqui

2058 3141 2366 3212 κατασχὼν,
2417 3141 2492 3202 ὡς
2529 3139 2826 3212 αὐτόμολον
2863 3140 3039 3212 ήγαγε
3083 3138 3220 3210 πρὸς
3256 3138 3380 3201 τοὺς
3427 3137 3634 3207 ἄρχον-

365 3227 452 3281 vel
514 3225 656 3280 fame
726 3226 810 3280 vel
871 3224 1051 3294 gladio
1102 3226 1378 3295 perituros
1420 3245 1434 3282 :
1475 3229 1569 3299 qui
1629 3238 1812 3287 autem
1877 3232 1948 3288 ad

369 3317 557 3370 hostes
615 3317 943 3382 transisset,
1003 3326 1236 3372 mortem
1293 3319 1617 3376 vitaturum.
1674 3321 1947 3380 Caeterum

368 3409 650 3479 propheta:
721 3408 883 3461 tidem
965 3408 1206 3465 habebat
1276 3427 1482 3478 nemo;
1559 3413 1730 3470 duces
1781 3418 1946 3474 etiam

371 3516 553 3571 regem
593 3510 785 3556 contra
831 3518 956 3557 eum
1010 3504 1343 3571 instigabant
1375 3523 1388 3559 :
1417 3507 1513 3576 qui
1562 3511 1948 3580 tempori'ser-

371 3595 559 3659 viens,
596 3611 722 3650 eum
772 3596 882 3650 illis
909 3596 1105 3659 tradit.
1137 3607 1199 3651 ut
1227 3613 1327 3654 suo
1354 3599 1898 3657 arbitratu-tractent
1929 3620 1944 3656 :

367 3703 531 3756 quem
586 3688 660 3742 illi
712 3688 766 3742 in
812 3690 992 3743 lacum
1033 3705 1318 3746 creuosnm
1373 3693 1746 3763 coniecerunt.
1793 3695 1949 3752 Unde

368 3781 627 3836 Sedecias
673 3791 980 3836 extractum
1020 3791 1077 3838 et
1116 3783 1263 3838 clam
1315 3786 1643 3840 accersitum
1714 3785 1952 3842 interro-

368 3883 478 3943 gat,
511 3873 644 3943 quid
689 3875 756 3928 de
794 3874 1122 3946 urgentibus
1156 3876 1317 3932 malis
1362 3877 1639 3934 sentiret?
1676 3879 1949 3949 Propheta

370 3966 561 4020 urbem
629 3967 926 4037 Babylonio
991 3968 1295 4024 dedendam
1367 3978 1600 4035 censet,
1649 3987 1949 4043 regemque

368 4067 578 4114 metum
623 4058 774 4112 exitii
829 4069 1145 4115 eausantem
1190 4060 1520 4127 conﬁrmat,
1563 4062 1609 4116 si
1653 4062 1943 4133 obtempe-

369 4160 584 4215 rasset,
620 4150 756 4204 nihil
805 4151 856 4206 ei
898 4164 1062 4222 grave
1095 4161 1425 4207 eventurum
1469 4171 1483 4208 :
1521 4154 1707 4225 itaque
1761 4156 1950 4211 dimit-

372 4243 526 4296 titur.
580 4242 651 4298 At
705 4242 1038 4314 Babylonius
1081 4257 1278 4312 magna
1325 4243 1378 4297 vi
1433 4244 1626 4300 urbem
1681 4246 1948 4312 adortus,

369 4335 666 4392 undecimo
725 4335 874 4408 regni
915 4334 1158 4391 Sedecias
1204 4351 1350 4391 anno
1390 4335 1557 4406 capit.
1601 4336 1859 4394 Sedecias
1883 4354 1950 4393 ex

371 4429 508 4485 urbe
539 4429 792 4501 fugiens,
820 4429 889 4483 ab
916 4428 1171 4484 hostibus
1213 4444 1337 4485 cum
1366 4429 1557 4484 liberis
1588 4439 1646 4485 et
1685 4431 1950 4487 uxoribus

2048 3252 2167 3300 ταςο
2203 3234 2251 3288 οἳ
2281 3235 2628 3304 αἰκισάμενοι
2652 3232 2816 3288 αὑτὸν
2833 3232 3068 3302 ἐτήρουν
3093 3232 3174 3294 είς
3193 3231 3435 3284 κόλασιν.
3470 3229 3636 3283 Κατὰ

2048 3327 2106 3382 δέ
2146 3331 2207 3381 τδ
2247 3327 2467 3382 ἔννατον
2517 3327 2636 3390 έτος
2671 3327 2771 3396 τῆς
2806 3324 3084 3395 βασιλείας
3119 3323 3399 3387 Σεδεκίου,
3450 3323 3634 3378 ἔπεισι

2047 3423 2108 3476 τὸ
2139 3421 2392 3492 δεύτερον
2420 3420 2564 3475 κατὰ
2599 3419 2708 3474 τῶν
2765 3419 3156 3491 Ἱεροσολύμων
3193 3419 3222 3471 6
3258 3416 3633 3482 Βαὸυλώνιος·

2049 3517 2144 3568 καὶ
2188 3513 2272 3584 ἐφ’
2289 3513 2386 3566 ἕνα
2417 3513 2555 3583 πρὸς
2588 3511 2667 3582 τῷ
2698 3511 2888 3583 ήμίσει
2916 3509 3182 3572 ἐνιαυτὸν,
3223 3508 3498 3580 κραταιῶς
3531 3509 3639 3578 τὴν

2049 3607 2206 3660 πόλιν
2247 3605 2547 3676 πολιορκεῖ.
2591 3604 2671 3675 Τῇ
2715 3603 2771 3656 δὲ
2819 3603 3128 3673 πολιορκίαν
3159 3602 3256 3655 καὶ
3287 3600 3456 3670 λιμὸς
3500 3618 3636 3653 συν-

2048 3693 2274 3767 ηνέχθη,
2322 3691 2416 3748 καὶ
2457 3691 2552 3746 ἐπὶ
2598 3691 3078 3760 τούτουςλοιμός.
3128 3689 3398 3762 Ἱερεμίας
3433 3689 3490 3743 δὲ
3535 3689 3638 3744 καὶ

2050 3786 2446 3856 καθειργμένος
2489 3785 2744 3850 δέξασθαι
2796 3784 2889 3837 τὸν
2934 3782 3280 3836 Βαϐυλώνιον
3328 3781 3640 3852 παρεκάλει

2050 3877 2110 3930 τὸ
2137 3876 2361 3946 πλῆθος·
2397 3874 2743 3946 σωθήσεσθαι
2772 3875 2882 3942 γὰρ
2913 3872 3076 3926 οὕτωσ
3113 3874 3161 3925 εἰ
3197 3869 3342 3937 δὀὒ,
3372 3872 3644 3941 μένοντας

2051 3967 2369 4021 ἀπολεῖσθαι
2420 3967 2453 4039 ἧ
2500 3965 2644 4036 λιμῷ
2690 3965 2722 4036 ἢ
2774 3965 3020 4036 μαχαίρᾳ
3047 3981 3060 3994 ο
3095 3966 3144 4016 εί
3173 3963 3229 4016 δέ
3257 3981 3344 4027 τις
3383 3980 3644 4034 προσχω-

2054 4061 2212 4131 ρήσει
2229 4062 2342 4120 τοῖς
2360 4059 2659 4127 πολεμίοις,
2678 4057 2769 4110 τὸν
2786 4057 3038 4118 θάνατον,
3064 4057 3241 4122 ἔλεγε,
3260 4055 3638 4122 διαφεύξεται.

2051 4151 2241 4206 Οὑδενὶ
2267 4157 2455 4220 μέντοι
2499 4149 2688 4212 πιστὸς
2717 4149 2745 4202 6
2773 4151 3062 4219 προφήτης
3089 4147 3388 4216 λελόγιστο.
3421 4149 3486 4202 υἱ
3510 4147 3554 4200 δ’
3577 4149 3643 4218 ή-

2051 4245 2281 4315 γεμόνις
2307 4244 2404 4296 καὶ
2439 4240 2840 4313 προσηρέθιζον
2865 4240 2986 4294 κατ’
3025 4241 3236 4294 ἐκείνου
3267 4242 3356 4292 τὸν
3389 4239 3637 4309 βασιλέα.

2067 4339 2125 4392 '0
2158 4336 2214 4390 δὲ
2254 4335 2344 4390 διὰ
2388 4334 2481 4388 τὸν
2518 4333 2713 4404 καιρὸν
2757 4332 2956 4394 αὐτοὺς
3003 4329 3344 4401 θεραπεύων,
3370 4329 3642 4382 ἐνέδωκεν

2053 4429 2251 4492 αὐτοὺς
2299 4425 2610 4498 χρήσασθαι
2654 4423 2732 4494 τῷ
2777 4424 3032 4494 προφήτῃ
3063 4423 3138 4485 ὡς
3172 4421 3476 4492 βούλονται.
3524 4421 3637 4474 Κάν

369 4521 608 4588 capitur,
653 4534 684 4572 a
736 4518 850 4573 suis
900 4519 1137 4574 ducibus
1183 4528 1238 4574 et
1272 4520 1508 4585 amicis,
1537 4521 1661 4576 aliis
1702 4522 1814 4576 alio
1867 4521 1943 4575 di-

2055 4523 2223 4575 κεῖνοι
2263 4519 2428 4573 αὐτὸν
2471 4520 2551 4582 είς
2585 4517 2789 4570 λάκκον
2825 4514 3136 4586 βορϐορώδη
3171 4513 3444 4566 ἐνέϐαλον.
3485 4512 3627 4564 Σεδε·

372 4612 580 4681 lapsis,
641 4610 964 4666 destitutus.
1017 4611 1350 4682 Babylonius
1422 4612 1489 4664 ad
1551 4627 1610 4666 se
1675 4612 1944 4681 perducto

373 4705 648 4772 ingratum
695 4701 938 4756 animum
969 4709 1024 4757 et
1063 4701 1345 4771 perfidiam
1378 4701 1713 4770 exprobrat,
1742 4701 1948 4756 liberos

370 4805 538 4866 atque
585 4792 795 4848 amicos
845 4793 902 4846 in
951 4791 1072 4861 eius
1120 4799 1418 4860 conspectu
1468 4790 1707 4861 iugulari
1749 4791 1947 4860 jubet,

373 4891 554 4959 ipsum
584 4885 805 4943 effossis
852 4883 1030 4940 oculis
1059 4885 1304 4938 vinetum
1336 4883 1665 4955 Babylonem
1699 4883 1948 4939 adducit.

372 4982 512 5038 Tum
565 4980 786 5035 demum
839 4977 1041 5043 sensit,
1089 4986 1382 5046 utrumque
1423 4976 1747 5047 prophetam
1782 4976 1950 5033 fuisse

371 5090 650 5130 veracem.
715 5072 816 5128 Hic
864 5080 1174 5142 postremus
1233 5069 1339 5124 fuit
1404 5069 1624 5125 familiae
1676 5069 1949 5126 Davidicze

375 5183 588 5240 regum,
616 5166 711 5236 qui
747 5178 979 5219 numero
1011 5161 1206 5233 viginti
1239 5177 1382 5216 unus
1413 5161 1634 5217 fuerant
1665 5162 1906 5218 universi
1932 5181 1948 5217 :

373 5262 614 5332 elapsis,
651 5274 719 5314 ex
740 5274 850 5329 quo
889 5256 1018 5311 Saul
1065 5270 1288 5326 regnum
1321 5254 1561 5319 inierat,
1601 5255 1762 5311 annis
1789 5257 1954 5325 quin-

375 5355 555 5426 gentis
609 5361 664 5408 et
720 5347 1171 5421 quatuordecim,
1218 5346 1503 5401 mensibus
1573 5361 1706 5413 sex,
1755 5346 1952 5401 diebus

376 5448 673 5510 sexdecim.
705 5443 1065 5502 Nabuzardan
1091 5439 1644 5496 Nabuchodonosoris
1695 5439 1954 5511 magister

378 5555 722 5614 coquorum,
768 5538 923 5608 jussu
1008 5534 1152 5605 regis
1209 5541 1264 5588 et
1313 5533 1577 5603 templum
1639 5540 1696 5586 et
1746 5532 1950 5601 regiam

379 5634 665 5697 incendit,
710 5641 767 5686 et
815 5627 1006 5684 urbem
1060 5626 1295 5686 evertit.
1327 5625 1479 5678 omni
1524 5633 1720 5679 ornatu
1766 5623 1952 5693 templi

379 5726 632 5792 Spoliato.
682 5723 996 5781 Crematum
1047 5725 1131 5774 est
1186 5716 1447 5786 templum
1493 5729 1639 5770 anno
1687 5714 1956 5784 quadrin-

381 5821 683 5886 gentesimo
723 5813 1148 5890 septuagesimo,
1186 5827 1370 5869 mense
1411 5819 1584 5878 sexto,
1615 5809 1704 5866 die
1739 5809 1957 5865 decimo

2057 4615 2180 4676 κίας
2223 4613 2280 4666 δέ
2320 4611 2480 4664 τοῦτο
2528 4609 2743 4679 μαθὼν,
2773 4607 3174 4677 ἀνελκυσθῆναι
3206 4605 3368 4658 αὐτὸν
3422 4604 3643 4658 ἐκεῖθεν

2058 4705 2310 4757 ἐκέλευσε
2332 4720 2345 4734 ·
2394 4703 2488 4756 καὶ
2521 4702 2698 4772 λάθρα
2729 4703 2984 4764 καλέσας.
3033 4701 3198 4771 ήρετο
3231 4699 3284 4752 τί
3326 4714 3460 4767 φησι
3497 4698 3643 4768 πρὸς

2057 4797 2126 4850 τά
2171 4795 2417 4864 παρόντα
2471 4795 2656 4859 δεινάς
2702 4794 2762 4848 '0
2827 4795 2886 4848 δὲ
2940 4791 3280 4864 παραδοῦναι
3327 4790 3426 4861 τὴν
3481 4790 3644 4843 πόλιν

2059 4885 2409 4940 συνεϐούλευε
2453 4883 2533 4956 τῷ
2580 4883 2926 4954 Βαϐυλωνίῳ.
2984 4879 3239 4943 Σεδεκίας
3290 4880 3346 4932 δὲ
3403 4879 3644 4932 δεδιέναι

2057 4977 2212 5045 ἔλεγε
2243 4978 2318 5048 μὴ
2356 4976 2638 5048 ἀναιρεθῇ.
2677 4975 2738 5030 ’0
2778 4976 2834 5029 δὲ
2880 4975 3166 5044 προφήτης
3202 4971 3416 5034 οὐδενὸς
3472 4971 3643 5023 αὑτὸν

2057 5070 2200 5125 οὕτω
2269 5069 2525 5124 ποιοῦντα
2576 5067 3012 5139 πειραθήσεσθαι
3079 5063 3376 5135 δυσχεροῦς
3429 5063 3645 5133 ἰσχυρί-

2060 5163 2202 5227 ζετο.
2248 5163 2352 5217 Τὸν
2403 5162 2504 5233 μὲν
2551 5160 2645 5215 οὖν
2685 5163 2712 5214 6
2751 5159 3008 5230 βασιλεὺς
3048 5158 3343 5212 ἀπέλυσεν.
3389 5155 3450 5208 '0
3485 5156 3544 5210 δέ
3578 5172 3645 5222 γε

2060 5253 2402 5316 Βαϐυλώνιος
2464 5251 2773 5322 ἐπολιόρκει
2829 5249 2930 5319 τὴν
2988 5249 3143 5303 πόλιν
3200 5247 3338 5318 μετὰ
3395 5245 3643 5316 σφοδράς

2061 5349 2379 5412 ἐπιθέσεως,
2424 5347 2522 5402 καὶ
2565 5342 2676 5399 εἷλε
2722 5345 2925 5415 ταύτην
2957 5343 3036 5410 τῷ
3082 5342 3358 5410 ἑνδεκάτῳ
3404 5337 3644 5410 ἐνιαυτῷ

2061 5440 2160 5509 τῆς
2203 5440 2376 5511 ἀρχῆς
2414 5436 2689 5491 Σεδεκίου.
2731 5434 2988 5496 Σεδεκίας
3033 5432 3092 5487 δὲ
3141 5431 3281 5502 μετὰ
3310 5429 3419 5483 τῶν
3449 5446 3644 5498 γυναι-

2063 5532 2196 5597 κῶν,
2251 5531 2348 5584 καί⁵
2389 5530 2497 5582 τῶν
2527 5529 2760 5592 τέκνων,
2811 5528 2904 5581 καὶ
2937 5525 3045 5579 τῶν
3093 5523 3509 5594 προσηκόντων,
3545 5521 3644 5575 καὶ

2063 5624 2172 5676 τῶν
2206 5621 2376 5692 φίλων
2418 5619 2645 5688 ἔφευγεν
2679 5621 2744 5673 ἐκ
2771 5618 2870 5689 τῆς
2903 5617 3131 5679 πόλεως.
3166 5616 3229 5669 Ol
3279 5614 3336 5667 δὲ
3385 5613 3644 5682 πολέμιοι

2063 5713 2396 5778 κατεδίωξαν
2441 5712 2624 5776 αὑτὸν,
2683 5712 2778 5765 καὶ⁸
2813 5708 3127 5780 νκατέλαὸον
3183 5703 3522 5777 μονωθέντα.
3577 5702 3644 5755 Ol

2065 5805 2174 5877 γὰρ
2224 5802 2514 5877 ἡγεμόνες,
2563 5802 2657 5856 καὶ
2715 5802 2763 5855 οἱ
2817 5801 2961 5872 φίλοι
3015 5799 3184 5854 αὐτοῦ
3237 5795 3642 5867 διεσπάρησαν.
