3926 6210
180 266 289 332 225

1457 267 1866 329 ANNAIJUM
1911 272 2056 334 LIB.
2104 274 2214 335 IIl.

3349 287 3459 350 $.96

179 387 423 438 δίαιταν.
459 383 738 454 Τέσσαρες
779 383 835 436 δὲ
881 381 989 435 τῶν
1037 381 1244 436 παίδων
1283 376 1423 454 ἦσαν
1453 385 1517 437 ὲκ
1555 384 1649 437 τοῦ
1677 384 1767 454 βι-

1880 387 2100 456 generis
2128 431 2141 451 ,
2183 397 2237 442 et
2265 387 2436 443 forma
2480 396 2533 442 et
2570 389 2805 461 ingeniis
2835 403 3185 460 przistnntcs,
3221 411 3455 467 quorum

180 475 394 529 σιλικοῦ
430 475 718 544 γεγονότες
753 478 969 542 γένους,
994 476 1152 528 καλοὶ
1184 476 1280 536 τὶς
1313 476 1485 546 ὄψεις,
1518 480 1611 532 καὶ
1637 480 1771 547 ἁγα-

179 566 262 618 θοὶ
296 565 397 629 τὰς
435 566 664 636 φύσεις’
726 563 803 619 ὧν
852 567 946 618 τὸν
1004 566 1103 636 μὲν
1157 566 1358 637 Δανιὴλ
1408 568 1770 638 καλούμενον,

180 658 474 731 Βαλτάσαρ
503 661 533 712 0
563 657 911 722 Βαϐυλώνιος
963 657 1321 728 μετωνόμασε
1341 676 1354 689 ο
1390 659 1483 714 τὸν
1529 661 1587 714 δὲ
1613 662 1773 716 Ἀνα-

178 748 299 802 νίαν
336 749 732 818 ὠνομασμένον
781 749 991 819 Σεδράχ
1016 767 1030 780 ·
1085 748 1307 821 Μισαὴλ
1347 750 1404 803 δὲ
1443 751 1533 804 τὸν
1581 751 1774 824 ἓτερον

178 840 524 910 κεκλημένον
569 842 795 894 Μισάκ·
828 841 1040 893 καὶτὸν
1070 840 1255 894 λοιπὸν
1271 842 1558 913 Ἀζαρίαν,
1590 845 1775 898 ’Δϐδε-

182 933 336 999 ναγὼ
363 948 379 961 °
418 930 513 994 οὓς
545 932 642 986 καὶ
688 931 798 985 τῶν
847 931 1025 986 ἄλλων
1073 927 1210 1003 ἦγεν
1262 935 1671 1006 ἐντιμοτέρους,
1705 937 1774 991 δι’

183 1024 418 1093 εὐφυίαν
467 1022 564 1076 ἐπὶ
618 1024 782 1094 σοφίᾳ
815 1025 1248 1094 προκόπτοντας.
1304 1020 1467 1080 Οὗτοι
1517 1028 1699 1082 τοίνυν
1724 1031 1772 1082 οί

179 1116 398 1167 νεανίαι
420 1113 517 1167 τοῦ
547 1115 893 1184 προεστῶτος
924 1116 1104 1168 αύτῶν
1137 1116 1394 1188 εὐνούχου
1430 1118 1659 1186 ἐδέοντο,
1698 1122 1771 1193 μὴ

178 1211 290 1270 τοῖς
321 1209 389 1259 ἐκ
417 1208 518 1278 τῆς
549 1209 840 1278 βασιλικῆς
896 1210 1182 1281 τραπέζης
1219 1213 1652 1282 χορηγουμένοις
1677 1216 1774 1267 αύ-

178 1303 289 1362 τοίς
347 1300 571 1370 διαιτᾷν
608 1302 770 1368 σφᾶς,
823 1301 941 1354 ἀλλ’
994 1302 1244 1372 ὀσπρίοις
1292 1302 1388 1356 καὶ
1436 1304 1634 1371 φοίνιξι
1680 1308 1773 1358 καὶ

177 1391 445 1453 τοιούτοις
475 1390 681 1452 ἄλλοις.
728 1394 787 1445 '0
818 1393 896 1454 δὲ,
927 1392 1157 1448 δεδιέναι
1191 1394 1344 1461 ἔλεγε
1380 1396 1477 1466 μὴ,
1508 1397 1773 1465 τοιούτοις

177 1484 540 1553 τρεφύμενοι,
598 1483 919 1537 λεπτωθὼσι
965 1488 1033 1538 τὰ
1088 1485 1339 1556 σώματα,
1378 1489 1470 1540 καί
1500 1488 1650 1560 παρὰ
1676 1489 1770 1544 τοῦ

179 1576 455 1644 βασιλέως
478 1562 571 1627 διὰ
596 1575 757 1628 τοῦτο
786 1576 949 1640 αὐτὸς
975 1576 1228 1648 κακωθῇ.
1261 1579 1325 1630 Oi
1355 1579 1412 1631 δὲ
1438 1579 1523 1647 ἐφ’
1553 1579 1771 1649 ἡμέρας

177 1667 307 1719 δέκα
331 1664 485 1719 οὕτω
521 1666 793 1737 διαιτῆσαι
823 1667 1021 1732 αὐτοὺς
1053 1671 1421 1741 παρεκάλουν,
1457 1672 1551 1724 καὶ
1597 1674 1646 1724 εί
1673 1672 1772 1738 μὲν

1876 476 2083 529 Danicli
2170 477 2544 541 Balthasaris,
2592 478 2820 535 Ananiae
2892 482 3192 547 Sedrachi,
3250 486 3457 545 Μίδαι-ιι

1874 565 2058 621 Misaci
2084 608 2098 633 ,
2132 567 2341 645 Azariuf.
2372 569 2652 640 Abdcnagi
2689 586 2886 626 nomen
2914 574 3045 630 fecit
3078 574 3407 646 Babylonius
3438 619 3457 645 ,

1873 673 1928 717 et
1997 679 2110 732 pra:
2172 664 2385 718 caeteris
2445 665 2711 718 honorem
2782 664 3017 731 habuit,
3073 669 3145 723 ob
3215 669 3455 731 indolem

1875 753 2291 823 disciplinarum
2352 772 2608 824 capacem
2684 757 2748 812 lli
2820 758 2989 827 igitur
3052 761 3213 832 118
3273 763 3463 818 adole-

1881 854 2102 900 scentes
2136 847 2453 901 eunuchum
2484 850 2570 901 cui
2604 850 2903 917 parebant,
2942 860 3223 919 rogarunt,
3257 868 3325 908 ne
3353 854 3457 908 sibi

1876 936 2036 1007 regite
2072 952 2272 993 mensae
2303 939 2508 993 fercula
2559 938 2962 1007 pr.i-berentur,
2996 942 3090 996 sed
3140 944 3413 1013 legumina
3436 985 3454 1011 ,

1875 1027 2097 1098 dactyli,
2123 1041 2181 1083 et
2207 1029 2313 1083 alia
2340 1029 2392 1083 id
2422 1045 2616 1100 genus.
2645 1031 2738 1084 Ille
2763 1046 2887 1085 cum
2923 1047 2982 1086 se
3014 1035 3192 1087 vereri
3223 1035 3456 1100 diceret,

1876 1130 1943 1168 ne
2000 1116 2093 1171 illo
2123 1117 2249 1171 cibo
2298 1120 2610 1173 cxtemiatis
2647 1135 2837 1174 eorum
2875 1123 3199 1192 corporibus
3224 1165 3238 1188 ,
3270 1124 3386 1193 ipse
3425 1142 3456 1179 ιι

1876 1221 2000 1275 rege
2053 1209 2192 1262 male
2250 1217 2794 1275 tractetur:tamen,
2849 1212 3035 1281 pueris
3096 1216 3455 1283 petentibus,

1875 1308 1935 1352 ut
1961 1298 2150 1354 decem
2186 1300 2385 1356 diebus
2428 1301 2501 1356 ita
2534 1313 2913 1372 pascerentur,
2955 1305 3101 1375 quod
3138 1305 3183 1359 si
3224 1323 3457 1377 corpora

1873 1405 1971 1445 sua
2024 1408 2131 1446 non
2183 1404 2550 1460 mutarentur,
2584 1397 2655 1449 ita
2701 1410 2955 1466 pergeret
3003 1400 3135 1452 :sin
3167 1401 3454 1456 extenuari

1873 1481 2106 1548 videret,
2145 1486 2440 1554 pristinum
2476 1487 2679 1540 victum
2728 1489 3021 1559 praeberet,
3087 1491 3453 1562 obtemperat.

1871 1572 2120 1643 Cumque
2168 1592 2277 1630 non
2329 1575 2494 1631 modo
2544 1577 2685 1632 nihil
2723 1578 2805 1633 eis
2834 1578 3134 1644 decedere,
3168 1582 3261 1635 sed
3295 1599 3455 1652 vege-

1874 1663 2045 1718 tiores
2075 1663 2241 1719 etiam
2274 1668 2485 1721 caeteris
2522 1667 2674 1721 reddi
2702 1668 2915 1723 videret
2944 1710 2958 1732 ,
2995 1672 3148 1726 cibos
3185 1672 3457 1729 inanimes

178 1759 252 1830 μὴ
285 1759 692 1830 μεταϐάλλοιτο
736 1761 768 1831 ή
796 1760 906 1813 τῶν
934 1760 1203 1831 σωμάτων
1230 1760 1344 1827 ’ἐξις
1376 1764 1583 1836 αὐτοῖς,
1629 1763 1767 1818 οὕτω

1875 1754 1957 1808 eis
1987 1756 2216 1825 praebet.
2253 1756 2332 1811 lta
2378 1760 2760 1817 subtilioribus
2803 1763 3033 1818 redditis
3072 1765 3304 1834 ingeniis
3333 1805 3347 1826 ,
3399 1766 3455 1821 in

177 1852 401 1925 διαιτᾷν
432 1853 635 1917 αὐτοὺς
675 1854 770 1906 καὶ
802 1854 883 1918 είς
914 1853 975 1907 τὸ
1005 1854 1134 1924 ἑξῆς
1155 1870 1170 1883 ·
1200 1856 1249 1909 εί
1275 1855 1319 1908 δ’
1358 1857 1457 1910 rso;
1486 1855 1557 1909 τὰ
1585 1855 1775 1925 σῶμα·

172 1962 237 1998 τα
268 1944 467 1997 αὐτῶν
518 1945 924 2015 ἰσχναινόμενα,
949 1946 1049 2015 τῆς
1066 1947 1339 2018 προτέρας
1366 1946 1585 2019 ἔχεσθαι
1638 1947 1777 2002 διαι-

170 2038 413 2107 τήσεως.
447 2037 710 2091 Πείθεται
727 2036 940 2101 τούτοις
972 2039 1001 2091 0
1025 2037 1135 2092 τῶν
1158 2038 1367 2093 παίδων
1391 2037 1771 2109 προεστηκὼς,

171 2128 264 2181 καὶ
293 2128 452 2183 οὕτω
479 2129 734 2198 ποιήσας,
770 2127 848 2192 ὡς
868 2129 1021 2182 οὐδὲν
1051 2128 1250 2190 αὐτοὺς
1281 2133 1346 2185 ἐκ
1380 2132 1489 2184 τῶν
1511 2131 1773 2186 τοιούτων

170 2223 399 2293 τροφῶν
430 2221 711 2296 παθόντας
734 2217 866 2287 εἶδε,
905 2221 1108 2292 μᾶλλον
1145 2222 1246 2294 μὲν
1271 2220 1365 2278 οὖν
1405 2224 1502 2279 καὶ
1532 2224 1640 2278 τῶν
1674 2222 1771 2277 ἆλ-

171 2315 280 2369 λων
313 2315 738 2386 θαλερωτέρους
768 2314 1085 2383 γεγονότας,
1112 2314 1358 2386 ἀψύχους
1382 2317 1567 2379 αὐτοῖς
1597 2333 1773 2387 προσ-

172 2404 273 2477 ἦγε
332 2407 579 2478 τροφάς.
631 2409 696 2462 Ol
737 2408 795 2462 δὲ
834 2408 1223 2475 λεπτυνθὲντος
1267 2412 1450 2475 αὐτοῖς
1482 2410 1579 2464 τοῦ
1632 2413 1770 2477 νοὸς,

175 2500 366 2552 πᾶσαν
388 2496 770 2571 κατώρθωσαν
810 2501 1060 2555 παιδείαν
1101 2501 1420 2573 Χιλδαῐκὴν
1449 2502 1547 2556 καὶ
1577 2502 1773 2556 ’Λσσύ-

173 2606 317 2661 ριον.
368 2590 433 2642 Ὀ
481 2589 542 2643 δέ
594 2606 658 2659 γι
699 2592 899 2663 Δανιὴλ
933 2592 1030 2649 καὶ
1092 2595 1223 2664 περὶ
1278 2596 1492 2665 κρίσεις
1546 2595 1770 2666 ὀνείρων

172 2682 465 2734 κατέτεινε
492 2680 594 2752 τὴν
623 2683 883 2753 σπουδήν.
915 2681 1048 2738 Εἶτα
1090 2684 1342 2738 ἐνύπνιον
1370 2688 1398 2738 0
1431 2685 1773 2757 Ναϐουχοδο·

170 2774 338 2844 νόσορ
366 2774 611 2839 ἐξαίσιον
663 2774 1023 2845 θεάσαμενος,
1076 2778 1168 2830 καὶ
1209 2778 1309 2848 τὴν
1341 2778 1526 2848 κρίσιν
1578 2776 1770 2830 τούτου

171 2869 319 2920 κατὰ
348 2868 482 2931 τοὺς
516 2865 722 2929 ὕπνους
756 2866 965 2934 μαθὼν,
1012 2867 1108 2922 τοῦ
1144 2887 1205 2923 τε
1259 2870 1473 2940 ὀνείρου
1528 2870 1623 2922 καὶ
1672 2868 1772 2936 τῆς

174 2958 422 3028 κρίσεως
458 2958 625 3010 αὐτοῦ
658 2959 978 3015 ἐπελάθετο.
1021 2958 1231 3014 Ἕωθεν
1264 2959 1358 3015 οὖν
1405 2961 1771 3034 μεταπεμψά-

174 3064 345 3116 μενος
374 3051 507 3112 τοὺς
531 3049 835 3115 Χαλδαίους
865 3051 961 3106 καὶ
1000 3052 1129 3116 τοὺς
1161 3053 1384 3123 μάντεις
1416 3055 1509 3108 καὶ
1534 3055 1764 3126 μάγους,

170 3142 385 3211 ἀπῄτει
417 3141 648 3205 τούτους
679 3144 739 3196 τὸ
767 3142 900 3215 ὄναρ
929 3159 989 3199 τε
1016 3146 1194 3198 εἰπεῖν
1217 3146 1389 3215 αύτῷ,
1413 3148 1508 3200 καὶ
1524 3148 1623 3218 τὴν
1649 3150 1767 3203 τού-

169 3248 264 3286 του
293 3234 568 3303 δήλωσιν.
601 3235 664 3288 Οί
697 3235 752 3289 δὲ
785 3236 947 3289 αὐτὸν
981 3236 1174 3309 ἤθελον
1205 3239 1472 3310 πρότερον
1503 3239 1679 3293 εἰπεῖν
1705 3241 1768 3295 τδ

169 3326 460 3393 ἐνύπνιον,
504 3327 602 3379 καὶ
632 3327 807 3392 οὕτως
842 3329 1018 3382 αίτεῖν
1043 3328 1104 3395 ἐξ
1149 3331 1376 3383 ἐκείνων
1406 3331 1466 3383 τὸ
1497 3332 1766 3402 σημαινό-

172 3432 368 3486 μενλιν.
398 3416 664 3489 Ὦργίοθη
692 3418 786 3471 ἐπὶ
811 3417 1025 3485 τούτοις
1053 3422 1082 3474 0
1110 3419 1384 3491 βασιλεὺς,
1415 3425 1510 3477 καὶ
1538 3424 1765 3478 θάνατον

168 3510 445 3562 ἁπάντων
471 3511 907 3580 κατεψηφίσατο,
944 3512 1021 3583 μὴ
1073 3512 1335 3567 δύνασθαι
1361 3515 1630 3584 λεγόντων
1677 3519 1768 3570 εύ-

172 3602 416 3671 ριικέναι
443 3601 536 3654 τὸν
563 3601 796 3673 ὄνειρον.
831 3604 1078 3670 Τούτοις,
1106 3604 1181 3668 ὡς
1227 3606 1404 3675 σοφοὶ,
1449 3608 1542 3661 καὶ
1566 3608 1767 3682 Δανιὴλ

171 3694 266 3746 καὶ
311 3694 365 3746 0i
419 3695 572 3765 τρεῖς
605 3695 797 3758 παῖδες
829 3697 925 3750 καὶ
956 3695 1366 3767 συνεκλήθησαν
1402 3702 1496 3751 καὶ
1538 3717 1769 3769 συγκατ-

170 3784 504 3853 εκρίθησαν.
553 3786 810 3856 Ιίρόσεισι
859 3785 1037 3840 τοίνυν
1062 3788 1090 3839 0
1123 3786 1321 3857 Δανιὴλ
1353 3788 1430 3860 τῷ
1465 3790 1573 3843 τῶν
1612 3791 1767 3856 βασι·

171 3876 349 3929 λικιῖιν
381 3878 869 3947 σωματοφυλάκων
900 3877 1207 3949 ἐξάρχοντι,
1256 3880 1350 3933 καὶ
1389 3878 1623 3951 ἠξίωσεν
1670 3883 1765 3934 ἐπὶ

175 3971 317 4039 μίαν
349 3969 524 4024 νύκτα
552 3971 652 4042 τὴν
695 3973 975 4043 ἀναίρεσιν
1007 3975 1116 4026 τῶν
1148 3975 1501 4042 κατακρίτων
1538 3974 1768 4046 ὑπερτε-

175 4063 369 4133 θῆναι·
388 4064 579 4130 Ἴσως
596 4066 728 4134 γὰρ,
749 4064 875 4145 ἔφη,
897 4065 971 4119 δι’
1002 4066 1194 4133 αὐτῆς
1211 4065 1627 4136 δεηθησόμεθα
1659 4067 1765 4121 τοῦ

177 4150 333 4205 Θεοῦ
371 4153 475 4204 καὶ
529 4154 884 4222 γνωσόμεθα
918 4155 986 4208 τὸ
1033 4153 1343 4209 ἐνύπνιον.
1399 4154 1692 4209 Ἐνέεωκεν
1735 4156 1767 4209 0

176 4242 446 4312 βασιλεὺς
484 4245 622 4315 πρὸς
662 4244 761 4314 τὴν
808 4245 1046 4316 αἴτησιν.
1083 4245 1196 4299 Καὶ
1236 4247 1687 4317 συμπαραλαϐὼν
1735 4247 1764 4300 0

175 4334 382 4402 Δανιὴλ
406 4337 506 4388 καὶ
539 4336 667 4399 τοὺς
702 4339 849 4407 τρεῖς
878 4337 1044 4390 αὐτοῦ
1079 4339 1363 4407 συγγενεῖς
1397 4338 1616 4401 παῖδας,
1647 4338 1763 4390 ίκέ-

1877 1850 2026 1905 omni
2099 1850 2348 1907 doctrina
2407 1853 2699 1911 Chaldaica
2760 1869 2816 1913 et
2869 1860 3157 1931 Assyriaca
3235 1864 3453 1934 egregie

1874 1941 2250 2012 profecerunt.
2305 1946 2493 2002 Daniel
2571 1950 2736 2004 etiam
2812 1952 3042 2007 somniis
3093 1955 3457 2024 conjit-iemlis

1875 2035 2116 2089 animum
2179 2037 2438 2092 intendit.
2489 2038 2624 2094 Cum
2695 2051 2878 2096 autem
2945 2044 3455 2102 Nabuchodonosor

1875 2126 2126 2183 mirabile
2159 2130 2432 2185 somnium
2466 2133 2695 2187 vidisset
2726 2173 2741 2199 ,
2770 2150 2895 2189 cum
2946 2136 3193 2206 ejusdem
3228 2153 3455 2199 enarra-

1875 2218 2022 2275 tione
2056 2239 2069 2274 :
2110 2221 2399 2292 utriusque
2430 2223 2667 2289 oblitus,
2695 2241 2854 2281 mane
2881 2224 3169 2284 Chalilmas
3217 2238 3371 2285 vates
3398 2238 3456 2286 et

1873 2326 2060 2381 magos
2086 2313 2356 2376 accersit,
2392 2315 2667 2369 somnium
2700 2324 2757 2371 et
2785 2317 2906 2387 ejus
2935 2320 3357 2389 explicationem
3382 2325 3452 2377 ab

1872 2401 1954 2456 eis
1996 2402 2219 2471 ﬂagitat.
2290 2404 2485 2460 Verum
2539 2406 2649 2461 illis
2700 2410 3013 2478 petentibus
3038 2456 3050 2471 .
3083 2420 3143 2465 ut
3175 2413 3450 2467 somnium

1874 2494 2025 2565 prius
2078 2508 2395 2562 enarraret,
2449 2514 2512 2552 ac
2554 2509 2666 2552 tmn
2720 2499 2948 2555 demum
3001 2503 3452 2574 dijudicationcm

1873 2589 2177 2656 postularet
2215 2607 2228 2643 :
2271 2607 2366 2645 rex
2394 2589 2568 2647 iratus
2591 2633 2605 2658 ,
2634 2592 2781 2663 quod
2812 2595 3085 2653 somnium
3116 2613 3174 2652 se
3207 2599 3452 2669 reperire

1872 2693 2031 2748 posse
2073 2691 2404 2751 negassent,
2443 2698 2635 2739 omnes
2672 2685 2868 2755 capitis
2910 2687 3260 2744 condemnat.
3300 2689 3449 2743 Inter

1872 2767 1974 2824 hos
2002 2781 2059 2824 et
2107 2772 2294 2826 Daniel
2323 2783 2379 2827 et
2422 2783 2533 2829 tres
2578 2777 2734 2846 pueri
2764 2815 2780 2840 ,
2828 2785 2888 2831 ut
2912 2777 3164 2834 homines
3195 2780 3396 2835 eruditi
3430 2820 3451 2848 ,

1870 2875 1928 2916 et
1960 2863 2136 2916 vocati
2177 2874 2232 2919 et
2280 2878 2390 2919 una
2415 2865 2764 2921 condemnati
2793 2866 3030 2923 fuerant.
3065 2868 3252 2926 Daniel
3285 2871 3451 2943 igitur

1872 2953 2144 3023 regiorum
2189 2956 2488 3010 satellitum
2538 2957 2858 3028 przel‘ectum
2915 2971 3036 3015 orat
3065 3000 3081 3024 ,
3127 2971 3185 3015 ut
3241 2963 3445 3018 czedem

1871 3040 2249 3098 damnatorum
2328 3061 2492 3100 unam
2556 3059 2775 3103 noctem
2836 3049 3107 3105 dili'erret.
3178 3050 3448 3107 Fortassis

1867 3136 2006 3187 enim
2024 3174 2039 3199 ,
2075 3135 2282 3205 inquit,
2309 3138 2510 3205 precati
2543 3137 2708 3191 Deum
2733 3180 2744 3200 ,
2769 3142 3032 3195 somnium
3058 3159 3444 3213 cognoscemus.

1868 3225 2012 3281 Mora
2041 3227 2330 3297 impetrata
2353 3269 2368 3293 ,
2401 3230 2576 3284 tribus
2608 3233 2852 3302 cognatis
2882 3233 3144 3291 adhibitis
3169 3277 3182 3299 ,
3233 3252 3443 3306 pernox

1867 3329 2119 3390 precatus
2150 3321 2319 3375 Deum
2348 3336 2375 3386 ,'
2395 3330 2451 3376 et
2483 3323 2761 3378 somnium
2809 3334 2867 3379 et
2909 3327 3029 3397 ejus
3080 3327 3443 3399 signiﬁcatio-

1866 3423 1993 3462 nem
2023 3412 2304 3480 cognoscit
2334 3428 2349 3465 :
2387 3427 2546 3467 mane
2585 3429 2765 3484 regem
2797 3417 3050 3484 accedit,
3079 3421 3350 3477 somnium
3386 3433 3444 3477 et

1867 3500 1988 3571 ejus
2026 3501 2476 3573 signiﬁcationem
2504 3520 2535 3558 a
2580 3505 2692 3561 Deo
2727 3506 2833 3562 sibi
2867 3511 3158 3565 revelatam
3200 3527 3320 3568 esse
3361 3515 3446 3568 in-

1867 3590 2053 3658 dicat,
2084 3593 2311 3650 miserto
2336 3611 2529 3651 eorum
2556 3637 2571 3663 ,
2605 3598 2704 3668 qui
2756 3608 3050 3670 propterea
3093 3602 3341 3660 insontes
3388 3606 3443 3660 in

1866 3682 2063 3753 capitis
2098 3684 2347 3749 periculo
2377 3694 2561 3741 essent
2609 3704 2624 3741 :
2669 3702 2774 3742 nec
2822 3688 3006 3744 minus
3049 3689 3222 3760 ipsius
3258 3690 3400 3763 regis
3425 3731 3441 3758 ,

1867 3783 1959 3852 qui
2009 3792 2088 3837 tot
2127 3785 2414 3839 occisurus
2468 3796 2613 3841 esset
2657 3787 2778 3842 sine
2823 3787 2982 3857 culpa
3011 3829 3026 3853 ,
3060 3803 3088 3841 a
3137 3788 3339 3857 quibus
3376 3805 3442 3843 ea

1866 3874 2237 3942 postulasset,
2272 3890 2393 3945 quae
2443 3875 2572 3930 sciri
2618 3876 2687 3930 ab
2722 3877 2802 3931 eis
2835 3892 2942 3930 non
2988 3876 3334 3946 potuissent,
3379 3893 3444 3933 ac

1866 3966 1977 4020 soli
2010 3977 2219 4022 natura:
2267 3968 2464 4022 divinae
2515 3967 2733 4039 cognita
2783 3979 2989 4023 essent.
3040 3968 3122 4023 Ea
3162 3986 3282 4024 vero
3326 3989 3443 4042 qua:

1864 4056 2070 4122 vidisti,
2135 4057 2348 4126 inquit,
2404 4058 2708 4126 huiusmodi
2759 4067 2906 4113 sunt.
2982 4057 3131 4115 Visus
3178 4079 3231 4115 es
3269 4063 3443 4116 videre

1863 4156 2098 4201 statuam
2124 4163 2374 4217 magnam
2401 4150 2624 4203 hominis
2654 4159 2880 4204 stantem
2906 4192 2921 4216 ,
2950 4151 3100 4222 cujus
3126 4161 3281 4224 caput
3309 4164 3441 4206 esset

1864 4252 2120 4301 aureum,
2162 4238 2367 4292 humeri
2408 4249 2457 4292 et
2512 4239 2725 4295 brae/tia
2768 4250 3054 4311 argentea,
3103 4253 3282 4297 venter
3320 4259 3436 4296 cum

1864 4328 2144 4397 femoribus
2200 4345 2402 4392 terens,
2457 4346 2612 4385 crura
2672 4340 2719 4384 et
2794 4318 2945 4401 pedes
2993 4334 3187 4403 partim
3245 4334 3409 4403 ferrei
3420 4375 3434 4397 ,

174 4440 343 4477 τευσε
370 4426 465 4478 δια
508 4426 608 4497 τῆς
635 4428 830 4490 νυκτὸς
855 4426 948 4479 τὸν
976 4428 1131 4482 Θεσὲν.
1184 4426 1453 4493 Δηλοῦται
1482 4425 1576 4480 οὖν
1612 4427 1763 4497 αὐτῷ

1867 4419 2066 4488 partim
2128 4424 2363 4474 testacei.
2420 4419 2616 4474 Deinde
2660 4421 2795 4491 lapis
2832 4437 2895 4475 ea:
2940 4435 3113 4477 monte
3150 4428 3434 4496 abruptus,

176 4517 391 4584 θεόθεν,
436 4522 536 4574 καὶ
568 4520 632 4573 τὸ
657 4520 930 4582 ἐνύπνιον,
965 4521 1059 4573 καὶ
1085 4520 1154 4574 τά
1204 4520 1273 4573 δι’
1303 4519 1468 4573 αὐτοῦ
1503 4519 1763 4589 σημαινό-

180 4624 344 4674 μενα,
397 4610 494 4659 καὶ
559 4607 682 4676 μεθ’
710 4607 924 4678 ἡμέραν
960 4607 1125 4679 ἀπῄει
1181 4608 1316 4677 πρὸς
1368 4604 1462 4658 τὸν
1513 4605 1763 4676 βασιλέα.

180 4701 293 4753 Καὶ
326 4681 381 4753 οἷ
414 4700 571 4769 παρά
618 4699 713 4752 τού
748 4700 884 4753 θεοῦ
915 4700 1020 4768 ἔφη
1063 4698 1436 4770 γνωρισθῆναι
1485 4699 1617 4752 αὐτὸ
1665 4699 1763 4753 καὶ

174 4795 239 4844 το
274 4794 438 4860 δναρ,
481 4793 577 4845 καὶ
605 4791 705 4862 τὴν
756 4792 923 4846 αὐτοῦ
952 4791 1210 4860 δήλωσιν,
1272 4791 1594 4860 ὲλεήσαντος
1633 4791 1760 4855 τοὺς

177 4886 387 4947 ἀδίκως
417 4884 511 4937 διὰ
542 4882 703 4937 τοῦτο
723 4885 1020 4938 ἀποθανεῖν
1039 4883 1449 4947 κινδυνεύοντας
1468 4900 1482 4915 ’
1540 4884 1694 4937 οὐδὲν
1713 4883 1760 4935 δ’

178 4970 465 5044 ἦττονκαὶ
494 4974 557 5027 σὲ
570 4976 889 5030 τδνκτεῖναι
914 4974 1134 5028 θέλοντα
1162 4975 1416 5039 ἀναιτίως
1448 4976 1671 5036 τούτους
1701 4975 1761 5040 ἐξ

173 5058 253 5118 ὧν
280 5065 520 5136 ἀπῄτεις
552 5064 813 5127 ἀδύνατα,
846 5064 884 5118 ἂ
921 5064 1058 5137 μόνῃ
1081 5065 1146 5135 τῇ
1170 5064 1288 5132 θείᾳ
1327 5063 1486 5132 φύσει
1518 5063 1756 5132 γνωστὰ.

180 5154 252 5208 ’.ιι
287 5156 342 5208 δ’
370 5153 631 5220 ἐθεάσω,
659 5152 905 5207 τοιαῦτά
955 5156 1134 5207 elder.
1175 5150 1440 5218 Ἔδόκεις
1475 5150 1624 5220 όρᾷν
1654 5152 1758 5205 ἀγ-

175 5246 433 5314 δριάντα
453 5250 652 5315 μέγαν
677 5243 930 5309 ἑστῶτα,
967 5239 1040 5300 οὖ
1062 5240 1265 5313 χρυσῆ
1284 5240 1401 5310 μὲν
1432 5242 1473 5309 ἠ
1496 5239 1755 5310 κεφαλὴ,

176 5343 232 5392 at
264 5338 335 5391 δὲ
362 5336 511 5407 ὦμοι
542 5338 645 5391 καὶ
671 5339 729 5391 al
760 5336 1088 5404 βραχίονες
1118 5332 1386 5403 ἀργυροῖ,
1412 5333 1452 5399 ἡ
1477 5333 1545 5386 δέ
1566 5350 1633 5403 γε
1651 5350 1757 5402 γα-

175 5430 337 5496 στὴρ
353 5430 510 5498 μετὰ
544 5426 664 5482 τῶν
691 5426 914 5497 μηρῶν¹
946 5427 1015 5479 ἐκ
1053 5424 1309 5493 χαλκοῦ,
1340 5426 1398 5478 al
1424 5421 1643 5493 κνῆμαι
1688 5421 1759 5476 δὲ

175 5522 277 5574 καὶ
306 5524 363 5575 oi
410 5519 600 5586 πόδες
626 5514 795 5590 ἦσαν
823 5519 1005 5588 μέρος
1024 5517 1141 5586 μέν
1164 5534 1220 5571 τι
1252 5515 1545 5583 σιδιῒρεοι,
1574 5515 1758 5584 μέρος

172 5613 243 5666 δέ
259 5630 314 5667 τι
340 5614 711 5680 ὀστράκινα.
733 5609 874 5668 Εἶτα
900 5613 1069 5676 λίθος
1086 5611 1153 5674 ἐξ
1177 5610 1353 5679 ὅρους
1373 5608 1754 5676 ἀπορῤαγείς,

176 5704 256 5771 τῷ
280 5705 600 5775 ἀνδριάντι
631 5704 843 5770 ἔδοξεν
895 5703 1204 5774 ἐμπεσεῖν,
1262 5705 1361 5756 καί
1424 5700 1752 5769 συντρῖψαι

1864 4511 2003 4563 visus
2033 4510 2170 4563 illidi
2197 4521 2389 4566 statua
2407 4552 2422 4577 ,
2448 4527 2667 4583 eamque
2688 4526 2984 4581 conterere,
3014 4526 3172 4587 atque
3201 4536 3390 4573 aurum
3416 4563 3433 4585 ,

1864 4611 2172 4671 argentum,
2215 4616 2284 4657 ωε
2306 4644 2319 4663 .
2354 4604 2589 4671 ferrum,
2624 4614 2669 4658 et
2715 4614 2904 4660 testam
2945 4609 3021 4661 ita
3052 4611 3435 4677 comminuere,

1863 4697 1921 4742 ut
1973 4707 2006 4743 a
2061 4701 2212 4745 vento
2274 4694 2673 4763 dissiparentur.
2724 4694 2895 4760 Lapis
2954 4712 3075 4750 vero
3126 4699 3180 4750 in
3230 4706 3435 4752 tantam

1862 4781 2051 4835 molem
2083 4799 2376 4837 excrescere
2396 4826 2408 4849 ,
2436 4794 2492 4838 ut
2519 4802 2726 4840 omnem
2754 4797 2954 4841 terram
2985 4789 3246 4858 impleret.
3277 4790 3437 4859 119

1864 4873 1931 4927 Et
1956 4876 2049 4929 hac
2075 4877 2339 4929 somnium
2370 4878 2580 4942 vidisti,
2625 4894 2742 4932 cum
2768 4880 2832 4932 de
2860 4896 3021 4950 regno
3052 4889 3102 4934 et
3142 4898 3434 4935 successore

1860 4966 2068 5033 imperii
2091 4966 2313 5020 sollicite
2329 4969 2630 5039 cogitares:
2657 4986 2774 5039 qua:
2800 4986 2920 5024 vero
2950 4987 3008 5025 eo
3033 4971 3429 5042 signiﬁcantur,

1860 5063 1969 5112 lucc
2002 5067 2145 5113 sunt.
2186 5060 2416 5113 Aureum
2449 5068 2606 5130 caput
2637 5070 2693 5115 tu
2734 5078 2820 5129 es,
2858 5072 2907 5115 et
2935 5064 3108 5117 caeteri
3136 5081 3278 5133 reges
3317 5062 3429 5117 Bn-

1859 5151 2243 5222 bylouiorum:
2297 5169 2423 5206 nam
2489 5170 2681 5207 aurum
2732 5154 2940 5225 imperii
2985 5157 3062 5209 tui
3119 5156 3429 5226 felicitatem

1858 5244 2050 5297 innuit.
2100 5243 2233 5297 Dure
2276 5260 2395 5298 vero
2442 5261 2630 5299 manus
2673 5256 2722 5299 et
2745 5247 2985 5311 humeri,
3016 5249 3119 5302 duo
3153 5265 3316 5319 regna
3347 5265 3429 5301 re-

1858 5343 2212 5404 prtesentant,
2244 5351 2275 5387 a
2307 5335 2491 5404 quibus
2527 5345 2696 5390 vester
2734 5340 3058 5407 principatus
3102 5340 3425 5397 destruetur.

1824 5480 1833 5485 ,
1869 5422 2054 5477 Venter
2099 5433 2147 5477 et
2188 5425 2388 5495 [ancora
2426 5442 2563 5481 terea
2598 5444 2771 5500 regem
2805 5429 3105 5502 signiﬁcant
3129 5447 3235 5486 (ere
3268 5430 3428 5485 indu-

1857 5526 2004 5579 tum,
2046 5517 2136 5586 qui
2181 5532 2266 5570 eos
2306 5519 2600 5587 opprimet,
2656 5538 2689 5574 α
2737 5523 2920 5591 quibus
2962 5540 3050 5577 vos
3098 5523 3428 5593 apprimendi

1858 5610 2016 5673 estis;
2048 5608 2194 5663 i.'lius
2228 5626 2385 5680 porro
2422 5628 2638 5682 regnum
2678 5614 2742 5667 ab
2771 5614 2875 5668 alio
2905 5617 3192 5681 potentiore
3216 5615 3426 5667 destru-

1857 5710 1993 5756 etur.
2026 5702 2166 5758 Nam
2193 5713 2240 5757 et
2280 5720 2411 5758 auro
2438 5715 2485 5758 et
2522 5714 2739 5776 argento
2762 5718 2808 5762 et
2839 5723 2942 5762 tere
2970 5709 3169 5776 ferrum
3203 5718 3276 5761 est
3308 5708 3421 5761 du-
