3926 6210
294 253 401 318 233

1560 255 1969 319 ANNALIUM
2012 257 2159 317 LIB.
2206 257 2323 317 III.

3475 255 3581 320 23‘

295 364 506 432 κυρεία
532 379 653 420 σου
681 363 770 431 εις
807 363 878 420 τὰ
898 363 1126 434 πέρατα
1166 365 1275 433 τῆς
1318 363 1448 436 γῆς.
1476 366 1865 438 (Μεγαλοσύνηη

1996 367 2340 432 scinderetur,
2371 365 2597 435 etstirps
2624 363 2863 417 radicum
2886 363 3004 435 ejus,
3028 363 3434 434 relinqueretur,
3464 377 3578 422 etc.

283 457 340 509 δὲ
363 456 463 527 τὴν
495 456 595 510 τοῦ
628 457 748 520 νοὸς
780 457 1040 512 ἐκάλεσεν
1089 457 1344 528 ἔπαρσιν,
1399 459 1496 514 uel
1542 460 1638 514 τοῦ
1677 463 1885 534 φρονή-

289 565 456 618 ματος
477 547 540 602 τὸ
565 545 920 619 ὑπέρογκον.)
941 547 1072 602 Ὀτι
1098 547 1167 602 δὲ
1194 545 1353 616 εἶδες
1375 550 1464 619 Ἲρ
1487 550 1660 622 ἅγιον
1683 551 1753 606 ἐκ
1779 552 1886 607 τοῦ

282 640 552 709 οὐρανοῦ
593 641 1036 696 καταϐαίνοντα
1061 679 1078 705 ,
1133 640 1416 696 τουτέστιν
1449 642 1680 712 ἄγγελον
1717 643 1883 699 θεῖον.

287 735 358 790 Τὸ
375 734 489 802 τὰρ
509 735 602 802 Ἴρ
628 731 1201 801 ὲξελληνιζόμενοντ
1219 732 1292 786 ὸν
1308 731 1670 803 ἐγρηγορότα
1687 733 1883 800 δηλοῖ,

279 823 357 881 δι’
379 820 452 881 οὗ
482 826 548 879 τὸ
581 823 906 894 ἀσώματον
955 825 1389 879 ὑπαινίττεται.
1439 825 1504 880 '0
1547 824 1656 895 γὰρ
1704 823 1878 895 σῶμα

279 918 697 988 περικείμενος
749 917 922 983 ὕπνῳ
975 916 1332 973 δουλοῦται·
1387 920 1421 971 d
1457 918 1648 983 τούτῳ
1686 917 1754 971 δὲ
1794 918 1882 988 μὴ

276 1012 596 1066 δουλεύων
646 1008 971 1080 ἀσώματον
999 1011 1125 1078 ἔχει
1153 1011 1366 1080 φύσιν.
1392 1009 1521 1064 ’Ότι
1540 1011 1751 1065 τοίνυν
1779 1010 1886 1065 τὸν

275 1107 667 1176 ἐγρηγορότα,
700 1103 1138 1174 φησ¹ιν,ἐκεῖνον
1169 1099 1328 1169 εἶδες
1361 1101 1754 1173 φωνήσαντα,
1783 1103 1883 1157 ἐκ·

277 1199 550 1269 κοπῆναι
595 1200 664 1254 τὸ
688 1198 965 1267 δένδρον,
993 1197 1246 1266 ἐαθῆναι
1282 1197 1353 1250 δὲ
1389 1197 1504 1262 τὴν
1541 1195 1710 1267 φυὴν
1762 1195 1882 1250 τῶν

265 1292 450 1360 ῥιζῶν
474 1292 664 1348 αὑτοῦ
717 1291 836 1364 (uel
865 1291 934 1345 τά
955 1290 1168 1362 λοιπὰ),
1197 1289 1402 1352 ἔλπιζε
1429 1289 1540 1359 τῆς
1552 1290 1882 1355 ,βασιλείας

266 1385 387 1455 μὲν
423 1383 740 1450 ἐκπεσεῖν,
775 1381 879 1438 καὶ
924 1381 1033 1452 τῆς
1072 1381 1223 1452 πρὸς
1267 1381 1623 1454 ἀνθρώπους
1672 1399 1881 1436 κοινω-

269 1477 411 1542 νίας
442 1475 874 1545 ἐκδιωχθῆναι,
902 1475 1139 1544 θηρίοις
1167 1475 1236 1528 δὲ
1270 1471 1880 1541 συναυλιζεσθαι,και

267 1570 501 1639 χόρτον
555 1569 809 1636 ἐσθίειν,
855 1568 942 1638 μὴ
1001 1568 1213 1635 μέντοι
1265 1566 1466 1634 πάντη
1513 1565 1880 1636 στερηθῆναι

266 1659 384 1728 τῆς
404 1661 762 1728 βασιλείας,
797 1659 1268 1728 ἐπανασωθῆναι
1318 1655 1386 1712 δέ
1415 1671 1518 1712 σοι
1559 1652 1734 1724 αὖθις
1773 1661 1880 1711 αὺ-

1993 462 2234 530 futururn
2267 465 2369 523 est,
2415 465 2473 511 ut
2518 471 2679 528 regno
2709 455 2944 522 excidas,
2991 465 3038 508 et
3064 459 3372 512 commercio
3403 460 3577 513 Itami-

1991 568 2118 606 num
2163 551 2370 622 pulsus,
2422 551 2559 604 inter
2597 549 2789 603 bestias
2831 547 3016 618 degas,
3059 549 3306 618 gramine
3346 565 3576 604 vescens.

1990 642 2228 714 Regnum
2259 650 2439 696 tamen
2469 658 2571 694 non
2609 640 2816 710 penitus
2843 641 3076 702 amittes,
3113 639 3203 692 sed
3230 639 3282 692 in
3309 641 3573 711 integrant

1989 736 2285 798 restitutus,
2341 733 2596 803 recipies:
2659 733 2713 786 id
2780 734 2919 786 enim
2965 731 3332 802 signiﬁcatur,
3411 734 3578 803 stirpe

1991 828 2230 882 radicum
2265 826 2468 882 relicta.
2498 825 2590 881 Sic
2624 825 2794 896 igitur
2821 825 3091 880 visionem
3129 825 3578 880 Nabuchodono-

1987 919 2099 976 sori
2148 920 2338 974 Daniel
2386 919 2664 989 exposuit,
2697 919 2992 989 omniaque
3024 918 3164 974 laeta
3214 929 3344 975 sunt
3373 935 3575 975 secun-

1987 1010 2118 1064 dum
2183 1010 2429 1064 divinant
2463 1011 2788 1066 oraculum:
2827 1020 2883 1064 et
2932 1025 3026 1066 rex
3073 1010 3264 1065 furore
3304 1013 3573 1082 percitus,

1986 1104 2058 1159 ob
2099 1103 2469 1173 arrogantiam
2506 1112 2562 1158 et
2608 1103 2950 1174 superbiam,
2999 1111 3122 1173 post
3155 1113 3363 1175 septem
3397 1120 3572 1160 annos

1986 1197 2042 1252 in
2071 1196 2307 1252 desertis
2332 1205 2576 1261 exactos,
2603 1212 2831 1266 regnum
2859 1198 3069 1252 interea
3099 1213 3130 1252 a
3161 1198 3384 1252 nemine
3409 1214 3572 1254 occu-

1983 1299 2169 1361 patum
2230 1290 2447 1360 recipit,
2499 1289 2717 1360 placato
2771 1289 2920 1346 Deo:
2975 1300 3032 1344 et
3074 1305 3199 1345 cum
3231 1306 3407 1346 annos
3429 1307 3568 1360 qua-

1983 1380 2235 1452 dragiuta
2284 1390 2395 1436 tres
2441 1387 2762 1450 regnasset,
2821 1381 3078 1435 moritur.
3136 1379 3314 1451 Hujus
3367 1383 3570 1437 multos

1981 1473 2150 1528 etiam
2182 1488 2248 1527 ex
2282 1471 2566 1527 veteribus
2604 1471 2906 1538 historicis,
2952 1473 3240 1537 Berosum,
3271 1473 3570 1530 Metasthe-

1982 1581 2131 1631 nem,
2182 1563 2424 1618 Dioclem
2467 1571 2524 1616 et
2572 1561 2966 1618 Philostratum
3018 1564 3359 1630 meminisse,
3410 1566 3569 1622 Jose-

1982 1658 2124 1728 phus
2163 1656 2352 1712 refert.
2401 1655 2539 1711 Huic
2586 1655 2867 1720 defuncto,
2909 1655 3056 1712 illius
3084 1666 3214 1712 natu
3241 1663 3415 1728 major
3443 1659 3569 1713 Evi-

265 1716 424 1820 τήν..
444 1716 803 1823 Τούτου
847 1747 1004 1808 εἷναι
1036 1716 1416 1822 σημαντικὸν
1451 1753 1518 1804 τὸ
1558 1749 1675 1817 τὴν
1707 1716 1865 1820 gemis

1981 1716 2067 1803 lad
2095 1746 2392 1802 Marochad
2425 1747 2480 1802 in
2510 1746 2745 1817 imperio
2777 1749 3048 1812 succedit,
3078 1748 3172 1818 qui
3225 1716 3407 1818 regem
3438 1747 3568 1803 Joa-

266 1843 392 1899 τῶν
415 1844 601 1914 ῥιζῶν
624 1845 878 1915 ὲαθῆναέ
911 1845 1018 1900 τοῦ
1035 1844 1314 1912 δένδρου.
1351 1841 1622 1913 Τοιαύτην
1652 1842 1731 1913 τῷ
1758 1842 1873 1896 Να-

265 1936 666 2012 ϐουχοδονόσορ
706 1939 736 1992 6
760 1938 961 2011 Δανιὴλ
1003 1939 1105 2009 τὴν
1143 1938 1410 2010 ἐξήγησιν
1451 1935 1546 1991 τοῦ
1599 1936 1876 2007 ὁράματος

263 2031 596 2101 ἐποιήσατο,
629 2032 723 2086 καὶ
755 2033 951 2102 γέγονε
982 2030 1162 2085 πάντα
1190 2029 1330 2084 κατὰ
1358 2029 1448 2084 τὸν
1479 2028 1621 2083 θεῖον
1653 2045 1875 2099 χρημα-

267 2123 501 2192 τισμόν.
531 2123 646 2180 Kel
677 2125 878 2195 μανίαν
909 2125 1145 2195 νοσήσας
1173 2123 1202 2176 6
1238 2121 1496 2193 βασιλεὺς
1525 2121 1736 2184 ἐκεῖνος
1785 2119 1876 2174 διὰ

1977 1842 2222 1897 chimum
2267 1841 2438 1910 (idem
2482 1851 2541 1896 et
2595 1839 2892 1896 Jechonias
2942 1841 3100 1912 123
3149 1841 3502 1912 appellatur),
3537 1859 3567 1896 a

1975 1932 2527 1990 Nabuchodonosore
2578 1932 2634 1987 in
2688 1933 2928 1989 vinculis
2979 1933 3254 2000 habitum,
3293 1933 3476 1999 solvit,
3511 1947 3568 1990 et

1977 2026 2283 2083 honorifice
2316 2034 2537 2089 tractat.
2565 2027 2891 2083 muneribus
2925 2026 3113 2094 allicit,
3147 2037 3204 2084 et
3235 2037 3566 2099 perpetuum

1978 2116 2354 2174 convictorem
2385 2116 2577 2173 habet.

265 2219 330 2274 τὸ
359 2219 691 2284 ἁλαζονικόν
723 2235 785 2274 τε
816 2219 912 2272 uel
944 2218 1322 2288 ὑπερήφανον,
1358 2216 1456 2271 uel
1486 2217 1582 2270 ἐπὶ
1602 2215 1703 2285 τῆς
1759 2213 1972 2286 ἐρήμου
2033 2209 2324 2280 διατρίψας
2387 2210 2706 2276 ἑπταετίαν,
2734 2211 2948 2275 οὐδενὸς
3013 2211 3340 2283 ἐπιθεμένου
3365 2213 3430 2283 τῇ
3468 2211 3570 2281 βα-

264 2314 453 2386 σιλείᾳ
501 2313 693 2380 αὐτοῦ,
724 2313 892 2367 πάλιν
923 2311 1304 2383 ἀπολαμϐάνει
1330 2310 1525 2381 αὐτὴν,
1581 2308 1951 2378 ίλεωσάμενος
2017 2307 2112 2360 τὸν
2163 2306 2320 2360 Θεόν.
2389 2305 2526 2376 Ἐτη
2551 2306 2606 2360 δὲ
2632 2307 2761 2376 τρία
2796 2306 3129 2377 βασιλεύσας
3157 2307 3254 2362 καὶ
3286 2309 3560 2379 τεσσαρά-

259 2407 720 2478 κοντα,τελευτᾷ.
743 2404 1074 2477 Μεμνῆσθαι
1097 2404 1156 2458 δὲ
1183 2402 1349 2459 αὐτοῦ
1374 2401 1685 2474 ὀῚώσηπος
1746 2399 1897 2470 λέγει
1937 2400 2033 2455 καὶ
2077 2398 2309 2462 πολλοὺς
2343 2397 2452 2452 τῶν
2517 2397 2764 2470 ἀρχαίων
2801 2400 3114 2472 ἱστορικῶν,
3155 2400 3247 2454 τόν
3272 2419 3332 2455 τε
3369 2401 3564 2472 Βηρω.

260 2502 394 2564 σὺν,
429 2503 529 2556 καὶ
567 2501 660 2555 τὸν
706 2496 1056 2567 Μεγασθένη,
1087 2496 1299 2551 καὶτὸν
1339 2495 1590 2561 Διοκλέα,
1623 2495 1719 2550 καὶ
1767 2494 1859 2548 τὸν
1896 2493 2283 2565 Φιλόστρατον.
2351 2491 2560 2546 Τούτου
2609 2493 2668 2547 δὲ
2733 2493 3188 2564 τελευτήσαντος,
3221 2496 3422 2551 Εὐῖλάδ
3443 2498 3566 2550 Μαι⁴

260 2594 458 2664 ρωχὰδ
488 2595 516 2646 ὀ
542 2591 657 2655 υίὸς
707 2589 876 2645 αὑτοῦ
904 2589 934 2642 6
988 2588 1368 2661 πρεσϐύτερος
1405 2586 1507 2658 τὴν
1539 2588 1716 2659 ἀρχὴν
1769 2585 2103 2657 διαδέχεται.
2165 2586 2263 2650 ’ος
2295 2585 2496 2639 αὐτίκα
2551 2585 2670 2639 λύει
2704 2586 2804 2654 μὲν
2838 2586 2946 2642 τῶν
2972 2587 3188 2659 δεσμων
3215 2588 3308 2643 τὸν
3335 2589 3562 2660 βασιλέα

272 2686 574 2754 Ἰωακεὶμ,
613 2683 707 2738 τὸν
727 2683 824 2738 καὶ
861 2681 1124 2754 Ἰεχονίαν
1157 2680 1515 2752 καλούμενον,
1576 2679 1638 2734 ὃν
1700 2678 2103 2749 καθειργμένον
2169 2673 2319 2749 εἶχεν
2369 2680 2397 2732 6
2464 2677 2965 2752 Ναϐουχοδονόσορ,
3016 2683 3113 2736 uel
3167 2682 3335 2754 τιμῆς
3369 2685 3513 2750 ἀξιοῖ
3541 2699 3556 2714 ο

262 2779 461 2835 δίδωσι
511 2777 571 2830 δέ
607 2777 705 2830 καὶ
749 2775 961 2845 δωρεὰς
994 2776 1166 2852 αὐτῷ,
1222 2775 1319 2828 uel
1361 2772 1673 2844 ὁμοδίαιτον
1712 2765 1828 2842 εἶχε
1856 2769 2178 2832 διαπαντός.

355 2871 438 2928 E’.
491 2871 606 2926 Kel
641 2869 830 2924 τούτου
861 2869 918 2922 δὲ
955 2867 1347 2940 παρελθόντος,
1383 2866 1464 2930 εἰς
1499 2865 1594 2932 τὸν
1641 2863 1871 2932 ἀδελφὸν

257 2963 440 3021 αὐτοῦ
475 2960 751 3033 μετῖδλθεν
786 2961 820 3031 ὴ
858 2959 1128 3030 βασιλεία,
1164 2959 1459 3029 Βαλτάσαρ
1487 2955 1822 3028 καλούμενον
1849 2968 1866 2984 ⁸

2045 2863 2108 2917 V.
2139 2861 2219 2916 Eo
2250 2876 2469 2932 quoque
2504 2871 2746 2926 mortuo,
2782 2878 3012 2934 regnum
3058 2864 3126 2920 ad
3178 2865 3404 2923 fratrem
3438 2872 3560 2940 eius

1968 2954 2354 3010 Balthasarum
2401 2955 2618 3018 transit,
2666 2957 2762 3026 qui
2809 2956 2937 3030 Cyri
2992 2957 3162 3013 ductu
3196 2969 3252 3015 et
3292 2963 3558 3032 auspiciis

259 3058 393 3114 καθ’
438 3050 504 3110 οῦ
536 3055 721 3125 Κῦρος
754 3053 895 3124 μετὰ
923 3051 1152 3123 Περσῶν
1195 3069 1255 3106 τε
1293 3051 1390 3106 uel
1428 3050 1630 3122 Μήδων
1665 3050 1864 3120 ἐστρά-

1971 3063 2001 3102 a
2031 3047 2214 3104 Persis
2246 3056 2302 3100 et
2341 3046 2516 3103 Medis
2546 3057 2631 3103 est
2670 3058 3041 3120 oppugnatus.
3094 3050 3192 3106 llic
3230 3054 3557 3121 proceribus

257 3168 492 3205 τευσεν.
541 3142 712 3212 Οὗτος
746 3146 876 3215 γοῦν
911 3145 1076 3200 πότον
1121 3145 1356 3215 ποιήσας
1383 3145 1498 3207 τοῖς
1542 3143 1865 3214 μεγιστᾶσιν

259 3240 466 3305 αὑτοῦ,
493 3241 593 3294 uel
626 3238 767 3310 μετὰ
792 3237 902 3292 τῶν
938 3236 1236 3291 παλλακῶν
1251 3234 1654 3305 κατακείμενός
1680 3251 1740 3289 τε
1769 3234 1864 3287 καὶ

264 3332 716 3404 μεθυσκόμενος,
766 3329 1058 3383 ἐκέλευσεν
1116 3326 1400 3398 ἐνεχθῆναι
1455 3327 1524 3380 τὰ
1582 3324 1751 3396 σκεύη
1797 3327 1865 3381 τὰ

259 3423 418 3493 ιερὰ,
444 3420 484 3476 ἃ
513 3421 577 3485 ἐξ
608 3417 875 3491 Ἱεροσολύ
883 3435 1000 3488 μων
1023 3420 1051 3472 6
1077 3416 1551 3488 Ναὸουχοδονόσορ
1576 3415 1860 3487 ἐσύλησεν,

258 3516 361 3570 καὶ
391 3515 512 3577 τοῖς
551 3511 778 3576 οἰκείοις
835 3511 977 3575 θεοῖς
1013 3511 1355 3564 ἀνατέθεικε.
1396 3509 1784 3581 Κομισθέντων
1817 3509 1863 3562 δ’

259 3607 522 3672 ἐκείνων,
575 3600 658 3670 οἷς
693 3607 722 3659 6
759 3604 943 3676 πατὴρ
990 3603 1157 3658 αὐτοῦ
1199 3604 1300 3658 οὐκ
1346 3604 1642 3674 ἐχρήσατο,
1697 3601 1862 3667 αὐτὸς

261 3700 549 3769 ἐκέχρητο
576 3695 815 3758 τούτοις,
875 3697 970 3750 uel
1033 3695 1244 3766 μεταξὺ
1301 3694 1474 3749 πίνων
1518 3694 1862 3766 ἐϐλασφήμει

257 3790 410 3845 κατὰ
437 3788 540 3842 τοῦ
574 3786 734 3842 Θεοῦ.
779 3787 912 3860 Ὁρᾷ
936 3788 1120 3841 τοίνυν
1152 3786 1503 3859 ἀστράγαλον
1529 3790 1597 3842 ἐκ
1630 3786 1725 3841 τοῦ
1752 3787 1862 3840 τοί-

258 3899 358 3953 χου
395 3881 673 3952 προῖόντα
703 3879 888 3952 χειρὸς
919 3880 1292 3960 ἀνθρωπίνης,
1329 3880 1428 3935 καὶ
1460 3881 1740 3950 γράφοντα
1767 3880 1861 3933 ἐπὶ

256 3973 320 4028 τὺ
351 3973 608 4044 κονίαμα
633 3972 728 4027 τοῦ
760 3973 968 4044 τοίχου,
1024 3973 1118 4026 uel
1168 3972 1389 4043 ἐξέστη,
1449 3973 1545 4026 uel
1601 3974 1634 4043 ή
1673 3973 1859 4044 μορφὴ

257 4066 434 4122 αὐτοῦ
458 4064 759 4137 ἠλλοιώθη.
780 4067 890 4120 Kal
911 4067 1038 4130 τοὺς
1061 4065 1365 4130 Χαλδαίους
1387 4065 1626 4130 καὶτοὺς
1649 4066 1859 4137 μάγους

258 4160 536 4224 καλέσας,
577 4158 680 4229 τὴν
711 4156 822 4213 τῶν
850 4159 1200 4230 γραμμάτων
1235 4159 1436 4230 ἀπῄτει
1472 4159 1729 4230 δήλωσιν,
1764 4157 1859 4212 uel

255 4251 509 4322 ἀμοισὰς
547 4250 795 4320 μεγάλας
845 4250 1037 4304 δώσειν
1094 4249 1331 4321 ἐκήρυξε
1380 4251 1461 4322 τῷ
1507 4249 1858 4321 σαφηνίζοντι

255 4346 359 4416 τὴν
391 4343 681 4414 σημασίαν
721 4343 926 4397 αὐτῶν.
972 4342 1114 4396 Ἀλλ’
1153 4338 1295 4414 ἦσαν
1329 4341 1586 4411 ἄγνωστα
1613 4342 1750 4396 πᾶσι
1788 4341 1858 4394 τά

1969 3139 2036 3194 ad
2068 3139 2536 3210 compotationem
2583 3139 2854 3202 invitatis.
2901 3157 3026 3197 cum
3075 3144 3403 3202 concubinis
3439 3150 3554 3202 suis

1966 3232 2328 3296 accumbens,
2353 3239 2520 3302 atque
2556 3233 2883 3299 inebriatus,
2929 3251 3084 3291 sacra
3111 3252 3258 3302 vasa,
3292 3253 3415 3308 qua:
3441 3240 3549 3295 Na-

1967 3324 2400 3382 buchodonosor
2433 3326 2831 3399 Hierosolymis
2857 3329 3094 3399 direpta,
3137 3331 3244 3387 diis
3273 3332 3390 3389 suis
3415 3347 3550 3388 cou-

1966 3426 2234 3484 secrarat,
2282 3417 2469 3474 all‘erri
2517 3419 2694 3490 jubet,
2737 3429 2905 3490 atque
2955 3421 3022 3476 iis
3062 3422 3259 3488 utitur,
3312 3438 3549 3493 quorum

1969 3524 2072 3565 usu
2123 3519 2281 3581 pater
2324 3510 2709 3566 abstinuerat:
2746 3511 2989 3583 dumque
3025 3514 3170 3570 inter
3203 3517 3402 3586 pocula
3431 3517 3550 3573 bla—

1966 3601 2218 3672 sphemat
2258 3601 2456 3669 Deum,
2516 3602 2666 3659 videt
2718 3603 2921 3676 digitos
2973 3605 3228 3664 humanae
3280 3623 3478 3665 manus
3521 3627 3552 3666 e

1964 3695 2176 3765 pariete
2232 3699 2574 3768 prodeuntes
2623 3698 2682 3754 in
2729 3700 2960 3755 tectorio
2993 3701 3222 3770 parietis
3259 3703 3547 3761 scribere:

1964 3787 2172 3858 quibus
2247 3791 2566 3861 conspectis
2627 3792 3070 3861 obstupefactus.
3147 3802 3262 3850 toto
3317 3811 3548 3868 corpore

1963 3881 2257 3937 cohorruit
2288 3898 2302 3935 :
2328 3889 2385 3937 et
2403 3878 2676 3938 Chaldaeis
2699 3897 2765 3937 ac
2791 3881 2966 3953 magis
2998 3883 3304 3952 accersitis,
3329 3889 3550 3958 magnis

1965 3971 2263 4041 propositis
2291 3971 2638 4036 muneribus,
2666 3972 3001 4027 sententiam
3035 3973 3348 4030 litterarum
3373 3975 3444 4030 ab
3467 3975 3550 4030 eis

1965 4063 2225 4132 requirit.
2267 4061 2374 4118 Sed
2403 4062 2680 4133 scriptura
2728 4063 2820 4118 illa
2870 4063 3054 4135 ignota
3102 4075 3222 4120 erat
3265 4067 3548 4126 omnibus.

1961 4153 2330 4220 Quamobrem
2409 4155 2532 4210 avia
2595 4169 2778 4226 regem
2833 4155 3048 4212 tristem
3099 4157 3436 4228 conspicata,
3492 4169 3548 4215 et

1962 4245 2372 4316 perturbatum,
2406 4246 2483 4302 ait
2514 4264 2527 4303 :
2565 4246 2621 4302 Si
2653 4246 2942 4303 Baltassar
2969 4246 3196 4305 Judaaus
3223 4263 3545 4304 accersere-

1962 4353 2071 4408 tur,
2123 4345 2220 4413 qui
2268 4353 2326 4400 et
2382 4342 2922 4400 Nabuchodonosori
2965 4346 3141 4401 multa
3187 4345 3545 4418 signiﬁcavit,

253 4436 660 4506 γεγραμμένα.
709 4434 1058 4506 Ἀθυμοῦντα
1089 4434 1146 4488 δὲ
1175 4437 1267 4489 τὸν
1306 4433 1533 4506 βασιλέα
1573 4434 1667 4486 uel
1696 4449 1854 4487 τετα-

1970 4453 2084 4508 quaa
2113 4451 2276 4493 nemo
2322 4438 2466 4494 alius
2510 4438 2787 4510 explicare
2826 4442 3096 4510 potuerit,
3123 4458 3250 4498 eum
3281 4460 3546 4500 arcanum

258 4529 549 4598 ραγμένον
579 4525 766 4582 ἰδοῦσα
788 4530 822 4599 ή
870 4529 1072 4600 μάμμη
1116 4528 1305 4593 αὑτοῦ,
1347 4528 1477 4598 ἔφη,
1505 4526 1580 4591 ώς
1607 4527 1655 4580 εἰ
1689 4543 1854 4596 μετα-

254 4623 497 4692 πεμφθῇ
527 4621 821 4694 Βαλτάσαρ
851 4624 879 4675 6
901 4621 1177 4687 Ἰουδαῖος,
1199 4622 1260 4686 ὃς
1280 4622 1378 4676 uel
1406 4621 1486 4692 τῷ
1515 4619 1854 4690 Ναὸουχοδο-

252 4714 428 4787 νόσορ
488 4712 664 4768 πολλὰ
715 4713 1017 4785 ἐσήμανεν,
1048 4713 1085 4768 ἃ
1133 4714 1320 4786 ἐτέρος
1349 4715 1625 4786 ἐκφράσαι
1676 4714 1852 4776 οὐδεὶς

249 4805 524 4876 ἠδύνατο,
585 4807 794 4871 ἐκεῖνός
851 4823 936 4860 σοι
995 4807 1058 4860 τὸ
1111 4809 1424 4880 ἀπόρρητον
1476 4806 1684 4861 τούτων
1741 4805 1850 4860 τῶν

255 4899 552 4954 ωλλαῦῶν
583 4903 820 4970 σημανεῖ
852 4915 867 4930 ο
919 4899 1037 4953 ἔστι
1087 4901 1196 4972 γὰρ
1236 4901 1464 4970 Πνεῦμα
1519 4901 1677 4970 ἅγιον
1710 4899 1848 4954 Θεοῦ

253 4992 319 5045 ἐν
339 4991 519 5063 αὐτῷ.
538 4991 747 5045 Αὐτίκα
770 4992 954 5046 τοίνυν
975 4993 1207 5055 καλέσας
1231 4994 1321 5046 τὸν
1341 4993 1540 5065 Δανιὴλ
1559 4996 1586 5047 6
1606 4995 1846 5064 κρατῶν,

250 5083 412 5155 ἠξίου
464 5084 663 5154 δηλοῦν
704 5085 856 5156 αὑτῷ
883 5086 1032 5157 περὶ
1063 5087 1171 5140 τῶν
1201 5089 1573 5158 γραμμάτων,
1621 5090 1716 5142 uel
1770 5089 1848 5160 μὴ

251 5176 666 5248 ἠποσταλῆναι,
725 5180 831 5233 κᾶν
896 5179 984 5250 εῑη
1039 5178 1367 5250 σκυθρωπὸν
1411 5181 1471 5233 τὸ
1527 5181 1618 5234 ὑπ’
1666 5183 1848 5237 αὐτῶν

253 5270 674 5341 σημαινόμενον
706 5285 720 5299 ·
752 5270 848 5324 uel
872 5271 1040 5343 γέρας
1065 5270 1259 5326 δώσειν
1285 5270 1434 5345 αὐτῷ
1477 5274 1848 5342 ἐπηγγέλλετο

254 5345 560 5442 ¹ιξλυρςρύραν
587 5365 920 5433 ἐνδεδύσθαι,
948 5368 1042 5419 καὶ
1074 5367 1459 5437 περιαυχένιον
1492 5368 1723 5441 χρύσεον
1755 5369 1849 5424 uel

246 5445 318 5511 τὸ
345 5457 530 5530 τρίτον
551 5457 651 5525 τῆς
672 5457 851 5529 ἀρχῆς
878 5457 1064 5530 μέρος.
1091 5458 1291 5530 Δανιὴλ
1315 5459 1372 5513 δὲ
1394 5460 1492 5524 τὰς
1517 5461 1617 5532 μὲν
1636 5460 1848 5532 δωρεὰς

247 5553 582 5621 παρῃτεῖτο,
619 5549 850 5625 μηνύειν
879 5551 924 5604 δ’
969 5549 1156 5620 ἐλεγεν
1210 5551 1360 5622 αὐτῷ
1391 5552 1461 5606 τὰ
1484 5554 1848 5624 γεγραμμένα

247 5641 358 5696 τοῦ
391 5641 508 5712 βίου
535 5641 946 5713 καταστροφὴν,
994 5643 1076 5695 ὅτι
1109 5642 1235 5714 μηδ’
1269 5637 1351 5705 οἷς
1396 5643 1426 5695 6
1461 5643 1647 5715 πατὴρ
1682 5644 1848 5697 αὐτοῦ

248 5734 331 5789 δι’
362 5735 618 5790 ἀσέϐειαν
650 5733 943 5802 ἐκολάσθη,
966 5734 1345 5807 ἐσωφρονίσθη
1367 5735 1550 5806 αὐτὸς,
1574 5735 1710 5793 ἀλλὰ
1736 5738 1846 5803 τοῖς

529 5831 805 5892 ιἈτιιοι..
853 5829 970 5891 CR.
1021 5831 1354 5913 CXXXIV.

1961 4529 2296 4601 syllabarum
2338 4531 2557 4586 illarum
2588 4531 2998 4588 declaraturam
3034 4550 3048 4588 :
3083 4549 3205 4590 esse
3235 4536 3384 4592 enim
3419 4552 3546 4592 san-

1958 4631 2108 4678 ctum
2142 4623 2240 4678 Dei
2275 4624 2546 4694 Spiritum
2576 4624 2630 4678 in
2665 4639 2755 4680 eo.
2794 4624 2990 4680 Statim
3023 4626 3192 4698 igitur
3217 4644 3310 4684 rex
3340 4628 3543 4684 Danie-

1955 4716 2063 4771 lcm
2094 4717 2307 4773 accersi
2334 4717 2514 4790 jubet.
2556 4717 2812 4790 ﬂagitans
2852 4722 3143 4790 scriptura:
3179 4722 3330 4778 illius
3355 4722 3542 4779 decla-

1956 4806 2254 4875 rationem,
2287 4808 2427 4863 citra
2451 4808 2952 4872 dissimulationem
2985 4825 3228 4879 omnem,
3257 4814 3361 4870 etsi
3385 4815 3541 4870 triste

1954 4900 2165 4970 aliquid
2205 4902 2605 4971 portenderet:
2658 4907 2918 4959 daturum
2959 4905 3239 4976 pollicitus
3265 4906 3541 4977 gestanda:

1953 5008 2216 5064 purpurae
2246 5006 2303 5051 et
2337 4997 2551 5067 torquis
2580 4997 2736 5053 aurei
2773 4998 2885 5068 jus,
2918 5008 2975 5054 et
3006 5000 3224 5054 tertiam
3267 4997 3422 5071 regni
3449 5001 3537 5055 sui

1953 5097 2186 5158 partem.
2222 5089 2412 5145 Daniel
2443 5106 2574 5146 vero
2604 5091 2932 5148 muneribus
2966 5094 3258 5159 recusatis,
3289 5093 3537 5156 dicebat.

1951 5183 2284 5245 scripturam
2307 5181 2357 5237 ei
2389 5182 2601 5238 obitum
2633 5185 2989 5255 portendere,
3025 5186 3172 5257 quod
3203 5201 3273 5242 ne
3295 5198 3539 5257 paterna:

1951 5274 2173 5346 quidem
2232 5274 2535 5346 impietatis
2576 5292 2738 5348 paena
2783 5278 2963 5335 factus
3017 5289 3165 5336 esset
3214 5279 3533 5339 modestior,

1951 5365 2048 5420 sed
2086 5365 2291 5421 divinis
2334 5367 2484 5424 vasis
2529 5383 2656 5424 cum
2685 5370 3017 5427 concubinis
3058 5370 3126 5426 ad
3161 5353 3532 5425 ministerium

1951 5468 2100 5514 esset
2131 5474 2284 5515 usus.
2323 5459 2564 5517 Litteras
2591 5478 2722 5518 vero
2750 5463 2824 5518 ita
2860 5464 3120 5536 legebat:
3149 5451 3322 5524 Mani,
3358 5460 3531 5524 Tekel,

1951 5550 2152 5606 Phares
2181 5569 2203 5610 .'
2233 5568 2466 5623 quarum
2499 5554 2957 5625 signiﬁcationem
3007 5557 3088 5610 sic
3133 5551 3535 5623 interpretaba-

1953 5653 2042 5698 tur
2071 5663 2085 5699 :
2127 5643 2440 5702 Numeravit
2478 5645 2618 5702 Deus
2643 5656 2845 5719 tempus
2878 5651 3000 5702 vim
3025 5656 3154 5713 tum,
3187 5655 3346 5716 atque
3367 5646 3532 5714 impe-

1954 5738 2019 5792 rii
2067 5739 2168 5808 tui,
2213 5739 2361 5808 cujus
2401 5757 2685 5814 perparum
2730 5748 2986 5810 superest.
3026 5737 3160 5794 Nam
3199 5738 3531 5796 vocabulum
