3958 6204
340 243 448 306 239

1637 235 1964 300 JOANNIS
2001 238 2325 302 ZONARE

3484 229 3594 295 240

335 359 584 434 plurimi,
628 366 760 416 sunt
790 375 821 415 a
849 357 1029 416 Persis
1065 354 1359 413 interfecti.
1408 354 1616 412 Eadem
1647 355 1814 413 etiam
1845 355 1915 410 ad

2023 355 2293 420 σκύϐαλα,
2321 349 2398 410 ὧν
2429 353 2842 426 ἐνσηπομένων,
2871 349 3028 406 εὐλαί
3056 368 3120 406 τε
3180 351 3277 407 καὶ
3309 349 3597 424 σκὼληιιες

334 455 719 513 crudelitatem
746 454 924 526 gentis
949 451 1142 507 referri
1173 457 1397 520 queant.
1425 449 1563 504 Tres
1588 463 1718 504 vero
1745 455 1916 504 costas

335 549 424 603 vel
460 549 582 614 alae,
613 563 754 618 quas
791 562 888 600 ore
923 543 1168 608 tenebat,
1211 545 1376 596 trium
1422 541 1576 596 orbis
1605 549 1766 596 terrae
1790 554 1916 610 par-

336 641 474 696 tium
528 639 822 709 imperium
880 635 1239 690 denotabant.
1290 634 1428 690 Nam
1481 632 1658 704 Cyrus
1705 630 1916 702 Assyrii

336 731 492 800 regni
518 745 766 794 eversor,
811 728 1084 782 orientem
1135 740 1354 780 omnem
1406 739 1582 794 usque
1621 722 1690 778 ad
1730 721 1913 777 Helle-

333 834 590 897 spontum
635 821 874 892 subegit.
920 819 1091 891 Cujus
1132 818 1278 873 ﬁlius
1321 816 1623 889 Cambyses
1654 826 1711 870 et
1753 814 1916 887 Egy-

331 928 488 988 ptum
537 925 594 970 et
639 911 1002 982 )Ethiopiam,
1040 926 1162 980 qua:
1202 916 1392 963 austro
1415 907 1666 962 obversa!
1703 905 1913 976 jacent,

333 1008 598 1065 obtinuit.
655 1005 853 1060 Darius
895 1010 1080 1057 autem
1127 999 1412 1072 Hystaspis
1457 999 1624 1064 lilius,
1681 998 1914 1070 Scythas

334 1117 501 1173 vagos
531 1098 746 1155 domuit
779 1112 794 1150 :
829 1096 887 1150 hi
923 1109 1122 1149 versus
1155 1091 1588 1163 septentrionem
1635 1091 1911 1146 habitant.

337 1196 547 1250 Xerxes
601 1206 771 1260 porro
823 1188 970 1242 Darii
1027 1188 1174 1241 tilius
1223 1183 1578 1255 expeditione
1633 1191 1911 1252 suscepta,

334 1297 569 1342 conatus
621 1282 846 1354 quidem
899 1290 986 1334 est
1042 1279 1322 1348 Europam
1383 1274 1817 1346 subigeretsed
1843 1275 1912 1328 ab

335 1375 766 1432 Atheniensibus
807 1371 986 1426 navali
1033 1383 1214 1438 pugna
1257 1367 1458 1432 victus,
1487 1383 1614 1421 cum
1641 1365 1913 1421 dedecore

335 1471 562 1524 domum
595 1465 776 1520 rediit.
824 1463 943 1518 Jam
979 1461 1144 1516 statio
1191 1459 1246 1513 in
1295 1468 1471 1528 parte,
1511 1457 1784 1528 signiﬁcat
1817 1470 1914 1510 eos

335 1573 568 1630 regnum
607 1571 716 1610 non
751 1568 980 1624 prorsus
1007 1551 1333 1617 amissuros,
1385 1549 1482 1604 sed
1514 1551 1635 1620 ejus
1660 1549 1910 1617 exiguam

335 1663 548 1724 partem
581 1656 918 1703 retenturos.
960 1643 1096 1698 Nam
1128 1658 1252 1698 cum
1288 1641 1582 1711 imperium
1621 1639 1755 1694 illud
1779 1639 1911 1692 olim

2018 448 2343 512 ἀναζέουσιν
2370 464 2387 480 ·
2417 448 2446 501 ό
2486 447 2532 500 δ’
2567 448 3035 516 ἐγκατακείμενος
3070 447 3138 517 τῇ
3173 445 3454 517 ὑγρότητι,
3497 451 3594 502 καὶ

2016 539 2115 603 τὰς
2161 540 2375 612 σάρκας
2415 540 2555 609 αὐτῇ
2596 540 2990 610 ἐνσηπόμενος,
3033 544 3128 592 καὶ
3160 539 3264 593 ὑπὸ
3297 542 3405 594 τῶν
3451 559 3599 594 σκω-

2015 632 2200 698 λήκων
2242 632 2414 694 αὐτάς
2461 630 2876 701 δαπανώμενος,
2929 630 3104 695 οὕτως
3156 631 3502 704 οίκτρότερόν
3535 649 3598 687 τι

2016 721 2260 792 θνήσκει,
2307 724 2403 775 καὶ
2445 722 2836 793 χρονιώτερον.
2868 721 3060 794 Ταύτῃ
3084 724 3150 793 τῇ
3184 722 3410 776 κολάσει
3460 723 3598 793 χρή-

2017 813 2214 866 σασθαι
2261 814 2560 880 ἱστορεῖται
2622 813 2718 867 καὶ
2775 815 2809 884 ἠ
2850 812 3164 882 Παρύσατις
3204 814 3239 882 ἡ
3279 811 3461 882 Κύρου
3502 814 3598 866 καὶ

2026 903 2252 974 ’Δρταξέ
2264 903 2388 974 ρξου
2414 903 2618 976 μήτηρ,
2639 905 2776 958 κατὰ
2791 905 2884 958 τοῦ
2903 904 3113 958 ἀνελεῖν
3129 904 3220 957 τὸν
3239 904 3420 976 Κῦρον
3435 905 3604 975 αὖχή.

2017 1015 2229 1061 σαντος,
2257 997 2567 1068 μαχόμενον
2618 999 2748 1068 περὶ
2795 997 2898 1066 τῆς
2949 995 3230 1064 βασιλείας
3255 996 3331 1067 τῷ
3360 997 3596 1066 ἀδελφῷ,

2013 1088 2108 1140 ἐπὶ
2127 1086 2740 1158 τεσσαρεσκαιδεκάτην
2776 1087 2993 1158 ἡμέραν
3013 1089 3080 1156 τῇ
3106 1087 3347 1157 τιμωρίᾳ
3374 1087 3596 1157 διαρκέ-

2016 1197 2209 1244 σαντος
2237 1180 2337 1250 τῆς
2368 1180 2749 1250 σκαφεύσεως.
2798 1180 2864 1233 Ἦ
2898 1179 2999 1250 μὲν
3033 1175 3126 1233 οὖν
3158 1180 3454 1248 σκάφευσις
3483 1177 3599 1249 (79)

2010 1272 2192 1327 τοιάδε
2221 1290 2307 1336 τις
2350 1268 2492 1327 εἶναι
2554 1272 2864 1346 ἱστόρηται.
2921 1273 2996 1326 Τὸ
3035 1272 3093 1325 δὲ
3140 1271 3412 1337 Ἀνάστα,
3445 1273 3600 1342 φάγε

2015 1363 2268 1432 σάρκας,
2299 1364 2402 1416 οὐκ
2431 1364 2826 1434 ἐπιτρέποντός
2855 1366 3027 1429 ἐστιν,
3074 1363 3213 1418 ἀλλὰ
3240 1365 3601 1435 προλέγοντος

2013 1453 2085 1506 τὰ
2119 1454 2378 1524 ἐσόμενα.
2413 1454 2592 1525 Πολλὴ
2621 1453 2732 1524 γὰρ
2780 1454 2960 1524 φθορὰ
3012 1455 3123 1507 τῶν
3165 1452 3473 1525 ’Δσσυρίων
3503 1457 3601 1508 καὶ

2014 1544 2124 1599 τῶν
2195 1546 2630 1617 συμμαχούντων
2657 1546 2908 1614 ,ἐκείνοις
2949 1545 3056 1599 ὑπὸ
3110 1546 3336 1618 Περσῶν
3388 1563 3445 1599 τε
3503 1545 3603 1600 καὶ

2016 1640 2220 1710 Μήδων
2242 1641 2482 1708 ἐγένετο.
2515 1640 2675 1692 Εῐποι
2701 1639 2748 1692 δ’
2779 1638 2848 1694 ἄν
2875 1656 2958 1702 τις
2983 1639 3078 1692 ιια1⁵
3103 1638 3184 1707 τὸ,
3216 1641 3363 1708 Φάγε
3389 1640 3603 1711 σάρκας

333 1748 505 1796 totam
548 1737 756 1800 Asiam,
798 1732 1158 1801 EthiOpiam,
1187 1731 1506 1802 1Egyptum,
1540 1729 1910 1793 Palaestinam,

2023 1731 2242 1797 πολλάς,
2275 1733 2380 1798 τῆς¹
2413 1731 2698 1802 ὠμότητος
2734 1729 2830 1783 τοῦ
2883 1730 3071 1794 ἐθνους
3121 1732 3480 1814 σημαντικόν.
3517 1731 3602 1784 Τά

332 1829 700 1890 ΡΙιωηὶεἰυηι,
752 1827 1036 1896 ipsamque
1094 1822 1344 1878 Ciliciam
1404 1831 1637 1888 teneret,
1683 1821 1912 1891 reliquis

334 1921 560 1982 excidit,
609 1918 789 1973 Media
832 1926 890 1972 et
927 1916 1158 1972 Perside
1190 1915 1447 1970 retentis.
1486 1914 1583 1970 Vel
1618 1912 1784 1968 statio
1821 1912 1913 1966 illa

334 2018 394 2072 in
430 2025 587 2084 parte
608 2012 812 2067 irei'erri
845 2017 1027 2080 potest
1057 2024 1146 2074 eo,
1181 2008 1328 2079 quod
1360 2008 1652 2062 Persarum
1681 2020 1912 2076 regnum

331 2109 403 2164 ad
443 2116 662 2175 tempus
693 2104 942 2158 otiosum
976 2110 1031 2157 et
1068 2102 1325 2172 ignavum
1360 2103 1431 2156 sit
1462 2100 1707 2154 futurum
1739 2116 1754 2153 :
1786 2113 1912 2152 nam

222 2218 224 2221 ·
332 2198 650 2257 Alexandro
679 2203 804 2267 post
833 2194 885 2248 id
917 2195 1210 2250 subactum
1254 2203 1498 2258 mortuo,
1539 2193 1660 2264 ejus
1690 2206 1912 2246 monar-

329 2293 460 2350 chia
484 2292 544 2347 in
585 2298 822 2360 quatuor
861 2303 1028 2358 regna
1076 2297 1162 2342 est
1205 2287 1490 2340 distracta.
1542 2285 1680 2339 Cum
1727 2293 1913 2339 autem

332 2392 686 2435 successores
723 2377 843 2447 ejus
891 2375 1103 2430 crebris
1145 2374 1288 2430 inter
1341 2391 1461 2430 sese
1511 2375 1716 2444 praeliis
1770 2374 1914 2430 vires

333 2483 466 2526 suas
493 2467 858 2530 attrivissent,
892 2465 1071 2520 Persae
1101 2472 1319 2534 arrepta
1349 2465 1662 2531 occasione,
1697 2480 1915 2520 resum-

336 2571 540 2633 ptaque
581 2557 802 2622 ﬁducia,
852 2557 1084 2611 multum
1122 2556 1190 2611 de-
1215 2571 1316 2612 suo
1356 2556 1587 2626 imperio
1617 2571 1915 2627 recupera-

340 2664 487 2708 runt.
519 2651 766 2707 Tertium
791 2650 992 2708 animal
1020 2649 1300 2723 panthera:
1328 2647 1434 2706 fuit
1455 2649 1657 2716 simile,
1679 2659 1918 2720 quatuor

333 2745 440 2802 alis
467 2743 790 2802 vulneribus
817 2744 871 2798 in
906 2744 1072 2798 dorso
1107 2741 1426 2814 praeditum,
1470 2751 1709 2812 quatuor
1748 2742 1917 2795 etiam

336 2842 617 2911 capitibus
663 2840 718 2894 in
769 2854 835 2894 eo
881 2839 1080 2902 enatis,
1127 2835 1217 2891 cui
1259 2835 1537 2905 Propheta
1586 2842 1918 2905 potestatem

336 2949 459 2991 esse
489 2933 672 2988 datam
692 2931 788 2985 ait.
811 2931 924 2986 Hoc
947 2928 1148 2983 animal
1178 2927 1472 2997 imperium
1506 2925 1917 2981 Macedonicum

339 3034 719 3098 repraesentat.
745 3023 879 3078 Nam
900 3021 1181 3093 pantherae
1200 3030 1552 3089 comparatus
1570 3029 1654 3075 est
1681 3021 1918 3075 Alexan-

339 3119 439 3174 der
471 3119 539 3174 ob
581 3117 924 3174 celeritatem
971 3124 1028 3170 et
1079 3113 1405 3184 agilitatem,
1457 3112 1606 3182 quod
1653 3112 1832 3182 ipsum
1864 3121 1921 3167 et

339 3212 440 3265 alze
492 3209 816 3272 innuebant,
859 3219 1093 3275 quarum
1133 3201 1423 3272 quaternio
1455 3208 1692 3270 quatuor
1726 3197 1919 3253 mundi

345 3311 532 3373 partes
563 3299 811 3364 notabat,
839 3312 976 3368 quas
1003 3296 1178 3350 instar
1197 3293 1436 3348 volucris
1462 3299 1545 3346 est
1571 3299 1918 3362 pervagatus,

341 3409 406 3448 ac
443 3405 614 3462 prope
641 3389 888 3443 omnium
921 3387 1150 3458 potitus.
1188 3385 1431 3452 Quatuor
1459 3385 1660 3454 capita,
1691 3381 1922 3438 divisio-

339 3502 465 3541 nem
499 3481 716 3553 imperii
769 3487 893 3550 post
938 3480 1058 3550 ejus
1109 3477 1326 3532 obitum
1379 3478 1434 3529 in
1475 3484 1657 3544 partes
1692 3473 1919 3529 totidem

341 3575 717 3630 declararunt.
750 3571 888 3627 Nam
921 3569 1217 3640 IEgyptnm
1250 3567 1578 3622 Ptolemmus
1609 3565 1741 3636 Lagi
1777 3565 1922 3620 ﬁlius

340 3666 601 3732 obtinuit,
642 3665 872 3735 ejusque
920 3661 1126 3732 posteri
1179 3674 1353 3729 usque
1407 3658 1474 3712 ad
1527 3657 1918 3728 Cleopatram;

343 3760 500 3831 Syria
543 3767 600 3813 et
633 3755 1018 3826 adjacentibus
1056 3752 1378 3823 regionibus
1417 3751 1682 3806 Seleucus
1712 3762 1796 3806 est
1826 3765 1922 3822 po-

343 3855 510 3918 titus;
542 3850 852 3919 Antigonus
879 3849 1064 3904 Asiam
1098 3845 1317 3916 subegit
1343 3861 1358 3911 ;
1409 3844 1740 3900 Macedoniae
1763 3844 1922 3899 Anti-

337 3953 496 4013 pater
546 3940 873 4011 imperavit!;
928 3937 1084 4007 127
1133 3938 1238 4003 vel,
1291 3947 1352 3991 ut
1397 3936 1622 4007 quidam
1669 3947 1918 4000 narrant,

328 4035 592 4090 .Aridaeus
632 4032 802 4088 frater
848 4030 1143 4086 Alexandri
1201 4045 1268 4084 ex
1319 4041 1474 4100 patre
1501 4029 1776 4099 Philippo.
1831 4029 1923 4086 Ait

333 4129 488 4184 .enitn
540 4123 948 4190 Chaaronensis,
1007 4122 1325 4178 Perdiccam
1381 4122 1618 4176 maxima
1677 4125 1920 4192 potentia

316 4219 658 4290 graduum,
687 4216 874 4272 statim
895 4222 1020 4284 post
1038 4221 1273 4266 mortem
1293 4209 1589 4267 Alexandri
1619 4210 1920 4275 Aridazum,

341 4324 598 4381 tanquam
635 4309 787 4379 regni
815 4307 1220 4362 munimentum
1255 4305 1567 4366 attraxisse.
1593 4319 1660 4359 ex
1691 4305 1923 4359 muliere

2012 1823 2070 1876 δὲ
2093 1823 2218 1893 τρία
2248 1823 2461 1893 πλευρὰ
2500 1823 2533 1894 ἢ
2579 1823 2777 1893 πτερὰ,
2813 1822 2851 1877 ἃ.
2885 1825 2942 1876 ἐν
2985 1824 3062 1895 τῷ
3091 1824 3322 1891 στόματι
3357 1826 3600 1894 κατεῖχε,

2013 1917 2113 1987 τὴν
2143 1915 2255 1969 τῶν
2288 1916 2457 1987 τριῶν
2499 1915 2809 1986 τμημάτων
2836 1914 3012 1986 ἀρχὴν
3044 1915 3143 1986 τῆς
3175 1916 3499 1986 οἰκουμένης
3528 1911 3602 1987 ἦν

2014 2009 2488 2080 προχαράττοντα.
2515 2007 2699 2078 Κῦρος
2723 2008 2822 2078 μὲν
2845 2011 2955 2078 γάρ
2976 2009 3006 2060 ό
3031 2009 3132 2078 τὴν
3162 2007 3270 2061 τῶν
3295 2007 3602 2076 Ἀσσυρίων

2017 2101 2294 2171 βασιλείαν
2353 2098 2688 2171 καθῃρηκὼς
2761 2100 2825 2153 τὸ
2890 2100 3030 2170 ἑῷον
3088 2099 3235 2154 ἅπαν
3292 2100 3456 2170 μέχρι
3501 2098 3602 2152 τοῦ

2023 2192 2425 2262 Ἑλλησπόντου
2464 2190 2734 2256 ὑπέταξεν
2769 2207 2786 2222 ο
2821 2195 2850 2246 ό
2879 2191 2936 2245 δέ
2988 2190 3183 2245 τούτου
3222 2192 3338 2255 υίὸς
3370 2190 3608 2262 Καμὸύ-

2019 2302 2118 2356 σης
2151 2287 2246 2339 καὶ
2275 2287 2373 2356 τὴν
2409 2285 2684 2354 Δίγυπτον
2724 2287 2820 2341 καὶ
2856 2286 2954 2357 τὴν
2976 2286 3267 2340 Αἰθιοπίαν
3311 2285 3468 2355 ἔσχεν
3509 2284 3606 2354 ὑφ’

2017 2377 2229 2431 ἐαυτόν.
2271 2377 2459 2431 Νότιοι
2497 2377 2544 2430 δ’
2583 2377 2642 2432 oti
2680 2377 2860 2449 χῶραι
2893 2371 3057 2432 αὗταί
3097 2379 3226 2430 είσι.
3270 2378 3494 2445 Δαρεῖος
3543 2376 3603 2429 δέ

2015 2471 2044 2523 ὁ
2081 2469 2400 2523 Ὑστάσπου
2425 2469 2522 2524 καὶ
2549 2470 2678 2534 τοὺς
2723 2471 2961 2540 νομάδας
2982 2470 3316 2542 ἐχειρώσατο
3344 2471 3560 2533 Σκύθας
3590 2486 3603 2501 ·

2015 2554 2164 2615 οὗτοι
2192 2561 2235 2614 δ’
2256 2563 2468 2614 οἰκοῦσι
2495 2562 2556 2616 τὸ
2579 2562 2752 2635 κλίμα
2774 2564 2834 2617 τὸ
2861 2563 3096 2636 βόρειον.
3128 2564 3189 2617 Ὀ
3216 2563 3272 2616 δέ
3301 2581 3364 2632 γε
3391 2561 3603 2633 Ξέρξης

2017 2651 2046 2704 ὁ
2101 2650 2195 2706 τοῦ
2255 2654 2510 2723 Δαρείου,
2563 2653 2791 2724 ὥρμησε
2825 2655 2925 2725 μὲν
2959 2655 3102 2708 κατὰ
3149 2655 3247 2725 τῆς
3308 2653 3601 2724 Εὐρώπης,

2018 2745 2294 2815 κρατῆσαι
2324 2746 2421 2799 καὶ
2459 2746 2666 2818 ταύτης
2706 2745 3050 2818 πειρώμενος
3073 2764 3087 2778 ·
3147 2746 3498 2818 ἀπεκρούσθη
3543 2745 3605 2799 δι

2018 2853 2082 2904 γε
2103 2838 2384 2909 ναυμαχίᾳ
2416 2839 2557 2909 πρὸς
2592 2839 2898 2909 Ἀθηναίων
2925 2841 3207 2911 ἡττηθεὶς,
3241 2840 3338 2894 καὶ
3367 2839 3608 2903 ἀναζεύ-

2021 2928 2116 2995 ξας
2139 2929 2620 3002 κατῃσχυμμένος.
2646 2930 2721 2982 Τδ
2743 2931 2786 2982 δ’
2803 2933 2860 2984 ἐν
2886 2933 3043 3001 μέρει
3063 2931 3178 3004 (80)
3210 2931 3404 3001 στῆναι
3425 2931 3484 2984 τδ
3505 2931 3610 2999 θη.

2036 3022 2151 3090 ρίον
2191 3022 2523 3092 σημαντικὸν
2553 3022 2648 3076 τοῦ
2677 3023 2751 3094 μὴ
2783 3025 2964 3095 πάντη
2997 3025 3097 3094 τῆς
3123 3025 3296 3095 ἀρχῆς
3327 3026 3606 3089 ἐκπεσεῖν,

1944 3085 1989 3146 C
2023 3085 2190 3183 άλίγῳ
2307 3116 2467 3184 μέρει
2518 3085 2751 3183 ταύτης,
2788 3085 3229 3186 περιγνραςρῆναιϊ
3255 3085 3466 3186 ’Πάσης
3495 3085 3610 3188 γάρ

2022 3207 2122 3276 τῆς
2154 3205 2342 3269 Ἀσίας
2377 3206 2569 3276 πρώην
2622 3207 2901 3276 κρατοῦσα
2928 3208 2960 3277 ἡ
2990 3207 3239 3276 βασιλεία
3265 3207 3470 3278 ἐκείνη,
3502 3211 3609 3261 καὶ

2021 3296 2298 3351 Αἰθιόπων
2326 3298 2420 3350 καὶ
2441 3298 2782 3365 Αἰγυπτίων,
2823 3299 3190 3369 Παλαιστίνης
3221 3316 3280 3352 τε
3309 3299 3400 3353 καὶ
3429 3300 3613 3352 Φοινί-

2023 3405 2147 3460 κης,
2172 3389 2270 3443 καὶ
2291 3388 2388 3458 τῆς
2412 3387 2618 3459 Λιϐύης
2642 3389 2838 3457 αὐτῆς,
2869 3389 3096 3453 ἐξέπεσε
3123 3390 3223 3458 μὲν
3245 3389 3353 3442 τῶν
3375 3389 3610 3455 λοιπῶν,

2023 3481 2378 3552 περιελείφθη
2423 3482 2469 3536 δ’
2502 3482 2642 3552 αὐτῇ
2679 3481 2862 3551 Μηδία
2897 3499 2956 3534 τε
2997 3481 3091 3534 καὶ
3145 3482 3373 3549 Περσίς.
3403 3482 3476 3534 Ἢ
3513 3483 3612 3535 καὶ

2021 3575 2196 3638 ἄλλως
2222 3575 2284 3628 τὸ
2315 3576 2374 3628 ἐν
2408 3576 2567 3645 μέρει
2616 3575 2813 3642 στῆναι
2860 3575 2920 3628 τὸ
2948 3575 3142 3646 θηρίον
3175 3575 3608 3646 ἐκληφθήσεται,

2024 3669 2117 3720 ἐπὶ
2146 3667 2337 3738 καιρόν
2383 3684 2504 3720 τινα
2557 3667 2761 3738 δηλαδὴ
2801 3668 3061 3738 σχολάσαι
3100 3667 3197 3739 τὴν
3241 3669 3352 3722 τῶν
3382 3669 3615 3737 Περσῶν

2025 3761 2326 3832 βασιλείαν,
2363 3761 2459 3816 καὶ
2494 3761 2878 3831 ἀπρακτῆσαι.
2935 3761 3042 3815 Τοῦ
3095 3761 3205 3833 γὰρ
3253 3761 3612 3831 Ἀλεξάνδρου

2024 3851 2408 3923 καθῃρηκότος
2451 3852 2650 3919 αὐτὴν,
2695 3845 2818 3904 εἶτα
2869 3850 3148 3917 θανόντος,
3195 3853 3277 3916 είς
3331 3852 3613 3924 τέσσαρας

2023 3945 2200 4014 ἀρχὰς
2237 3945 2269 4013 ἡ
2321 3944 2534 3998 ἐκείνου
2571 3943 2843 4016 μοναρχία
2892 3944 3141 4016 διῄρητο.
3193 3945 3328 4000 Κατ’
3361 3946 3615 4016 ἀλλήλων

2023 4035 2080 4088 δὲ
2109 4035 2220 4088 τῶν
2270 4035 2536 4104 διαδόχων
2591 4035 2758 4089 αὑτοῦ
2810 4038 3204 4107 χωρησάντων,
3256 4037 3352 4090 καὶ
3401 4039 3460 4091 ἐν
3487 4042 3614 4102 ταῖς

2026 4126 2160 4196 πρὸς
2196 4125 2458 4194 ἀλλήλους
2483 4127 2686 4198 μάχαις
2710 4128 3117 4199 ὴσθενηκότων,
3139 4130 3188 4182 οἱ
3214 4130 3418 4200 Πέρσαι
3447 4131 3616 4185 πάλιν

2025 4214 2223 4284 καιροῦ
2289 4215 2583 4287 λαϐόμενοι
2643 4219 3062 4291 ἀνεθάρσησαν,
3129 4223 3224 4275 καὶ
3285 4221 3457 4275 πολλὰ
3514 4225 3618 4293 τῆς

2027 4311 2295 4380 σφετέρας
2333 4311 2509 4382 ἀρχῆς
2552 4314 2952 4383 ἀνεκτήσαντο.
2999 4313 3073 4366 Τὸ
3103 4314 3160 4368 δὲ
3190 4314 3373 4384 τρίτον
3421 4315 3618 4385 θηρίον

310 4399 565 4470 ._igttubili
593 4407 648 4453 et
674 4397 884 4467 vulgari
913 4406 1121 4463 ortum,
1153 4404 1210 4450 et
1235 4395 1440 4451 mentis
1477 4411 1670 4466 parum
1699 4411 1917 4467 compo-

2031 4403 2301 4474 παρδάλει
2363 4398 2433 4475 ἦν
2488 4406 2753 4476 ἐμφερὲς,
2807 4406 2900 4460 καὶ
2962 4406 3136 4477 πτερὰ
3196 4401 3311 4475 εἶχε
3363 4405 3618 4478 τέσσαρα

312 4500 449 4546 tem
487 4507 501 4544 :
533 4506 637 4544 non
669 4490 889 4558 quidem
924 4490 997 4543 ita
1025 4487 1296 4558 genitum,
1319 4487 1416 4542 sed
1446 4487 1714 4543 veneﬁcio
1735 4486 1922 4560 Olym-

329 4581 522 4652 piadis
558 4591 910 4650 corruptum.

2032 4495 2286 4548 πετεινοῦ
2341 4496 2599 4567 ὑπεράνω
2653 4497 2850 4561 αὐτῆς.
2902 4498 3015 4552 Καὶ
3055 4499 3320 4569 τέσσαρες
3375 4500 3620 4568 κεφαλαὶ

2031 4586 2207 4655 τούτῳ
2233 4584 2311 4651 τῷ
2363 4587 2540 4658 θηρίῳ
2586 4587 2958 4656 ἐπεφύκεσαν,
3011 4587 3107 4641 καὶ
3151 4588 3404 4656 ἐξουσίαν
3461 4589 3622 4656 λέγει

324 4680 559 4751 ,δοθῖῖλναι
595 4678 742 4748 αὐτῷ
772 4679 908 4748 (81).
940 4676 1113 4730 Τοῦτο
1139 4674 1193 4728 δὲ
1220 4675 1280 4728 τὸ
1317 4672 1509 4745 θηρίον
1535 4675 1636 4742 τὴν
1701 4677 2082 4748 Μακεδονικὴν
2149 4681 2386 4746 εἰκόνιζε
2450 4680 2750 4751 βασιλείαν.
2778 4681 3051 4754 Παρδάλει
3107 4683 3204 4753 μὲν
3256 4682 3364 4752 γάρ
3392 4681 3620 4752 ῂκάσθη

1523 4810 1734 4873 Varias
1771 4811 2082 4876 lectiones
2130 4825 2190 4877 et
2226 4826 2412 4881 noue.

390 4945 527 5013 .179)
563 4941 926 5013 Σκάςοευσις.
955 4937 1138 5013 Persis
1164 4936 1426 5013 usitatum
1463 4935 1816 5013 supplicium.
1852 4938 1920 4992 il-

390 4945 527 5070 .479)
563 4945 926 5010 Σκάςοευσις.
955 4945 1138 4994 Persis
1164 4945 1426 4992 usitatum
1463 4945 1816 5006 supplicium.
1852 4945 1918 4992 il-

340 5017 398 5071 ln
442 5030 547 5085 que
586 5011 932 5085 prascazteris
955 5009 1369 5085 acerbissimum
1395 5023 1459 5062 ac
1489 5008 1918 5085 atro_c_issi_n_tum,

331 5097 404 5142 ut
427 5077 661 5142 testatur
692 5082 975 5150 Eunapius
1023 5079 1076 5132 in
1111 5079 1366 5142 Maximo,
1395 5094 1518 5149 pag.
1545 5077 1654 5130 1υὸ
1684 5096 1696 5132 :
1733 5081 1925 5150 Μικρὰ

333 5160 452 5230 ,γὰρ
503 5159 558 5226 (ἡ
585 5149 1038 5230 ’συμφοράλκαὶ
1079 5151 1111 5220 ή
1162 5150 1385 5230 Ηερσῴν
1439 5149 1747 5230 λεγομένη..
1777 5153 1927 5203 σκά-

345 5219 713 5300 ζοεὺσίξηΎαίη
733 5219 1082 5300 “ueniamus,
1099 5219 1415 5300 Supplicium
1442 5219 1922 5300 Persisltsitaiunt,

343 5292 454 5372 {me
481 5298 751 5372 tormentis
779 5295 894 5372 huic
924 5293 1104 5372 quatis
1132 5308 1354 5372 parvum
1386 5293 1567 5362 fuerit.
1604 5292 1741 5347 Hinc
1775 5292 1924 5372 ,Σίκῡξ-

343 5363 550 5440 ἒρεύειν,
610 5367 753 5438 apud
783 5365 1044 5440 ‘Ctesiam
1090 5365 1144 5417 in
1191 5363 1428 5440 Persius
1465 5377 1582 5440 pag.
1624 5364 1824 5440 It,_nbi
1857 5363 1925 5418 de

346 5433 662 5511 Aspantitra
701 5436 794 5508 qui
829 5434 1065 5511 Xerxem
1111 5443 1167 5511 et
1209 5433 1486 5486 Aridzeutn
1549 5433 1921 5511 interfecerat,

345 5506 574 5581 et'apud
631 5506 986 5581 Plutarchum
1031 5509 1086 5581 i_n
1135 5507 1456 5581 Artaxerxe,
1514 5506 1926 5581 a__qu‘0_hau_sit

337 5575 584 5634 Zonaras
627 5596 749 5650 quae
798 5578 994 5650 habet-
1025 5575 1368 5650 'de_l_tuju_sce
1415 5575 1670 5650 supplicii
1716 5575 1923 5650 Persici

328 5645 742 5720 «descriptione,
763 5647 984 5705 tametsi
1009 5646 1197 5720 verbis
1225 5645 1568 5720 aliquantum
1587 5646 1921 5720 immutatis,

345 5720 446 5774 ubi
471 5715 551 5775 de'
571 5721 885 5780 Mithridate
911 5717 1226 5794 quiCyrum
1259 5732 1318 5774 se
1346 5715 1692 5775 interfecisse
1708 5716 1925 5786 gloria-

2021 4939 2377 5013 batur._Vide
2427 4952 2693 5013 praeterea
2747 4941 2948 4997 Baron.
2990 4941 3056 4996 ad
3093 4940 3368 5013 Martyrol.
3407 4942 3478 4996 28
3510 4943 3619 4999 Ju-

2023 5011 2102 5074 lii,
2203 5010 2502 5065 Antonium
2525 5011 2862 5079 Gallonium,
2896 5015 2966 5067 De
2989 5010 3262 5068 cruciatib.
3289 5024 3616 5083 martyrum,

2024 5097 2083 5134 ι).
2190 5121 2202 5133 .

2024 5097 2202 5152 p.12.

2098 5151 2209 5218 (80)
2246 5152 2316 5225 Τὸ
2349 5151 2400 5225 δ’
2427 5153 2496 5206 ἐν
2517 5155 2685 5225 μέρει
2712 5151 2961 5225 στῆναι,
2994 5151 3086 5225 Ἐν
3119 5153 3303 5224 μέρει,
3332 5153 3490 5219 alias,
3521 5172 3622 5225 per

2024 5223 2180 5283 vices,
2208 5222 2455 5284 vicissim.
2486 5223 2705 5278 alternis
2731 5241 2748 5278 :
2780 5224 2875 5279 sed
2910 5224 3003 5278 hic
3028 5222 3206 5278 aliter
3223 5239 3344 5281 esse
3386 5222 3616 5280 verten-

2026 5293 2156 5346 dum
2183 5295 2452 5348 sententia
2485 5295 2670 5350 docet.
2701 5295 2792 5349 W.

2096 5367 2208 5432 (8i)
2241 5366 2348 5417 Καὶ
2397 5365 2690 5427 ἐξουσίαν
2727 5367 2892 5436 λέγει
2926 5364 3182 5434 δοθῆναι
3205 5365 3388 5431 αὐτῷ.
3418 5365 3613 5433 Λέγει,

2024 5436 2236 5489 scilicet
2261 5439 2289 5506 ο
2314 5437 2604 5506 apem-:1];
2629 5436 2803 5505 αὐτῷ,
2833 5438 2911 5506 τῷ
2945 5439 3123 5506 θηρίῳ
3145 5455 3157 5468 ·
3204 5454 3305 5493 nec
3334 5438 3486 5492 enint
3524 5437 3614 5491 in-

2035 5505 2413 5581 telligendum,
2443 5508 2525 5560 ὃτι
2563 5506 2624 5557 τὸ
2643 5507 2842 5581 θηρίον
2875 5505 3032 5581 λέγει
3059 5505 3240 5581 ἑαυτῷ
3272 5508 3617 5581 δοθῆναι-ἐξ-

2023 5575 2238 5640 ουσίαν,
2269 5586 2575 5646 potestatem
2605 5578 2703 5632 sibi
2728 5575 2838 5630 esse
2862 5579 3045 5632 datam
3085 5593 3102 5631 :
3139 5575 3263 5633 nam
3305 5579 3358 5631 in
3387 5575 3614 5632 Daniele

2026 5647 2132 5702 hoc
2155 5656 2372 5703 tantum
2404 5649 2628 5720 legitur,
2657 5651 2804 5718 eique
2839 5650 3028 5704 datum
3067 5660 3143 5704 est
3183 5651 3484 5721 imperium.
3521 5649 3609 5705 ιν.
