3958 6204
313 377 414 442 241
1571 380 1903 444 ᾹΝΝΑιῐῐ

2029 382 2180 443 LIB.
2222 379 2338 443 III.
3459 385 3588 450 242'

327 491 678 560 Ἀλέξανδρος
712 493 801 547 διά
831 494 892 547 τὸ
925 494 1230 568 ὀξύρροπον
1262 495 1358 551 καὶ
1401 495 1708 566 εὐκίνητον,
1744 495 1774 550 δ
1835 496 1932 549 καὶ
2001 495 2070 549 τά
2118 497 2296 568 πτερά
2348 495 2592 569 ἐδήλουν.
2642 498 2706 552 Ἠ
2763 499 2820 553 δὲ
2877 499 3086 554 τούτων
3138 502 3460 571 τετρακτὺς,
3509 505 3580 557 τά

311 586 554 657 τέσσαρα
608 590 710 660 τῆς
741 591 1074 662 οἰκουμένης
1102 591 1246 663 μέρη
1282 590 1552 662 ᾐνίττετο,
1599 591 1639 646 ἃ.
1689 590 1894 662 πτηνοῦ
1922 589 2104 661 διῆλθε
2143 592 2367 659 τρόπον,
2436 592 2532 647 καὶ
2597 593 2786 662 σχεδὸν
2841 594 3101 648 ἁπάντων
3144 593 3470 664 ἐκράτησεν.
3511 598 3578 649 Αἱ

313 677 367 728 δέ
401 694 464 745 γε
491 678 762 752 τέσσαρες
825 682 1064 751 κεφαλαὶ
1100 683 1201 754 τὴν
1246 683 1385 753 μετὰ
1423 683 1652 737 θάνατον
1695 683 1906 738 ἐκείνου
1940 683 2210 753 διαίρεσιν
2268 685 2566 755 ἐσήμαινον
2615 686 2714 755 τῆς
2761 685 2956 755 ἀρχῆς.
3010 685 3104 748 Εἰς
3134 685 3243 754 γὰρ
3301 685 3580 758 τέσσαρας

317 770 592 840 βασιλείας
616 778 650 848 ἡ
680 777 895 832 ἐκείνου
921 780 1246 850 ἐπικράτεια
1274 778 1500 851 διῄρητο
1527 797 1542 814 ·
1588 780 1806 850 καὶτῆς
1866 778 1967 850 μὲν
2005 778 2284 847 Αἰγύπτου
2321 779 2651 850 Πτολεμαῖος
2679 782 2706 834 ὁ
2735 779 2918 847 Λάγου
2949 783 3282 852 κεκράτηκε,
3313 781 3409 834 καὶ
3442 783 3491 834 οἱ
3523 781 3586 846 ἐξ

314 869 522 922 ἐκείνου
573 873 736 942 μέχρι
759 873 863 943 τῆς
892 875 1252 945 Κλεοπάτρας
1285 893 1296 904 ·
1327 875 1427 942 τῆς
1468 874 1523 926 δέ
1575 890 1639 942 γε
1690 872 1893 944 Συρίας
1928 874 2025 928 καὶ
2103 874 2215 927 τῶν
2287 874 2426 946 αὐτῇ
2481 874 2766 945 προσεχῶν
2818 875 2848 928 ὁ
2901 873 3164 936 Σέλευκος
3212 873 3578 943 ἐκυρίευσεν·

327 962 634 1030 Ἀντίγονος
663 965 720 1018 δὲ
746 964 846 1036 τὴν
871 967 1060 1020 Ἀσίαν
1087 967 1178 1035 ὑφ’
1206 968 1397 1020 ἑαυτὸν
1425 966 1724 1037 ἐποιήσατο
1753 981 1769 997 ο
1802 965 1900 1035 τῆς
1938 964 1996 1018 δὲ
2025 965 2363 1029 Μακεδονίας
2384 961 2548 1036 ἦρξεν
2578 965 2956 1034 Ἀντίπατρος,
3017 965 3094 1028 ὡς
3121 964 3179 1018 δέ
3217 981 3357 1029 τινες
3428 967 3584 1018 ιστο-

319 1060 528 1127 ροῦσιν,
558 1061 590 1114 ὀ
617 1061 893 1132 Ἀριδαῖος
927 1061 1158 1131 ἀδελφὸς
1182 1063 1514 1135 ἐτεροθαλὴς
1567 1064 1633 1117 ἐκ
1681 1063 1894 1133 πατρὸς
1931 1061 2010 1117 ὢν
2044 1062 2423 1134 Ἀλεξάνδρου.
2470 1063 2609 1134 Φησὶ
2652 1064 2760 1133 γὰρ
2831 1065 2859 1115 ὁ
2903 1063 3222 1131 Χαιρωνεὺς
3291 1063 3384 1116 τδν
3431 1064 3574 1134 Περ-

312 1159 530 1222 δίκκαν,
564 1159 706 1228 μετὰ
733 1157 968 1214 θάνατον
1009 1160 1370 1232 Ἀλεξάνδρου
1409 1162 1470 1214 ὲν
1532 1159 1767 1231 μεγίστη
1833 1158 2063 1228 δυνάμει
2103 1158 2257 1223 ὄντα,
2325 1158 2485 1223 εὐθὺς
2528 1160 2621 1213 τὸν
2669 1159 2940 1230 Ἀριδαῖον
2989 1157 3177 1229 ὥσπερ
3218 1157 3581 1228 δορυφόρημα

315 1253 595 1322 βασιλείας
647 1255 1008 1322 ἐφέλκεσθαι,
1047 1257 1311 1324 γεγονότα
1361 1255 1466 1326 μὲν
1517 1257 1585 1311 ἐκ
1634 1254 1895 1326 γυναικὸς
1935 1254 2126 1320 ἀδόξου
2187 1255 2280 1308 καὶ
2315 1257 2523 1326 κοινῆς,
2563 1256 2727 1326 ἀτελῆ
2780 1256 2838 1308 δὲ
2874 1255 2975 1326 τὴν
3007 1255 3271 1325 φρόνησιν
3295 1255 3448 1320 ὄντα,
3516 1253 3578 1308 οὐ

313 1346 472 1414 φύσει
505 1343 754 1398 τοιοῦτον
801 1347 1169 1417 προαχθέντα,
1220 1347 1357 1402 ἀλλὰ
1411 1349 1514 1419 τῆς
1547 1344 1914 1417 Ὀλυμπιάδος
1953 1347 2269 1417 φαρμάκοις
2297 1347 2694 1418 διαφθειράσης
2728 1345 2996 1417 αὐτῷτὴν
3029 1347 3292 1402 διάνοιαν.

381 1441 458 1498 Z'.
500 1440 613 1495 Τοῦ
643 1442 701 1496 δὲ
729 1443 997 1514 τετάρτου
1043 1443 1237 1513 θηρίου
1265 1443 1404 1508 εἶδος
1435 1444 1534 1516 μὲν
1559 1445 1663 1498 οὐκ
1695 1444 1904 1513 ἐσήμα-
1927 1439 1981 1500 Α

313 1553 398 1588 νεν
427 1536 456 1588 ό
489 1537 804 1606 προφήτης,
843 1537 1080 1609 φοϐερὸν
1108 1537 1157 1591 δ’
1188 1534 1310 1592 εἷπε
1339 1538 1520 1606 τοῦτο,
1553 1539 1648 1592 καὶ
1681 1537 1892 1608 ἐκθαμ-

311 1629 402 1681 ϐον
430 1626 734 1699 περισσῶς,
763 1628 985 1693 ὢόντας
1021 1628 1145 1700 ἔχον
1185 1631 1456 1701 μεγάλους
1485 1633 1583 1686 καὶ⁵
1617 1630 1894 1703 σιδηροῦς,

313 1719 490 1773 ἐσθίον
512 1737 576 1772 τε
608 1719 706 1773 καὶ
731 1719 1128 1783 λεπτῦνον,καὶ
1153 1723 1221 1776 τά
1251 1723 1510 1778 ἐπίλοιπα
1546 1726 1894 1795 συμπατοῦν,

314 1811 404 1866 καὶ
430 1813 493 1866 τὸ
523 1813 784 1884 διάφορον
805 1814 976 1869 αὐτοῦ
997 1816 1136 1886 πρὸς
1165 1816 1232 1870 τά
1255 1820 1692 1890 προηγησάμενα
1724 1821 1894 1894 θηρία

315 1905 414 1976 ἔφη
442 1904 741 1976 τυγχάνειν
763 1905 923 1961 πολύ.
955 1906 1019 1960 Ἦ
1039 1907 1148 1960 τῶν
1185 1908 1475 1978 Ῥωμαίων
1501 1911 1559 1964 δὲ
1582 1910 1671 1966 διὰ
1697 1913 1893 1967 τούτου

315 1997 564 2067 βασιλεία
613 1998 966 2068 σημαίνεται.
1017 1999 1110 2052 Διὸ
1161 2001 1285 2054 οὐδὲ
1331 1998 1472 2067 εῐδος
1515 2004 1544 2056 ό
1603 2008 1896 2078 προφήτης

313 2086 516 2140 τούτων
546 2086 658 2140 οὐδ’
677 2086 849 2159 ὄνομα
877 2087 1050 2143 ἔθετο.
1086 2091 1382 2163 Πολυειδὴς
1411 2095 1522 2166 γάρ
1551 2097 1584 2167 ἡ
1620 2097 1730 2151 τῶν
1763 2099 1898 2152 Ῥω-

320 2176 494 2246 μαίων
549 2177 720 2248 ἀρχὴ,
767 2178 1036 2249 πρότερον
1089 2180 1189 2250 μὲν
1239 2180 1554 2251 βασιλεῦσιν
1603 2185 1893 2257 ίθυνομένη

317 2267 420 2319 ἀπὺ
466 2267 756 2337 Ῥωμύλου
781 2267 947 2339 μέχρι
986 2269 1094 2324 τῶν
1115 2270 1439 2342 Ταρκυνίων
1463 2289 1478 2304 ·
1508 2273 1614 2345 τῆς
1651 2276 1710 2330 δὲ
1753 2277 1898 2332 ὲκεί-

317 2375 420 2412 νιον
475 2361 800 2430 τυραννίδος
843 2361 1268 2433 καταλυθείσης,
1323 2366 1893 2440 άριστοκρατουμένη,

313 2449 411 2516 τῆς
461 2449 776 2519 συγκλήτου
830 2449 926 2504 καὶ
973 2451 1082 2506 τῶν
1140 2453 1365 2507 ὑπάτων
1420 2454 1769 2512 διοικούντων
1823 2460 1896 2513 τά

318 2540 643 2608 πράγματα.
685 2539 844 2593 Ἔστι
896 2538 944 2596 δ’
977 2541 1066 2595 ὅτε
1111 2543 1208 2596 καὶ
1243 2544 1766 2619 δημοκρατουμένη,
1797 2549 1895 2603 τοῦ

318 2632 489 2702 δήμου
525 2632 791 2696 πολλάκις
823 2633 959 2706 πρὸς
985 2635 1085 2706 τὴν
1120 2635 1430 2708 σύγκλητον
1462 2641 1859 2705 στασιάσαντος
1879 2658 1894 2675 ο

323 2723 617 2792 μετέπειτα
645 2725 691 2777 δ’
716 2724 875 2788 αὖθις
903 2727 983 2790 είς
1017 2728 1323 2800 μοναρχίαν
1357 2731 1764 2800 μεταπεσοῦσα,
1787 2734 1898 2788 κάκ

318 2817 522 2887 ταύτης
556 2818 639 2880 είς
670 2817 949 2887 βασιλείας
978 2820 1174 2888 κλῆσιν
1208 2823 1682 2895 ἐπανακάμψασα.
1729 2827 1900 2880 Φοϐε-
1930 2805 1974 2860 Β

323 2911 414 2980 ρον
455 2911 516 2964 δὲ
563 2911 628 2965 τὸ
661 2911 853 2981 θηρίον
887 2913 983 2966 καὶ
1023 2913 1302 2983 ἐκθαμὸον
1342 2911 1516 2980 εἷπεν,
1551 2917 1634 2970 ὅτι
1663 2917 1903 2974 δυνατω-

322 2999 452 3072 τέρα
502 3002 615 3055 τῶν
669 3001 849 3058 ἄλλων
883 3003 1172 3074 βασιλειῶν
1217 3005 1358 3078 αὕτη
1411 3010 1746 3080 γεγένηται*
1806 3013 1904 3068 καὶ

315 3093 419 3147 ὅσα
445 3096 480 3164 ἡ
518 3094 876 3168 Μακεδονικὴ
907 3101 982 3170 μὴ
1011 3101 1249 3168 ὑπέταξε
1274 3102 1547 3174 βασιλεία,
1581 3106 1674 3177 ὑφ’
1698 3108 1903 3181 ἑαυτὴν

322 3186 458 3259 αὕτη
498 3190 874 3262 ποιησαμένη,
905 3192 1006 3263 τὴν
1065 3194 1297 3250 Ἐλλάδα
1345 3197 1548 3272 δηλαδὴ
1573 3202 1778 3267 πᾶσαν,
1803 3202 1903 3273 τὴν

321 3281 654 3352 Καρχηδόνα
688 3283 787 3337 σὺν
812 3287 880 3355 τῇ
913 3285 1114 3358 Λιϐύῃ,
1146 3287 1246 3358 τὴν
1278 3289 1550 3358 Σικελίαν,
1581 3293 1680 3365 τὴν
1714 3295 1904 3366 Σαρδώ

317 3389 376 3425 τε
429 3374 525 3427 καὶ
577 3376 777 3444 νήσους
829 3377 1017 3444 ἄλλας,
1066 3379 1159 3432 καὶ
1205 3378 1334 3452 ἔθνη
1386 3383 1622 3454 ἑσπέρια
1668 3387 1903 3460 διάφορα

319 3467 504 3538 ἔτερα,
547 3463 625 3520 ὧν
667 3468 769 3522 οὒκ
807 3463 976 3540 ἧρξεν
1022 3470 1395 3542 Ἀλέξανδρος.
1442 3474 1623 3548 Ἀπερ
1653 3479 1683 3531 ό
1713 3477 1904 3548 βουλό-

324 3577 480 3629 μενος
503 3560 849 3628 γνῶναι,τᾶς
875 3561 1092 3632 βισλοὺς
1117 3563 1213 3617 τοῦ
1241 3566 1516 3637 Ῥωμαίου
1540 3569 1744 3634 Δίωνος
1765 3572 1903 3643 (81⁸)

321 3652 644 3720 ἀναγνώτω,
677 3653 774 3706 καὶ
805 3654 875 3708 τά
904 3654 998 3708 τοῦ
1037 3656 1304 3710 Πολυϐίου
1339 3661 1774 3732 συγγράμματα.
1807 3665 1905 3717 Φο-

322 3744 479 3815 δερὺν
525 3746 587 3799 δὲ
639 3745 704 3799 τὸ
749 3745 957 3817 θηρίον,
1001 3749 1098 3802 καὶ
1143 3749 1444 3820 ἐκθαμόον,
1497 3754 1592 3807 καὶ
1647 3755 1903 3825 σιδηροῦς

320 3837 540 3902 ὀδόντας
577 3837 722 3909 ῐχον,
758 3840 836 3904 ὡς
863 3839 963 3909 τῆς
994 3841 1106 3894 τῶν
1151 3840 1443 3913 Ῥωμαίων
1471 3846 1773 3916 ἡγεμονίας
1795 3847 1904 3902 τῶν

319 3929 496 3984 ἄλλων
535 3931 828 4002 βασιλειῶν
859 3935 1088 3989 ἁπασῶν
1116 3939 1460 4006 φρικωδεστέ
1469 3956 1568 4008 ρας
1596 3943 1906 4013 γεγενημέ-

315 4040 434 4092 νης.
481 4026 594 4079 Καὶ
620 4027 682 4079 ἐν
712 4028 779 4097 τῇ
799 4028 971 4080 εἰκόνι
1011 4029 1120 4101 γάρ
1151 4033 1218 4102 τῇ
1259 4030 1382 4085 κατ’
1403 4032 1538 4104 ὄναρ
1577 4034 1802 4109 ὀφθείσῃ
1829 4039 1906 4109 τῷ

2075 1441 2188 1498 Vll.
2215 1441 2410 1510 Quarti
2435 1441 2690 1497 animalis
2718 1440 2951 1497 formam
2995 1455 3105 1495 non
3141 1440 3414 1510 expressit
3440 1441 3580 1496 Pro—
3653 1425 3662 1430 ’

2002 1533 2191 1604 pheta,
2227 1535 2323 1590 sed
2355 1532 2705 1589 formidabile
2745 1541 2801 1587 et
2831 1532 3079 1588 terribile
3134 1532 3410 1596 nominat,
3469 1546 3582 1586 ma-

2003 1625 2127 1696 gnis
2155 1625 2353 1682 ferreis
2382 1625 2642 1681 dentibus
2668 1639 2872 1681 vorans
2900 1636 2956 1679 et
2986 1625 3389 1691 comminuens,
3407 1633 3464 1679 et
3492 1640 3580 1679 rc-

2001 1720 2151 1791 liqua
2185 1720 2419 1794 pedibus
2461 1720 2815 1786 conculcans,
2857 1734 3062 1789 magno
3088 1717 3407 1773 discrimine
3435 1718 3583 1772 inter

2002 1814 2137 1868 illud
2171 1823 2225 1870 et
2253 1825 2450 1870 caetera
2474 1814 2800 1869 constituto.
2848 1813 3056 1868 Verum
3109 1810 3162 1864 i'd
3204 1810 3581 1864 Romanorum

2001 1898 2296 1970 imperium
2322 1901 2707 1972 innuitzquod
2731 1916 2855 1956 cum
2892 1899 2966 1956 sit
3014 1899 3228 1954 varium
3289 1906 3347 1952 et
3391 1896 3586 1952 multi-

2001 1990 2199 2058 forme,
2239 1991 2514 2063 Propheta
2542 2008 2722 2064 neque
2739 1993 3116 2063 nomen'ejus.
3148 2005 3328 2060 neque
3350 1989 3593 2044 formam

2003 2085 2206 2156 posuit.
2250 2087 2387 2141 Nam
2420 2100 2452 2140 a
2493 2085 2731 2141 Romulo
2750 2101 2924 2155 usque
2955 2085 3022 2140 ad
3047 2082 3382 2152 Tarquinios
3407 2082 3588 2136 Roma

2004 2179 2230 2250 regibus
2261 2180 2490 2249 paruit:
2527 2195 2762 2250 quorum
2817 2176 3108 2250 tyrannide
3167 2189 3385 2239 eversa,
3433 2172 3584 2244 optiv-

2003 2279 2200 2335 mates,
2237 2279 2461 2324 senatus
2487 2279 2544 2325 et
2575 2270 2834 2325 consules
2890 2267 3283 2338 rempublicam
3341 2263 3584 2319 admit»

2003 2370 2268 2418 strarunt.
2314 2361 2630 2433 Aliquando
2684 2362 2853 2417 etiam
2915 2360 2983 2415 ad
3039 2357 3324 2430 popularis
3362 2353 3586 2425 imperii

2002 2455 2236 2511 formam
2262 2456 2483 2511 redacta
2511 2464 2616 2520 est,
2655 2453 2929 2510 seditione
2978 2453 3156 2524 plebis
3195 2451 3459 2506 adversus
3486 2463 3583 2518 pa-

2004 2557 2136 2613 tres,
2169 2557 2290 2618 post
2322 2549 2520 2603 iterum
2553 2548 2732 2603 unius-
2760 2556 3036 2617 potestate
3088 2559 3370 2615 oppressa,
3413 2552 3468 2597 et
3511 2540 3580 2596 ad

2003 2640 2141 2710 regii
2166 2639 2405 2694 nominis
2430 2639 2855 2709 appellationem
2879 2652 3118 2691 reversa.
3151 2636 3387 2690 Bestiam
3415 2647 3582 2702 porro

2004 2730 2153 2785 illam
2190 2729 2492 2785 terribilem
2523 2738 2578 2783 et
2609 2727 3015 2782 formidabilem
3058 2733 3242 2789 vocat,
3279 2722 3427 2794 quod
3474 2722 3581 2776 Ro-

2003 2837 2225 2878 manum
2247 2821 2540 2891 imperium
2567 2821 2782 2874 caeteris
2802 2819 3082 2888 potentius
3111 2817 3344 2878 exstitit,
3369 2822 3426 2869 et
3459 2829 3581 2884 qua:

2003 2915 2330 2970 Macedones
2353 2930 2463 2968 non
2495 2914 2813 2984 attigerant,
2845 2928 2908 2968 ea
2925 2929 3144 2983 quoque
3169 2911 3408 2981 subegit,
3431 2909 3583 2964 Grae-

2004 3008 2146 3064 ciam
2182 3007 2440 3064 videlicet
2491 3009 2829 3074 universam,
2869 3007 3260 3077 Carthaginem
3311 3020 3437 3059 cum
3490 3003 3581 3056 Li-

2003 3097 2118 3165 bia,
2165 3098 2426 3166 Siciliam,
2484 3099 2817 3165 Sardiniam,
2869 3107 3204 3169 caeterasque
3256 3097 3489 3162 insulas,
3523 3105 3585 3151 et:

2004 3193 2318 3262 complures
2349 3202 2540 3264 gentes
2554 3192 2946 3254 occidentales,
2965 3192 3170 3262 quibus
3198 3205 3308 3246 non
3335 3189 3578 3259 impera-

2004 3286 2086 3340 vit
2118 3285 2428 3340 Alexander
2463 3302 2478 3338 :
2511 3301 2634 3354 quae
2664 3285 2754 3339 cui
2778 3285 2918 3340 scire
2947 3284 3130 3340 studio
3158 3293 3266 3349 est,
3312 3283 3360 3338 is
3391 3283 3584 3338 Dionis

2005 3381 2239 3436 Romani
2271 3392 2328 3435 et
2347 3380 2556 3451 Polybii
2607 3380 2751 3450 legat
2779 3379 3056 3435 historias.
3092 3379 3277 3435 Ferrei
3307 3380 3502 3434 dentes
3529 3376 3582 3433 ei

2005 3471 2199 3527 bestia:
2225 3480 2355 3527 sunt
2386 3472 2660 3537 attributi,
2693 3472 2839 3542 quod
2887 3473 3260 3528 Romanorum
3305 3471 3582 3542 principa-

2004 3573 2096 3620 tus
2135 3564 2392 3620 omnibus
2415 3564 2540 3620 aliis
2567 3565 2818 3636 imperiis
2853 3564 3173 3619 horribilior
3202 3565 3309 3618 fuit
3349 3580 3362 3616 :
3417 3573 3582 3630 atque

2005 3659 2257 3717 etiamin
2295 3659 2531 3730 imagine
2560 3675 2659 3729 per
2687 3658 2962 3715 somnium
2998 3659 3180 3713 oblata
3213 3653 3583 3711 Nabuchodo-

2005 3753 2216 3819 nosori,
2247 3761 2504 3822 quartum
2529 3768 2757 3823 regnum
2783 3753 2931 3806 ferro
2959 3758 3332 3820 comparatur.
3367 3746 3586 3803 Fert-eis

2004 3862 2172 3918 porro
2192 3845 2452 3900 dentibus
2483 3845 2648 3900 edere
2673 3856 2729 3900 et
2763 3844 3140 3899 comminuere
3172 3842 3401 3898 bestiam
3421 3843 3581 3905 dixit,

2005 3947 2062 3993 et
2089 3937 2300 4006 reliqua
2338 3936 2663 3990 conculcare
2703 3935 2939 4004 pedibus
2967 3953 2981 3988 :
3013 3951 3248 4004 quorum
3298 3935 3482 4005 priora
3515 3934 3592 3988 ad

2009 4028 2347 4084 tributorum
2381 4027 2724 4092 exactionem
2766 4027 3103 4092 referuntur,
3139 4026 3446 4096 graviorem
3476 4037 3582 4079 eae-

317 4115 934 4187 Ναὸουχοδονόςορ,τὸν
985 4119 1207 4190 σίδηρον
1241 4121 1459 4176 τέθεικε
1497 4127 1598 4194 τῆς
1632 4127 1903 4200 τετάρτης

2009 4120 2161 4184 teris,
2189 4119 2394 4190 quibus
2419 4135 2575 4190 reges
2602 4119 2847 4182 aluntur,
2871 4131 2925 4172 et
2950 4119 3354 4188 saginantur,et
3377 4115 3585 4172 subditi

317 4206 610 4277 βασιλείας
663 4210 980 4281 είκόνισμα.
1042 4213 1170 4276 Τοῖς
1229 4213 1323 4267 οῦν
1383 4215 1628 4287 σιδηροῖς
1689 4219 1904 4274 ὀδοῦσιν

311 4298 528 4353 ἐσθίειν
553 4299 618 4354 τὸ
641 4300 836 4372 θηρίον
864 4297 1012 4366 εἷπε,
1041 4306 1138 4358 καὶ⁸
1183 4304 1493 4370 λεπτύνειν,
1521 4311 1616 4362 καὶ
1641 4315 1712 4364 τά
1739 4312 1906 4367 λοιπά

314 4394 638 4463 συμπατεῖν
665 4395 782 4456 τοῖς
810 4393 957 4448 ποσί.
987 4395 1061 4447 Τὸ
1085 4395 1186 4466 μὲν
1217 4395 1310 4450 οῦν
1342 4397 1553 4452 ἐσθίειν
1579 4392 1674 4454 καὶ
1708 4401 1908 4457 λεπτύ-

306 4497 437 4534 νειν
467 4482 549 4544 είς
596 4481 700 4550 τὴν
744 4481 857 4535 τῶν
889 4483 1116 4551 δασμῶν
1149 4483 1467 4554 ἐξείληπται
1511 4490 1796 4561 εἰσφοράν,
1827 4493 1906 4559 ὼς

307 4573 650 4645 βαρυτέρων
687 4577 808 4638 τοῖς
861 4575 1128 4644 ὑπηκόοις
1178 4578 1365 4650 φόρων
1412 4580 1801 4649 ἐπιτεθέντων,
1853 4589 1904 4641 οἳ

301 4667 450 4729 τοὺς
482 4665 873 4735 βασιλεύοντας
907 4668 1169 4735 τρέφουσι
1209 4672 1304 4722 καὶ
1351 4673 1654 4736 πιαίνουσι,
1688 4678 1817 4742 τοὺς
1848 4679 1905 4732 δὲ

299 4757 831 4828 εἰσπραττομένους
877 4758 1078 4819 αὐτοὺς
1134 4760 1524 4818 ἐκλεπτύνουσι
1581 4768 1909 4837 πενητεύον-

295 4867 444 4912 τας.
476 4849 538 4901 Οἱ
569 4849 627 4902 δὲ
657 4849 1027 4922 δασμοφορείν
1057 4853 1159 4905 οὐκ
1200 4853 1504 4925 ἠνείχοντο,
1551 4859 1653 4928 τῆς
1691 4860 1908 4915 ἐλευθε-

297 4943 450 5012 ρίας
476 4944 946 5013 ἀντιποιούμενοι,
970 4944 1196 5010 τούτους
1218 4950 1330 5011 τοῖς
1357 4952 1486 5003 ποσὶ
1521 4954 1815 5007 συνεπάτει
1845 4959 1907 5008 τὸ

294 5035 536 5106 θηρίον,
560 5035 656 5088 καὶ
691 5035 1049 5106 ἐξωλόθρευε.
1075 5038 1176 5091 Διὰ
1210 5038 1319 5090 τῶν
1349 5042 1526 5095 ποδῶν
1559 5043 1616 5096 δὲ
1648 5045 1708 5097 τὸ
1742 5063 1910 5116 στρα-

291 5123 579 5178 τιωτικὸν
630 5124 1036 5188 ὑπαινίττεται,
1070 5127 1142 5191 ὠς
1192 5129 1251 5180 ἐν
1285 5129 1460 5200 τούτῳ
1487 5132 1591 5201 τῆς
1625 5134 1908 5202 βασιλείας

2007 4219 2365 4268 attenuantur
2377 4223 2430 4268 et
2448 4212 2515 4266 ad
2534 4218 2831 4282 egestatem
2847 4209 3185 4280 rediguntur.
3209 4207 3311 4275 Qui
3329 4223 3460 4262 vero
3486 4210 3586 4262 tri-

2007 4305 2140 4360 buta
2169 4304 2585 4370 detrectabant,
2627 4313 2683 4358 et
2713 4302 3021 4357 libertatem
3061 4299 3464 4366 defendebant,
3492 4316 3588 4356 eos

2007 4394 2366 4450 conculcabat
2382 4394 2580 4457 bestia,
2603 4393 3090 4449 et-extcrminabat.
3105 4393 3209 4447 Per
3222 4391 3390 4462 pedes
3405 4403 3584 4448 autem

2008 4484 2394 4555 intelliguntur
2409 4485 2705 4547 exercitus.
2731 4485 3008 4554 utquibus
3030 4499 3256 4554 regnum
3287 4485 3505 4540 insistat
3534 4472 3590 4542 et

2010 4576 2298 4640 innitatur,
2319 4586 2373 4630 et
2395 4576 2464 4631 ab
2487 4576 2611 4632 aliis
2625 4576 2693 4631 ad
2725 4577 2828 4630 alia
2857 4576 3016 4646 128
3035 4585 3296 4632 transeat.
3317 4577 3585 4633 Praeterea

2009 4670 2201 4723 decem
2217 4683 2422 4722 cornua
2447 4667 2658 4733 bestiae,
2693 4667 3025 4738 significant,
3059 4667 3113 4722 id
3153 4669 3446 4738 imperium
3486 4686 3590 4740 po-

2010 4762 2232 4820 stremis
2249 4763 2589 4832 temporibus
2620 4749 2679 4816 in
2706 4762 2874 4816 multa
2896 4777 3012 4818 esse
3029 4776 3193 4832 regna
3205 4761 3587 4819 dividendum.

2009 4856 2070 4911 In
2116 4855 2298 4910 medio
2338 4871 2505 4926 porro
2548 4855 2738 4910 decem
2783 4870 3076 4921 cornuum,
3109 4872 3337 4926 parvum
3364 4858 3587 4928 prodire

2010 4964 2210 5014 cornu,
2238 4963 2348 5018 quo
2379 4950 2481 5002 tria
2503 4947 2607 5002 alia
2646 4963 2850 5004 cornua
2879 4949 3254 5018 exstirpentur
3277 4966 3289 5002 :
3314 4958 3370 5004 et
3399 4951 3589 5005 oculos

2011 5041 2217 5096 habere
2240 5055 2412 5096 cornu
2441 5039 2600 5103 illud,
2628 5048 2684 5094 et
2711 5055 2774 5093 os
2799 5041 3214 5110 magniloquum
3237 5048 3298 5096 et
3317 5041 3578 5096 infestum

2012 5133 2235 5189 sanctis.
2281 5132 2397 5186 Hoc
2417 5147 2590 5187 cornu
2624 5131 2845 5201 quidam
2877 5133 3280 5188 Antichristum
3312 5134 3588 5201 interpre-

289 5216 682 5289 ἐρειδομένης
717 5218 813 5270 καὶ
848 5217 1172 5288 βεϐηκυίας,
1200 5221 1294 5274 καὶ
1325 5221 1385 5287 ἐξ
1414 5225 1618 5294 ἐτέρων
1645 5229 1903 5295 μεταϐαι-

2015 5234 2234 5289 tantur;
2258 5239 2485 5293 parvum
2517 5232 2700 5278 autem
2718 5233 2970 5288 vocatur,
2994 5226 3140 5294 quod
3171 5241 3236 5281 ex
3259 5241 3423 5294 parva
3442 5225 3586 5277 tribu

291 5307 526 5376 νούσης
574 5307 655 5370 είς
696 5308 883 5378 ἕτερα.
928 5309 1040 5362 Καὶ
1071 5309 1280 5380 κέρατα
1331 5311 1376 5365 δ’
1411 5308 1553 5366 εἶναι
1597 5316 1677 5384 τῷ
1730 5315 1908 5387 θηρίῳ

288 5399 455 5455 δέκα.
493 5397 684 5466 φησὶν,
717 5398 1100 5468 ύπεμφαίνων,
1133 5399 1208 5462 ὡς
1255 5403 1336 5464 είς
1371 5402 1574 5466 πολλάς
1607 5405 1908 5475 ἡγεμονίας

2016 5318 2374 5373 Hebraeorum
2407 5317 2480 5370 sit
2507 5316 2806 5380 oriturum,
2845 5325 2903 5371 et
2927 5325 3038 5372 tres
3063 5318 3133 5372 de
3153 5317 3342 5372 decem
3367 5314 3587 5384 regibus

2013 5421 2361 5461 eversurum.
2385 5405 2489 5459 Per
2513 5405 2728 5468 oculos,
2757 5406 3167 5474 improbitatem
3198 5407 3336 5476 ejus,
3391 5415 3447 5456 et
3478 5403 3590 5457 eal-

284 5491 395 5546 ls’
431 5488 696 5559 ἐσχάτων
740 5491 773 5542 τίκ
825 5490 1072 5560 βασιλεία
1123 5491 1554 5564 διαιρεθήσεται.
1615 5496 1704 5550 Ἐν
1759 5498 1903 5567 μέσῳ

2014 5499 2287 5554 liditatem
2317 5496 2520 5562 innuit,
2553 5495 2758 5566 quibus
2817 5498 3021 5555 multos
3081 5501 3150 5554 sit
3203 5496 3584 5552 seducturum.

1524 5617 1735 5678 Variae
1765 5618 2075 5681 lectiones
2117 5625 2182 5682 et
2221 5625 2412 5681 notae.

283 5781 443 5849 »εἰν
492 5781 746 5861 Cassium
790 5781 1032 5861 Nicaeum
1076 5781 1351 5860 intelligit,
1392 5792 1487 5859 qui
1532 5781 1910 5846 Romanorum

287 5857 633 5920 Historiam
664 5857 1014 5929 conscripsit,
1049 5869 1102 5916 ct
1143 5857 1305 5931 quoin
1345 5857 1586 5922 Zonaras
1609 5862 1910 5933 integrum,

371 5713 540 5795 (δίῃ
575 5715 687 5795 Τάς
734 5715 996 5795 ,ϐζᾷξιους
1033 5718 1138 5795 τοῦ
1182 5719 1484 5795 ξξξωμαίου-
1511 5721 1753 5795 Δ-[ωνος.
1781 5721 1903 5774 Dio-

2019 5737 2129 5795 non
2185 5730 2246 5776 ut
2296 5722 2462 5777 hodie
2508 5731 2707 5795 exstat,
2738 5721 2971 5776 maxima
3014 5720 3097 5776 sui
3137 5726 3290 5791 parte
3332 5720 3588 5776 mutilum

2019 5794 2176 5859 vidit,
2201 5803 2255 5848 et
2287 5809 2427 5863 s-xpe
2460 5794 2741 5848 exscribit.
