3926 6210
323 371 430 434 247

1626 370 1952 432 JOANNIS
1991 365 2314 432 ZONARE

3481 370 3595 434 248

322 502 450 544 cum
475 485 774 559 imperium
807 488 1010 544 evertit
1042 506 1056 542 :
1099 501 1226 542 nam
1265 502 1395 543 eum
1435 487 1592 558 prius
1611 488 1778 543 etiam
1831 487 1898 542 ad

2005 486 2062 540 ἓν
2097 486 2373 558 θεωρητδν
2397 487 2504 542 ἀνὰ
2552 487 2717 557 μέσον
2765 488 2878 543 τῶν
2906 484 3204 558 ὀφθαλμῶν
3234 484 3427 541 αὐτοῦ.
3466 487 3587 540 Καὶ

322 583 496 637 Issum
521 581 856 657 proﬂigant,
897 583 1018 651 ejus
1073 595 1264 645 uxore,
1323 580 1562 647 ﬁliabus,
1621 596 1788 636 curru
1842 589 1901 636 et

322 689 454 728 arcu
491 673 716 742 potitus,
748 672 1087 743 direptisque
1118 671 1318 728 castris
1362 672 1622 728 Persicis.
1652 671 1760 728 Sed
1792 672 1918 726 Da-v

323 767 440 820 rius
467 766 593 836 fuga
624 766 866 835 elapsus,
899 773 957 820 et
986 765 1296 820 recollectis
1322 765 1517 835 copiis,
1560 780 1744 836 pugna
1769 780 1897 821 cum

318 858 630 914 Alexandro
661 875 728 913 ex
753 857 988 930 Egypto
1017 869 1239 913 reverso
1271 855 1340 910 ad
1356 855 1559 912 Arbela
1581 856 1897 921 commissa,

321 954 522 1007 iterum
556 961 872 1022 superatus,
903 950 956 1004 in
990 951 1113 1022 fuga
1147 950 1335 1021 periit.
1376 945 1690 1020 Spectabile
1733 962 1899 1018 porro

319 1059 493 1100 cornu
519 1053 697 1108 vocat,
731 1053 793 1099 ut
840 1044 1055 1115 insigne
1111 1053 1167 1099 et
1220 1045 1606 1114 conspicuum,
1664 1055 1897 1111 regnum

318 1132 615 1192 Alexandri
651 1151 751 1206 per
781 1136 834 1191 id
859 1137 1187 1206 intelligens.
1217 1137 1285 1191 Et
1307 1136 1363 1190 in
1396 1135 1580 1192 medio
1608 1134 1896 1190 oculorum

319 1225 438 1294 ejus
457 1233 678 1279 enatum
711 1239 832 1280 esse
853 1239 1024 1279 cornu
1060 1223 1216 1285 dicit,
1253 1225 1326 1278 ob
1361 1222 1646 1279 solertiam
1682 1229 1740 1276 et
1764 1235 1898 1290 pru-

319 1317 588 1380 dentiam,
625 1330 690 1373 ac
719 1331 1052 1388 generosum
1082 1317 1326 1370 animum
1357 1313 1673 1370 Alexandri.
1708 1312 1780 1367 Et
1806 1327 1896 1365 oe-

321 1411 422 1472 nit,
457 1409 658 1480 inquit,
695 1411 873 1464 hircus
908 1424 1069 1478 usque
1095 1409 1166 1462 ad
1186 1409 1400 1462 arietem
1445 1408 1800 1476 cornigerum,
1849 1410 1898 1456 ct

320 1506 426 1560 vidi
450 1521 567 1560 eum
599 1519 929 1574 progressum
960 1504 1030 1556 ad
1063 1505 1300 1563 arietem,
1334 1509 1383 1554 et
1416 1501 1687 1570 eﬂ'eratum
1712 1503 1898 1550 contra

318 1597 473 1652 illum
502 1613 520 1651 .'
550 1611 703 1667 quem
728 1612 846 1650 cum
871 1593 1198 1665 perculisset,
1231 1592 1383 1647 ambo
1402 1593 1514 1662 ejus
1545 1606 1744 1644 cornua
1774 1603 1900 1641 con-

322 1689 487 1752 triuit,
513 1697 571 1741 ut
592 1703 772 1742 coram
791 1702 849 1741 eo
879 1687 1163 1740 consistere
1193 1701 1298 1738 non
1325 1691 1515 1754 posset,
1543 1682 1635 1735 sed
1662 1681 1726 1734 ab
1757 1681 1897 1734 hirco

321 1786 616 1850 prostratus
637 1777 785 1831 humi
816 1774 1238 1830 conculcaretur.
1273 1773 1343 1827 Et
1368 1770 1724 1842 sunt,inquit,
1745 1769 1898 1823 ambo

2002 578 2108 641 ἕως
2133 579 2230 633 τοῦ
2264 580 2426 650 κριοῦ
2457 579 2691 650 φθάσας,
2725 579 3038 652 ἐξηγριώθη
3074 578 3210 650 πρὸς
3242 577 3428 642 αὑτὸν,
3487 580 3588 633 καὶ

2003 670 2230 724 ἔπαισεν
2256 672 2438 738 αὑτὸν,
2471 673 2566 726 καὶ
2601 672 2892 744 συνέτριψε
2915 671 2984 726 τὰ
3015 671 3225 742 κέρατα
3258 670 3450 733 αὐτοῦ,
3492 673 3593 725 καὶ

2004 761 2229 834 ἔρριψεν
2257 762 2427 816 αὐτὸν
2472 765 2567 818 ἐπὶ
2591 763 2696 835 τὴν
2722 764 2850 833 γῆν,
2883 763 2978 816 καὶ
2999 761 3380 832 συνεπάτησεν
3401 761 3590 826 αὐτὸν,

2003 857 2096 908 καὶ
2117 855 2217 908 ούκ
2239 851 2310 927 ἦν
2332 857 2361 909 6
2397 857 2794 928 ἐξαιρούμενος
2846 857 2939 911 τὸν
2971 856 3127 922 κριὸν
3186 859 3252 910 ὲκ
3279 856 3377 926 τῆς
3405 856 3593 926 χειρὸς

2001 946 2188 1002 αὐτοῦ.
2217 947 2722 1020 ΤὴνΜακεδονικὴν
2741 949 3024 1020 βασιλείαν
3071 949 3356 1003 ύπετύπου
3389 949 3418 1001 ὁ
3443 948 3584 1018 τράο

2000 1053 2117 1105 γος*
2149 1037 2408 1111 ὀξύτερος
2434 1039 2546 1112 γὰρ
2573 1039 2668 1094 τοῦ
2694 1041 2877 1112 κριοῦ,
2924 1043 3020 1096 καὶ
3051 1041 3255 1113 μᾶλλον
3283 1039 3591 1110 εὐκίνητος.
3701 1104 3710 1108 _

2013 1129 2147 1184 Ἀπὸ
2176 1129 2326 1194 λιϐὸς
2369 1131 2414 1184 δ’
2449 1132 2682 1202 ήρχετο·
2715 1134 2796 1187 ὃτι
2853 1135 2955 1205 τὴν
2993 1133 3274 1202 Αιγυπτον
3319 1135 3594 1204 πρότερον

2002 1221 2092 1290 ὑφ’
2121 1221 2316 1275 ἑαυτὸν
2369 1223 2742 1294 ποιησάμενος
2765 1226 2794 1277 ὁ
2831 1225 3203 1298 ’Δλέξανδρος,
3257 1224 3401 1279 οὕτω
3445 1225 3592 1296 πρὸς

2001 1316 2229 1386 Δαρεῖον
2263 1314 2325 1368 τὸ
2361 1314 2620 1386 δεύτερον
2645 1315 2899 1387 ὥρμησε,
2935 1319 3029 1372 καὶ
3071 1318 3591 1389 κατατροπωσάμε-

2000 1424 2092 1470 νος
2119 1408 2304 1473 αὐτὸν,
2331 1407 2434 1480 τὴν
2481 1409 2591 1462 τῶν
2640 1409 2869 1480 Περσῶν
2928 1409 3214 1480 βασιλείαν
3261 1409 3590 1464 κατέλυσεν.

2012 1499 2102 1552 Ἐν
2131 1498 2290 1569 Ἰσσῷ
2311 1500 2422 1570 γὰρ
2447 1497 2640 1570 πρώην
2671 1500 2774 1570 τῆς
2796 1501 3051 1565 Κιλικίας
3084 1500 3236 1571 αὐτῷ
3265 1500 3591 1572 συμϐαλὼν,

1998 1589 2234 1662 ἥττησεν
2257 1589 2442 1654 αὐτὸν,
2469 1589 2563 1644 καὶ
2590 1589 2689 1662 τὴν
2721 1591 2822 1662 μὲν
2870 1592 3110 1660 γυναῖκα
3144 1591 3241 1647 καὶ
3273 1591 3376 1656 τὰς
3415 1591 3595 1660 θυγαο

2001 1678 2170 1748 τέρας
2200 1677 2370 1732 αὐτοῦ
2399 1680 2495 1734 καὶ
2533 1679 2596 1733 τὸ
2621 1681 2774 1752 ἅρμα
2797 1681 2892 1736 καὶ
2918 1665 2980 1734 τδ
3013 1684 3170 1749 τόξον
3199 1682 3460 1752 κατέσχε,
3490 1685 3595 1737 καὶ

2000 1770 2271 1840 διήρπασε
2321 1771 2384 1824 τὸ
2427 1772 2794 1843 στρατόπεδον
2834 1774 2898 1826 τὸ
2943 1775 3238 1846 Περσικόν.
3300 1773 3511 1846 Ἐιρυγε
3541 1775 3596 1830 δ’

323 1847 501 1923 arietis
527 1884 728 1922 cornua
753 1868 976 1921 contrita
995 1866 1059 1920 ab
1079 1866 1222 1920 hirco
1250 1905 1265 1930 ,
1293 1863 1566 1934 impetuin
1595 1877 1713 1915 eum
1735 1861 1894 1932 facta.

2005 1861 2221 1917 ἐκεῖθεν
2249 1867 2278 1918 ὁ
2304 1865 2550 1934 Δαρεῖος,
2586 1866 2684 1918 καὶ
2721 1861 2882 1930 αὖθις
2913 1867 3175 1938 δυνάμεις
3228 1869 3586 1938 συναγαγὼν,

323 1958 438 2014 lloc
479 1967 586 2024 est,
639 1957 814 2013 amba:
869 1957 988 2028 ejus
1024 1956 1216 2024 copiae,
1262 1953 1496 2011 Persicae
1547 1962 1604 2008 et
1653 1951 1895 2014 Medicae,

324 2052 528 2119 quibus
554 2051 730 2106 fretus
745 2057 883 2104 erat.
909 2049 1043 2104 Nam
1067 2048 1359 2103 Persarum
1384 2062 1480 2101 rex
1497 2046 1721 2116 utrique
1743 2043 1894 2115 genti

324 2143 650 2213 imperabat,
695 2141 862 2214 Cyro,
901 2152 962 2198 ut
1009 2141 1218 2197 dictum
1277 2148 1386 2204 est,
1439 2139 1700 2207 utrinque
1734 2136 1888 2207 131

323 2235 561 2290 ducente
593 2233 884 2305 originem,
918 2243 976 2288 et
1031 2226 1268 2302 utroque
1319 2245 1488 2301 regno
1546 2230 1742 2299 potito,
1775 2244 1898 2299 qua:

324 2336 516 2396 gentes
553 2326 727 2382 amba:
755 2326 1101 2398 Assyriorum
1153 2339 1382 2394 regnum
1437 2330 1781 2378 everterunt.
1828 2321 1897 2374 Et

323 2419 496 2474 hircus
517 2417 846 2473 evasitualde
865 2433 1108 2488 magnus.
1141 2415 1330 2485 Neque
1359 2413 1508 2469 enim
1533 2429 1598 2468 ea
1628 2413 1898 2469 duntaxat

323 2526 446 2581 quat
490 2509 728 2581 Assyriis
767 2518 1088 2580 parueraut,
1125 2507 1222 2563 sed
1271 2507 1378 2562 alia
1443 2523 1664 2576 quoque
1726 2508 1896 2561 multa

323 2603 562 2674 subegit.
599 2602 810 2656 Indiam
829 2615 1139 2672 aggressus,
1165 2598 1368 2654 Porum
1391 2599 1614 2665 devicit,
1645 2608 1698 2654 et
1735 2598 1897 2653 Taxi-

325 2697 430 2750 lem
459 2695 564 2750 sibi
597 2694 934 2759 conciliavit,
969 2704 1026 2749 et
1062 2695 1199 2748 alias
1227 2691 1428 2746 Indicae
1451 2690 1692 2762 regionis
1715 2699 1896 2759 partes

323 2788 634 2859 occupavit.
663 2787 872 2844 Deinde
907 2802 1017 2844 non
1043 2787 1135 2842 diu
1168 2787 1490 2842 duraturam
1523 2785 1646 2855 ejus
1665 2783 1898 2838 felicita-

326 2893 434 2944 tem
466 2881 740 2950 PrOpbeta
768 2880 1105 2951 significans,
1141 2878 1430 2951 subjungit
1465 2897 1477 2933 :
1521 2876 1592 2930 Et
1626 2877 1766 2931 inter
1782 2877 1898 2929 ain-

323 2975 545 3027 cendum
574 2975 950 3028 comminutum
977 2981 1052 3026 est
1080 2988 1243 3026 cornu
1268 2971 1407 3024 illud
1427 2984 1700 3040 magnum,
1729 2975 1779 3021 et
1815 2968 1898 3020 in-

323 3066 408 3134 fra
443 3066 616 3134 ipsum
647 3073 878 3134 quatuor
907 3079 1105 3116 cornua
1127 3069 1250 3116 sunt
1285 3069 1464 3115 enata.
1496 3059 1632 3115 Nam
1663 3058 1895 3113 Alexan-

1999 1955 2315 2025 ἐμαχέσατο
2341 1954 2418 2024 τῷ
2452 1954 2816 2028 Ἀλεξάνδρῳ,
2837 1955 2896 2022 ἐξ
2912 1956 3195 2026 Αἰγύπτου
3215 1957 3354 2029 πρὸς
3378 1959 3595 2013 ἐκεῖνον

2003 2046 2337 2117 ὁρμήσαντι,
2357 2047 2450 2100 καὶ
2484 2047 2651 2100 πάλιν
2677 2048 2884 2118 ἡττήθη
2913 2050 2971 2102 ἐν
2992 2048 3302 2120 Ἀρϐήλοις,
3335 2051 3433 2103 καὶ
3452 2051 3595 2119 φεύ-

2003 2151 2114 2204 γων
2136 2133 2403 2191 ἀπώλετο.
2438 2134 2730 2206 θεωρητὸν
2750 2135 2806 2189 δὲ
2841 2135 2900 2189 τὸ
2927 2138 3094 2209 κέρας
3118 2139 3304 2208 φησὶν,
3333 2141 3457 2192 ἀντὶ
3491 2138 3596 2193 τοῦ

2001 2227 2276 2298 ἐπίσημον
2296 2229 2394 2282 καὶ
2423 2229 2793 2300 περίϐλεπτον
2814 2244 2826 2257 ·
2857 2230 2959 2299 τὴν
2994 2230 3356 2303 Ἀλεξάνδρου
3400 2232 3459 2285 δὲ
3490 2232 3598 2285 καὶ

2000 2319 2089 2373 διὰ
2123 2320 2312 2374 τούτου
2341 2320 2639 2375 αἰνίττεται
2661 2319 2961 2390 βασιλείαν.
2989 2323 3098 2376 Καὶ
3115 2323 3221 2378 ἀνὰ
3262 2324 3448 2394 μέσων
3477 2324 3598 2378 τῶν

2000 2415 2296 2487 ὀφθαλμῶν
2346 2415 2511 2471 αὑτοῦ
2562 2415 2802 2486 ἐκφῦναι
2849 2415 2908 2469 τὸ
2960 2416 3132 2489 κέρας
3184 2417 3355 2486 λέγει,
3396 2417 3486 2471 διὰ
3526 2418 3598 2471 τὸ

2001 2511 2261 2580 ἀγχίνουν
2292 2515 2386 2564 καὶ
2409 2510 2510 2580 τὴν
2538 2512 2783 2576 σύνεσιν,
2830 2512 2928 2567 καὶ
2955 2511 3015 2564 τδ
3049 2514 3300 2580 γενναῖον
3331 2511 3424 2565 τοῦ
3454 2527 3599 2582 φρο-

2001 2605 2246 2674 νήματος
2269 2603 2364 2657 τοῦ
2396 2603 2775 2675 Ἀλεξάνδρου.
2819 2605 2935 2660 Kal
2957 2601 3126 2676 ἦλθε,
3151 2603 3343 2674 φησὶν,
3394 2605 3428 2658 d
3456 2602 3602 2671 τρά-

2001 2714 2106 2766 γος
2126 2695 2242 2762 ἕως
2291 2695 2399 2750 τοῦ
2440 2695 2611 2766 κριοῦ
2664 2696 2774 2752 τοῦ
2803 2698 2875 2752 τὰ
2921 2699 3138 2766 κέρατα
3183 2698 3452 2766 ἔχοντος,
3489 2695 3602 2750 και

1999 2787 2166 2843 εἶδον
2180 2788 2368 2842 αὑτὸν
2379 2787 2696 2856 φθάσαντα
2714 2789 2825 2855 ἕως
2839 2789 2946 2843 τοῦ
2966 2787 3157 2857 κριοῦ,
3175 2788 3272 2842 καὶ
3292 2787 3403 2856 ἐξη
3411 2788 3588 2857 τριώ-

2001 2885 2072 2950 θη
2095 2883 2246 2949 πρὸς
2274 2882 2484 2947 αὐτὸν,
2516 2881 2614 2936 καί
2643 2881 2860 2938 ἔπαισε
2908 2882 3016 2936 τὸν
3045 2882 3240 2951 κριὸν,
3297 2882 3399 2936 xal
3437 2899 3600 2937 συν-

2001 2972 2250 3042 έτριψεν
2283 2974 2589 3043 ἀμφότερα
2622 2978 2697 3030 τὰ
2743 2975 2964 3044 κέρατα
2999 2975 3207 3041 αὐτοῦ,
3234 2975 3331 3029 καὶ
3368 2977 3478 3029 οὐκ
3509 2971 3599 3046 ἦν

2003 3067 2186 3136 ἰσχὺς
2213 3067 2294 3134 τῷ
2321 3067 2464 3136 κριῷ
2496 3070 2608 3124 τοῦ
2653 3070 2876 3138 στῆναι
2931 3068 3193 3124 ἐνώπιον
3247 3068 3456 3134 αὐτοῦ,
3486 3071 3597 3125 καὶ

323 3155 426 3209 dro
455 3154 606 3209 brevi
636 3163 760 3224 post
791 3168 1081 3209 successus
1112 3153 1237 3208 illos
1268 3161 1511 3217 mortuo,
1556 3153 1678 3224 ejus
1729 3151 1900 3220 impe-

2005 3160 2250 3230 ἕῤῥιψεν
2321 3163 2512 3216 αὑτὸν
2564 3163 2654 3230 εις
2732 3159 2848 3232 γῆν
2873 3203 2889 3230 ,
2964 3162 3065 3218 καί
3156 3161 3600 3230 συνεπάτησεν

323 3249 467 3302 rium
500 3249 554 3301 in
581 3258 764 3318 partes
797 3252 1036 3317 quatuor
1059 3253 1144 3300 est
1161 3245 1398 3300 divisum
1433 3263 1448 3300 :
1483 3255 1544 3300 ut
1565 3246 1677 3316 jam
1710 3243 1765 3298 in
1789 3251 1900 3298 ter-

323 3341 399 3394 tia
426 3339 542 3395 fera
571 3341 779 3394 dictum
801 3347 906 3406 est,
940 3355 1062 3410 qua:
1091 3339 1146 3393 in
1185 3339 1394 3394 somnis
1420 3337 1631 3392 Danieli
1670 3337 1786 3390 visa
1817 3344 1904 3390 est

323 3449 354 3485 e
386 3432 522 3486 mari
546 3447 789 3503 egressa,
817 3441 1056 3503 quatuor
1100 3429 1327 3501 praedita
1376 3429 1673 3499 capitibus.
1721 3428 1793 3483 Et
1839 3442 1904 3480 ex

324 3540 622 3580 unO'cornu
657 3527 853 3580 exstitit
877 3540 1039 3578 cornu
1072 3523 1324 3589 terribile,
1369 3522 1527 3592 idque
1575 3523 1631 3576 in
1677 3523 1904 3577 immen-

322 3636 438 3674 sum
473 3629 549 3673 est
573 3627 786 3674 auctum
829 3633 1008 3672 versus
1061 3625 1326 3682 austrum,
1378 3632 1558 3670 uersus
1621 3617 1900 3680 orientem,

323 3731 502 3768 uersus
555 3713 804 3783 africum,
830 3723 878 3765 ct
918 3727 1096 3765 versus
1147 3709 1462 3764 occidentem
1487 3725 1507 3763 :
1530 3719 1580 3763 et
1607 3708 1906 3780 ampliﬁca-

327 3817 436 3860 tum
459 3814 534 3860 est
566 3822 726 3876 usque
756 3804 826 3860 ad
843 3804 1136 3875 potentiam
1165 3802 1300 3868 caeli,
1330 3813 1380 3857 et
1417 3801 1720 3857 ceciderunt
1736 3801 1905 3856 stella:

323 3901 481 3953 etiam
502 3900 557 3951 in
584 3907 781 3951 terram
808 3913 841 3950 a
888 3897 1123 3968 potentia
1158 3896 1294 3967 ejus,
1325 3902 1374 3948 et
1405 3895 1727 3950 conculcata:
1755 3902 1902 3947 sunt.

326 3991 423 4045 His
449 3991 632 4046 verbis
667 3989 858 4045 Daniel
881 4005 944 4044 ea
971 3988 1265 4059 praedocet,
1311 4003 1434 4057 quae
1475 3987 1578 4043 sub
1629 3986 1904 4042 Antiocho

328 4083 620 4155 Epiphane
652 4084 1024 4154 contigerunt,
1049 4080 1306 4136 Antiochi
1339 4080 1520 4151 Magni
1549 4079 1687 4148 tilio,
1736 4093 1903 4149 supe-

327 4175 534 4228 riorum
561 4189 749 4245 regum
787 4171 1091 4243 potentiam
1119 4185 1501 4242 supergresso,
1535 4173 1630 4240 qui
1667 4169 1904 4224 Seleuco

325 4278 729 4323 successerant.
761 4266 813 4322 1s
842 4264 1080 4336 IEgypto
1107 4273 1166 4320 et
1188 4262 1311 4318 aliis
1339 4261 1641 4333 provinciis
1669 4262 1902 4331 potitus,
1941 4310 1943 4313 .

327 4359 583 4430 belloque
609 4357 814 4414 iudicis
861 4357 1037 4422 illato,
1089 4354 1150 4411 et
1195 4353 1571 4425 Hierosolyma
1636 4362 1692 4410 et
1737 4362 1903 4408 totam

325 4462 543 4522 gentem
584 4449 822 4522 subegit,
847 4449 1134 4520 Templum
1156 4447 1414 4518 spoliavit
1440 4455 1497 4502 et
1525 4446 1742 4517 polluit,
1775 4461 1905 4516 por-

2005 3256 2216 3309 αὐτόν.
2298 3256 2624 3322 Συνετρίϐη
2711 3255 2800 3322 δὲ,
2859 3255 3018 3326 φησὶ,
3103 3255 3202 3310 καί
3286 3255 3460 3325 ἇμφω
3514 3257 3599 3310 τὰ

2005 3346 2227 3415 κέρατα
2289 3346 2398 3402 τοῦ
2484 3346 2656 3416 κριοῦ
2735 3347 3235 3416 προσαράξαντος
3290 3348 3398 3402 τοῦ
3450 3348 3598 3417 τρά-

2008 3456 2119 3509 γου
2147 3439 2348 3505 αὐτῷ’
2391 3441 2663 3506 τουτέστι,
2698 3440 2792 3493 καὶ
2831 3439 3002 3510 ἄμφω
3056 3441 3114 3493 al
3165 3439 3430 3511 δυνάμεις
3489 3441 3597 3494 αύ-

2007 3530 2100 3584 τοῦ
2155 3524 2242 3593 αἷς
2313 3528 2618 3593 ἐπεποίθει,
2663 3530 2699 3602 ἧ
2762 3547 2823 3583 τε
2889 3528 3138 3601 Περσικὴ
3206 3533 3300 3584 καὶ
3379 3533 3412 3595 ἡ
3470 3529 3594 3601 Μη-

2005 3623 2155 3694 δική.
2241 3622 2470 3694 Περσῶν
2531 3622 2643 3692 γὰρ
2709 3621 2806 3676 καὶ
2858 3622 3058 3691 Μήδων
3145 3617 3317 3695 ἦρχον
3380 3623 3430 3676 oi
3492 3622 3599 3692 βα-

2007 3715 2176 3778 σιλεῖς
2229 3715 2340 3769 τῶν
2404 3714 2654 3784 Περσῶν,
2711 3715 2787 3778 ὥς
2841 3713 2938 3767 τοῦ
3001 3713 3188 3782 Κύρου
3249 3713 3311 3778 ἐξ
3363 3713 3590 3784 ἀμφοῖν,

2004 3807 2080 3871 ὡς
2103 3809 2340 3879 εἴρηται,
2371 3807 2592 3876 φύντος,
2623 3807 2719 3861 καὶ
2748 3806 2849 3874 τὴν
2881 3808 3086 3877 ἀμφοῖν
3118 3805 3399 3877 βασιλείαν
3423 3807 3593 3877 σχόν-

2005 3918 2096 3966 τος
2154 3900 2247 3972 ὑφ’
2292 3900 2507 3966 ἑαυτὸν,
2568 3901 2666 3955 καὶ
2730 3899 2898 3970 ἄμφω
2945 3898 3118 3952 ταῦτα
3164 3899 3233 3952 τὰ
3290 3898 3421 3968 γένη
3485 3897 3600 3951 τῶν

2008 3993 2314 4063 ’Δσσυρίων
2344 3992 2444 4063 τὴν
2478 3991 2761 4060 βασιλείαν
2795 3990 3126 4044 κατέλυσαν.
3153 3989 3262 4043 Kal
3311 3992 3345 4043 ὁ
3379 3987 3600 4059 τράγος

2005 4086 2384 4155 ἐμεταλύνθη
2419 4083 2677 4153 σφόδρα.
2713 4083 2788 4135 Ού
2825 4083 2936 4154 γὰρ
2967 4081 3106 4152 μόνα
3149 4082 3214 4134 τὰ
3251 4081 3471 4152 ὑπήκοα
3523 4083 3596 4152 τῇ

2007 4179 2116 4232 τῶν
2190 4177 2494 4248 ’Δσσυρίων
2533 4178 2678 4247 ἀρχῇ
2736 4175 2827 4244 ὑφ’
2879 4176 3071 4229 ἑαυτὸν
3110 4175 3421 4245 ἐποιήσατο,
3455 4172 3597 4227 ἀλλὰ

2008 4271 2106 4326 καὶ
2137 4269 2271 4325 ἄλλα
2305 4267 2477 4322 πολλὰ
2514 4267 2873 4340 ἐχειρώσατο.
2919 4269 2998 4339 Τῇ
3039 4284 3098 4322 τε
3119 4267 3229 4339 γὰρ
3267 4267 3432 4338 Ἰνδίᾳ
3457 4283 3598 4336 προ-

2011 4362 2230 4427 σέϐαλε,
2268 4361 2364 4416 καὶ
2411 4361 2504 4414 τὸν
2548 4361 2743 4432 Πῶρον
2801 4360 3045 4432 ἐνίκησε,
3097 4361 3193 4414 καὶ
3233 4360 3323 4414 τὸν
3357 4359 3598 4432 Ταξίλην

2013 4454 2355 4527 ᾠκειώσατο,
2386 4453 2482 4508 καὶ
2507 4453 2643 4507 ἄλλα
2695 4454 2836 4524 μέρη
2885 4453 2983 4523 τῆς
3026 4451 3261 4522 Ἰνδικῆς
3304 4452 3596 4522 κατέσχεν.

327 4547 407 4600 cis
446 4545 500 4598 in
529 4560 596 4601 eo
621 4542 941 4604 immolatis,
965 4551 1020 4596 et
1055 4557 1148 4596 ara
1197 4542 1318 4597 Jovi
1371 4548 1673 4605 exstructa,
1728 4554 1901 4610 popu-

2009 4544 2144 4602 Εῐτα
2187 4548 2363 4618 δηλῶν
2395 4548 2424 4600 ὁ
2445 4547 2751 4618 προφήτης,
2783 4547 2864 4598 ὅτι
2895 4545 2990 4599 καὶ
3015 4538 3169 4607 οὗτος
3193 4543 3599 4613 εὐδαιμονήσεις

325 4641 549 4708 lumque
576 4636 642 4691 ad
672 4634 1050 4706 paganismum
1094 4635 1297 4704 adegit,
1362 4643 1418 4688 et
1466 4648 1666 4703 pueros
1725 4647 1904 4686 mares

326 4728 653 4787 circumcidi
688 4730 884 4781 vetuit.
923 4726 1053 4781 Nam
1089 4728 1208 4798 ejus
1238 4728 1481 4782 furorem
1509 4735 1703 4780 contra
1729 4726 1901 4779 Deum

326 4828 420 4882 illa
443 4824 610 4880 verba
648 4823 886 4876 innuunt
913 4838 928 4874 :
964 4819 1028 4873 Et
1054 4822 1223 4873 elatus
1269 4828 1346 4872 est
1377 4834 1540 4888 usque
1574 4819 1643 4871 ad
1670 4817 1786 4872 curti
1812 4835 1904 4889 po-

326 4921 572 4975 tentiam.
607 4918 703 4973 llla
742 4931 874 4972 vero
910 4933 924 4969 :
973 4913 1287 4969 Ceciderunt
1324 4929 1356 4967 α
1393 4914 1626 4983 potentia
1684 4912 1800 4980 ejus
1855 4924 1904 4964 et

329 5011 498 5066 stella:
525 5013 581 5064 in
607 5021 828 5073 terram,
864 5004 1257 5060 ctconculcauit
1297 5021 1407 5067 eas,
1450 5002 1764 5073 signiﬁcant
1808 5018 1905 5056 eos

327 5119 393 5157 ex
418 5103 650 5160 Judaico
680 5099 908 5171 populo,
955 5097 1048 5167 qui
1088 5096 1158 5150 ab
1193 5096 1286 5150 illo
1346 5095 1520 5149 coacti
1580 5093 1901 5164 religionem

326 5195 627 5258 violarunt,
657 5202 715 5247 et
772 5201 1007 5262 tyranno
1067 5202 1302 5253 cessere,
1341 5187 1582 5257 legitima
1607 5186 1903 5254 divinaque

327 5287 550 5343 vivendi
581 5287 796 5341 ratione
824 5283 1065 5347 deserta,
1096 5281 1164 5335 ab
1182 5295 1360 5349 eoque
1396 5279 1708 5333 conculcati
1749 5287 1899 5332 sunt.

328 5382 514 5437 Stella:
543 5387 727 5434 autem
757 5385 1047 5439 vocantur,
1091 5374 1178 5429 vel
1225 5373 1298 5426 ob
1351 5372 1573 5442 pietatis
1607 5375 1902 5441 puritatem

328 5482 383 5526 et
411 5469 812 5541 splendorem:
857 5466 942 5521 vel
1000 5465 1147 5535 quod
1204 5463 1519 5518 Abrahamo
1576 5463 1902 5531 promiserat

329 5561 570 5631 Deus,lse
594 5559 912 5632 progeniem
942 5559 1064 5630 ejus
1090 5557 1372 5613 stellarum
1404 5555 1712 5611 caelestium
1732 5553 1904 5606 instar

331 5658 816 5726 ampliﬁcaturum.
852 5655 922 5710 Et
947 5669 1109 5724 usque
1129 5653 1198 5707 ad
1219 5653 1509 5722 principem
1540 5650 1809 5718 capiarum
1828 5657 1902 5700 est

333 5747 523 5817 elatus.
554 5748 758 5803 Contra
781 5750 959 5818 ipsum
990 5746 1158 5802 Deum
1193 5745 1433 5800 furorem
1466 5742 1730 5804 exercuit,
1758 5742 1904 5810 prin-

336 5838 511 5907 cipem
549 5839 849 5894 cmlcstium
905 5837 1209 5909 copi-trum.
1249 5835 1316 5890 Et
1361 5833 1677 5900 sacri/icium
1711 5836 1895 5888 tm'ba-

2013 4638 2231 4718 μικρὸν,
2247 4637 2672 4708 παρελεύσεται,
2691 4638 2937 4706 ἐπήγαγε
2963 4651 2977 4666 ⁶
3004 4634 3112 4690 Kal
3135 4634 3206 4688 ἐν
3231 4632 3312 4700 τῷ
3343 4633 3598 4700 ἰσχῦσαι

2009 4731 2215 4794 αὐτὸν,
2248 4729 2570 4798 συνετρίϐη
2589 4727 2655 4780 τὸ
2687 4726 2864 4793 κέρας
2893 4727 2958 4780 τὸ
2982 4723 3158 4794 μέγα,
3195 4725 3294 4778 καὶ
3325 4723 3598 4790 τέσσαρα

2011 4821 2230 4888 κέρατα
2262 4821 2649 4874 ὑποκάτωθεν
2678 4818 2866 4886 ἐξέφυ
2891 4815 3103 4869 αὐτοῦ.
3129 4815 3237 4867 Τοῦ
3289 4815 3399 4885 γὰρ
3446 4815 3598 4868 Ἀλε-

2013 4911 2240 4982 ξάνδρου
2273 4911 2412 4982 μετὰ
2463 4913 2563 4981 τὴν
2597 4910 2853 4980 εὐτυχίαν
2901 4909 3120 4978 ἐκείνην
3184 4909 3472 4979 συντόμως
3503 4908 3597 4960 θα.

2010 5003 2213 5068 νόντος,
2247 5004 2327 5064 είς
2375 5003 2622 5072 τέσσαρα
2655 5005 2688 5071 ή
2751 5002 2962 5055 ἐκείνου
3022 5000 3248 5072 διῃρέθη
3292 5001 3460 5070 ἀρχὴ,
3521 5000 3596 5063 ὼς

2011 5095 2226 5165 εἴρηται
2260 5093 2360 5164 ήδη
2389 5095 2447 5145 ὲν
2492 5093 2572 5164 τῷ
2601 5093 2772 5164 τρίτῳ
2819 5092 3014 5163 θηρίῳ,
3044 5094 3072 5145 ὃ
3097 5092 3177 5162 τῷ
3213 5092 3414 5163 Δανιὴλ
3471 5091 3596 5145 καθ’

2011 5188 2214 5249 ὕπνους
2256 5183 2436 5250 ἔδοξεν
2463 5186 2528 5238 ἐκ
2576 5184 2678 5254 τῆς
2730 5185 3009 5254 θαλάσσης
3065 5184 3413 5255 ἐξὲρχεσθαι,
3477 5184 3597 5252 ἔχον

2008 5281 2284 5349 τέσσαρας
2315 5277 2576 5346 κεφαλάς.
2615 5277 2723 5331 Καὶ
2771 5278 2839 5330 ἐκ
2871 5277 2977 5330 τοῦ
2995 5276 3134 5342 ἑνὸς
3156 5275 3278 5330 τῶν
3331 5276 3597 5344 κεράτων

2009 5371 2232 5440 ἐξῆλθε
2269 5371 2446 5440 κέρας
2485 5370 2757 5440 φοϐερὸν,
2807 5369 2907 5422 καί
2948 5369 3326 5437 ἐιιεταλύνθη
3388 5384 3597 5438 περισ-

2011 5461 2136 5528 σῶς
2186 5463 2338 5530 πρὸς
2366 5462 2548 5516 νότον
2595 5459 2879 5527 καὶπρὸς
2919 5458 3250 5526 ἀνατολὴν,
3284 5459 3383 5513 καὶ
3446 5459 3596 5528 πρὸς

2011 5555 2170 5618 λίϐα,
2199 5553 2299 5605 καὶ
2333 5552 2482 5620 πρὸς
2515 5551 2631 5620 τὴν
2659 5551 2862 5604 δύσιν.
2908 5550 3019 5603 Kal
3071 5549 3452 5618 ἐμεγαλύνθη
3487 5551 3595 5614 ἕως

2014 5644 2122 5713 τῆς
2148 5642 2458 5712 δυνάμεως
2514 5643 2620 5696 τοῦ
2647 5642 2932 5709 οὐρανοῦ,
2963 5640 3059 5693 καὶ
3099 5641 3330 5694 ἔπεσον
3357 5641 3457 5693 ἐπὶ
3485 5642 3596 5706 τὴν

2014 5736 2129 5806 γῆν
2168 5737 2286 5792 ἀπὸ
2315 5736 2424 5803 τῆς
2469 5733 2802 5804 δυνάμεως,
2840 5734 2940 5787 καὶ
2969 5735 3088 5788 ἀπὸ
3133 5730 3253 5785 τῶν
3299 5732 3595 5800 ἀστέρων,

2011 5831 2108 5886 καὶ
2140 5829 2572 5898 συνεπάτησεν
2633 5825 2874 5894 αὐτούς.
2935 5827 3016 5882 Τὰ
3048 5825 3180 5893 περὶ
3215 5822 3309 5878 τοῦ
3355 5825 3591 5880 Ἐπιφα·
