3958 6204
251 365 350 429 249

1510 323 1922 431 Animum
1963 371 2114 433 LIB.
2151 371 2274 434 Iu.

3396 368 3510 453 950

247 479 362 542 νοῦς
412 475 697 549 Ἀντιόχου
749 475 840 532 διὰ
867 476 1076 532 τούτων
1105 479 1347 551 ὁΔανιὴλ
1379 479 1820 550 προδιδάσκεται,

1927 493 2037 538 tum
2069 492 2145 538 est
2187 484 2550 547 cadaveribus,
2582 493 2631 538 et
2661 486 2862 557 factum
2884 497 2981 555 est,
3009 504 3076 546 ac
3103 491 3342 544 secundis
3367 493 3518 546 rebu‘

245 571 296 634 ὃς
329 569 609 640 ’Δντιόχου
641 568 743 639 μὲν
795 569 890 623 τοῦ
935 571 1176 640 μεγάλου
1219 572 1332 636 υίὸς
1382 567 1475 644 ἦν,
1519 571 1724 642 μᾶλλον
1772 573 1830 626 δὲ

251 663 351 715 τῶν
395 661 506 732 πρὸ
537 659 708 714 αὑτοῦ
731 662 1057 730 κρατυνθεὶς
1110 661 1399 732 βασιλέων,
1449 665 1561 717 τῶν
1596 666 1705 720 ἀπὸ
1733 665 1832 718 Σε-

247 751 440 805 λεύκου
487 750 713 821 δηλαδὴ,
785 754 880 806 καὶ
913 753 1013 822 τῆς
1059 753 1344 820 Αἰγύπτου
1387 755 1690 827 κρατήσας,
1735 756 1830 808 καὶ

247 843 448 912 ἐτέρων
482 842 704 914 χωρῶν,
761 845 858 897 καὶ
893 845 986 897 ἐπὶ
1026 845 1328 909 Ἰουδαίους
1357 846 1708 918 ἐστράτευσε,
1733 848 1830 902 καὶ

245 935 333 1002 τῆς
376 933 490 986 τῶν
532 931 934 1004 Ἱεροσολύμων
975 935 1269 1005 ἐκυρίευσε
1309 935 1541 1000 πόλεως,
1571 935 1710 989 ἀλλὰ
1735 936 1831 989 καὶ

245 1024 324 1078 τοῦ
364 1023 558 1086 ἔθνους
595 1023 821 1088 παντός.
868 1023 979 1078 Καὶ
1013 1026 1104 1077 τόν
1151 1042 1212 1078 τε
1268 1026 1405 1078 ναὸν
1466 1025 1701 1094 ἐσύλησε
1734 1029 1829 1079 καὶ

244 1116 452 1186 ἐμίανε,
508 1115 646 1182 σύας
684 1119 743 1171 ιν
794 1117 944 1188 αύτῷ
986 1118 1178 1187 θύσας,
1232 1121 1330 1174 καὶ
1381 1120 1464 1191 τῷ
1517 1121 1601 1174 Διὶ
1645 1121 1828 1192 βωμὸν

248 1208 623 1278 ἱδρυσάμενος,
680 1209 744 1262 τὸ
785 1209 939 1274 ἔθνος
987 1211 1112 1265 ὅλον
1163 1211 1464 1282 ἑλληνίζειν
1523 1214 1824 1284 ἠνάγκαζε,

245 1301 464 1354 κωλύων
515 1301 716 1365 αὐτοὺς
756 1302 1110 1374 περιτέμνειν
1151 1305 1220 1359 τὰ
1285 1304 1516 1378 ἄρρενα.
1563 1306 1676 1377 Τὴν
1717 1307 1825 1377 γὰρ

244 1393 375 1446 κατὰ
431 1393 527 1446 τοῦ
585 1392 723 1446 Θεοῦ
781 1395 984 1464 μανίαν
1045 1395 1236 1463 αὐτοῦ,
1295 1398 1356 1451 τὸ
1407 1397 1824 1470 Ἔμεγαλύνθη

240 1486 338 1551 ἕως
371 1484 488 1553 τῆς
540 1483 853 1554 δυνάμεως
903 1486 1010 1542 τοῦ
1068 1489 1354 1556 ούρανοῦ,
1423 1491 1821 1546 ὑπαινίττεται.

241 1578 301 1630 Τὸ
326 1578 412 1644 δδ,
449 1579 727 1632 Ἔπεσον
752 1578 874 1632 ἀπὸ
924 1578 1036 1647 τῆς
1079 1578 1389 1650 δυνάμεως
1416 1582 1516 1636 καί
1556 1583 1675 1638 ἀπὸ
1706 1583 1825 1638 τῶν

239 1670 508 1739 ἀστέρων
537 1671 638 1724 ἐπί
665 1671 785 1739 τὴν
813 1669 955 1740 γῆν,
983 1673 1083 1726 καί
1116 1674 1553 1742 συνεπάτησεν
1576 1677 1821 1742 αὐτούς’

239 1764 352 1824 τοὺς
383 1765 452 1816 ὲκ
488 1761 587 1815 τοῦ
647 1761 946 1817 Ἰουδαϊκοῦ
1004 1763 1138 1818 λαοῦ
1175 1765 1556 1836 ἀσεϐήσαντας
1609 1767 1698 1821 διὰ
1723 1767 1823 1839 τὴν

237 1856 288 1920 ἐξ
336 1855 562 1908 ἐκείνου
613 1855 967 1926 ἐπαγομένην
1009 1859 1196 1921 αὐτοῖς
1245 1859 1498 1929 ἀνάγκην
1539 1859 1711 1930 δηλοί,
1771 1859 1826 1912 οἳ

237 1949 322 2019 τῆς
358 1949 604 2020 νομίμου
646 1951 741 2004 καὶ
763 1950 918 2012 θείας
943 1951 1226 2022 διαγωγῆς
1283 1953 1702 2016 ὲκπεπτῶκασι,
1744 1952 1824 2024 τῷ

237 2043 482 2115 τυράννῳ
513 2042 864 2108 ὑπείξαντες,
893 2045 989 2100 καὶ
1041 2045 1132 2097 ὑπ’
1163 2043 1374 2099 ἐκείνου
1437 2045 1824 2116 συμπατηθέν-

236 2151 338 2198 τες.
394 2134 664 2203 Ἀστέρες
698 2133 746 2188 δ’
775 2134 1110 2206 ἐκλήθησαν,
1144 2137 1234 2191 διὰ
1271 2137 1334 2190 τὸ
1388 2136 1490 2205 τῆς
1540 2135 1823 2200 εὐσεϐείας

238 2224 477 2296 καθαρὸν
513 2225 610 2280 καὶ
646 2224 1069 2297 ὑπέρλαμπρον·
1107 2228 1252 2298 nam
1273 2228 1352 2299 τῷ
1379 2227 1824 2299 ἈθραὰμὸΘεὸς

234 2317 611 2388 ἐπηγγείλατο
641 2317 914 2389 πληθῦναι
944 2319 1004 2373 τδ
1030 2321 1254 2391 σπέρμα
1272 2320 1440 2375 αὑτοῦ
1467 2321 1542 2386 ὡς
1561 2321 1629 2374 τὰ
1647 2323 1823 2392 ἄστρα

233 2409 318 2462 τοῦ
342 2408 611 2480 οὐρανοῦ.
635 2410 745 2466 Καί
772 2410 885 2477 ἕως
915 2410 1021 2466 τοῦ
1039 2412 1346 2481 ἄρχοντος
1380 2412 1493 2482 τῆς
1515 2413 1822 2483 δυνάμεως

233 2503 464 2571 ἱδρύθη.
503 2504 615 2556 Καὶ
645 2504 772 2556 κατ’
793 2503 963 2559 αὑτοῦ
993 2506 1102 2576 γὰρ
1131 2505 1224 2559 τοῦ
1265 2505 1404 2561 Θεοῦ
1432 2505 1695 2577 ἂλύττησε
1721 2505 1818 2560 τοῦ

236 2595 496 2666 ἄρχοντος
554 2595 668 2651 τῶν
697 2597 810 2652 ἄνω
833 2596 1140 2666 δυνάμεων.
1213 2596 1321 2652 Καὶ
1380 2599 1563 2652 θυσία
1611 2596 1821 2665 ἐταρά-

230 2692 336 2756 χθη
379 2688 680 2757 πτώματι,
733 2688 830 2742 καί
889 2688 1166 2757 ἐγενήθη,
1221 2688 1319 2743 καὶ
1368 2687 1664 2756 εὐωδώθη,
1724 2688 1822 2742 καί

229 2778 400 2847 ἐδόθη
471 2779 578 2833 ἐπί
628 2778 746 2848 τὴν
834 2780 1058 2835 θυσίαν
1109 2782 1390 2850 ἁμαρτία,
1451 2781 1551 2834 καί
1611 2781 1821 2850 ἐρρίφη

228 2871 407 2940 χαμαί
486 2871 879 2940 δικαιοσύνη.
945 2871 1402 2943 ’Δπηγορευμένα
1453 2871 1564 2941 γὰρ
1628 2872 1819 2937 θύσας,

229 2960 461 3034 ἰτάραξε
518 2962 620 3032 τὴν
673 2962 889 3030 θυσίαν,
952 2963 1070 3018 ἀντὶ
1121 2962 1242 3030 τοῦ,
1281 2963 1557 3034 συνέχεεν,
1605 2963 1819 3034 ἐμίανε.

232 3056 515 3124 Πτὼματα
561 3055 619 3108 δὲ
667 3056 794 3118 τοὺς
859 3056 996 3119 σύας
1041 3057 1213 3126 λέγει,
1272 3058 1366 3109 καὶ
1408 3055 1690 3128 ἁμαρτίαν
1728 3055 1821 3108 ἐπὶ

1934 591 2059 630 usus
2080 584 2176 640 est,
2213 584 2260 628 et
2278 576 2463 629 datum
2496 585 2572 630 est
2590 578 2660 632 ad
2681 581 2948 634 victimam
2973 592 3267 651 peccatum,
3298 591 3347 636 et
3375 586 3519 639 humi

1933 669 2140 738 objecta
2179 677 2256 722 est
2277 669 2514 738 justitia.
2549 670 2684 725 Nam
2721 686 2846 727 cum
2885 675 3176 730 interdicta
3211 677 3520 733 sacriﬁcas-

1931 769 2037 824 εει,
2072 763 2313 818 turbavit
2353 764 2707 831 sacriﬁcium,
2767 765 2870 820 hoc
2896 775 3002 829 est,
3045 768 3315 832 confudit,
3356 770 3513 839 132

1932 854 2150 923 polluit.
2194 854 2472 909 Cadavera
2514 871 2709 924 porcos
2761 857 3008 912 nominat
3049 877 3063 912 :
3121 867 3177 912 et
3225 871 3512 928 peccatum

1932 945 1987 1000 in
2019 945 2312 1006 sacriﬁcio,
2343 945 2570 1001 violatas
2600 947 2670 1002 ab
2697 963 2764 1003 eo
2797 949 2973 1020 leges.-
2995 951 3304 1021 Projeetam
3361 953 3514 1007 humi

1925 1036 2195 1107 justitiam
2222 1035 2377 1102 dicit,
2409 1038 2480 1091 ob
2516 1047 2830 1109 contempta
2881 1040 3132 1096 instituta
3186 1044 3378 1112 patria.
3430 1043 3518 1098 Si-

1929 1128 2260 1199 gniﬁcantur
2289 1131 2455 1184 etiam
2487 1129 2704 1200 injustze
2734 1133 2910 1186 caedes
2940 1148 3153 1199 eorum,
3173 1135 3267 1204 qui
3308 1137 3376 1191 ab
3408 1137 3517 1190 im-

1928 1219 2132 1288 pietate
2166 1218 2598 1274 abhorruerunt.
2650 1221 2758 1276 Sed
2803 1225 3076 1292 quamvis,
3143 1225 3344 1295 inquit,
3395 1228 3515 1285 hac

1927 1318 2136 1379 ageret.
2179 1319 2395 1380 tamque
2423 1311 2590 1381 impie
2617 1327 2676 1366 se
2697 1323 2918 1383 gereret
2942 1315 3272 1380 Antiochus,
3326 1325 3510 1373 tamen

1928 1402 2097 1456 rebus
2120 1402 2382 1458 secundis
2412 1418 2545 1457 usus
2571 1413 2676 1458 est.
2712 1403 2809 1459 His
2857 1406 3083 1476 subiicit
3137 1407 3328 1462 Daniel
3373 1425 3388 1462 :
3440 1409 3509 1462 Et

1926 1493 2059 1547 dixit
2091 1510 2224 1548 unus
2251 1505 2466 1547 sanctus
2502 1493 2804 1560 Plzelmuni,
2842 1495 3071 1561 Quando
3131 1499 3344 1553 tandem
3377 1501 3508 1554 uisio

1927 1586 2338 1640 terminabitur?
2367 1595 2416 1639 et
2442 1585 2713 1640 sublatum
2763 1588 3113 1657 sacriﬁcium,
3145 1600 3194 1643 et
3236 1602 3510 1661 peccatum

1924 1678 2234 1730 vastationis
2267 1677 2626 1730 concessum?
2670 1676 2724 1730 Is
2758 1678 2892 1732 dixit
2921 1681 2971 1733 ei
3008 1697 3027 1735 :
3084 1679 3256 1752 Usque
3296 1685 3366 1737 ad
3395 1699 3510 1737 ves-

1925 1784 2107 1838 peram
2136 1775 2185 1819 et
2219 1783 2394 1830 mane,
2425 1768 2534 1822 dies
2574 1768 2650 1823 bis
2678 1769 2825 1822 mille
2857 1780 2904 1823 et
2941 1774 3180 1839 trecenti,
3243 1783 3367 1827 tunc
3427 1790 3511 1827 re-

1926 1858 2242 1931 purgabitur
2269 1870 2534 1915 sanctum.
2565 1860 2648 1914 Ad
2681 1861 3018 1930 Prophetam
3045 1879 3112 1917 ex
3155 1863 3367 1919 visione
3401 1865 3510 1918 soi-

1926 1951 2138 2006 licitum
2176 1952 2472 2006 mittuntur
2505 1953 2707 2023 angeli,
2741 1955 2836 2023 qui
2861 1956 2912 2009 ei
2948 1955 3281 2026 signiﬁcent,
3342 1955 3506 2010 ﬁnem

1922 2059 2296 2098 aerumnarum
2351 2044 2494 2111 fore,
2564 2053 2623 2100 et
2671 2054 2890 2116 tempus
2923 2063 3048 2102 eum
3097 2047 3351 2112 doceant,
3395 2062 3508 2116 quo

1925 2136 2186 2190 desituraa
2209 2134 2340 2190 sint.
2384 2135 2454 2190 Et
2509 2136 2650 2191 alius
2703 2137 2872 2192 alium
2923 2136 3344 2207 interregabat:
3377 2151 3504 2192 nam

1923 2227 2239 2294 Phelmuni,
2270 2227 2514 2297 aliquem
2555 2228 2850 2299 signiﬁcat.
2893 2229 3141 2299 Rogabat
3168 2240 3352 2284 autem
3393 2244 3505 2282 non

1923 2329 1986 2376 ut
2014 2321 2260 2392 ignarus,
2293 2319 2390 2375 sed
2432 2328 2492 2376 ut
2539 2320 2729 2377 Daniel
2763 2331 3143 2391 cognosceret.
3197 2321 3302 2387 Qui
3353 2334 3510 2390 roga-

1922 2411 2106 2480 batur,
2147 2407 2492 2480 respondet:
2528 2409 2658 2464 Dies
2697 2409 2784 2464 bis
2805 2410 2954 2464 mille
2982 2409 3213 2464 trecenti
3240 2404 3506 2476 usquead

1921 2514 2212 2570 vesperam
2253 2507 2308 2554 et
2358 2512 2543 2562 mane,
2607 2508 2725 2553 tum
2781 2497 3172 2568 repurgabitur
3227 2503 3502 2551 sanctum.

1922 2591 2223 2661 Vesperam
2251 2592 2421 2664 igitur
2471 2593 2692 2648 vocavit
2727 2592 3060 2662 principium
3101 2589 3506 2653 molestiarum,

1921 2692 2018 2736 aut
2052 2691 2240 2738 totum
2295 2694 2515 2755 tempus
2535 2698 2725 2740 earum
2789 2684 2937 2752 (nam
2981 2681 3248 2735 molestiae
3273 2679 3422 2734 nocti
3449 2689 3508 2734 et

1924 2775 2172 2830 tenebris
2204 2787 2618 2846 comparantur,
2643 2789 2826 2840 mane,
2861 2782 3117 2843 pacatum
3146 2779 3348 2827 statum
3382 2779 3507 2840 post

1922 2865 2282 2923 calamitates.
2314 2868 2490 2924 Verba
2529 2867 2701 2938 igitur
2723 2866 2816 2920 illa
2844 2865 2950 2919 hoc
2973 2863 3186 2918 volunt.
3214 2864 3250 2915 Α
3290 2860 3500 2932 princi-

1922 2958 2015 3027 pio
2035 2959 2308 3014 malorum
2336 2974 2511 3030 usque
2529 2961 2595 3014 ad
2617 2973 2810 3014 eorum
2837 2957 3022 3023 ﬁnem,
3049 2963 3259 3011 tantum
3293 2963 3505 3022 tempo-

1923 3051 2003 3106 ris
2034 3052 2303 3108 elabetur.
2344 3052 2470 3108 Dies
2500 3062 2683 3108 autem
2718 3053 2775 3108 in
2813 3067 2988 3107 annos
3044 3049 3276 3112 redacti,
3324 3048 3502 3103 conli-

225 3145 318 3214 τὴν
354 3144 558 3198 θυσίαν
621 3144 725 3215 τὴν
763 3145 853 3199 ἐπ’
891 3147 1030 3217 αὐτῇ
1086 3144 1458 3216 παρανομίαν.
1505 3143 1604 3197 Διὰ
1621 3143 1678 3198 δὲ
1701 3143 1820 3207 τοῦ,

1925 3143 2080 3198 ciunt
2110 3160 2206 3199 sex
2247 3159 2486 3212 menses,
2537 3156 2595 3200 et
2645 3160 2823 3200 annos
2882 3141 3138 3205 totidem,
3189 3137 3496 3196 secundum

224 3225 460 3307 Ἐρῤίφη
483 3237 668 3307 χαμαὶ
693 3236 1030 3308 δικαιοσύνη,
1065 3238 1100 3307 ἡ
1121 3236 1231 3289 τῶν
1263 3235 1510 3306 νομίμων
1535 3235 1810 3306 ἀθέτησις,

1925 3236 2193 3291 calculum
2216 3235 2590 3293 Hebraeorum.
2623 3238 2758 3293 Nam
2799 3235 2990 3292 tandiu
3019 3231 3502 3305 viguitcalamitas

227 3328 315 3379 καὶ
340 3328 394 3380 οί
457 3326 643 3380 ἄδικοι
705 3326 862 3397 φόνοι
915 3325 1204 3397 δηλοῦνται
1246 3324 1358 3378 τῶν
1419 3325 1689 3395 ἀσεὸῆσαι
1737 3325 1813 3396 μὴ

1925 3326 2129 3384 Iudaeis
2183 3327 2250 3382 ad
2298 3329 2572 3387 Antiocho
2632 3329 2803 3386 illata.
2857 3327 2982 3383 Haec
3029 3326 3241 3382 Danieli
3290 3322 3498 3378 intelli-

226 3418 715 3489 καταδεξαμένων.
792 3419 956 3473 ’Δλλά
1015 3421 1112 3473 καὶ
1162 3418 1337 3474 ταῦτα
1391 3417 1668 3490 πράττων,
1721 3417 1816 3472 καὶ

1925 3433 2048 3488 gere
2069 3419 2340 3490 cupienti,
2400 3436 2434 3476 a
2480 3419 2738 3477 Gabriele
2790 3419 3122 3491 archangelo
3154 3426 3286 3473 sunt
3340 3430 3501 3472 reve-

219 3507 393 3574 οὖτιος
449 3509 672 3563 ἀσεὸῶν
709 3510 738 3563 ό
788 3510 1090 3578 ’Δντίοχος,
1141 3507 1426 3574 εὐωδοῦτο,
1454 3509 1644 3578 φησίν.
1688 3508 1815 3560 Ἐπί
1919 3509 2050 3564 lata.
3311 3574 3313 3576 ,

220 3601 430 3667 τούτοις
455 3604 661 3673 δπάγει
685 3604 715 3656 ό
749 3603 968 3674 Δανιήλ’
1010 3603 1117 3657 Καὶ
1155 3597 1327 3657 εἶπεν
1383 3596 1472 3668 εἷς
1499 3601 1670 3671 ἅγιος
1703 3599 1785 3666 τῷ
1821 3603 2126 3672 Φελμουνί
2161 3617 2176 3632 ⁸
2212 3603 2366 3668 Ἕως
2439 3605 2584 3660 πότε
2616 3606 2656 3674 ἠ
2694 3605 2906 3674 ὅρασις
2944 3603 3262 3672 στήσεται,
3311 3597 3412 3654 καί
3460 3600 3499 3667 ἡ

220 3697 400 3750 θυσία
431 3698 469 3764 ἡ
497 3695 776 3764 ἀρθεῖσα,
827 3694 926 3750 καί
959 3696 998 3765 ἡ
1035 3694 1290 3765 ἁμαρτία
1312 3693 1420 3764 τῆς
1449 3692 1803 3765 ἐρημώσεως
1843 3694 1881 3762 ἡ
1949 3695 2238 3763 δοθεῖσα;
2294 3697 2402 3753 Καί
2428 3695 2600 3752 εἶπεν
2627 3697 2812 3763 αὐτῷ’
2857 3694 3015 3760 Ἕως
3077 3691 3341 3762 ἑσπέρας
3392 3688 3497 3744 καί

223 3788 392 3853 πρωΐ,
420 3788 643 3858 ἡμέραι
675 3787 972 3859 δισχίλιαι
1024 3787 1122 3842 καί
1159 3789 1513 3856 τριακόσιαι,
1586 3786 1688 3841 καί
1751 3789 2260 3858 καθαρισθήσεται
2329 3791 2396 3845 τὸ
2464 3793 2660 3862 ἅγιον.
2712 3789 3045 3858 ’Δγωνιῶντι
3097 3785 3174 3856 τῷ
3233 3787 3495 3858 προφήτῃ

223 3877 309 3930 διὰ
349 3880 421 3933 τὰ
453 3877 740 3952 ὁρώμενα,
804 3878 1213 3951 ὲπιπέμπονται
1245 3879 1470 3948 ἄγγελοι
1517 3879 1808 3950 δηλοῦντες
1845 3879 2016 3950 αὐτῷ,
2081 3881 2166 3935 ὅτι
2225 3882 2376 3945 τέλος
2400 3881 2584 3948 ἕξουσι
2636 3881 2702 3935 τὰ
2729 3881 2989 3950 δυσχερῆ,
3024 3877 3241 3932 καὶτὸν
3296 3876 3494 3946 καιρὸν

223 3974 574 4039 διδάσκοντες
625 3975 728 4044 τῆς
789 3973 972 4027 αὐτῶν
1022 3973 1428 4045 παρελεύσεως.
1483 3974 1596 4027 Καὶ
1663 3973 1855 4044 ὴρώτα
1893 3974 2079 4044 ἕτερος
2139 3976 2232 4028 τὸν
2261 3976 2468 4046 ἕτερον.
2503 3975 2578 4027 Τὸ
2621 3973 2732 4044 γὰρ
2772 3971 3043 4043 Φελμουνὶ
3073 3969 3491 4041 ὲξελληνιζόμεο

221 4084 329 4134 νον,
358 4067 490 4121 τινὰ.
526 4065 812 4138 σημαίνει.
850 4065 1066 4138 Ἠρὼτα
1095 4066 1154 4120 δὲ
1185 4067 1282 4137 οὐχ
1305 4067 1380 4130 ὡς
1409 4064 1644 4135 ἀγνοῶν,
1679 4065 1798 4119 ἀλλ’
1841 4064 1929 4119 ἵνα
1994 4064 2144 4138 μάθῃ
2203 4067 2232 4119 ό
2257 4065 2484 4136 Δανιήλ.
2546 4065 2604 4118 ’0
2632 4064 2678 4118 δ’
2718 4063 3075 4136 ἐρωτώμενος
3125 4063 3485 4132 ἀπεκρίνατοο

228 4161 462 4232 Ἡμέραι
505 4159 776 4228 δισχίλιαι
831 4159 923 4212 καλ⁴
950 4159 1267 4229 τριακόσιαι
1297 4159 1401 4224 ἕως
1436 4161 1678 4231 ἑσπέρας
1731 4159 1842 4214 -καὶ
1877 4161 2047 4231 πρωὶ,
2086 4159 2182 4212 καὶ
2250 4158 2723 4230 καθαρισθήσεται
2772 4159 2834 4210 τὸ
2880 4157 3056 4225 ἆγιον.
3089 4154 3364 4224 Ἑσπέραν
3384 4154 3486 4222 μὲν

215 4251 307 4306 οὖν
334 4252 572 4307 ἐκάλεσε
615 4251 718 4320 τὴν
747 4251 922 4323 ἀρχὴν
945 4251 1058 4307 τῶν
1079 4252 1342 4324 ἀνιαρῶν,
1379 4252 1533 4323 ἦκαὶ
1588 4252 1708 4306 ὅλον
1769 4252 1861 4308 τὸν
1899 4254 2092 4324 χρόνον
2123 4252 2308 4308 αὐτῶν
2341 4268 2354 4282 ·
2402 4252 2563 4307 νυκτὶ
2625 4255 2736 4323 γὰρ
2784 4251 2880 4305 καὶ
2936 4253 3113 4320 σκότῳ
3151 4248 3223 4302 τὰ
3273 4247 3494 4317 λυπηρὰ

213 4348 358 4401 ἔοικε
387 4365 403 4378 ο
432 4346 586 4418 πρωῒ
614 4346 674 4400 δὲ
710 4345 810 4417 τὴν
847 4346 987 4417 μετὰ
1037 4347 1138 4410 τὰς
1171 4347 1460 4418 συμφορὰς
1513 4349 1798 4419 εἱρηναίαν
1837 4349 2199 4404 κατάστασιν.
2248 4347 2421 4401 Τοῦτο
2459 4347 2643 4401 τοίνυν
2697 4347 2981 4418 σημαίνει,
3019 4346 3072 4398 δί
3137 4337 3216 4400 ὧν
3295 4361 3486 4414 φησιν,

213 4441 297 4492 ὅτι
319 4440 428 4494 ἀπὸ
451 4441 559 4508 τῆς
602 4439 715 4492 τῶν
741 4439 928 4493 κακῶν
956 4441 1133 4511 ἀρχῆς
1193 4441 1358 4512 μέχρι
1404 4440 1590 4504 τέλους
1623 4441 1802 4495 αὐτῶν
1840 4442 1998 4505 τόσος
2063 4442 2256 4514 καιρὸς
2318 4440 2736 4514 παρελεύσεται.
2768 4441 3127 4512 Δίδὲήμέραι
3142 4439 3279 4508 πρὸς
3305 4441 3489 4493 ἐνιαυ-

212 4530 342 4593 τοὺς
386 4529 800 4602 ἀριθμούμεναι
851 4531 914 4598 ἒξ
948 4531 1276 4587 ἀποτελοῦσι
1313 4532 1515 4604 μῆνας,
1556 4534 1651 4587 καὶ
1683 4533 2008 4604 ἰσαρίθμους
2076 4534 2382 4601 ἐνιαυτοὺς,
2409 4534 2550 4587 κατὰ
2594 4531 2694 4604 τὴν
2770 4533 2879 4587 τῶν
2963 4532 3236 4602 Ἐϐραίων
3282 4530 3484 4601 ψῆφον.

228 4625 352 4680 ἐπὶ
381 4625 648 4680 τοσοῦτον
697 4626 810 4697 γὰρ
849 4626 882 4696 ἡ
932 4627 1022 4678 ἐπ’
1047 4627 1330 4697 Ἀντιόχου
1381 4629 1496 4690 τοῖς
1530 4627 1808 4690 Ἰουδαίοις
1851 4628 2212 4700 ὲπενεχθείσα
2275 4628 2536 4700 συμφορὰ
2558 4626 2927 4699 ἐπεκράτησε.
2950 4625 3146 4680 Ταῦτα
3209 4623 3365 4694 παρὰ
3395 4624 3488 4678 τοῦ

212 4719 563 4789 ἀρχαγγέλου
604 4717 850 4788 Γαϐριὴλ
871 4718 950 4786 τῷ
986 4719 1240 4790 προφήτῃ
1269 4708 1757 4791 ζητοῦντισύνεσιν
1797 4722 2036 4792 ἐμυήθη.

285 4812 366 4865 Θθ.
402 4809 541 4866 Εἶτα
577 4811 671 4865 διὰ
731 4812 832 4882 τὴν
893 4812 1002 4866 τῶν
1066 4812 1358 4882 ὁμοφύλων
1400 4813 1800 4884 αἰχμαλωσίαν,

1979 4813 2074 4868 ΙΧ.
2102 4813 2308 4869 Deinde
2330 4812 2531 4868 iterum
2559 4811 2662 4866 sub
2690 4811 2854 4866 Dario
2886 4811 3168 4866 Medorum
3207 4810 3482 4881 principe.

212 4905 313 4957 ἐπὶ
355 4904 586 4975 Δαρείου
627 4905 795 4959 πάλιν
855 4903 951 4957 τοῦ
1007 4905 1212 4975 Μήδων
1275 4908 1558 4977 ἄρχοντος,
1594 4907 1654 4971 ὃς
1712 4909 1808 4961 καὶ

1925 4906 2025 4980 ίιιιιί
2050 4917 2106 4962 et
2139 4906 2415 4979 Cyaxares
2439 4916 2498 4961 et
2535 4905 2860 4974 Assuerus,)
2887 4905 3140 4974 Astyagis
3177 4904 3312 4967 ﬁlio,
3344 4905 3484 4959 Pro-

218 4993 521 5064 Κυαξάρης
575 4994 887 5064 ὡνόμαστο,
932 4996 1030 5049 καὶ
1093 4993 1415 5066 Ἀσούηρος,
1477 4998 1809 5068 Ἀστυάγους

1925 5000 2128 5054 )hetam
2160 4997 2508 5069 pepulerium
2555 5012 2782 5052 suorum
2841 4996 3216 5066 captivitatem
3268 4997 3480 5052 lamen-

211 5083 295 5135 ὧν
333 5084 470 5149 υἱὸς,
494 5082 592 5136 τοῦ
644 5083 932 5154 προφήτου
996 5083 1350 5156 θρηνοῦντος,
1409 5088 1506 5140 καὶ
1539 5087 1634 5141 τοῦ
1669 5088 1805 5141 Θεοῦ

1925 5100 2135 5156 autem,
2189 5100 2246 5145 et
2275 5091 2452 5144 Deum
2499 5088 2909 5159 deprecantem,
2941 5089 3122 5158 attigit
3148 5089 3230 5141 vir
3255 5089 3479 5157 quidam

209 5175 502 5245 δεομένου,
531 5177 717 5247 ἣψατό
736 5193 822 5239 τις
845 5177 1008 5247 ἀνὴρ,
1027 5169 1072 5245 ᾧ
1088 5177 1260 5246 ὄνομα
1297 5178 1560 5248 Γαϐριήλ.
1591 5164 1807 5249 Ἥψατο

1925 5184 2122 5237 nomine
2157 5181 2401 5237 Gabriel.
2441 5181 2642 5250 Attigit
2677 5188 2862 5234 autem
2890 5179 2995 5232 sub
3027 5189 3243 5247 tempus
3269 5179 3478 5233 sacriﬁ-

207 5267 276 5320 δὲ
308 5268 478 5322 αὑτοῦ
506 5268 647 5322 ὡσεὶ
685 5269 840 5337 ὥραν
871 5266 1063 5332 θυσίας
1085 5269 1400 5339 ὲσπερινῆς,
1432 5269 1465 5341 ἢ
1517 5269 1660 5323 κατὰ
1707 5269 1801 5324 τὸν

1925 5274 1971 5329 :ii
2015 5273 2336 5344 vespertini,
2362 5272 2481 5328 sive
2515 5281 2736 5342 tempus
2774 5271 3078 5341 vespertini
3107 5271 3289 5326 cultus
3313 5270 3477 5323 intel-

213 5361 416 5429 καιρὸν
449 5362 548 5430 τῆς
592 5363 655 5414 ὲν
707 5361 923 5431 ἑσπέρᾳ
976 5361 1254 5433 λατρείας,
1299 5361 1332 5428 ἢ
1391 5362 1488 5415 ἐπὶ
1527 5362 1804 5433 τοσαύτην

1925 5367 2121 5436 igatur,
2163 5367 2282 5422 sive
2329 5374 2540 5421 tantum
2581 5365 2842 5434 spatium,
2897 5372 3106 5433 quanto
3138 5361 3472 5418 sacriﬁcium

208 5448 371 5520 ὥραν
399 5452 483 5522 ἐφ’
526 5454 662 5521 ὅσην
716 5454 751 5522 ή
796 5453 1064 5522 ὲσπερινὴ
1109 5452 1348 5506 ἐτελεῖτο
1390 5453 1660 5524 λατρεία.ι
1691 5455 1803 5508 Καὶ

1925 5449 2277 5528 'espertinum
2348 5458 2635 5529 peragitur
2689 5475 2704 5512 :
2750 5466 2806 5512 et
2867 5456 2946 5509 ait
3000 5455 3208 5509 Danieli
3255 5471 3271 5506 :
3320 5451 3475 5506 Nunc

209 5535 345 5592 εἷπε
369 5543 442 5612 τῷ
456 5543 682 5612 Δανιήλ’
709 5543 843 5598 Νῦν
863 5543 1127 5611 ἐξῆλθον
1143 5543 1512 5612 συμϐιϐάσαι
1529 5561 1628 5599 σοι
1655 5546 1806 5600 σύν·-

1925 5565 2128 5618 gressus
2159 5567 2278 5603 sum
2321 5550 2390 5602 ad
2448 5549 2780 5603 tribuendam
2809 5546 2904 5600 tibi
2930 5543 3362 5613 intelligentiam,
3420 5549 3470 5596 ct

203 5649 377 5698 εσιν,
404 5637 500 5690 καί
521 5636 878 5707 ἀναγγεῖλαί
909 5652 1032 5703 σοι,
1058 5636 1150 5691 ὅτι
1191 5637 1350 5706 ἀνὴρ
1390 5637 1719 5706 ἐπιθυμιῶν
1751 5634 1812 5693 εἴ

1925 5638 1969 5689 td
1999 5638 2449 5702 annuntiandum,
2481 5639 2608 5708 quia
2653 5639 2732 5691 vir
2776 5636 3152 5690 desideriorum
3191 5650 3264 5687 es.
3293 5631 3472 5697 Quare

209 5725 329 5776 σύ.
351 5727 457 5780 Καὶ
482 5728 809 5794 ἐννοήθητι
827 5728 895 5781 ὲν
909 5727 991 5793 τῷ
1005 5728 1244 5798 ῥήματι,
1267 5727 1365 5782 καί
1383 5729 1574 5798 σύνες
1615 5729 1687 5782 ἐν
1729 5729 1804 5797 τῇ

1925 5731 2177 5786 νοηδίιίετα
2227 5745 2345 5799 qua:
2377 5730 2649 5793 dicuntur,
2684 5738 2734 5782 et
2778 5729 3024 5782 visionem
3061 5723 3293 5795 inleliige
3319 5740 3338 5782 ,ο
3363 5726 3469 5782 hoc

207 5813 634 5885 ὀπτασίᾳ-ἀντὶ
659 5817 775 5886 τοῦ,
818 5819 1087 5891 Ἀκριὸῶς
1115 5819 1349 5891 πρόσχες
1403 5822 1517 5885 τοῖς
1575 5819 1806 5891 λεγομὲσο

1925 5831 2003 5890 τει,
2036 5832 2244 5882 attente
2298 5823 2570 5880 ausculta.
2630 5821 2766 5877 Nam
2805 5817 2971 5875 verba
3023 5817 3263 5876 obscura
3308 5826 3465 5886 sunt,
