3958 6204
409 333 520 398 9.51

1741 333 2070 396 JOANNIS
2109 335 2428 396 ΖΟΝΑΗᾸΞ

3581 337 3684 401 259.

423 448 834 516 maximamque
897 445 1180 514 postulant
1253 446 1642 500 attentionem.
1700 444 2012 515 Aliquando

2122 462 2254 508 νοις,
2285 442 2747 512 αῑνιγματὼδεσιν
2799 436 2941 508 οὖσι,
2980 447 3074 497 xei.
3121 444 3366 508 πλείονος
3415 445 3687 517 δεομένοις

423 550 606 598 autem
638 554 730 593 res
762 537 962 593 divinae
984 554 1082 608 per
1121 539 1378 608 ambages
1415 539 1746 604 innuuntur,
1787 554 1855 593 ne
1885 553 2004 594 om-

426 637 580 692 nium
615 633 992 704 intelligentiae
1034 633 1190 703 133
1230 633 1495 701 expositae
1554 642 2007 688 contemnantur.

429 729 524 784 Vir
558 736 740 782 autem
770 726 1178 782 desideriorum
1207 727 1514 795 appellatus
1530 736 1614 780 est
1649 727 1862 789 Daniel,
1894 728 2010 782 sive

427 820 574 890 quod
602 819 787 890 pravis
821 818 1114 873 desideriis
1179 819 1399 873 fortiter
1445 829 1502 873 et
1557 834 1824 890 generose
1870 820 2009 873 resi-

428 922 620 974 steret.
664 916 778 966 sive
802 913 950 981 quod
1007 913 1153 967 scire
1213 913 1580 977 desideraret,
1630 913 1765 983 quid
1806 913 2010 982 populo

429 1016 488 1062 et
526 1007 827 1061 tribulibus
860 1007 976 1062 suis
999 1017 1332 1062 eventurum
1385 1019 1535 1064 esset
1559 1048 1572 1072 ,
1609 1008 1728 1062 sive
1752 1007 1901 1076 quod
1939 1008 2010 1062 ob

429 1097 678 1152 studium
709 1097 931 1151 virtutis
957 1099 1348 1154 desiderabilis
1367 1109 1517 1154 esset
1547 1109 1715 1169 atque
1734 1099 2007 1154 amabilis.

433 1191 640 1248 Deinde
673 1193 895 1262 subjicit
940 1194 1170 1263 angelus
1212 1213 1225 1248 :
1259 1193 1613 1264 Septuaginta
1661 1195 2011 1249 hebdomades

429 1294 717 1340 contracta
742 1294 864 1342 sunt
879 1302 1039 1352 super
1065 1286 1316 1356 populum
1332 1298 1504 1347 tuum.
1522 1294 1571 1340 et
1591 1303 1750 1357 super
1766 1297 2012 1341 sanctam

433 1379 612 1432 urbem
635 1385 803 1444 tuam,
822 1379 985 1432 donec
996 1381 1350 1434 inveterascat
1363 1379 1615 1435 delictum
1635 1390 1685 1434 et
1699 1381 2014 1450 perﬁciatur

435 1481 728 1540 peccatum,
747 1479 797 1524 et
811 1471 1109 1540 obsignetur
1121 1484 1389 1541 peccatum
1404 1483 1452 1527 et
1468 1476 1707 1541 expietur
1724 1474 2010 1543 injustitt’a,

435 1573 484 1616 et
507 1572 706 1616 (eterna
731 1563 948 1632 justitia
990 1564 1328 1626 adducatur,
1370 1575 1418 1618 et
1458 1566 1760 1634 obsignetur
1788 1567 1915 1619 visio
1966 1575 2014 1619 et

437 1653 737 1720 prophetia,
759 1661 808 1704 et
840 1661 1073 1723 nugatur
1101 1652 1328 1708 Sanctus
1363 1663 1694 1711 sanctorum.
1722 1655 1803 1708 Ad
1842 1656 2014 1708 Deum

439 1742 708 1812 Propheta
739 1743 881 1797 inter
912 1745 1182 1799 orandum
1219 1745 1478 1800 dixerat:
1519 1746 1756 1813 Populus
1809 1758 1932 1801 tuus
1968 1758 2017 1801 et

437 1835 558 1889 urbs
583 1845 677 1888 tua
722 1837 967 1906 Angelus
991 1847 1176 1893 autem
1208 1839 1418 1892 Dauieli
1464 1839 1541 1893 ait
1576 1855 1591 1893 :
1627 1839 1860 1910 Populus
1894 1849 2015 1895 tuus

436 1938 487 1982 et
545 1931 669 1982 urbs
702 1937 841 1994 tua;
905 1929 1064 1999 quasi
1115 1930 1378 2001 indignus
1423 1939 1590 1995 esset,
1635 1932 1730 2000 qui
1782 1933 2017 2001 populus

440 2021 532 2076 Dei
565 2031 875 2076 vocaretur.
920 2023 1123 2077 Eadem
1157 2023 1420 2093 loquendi
1469 2024 1609 2078 ratio
1650 2033 1704 2078 et
1756 2025 1810 2078 in
1866 2025 2017 2078 Mose

441 2112 738 2182 reperitur,
775 2128 900 2167 cum
939 2113 1203 2169 Israelita:
1246 2115 1419 2168 vitulo
1459 2132 1490 2169 a
1538 2131 1597 2170 se
1632 2114 1778 2170 facto
1807 2115 2019 2170 sacriﬁ-

437 2212 645 2258 carent.
713 2205 848 2260 Nam
916 2215 1032 2259 tum
1087 2206 1254 2260 etiam
1293 2206 1587 2276 Prophetas
1633 2209 1883 2276 precanti
1937 2207 2018 2263 sic

440 2298 738 2367 respondet
768 2300 934 2355 Deus.
967 2301 1057 2354 Ait
1085 2301 1253 2370 igitur
1275 2303 1504 2372 angelus
1529 2302 1766 2363 Danieli.
1798 2312 1856 2358 et
1889 2303 2019 2357 Ilie-

442 2391 716 2460 rosolyma
757 2392 1124 2448 instauratum
1171 2394 1261 2457 iri,
1307 2405 1363 2450 et
1388 2397 1652 2465 populum
1683 2411 1805 2450 esse
1832 2412 2020 2451 rever-

437 2497 654 2546 surum,
691 2494 745 2538 et
773 2485 838 2538 ad
876 2501 1052 2540 annos
1087 2488 1520 2558 quadringentos
1569 2488 1864 2558 nonaginta
1897 2501 2020 2556 per-

439 2590 782 2632 mansurum.
853 2577 987 2632 Nam
1050 2580 1398 2649 septuaginta
1463 2577 1839 2635 hebdomajes
1895 2589 2020 2634 tan--

439 2677 556 2720 tum
631 2670 979 2738 conﬁciunt,
1043 2670 1275 2741 singulis
1349 2672 1551 2726 diebus
1619 2688 1718 2741 pro
1788 2671 2019 2742 singulis

437 2763 597 2818 annis
668 2765 995 2833 supputatis.
1091 2765 1443 2831 Contraclau,
1526 2766 1630 2820 hoc
1714 2774 1844 2827 est,
1919 2765 2020 2819 de-

441 2861 604 2906 cretae
641 2869 704 2908 ac
751 2856 1034 2924 praeﬁnita:
1089 2867 1238 2911 sunt.
1273 2857 1458 2912 Donec
1492 2857 1859 2912 inveterascet
1921 2857 2018 2912 de-

440 2943 654 3011 lictum,
685 2955 741 3001 et
768 2959 1054 3017 peccatum
1089 2961 1529 3017 consummetur,
1583 2951 1689 3006 hoc
1706 2959 1810 3016 est,
1846 2951 2022 3004 donec

443 3037 658 3094 durarit
690 3049 748 3094 et
789 3049 1013 3095 auctura
1049 3042 1216 3095 fuerit
1258 3052 1582 3110 peccatum;
1633 3043 1738 3098 hoc
1768 3043 1916 3098 enim
1948 3043 2020 3097 si-

2115 536 2372 605 σπουδῆς.
2459 537 2664 590 Ἐνίοτε
2739 537 2795 590 δὲ
2858 536 2928 589 δι’
3002 538 3348 604 αἰνιγμάτων
3434 540 3502 594 τὰ
3574 542 3688 596 Θεῖα

2113 630 2393 699 δηλοῦται.
2456 630 2540 682 ἵνα
2601 631 2677 698 μὴ
2741 631 2876 684 πᾶσι
2935 628 3173 698 γίνοιντο
3229 631 3397 699 δῆλα,
3461 634 3558 686 καὶ
3604 634 3691 688 διὰ

2112 725 2284 778 τοῦτο
2331 723 2807 793 εὐκαταφρόνητα.
2853 723 3021 793 Ἀνὴρ
3053 723 3097 776 δ’
3138 725 3440 790 ἐπιθυμιῶν
3485 726 3686 797 ἐκλήθη

2112 819 2141 872 ὁ
2169 817 2392 886 Δανιὴλ,
2427 816 2459 885 ἢ
2491 815 2566 878 ὡς
2603 817 2746 868 κατὰ
2771 815 2879 868 τῶν
2913 815 3194 886 σαρκικῶν
3229 816 3420 869 παθῶν
3448 819 3693 889 ἀνδριζόο

2117 926 2300 979 μενος.
2358 910 2454 962 καὶ
2506 909 2773 976 γενναίως
2825 909 3011 972 αὐτοῖς
3067 909 3500 979 ἀνθιστάμενοςο
3544 911 3578 982 ἧ
3616 913 3693 976 ὡς

2117 1001 2410 1071 ἐπιθυμῶν
2443 999 2640 1070 μαθεῖν
2677 1001 2745 1055 τὰ
2769 1001 2848 1071 τῷ
2871 1001 2986 1070 λαῷ
3021 1001 3116 1054 καὶ
3140 1003 3254 1064 τοῖς
3279 1001 3448 1054 αὑτοῦ
3483 1020 3694 1073 συμφυ-

2116 1095 2300 1158 λέταις
2327 1096 2591 1165 ἐσόμενα·
2618 1095 2651 1164 ἢ
2678 1096 2761 1149 ὅτι
2791 1095 3133 1166 ἐπιθυμητδς
3159 1091 3228 1166 ἦν
3250 1098 3344 1150 καὶ
3370 1097 3692 1168 ἐπέραστος,

2117 1189 2186 1241 δι’
2216 1191 2286 1258 ἢν
2322 1190 2630 1260 μετήρχετο
2674 1190 2899 1260 ἀρετήν.
2941 1186 3076 1244 Εἶτα
3111 1193 3311 1260 ἐπάγει
3361 1194 3389 1244 ὁ
3427 1193 3693 1261 ἄγγελος·

2129 1281 2574 1350 Ἐϐδομήκοντα
2601 1282 2929 1350 ἑϐδομάδος
2958 1284 3434 1352 συνετμήθησαν
3461 1287 3562 1339 ἐπὶ
3591 1286 3698 1339 τὸν

2113 1373 2270 1427 λαόν
2294 1389 2433 1437 σου,
2461 1374 2560 1426 καὶ
2589 1374 2684 1427 ἐπὶ
2715 1373 2830 1441 τὴν
2862 1377 3048 1428 πόλιν
3071 1373 3188 1442 τὴν
3215 1376 3392 1444 ἁγίαν
3421 1391 3563 1438 σου,
3589 1377 3700 1442 ἕως

2119 1465 2226 1520 τοῦ
2265 1464 2680 1533 πωαιωθῆναι
2719 1466 2789 1520 τὸ
2822 1469 3214 1535 παράπτωμα,
3254 1466 3351 1522 και
3396 1468 3503 1524 τοῦ
3535 1473 3701 1524 τελε-

2119 1559 2342 1625 σθῆναι
2383 1558 2498 1626 τὴν
2527 1561 2842 1627 ἁμαρτίαν,
2877 1560 2979 1613 καὶ
3006 1560 3114 1614 τοῦ
3149 1563 3483 1631 σφραγίσαι
3517 1563 3700 1632 ἁμαρ-

2119 1652 2278 1715 τίαν,
2341 1652 2438 1704 καὶ
2494 1652 2600 1705 τοῦ
2651 1652 3058 1716 ἐξιλάσασθαι
3113 1653 3376 1720 ἀδικίαν,
3438 1653 3539 1709 καὶ
3592 1656 3698 1710 τοῦ

2123 1743 2370 1810 ἀγαγεῖν
2388 1743 2792 1812 δικαιοσύνην
2817 1744 3080 1812 αἰώνιον,
3109 1746 3211 1798 καὶ
3243 1746 3352 1801 τοῦ
3369 1748 3698 1816 σφραγίσαι

2051 1808 2092 1860 Β
2121 1808 2336 1902 ὅρασιν
2391 1835 2488 1888 καὶ
2531 1808 2872 1905 προφήτην,
2927 1838 3025 1892 καὶ
3066 1808 3194 1893 ’τοῦ
3244 1808 3470 1908 χρῖσαι⁷
3500 1808 3693 1910 “Ay-tor

2119 1928 2323 1996 ἁγίων.
2367 1928 2427 1981 '0
2467 1928 2566 1998 μὲν
2608 1931 2898 2000 προφήτης
2945 1931 3402 2000 προσευχόμενος,
3455 1932 3520 1984 '0
3551 1936 3698 2000 λαός

2119 2037 2258 2084 σου,
2315 2023 2450 2091 πρὸς
2494 2022 2587 2074 τὸν
2630 2023 2764 2076 Θεὸν
2814 2023 2996 2090 ἔλεγε,
3043 2024 3142 2078 καὶ
3188 2024 3226 2090 ἠ
3259 2025 3438 2090 πόλις
3474 2029 3700 2080 σοινὸ

2120 2113 2178 2166 δὲ
2231 2114 2466 2182 ἄγγελος
2526 2114 2662 2184 πρὸς
2707 2113 2798 2166 τὸν
2831 2117 3035 2185 Δανιήλ
3076 2133 3274 2185 φησιν·
3314 2117 3378 2171 'O
3405 2119 3561 2184 λαός
3587 2133 3700 2173 σου

2120 2207 2216 2259 καὶ
2252 2207 2289 2272 ἠ
2318 2206 2496 2272 πόλις
2534 2221 2673 2270 σου,
2699 2207 2776 2270 ὡς
2806 2208 2882 2278 μὴ
2916 2208 3072 2272 ἀξίου
3097 2209 3249 2273 ὄντος
3295 2209 3392 2263 τοῦ
3427 2211 3562 2266 λαοῦ
3607 2210 3701 2264 τοῦ

2121 2298 2255 2351 Θεοῦ
2302 2299 2612 2353 καλεῖσθαι.
2658 2301 2905 2371 Εὕρηται
2943 2302 3002 2354 δὲ
3038 2302 3244 2371 ὁμοίως
3283 2302 3380 2356 καὶ
3415 2303 3512 2357 ἐπὶ
3545 2305 3706 2358 Matii-

2123 2389 2282 2453 σέως,
2307 2391 2394 2442 ὅτε
2427 2391 2517 2444 τὸν
2546 2392 2746 2461 μόσχον
2777 2392 3108 2463 ποιήσαντες
3140 2393 3192 2447 οῖ
3214 2392 3582 2465 Ἰσραηλῖται,
3619 2395 3708 2448 ου·

2123 2482 2248 2536 σίαν
2299 2483 2448 2552 αὐτῷ
2483 2485 2889 2554 προσήνεγκαν.
2920 2487 3029 2538 Καὶ
3055 2486 3178 2539 τότε
3207 2486 3318 2556 γὰρ
3358 2487 3454 2541 τοῦ
3496 2490 3708 2557 προφή-

2121 2592 2216 2628 του
2267 2575 2550 2644 δεομένου,
2605 2579 2632 2629 ὁ
2675 2577 2808 2641 Θεὸς
2855 2579 2959 2650 ἔφη
3015 2579 3301 2644 ὡσαύτως.
3347 2581 3522 2649 Φησὶν
3555 2582 3708 2636 οὒνό

2121 2669 2378 2738 ἄγγελος,
2422 2670 2505 2722 ὅτι
2546 2670 2643 2723 καὶ
2687 2671 2720 2740 ἡ
2769 2671 3138 2741 Ἰερουσαλὴμ
3187 2673 3706 2744 οἰκοδομηθήσεται,

2123 2763 2218 2814 καὶ
2240 2765 2267 2816 ὁ
2293 2762 2422 2824 λαός
2451 2779 2547 2816 σου
2587 2763 3032 2829 ἑπανελεύσεται,
3067 2765 3164 2818 καὶ
3189 2765 3284 2818 ἐπὶ
3319 2765 3415 2836 ἔτη
3443 2768 3710 2836 τετρακό-

2125 2869 2218 2904 σια
2265 2853 2594 2922 ἐνενήκοντα
2640 2854 3120 2923 διαμενοῦσιν.-Αἱ
3167 2857 3279 2928 γὰρ
3322 2856 3707 2928 ἑϐδομήκοντα

2125 2945 2421 3014 ἑϐδομὰδες
2477 2945 2556 3006 είς
2605 2945 2863 2999 τοσοῦτον
2930 2947 3377 3017 συμψηφίζονται
3443 2950 3706 3020 ἀριθμὸν,

2125 3037 2367 3107 ἑκάστην
2415 3037 2460 3090 δ’
2502 3038 2716 3109 ἡμέραν
2768 3040 2848 3102 είς
2898 3039 3144 3092 ἐνιαυτὸν
3191 3039 3501 3108 ἐλογίσατο.
3537 3041 3613 3095 Τὸ
3655 3041 3712 3096 δὲ

445 3131 665 3198 gniﬁcat
691 3135 1127 3187 inveterascere:
1167 3133 1236 3187 iis
1250 3135 1434 3187 verbis
1456 3134 1706 3203 designat
1731 3135 2017 3189 audaciam

2127 3129 2572 3199 συνετμήθησαν,
2593 3131 2715 3184 ἀντὶ
2749 3130 2865 3194 τοῦ,
2903 3131 3207 3202 ἐκρίθησαν
3237 3134 3332 3184 καὶ
3361 3133 3708 3204 ὡρίσθησαν,

444 3221 781 3287 Judaeorum,
817 3233 875 3278 et
909 3225 1115 3278 rabiem
1147 3234 1337 3279 contra
1367 3225 1680 3279 Dominum.
1710 3226 1845 3280 Nam
1867 3228 2021 3297 prius

444 3315 614 3367 etiam
649 3315 820 3370 multa
869 3318 1080 3370 scelera
1117 3326 1524 3386 perpetrurant,
1563 3333 1872 3388 eorumque
1909 3336 2022 3388 pte-

417 3419 544 3459 ἠοξ
562 3403 851 3466 dederant.
887 3407 982 3461 sed
1017 3409 1255 3461 revocati
1312 3408 1558 3462 fuerunt.
1597 3409 1893 3480 Postquam
1919 3427 2021 3466 au-

447 3509 558 3553 tem
604 3509 794 3556 contra
849 3502 1198 3557 Servatorem
1251 3504 1618 3569 insanierunt,
1653 3516 1709 3560 et
1746 3506 1812 3560 ad
1863 3522 2020 3560 sum-

445 3607 594 3646 mum
621 3592 990 3662 improbitatis
1029 3587 1424 3664 pervenerunt,
1458 3607 1861 3667 peccatumque
1888 3614 2021 3653 con-

445 3695 812 3751 summarunt,
848 3698 959 3740 non
996 3688 1232 3756 amplius
1276 3689 1521 3743 revocati
1553 3698 1702 3744 sunt.
1728 3691 2022 3760 Obsignari

446 3785 757 3844 peccatum,
787 3785 843 3831 et
871 3779 1083 3845 expiari
1123 3779 1448 3848 injustitiam
1469 3821 1482 3845 ,
1520 3780 1794 3850 signiﬁcat
1827 3783 2023 3837 remis-

445 3869 660 3922 sionem
684 3869 1012 3924 delictorum
1063 3887 1093 3925 a
1125 3872 1370 3927 Domino
1398 3873 1465 3926 iis
1512 3871 1794 3939 donatam,
1831 3876 1926 3944 qui
1972 3875 2022 3929 ei

442 3963 698 4016 credunt.
737 3962 836 4018 llic
867 3965 1015 4021 enim
1045 3973 1150 4028 est,
1173 3967 1266 4035 qui
1307 3966 1452 4020 tollit.
1498 3977 1781 4036 peccaturo
1808 3969 2021 4022 mundi.

439 4053 580 4109 Nam
610 4055 888 4125 obsignari
923 4058 1068 4112 idem
1099 4066 1204 4119 est,
1241 4059 1386 4128 quod
1417 4058 1694 4114 desinere.
1736 4060 2026 4116 Adducere

435 4147 714 4216 justitiam
746 4157 1033 4216 aeternam,
1074 4159 1160 4204 est
1201 4151 1381 4220 ipsum
1416 4151 1609 4205 venire
1644 4152 1699 4205 in
1732 4151 2023 4218 mundum,

441 4241 542 4308 qui
573 4250 660 4295 est
689 4242 920 4309 iustitia,
970 4243 1280 4312 redemptio
1311 4250 1368 4298 et
1421 4243 1812 4298 sanctiﬁcatio.
1863 4243 2022 4299 Obsi-

441 4333 604 4401 gnari
655 4334 921 4389 visionem
963 4344 1019 4389 et
1049 4337 1417 4406 prophetiam,
1451 4337 1743 4407 signiticet,
1790 4337 2028 4407 prephe-

449 4425 580 4478 tiam
611 4425 887 4483 desiisse:
921 4429 1039 4483 sive
1089 4430 1238 4498 quod
1292 4444 1357 4484 ea
1379 4445 1504 4499 quae
1545 4447 1576 4485 a
1629 4432 1920 4501 prophetis
1957 4431 2027 4486 de

2126 3223 2327 3275 κεῖται.
2364 3222 2510 3285 Ἕως
2547 3221 2642 3275 τοῦ
2677 3223 3059 3295 παλαιωθῆναι
3090 3224 3152 3277 τὸ
3186 3226 3574 3295 παράπτωμα,
3617 3228 3713 3278 καὶ

2128 3313 2225 3367 τοῦ
2267 3313 2591 3384 τελεσθῆναι
2631 3315 2732 3388 τὴν
2774 3317 3074 3386 ἁμαρτίαν,
3099 3319 3406 3384 τουτέστιν,
3457 3319 3569 3382 ἓως
3617 3317 3713 3372 τοῦ

2125 3405 2375 3476 χρονίσαι
2404 3407 2500 3460 καὶ
2525 3407 2852 3480 αὐξηθῆναι.
2883 3410 3054 3462 Τοῦτο
3076 3409 3187 3479 γὰρ
3211 3409 3360 3480 δηλοῖ
3381 3410 3442 3464 τὸ
3467 3412 3719 3465 παλαιω-

2128 3490 2310 3564 θῆναι,
2339 3497 2434 3549 καὶ
2459 3498 2679 3550 τελείαν
2709 3499 2966 3567 γενέσθαι
2997 3499 3096 3570 τὴν
3131 3500 3431 3573 ἁμαρτίαν.
3464 3503 3566 3555 Διὰ
3593 3505 3721 3556 τοῦ·

2125 3606 2234 3641 των
2269 3589 2327 3642 δὲ
2352 3590 2452 3659 τὴν
2476 3591 2616 3645 κατὰ
2647 3591 2742 3645 τοῦ
2769 3593 2976 3662 Κυρίου
3012 3593 3220 3664 τόλμαν
3249 3596 3343 3648 καὶ
3371 3595 3576 3650 λύτταν
3603 3597 3718 3650 τῶν

2127 3683 2402 3736 Ἰουδαίων
2435 3686 2793 3754 παρίστησιν.
2832 3686 3009 3738 Πολλὰ
3040 3686 3140 3755 μὲν
3171 3687 3281 3755 γὰρ
3313 3687 3409 3740 καὶ
3441 3691 3556 3759 πρδ
3593 3689 3721 3742 τού-

2126 3792 2218 3828 του
2251 3777 2596 3847 ήμάρτοσαν,
2627 3778 2727 3832 καὶ
2767 3778 2923 3842 δίκας
2952 3779 3158 3844 ἔτισαν,
3184 3780 3303 3834 ἀλλ’
3325 3782 3718 3853 ἀνεκλήθησαν

2127 3863 2307 3931 αὖθις.
2355 3867 2511 3920 Ἐπεὶ
2555 3869 2613 3922 δὲ
2667 3868 2807 3922 κατὰ
2853 3869 2948 3922 τοῦ
2983 3871 3238 3940 Σωτῆρος
3277 3871 3588 3942 ἐμάνησαν,
3620 3873 3719 3942 τὴν

2127 3958 2206 4018 εἰς
2247 3958 2473 4027 ἔσχατον
2499 3959 2702 4021 κακίας
2731 3958 3017 4042 ἀρίκοντο,
3051 3962 3148 4013 καὶ
3175 3962 3363 4030 ἐντελῆ
3392 3963 3496 4032 τὴν
3531 3963 3721 4032 ἁμαρ-

2127 4048 2247 4101 τίαν
2282 4050 2632 4118 εἰργάσαντο,
2668 4049 2855 4103 οὐκέτι
2901 4049 3256 4120 ἀνακλήσεως
3295 4051 3516 4122 ἔτυχον.
3554 4055 3632 4106 Τὸ
3661 4054 3718 4106 δὲ

2131 4141 2437 4212 σφραγίσαι
2477 4142 2756 4212 ἁμαρτίαν
2807 4145 2904 4197 καὶ
2936 4143 3295 4210 ἐξιλάσασθαι
3335 4139 3584 4208 ἀδικίαν,
3620 4145 3718 4216 τὴν

2127 4235 2325 4302 ἄφεσιν
2357 4235 2511 4304 δηλοῖ
2537 4237 2648 4290 τῶν
2683 4239 3073 4308 πταισμάτων,
3104 4235 3205 4310 τὴν
3249 4240 3402 4306 παρᾶ
3447 4240 3548 4291 τοῦ
3605 4241 3717 4291 Κυ-

2131 4329 2254 4398 ρῖου
2296 4329 2684 4401 δεδωρημένην
2702 4333 2818 4394 τοῖς
2845 4331 3198 4385 πιστεύουσιν
3228 4333 3308 4394 εἰς
3336 4331 3529 4385 αὐτόν.
3548 4327 3719 4392 Οὗτος

2130 4421 2239 4494 γάρ
2271 4423 2422 4476 ἐστιν
2465 4423 2494 4475 6
2548 4422 2726 4492 αἴρων
2773 4422 2874 4492 τὴν
2915 4420 3200 4492 ἁμαρτίαν
3239 4420 3335 4474 τοῦ
3369 4423 3610 4491 κόσμου.
3646 4421 3720 4473 Th

447 4515 669 4570 Christo
723 4520 981 4586 praedicta
1031 4522 1296 4587 fuerunt,
1347 4525 1658 4587 evenerint,
1706 4524 1823 4578 sive
1874 4522 2018 4592 quod

2131 4519 2240 4588 γὰρ
2286 4517 2588 4587 σφραγίσαι
2652 4515 2748 4570 τοῦ
2800 4517 3079 4570 παυθῆναι
3127 4518 3499 4588 σημαντικόν.
3547 4517 3628 4570 Τὸ
3663 4518 3722 4571 δὲ

447 4609 752 4677 prophetiae
800 4611 1006 4665 donum
1077 4615 1221 4681 apud
1279 4614 1500 4668 Iudaeos
1569 4615 1846 4674 desierit.
1909 4616 2027 4670 sive

451 4708 772 4770 utrumque.
812 4704 971 4774 134
998 4705 1132 4759 Nam
1165 4705 1420 4760 Christus
1441 4721 1564 4760 cum
1601 4707 1862 4771 venisset,
1894 4722 2027 4777 pro-

448 4793 667 4863 phetias
689 4795 1016 4867 obsignavit,
1047 4798 1152 4852 hoc
1199 4806 1302 4863 est,
1337 4798 1587 4867 implevit
1620 4809 1677 4854 et
1722 4801 2026 4855 conﬁrma-

447 4887 548 4950 vit,
586 4896 751 4957 atque
781 4890 947 4944 etiam
987 4891 1323 4945 terminavit.
1353 4891 1543 4961 Neque
1563 4892 1710 4946 enim
1739 4893 1851 4962 jam
1876 4893 2022 4962 apud

439 4993 546 5033 eos
569 4979 828 5051 princeps
849 4989 953 5050 est,
985 4981 1255 5058 propheta
1285 4994 1379 5038 aut
1413 4983 1547 5038 dux.
1603 4984 1671 5038 Et
1701 4985 1902 5038 adduci
1926 4985 2021 5053 ju-

445 5072 657 5127 stitiam
687 5082 974 5138 aeternam,
1017 5085 1103 5130 est
1136 5075 1311 5144 ipsius
1342 5075 1560 5130 Domini
1608 5085 1664 5131 et
1712 5075 2024 5132 Servatoris

449 5167 625 5221 nostri
671 5168 940 5224 adventus
964 5209 978 5235 ,
1014 5171 1125 5239 qui,
1184 5176 1244 5223 ut
1275 5169 1575 5238 Apostolus
1607 5168 1704 5231 ait.
1737 5169 1894 5223 datus
1945 5177 2022 5223 est

447 5263 595 5317 nobis
617 5264 880 5332 sapientia
910 5281 943 5318 a
985 5263 1120 5320 Deo.
1165 5264 1379 5334 iustitia
1403 5305 1419 5329 ,
1470 5263 1824 5332 sanctiﬁcatio
1865 5273 1914 5317 et
1947 5281 2023 5320 re-

449 5355 678 5426 demptio
718 5355 759 5409 '.
823 5356 1001 5428 Atque
1059 5355 1190 5410 alibi
1253 5356 1322 5410 de
1369 5356 1665 5426 Evangelia
1721 5356 2020 5410 scribens:

449 5449 688 5513 Iustitia,
730 5449 933 5519 inquit,
993 5450 1046 5502 in
1078 5465 1136 5502 eo
1185 5448 1451 5503 revelatur
1469 5448 1510 5502 ³.
1545 5448 1809 5502 Dominus
1850 5458 2021 5518 porro

447 5542 633 5608 docet,
680 5557 909 5613 regnum
962 5541 1057 5596 Dei
1113 5541 1409 5611 petendum
1439 5556 1582 5607 esse,
1640 5552 1700 5596 et
1747 5541 2020 5612 justitiam

445 5632 586 5699 ejus,
608 5647 786 5703 quam
820 5631 939 5702 ipse
965 5631 1214 5697 adduxit,
1244 5646 1454 5701 suaque
1493 5631 1747 5688 doctrina
1778 5632 2014 5702 aperuit.

455 5835 460 5840 ‘
527 5831 545 5862 ⁷
584 5829 759 5889 lCor.
793 5852 831 5897 ι.
865 5838 956 5892 50.
1032 5840 1052 5871 ⁶
1084 5836 1240 5893 Rom.
1282 5837 1433 5900 1,17.

2128 4611 2362 4678 ἀγαγεῖν
2392 4609 2745 4679 δικαιοσύνην
2781 4609 3003 4663 αἰώνιον
3042 4615 3105 4663 τὸ
3147 4610 3319 4664 αὐτὸν
3361 4613 3445 4674 εἰς
3489 4613 3589 4664 τὸν
3633 4611 3727 4664 κό-

2131 4719 2269 4774 σμον
2309 4702 2510 4766 ἐλθεῖν,
2561 4702 2620 4765 ὃς
2671 4704 2790 4755 ὲστι
2823 4702 3143 4772 δικαιοσύνη
3188 4702 3284 4756 καὶ
3328 4702 3724 4774 ἀπολύτρωσις

2125 4799 2220 4851 καὶ
2249 4795 2545 4866 ἁγιασμός.
2575 4794 2650 4847 Τὸ
2687 4795 2871 4866 μέντοι
2901 4796 3203 4866 σφραγίσαι
3240 4795 3432 4864 ὅρασιν
3466 4798 3564 4849 καὶ
3589 4813 3722 4865 προ-

2125 4893 2306 4961 Mm;
2343 4891 2406 4943 το
2433 4889 2590 4951 τέλος
2619 4887 2917 4959 ισχηκέναι
2967 4890 3067 4951 τὰς
3099 4888 3443 4959 προφητείας
3475 4889 3651 4960 δηλοῖς
3681 4889 3720 4959 ἢ

2127 4986 2213 5038 ὅτι
2258 4984 2326 5038 τὰ
2372 4983 2504 5053 παρ’
2535 4982 2748 5036 ἃκεῐνου
2803 4982 2933 5052 περὶ
2981 4981 3076 5034 τοῦ
3119 4982 3361 5051 Χριστοῦ
3407 4982 3723 5053 λαληθέντα

2129 5077 2456 5149 ἑκϐέὸηκεν,
2493 5077 2526 5147 ἢ
2559 5077 2641 5130 ὅτι
2677 5075 2740 5128 τὸ
2778 5074 2877 5144 τῆς
2921 5073 3263 5144 προφητείας
3311 5073 3572 5142 χάρισμα
3606 5073 3725 5134 τοίς

2129 5167 2409 5228 Ἰουδαίοις
2451 5165 2788 5228 ἐκλέλοιπεν,
2819 5165 2851 5236 ἢ
2892 5167 2988 5218 καὶ
3013 5165 3324 5234 ἀμφότερα.
3357 5164 3573 5218 Ἐλθὼν
3608 5164 3726 5232 γὰρ

2131 5263 2160 5315 ὀ
2207 5259 2444 5331 Χριστὸς
2484 5257 2583 5320 τὰς
2628 5257 2966 5329 προφητείας
3017 5257 3373 5327 ἐσφράγισεν,
3416 5256 3726 5328 ἐπλήρωσε

2131 5351 2354 5424 δηλαδὴ.
2401 5350 2495 5402 καὶ
2551 5347 2869 5414 ἐϐεϐαίωσε,
2923 5348 3020 5401 καὶ
3065 5349 3252 5417 μέντοι
3301 5349 3398 5401 καὶ
3451 5349 3728 5401 ἔπαυσεν.

2133 5445 2333 5498 Οὐκέτι
2373 5443 2483 5513 γὰρ
2513 5439 2646 5512 παρ’
2668 5440 2856 5503 αὐτοῖς
2886 5441 3094 5510 ἄρχων,
3136 5441 3232 5493 καὶ
3269 5440 3584 5511 προφήτης,
3620 5438 3730 5491 καὶ

2131 5537 2460 5608 ἡγούμενος.
2503 5535 2614 5587 Καὶ
2670 5534 2898 5602 ἀγαγεῖν
2927 5532 3278 5603 δικαιοσύνην
3309 5531 3555 5597 αἰώνιον,
3589 5531 3726 5601 ἥτις

2131 5628 2294 5692 αὑτός
2320 5630 2472 5682 ἐστιν
2497 5629 2526 5681 ὁ
2554 5623 2760 5698 Κύριος
2787 5626 2948 5697 ἡμῶν
2989 5627 3086 5683 καὶ
3122 5627 3338 5698 Σωτήρ.
3377 5626 3440 5682 '0
3473 5627 3576 5697 μὲν
3600 5621 3732 5693 γὰρ
