3958 6204
473 365 587 429 ⁸255
1748 365 2052 427 JOANNIE

2154 365 2435 426 ΟΝΑΒίΕ
3625 365 3734 430 255

487 482 847 556 Ἰερουσαλὴμ
882 479 1218 552 ἐπανῆλθενο
1255 480 1292 535 ἃ
1327 479 1596 551 προϊοῦσα
1628 479 1752 535 καθ’
1784 481 1975 552 εἱρμὸν
2014 483 2048 552 ἡ
2084 481 2298 552 ἱστορία
2337 478 2678 548 πλατύτερον
2714 477 3063 546 διηγήσεται.
3127 479 3224 531 Ὃν
3259 477 3314 532 δέ
3357 477 3521 548 ἅγιον
3583 476 3738 535 εἶπεν

477 575 748 645 ἀνώτερον
795 573 990 643 ἁγίων,
1041 572 1233 626 τοῦτον
1273 571 1431 636 αὖθις
1467 571 1703 642 Χριστὸν
1749 573 2058 644 ⁴ἡγούμενον
2096 573 2342 644 εἴρηκεν,
2413 569 2698 641 ὀνομάζων
2757 568 2922 624 αὑτὸν
2961 569 3106 622 κατὰ
3144 569 3204 622 τδ
3236 569 3603 640 ἀνθρώπινον.
3649 573 3739 636 Ὠς

477 671 585 741 γὰρ
623 668 968 736 πρωτότοκος
995 668 1094 739 τῆς
1132 673 1368 732 κτίσεως
1403 669 1501 737 τῆς
1531 671 1746 740 καινῆς,
1782 670 1876 724 καὶ
1903 671 2258 742 πρωτότοκος
2297 669 2361 720 ἐκ
2394 667 2606 737 νεκρῶν
2635 667 2877 735 λέγεται,
2905 665 3050 720 οὕτω
3085 667 3180 720 καὶ
3222 665 3530 736 ἡγούμενος
3571 686 3742 740 προσ-

477 765 796 834 ηγόρευται.
824 767 933 818 Καὶ
962 767 989 817 6
1011 763 1152 826 Θεῖος
1173 765 1232 817 δὲ
1255 765 1552 830 ἀπόστολος
1581 766 1790 837 Πέτρος
1811 767 2055 838 ἀρχηγὸν
2093 766 2195 836 τῆς
2260 765 2405 834 ζωῆς
2439 763 2694 832 ὠνόμασε
2724 764 2817 817 τὸν
2853 764 3104 834 Σωτῆρα,
3147 766 3259 827 τοῖς
3289 762 3568 830 Ἰουδαίοις
3623 769 3738 823 δια-

477 859 788 928 λεγόμενος,
819 859 893 921 ὡς
919 860 976 911 ἐν
1005 861 1125 921 ταῖς
1156 859 1429 929 Πράξεσιν
1463 865 1491 914 6
1521 861 1664 924 θεῖος
1691 862 1908 925 Λουκᾶς
1967 859 2372 931 συνεγράψατο.
2451 859 2661 928 Ὥσπερ
2717 860 2772 912 δὲ
2812 860 3169 930 πρωτότοκος
3200 860 3362 931 ἡμῶν
3421 863 3515 915 καὶ
3585 881 3737 936 πρω-

474 955 650 1010 τεύων
715 954 860 1009 κατὰ
901 955 991 1009 τὸν
1052 956 1228 1028 μέγαν
1277 956 1489 1011 Παῦλον
1539 957 1755 1028 είρηται
1802 956 1946 1011 κατὰ
1991 957 2055 1010 τδ
2093 955 2458 1028 ἀνθρώπινον,
2519 953 2662 1008 οὕτω
2697 953 2761 1024 δὴ
2829 954 2921 1007 καὶ
2946 953 3250 1025 ἡγούμενος
3288 954 3367 1026 τῷ
3404 957 3735 1030 ἀρχαγγέλῳ

477 1049 724 1120 Γαϐριὴλ
763 1051 1226 1122 προσηγόρευται.

546 1147 613 1201 Χ.
653 1147 759 1202 Sed
786 1147 1024 1202 dubitari
1058 1157 1247 1217 queat,
1279 1163 1388 1217 qua
1422 1148 1600 1218 gratia
1643 1149 1965 1218 separatim,
1996 1157 2052 1204 et

2227 1145 2286 1198 ιν.
2324 1141 2653 1213 Ἀπορήσειε
2681 1141 2729 1195 δ’
2761 1142 2828 1196 ἄν
2870 1158 2978 1206 τις,
3009 1141 3132 1194 ὅτου
3166 1143 3326 1213 χάριν
3355 1142 3733 1217 διῃρημένοις,

477 1254 586 1293 non
650 1240 990 1309 conjunctim
1024 1249 1387 1295 numerentur
1422 1239 1815 1306 bebdomades,
1875 1241 1931 1294 in
1965 1255 2053 1295 se-

479 1339 625 1399 ptem
660 1329 942 1400 sexaginta
989 1328 1147 1395 duas,
1180 1338 1236 1384 et
1256 1344 1419 1384 unam
1454 1328 1772 1384 distinctas?
1802 1328 1922 1384 Non
1949 1327 2055 1382 hoc

478 1432 690 1478 temere
723 1422 784 1476 tit
818 1423 886 1477 ab
917 1422 1252 1492 archangelo
1278 1439 1293 1475 :
1331 1421 1427 1476 sed
1453 1437 1551 1491 per
1589 1421 1707 1476 haec
1737 1436 1877 1476 nova
1903 1436 2053 1491 quae-

477 1514 601 1568 dam
628 1514 809 1581 docet,
875 1516 928 1569 in
985 1523 1297 1584 temporum
1352 1514 1724 1569 divisionibus
1756 1524 2048 1570 eventura.

479 1603 615 1657 Nam
682 1603 726 1658 si
783 1604 853 1658 ab
911 1603 1314 1659 instauratione
1370 1602 1900 1676 Hierosolymorum,
1951 1603 2055 1659 sub

475 1694 696 1750 Necmia
738 1695 901 1762 facta,
951 1705 1012 1750 ut
1052 1695 1265 1751 dictum
1305 1705 1412 1761 est,
1467 1705 1720 1766 tempora
1757 1713 1933 1767 usque
1980 1695 2050 1751 ad

478 1787 773 1843 Hircanum
807 1789 1127 1860 pontiﬁcem
1179 1798 1569 1853 numerentur,
1607 1791 1712 1845 sub
1763 1806 1876 1860 quo
1919 1789 2055 1845 Asa-

479 1895 812 1934 monaeorum
865 1897 1040 1952 genus
1071 1881 1224 1952 fungi
1259 1882 1431 1937 sacris
1475 1881 1731 1936 destitit:
1769 1882 2052 1952 sexaginta

476 1969 711 2025 duarum
748 1971 1164 2028 hebdomadum
1212 1991 1480 2030 numerus
1511 1977 1792 2046 expletur.
1851 1976 1987 2031 Nam
2021 1991 2054 2030 a

481 2061 745 2116 vicesimo
773 2079 922 2118 anno
974 2067 1129 2136 regni
1178 2067 1522 2131 Artaxerxis,
1552 2069 1646 2137 qui
1689 2069 1929 2124 Neemiae
1962 2083 2052 2122 re-

477 2152 686 2208 deundi
737 2155 1112 2228 Hierosolyma
1145 2168 1473 2228 potestatem
1505 2159 1679 2224 dedit,
1723 2176 1752 2214 a
1787 2176 1898 2230 quo
1921 2161 2055 2214 urbs

479 2245 756 2300 moenibus
787 2247 1055 2302 adornata
1086 2258 1192 2312 est,
1233 2266 1406 2319 usque
1437 2250 1506 2304 ad
1543 2251 1766 2304 Darium
1809 2251 2055 2306 Arsamis

480 2337 675 2404 lilium,
706 2355 872 2409 quem
898 2341 1101 2396 delevit
1131 2342 1464 2407 Alexander,
1501 2344 1628 2397 anni
1663 2353 1795 2398 sunt
1829 2352 2051 2399 centum

478 2440 535 2486 et
559 2432 1006 2500 quatuordecim.
1041 2435 1124 2488 Ab
1161 2435 1451 2491 eversione
1473 2451 1640 2506 porro
1673 2437 1889 2506 imperii
1923 2438 2052 2493 Per-

480 2522 602 2586 sici,
624 2539 746 2592 qum
782 2539 929 2579 anno
959 2536 1114 2580 sexto
1138 2527 1392 2582 Asiatica:
1416 2528 1786 2597 expeditionis
1815 2529 2050 2585 Alexan-

478 2614 563 2668 dri
591 2617 840 2686 contigit,
871 2633 1045 2688 usque
1073 2619 1138 2673 ad
1169 2619 1362 2674 Caium
1393 2620 1600 2676 Julium
1624 2619 1918 2683 Casarem,
1959 2623 2054 2691 qui

480 2706 694 2776 primus
726 2708 1099 2763 Romanorum
1129 2711 1506 2765 monarcbiam
1536 2713 1828 2781 occupavit
1874 2731 1888 2767 :
1923 2713 2055 2768 anni

479 2799 866 2868 praeterierunt
903 2802 1132 2857 ducenti
1187 2803 1468 2874 octoginta
1509 2805 1642 2859 duo.
1674 2806 1760 2860 Ab
1800 2807 2050 2876 ejusdem

473 2889 708 2946 Caesaris
767 2893 1083 2963 principatu
1133 2910 1307 2964 usque
1375 2895 1445 2949 ad
1499 2912 1704 2950 annum
1773 2897 2051 2953 decimum

473 2983 730 3052 quintum
763 2983 970 3040 Tiberii
1019 2985 1275 3051 Caesaris,
1304 3003 1416 3056 quo
1464 2987 1722 3044 Christus
1756 3004 1787 3043 a
1839 2990 2051 3045 Joanne

475 3074 721 3140 Baptista
764 3076 1100 3146 baptizatus,
1157 3079 1422 3134 miracula
1454 3080 1623 3150 ccepit
1669 3080 1874 3146 cdere,
1920 3083 2051 3136 anni

477 3167 709 3222 fuerunt
740 3170 1087 3240 septuaginta
1122 3179 1234 3226 tres
1269 3188 1282 3225 :
1316 3181 1376 3226 ut
1404 3171 1522 3226 haec
1549 3189 1766 3228 summa
1795 3174 2052 3229 conﬁciat

478 3271 654 3312 annos
715 3259 1150 3330 quadringentos
1214 3269 1272 3316 et
1322 3263 1605 3334 sexaginta
1655 3280 1906 3320 novem:
1957 3265 2053 3335 qui

477 3348 707 3418 quidem
757 3350 1026 3408 Hebraica
1090 3355 1484 3424 supputatione
1557 3356 1718 3428 136
1775 3373 2050 3412 annorum

479 3440 783 3497 coniiciunt
803 3459 977 3499 annos
1009 3447 1446 3518 quadringentos
1473 3451 1751 3520 octoginta
1784 3458 1917 3506 tres.
1947 3452 2054 3507 Ne-

473 3548 585 3604 que
607 3534 1248 3605 enimquemadmodum
1272 3555 1392 3604 nos,
1444 3541 1519 3595 ita
1542 3551 1598 3596 et
1629 3541 1843 3596 Hebraei
1874 3558 2049 3599 annos

475 3633 800 3695 supputant,
833 3626 929 3682 sed
961 3627 1029 3682 ad
1075 3643 1297 3684 cursum
1329 3630 1577 3684 lunarem
1611 3631 1808 3687 diebus
1838 3643 2054 3688 trecen-

477 3716 548 3771 tis
581 3717 1064 3790 etquinquaginta
1111 3720 1423 3783 absolvunt,
1463 3730 1522 3775 ut
1553 3721 1619 3777 de
1647 3723 1899 3792 quolibet
1951 3739 2052 3778 no-

474 3817 596 3862 stro
619 3824 765 3864 anno
811 3809 932 3864 dies
987 3810 1243 3866 undecim
1278 3811 1629 3867 redundent:
1657 3814 1752 3883 qui
1793 3813 1914 3869 dies
1960 3831 2049 3870 re-
2076 3833 2118 3891 ο

476 3898 791 3956 dundantes
837 3902 892 3955 in
949 3919 1128 3958 annos
1180 3903 1413 3970 redacti,
1472 3905 1697 3975 explent
1751 3923 2047 3963 numerum

476 3992 1008 4064 quadringentorum
1070 3997 1349 4067 octoginta
1401 4001 1566 4053 trium
1629 4015 1901 4055 annorum
1953 4003 2052 4056 He-

479 4084 814 4140 braicorum.
847 4086 984 4152 Quia
1019 4101 1150 4142 vero
1192 4102 1317 4142 cum
1349 4089 1574 4144 Daniele
1611 4090 1843 4145 Hebraeo
1880 4091 2051 4146 collo-

473 4177 749 4246 quebatur
779 4179 1031 4250 angelus,
1060 4194 1236 4234 annos
1269 4180 1461 4250 utique
1491 4181 1571 4235 illi
1603 4191 1764 4237 notos
1806 4184 2053 4238 nomina-

477 4269 576 4322 vit.
609 4267 848 4324 Proinde
879 4285 1056 4340 usque
1085 4270 1152 4324 ad
1193 4269 1476 4326 interitum
1504 4269 1726 4326 Hircani
1751 4272 2048 4342 pontiﬁcis,

474 4375 643 4429 quem
675 4376 775 4415 rex
809 4359 1058 4418 Herodes
1105 4361 1332 4417 sustulit
1387 4361 1520 4432 (qua
1553 4361 1622 4417 de
1671 4377 1730 4416 re
1772 4361 2052 4431 copiosius

477 4451 752 4520 agendum
789 4453 943 4520 erit),
992 4454 1274 4524 sexaginta
1324 4452 1448 4508 dum
1502 4453 1879 4508 hebdomades
1922 4461 2054 4506 sunt

475 4542 729 4609 expletas.
761 4543 844 4597 Ab
879 4560 947 4598 eo
987 4552 1235 4613 tempore
1271 4561 1396 4598 cum
1434 4545 1792 4600 l’ontiiicatus
1815 4559 1926 4597 non
1955 4560 2054 4612 per

476 4647 699 4686 omnem
756 4641 974 4688 aetatem
1017 4636 1068 4689 ei
1121 4645 1388 4699 maneret,
1437 4635 1526 4688 cui
1579 4637 1911 4704 contigerat,
1956 4633 2053 4688 sed

479 4739 667 4779 annuo
715 4733 812 4778 aut
857 4727 1026 4780 etiam
1066 4727 1322 4780 breviore
1363 4726 1542 4794 apatio
1575 4735 1766 4780 contra
1801 4725 2054 4779 instituta

479 4817 749 4886 majorum
806 4815 1384 4880 circumscribi-retur,
1437 4825 1494 4871 et
1541 4817 1774 4886 pecunia
1823 4816 2055 4872 cuilibet

478 4909 691 4963 venalis
716 4919 883 4972 esset,
923 4908 976 4963 id
1002 4909 1147 4980 quod
1181 4926 1209 4964 a
1240 4909 1483 4980 Josepho
1527 4909 1792 4973 refertur,
1830 4920 2048 4979 septem

479 5001 864 5069 praeterieram
899 5002 1295 5058 ltebdomades.
1329 5002 1484 5068 Quod
1546 5002 1916 5073 archangelus
1968 5002 2057 5057 his

477 5091 664 5147 verbis
694 5093 918 5149 innuit:
952 5093 1018 5147 Et
1059 5102 1174 5164 post
1206 5094 1549 5148 hebdomade:
1595 5096 1878 5165 sexaginta
1917 5096 2054 5150 duas

2153 1236 2270 1290 ἀλλ’
2309 1235 2406 1306 οὐχ
2436 1235 2573 1306 ὁμοῦ
2605 1236 2660 1288 αἱ
2714 1234 3010 1303 ἐϐδομάδες
3058 1234 3415 1306 ἠρίθμηνται.
3446 1237 3539 1300 Είς
3591 1239 3735 1292 ἑπτὰ

2153 1329 2211 1382 δὲ
2244 1333 2338 1383 καὶ
2369 1327 2741 1399 ἑξηκονταδύο
2768 1327 3075 1400 διῄρηνται,
3107 1329 3202 1380 καὶ
3228 1331 3310 1392 είς
3339 1330 3470 1399 μίαν
3500 1331 3730 1399 ἑτέρανς

2155 1421 2268 1490 οὐχ
2306 1420 2383 1484 ὼς
2418 1419 2578 1490 ἔτυχε
2631 1419 2688 1473 δὲ
2739 1419 2898 1473 τοῦτο
2960 1417 3262 1487 πεποίηκεν
3292 1423 3321 1472 6
3371 1421 3735 1492 ἀρχάγγελος,

2155 1511 2294 1566 ἀλλά
2338 1528 2460 1564 τινα
2511 1509 2675 1564 καινὰ
2712 1509 2801 1563 διὰ
2833 1510 3040 1564 τούτων
3079 1511 3347 1564 διδάσκων
3384 1513 3440 1563 ἑν
3471 1515 3594 1572 ταῖς
3625 1511 3736 1564 τῶν

2155 1605 2366 1675 χρόνων
2400 1602 2702 1672 διαιρέσεσι
2752 1593 3168 1672 συμϐησόμενα.
3212 1603 3273 1656 Ei
3311 1603 3416 1674 γὰρ
3475 1605 3585 1657 ἀπὸ
3634 1605 3732 1673 τῆς

2155 1695 2264 1748 τῶν
2311 1694 2704 1766 Ἰεροσολύμων
2757 1695 3051 1764 οἰκοδομῆς
3097 1697 3196 1766 τῆς
3243 1695 3336 1748 ἐπὶ
3368 1696 3630 1766 Νεεμίου,
3661 1697 3735 1760 ὡς

2155 1786 2394 1856 εἴρηται,
2455 1787 2758 1856 γενομένης
2817 1785 3136 1856 ἀριθμοῖντο
3189 1787 3239 1840 οί
3294 1788 3476 1857 χρόνοι
3535 1789 3735 1858 μέχρις

2169 1877 2440 1950 Ὑρκανοῦ
2494 1877 2589 1930 τοῦ
2633 1879 2959 1949 ἀρχιερέως,
3007 1879 3090 1946 ἐφ’
3119 1871 3180 1932 οὗ
3236 1879 3296 1932 τὸ
3325 1878 3435 1930 τῶν
3482 1880 3735 1949 Ἀσαμω-

2157 1975 2324 2026 ναίων
2364 1971 2520 2039 γένος
2550 1971 2766 2039 ἐπαύθη
2794 1971 2889 2024 τοῦ
2924 1971 3198 2042 ἱερᾶσθαι,
3233 1975 3260 2026 6
3287 1972 3396 2024 τῶν
3441 1971 3734 2043 ἑξηκοντα-

2158 2063 2254 2117 δύο
2300 2063 2614 2132 ἑϐδομάδων
2659 2061 2892 2132 ἀριθμὸς
2951 2062 3406 2133 συμπεραίνεται.
3461 2064 3600 2116 Ἀπὸ
3637 2065 3735 2134 μὲν

2157 2157 2268 2228 γὰρ
2292 2155 2386 2209 τοῦ
2421 2155 2854 2218 είκοστοῦ.ἐτους
2890 2155 2991 2224 τῆς
3027 2155 3308 2225 βασιλείας
3337 2157 3732 2227 Ἀρταξέρξου,

2152 2249 2210 2310 ὃς
2244 2249 2322 2317 τῷ
2353 2247 2562 2319 Νεεμίᾳ
2603 2246 2705 2317 τὴν
2743 2249 2823 2311 είς
2867 2247 3233 2319 Ἰερουσαλὴμ
3271 2249 3532 2301 ἐπάνοδον
3565 2251 3733 2304 ἔδωκε

2157 2338 2238 2409 τῷ
2267 2337 2472 2408 ταύτην
2520 2338 2846 2408 τειχίσαντι,
2878 2339 2981 2402 ἑως
3017 2341 3246 2410 Δαρείου
3297 2340 3392 2392 τοῦ
3425 2341 3730 2412 Ἀρσάμου,

2155 2431 2214 2484 ὃν
2249 2429 2498 2483 καθεῖλεν
2523 2429 2898 2500 Ἀλέξανδρος,
2925 2432 3118 2484 ἑκατὸν
3161 2433 3256 2502 ἔτη
3284 2433 3392 2485 είσὶ
3422 2435 3519 2486 καὶ
3540 2451 3733 2487 τεσσα-

2161 2520 2508 2589 ρεσκαίδεκα.
2542 2521 2639 2574 Ἐκ
2669 2521 2724 2573 δὲ
2757 2521 2858 2589 τῆς
2919 2522 3292 2592 καθαιρέσεως
3321 2524 3420 2592 τῆς
3448 2525 3561 2577 τῶν
3593 2527 3731 2597 Περ-

2157 2612 2268 2665 σῶν
2303 2612 2578 2679 βασιλείας
2611 2615 2668 2666 ἐν
2694 2613 2838 2682 ἐκτῳ
2867 2614 3168 2684 γενομένης
3207 2615 3318 2668 ἔτει
3349 2617 3448 2686 τῆς
3478 2616 3732 2683 Ἀλεξάν-

2155 2707 2284 2777 δρου
2347 2707 2483 2778 πρὸς
2522 2708 2620 2774 τὴν
2667 2707 2859 2761 Ἀσίαν
2910 2709 3202 2778 στρατείας
3255 2711 3450 2781 μέχρις
3502 2713 3730 2768 Ἰουλίου

2155 2798 2435 2870 Καίσαρος
2468 2800 2653 2862 Γαΐου,
2687 2799 2747 2862 ὃς
2782 2800 2998 2870 πρῶτος
3033 2804 3098 2870 τῆ
3134 2805 3408 2874 μοναρχίᾳ
3438 2804 3549 2857 τῶν
3593 2807 3730 2858 Ῥω-

2159 2891 2334 2958 μαίων
2393 2889 2839 2958 ἑπικεχείρηκεν,
2899 2890 2993 2961 ἐτη
3056 2892 3414 2962 παρήλθοσαν
3474 2895 3733 2950 διακόσια

2153 2981 2487 3052 ὀγδοήκοντα
2545 2981 2641 3034 καὶ
2697 2981 2810 3036 δύο.
2861 2984 2958 3036 Ἐκ
3008 2984 3066 3036 δὲ
3119 2987 3218 3055 τῆς
3275 2987 3581 3056 αύταρχῐας
3637 2989 3730 3042 τοῦ

2153 3075 2430 3144 Καίσαρος
2459 3073 2564 3136 ἕως
2595 3073 2748 3138 ἑτους
2780 3075 3268 3130 πεντεκαιδεκάτου
3305 3076 3561 3149 Τιϐερίου
3591 3082 3731 3133 Καί-

2156 3181 2344 3235 σαρος,
2390 3164 2553 3234 ἡνίκα
2584 3167 2612 3218 6
2649 3164 2883 3235 Χριστὸς
2941 3166 3046 3220 ὑπὸ
3083 3167 3333 3221 Ἰωάννου
3389 3170 3724 3241 ἐϐαπτίσθη,

2151 3255 2249 3308 καὶ
2299 3254 2405 3308 τῶν
2445 3255 2692 3325 σημείων
2730 3255 3038 3326 άπήρξατο,
3089 3257 3181 3329 ἐτη
3216 3258 3594 3330 ἑϐδομήκοντα
3641 3264 3734 3316 καὶ

2151 3345 2319 3416 τρία·
2365 3347 2440 3410 ὼς
2493 3346 2912 3417 συμποσοῦσθαι
2963 3348 3134 3404 ταῦτα
3168 3350 3249 3412 τίς
3296 3353 3586 3416 ἐνιαυτοὺς
3639 3355 3736 3407 ἐπὶ

2150 3439 2529 3508 τετρακοσίοις
2571 3438 2838 3508 ἑξήκοντα
2883 3439 2979 3494 καὶ
3031 3442 3208 3494 ἐννέα.
3259 3443 3321 3495 Οἱ
3366 3441 3423 3495 δέ
3477 3444 3731 3498 τοσοῦτοι

2152 3531 2393 3584 ἐνιαυτοὶ
2450 3529 2810 3584 ἀποτελοῦσιν
2867 3530 2962 3602 ἔτη
3011 3533 3345 3604 τετρακόσια
3389 3534 3732 3606 ὁγδοήκοντα

2150 3619 2300 3688 τρία,
2330 3619 2474 3674 κατὰ
2501 3619 2600 3689 τὴν
2646 3619 2944 3693 Ἐϐραῖκὴν
2972 3624 3271 3695 άρίθμησιν
3318 3626 3430 3679 τῶν
3463 3628 3628 3683 ἐτῶν.
3657 3631 3733 3683 Ού

2152 3713 2262 3782 γὰρ
2291 3711 2366 3776 ὡς
2402 3713 2564 3784 ἡμεῖς
2593 3715 2645 3767 oi.
2689 3713 2930 3785 Ἑϐραῖοι
2971 3717 3278 3786 ψηφίζουσι
3321 3718 3413 3773 τὸν
3457 3722 3730 3787 ἐνιαυτὸν,

2152 3804 2288 3857 ἀλλὰ
2322 3805 2465 3858 κατὰ
2516 3806 2838 3876 σεληνιακὸν
2893 3807 3096 3879 δρόμον
3145 3809 3518 3880 ἀριθμοῦντες
3570 3815 3734 3868 αὑτὸν

2152 3897 2479 3966 τριακοσίων
2518 3899 2863 3969 πεντήκοντα
2899 3900 2994 3952 καὶ
3039 3903 3326 3970 τεσσάρων
3361 3904 3618 3974 ἡμερῶν,
3653 3907 3730 3969 ὡς

2154 3989 2498 4058 περιττεύειν
2521 3990 2613 4056 ἀφ’
2632 3990 2864 4044 ἑκάστου
2881 3991 3126 4044 ἐνιαυτοῦ
3151 3993 3364 4064 ἡμέρας
3383 3995 3579 4052 ἕνδεκα
3597 3999 3731 4068 (85).

2153 4081 2262 4134 Καὶ
2307 4081 2512 4135 τούτων
2542 4081 2673 4150 γοῦν
2722 4083 2832 4138 τῶν
2885 4085 3162 4155 περιττῶν
3219 4088 3449 4158 ἡμερῶν
3503 4093 3585 4155 είς
3639 4094 3732 4162 ἐτη

2151 4175 2622 4242 συμποσουμένων
2692 4174 2762 4229 τὰ
2835 4178 3165 4247 τετρακόσια
3233 4179 3572 4252 ὀγδοήκοντα
3645 4186 3736 4238 καὶ

2150 4265 2276 4339 τρία
2340 4266 2607 4336 Ἑϐραϊκὰ
2666 4267 3014 4322 συνίστανται
3065 4269 3184 4338 ἐτη.
3251 4271 3493 4343 Ἑϐραίῳ
3545 4275 3604 4329 δὲ
3659 4276 3737 4347 τῷ

2151 4359 2350 4430 Δανιὴλ
2381 4361 2410 4412 6
2440 4359 2672 4428 ἄγγελος
2700 4359 2927 4430 ὁμιλῶν,
2959 4361 3178 4426 πάντως
3207 4361 3274 4415 τὰ
3301 4363 3450 4435 αύτῷ
3477 4365 3736 4438 γνώριμα

2151 4453 2338 4522 ἔλεγεν
2409 4452 2526 4522 ἐτη.
2584 4454 2746 4523 Ἀχρι
2803 4454 2902 4523 μὲν
2953 4450 3047 4507 οὖν
3098 4456 3197 4525 τῆς
3258 4456 3354 4508 τοῦ
3417 4460 3738 4529 ἀρχιερέως

2163 4545 2439 4614 Ὑρκανοῦ
2474 4545 2832 4614 ἀναιρέσεως,
2865 4546 2924 4598 ὃν
2951 4549 2979 4599 6
3011 4546 3265 4616 βασιλεὺς
3301 4549 3516 4603 ἀνεῖλεν
3555 4553 3737 4622 Ἡρώ-

2154 4636 2252 4706 δης
2281 4637 2588 4706 (εἰρήσεται
2621 4634 2677 4686 δὲ
2707 4635 2778 4687 τὰ
2823 4637 2954 4707 περὶ
3007 4638 3202 4692 τούτου
3260 4641 3626 4710 πλατύτερον)
3683 4646 3736 4696 αἱ

2156 4728 2519 4800 ἑξηκονταδύο
2550 4725 2843 4797 ἐϐδομάδες
2875 4726 3348 4800 ἐξεμετρήοησαν.
3397 4734 3634 4788 Ἐκτοτε
3680 4736 3736 4787 δὲ

2151 4821 2254 4891 τῆς
2282 4824 2699 4895 ἀρχιερωσύνης
2726 4825 2787 4878 ού
2819 4825 2907 4878 διὰ
2953 4825 3068 4896 βίου
3099 4828 3564 4895 προσπεπηγυίας
3593 4828 3739 4881 κατὰ

2153 4914 2248 4966 τὸν
2280 4916 2447 4984 νόμον
2480 4918 2593 4980 τοῖς
2632 4915 2836 4982 ταύτης
2864 4917 3226 4987 ἀξιουμένοις,
3250 4918 3364 4971 ἀλλ’
3391 4921 3736 4982 ἐνιαυσιαίας

2157 5007 2489 5076 παρανόμως
2515 5007 2878 5078 διδομένης,ζῆ
2913 5007 3232 5078 βραχυτέρῳ
3258 5009 3436 5079 χρόνῳ
3473 5027 3729 5080 περιορι-

2159 5095 2418 5166 ζομένης,
2447 5099 2539 5150 καὶ
2582 5099 2882 5169 χρημάτων
2911 5099 3084 5170 αὐτὴν
3110 5100 3440 5168 ὠνουμένων
3470 5102 3580 5155 τῶν
3611 5103 3739 5172 βου-

477 5188 854 5257 eazstirpabilur
881 5189 1076 5252 unctio,
1109 5204 1201 5240 nec
1227 5188 1467 5251 futurum
1496 5196 1572 5241 est
1601 5189 1656 5242 in
1681 5205 1744 5242 ea
1764 5190 2046 5259 judicium,

2155 5187 2417 5257 λομένων,
2448 5188 2478 5240 ὃ
2507 5191 2603 5242 καὶ⁸
2625 5192 2653 5242 6
2682 5189 2944 5260 Ἰώσηπος
2982 5191 3209 5258 ἱστορεῖ,
3241 5192 3301 5244 αἱ
3347 5193 3492 5244 ἑπτὰ
3527 5192 3740 5264 παρήλ-

481 5279 588 5337 hoc
609 5288 711 5347 est,
748 5282 940 5336 unctio
967 5280 1325 5351 pontiﬁcatus
1363 5281 1588 5352 peribit,
1634 5297 1760 5336 cum
1791 5281 1828 5336 ii
1859 5291 2051 5338 contra

2158 5277 2321 5332 θοσαν
2351 5276 2668 5348 ἐϐδομάδες.
2701 5278 2873 5332 Τοῦτο
2913 5278 2970 5331 δέ
2996 5279 3176 5349 δηλῶν
3226 5282 3254 5334 ὁ
3275 5279 3421 5347 θεῖος
3454 5283 3738 5352 ἀρχάγγε-

1681 5512 1881 5575 Variae
1903 5512 2211 5577 lectiones
2255 5519 2315 5576 ct
2345 5519 2533 5575 notae.

556 5754 669 5821 (85)
721 5754 820 5819 Ὠς
870 5750 1236 5820 περιττεύειν
1291 5749 1392 5818 ἀφ’
1447 5747 1708 5821 ἑκάστου
1769 5749 2051 5821 ἐνιαυτοῦ

487 5819 710 5890 ’ἡμέροις
752 5819 986 5878 ἕνδεκά..
1019 5823 1191 5888 Quam
1237 5822 1506 5877 rationem
1547 5819 1676 5875 anni
1718 5829 1938 5878 secutus
1976 5820 2050 5877 sit

2157 5748 2655 5827 Zonaras,_i_gnoro.
2676 5750 2913 5827 ﬁatione
2935 5769 3082 5811 nunc
3103 5755 3327 5827 usitata,
3353 5757 3742 5816 redundarent

2153 5820 2276 5878 dies
2303 5820 2535 5892 amplius
2563 5839 2652 5879 xv.
2676 5822 2841 5880 Wolf.
