  <div class='ocr_page' id='page_1' title='image "/cluster/home/n/w/nwhite01/storage/ocr_20150623/134/hvd.32044073502510/136.png"; bbox 0 0 3958 6204; ppageno 0'>
   <div class='ocr_carea' id='block_1_1' title="bbox 233 212 327 279">
    <p class='ocr_par' dir='ltr' id='par_1_1' title="bbox 233 212 327 279">
     <span class='ocr_line' id='line_1_1' title="bbox 233 212 327 279; baseline 0.032 -3"><span class='ocrx_word' id='word_1_1' title='bbox 233 212 327 279; x_wconf 75' lang='lat'><strong>257</strong></span> 
     </span>
    </p>
   </div>
   <div class='ocr_carea' id='block_1_2' title="bbox 1469 223 2237 293">
    <p class='ocr_par' dir='ltr' id='par_1_2' title="bbox 1469 223 2237 293">
     <span class='ocr_line' id='line_1_2' title="bbox 1469 223 2237 293; baseline 0.01 -9"><span class='ocrx_word' id='word_1_2' title='bbox 1469 223 1883 287; x_wconf 75' lang='lat' dir='ltr'><strong>ANNALIUM</strong></span> <span class='ocrx_word' id='word_1_3' title='bbox 1923 225 2074 289; x_wconf 84' lang='lat' dir='ltr'><strong>LIB.</strong></span> <span class='ocrx_word' id='word_1_4' title='bbox 2116 228 2237 293; x_wconf 83' lang='grc' dir='ltr'><strong>ΙΙΙ.</strong></span> 
     </span>
    </p>
   </div>
   <div class='ocr_carea' id='block_1_3' title="bbox 3358 247 3474 314">
    <p class='ocr_par' dir='ltr' id='par_1_3' title="bbox 3358 247 3474 314">
     <span class='ocr_line' id='line_1_3' title="bbox 3358 247 3474 314; baseline 0.017 -2"><span class='ocrx_word' id='word_1_5' title='bbox 3358 247 3474 314; x_wconf 73' lang='grc'><strong>258</strong></span> 
     </span>
    </p>
   </div>
   <div class='ocr_carea' id='block_1_4' title="bbox 227 323 1781 429">
    <p class='ocr_par' dir='ltr' id='par_1_4' title="bbox 227 323 1781 429">
     <span class='ocr_line' id='line_1_4' title="bbox 227 323 1781 429; baseline 0.006 -47"><span class='ocrx_word' id='word_1_6' title='bbox 227 329 307 393; x_wconf 76' lang='lat' dir='ltr'><strong>to;</strong></span> <span class='ocrx_word' id='word_1_7' title='bbox 326 326 512 397; x_wconf 74' lang='grc' dir='ltr'>ελσγι,</span> <span class='ocrx_word' id='word_1_8' title='bbox 534 324 649 383; x_wconf 76' lang='lat' dir='ltr'><strong>Kal</strong></span> <span class='ocrx_word' id='word_1_9' title='bbox 666 323 826 429; x_wconf 63' lang='lat' dir='ltr'><strong>perdt</strong></span> <span class='ocrx_word' id='word_1_10' title='bbox 852 325 963 396; x_wconf 76' lang='grc' dir='ltr'>τὰς</span> <span class='ocrx_word' id='word_1_11' title='bbox 986 327 1328 401; x_wconf 73' lang='grc' dir='ltr'>ἑϐδομάδας</span> <span class='ocrx_word' id='word_1_12' title='bbox 1355 332 1466 400; x_wconf 78' lang='grc' dir='ltr'>τὰς</span> <span class='ocrx_word' id='word_1_13' title='bbox 1491 334 1781 407; x_wconf 49' lang='lat' dir='ltr'><strong>Equos-ra</strong></span> 
     </span>
    </p>
   </div>
   <div class='ocr_carea' id='block_1_5' title="bbox 1881 323 3480 429">
    <p class='ocr_par' dir='ltr' id='par_1_5' title="bbox 1881 341 3480 429">
     <span class='ocr_line' id='line_1_5' title="bbox 1881 341 3480 429; baseline 0.014 -34"><span class='ocrx_word' id='word_1_14' title='bbox 1881 341 2096 412; x_wconf 50' lang='grc' dir='ltr'>διοίσω</span> <span class='ocrx_word' id='word_1_15' title='bbox 2137 347 2442 411; x_wconf 74' lang='lat' dir='ltr'><strong>augeatur,</strong></span> <span class='ocrx_word' id='word_1_16' title='bbox 2490 342 2585 413; x_wconf 87' lang='lat' dir='ltr'><strong>qui</strong></span> <span class='ocrx_word' id='word_1_17' title='bbox 2639 344 2801 416; x_wconf 83' lang='lat' dir='ltr'><strong>potiti</strong></span> <span class='ocrx_word' id='word_1_18' title='bbox 2855 346 2952 404; x_wconf 84' lang='lat' dir='ltr'><strong>illo</strong></span> <span class='ocrx_word' id='word_1_19' title='bbox 2998 349 3228 410; x_wconf 79' lang='lat' dir='ltr'><strong>fuerint.</strong></span> <span class='ocrx_word' id='word_1_20' title='bbox 3286 356 3480 429; x_wconf 78' lang='lat' dir='ltr'><strong>Neque</strong></span> 
     </span>
    </p>
   </div>
   <div class='ocr_carea' id='block_1_6' title="bbox 227 418 1799 497">
    <p class='ocr_par' dir='ltr' id='par_1_6' title="bbox 227 418 1799 497">
     <span class='ocr_line' id='line_1_6' title="bbox 227 418 1799 497; baseline 0.006 -22"><span class='ocrx_word' id='word_1_21' title='bbox 227 420 325 476; x_wconf 79' lang='grc' dir='ltr'>δύο</span> <span class='ocrx_word' id='word_1_22' title='bbox 371 418 961 488; x_wconf 58' lang='grc' dir='ltr'>ἐξολεθρευθήσεται</span> <span class='ocrx_word' id='word_1_23' title='bbox 995 424 1251 494; x_wconf 81' lang='grc' dir='ltr'>χρίσμα,</span> <span class='ocrx_word' id='word_1_24' title='bbox 1303 426 1405 480; x_wconf 80' lang='grc' dir='ltr'><strong>καί</strong></span> <span class='ocrx_word' id='word_1_25' title='bbox 1456 428 1637 497; x_wconf 80' lang='grc' dir='ltr'>κρῖμα</span> <span class='ocrx_word' id='word_1_26' title='bbox 1686 432 1799 486; x_wconf 82' lang='grc' dir='ltr'>οὐκ</span> 
     </span>
    </p>
   </div>
   <div class='ocr_carea' id='block_1_7' title="bbox 224 511 1799 593">
    <p class='ocr_par' dir='ltr' id='par_1_7' title="bbox 224 511 1799 593">
     <span class='ocr_line' id='line_1_7' title="bbox 224 511 1799 593; baseline 0.006 -28"><span class='ocrx_word' id='word_1_27' title='bbox 224 513 386 571; x_wconf 66' lang='grc' dir='ltr'>ἔστιν</span> <span class='ocrx_word' id='word_1_28' title='bbox 414 511 489 566; x_wconf 75' lang='grc' dir='ltr'><strong>ἐν</strong></span> <span class='ocrx_word' id='word_1_29' title='bbox 512 511 697 578; x_wconf 79' lang='grc' dir='ltr'>αὐτῷ.</span> <span class='ocrx_word' id='word_1_30' title='bbox 723 512 874 569; x_wconf 83' lang='grc' dir='ltr'>’Δντὶ</span> <span class='ocrx_word' id='word_1_31' title='bbox 898 515 1015 578; x_wconf 80' lang='grc' dir='ltr'>τοῦ,</span> <span class='ocrx_word' id='word_1_32' title='bbox 1032 517 1479 590; x_wconf 77' lang='grc' dir='ltr'>Διαφθαρήσσται</span> <span class='ocrx_word' id='word_1_33' title='bbox 1508 519 1568 574; x_wconf 83' lang='grc' dir='ltr'><strong>τὸ</strong></span> <span class='ocrx_word' id='word_1_34' title='bbox 1588 522 1799 593; x_wconf 84' lang='grc' dir='ltr'>χρίσμα</span> 
     </span>
    </p>
   </div>
   <div class='ocr_carea' id='block_1_8' title="bbox 224 599 1798 680">
    <p class='ocr_par' dir='ltr' id='par_1_8' title="bbox 224 599 1798 680">
     <span class='ocr_line' id='line_1_8' title="bbox 224 599 1798 680; baseline 0.007 -25"><span class='ocrx_word' id='word_1_35' title='bbox 224 606 308 674; x_wconf 69' lang='grc' dir='ltr'>τῆς</span> <span class='ocrx_word' id='word_1_36' title='bbox 337 602 789 674; x_wconf 72' lang='grc' dir='ltr'>ἀρχιερωσύνης.</span> <span class='ocrx_word' id='word_1_37' title='bbox 825 605 1169 676; x_wconf 83' lang='grc' dir='ltr'>Παρανόμω;</span> <span class='ocrx_word' id='word_1_38' title='bbox 1208 608 1318 677; x_wconf 84' lang='grc' dir='ltr'>γὰρ</span> <span class='ocrx_word' id='word_1_39' title='bbox 1347 599 1656 680; x_wconf 83' lang='grc' dir='ltr'>χριομένων</span> <span class='ocrx_word' id='word_1_40' title='bbox 1686 611 1798 667; x_wconf 82' lang='grc' dir='ltr'><strong>τῶν</strong></span> 
     </span>
    </p>
   </div>
   <div class='ocr_carea' id='block_1_9' title="bbox 224 695 1796 776">
    <p class='ocr_par' dir='ltr' id='par_1_9' title="bbox 224 695 1796 776">
     <span class='ocr_line' id='line_1_9' title="bbox 224 695 1796 776; baseline 0.008 -29"><span class='ocrx_word' id='word_1_41' title='bbox 224 696 288 759; x_wconf 79' lang='grc' dir='ltr'><strong>είς</strong></span> <span class='ocrx_word' id='word_1_42' title='bbox 320 696 501 766; x_wconf 77' lang='grc' dir='ltr'>αὐτὴν</span> <span class='ocrx_word' id='word_1_43' title='bbox 554 695 1076 767; x_wconf 75' lang='grc' dir='ltr'>προσισαζομένων,</span> <span class='ocrx_word' id='word_1_44' title='bbox 1132 700 1258 753; x_wconf 81' lang='grc' dir='ltr'>οὐδὲ</span> <span class='ocrx_word' id='word_1_45' title='bbox 1307 701 1371 754; x_wconf 81' lang='grc' dir='ltr'>τὸ</span> <span class='ocrx_word' id='word_1_46' title='bbox 1421 703 1633 775; x_wconf 80' lang='grc' dir='ltr'>χρίσμα</span> <span class='ocrx_word' id='word_1_47' title='bbox 1692 704 1796 776; x_wconf 84' lang='grc' dir='ltr'>τῆν</span> 
     </span>
    </p>
   </div>
   <div class='ocr_carea' id='block_1_10' title="bbox 222 782 1794 867">
    <p class='ocr_par' dir='ltr' id='par_1_10' title="bbox 222 782 1794 867">
     <span class='ocr_line' id='line_1_10' title="bbox 222 782 1794 867; baseline 0.004 -25"><span class='ocrx_word' id='word_1_48' title='bbox 222 787 415 842; x_wconf 68' lang='grc' dir='ltr'>οἰκείαν</span> <span class='ocrx_word' id='word_1_49' title='bbox 435 782 586 857; x_wconf 68' lang='grc' dir='ltr'>εἶχεν</span> <span class='ocrx_word' id='word_1_50' title='bbox 616 786 796 858; x_wconf 77' lang='grc' dir='ltr'>ίσχὺν,</span> <span class='ocrx_word' id='word_1_51' title='bbox 822 788 960 843; x_wconf 79' lang='grc' dir='ltr'>ἀλλὰ</span> <span class='ocrx_word' id='word_1_52' title='bbox 988 790 1451 862; x_wconf 77' lang='grc' dir='ltr'>παρεφθαρμένον</span> <span class='ocrx_word' id='word_1_53' title='bbox 1476 792 1537 847; x_wconf 80' lang='grc' dir='ltr'>ὂν</span> <span class='ocrx_word' id='word_1_54' title='bbox 1572 795 1794 867; x_wconf 74' lang='grc' dir='ltr'>ὴμοίριι</span> 
     </span>
    </p>
   </div>
   <div class='ocr_carea' id='block_1_11' title="bbox 222 877 1795 957">
    <p class='ocr_par' dir='ltr' id='par_1_11' title="bbox 222 877 1795 957">
     <span class='ocr_line' id='line_1_11' title="bbox 222 877 1795 957; baseline 0.007 -28"><span class='ocrx_word' id='word_1_55' title='bbox 222 878 301 948; x_wconf 75' lang='grc' dir='ltr'>τῆς</span> <span class='ocrx_word' id='word_1_56' title='bbox 338 877 494 943; x_wconf 79' lang='grc' dir='ltr'>θείας</span> <span class='ocrx_word' id='word_1_57' title='bbox 542 879 791 948; x_wconf 80' lang='grc' dir='ltr'>χάριτος.</span> <span class='ocrx_word' id='word_1_58' title='bbox 839 879 935 932; x_wconf 83' lang='grc' dir='ltr'><strong>Διὸ</strong></span> <span class='ocrx_word' id='word_1_59' title='bbox 984 883 1081 936; x_wconf 78' lang='grc' dir='ltr'>καὶ</span> <span class='ocrx_word' id='word_1_60' title='bbox 1126 882 1379 951; x_wconf 77' lang='grc' dir='ltr'>ἐπήγαγε</span> <span class='ocrx_word' id='word_1_61' title='bbox 1415 897 1432 913; x_wconf 88' lang='grc'><strong>·</strong></span> <span class='ocrx_word' id='word_1_62' title='bbox 1458 885 1571 938; x_wconf 79' lang='grc' dir='ltr'><strong>Καὶ</strong></span> <span class='ocrx_word' id='word_1_63' title='bbox 1619 887 1795 957; x_wconf 78' lang='grc' dir='ltr'>κρίμα</span> 
     </span>
    </p>
   </div>
   <div class='ocr_carea' id='block_1_12' title="bbox 223 967 1794 1046">
    <p class='ocr_par' dir='ltr' id='par_1_12' title="bbox 223 967 1794 1046">
     <span class='ocr_line' id='line_1_12' title="bbox 223 967 1794 1046; baseline 0.005 -23"><span class='ocrx_word' id='word_1_64' title='bbox 223 971 305 1023; x_wconf 80' lang='grc' dir='ltr'>οὐκ</span> <span class='ocrx_word' id='word_1_65' title='bbox 331 968 488 1023; x_wconf 81' lang='grc' dir='ltr'>ἐστιν</span> <span class='ocrx_word' id='word_1_66' title='bbox 523 971 585 1023; x_wconf 84' lang='grc' dir='ltr'><strong>ἐν</strong></span> <span class='ocrx_word' id='word_1_67' title='bbox 618 967 796 1038; x_wconf 81' lang='grc' dir='ltr'>αὐτῷ,</span> <span class='ocrx_word' id='word_1_68' title='bbox 850 970 1154 1038; x_wconf 70' lang='grc' dir='ltr'><strong>τουτέστιν,</strong></span> <span class='ocrx_word' id='word_1_69' title='bbox 1185 971 1247 1025; x_wconf 82' lang='grc' dir='ltr'>οὐ</span> <span class='ocrx_word' id='word_1_70' title='bbox 1279 973 1422 1026; x_wconf 83' lang='grc' dir='ltr'>κατὰ</span> <span class='ocrx_word' id='word_1_71' title='bbox 1470 974 1654 1046; x_wconf 81' lang='grc' dir='ltr'>κρίσιν</span> <span class='ocrx_word' id='word_1_72' title='bbox 1699 977 1794 1031; x_wconf 79' lang='grc' dir='ltr'>καὶ</span> 
     </span>
    </p>
   </div>
   <div class='ocr_carea' id='block_1_13' title="bbox 220 1061 1794 1137">
    <p class='ocr_par' dir='ltr' id='par_1_13' title="bbox 220 1061 1794 1137">
     <span class='ocr_line' id='line_1_13' title="bbox 220 1061 1794 1137; baseline 0.004 -22"><span class='ocrx_word' id='word_1_73' title='bbox 220 1062 535 1131; x_wconf 72' lang='grc' dir='ltr'><strong>δοκιμασίαν</strong></span> <span class='ocrx_word' id='word_1_74' title='bbox 576 1062 859 1133; x_wconf 74' lang='grc' dir='ltr'><strong>γινόμενοι</strong></span> <span class='ocrx_word' id='word_1_75' title='bbox 906 1061 1148 1130; x_wconf 79' lang='grc' dir='ltr'>ἔσονται,</span> <span class='ocrx_word' id='word_1_76' title='bbox 1179 1063 1301 1117; x_wconf 80' lang='grc' dir='ltr'>ἀλλ’</span> <span class='ocrx_word' id='word_1_77' title='bbox 1341 1065 1602 1137; x_wconf 82' lang='grc' dir='ltr'>ἀκρίτως,</span> <span class='ocrx_word' id='word_1_78' title='bbox 1643 1066 1794 1137; x_wconf 72' lang='grc' dir='ltr'><strong>ἤδιὰ</strong></span> 
     </span>
    </p>
   </div>
   <div class='ocr_carea' id='block_1_14' title="bbox 223 1152 1788 1228">
    <p class='ocr_par' dir='ltr' id='par_1_14' title="bbox 223 1152 1788 1228">
     <span class='ocr_line' id='line_1_14' title="bbox 223 1152 1788 1228; baseline 0.004 -23"><span class='ocrx_word' id='word_1_79' title='bbox 223 1155 386 1224; x_wconf 80' lang='grc' dir='ltr'>χάριν,</span> <span class='ocrx_word' id='word_1_80' title='bbox 416 1152 452 1221; x_wconf 75' lang='grc' dir='ltr'>ἢ</span> <span class='ocrx_word' id='word_1_81' title='bbox 477 1153 571 1206; x_wconf 83' lang='grc' dir='ltr'>διὰ</span> <span class='ocrx_word' id='word_1_82' title='bbox 600 1156 888 1227; x_wconf 70' lang='grc' dir='ltr'>χρήματα.</span> <span class='ocrx_word' id='word_1_83' title='bbox 925 1153 1146 1208; x_wconf 85' lang='grc' dir='ltr'><strong>Τούτων</strong></span> <span class='ocrx_word' id='word_1_84' title='bbox 1191 1154 1238 1207; x_wconf 83' lang='grc' dir='ltr'>δ’</span> <span class='ocrx_word' id='word_1_85' title='bbox 1290 1153 1435 1209; x_wconf 77' lang='grc' dir='ltr'>οὕτω</span> <span class='ocrx_word' id='word_1_86' title='bbox 1462 1158 1788 1228; x_wconf 65' lang='grc' dir='ltr'>γινομένων,</span> 
     </span>
    </p>
   </div>
   <div class='ocr_carea' id='block_1_15' title="bbox 220 1244 1788 1320">
    <p class='ocr_par' dir='ltr' id='par_1_15' title="bbox 220 1244 1788 1320">
     <span class='ocr_line' id='line_1_15' title="bbox 220 1244 1788 1320; baseline 0.003 -21"><span class='ocrx_word' id='word_1_87' title='bbox 220 1248 294 1299; x_wconf 77' lang='grc' dir='ltr'>καὶ</span> <span class='ocrx_word' id='word_1_88' title='bbox 318 1246 373 1297; x_wconf 88' lang='grc' dir='ltr'><strong>αι</strong></span> <span class='ocrx_word' id='word_1_89' title='bbox 399 1244 552 1298; x_wconf 75' lang='grc' dir='ltr'>ἑπτὰ</span> <span class='ocrx_word' id='word_1_90' title='bbox 597 1244 998 1316; x_wconf 77' lang='grc' dir='ltr'>παρερῤύησαν</span> <span class='ocrx_word' id='word_1_91' title='bbox 1040 1246 1359 1317; x_wconf 79' lang='grc' dir='ltr'>ἐόὁομάδες,</span> <span class='ocrx_word' id='word_1_92' title='bbox 1388 1249 1552 1318; x_wconf 76' lang='grc' dir='ltr'>μέχρι</span> <span class='ocrx_word' id='word_1_93' title='bbox 1577 1249 1676 1320; x_wconf 79' lang='grc' dir='ltr'>τῆς</span> <span class='ocrx_word' id='word_1_94' title='bbox 1694 1250 1788 1304; x_wconf 79' lang='grc' dir='ltr'>τοῦ</span> 
     </span>
    </p>
   </div>
   <div class='ocr_carea' id='block_1_16' title="bbox 219 1338 1787 1410">
    <p class='ocr_par' dir='ltr' id='par_1_16' title="bbox 219 1338 1787 1410">
     <span class='ocr_line' id='line_1_16' title="bbox 219 1338 1787 1410; baseline 0.003 -18"><span class='ocrx_word' id='word_1_95' title='bbox 219 1338 406 1407; x_wconf 76' lang='grc' dir='ltr'>Κυρίου</span> <span class='ocrx_word' id='word_1_96' title='bbox 439 1339 772 1407; x_wconf 76' lang='grc' dir='ltr'>ἐπιφανείας</span> <span class='ocrx_word' id='word_1_97' title='bbox 805 1338 1006 1410; x_wconf 79' lang='grc' dir='ltr'>δηλαδὴ</span> <span class='ocrx_word' id='word_1_98' title='bbox 1029 1339 1415 1407; x_wconf 80' lang='grc' dir='ltr'>διαρκέσασαι.</span> <span class='ocrx_word' id='word_1_99' title='bbox 1456 1339 1519 1393; x_wconf 85' lang='lat' dir='ltr'><strong>&#39;H</strong></span> <span class='ocrx_word' id='word_1_100' title='bbox 1549 1342 1652 1410; x_wconf 83' lang='grc' dir='ltr'>μὲν</span> <span class='ocrx_word' id='word_1_101' title='bbox 1691 1339 1787 1397; x_wconf 82' lang='grc' dir='ltr'>οὖν</span> 
     </span>
    </p>
   </div>
   <div class='ocr_carea' id='block_1_17' title="bbox 214 1430 1790 1503">
    <p class='ocr_par' dir='ltr' id='par_1_17' title="bbox 214 1430 1790 1503">
     <span class='ocr_line' id='line_1_17' title="bbox 214 1430 1790 1503; baseline 0.006 -20"><span class='ocrx_word' id='word_1_102' title='bbox 214 1430 459 1502; x_wconf 77' lang='grc' dir='ltr'>διαίρεσις</span> <span class='ocrx_word' id='word_1_103' title='bbox 486 1431 602 1485; x_wconf 83' lang='grc' dir='ltr'><strong>τῶν</strong></span> <span class='ocrx_word' id='word_1_104' title='bbox 626 1431 993 1503; x_wconf 73' lang='grc' dir='ltr'><strong>ἑξηκονταδύο</strong></span> <span class='ocrx_word' id='word_1_105' title='bbox 1039 1432 1351 1502; x_wconf 72' lang='grc' dir='ltr'>ἑϐδομάδων</span> <span class='ocrx_word' id='word_1_106' title='bbox 1397 1434 1492 1487; x_wconf 76' lang='grc' dir='ltr'>καὶ</span> <span class='ocrx_word' id='word_1_107' title='bbox 1515 1434 1626 1490; x_wconf 85' lang='grc' dir='ltr'><strong>τῶν</strong></span> <span class='ocrx_word' id='word_1_108' title='bbox 1647 1437 1790 1491; x_wconf 78' lang='grc' dir='ltr'>ἑπτὰ</span> 
     </span>
    </p>
   </div>
   <div class='ocr_carea' id='block_1_18' title="bbox 211 1523 1787 1609">
    <p class='ocr_par' dir='ltr' id='par_1_18' title="bbox 211 1523 1787 1609">
     <span class='ocr_line' id='line_1_18' title="bbox 211 1523 1787 1609; baseline 0.005 -32"><span class='ocrx_word' id='word_1_109' title='bbox 211 1523 283 1577; x_wconf 73' lang='grc' dir='ltr'><strong>διὰ</strong></span> <span class='ocrx_word' id='word_1_110' title='bbox 320 1523 505 1576; x_wconf 81' lang='grc' dir='ltr'>ταῦτα</span> <span class='ocrx_word' id='word_1_111' title='bbox 569 1523 821 1592; x_wconf 83' lang='grc' dir='ltr'>γέγονεν.</span> <span class='ocrx_word' id='word_1_112' title='bbox 854 1523 1010 1609; x_wconf 68' lang='grc' dir='ltr'>Ἰξπεὶ</span> <span class='ocrx_word' id='word_1_113' title='bbox 1067 1524 1124 1577; x_wconf 72' lang='grc' dir='ltr'>δὲ</span> <span class='ocrx_word' id='word_1_114' title='bbox 1174 1523 1310 1598; x_wconf 73' lang='grc' dir='ltr'>πρὸς</span> <span class='ocrx_word' id='word_1_115' title='bbox 1359 1526 1457 1590; x_wconf 79' lang='grc' dir='ltr'>τὰς</span> <span class='ocrx_word' id='word_1_116' title='bbox 1502 1527 1564 1592; x_wconf 80' lang='grc' dir='ltr'>ἐξ</span> <span class='ocrx_word' id='word_1_117' title='bbox 1609 1530 1787 1600; x_wconf 80' lang='grc' dir='ltr'>ἀρχῆς</span> 
     </span>
    </p>
   </div>
   <div class='ocr_carea' id='block_1_19' title="bbox 1899 430 3476 517">
    <p class='ocr_par' dir='ltr' id='par_1_19' title="bbox 1899 430 3476 517">
     <span class='ocr_line' id='line_1_19' title="bbox 1899 430 3476 517; baseline 0.011 -30"><span class='ocrx_word' id='word_1_118' title='bbox 1899 432 2048 487; x_wconf 87' lang='lat' dir='ltr'><strong>enim</strong></span> <span class='ocrx_word' id='word_1_119' title='bbox 2078 430 2264 484; x_wconf 88' lang='lat' dir='ltr'><strong>unctio</strong></span> <span class='ocrx_word' id='word_1_120' title='bbox 2303 431 2415 486; x_wconf 85' lang='lat' dir='ltr'><strong>vim</strong></span> <span class='ocrx_word' id='word_1_121' title='bbox 2454 448 2611 491; x_wconf 88' lang='lat' dir='ltr'><strong>suam</strong></span> <span class='ocrx_word' id='word_1_122' title='bbox 2650 436 2946 503; x_wconf 70' lang='lat' dir='ltr'><strong>retinebat.</strong></span> <span class='ocrx_word' id='word_1_123' title='bbox 2978 440 3077 496; x_wconf 85' lang='lat' dir='ltr'><strong>sed</strong></span> <span class='ocrx_word' id='word_1_124' title='bbox 3109 453 3170 497; x_wconf 94' lang='lat' dir='ltr'><strong>ut</strong></span> <span class='ocrx_word' id='word_1_125' title='bbox 3192 458 3476 517; x_wconf 82' lang='lat' dir='ltr'><strong>corrupta,</strong></span> 
     </span>
    </p>
   </div>
   <div class='ocr_carea' id='block_1_20' title="bbox 1897 519 3473 604">
    <p class='ocr_par' dir='ltr' id='par_1_20' title="bbox 1897 519 3473 604">
     <span class='ocr_line' id='line_1_20' title="bbox 1897 519 3473 604; baseline 0.013 -33"><span class='ocrx_word' id='word_1_126' title='bbox 1897 520 2087 592; x_wconf 62' lang='lat' dir='ltr'><strong>gratiae</strong></span> <span class='ocrx_word' id='word_1_127' title='bbox 2117 519 2318 575; x_wconf 72' lang='lat' dir='ltr'><strong>divina:</strong></span> <span class='ocrx_word' id='word_1_128' title='bbox 2347 531 2466 577; x_wconf 87' lang='lat' dir='ltr'><strong>erat</strong></span> <span class='ocrx_word' id='word_1_129' title='bbox 2496 538 2715 593; x_wconf 74' lang='lat' dir='ltr'><strong>espers.</strong></span> <span class='ocrx_word' id='word_1_130' title='bbox 2750 526 2932 593; x_wconf 85' lang='lat' dir='ltr'><strong>Quare</strong></span> <span class='ocrx_word' id='word_1_131' title='bbox 2964 530 3175 602; x_wconf 80' lang='lat' dir='ltr'><strong>adjicit,</strong></span> <span class='ocrx_word' id='word_1_132' title='bbox 3203 533 3473 604; x_wconf 83' lang='lat' dir='ltr'><strong>judicium</strong></span> 
     </span>
    </p>
   </div>
   <div class='ocr_carea' id='block_1_21' title="bbox 1898 611 3477 697">
    <p class='ocr_par' dir='ltr' id='par_1_21' title="bbox 1898 611 3477 697">
     <span class='ocr_line' id='line_1_21' title="bbox 1898 611 3477 697; baseline 0.011 -32"><span class='ocrx_word' id='word_1_133' title='bbox 1898 626 2009 666; x_wconf 88' lang='lat' dir='ltr'><strong>non</strong></span> <span class='ocrx_word' id='word_1_134' title='bbox 2058 626 2181 667; x_wconf 85' lang='lat' dir='ltr'><strong>esse</strong></span> <span class='ocrx_word' id='word_1_135' title='bbox 2233 611 2287 667; x_wconf 90' lang='lat' dir='ltr'><strong>in</strong></span> <span class='ocrx_word' id='word_1_136' title='bbox 2309 628 2418 667; x_wconf 88' lang='lat' dir='ltr'><strong>ea:</strong></span> <span class='ocrx_word' id='word_1_137' title='bbox 2458 616 2560 669; x_wconf 84' lang='lat' dir='ltr'><strong>hoc</strong></span> <span class='ocrx_word' id='word_1_138' title='bbox 2603 626 2690 671; x_wconf 87' lang='lat' dir='ltr'><strong>est</strong></span> <span class='ocrx_word' id='word_1_139' title='bbox 2716 618 2869 672; x_wconf 88' lang='lat' dir='ltr'><strong>nullo</strong></span> <span class='ocrx_word' id='word_1_140' title='bbox 2911 620 3159 690; x_wconf 88' lang='lat' dir='ltr'><strong>judicio,</strong></span> <span class='ocrx_word' id='word_1_141' title='bbox 3211 626 3477 697; x_wconf 87' lang='lat' dir='ltr'><strong>nullaque</strong></span> 
     </span>
    </p>
   </div>
   <div class='ocr_carea' id='block_1_22' title="bbox 1896 704 3476 786">
    <p class='ocr_par' dir='ltr' id='par_1_22' title="bbox 1896 704 3476 786">
     <span class='ocr_line' id='line_1_22' title="bbox 1896 704 3476 786; baseline 0.009 -27"><span class='ocrx_word' id='word_1_142' title='bbox 1896 704 2278 773; x_wconf 67' lang='lat' dir='ltr'><strong>esploratione</strong></span> <span class='ocrx_word' id='word_1_143' title='bbox 2330 705 2581 761; x_wconf 79' lang='lat' dir='ltr'><strong>adhibita</strong></span> <span class='ocrx_word' id='word_1_144' title='bbox 2627 710 2925 778; x_wconf 85' lang='lat' dir='ltr'><strong>pontiﬁces</strong></span> <span class='ocrx_word' id='word_1_145' title='bbox 2972 725 3220 769; x_wconf 88' lang='lat' dir='ltr'><strong>creatum</strong></span> <span class='ocrx_word' id='word_1_146' title='bbox 3255 716 3348 786; x_wconf 89' lang='lat' dir='ltr'><strong>iri,</strong></span> <span class='ocrx_word' id='word_1_147' title='bbox 3377 722 3476 774; x_wconf 85' lang='lat' dir='ltr'><strong>sed</strong></span> 
     </span>
    </p>
   </div>
   <div class='ocr_carea' id='block_1_23' title="bbox 1895 793 3477 873">
    <p class='ocr_par' dir='ltr' id='par_1_23' title="bbox 1895 793 3477 873">
     <span class='ocr_line' id='line_1_23' title="bbox 1895 793 3477 873; baseline 0.013 -27"><span class='ocrx_word' id='word_1_148' title='bbox 1895 793 2032 847; x_wconf 88' lang='lat' dir='ltr'><strong>citra</strong></span> <span class='ocrx_word' id='word_1_149' title='bbox 2066 793 2340 848; x_wconf 73' lang='lat' dir='ltr'><strong>delectum</strong></span> <span class='ocrx_word' id='word_1_150' title='bbox 2372 797 2455 851; x_wconf 89' lang='lat' dir='ltr'><strong>vel</strong></span> <span class='ocrx_word' id='word_1_151' title='bbox 2515 800 2754 865; x_wconf 85' lang='lat' dir='ltr'><strong>ambitu,</strong></span> <span class='ocrx_word' id='word_1_152' title='bbox 2802 802 2888 856; x_wconf 85' lang='lat' dir='ltr'><strong>vel</strong></span> <span class='ocrx_word' id='word_1_153' title='bbox 2925 805 3119 873; x_wconf 82' lang='lat' dir='ltr'><strong>gratia.</strong></span> <span class='ocrx_word' id='word_1_154' title='bbox 3170 809 3311 864; x_wconf 86' lang='lat' dir='ltr'><strong>Dum</strong></span> <span class='ocrx_word' id='word_1_155' title='bbox 3360 811 3477 868; x_wconf 70' lang='lat' dir='ltr'><strong>bu&#39;c</strong></span> 
     </span>
    </p>
   </div>
   <div class='ocr_carea' id='block_1_24' title="bbox 1896 883 3474 974">
    <p class='ocr_par' dir='ltr' id='par_1_24' title="bbox 1896 883 3474 974">
     <span class='ocr_line' id='line_1_24' title="bbox 1896 883 3474 974; baseline 0.014 -36"><span class='ocrx_word' id='word_1_156' title='bbox 1896 883 2115 951; x_wconf 78' lang='lat' dir='ltr'><strong>ﬁerent,</strong></span> <span class='ocrx_word' id='word_1_157' title='bbox 2163 887 2331 941; x_wconf 87' lang='lat' dir='ltr'><strong>etiam</strong></span> <span class='ocrx_word' id='word_1_158' title='bbox 2386 898 2600 958; x_wconf 91' lang='lat' dir='ltr'><strong>septem</strong></span> <span class='ocrx_word' id='word_1_159' title='bbox 2649 892 3026 953; x_wconf 84' lang='lat' dir='ltr'><strong>hebdomades</strong></span> <span class='ocrx_word' id='word_1_160' title='bbox 3072 910 3206 956; x_wconf 88' lang='lat' dir='ltr'><strong>sunt</strong></span> <span class='ocrx_word' id='word_1_161' title='bbox 3237 903 3474 974; x_wconf 64' lang='lat' dir='ltr'><strong>elapsae,</strong></span> 
     </span>
    </p>
   </div>
   <div class='ocr_carea' id='block_1_25' title="bbox 1894 978 3476 1052">
    <p class='ocr_par' dir='ltr' id='par_1_25' title="bbox 1894 978 3476 1052">
     <span class='ocr_line' id='line_1_25' title="bbox 1894 978 3476 1052; baseline 0.014 -22"><span class='ocrx_word' id='word_1_162' title='bbox 1894 990 2020 1031; x_wconf 89' lang='lat' dir='ltr'><strong>cum</strong></span> <span class='ocrx_word' id='word_1_163' title='bbox 2069 993 2240 1047; x_wconf 87' lang='lat' dir='ltr'><strong>usque</strong></span> <span class='ocrx_word' id='word_1_164' title='bbox 2289 978 2359 1033; x_wconf 88' lang='lat' dir='ltr'><strong>ad</strong></span> <span class='ocrx_word' id='word_1_165' title='bbox 2413 979 2622 1035; x_wconf 85' lang='lat' dir='ltr'><strong>Christi</strong></span> <span class='ocrx_word' id='word_1_166' title='bbox 2665 981 2968 1040; x_wconf 82' lang='lat' dir='ltr'><strong>adventum</strong></span> <span class='ocrx_word' id='word_1_167' title='bbox 3025 988 3337 1048; x_wconf 80' lang='lat' dir='ltr'><strong>durassent.</strong></span> <span class='ocrx_word' id='word_1_168' title='bbox 3397 996 3476 1052; x_wconf 85' lang='lat' dir='ltr'><strong>Ac</strong></span> 
     </span>
    </p>
   </div>
   <div class='ocr_carea' id='block_1_26' title="bbox 1892 1067 3476 1140">
    <p class='ocr_par' dir='ltr' id='par_1_26' title="bbox 1892 1067 3476 1140">
     <span class='ocr_line' id='line_1_26' title="bbox 1892 1067 3476 1140; baseline 0.011 -19"><span class='ocrx_word' id='word_1_169' title='bbox 1892 1068 2176 1136; x_wconf 78' lang='lat' dir='ltr'><strong>sexaginta</strong></span> <span class='ocrx_word' id='word_1_170' title='bbox 2202 1067 2440 1121; x_wconf 91' lang='lat' dir='ltr'><strong>duarum</strong></span> <span class='ocrx_word' id='word_1_171' title='bbox 2475 1078 2532 1123; x_wconf 89' lang='lat' dir='ltr'><strong>et</strong></span> <span class='ocrx_word' id='word_1_172' title='bbox 2566 1082 2781 1140; x_wconf 86' lang='lat' dir='ltr'><strong>septem</strong></span> <span class='ocrx_word' id='word_1_173' title='bbox 2820 1074 3233 1133; x_wconf 85' lang='lat' dir='ltr'><strong>hebdomadum</strong></span> <span class='ocrx_word' id='word_1_174' title='bbox 3270 1082 3476 1140; x_wconf 84' lang='lat' dir='ltr'><strong>divisio</strong></span> 
     </span>
    </p>
   </div>
   <div class='ocr_carea' id='block_1_27' title="bbox 1890 1156 3475 1244">
    <p class='ocr_par' dir='ltr' id='par_1_27' title="bbox 1890 1156 3475 1244">
     <span class='ocr_line' id='line_1_27' title="bbox 1890 1156 3475 1244; baseline 0.013 -33"><span class='ocrx_word' id='word_1_175' title='bbox 1890 1156 1996 1213; x_wconf 86' lang='lat' dir='ltr'><strong>hac</strong></span> <span class='ocrx_word' id='word_1_176' title='bbox 2037 1161 2105 1214; x_wconf 90' lang='lat' dir='ltr'><strong>de</strong></span> <span class='ocrx_word' id='word_1_177' title='bbox 2156 1174 2321 1214; x_wconf 87' lang='lat' dir='ltr'><strong>causa</strong></span> <span class='ocrx_word' id='word_1_178' title='bbox 2375 1161 2627 1218; x_wconf 87' lang='lat' dir='ltr'><strong>instituta</strong></span> <span class='ocrx_word' id='word_1_179' title='bbox 2662 1173 2767 1219; x_wconf 89' lang='lat' dir='ltr'><strong>est.</strong></span> <span class='ocrx_word' id='word_1_180' title='bbox 2817 1165 2955 1222; x_wconf 89' lang='lat' dir='ltr'><strong>Cum</strong></span> <span class='ocrx_word' id='word_1_181' title='bbox 3027 1181 3212 1227; x_wconf 87' lang='lat' dir='ltr'><strong>autem</strong></span> <span class='ocrx_word' id='word_1_182' title='bbox 3266 1187 3475 1244; x_wconf 70' lang='lat' dir='ltr'><strong>praeter</strong></span> 
     </span>
    </p>
   </div>
   <div class='ocr_carea' id='block_1_28' title="bbox 1889 1250 3473 1324">
    <p class='ocr_par' dir='ltr' id='par_1_28' title="bbox 1889 1250 3473 1324">
     <span class='ocr_line' id='line_1_28' title="bbox 1889 1250 3473 1324; baseline 0.012 -22"><span class='ocrx_word' id='word_1_183' title='bbox 1889 1263 1984 1303; x_wconf 84' lang='lat' dir='ltr'><strong>eas</strong></span> <span class='ocrx_word' id='word_1_184' title='bbox 2021 1264 2144 1319; x_wconf 81' lang='lat' dir='ltr'><strong>quae</strong></span> <span class='ocrx_word' id='word_1_185' title='bbox 2185 1250 2348 1304; x_wconf 90' lang='lat' dir='ltr'><strong>initio</strong></span> <span class='ocrx_word' id='word_1_186' title='bbox 2399 1261 2531 1307; x_wconf 90' lang='lat' dir='ltr'><strong>sunt</strong></span> <span class='ocrx_word' id='word_1_187' title='bbox 2575 1256 2860 1324; x_wconf 74' lang='lat' dir='ltr'><strong>eXpositae,</strong></span> <span class='ocrx_word' id='word_1_188' title='bbox 2899 1258 3084 1316; x_wconf 89' lang='lat' dir='ltr'><strong>adhuc</strong></span> <span class='ocrx_word' id='word_1_189' title='bbox 3134 1278 3243 1317; x_wconf 89' lang='lat' dir='ltr'><strong>una</strong></span> <span class='ocrx_word' id='word_1_190' title='bbox 3301 1274 3473 1321; x_wconf 80' lang='lat' dir='ltr'><strong>restet</strong></span> 
     </span>
    </p>
   </div>
   <div class='ocr_carea' id='block_1_29' title="bbox 1890 1340 3472 1420">
    <p class='ocr_par' dir='ltr' id='par_1_29' title="bbox 1890 1340 3472 1420">
     <span class='ocr_line' id='line_1_29' title="bbox 1890 1340 3472 1420; baseline 0.011 -26"><span class='ocrx_word' id='word_1_191' title='bbox 1890 1340 2216 1406; x_wconf 79' lang='lat' dir='ltr'><strong>hebdomus,</strong></span> <span class='ocrx_word' id='word_1_192' title='bbox 2259 1343 2329 1397; x_wconf 91' lang='lat' dir='ltr'><strong>de</strong></span> <span class='ocrx_word' id='word_1_193' title='bbox 2372 1359 2436 1398; x_wconf 88' lang='lat' dir='ltr'><strong>ea</strong></span> <span class='ocrx_word' id='word_1_194' title='bbox 2462 1360 2685 1415; x_wconf 90' lang='lat' dir='ltr'><strong>quoque</strong></span> <span class='ocrx_word' id='word_1_195' title='bbox 2730 1349 3104 1420; x_wconf 83' lang='lat' dir='ltr'><strong>archangelus</strong></span> <span class='ocrx_word' id='word_1_196' title='bbox 3142 1354 3224 1408; x_wconf 90' lang='lat' dir='ltr'><strong>sic</strong></span> <span class='ocrx_word' id='word_1_197' title='bbox 3246 1355 3368 1410; x_wconf 85' lang='lat' dir='ltr'><strong>ait:</strong></span> <span class='ocrx_word' id='word_1_198' title='bbox 3401 1357 3472 1411; x_wconf 83' lang='lat' dir='ltr'><strong>Et</strong></span> 
     </span>
    </p>
   </div>
   <div class='ocr_carea' id='block_1_30' title="bbox 1888 1432 3470 1513">
    <p class='ocr_par' dir='ltr' id='par_1_30' title="bbox 1888 1432 3470 1513">
     <span class='ocr_line' id='line_1_30' title="bbox 1888 1432 3470 1513; baseline 0.011 -28"><span class='ocrx_word' id='word_1_199' title='bbox 1888 1432 2218 1501; x_wconf 77' lang='lat' dir='ltr'><strong>conﬁrmabit</strong></span> <span class='ocrx_word' id='word_1_200' title='bbox 2262 1444 2630 1491; x_wconf 74' lang='lat' dir='ltr'><strong>testamentum</strong></span> <span class='ocrx_word' id='word_1_201' title='bbox 2681 1439 2862 1494; x_wconf 82' lang='lat' dir='ltr'><strong>multis</strong></span> <span class='ocrx_word' id='word_1_202' title='bbox 2894 1444 3175 1499; x_wconf 79' lang='lat' dir='ltr'><strong>hebdomas</strong></span> <span class='ocrx_word' id='word_1_203' title='bbox 3233 1463 3363 1513; x_wconf 82' lang='lat' dir='ltr'><strong>una,</strong></span> <span class='ocrx_word' id='word_1_204' title='bbox 3420 1457 3470 1504; x_wconf 81' lang='lat' dir='ltr'><strong>et</strong></span> 
     </span>
    </p>
   </div>
   <div class='ocr_carea' id='block_1_31' title="bbox 1888 1525 3468 1603">
    <p class='ocr_par' dir='ltr' id='par_1_31' title="bbox 1888 1525 3468 1603">
     <span class='ocr_line' id='line_1_31' title="bbox 1888 1525 3468 1603; baseline 0.012 -27"><span class='ocrx_word' id='word_1_205' title='bbox 1888 1525 1942 1577; x_wconf 83' lang='lat' dir='ltr'><strong>in</strong></span> <span class='ocrx_word' id='word_1_206' title='bbox 1992 1526 2207 1579; x_wconf 83' lang='lat' dir='ltr'><strong>semisse</strong></span> <span class='ocrx_word' id='word_1_207' title='bbox 2246 1527 2589 1582; x_wconf 76' lang='lat' dir='ltr'><strong>hebdomadis</strong></span> <span class='ocrx_word' id='word_1_208' title='bbox 2622 1529 2838 1585; x_wconf 73' lang='lat' dir='ltr'><strong>tolletur</strong></span> <span class='ocrx_word' id='word_1_209' title='bbox 2862 1536 3185 1603; x_wconf 77' lang='lat' dir='ltr'><strong>sacriﬁcium</strong></span> <span class='ocrx_word' id='word_1_210' title='bbox 3226 1547 3277 1593; x_wconf 82' lang='lat' dir='ltr'><strong>et</strong></span> <span class='ocrx_word' id='word_1_211' title='bbox 3327 1540 3468 1595; x_wconf 85' lang='lat' dir='ltr'><strong>liba-</strong></span> 
     </span>
    </p>
   </div>
   <div class='ocr_carea' id='block_1_32' title="bbox 210 1616 1781 1700">
    <p class='ocr_par' dir='ltr' id='par_1_32' title="bbox 210 1617 1781 1692">
     <span class='ocr_line' id='line_1_32' title="bbox 210 1617 1781 1692; baseline 0.002 -20"><span class='ocrx_word' id='word_1_212' title='bbox 210 1619 497 1691; x_wconf 77' lang='grc' dir='ltr'>ιίρημένας</span> <span class='ocrx_word' id='word_1_213' title='bbox 556 1617 934 1689; x_wconf 76' lang='grc' dir='ltr'>ἐϐδομήκοντα</span> <span class='ocrx_word' id='word_1_214' title='bbox 984 1618 1288 1689; x_wconf 70' lang='grc' dir='ltr'>ἑϐδομάδας</span> <span class='ocrx_word' id='word_1_215' title='bbox 1345 1619 1428 1675; x_wconf 79' lang='grc' dir='ltr'>ἔτι</span> <span class='ocrx_word' id='word_1_216' title='bbox 1475 1621 1574 1691; x_wconf 88' lang='grc' dir='ltr'><strong>μία</strong></span> <span class='ocrx_word' id='word_1_217' title='bbox 1621 1622 1781 1692; x_wconf 78' lang='grc' dir='ltr'>λοιπὴ</span> 
     </span>
    </p>
   </div>
   <div class='ocr_carea' id='block_1_33' title="bbox 1881 1616 3470 1700">
    <p class='ocr_par' dir='ltr' id='par_1_33' title="bbox 1887 1616 3470 1700">
     <span class='ocr_line' id='line_1_33' title="bbox 1887 1616 3470 1700; baseline 0.013 -33"><span class='ocrx_word' id='word_1_218' title='bbox 1887 1616 1978 1680; x_wconf 89' lang='lat' dir='ltr'><strong>tio,</strong></span> <span class='ocrx_word' id='word_1_219' title='bbox 2020 1624 2069 1670; x_wconf 88' lang='lat' dir='ltr'><strong>et</strong></span> <span class='ocrx_word' id='word_1_220' title='bbox 2112 1629 2307 1687; x_wconf 78' lang='lat' dir='ltr'><strong>prteter</strong></span> <span class='ocrx_word' id='word_1_221' title='bbox 2353 1620 2467 1672; x_wconf 72' lang='lat' dir='ltr'><strong>lucc</strong></span> <span class='ocrx_word' id='word_1_222' title='bbox 2508 1621 2828 1677; x_wconf 79' lang='lat' dir='ltr'><strong>abominalio</strong></span> <span class='ocrx_word' id='word_1_223' title='bbox 2851 1628 3125 1683; x_wconf 80' lang='lat' dir='ltr'><strong>uastittetis</strong></span> <span class='ocrx_word' id='word_1_224' title='bbox 3150 1646 3311 1700; x_wconf 81' lang='lat' dir='ltr'><strong>super</strong></span> <span class='ocrx_word' id='word_1_225' title='bbox 3336 1641 3470 1686; x_wconf 86' lang='lat' dir='ltr'><strong>tem-</strong></span> 
     </span>
    </p>
   </div>
   <div class='ocr_carea' id='block_1_34' title="bbox 210 1689 1781 1787">
    <p class='ocr_par' dir='ltr' id='par_1_34' title="bbox 210 1689 1781 1783">
     <span class='ocr_line' id='line_1_34' title="bbox 210 1689 1781 1783; baseline -0.001 -20"><span class='ocrx_word' id='word_1_226' title='bbox 210 1689 636 1783; x_wconf 69' lang='grc' dir='ltr'>τιμλέλειπται,</span> <span class='ocrx_word' id='word_1_227' title='bbox 653 1709 749 1762; x_wconf 76' lang='grc' dir='ltr'>καὶ</span> <span class='ocrx_word' id='word_1_228' title='bbox 766 1709 900 1781; x_wconf 72' lang='grc' dir='ltr'>περὶ</span> <span class='ocrx_word' id='word_1_229' title='bbox 916 1709 1135 1779; x_wconf 78' lang='grc' dir='ltr'>ἐκείνης</span> <span class='ocrx_word' id='word_1_230' title='bbox 1154 1710 1378 1782; x_wconf 75' lang='grc' dir='ltr'>εἴρηκεν</span> <span class='ocrx_word' id='word_1_231' title='bbox 1394 1711 1424 1765; x_wconf 76' lang='grc' dir='ltr'><strong>δ</strong></span> <span class='ocrx_word' id='word_1_232' title='bbox 1443 1689 1781 1783; x_wconf 51' lang='grc' dir='ltr'>ἀρχάγγελος</span> 
     </span>
    </p>
   </div>
   <div class='ocr_carea' id='block_1_35' title="bbox 1881 1689 3471 1787">
    <p class='ocr_par' dir='ltr' id='par_1_35' title="bbox 1884 1689 3471 1787">
     <span class='ocr_line' id='line_1_35' title="bbox 1884 1689 3471 1787; baseline 0.012 -30"><span class='ocrx_word' id='word_1_233' title='bbox 1884 1703 2031 1773; x_wconf 84' lang='lat' dir='ltr'><strong>plum</strong></span> <span class='ocrx_word' id='word_1_234' title='bbox 2064 1724 2083 1762; x_wconf 85' lang='lat'><strong>:</strong></span> <span class='ocrx_word' id='word_1_235' title='bbox 2118 1714 2168 1760; x_wconf 90' lang='lat' dir='ltr'><strong>et</strong></span> <span class='ocrx_word' id='word_1_236' title='bbox 2206 1723 2368 1775; x_wconf 85' lang='lat' dir='ltr'><strong>usque</strong></span> <span class='ocrx_word' id='word_1_237' title='bbox 2412 1708 2483 1761; x_wconf 86' lang='lat' dir='ltr'><strong>ad</strong></span> <span class='ocrx_word' id='word_1_238' title='bbox 2535 1712 2970 1779; x_wconf 75' lang='lat' dir='ltr'><strong>complementum</strong></span> <span class='ocrx_word' id='word_1_239' title='bbox 3005 1689 3282 1787; x_wconf 72' lang='lat' dir='ltr'><strong>temporis,</strong></span> <span class='ocrx_word' id='word_1_240' title='bbox 3329 1737 3471 1775; x_wconf 82' lang='lat' dir='ltr'><strong>com—</strong></span> 
     </span>
    </p>
   </div>
   <div class='ocr_carea' id='block_1_36' title="bbox 207 1800 1785 1874">
    <p class='ocr_par' dir='ltr' id='par_1_36' title="bbox 207 1800 1785 1874">
     <span class='ocr_line' id='line_1_36' title="bbox 207 1800 1785 1874; baseline 0.003 -17"><span class='ocrx_word' id='word_1_241' title='bbox 207 1802 397 1857; x_wconf 75' lang='grc' dir='ltr'>τσῦτα·</span> <span class='ocrx_word' id='word_1_242' title='bbox 439 1802 559 1855; x_wconf 78' lang='grc' dir='ltr'><strong>Καὶ</strong></span> <span class='ocrx_word' id='word_1_243' title='bbox 621 1800 965 1872; x_wconf 76' lang='grc' dir='ltr'>δυναμώσει</span> <span class='ocrx_word' id='word_1_244' title='bbox 1020 1801 1135 1871; x_wconf 77' lang='grc' dir='ltr'>τὴν</span> <span class='ocrx_word' id='word_1_245' title='bbox 1187 1801 1486 1872; x_wconf 78' lang='grc' dir='ltr'><strong>διαθήκην</strong></span> <span class='ocrx_word' id='word_1_246' title='bbox 1530 1807 1785 1874; x_wconf 74' lang='grc' dir='ltr'>πολλοῖς</span> 
     </span>
    </p>
   </div>
   <div class='ocr_carea' id='block_1_37' title="bbox 206 1893 1784 1968">
    <p class='ocr_par' dir='ltr' id='par_1_37' title="bbox 206 1893 1784 1968">
     <span class='ocr_line' id='line_1_37' title="bbox 206 1893 1784 1968; baseline 0.004 -20"><span class='ocrx_word' id='word_1_247' title='bbox 206 1895 447 1966; x_wconf 74' lang='grc' dir='ltr'>ἑϐδομὰς</span> <span class='ocrx_word' id='word_1_248' title='bbox 493 1894 632 1966; x_wconf 80' lang='grc' dir='ltr'>μία,</span> <span class='ocrx_word' id='word_1_249' title='bbox 678 1894 781 1949; x_wconf 78' lang='grc' dir='ltr'><strong>καί</strong></span> <span class='ocrx_word' id='word_1_250' title='bbox 824 1895 895 1949; x_wconf 77' lang='grc' dir='ltr'>ἐν</span> <span class='ocrx_word' id='word_1_251' title='bbox 934 1893 1016 1960; x_wconf 82' lang='grc' dir='ltr'>τῷ</span> <span class='ocrx_word' id='word_1_252' title='bbox 1052 1896 1260 1966; x_wconf 75' lang='grc' dir='ltr'>ἡμίσει</span> <span class='ocrx_word' id='word_1_253' title='bbox 1301 1895 1413 1966; x_wconf 86' lang='grc' dir='ltr'>τῆς</span> <span class='ocrx_word' id='word_1_254' title='bbox 1453 1897 1784 1968; x_wconf 75' lang='grc' dir='ltr'>ἑϐδομάδος</span> 
     </span>
    </p>
   </div>
   <div class='ocr_carea' id='block_1_38' title="bbox 204 1990 1784 2062">
    <p class='ocr_par' dir='ltr' id='par_1_38' title="bbox 204 1990 1784 2062">
     <span class='ocr_line' id='line_1_38' title="bbox 204 1990 1784 2062; baseline 0.003 -18"><span class='ocrx_word' id='word_1_255' title='bbox 204 1990 519 2061; x_wconf 48' lang='grc' dir='ltr'>ἀρθήσεται</span> <span class='ocrx_word' id='word_1_256' title='bbox 552 1990 760 2054; x_wconf 82' lang='grc' dir='ltr'>θυσία,</span> <span class='ocrx_word' id='word_1_257' title='bbox 800 1990 902 2044; x_wconf 77' lang='grc' dir='ltr'><strong>καί</strong></span> <span class='ocrx_word' id='word_1_258' title='bbox 948 1990 1216 2061; x_wconf 73' lang='grc' dir='ltr'>σπονδὴ,</span> <span class='ocrx_word' id='word_1_259' title='bbox 1265 1993 1363 2047; x_wconf 77' lang='grc' dir='ltr'><strong>καί</strong></span> <span class='ocrx_word' id='word_1_260' title='bbox 1405 1994 1505 2048; x_wconf 80' lang='grc' dir='ltr'><strong>ἐπί</strong></span> <span class='ocrx_word' id='word_1_261' title='bbox 1548 1995 1784 2062; x_wconf 82' lang='grc' dir='ltr'>τούτοις</span> 
     </span>
    </p>
   </div>
   <div class='ocr_carea' id='block_1_39' title="bbox 201 2080 1783 2155">
    <p class='ocr_par' dir='ltr' id='par_1_39' title="bbox 201 2080 1783 2155">
     <span class='ocr_line' id='line_1_39' title="bbox 201 2080 1783 2155; baseline 0.004 -20"><span class='ocrx_word' id='word_1_262' title='bbox 201 2080 282 2135; x_wconf 66' lang='grc' dir='ltr'>ἐπί</span> <span class='ocrx_word' id='word_1_263' title='bbox 324 2084 396 2136; x_wconf 81' lang='grc' dir='ltr'>τὸ</span> <span class='ocrx_word' id='word_1_264' title='bbox 441 2082 614 2151; x_wconf 75' lang='lat' dir='ltr'><strong>lepor</strong></span> <span class='ocrx_word' id='word_1_265' title='bbox 634 2081 956 2153; x_wconf 74' lang='grc' dir='ltr'>,ϐδέλυγμα</span> <span class='ocrx_word' id='word_1_266' title='bbox 989 2081 1095 2152; x_wconf 81' lang='grc' dir='ltr'>τῆς</span> <span class='ocrx_word' id='word_1_267' title='bbox 1126 2082 1500 2155; x_wconf 79' lang='grc' dir='ltr'>ἐρημώσεως,</span> <span class='ocrx_word' id='word_1_268' title='bbox 1533 2086 1634 2140; x_wconf 79' lang='grc' dir='ltr'><strong>καί</strong></span> <span class='ocrx_word' id='word_1_269' title='bbox 1670 2086 1783 2153; x_wconf 80' lang='grc' dir='ltr'><strong>ἕως</strong></span> 
     </span>
    </p>
   </div>
   <div class='ocr_carea' id='block_1_40' title="bbox 201 2175 1782 2250">
    <p class='ocr_par' dir='ltr' id='par_1_40' title="bbox 201 2175 1782 2250">
     <span class='ocr_line' id='line_1_40' title="bbox 201 2175 1782 2250; baseline 0.003 -20"><span class='ocrx_word' id='word_1_270' title='bbox 201 2176 554 2242; x_wconf 70' lang='grc' dir='ltr'>συντελείας</span> <span class='ocrx_word' id='word_1_271' title='bbox 577 2175 786 2244; x_wconf 75' lang='grc' dir='ltr'>καιροῦ</span> <span class='ocrx_word' id='word_1_272' title='bbox 816 2175 1142 2233; x_wconf 70' lang='grc' dir='ltr'>συντέλεια</span> <span class='ocrx_word' id='word_1_273' title='bbox 1190 2176 1514 2246; x_wconf 80' lang='grc' dir='ltr'><strong>δοθήσεται</strong></span> <span class='ocrx_word' id='word_1_274' title='bbox 1540 2178 1641 2233; x_wconf 78' lang='grc' dir='ltr'><strong>ἐπὶ</strong></span> <span class='ocrx_word' id='word_1_275' title='bbox 1666 2179 1782 2250; x_wconf 81' lang='grc' dir='ltr'><strong>τὴν</strong></span> 
     </span>
    </p>
   </div>
   <div class='ocr_carea' id='block_1_41' title="bbox 200 2268 1780 2343">
    <p class='ocr_par' dir='ltr' id='par_1_41' title="bbox 200 2268 1780 2343">
     <span class='ocr_line' id='line_1_41' title="bbox 200 2268 1780 2343; baseline 0.001 -18"><span class='ocrx_word' id='word_1_276' title='bbox 200 2270 515 2340; x_wconf 73' lang='grc' dir='ltr'>ἐρήμωσιν.</span> <span class='ocrx_word' id='word_1_277' title='bbox 568 2268 635 2325; x_wconf 85' lang='grc' dir='ltr'><strong><em>Ἦ</em></strong></span> <span class='ocrx_word' id='word_1_278' title='bbox 683 2268 874 2340; x_wconf 83' lang='grc' dir='ltr'>λοιπὴ,</span> <span class='ocrx_word' id='word_1_279' title='bbox 902 2271 1091 2340; x_wconf 83' lang='grc' dir='ltr'>φησὶν,</span> <span class='ocrx_word' id='word_1_280' title='bbox 1119 2269 1377 2342; x_wconf 76' lang='grc' dir='ltr'>ἑϐδομὰς,</span> <span class='ocrx_word' id='word_1_281' title='bbox 1417 2272 1451 2342; x_wconf 78' lang='grc' dir='ltr'>ἡ</span> <span class='ocrx_word' id='word_1_282' title='bbox 1497 2272 1638 2343; x_wconf 78' lang='grc' dir='ltr'>μετὰ</span> <span class='ocrx_word' id='word_1_283' title='bbox 1679 2272 1780 2337; x_wconf 83' lang='grc' dir='ltr'><strong>τὰς</strong></span> 
     </span>
    </p>
   </div>
   <div class='ocr_carea' id='block_1_42' title="bbox 202 2361 1781 2435">
    <p class='ocr_par' dir='ltr' id='par_1_42' title="bbox 202 2361 1781 2435">
     <span class='ocr_line' id='line_1_42' title="bbox 202 2361 1781 2435; baseline 0.001 -18"><span class='ocrx_word' id='word_1_284' title='bbox 202 2362 458 2433; x_wconf 71' lang='grc' dir='ltr'>ἐξήκοντα</span> <span class='ocrx_word' id='word_1_285' title='bbox 505 2362 610 2417; x_wconf 80' lang='grc' dir='ltr'>καὶ</span> <span class='ocrx_word' id='word_1_286' title='bbox 663 2362 843 2428; x_wconf 79' lang='grc' dir='ltr'>ἐννέα,</span> <span class='ocrx_word' id='word_1_287' title='bbox 890 2363 989 2433; x_wconf 79' lang='grc' dir='ltr'>τὴν</span> <span class='ocrx_word' id='word_1_288' title='bbox 1031 2361 1227 2433; x_wconf 75' lang='grc' dir='ltr'>καινὴν</span> <span class='ocrx_word' id='word_1_289' title='bbox 1271 2362 1539 2435; x_wconf 77' lang='grc' dir='ltr'>διαθήκην</span> <span class='ocrx_word' id='word_1_290' title='bbox 1569 2364 1781 2432; x_wconf 81' lang='grc' dir='ltr'><strong>εἰσάξει</strong></span> 
     </span>
    </p>
   </div>
   <div class='ocr_carea' id='block_1_43' title="bbox 203 2453 1779 2528">
    <p class='ocr_par' dir='ltr' id='par_1_43' title="bbox 203 2453 1779 2528">
     <span class='ocr_line' id='line_1_43' title="bbox 203 2453 1779 2528; baseline 0.001 -18"><span class='ocrx_word' id='word_1_291' title='bbox 203 2456 417 2528; x_wconf 66' lang='grc' dir='ltr'>ἰσχυρὰν</span> <span class='ocrx_word' id='word_1_292' title='bbox 446 2455 655 2522; x_wconf 77' lang='grc' dir='ltr'>οὕτως,</span> <span class='ocrx_word' id='word_1_293' title='bbox 681 2454 758 2519; x_wconf 87' lang='grc' dir='ltr'><strong>ὡς</strong></span> <span class='ocrx_word' id='word_1_294' title='bbox 787 2453 855 2509; x_wconf 86' lang='grc' dir='ltr'><strong>δι’</strong></span> <span class='ocrx_word' id='word_1_295' title='bbox 885 2454 1059 2527; x_wconf 84' lang='grc' dir='ltr'>αὐτῆς</span> <span class='ocrx_word' id='word_1_296' title='bbox 1091 2455 1346 2526; x_wconf 76' lang='grc' dir='ltr'>ἀρθῆναι,</span> <span class='ocrx_word' id='word_1_297' title='bbox 1375 2456 1682 2522; x_wconf 79' lang='grc' dir='ltr'>τουτέστιν,</span> <span class='ocrx_word' id='word_1_298' title='bbox 1714 2458 1779 2511; x_wconf 80' lang='grc' dir='ltr'><strong>ἐκ</strong></span> 
     </span>
    </p>
   </div>
   <div class='ocr_carea' id='block_1_44' title="bbox 204 2546 1780 2625">
    <p class='ocr_par' dir='ltr' id='par_1_44' title="bbox 204 2546 1780 2625">
     <span class='ocr_line' id='line_1_44' title="bbox 204 2546 1780 2625; baseline 0.003 -26"><span class='ocrx_word' id='word_1_299' title='bbox 204 2548 350 2616; x_wconf 74' lang='grc' dir='ltr'>μέσου</span> <span class='ocrx_word' id='word_1_300' title='bbox 380 2547 653 2617; x_wconf 75' lang='grc' dir='ltr'>γενέσθαι</span> <span class='ocrx_word' id='word_1_301' title='bbox 679 2548 779 2611; x_wconf 77' lang='grc' dir='ltr'>τὰς</span> <span class='ocrx_word' id='word_1_302' title='bbox 821 2546 1037 2625; x_wconf 79' lang='grc' dir='ltr'>θυσίας,</span> <span class='ocrx_word' id='word_1_303' title='bbox 1078 2548 1176 2602; x_wconf 81' lang='grc' dir='ltr'>καὶ</span> <span class='ocrx_word' id='word_1_304' title='bbox 1201 2546 1301 2611; x_wconf 80' lang='grc' dir='ltr'><strong>τὰς</strong></span> <span class='ocrx_word' id='word_1_305' title='bbox 1337 2548 1572 2614; x_wconf 81' lang='grc' dir='ltr'>σπονδὰς</span> <span class='ocrx_word' id='word_1_306' title='bbox 1611 2551 1670 2605; x_wconf 82' lang='grc' dir='ltr'><strong>ἐν</strong></span> <span class='ocrx_word' id='word_1_307' title='bbox 1698 2548 1780 2620; x_wconf 82' lang='grc' dir='ltr'>τῷ</span> 
     </span>
    </p>
   </div>
   <div class='ocr_carea' id='block_1_45' title="bbox 200 2636 1780 2711">
    <p class='ocr_par' dir='ltr' id='par_1_45' title="bbox 200 2636 1780 2711">
     <span class='ocr_line' id='line_1_45' title="bbox 200 2636 1780 2711; baseline 0 -18"><span class='ocrx_word' id='word_1_308' title='bbox 200 2638 373 2709; x_wconf 63' lang='grc' dir='ltr'>ἡμίσει</span> <span class='ocrx_word' id='word_1_309' title='bbox 402 2638 510 2710; x_wconf 82' lang='grc' dir='ltr'>τῆς</span> <span class='ocrx_word' id='word_1_310' title='bbox 538 2638 860 2709; x_wconf 74' lang='grc' dir='ltr'>ἑϐδομάδος.</span> <span class='ocrx_word' id='word_1_311' title='bbox 884 2638 1045 2693; x_wconf 79' lang='grc' dir='ltr'>Μετὰ</span> <span class='ocrx_word' id='word_1_312' title='bbox 1066 2636 1176 2706; x_wconf 83' lang='grc' dir='ltr'>γὰρ</span> <span class='ocrx_word' id='word_1_313' title='bbox 1196 2637 1259 2692; x_wconf 81' lang='grc' dir='ltr'><strong>τὸ</strong></span> <span class='ocrx_word' id='word_1_314' title='bbox 1287 2637 1573 2710; x_wconf 79' lang='grc' dir='ltr'>βάπτισμα</span> <span class='ocrx_word' id='word_1_315' title='bbox 1595 2639 1625 2692; x_wconf 79' lang='grc' dir='ltr'><strong><em>ὁ</em></strong></span> <span class='ocrx_word' id='word_1_316' title='bbox 1644 2641 1780 2711; x_wconf 85' lang='grc' dir='ltr'>Χρι-</span> 
     </span>
    </p>
   </div>
   <div class='ocr_carea' id='block_1_46' title="bbox 1883 1795 3470 1881">
    <p class='ocr_par' dir='ltr' id='par_1_46' title="bbox 1883 1795 3470 1881">
     <span class='ocr_line' id='line_1_46' title="bbox 1883 1795 3470 1881; baseline 0.012 -32"><span class='ocrx_word' id='word_1_317' title='bbox 1883 1795 2205 1867; x_wconf 81' lang='lat' dir='ltr'><strong>plemeutum</strong></span> <span class='ocrx_word' id='word_1_318' title='bbox 2230 1800 2443 1855; x_wconf 78' lang='lat' dir='ltr'><strong>dabitur</strong></span> <span class='ocrx_word' id='word_1_319' title='bbox 2474 1817 2634 1873; x_wconf 86' lang='lat' dir='ltr'><strong>super</strong></span> <span class='ocrx_word' id='word_1_320' title='bbox 2658 1807 3036 1861; x_wconf 75' lang='lat' dir='ltr'><strong>vastationem.</strong></span> <span class='ocrx_word' id='word_1_321' title='bbox 3070 1807 3303 1881; x_wconf 80' lang='lat' dir='ltr'><strong>Reliqua</strong></span> <span class='ocrx_word' id='word_1_322' title='bbox 3331 1852 3347 1877; x_wconf 91' lang='lat'><strong>,</strong></span> <span class='ocrx_word' id='word_1_323' title='bbox 3384 1813 3470 1868; x_wconf 88' lang='lat' dir='ltr'><strong>in-</strong></span> 
     </span>
    </p>
   </div>
   <div class='ocr_carea' id='block_1_47' title="bbox 1884 1888 3469 1969">
    <p class='ocr_par' dir='ltr' id='par_1_47' title="bbox 1884 1888 3469 1969">
     <span class='ocr_line' id='line_1_47' title="bbox 1884 1888 3469 1969; baseline 0.013 -28"><span class='ocrx_word' id='word_1_324' title='bbox 1884 1888 2027 1959; x_wconf 80' lang='lat' dir='ltr'><strong>quit,</strong></span> <span class='ocrx_word' id='word_1_325' title='bbox 2062 1888 2392 1955; x_wconf 77' lang='lat' dir='ltr'><strong>hebdomas,</strong></span> <span class='ocrx_word' id='word_1_326' title='bbox 2417 1894 2705 1964; x_wconf 78' lang='lat' dir='ltr'><strong>sexaginta</strong></span> <span class='ocrx_word' id='word_1_327' title='bbox 2736 1909 2932 1951; x_wconf 88' lang='lat' dir='ltr'><strong>novem</strong></span> <span class='ocrx_word' id='word_1_328' title='bbox 2956 1911 3239 1969; x_wconf 86' lang='lat' dir='ltr'><strong>secutura,</strong></span> <span class='ocrx_word' id='word_1_329' title='bbox 3263 1920 3469 1960; x_wconf 82' lang='lat' dir='ltr'><strong>novum</strong></span> 
     </span>
    </p>
   </div>
   <div class='ocr_carea' id='block_1_48' title="bbox 1885 1984 3469 2066">
    <p class='ocr_par' dir='ltr' id='par_1_48' title="bbox 1885 1984 3469 2066">
     <span class='ocr_line' id='line_1_48' title="bbox 1885 1984 3469 2066; baseline 0.012 -32"><span class='ocrx_word' id='word_1_330' title='bbox 1885 1987 2287 2038; x_wconf 84' lang='lat' dir='ltr'><strong>testamentum</strong></span> <span class='ocrx_word' id='word_1_331' title='bbox 2321 1984 2643 2042; x_wconf 87' lang='lat' dir='ltr'><strong>introducet</strong></span> <span class='ocrx_word' id='word_1_332' title='bbox 2688 1988 2830 2044; x_wconf 90' lang='lat' dir='ltr'><strong>adeo</strong></span> <span class='ocrx_word' id='word_1_333' title='bbox 2871 1992 3140 2059; x_wconf 87' lang='lat' dir='ltr'><strong>validum,</strong></span> <span class='ocrx_word' id='word_1_334' title='bbox 3166 2004 3228 2050; x_wconf 92' lang='lat' dir='ltr'><strong>ut</strong></span> <span class='ocrx_word' id='word_1_335' title='bbox 3268 2011 3369 2066; x_wconf 89' lang='lat' dir='ltr'><strong>per</strong></span> <span class='ocrx_word' id='word_1_336' title='bbox 3410 2000 3469 2054; x_wconf 90' lang='lat' dir='ltr'><strong>id</strong></span> 
     </span>
    </p>
   </div>
   <div class='ocr_carea' id='block_1_49' title="bbox 1884 2073 3589 2152">
    <p class='ocr_par' dir='ltr' id='par_1_49' title="bbox 1884 2073 3589 2152">
     <span class='ocr_line' id='line_1_49' title="bbox 1884 2073 3589 2152; baseline 0.015 -26"><span class='ocrx_word' id='word_1_337' title='bbox 1884 2073 2118 2128; x_wconf 85' lang='lat' dir='ltr'><strong>tollatur</strong></span> <span class='ocrx_word' id='word_1_338' title='bbox 2142 2091 2174 2130; x_wconf 91' lang='lat' dir='ltr'><strong>e</strong></span> <span class='ocrx_word' id='word_1_339' title='bbox 2204 2076 2389 2131; x_wconf 91' lang='lat' dir='ltr'><strong>medio</strong></span> <span class='ocrx_word' id='word_1_340' title='bbox 2419 2079 2753 2134; x_wconf 80' lang='lat' dir='ltr'><strong>sacriﬁcium</strong></span> <span class='ocrx_word' id='word_1_341' title='bbox 2798 2090 2855 2137; x_wconf 88' lang='lat' dir='ltr'><strong>et</strong></span> <span class='ocrx_word' id='word_1_342' title='bbox 2901 2083 3100 2141; x_wconf 90' lang='lat' dir='ltr'><strong>libatio</strong></span> <span class='ocrx_word' id='word_1_343' title='bbox 3146 2087 3200 2142; x_wconf 90' lang='lat' dir='ltr'><strong>in</strong></span> <span class='ocrx_word' id='word_1_344' title='bbox 3236 2090 3469 2146; x_wconf 81' lang='lat' dir='ltr'><strong>semisse</strong></span> <span class='ocrx_word' id='word_1_345' title='bbox 3580 2145 3589 2152; x_wconf 80' lang='lat'><strong>.</strong></span> 
     </span>
    </p>
   </div>
   <div class='ocr_carea' id='block_1_50' title="bbox 1882 2164 3468 2247">
    <p class='ocr_par' dir='ltr' id='par_1_50' title="bbox 1882 2164 3468 2247">
     <span class='ocr_line' id='line_1_50' title="bbox 1882 2164 3468 2247; baseline 0.011 -27"><span class='ocrx_word' id='word_1_346' title='bbox 1882 2164 2269 2224; x_wconf 84' lang='lat' dir='ltr'><strong>hebdomadis.</strong></span> <span class='ocrx_word' id='word_1_347' title='bbox 2299 2167 2437 2224; x_wconf 83' lang='lat' dir='ltr'><strong>Nam</strong></span> <span class='ocrx_word' id='word_1_348' title='bbox 2478 2187 2604 2227; x_wconf 89' lang='lat' dir='ltr'><strong>cum</strong></span> <span class='ocrx_word' id='word_1_349' title='bbox 2657 2187 2782 2245; x_wconf 88' lang='lat' dir='ltr'><strong>post</strong></span> <span class='ocrx_word' id='word_1_350' title='bbox 2827 2176 3162 2247; x_wconf 84' lang='lat' dir='ltr'><strong>baptismum</strong></span> <span class='ocrx_word' id='word_1_351' title='bbox 3209 2178 3468 2238; x_wconf 81' lang='lat' dir='ltr'><strong>Christus</strong></span> 
     </span>
    </p>
   </div>
   <div class='ocr_carea' id='block_1_51' title="bbox 1876 2257 3464 2345">
    <p class='ocr_par' dir='ltr' id='par_1_51' title="bbox 1876 2257 3464 2345">
     <span class='ocr_line' id='line_1_51' title="bbox 1876 2257 3464 2345; baseline 0.011 -34"><span class='ocrx_word' id='word_1_352' title='bbox 1876 2257 2182 2314; x_wconf 84' lang='lat' dir='ltr'><strong>triennium</strong></span> <span class='ocrx_word' id='word_1_353' title='bbox 2235 2269 2293 2317; x_wconf 80' lang='lat' dir='ltr'><strong>et</strong></span> <span class='ocrx_word' id='word_1_354' title='bbox 2358 2263 2505 2318; x_wconf 87' lang='lat' dir='ltr'><strong>ultra</strong></span> <span class='ocrx_word' id='word_1_355' title='bbox 2540 2265 2843 2334; x_wconf 86' lang='lat' dir='ltr'><strong>docuisset,</strong></span> <span class='ocrx_word' id='word_1_356' title='bbox 2903 2278 2959 2324; x_wconf 89' lang='lat' dir='ltr'><strong>et</strong></span> <span class='ocrx_word' id='word_1_357' title='bbox 3007 2270 3276 2326; x_wconf 86' lang='lat' dir='ltr'><strong>miracula</strong></span> <span class='ocrx_word' id='word_1_358' title='bbox 3303 2273 3464 2345; x_wconf 76' lang='lat'><strong>137</strong></span> 
     </span>
    </p>
   </div>
   <div class='ocr_carea' id='block_1_52' title="bbox 1881 2349 3467 2435">
    <p class='ocr_par' dir='ltr' id='par_1_52' title="bbox 1881 2349 3467 2435">
     <span class='ocr_line' id='line_1_52' title="bbox 1881 2349 3467 2435; baseline 0.011 -31"><span class='ocrx_word' id='word_1_359' title='bbox 1881 2349 2190 2417; x_wconf 88' lang='lat' dir='ltr'><strong>edidisset,</strong></span> <span class='ocrx_word' id='word_1_360' title='bbox 2249 2353 2318 2409; x_wconf 87' lang='lat' dir='ltr'><strong>ad</strong></span> <span class='ocrx_word' id='word_1_361' title='bbox 2363 2358 2699 2427; x_wconf 82' lang='lat' dir='ltr'><strong>supplicium</strong></span> <span class='ocrx_word' id='word_1_362' title='bbox 2736 2362 2923 2427; x_wconf 80' lang='lat' dir='ltr'><strong>Venit,</strong></span> <span class='ocrx_word' id='word_1_363' title='bbox 2962 2376 3142 2432; x_wconf 89' lang='lat' dir='ltr'><strong>eoque</strong></span> <span class='ocrx_word' id='word_1_364' title='bbox 3198 2381 3300 2435; x_wconf 91' lang='lat' dir='ltr'><strong>pro</strong></span> <span class='ocrx_word' id='word_1_365' title='bbox 3348 2375 3467 2423; x_wconf 89' lang='lat' dir='ltr'><strong>toto</strong></span> 
     </span>
    </p>
   </div>
   <div class='ocr_carea' id='block_1_53' title="bbox 1883 2443 3466 2530">
    <p class='ocr_par' dir='ltr' id='par_1_53' title="bbox 1883 2443 3466 2530">
     <span class='ocr_line' id='line_1_53' title="bbox 1883 2443 3466 2530; baseline 0.013 -34"><span class='ocrx_word' id='word_1_366' title='bbox 1883 2443 2091 2500; x_wconf 89' lang='lat' dir='ltr'><strong>mundo</strong></span> <span class='ocrx_word' id='word_1_367' title='bbox 2134 2444 2441 2513; x_wconf 88' lang='lat' dir='ltr'><strong>immolato,</strong></span> <span class='ocrx_word' id='word_1_368' title='bbox 2470 2449 2568 2519; x_wconf 89' lang='lat' dir='ltr'><strong>qui</strong></span> <span class='ocrx_word' id='word_1_369' title='bbox 2596 2461 2684 2507; x_wconf 89' lang='lat' dir='ltr'><strong>est</strong></span> <span class='ocrx_word' id='word_1_370' title='bbox 2716 2451 2907 2522; x_wconf 81' lang='lat' dir='ltr'><strong>Agnus</strong></span> <span class='ocrx_word' id='word_1_371' title='bbox 2931 2454 3052 2521; x_wconf 88' lang='lat' dir='ltr'><strong>Dei,</strong></span> <span class='ocrx_word' id='word_1_372' title='bbox 3102 2457 3307 2513; x_wconf 87' lang='lat' dir='ltr'><strong>tollens</strong></span> <span class='ocrx_word' id='word_1_373' title='bbox 3334 2473 3466 2530; x_wconf 84' lang='lat' dir='ltr'><strong>pec—</strong></span> 
     </span>
    </p>
   </div>
   <div class='ocr_carea' id='block_1_54' title="bbox 1878 2537 3465 2621">
    <p class='ocr_par' dir='ltr' id='par_1_54' title="bbox 1878 2537 3465 2621">
     <span class='ocr_line' id='line_1_54' title="bbox 1878 2537 3465 2621; baseline 0.011 -32"><span class='ocrx_word' id='word_1_374' title='bbox 1878 2546 2000 2591; x_wconf 88' lang='lat' dir='ltr'><strong>cata</strong></span> <span class='ocrx_word' id='word_1_375' title='bbox 2030 2537 2247 2602; x_wconf 89' lang='lat' dir='ltr'><strong>mundi,</strong></span> <span class='ocrx_word' id='word_1_376' title='bbox 2289 2538 2624 2596; x_wconf 84' lang='lat' dir='ltr'><strong>sacriﬁcium</strong></span> <span class='ocrx_word' id='word_1_377' title='bbox 2651 2552 2709 2597; x_wconf 90' lang='lat' dir='ltr'><strong>et</strong></span> <span class='ocrx_word' id='word_1_378' title='bbox 2734 2542 2951 2610; x_wconf 87' lang='lat' dir='ltr'><strong>libatio,</strong></span> <span class='ocrx_word' id='word_1_379' title='bbox 2991 2546 3292 2603; x_wconf 90' lang='lat' dir='ltr'><strong>constituta</strong></span> <span class='ocrx_word' id='word_1_380' title='bbox 3322 2549 3465 2621; x_wconf 83' lang='lat' dir='ltr'><strong>lege,</strong></span> 
     </span>
    </p>
   </div>
   <div class='ocr_carea' id='block_1_55' title="bbox 1880 2624 3464 2707">
    <p class='ocr_par' dir='ltr' id='par_1_55' title="bbox 1880 2624 3464 2707">
     <span class='ocr_line' id='line_1_55' title="bbox 1880 2624 3464 2707; baseline 0.009 -26"><span class='ocrx_word' id='word_1_381' title='bbox 1880 2624 2068 2681; x_wconf 78' lang='lat' dir='ltr'><strong>desiit.</strong></span> <span class='ocrx_word' id='word_1_382' title='bbox 2128 2627 2210 2682; x_wconf 84' lang='lat' dir='ltr'><strong>Ac</strong></span> <span class='ocrx_word' id='word_1_383' title='bbox 2250 2630 2634 2686; x_wconf 83' lang='lat' dir='ltr'><strong>sacriﬁcarunt</strong></span> <span class='ocrx_word' id='word_1_384' title='bbox 2659 2642 2775 2689; x_wconf 89' lang='lat' dir='ltr'><strong>tum</strong></span> <span class='ocrx_word' id='word_1_385' title='bbox 2830 2635 3039 2702; x_wconf 65' lang='lat' dir='ltr'><strong>Judaei,</strong></span> <span class='ocrx_word' id='word_1_386' title='bbox 3073 2645 3136 2690; x_wconf 91' lang='lat' dir='ltr'><strong>ut</strong></span> <span class='ocrx_word' id='word_1_387' title='bbox 3179 2647 3237 2693; x_wconf 87' lang='lat' dir='ltr'><strong>et</strong></span> <span class='ocrx_word' id='word_1_388' title='bbox 3282 2654 3464 2707; x_wconf 89' lang='lat' dir='ltr'><strong>nunc,</strong></span> 
     </span>
    </p>
   </div>
   <div class='ocr_carea' id='block_1_56' title="bbox 200 2718 1781 2800">
    <p class='ocr_par' dir='ltr' id='par_1_56' title="bbox 200 2726 1777 2800">
     <span class='ocr_line' id='line_1_56' title="bbox 200 2726 1777 2800; baseline 0.003 -20"><span class='ocrx_word' id='word_1_389' title='bbox 200 2729 327 2796; x_wconf 69' lang='grc' dir='ltr'>στος,</span> <span class='ocrx_word' id='word_1_390' title='bbox 356 2730 456 2783; x_wconf 77' lang='grc' dir='ltr'>ἐπὶ</span> <span class='ocrx_word' id='word_1_391' title='bbox 481 2729 736 2800; x_wconf 72' lang='grc' dir='ltr'>τριετίαν</span> <span class='ocrx_word' id='word_1_392' title='bbox 768 2728 865 2783; x_wconf 79' lang='grc' dir='ltr'>καὶ</span> <span class='ocrx_word' id='word_1_393' title='bbox 900 2728 1156 2782; x_wconf 85' lang='grc' dir='ltr'>ἐπέκεινα</span> <span class='ocrx_word' id='word_1_394' title='bbox 1186 2726 1429 2794; x_wconf 81' lang='grc' dir='ltr'>διδάξας,</span> <span class='ocrx_word' id='word_1_395' title='bbox 1448 2727 1545 2783; x_wconf 76' lang='grc' dir='ltr'>καὶ</span> <span class='ocrx_word' id='word_1_396' title='bbox 1572 2732 1777 2799; x_wconf 77' lang='grc' dir='ltr'>σημεῖα</span> 
     </span>
    </p>
   </div>
   <div class='ocr_carea' id='block_1_57' title="bbox 1881 2718 3462 2800">
    <p class='ocr_par' dir='ltr' id='par_1_57' title="bbox 1881 2718 3462 2791">
     <span class='ocr_line' id='line_1_57' title="bbox 1881 2718 3462 2791; baseline 0.011 -22"><span class='ocrx_word' id='word_1_397' title='bbox 1881 2726 2070 2772; x_wconf 90' lang='lat' dir='ltr'><strong>contra</strong></span> <span class='ocrx_word' id='word_1_398' title='bbox 2098 2718 2298 2789; x_wconf 88' lang='lat' dir='ltr'><strong>legem,</strong></span> <span class='ocrx_word' id='word_1_399' title='bbox 2326 2735 2507 2791; x_wconf 89' lang='lat' dir='ltr'><strong>neque</strong></span> <span class='ocrx_word' id='word_1_400' title='bbox 2540 2738 2735 2777; x_wconf 90' lang='lat' dir='ltr'><strong>eorum</strong></span> <span class='ocrx_word' id='word_1_401' title='bbox 2769 2726 3040 2781; x_wconf 76' lang='lat' dir='ltr'><strong>sacriﬁcia</strong></span> <span class='ocrx_word' id='word_1_402' title='bbox 3076 2736 3134 2782; x_wconf 88' lang='lat' dir='ltr'><strong>et</strong></span> <span class='ocrx_word' id='word_1_403' title='bbox 3160 2729 3462 2787; x_wconf 89' lang='lat' dir='ltr'><strong>libationes</strong></span> 
     </span>
    </p>
   </div>
   <div class='ocr_carea' id='block_1_58' title="bbox 199 2811 1781 2891">
    <p class='ocr_par' dir='ltr' id='par_1_58' title="bbox 199 2815 1772 2891">
     <span class='ocr_line' id='line_1_58' title="bbox 199 2815 1772 2891; baseline 0.004 -22"><span class='ocrx_word' id='word_1_404' title='bbox 199 2818 629 2891; x_wconf 71' lang='grc' dir='ltr'>ἐπιδειξάμενος,</span> <span class='ocrx_word' id='word_1_405' title='bbox 660 2819 835 2885; x_wconf 77' lang='grc' dir='ltr'>οὕτως</span> <span class='ocrx_word' id='word_1_406' title='bbox 866 2820 962 2874; x_wconf 79' lang='grc' dir='ltr'>ἐπὶ</span> <span class='ocrx_word' id='word_1_407' title='bbox 992 2819 1053 2874; x_wconf 83' lang='grc' dir='ltr'>τὸ</span> <span class='ocrx_word' id='word_1_408' title='bbox 1088 2818 1257 2883; x_wconf 78' lang='grc' dir='ltr'>πᾶθος</span> <span class='ocrx_word' id='word_1_409' title='bbox 1284 2815 1440 2891; x_wconf 80' lang='grc' dir='ltr'>ἦλθε,</span> <span class='ocrx_word' id='word_1_410' title='bbox 1473 2821 1571 2874; x_wconf 75' lang='grc' dir='ltr'>καὶ</span> <span class='ocrx_word' id='word_1_411' title='bbox 1603 2822 1772 2876; x_wconf 81' lang='grc' dir='ltr'>αὑτοῦ</span> 
     </span>
    </p>
   </div>
   <div class='ocr_carea' id='block_1_59' title="bbox 1881 2811 3467 2891">
    <p class='ocr_par' dir='ltr' id='par_1_59' title="bbox 1881 2811 3467 2888">
     <span class='ocr_line' id='line_1_59' title="bbox 1881 2811 3467 2888; baseline 0.012 -24"><span class='ocrx_word' id='word_1_412' title='bbox 1881 2822 2117 2878; x_wconf 69' lang='lat' dir='ltr'><strong>accepta:</strong></span> <span class='ocrx_word' id='word_1_413' title='bbox 2137 2811 2362 2868; x_wconf 78' lang='lat' dir='ltr'><strong>fuerunt</strong></span> <span class='ocrx_word' id='word_1_414' title='bbox 2388 2816 2523 2871; x_wconf 92' lang='lat' dir='ltr'><strong>Deo.</strong></span> <span class='ocrx_word' id='word_1_415' title='bbox 2548 2817 2684 2873; x_wconf 89' lang='lat' dir='ltr'><strong>Illud</strong></span> <span class='ocrx_word' id='word_1_416' title='bbox 2710 2835 2899 2888; x_wconf 89' lang='lat' dir='ltr'><strong>porro,</strong></span> <span class='ocrx_word' id='word_1_417' title='bbox 2918 2820 3281 2880; x_wconf 80' lang='lat' dir='ltr'><strong>Conﬂrmabit</strong></span> <span class='ocrx_word' id='word_1_418' title='bbox 3307 2833 3467 2882; x_wconf 85' lang='lat' dir='ltr'><strong>testa-</strong></span> 
     </span>
    </p>
   </div>
   <div class='ocr_carea' id='block_1_60' title="bbox 197 2905 1781 2987">
    <p class='ocr_par' dir='ltr' id='par_1_60' title="bbox 197 2911 1774 2984">
     <span class='ocr_line' id='line_1_60' title="bbox 197 2911 1774 2984; baseline 0.001 -19"><span class='ocrx_word' id='word_1_419' title='bbox 197 2911 437 2977; x_wconf 75' lang='grc' dir='ltr'>τυθέντας</span> <span class='ocrx_word' id='word_1_420' title='bbox 461 2911 613 2983; x_wconf 79' lang='grc' dir='ltr'>ὑπὲρ</span> <span class='ocrx_word' id='word_1_421' title='bbox 649 2912 747 2965; x_wconf 78' lang='grc' dir='ltr'><strong>τοῦ</strong></span> <span class='ocrx_word' id='word_1_422' title='bbox 782 2912 989 2984; x_wconf 77' lang='grc' dir='ltr'>κόσμου</span> <span class='ocrx_word' id='word_1_423' title='bbox 1034 2912 1263 2978; x_wconf 81' lang='grc' dir='ltr'>παντὸς,</span> <span class='ocrx_word' id='word_1_424' title='bbox 1288 2912 1385 2966; x_wconf 83' lang='grc' dir='ltr'>τοῦ</span> <span class='ocrx_word' id='word_1_425' title='bbox 1429 2912 1629 2984; x_wconf 80' lang='grc' dir='ltr'>’Δμνοῡ</span> <span class='ocrx_word' id='word_1_426' title='bbox 1674 2914 1774 2968; x_wconf 72' lang='grc' dir='ltr'>τοῦ</span> 
     </span>
    </p>
   </div>
   <div class='ocr_carea' id='block_1_61' title="bbox 1881 2905 3463 2987">
    <p class='ocr_par' dir='ltr' id='par_1_61' title="bbox 1881 2905 3463 2987">
     <span class='ocr_line' id='line_1_61' title="bbox 1881 2905 3463 2987; baseline 0.012 -32"><span class='ocrx_word' id='word_1_427' title='bbox 1881 2911 2125 2957; x_wconf 90' lang='lat' dir='ltr'><strong>mentum</strong></span> <span class='ocrx_word' id='word_1_428' title='bbox 2171 2905 2387 2972; x_wconf 90' lang='lat' dir='ltr'><strong>multis,</strong></span> <span class='ocrx_word' id='word_1_429' title='bbox 2427 2908 2596 2967; x_wconf 84' lang='lat' dir='ltr'><strong>etiam</strong></span> <span class='ocrx_word' id='word_1_430' title='bbox 2636 2910 2799 2964; x_wconf 84' lang='lat' dir='ltr'><strong>aliter</strong></span> <span class='ocrx_word' id='word_1_431' title='bbox 2839 2913 3041 2982; x_wconf 81' lang='lat' dir='ltr'><strong>exponi</strong></span> <span class='ocrx_word' id='word_1_432' title='bbox 3087 2924 3287 2983; x_wconf 86' lang='lat' dir='ltr'><strong>potest,</strong></span> <span class='ocrx_word' id='word_1_433' title='bbox 3313 2916 3463 2987; x_wconf 88' lang='lat' dir='ltr'><strong>quod</strong></span> 
     </span>
    </p>
   </div>
   <div class='ocr_carea' id='block_1_62' title="bbox 198 2998 1781 3088">
    <p class='ocr_par' dir='ltr' id='par_1_62' title="bbox 198 3002 1774 3078">
     <span class='ocr_line' id='line_1_62' title="bbox 198 3002 1774 3078; baseline 0.002 -20"><span class='ocrx_word' id='word_1_434' title='bbox 198 3002 319 3058; x_wconf 71' lang='grc' dir='ltr'>Θεοῦ</span> <span class='ocrx_word' id='word_1_435' title='bbox 343 3005 445 3058; x_wconf 75' lang='grc' dir='ltr'>τοῦ</span> <span class='ocrx_word' id='word_1_436' title='bbox 476 3006 739 3075; x_wconf 74' lang='grc' dir='ltr'>αἴροντος</span> <span class='ocrx_word' id='word_1_437' title='bbox 766 3005 867 3077; x_wconf 82' lang='grc' dir='ltr'><strong>τὴν</strong></span> <span class='ocrx_word' id='word_1_438' title='bbox 900 3005 1181 3076; x_wconf 82' lang='grc' dir='ltr'>ἁμαρτίαν</span> <span class='ocrx_word' id='word_1_439' title='bbox 1203 3005 1299 3059; x_wconf 80' lang='grc' dir='ltr'>τοῦ</span> <span class='ocrx_word' id='word_1_440' title='bbox 1325 3005 1601 3078; x_wconf 81' lang='grc' dir='ltr'>κόσμου,ή</span> <span class='ocrx_word' id='word_1_441' title='bbox 1632 3007 1774 3061; x_wconf 82' lang='grc' dir='ltr'>κατὰ</span> 
     </span>
    </p>
   </div>
   <div class='ocr_carea' id='block_1_63' title="bbox 1881 2998 3461 3088">
    <p class='ocr_par' dir='ltr' id='par_1_63' title="bbox 1881 2998 3461 3074">
     <span class='ocr_line' id='line_1_63' title="bbox 1881 2998 3461 3074; baseline 0.011 -27"><span class='ocrx_word' id='word_1_442' title='bbox 1881 3003 2097 3050; x_wconf 84' lang='lat' dir='ltr'><strong>sanctos</strong></span> <span class='ocrx_word' id='word_1_443' title='bbox 2126 2998 2411 3066; x_wconf 87' lang='lat' dir='ltr'><strong>apostolos</strong></span> <span class='ocrx_word' id='word_1_444' title='bbox 2436 2999 2527 3053; x_wconf 89' lang='lat' dir='ltr'><strong>illa</strong></span> <span class='ocrx_word' id='word_1_445' title='bbox 2561 3000 2866 3058; x_wconf 85' lang='lat' dir='ltr'><strong>hebdomas</strong></span> <span class='ocrx_word' id='word_1_446' title='bbox 2899 3014 3157 3074; x_wconf 86' lang='lat' dir='ltr'><strong>potentes</strong></span> <span class='ocrx_word' id='word_1_447' title='bbox 3188 3006 3461 3064; x_wconf 70' lang='lat' dir='ltr'><strong>eﬂ‘ectura</strong></span> 
     </span>
    </p>
   </div>
   <div class='ocr_carea' id='block_1_64' title="bbox 196 3086 1781 3170">
    <p class='ocr_par' dir='ltr' id='par_1_64' title="bbox 196 3097 1778 3170">
     <span class='ocr_line' id='line_1_64' title="bbox 196 3097 1778 3170; baseline 0.002 -20"><span class='ocrx_word' id='word_1_448' title='bbox 196 3097 346 3168; x_wconf 78' lang='grc' dir='ltr'>νόμον</span> <span class='ocrx_word' id='word_1_449' title='bbox 378 3097 553 3152; x_wconf 84' lang='grc' dir='ltr'>θυσία</span> <span class='ocrx_word' id='word_1_450' title='bbox 591 3097 832 3168; x_wconf 78' lang='grc' dir='ltr'>ἐπαύθη,</span> <span class='ocrx_word' id='word_1_451' title='bbox 861 3098 962 3152; x_wconf 72' lang='grc' dir='ltr'>καὶ</span> <span class='ocrx_word' id='word_1_452' title='bbox 1001 3098 1034 3169; x_wconf 83' lang='grc' dir='ltr'><strong>ἠ</strong></span> <span class='ocrx_word' id='word_1_453' title='bbox 1087 3098 1313 3170; x_wconf 80' lang='grc' dir='ltr'>σπονδή.</span> <span class='ocrx_word' id='word_1_454' title='bbox 1350 3098 1465 3152; x_wconf 72' lang='grc' dir='ltr'><strong>Καὶ</strong></span> <span class='ocrx_word' id='word_1_455' title='bbox 1487 3098 1646 3153; x_wconf 75' lang='grc' dir='ltr'>ἔθυον</span> <span class='ocrx_word' id='word_1_456' title='bbox 1685 3099 1778 3153; x_wconf 77' lang='grc' dir='ltr'>ἐκ·</span> 
     </span>
    </p>
   </div>
   <div class='ocr_carea' id='block_1_65' title="bbox 1881 3086 3465 3170">
    <p class='ocr_par' dir='ltr' id='par_1_65' title="bbox 1881 3086 3465 3165">
     <span class='ocr_line' id='line_1_65' title="bbox 1881 3086 3465 3165; baseline 0.008 -24"><span class='ocrx_word' id='word_1_457' title='bbox 1881 3087 1951 3142; x_wconf 88' lang='lat' dir='ltr'><strong>sit</strong></span> <span class='ocrx_word' id='word_1_458' title='bbox 1967 3086 2036 3142; x_wconf 90' lang='lat' dir='ltr'><strong>ad</strong></span> <span class='ocrx_word' id='word_1_459' title='bbox 2064 3089 2517 3158; x_wconf 66' lang='lat' dir='ltr'><strong>praedicationem</strong></span> <span class='ocrx_word' id='word_1_460' title='bbox 2566 3095 2873 3165; x_wconf 76' lang='lat' dir='ltr'><strong>Evangelii.</strong></span> <span class='ocrx_word' id='word_1_461' title='bbox 2900 3097 3042 3152; x_wconf 85' lang='lat' dir='ltr'><strong>Nam</strong></span> <span class='ocrx_word' id='word_1_462' title='bbox 3086 3112 3209 3152; x_wconf 83' lang='lat' dir='ltr'><strong>eam</strong></span> <span class='ocrx_word' id='word_1_463' title='bbox 3251 3099 3465 3154; x_wconf 79' lang='lat' dir='ltr'><strong>hebdo-</strong></span> 
     </span>
    </p>
   </div>
   <div class='ocr_carea' id='block_1_66' title="bbox 192 3189 1771 3262">
    <p class='ocr_par' dir='ltr' id='par_1_66' title="bbox 192 3189 1771 3262">
     <span class='ocr_line' id='line_1_66' title="bbox 192 3189 1771 3262; baseline 0.008 -20"><span class='ocrx_word' id='word_1_464' title='bbox 192 3204 299 3243; x_wconf 70' lang='grc' dir='ltr'>τοτε</span> <span class='ocrx_word' id='word_1_465' title='bbox 328 3192 383 3243; x_wconf 77' lang='grc' dir='ltr'>οἱ</span> <span class='ocrx_word' id='word_1_466' title='bbox 433 3189 716 3255; x_wconf 76' lang='grc' dir='ltr'>Ἰουδαῖοι,</span> <span class='ocrx_word' id='word_1_467' title='bbox 749 3191 873 3243; x_wconf 77' lang='grc' dir='ltr'>ἐπεὶ</span> <span class='ocrx_word' id='word_1_468' title='bbox 909 3191 1004 3243; x_wconf 77' lang='grc' dir='ltr'>καὶ</span> <span class='ocrx_word' id='word_1_469' title='bbox 1049 3190 1132 3243; x_wconf 72' lang='grc' dir='ltr'>ἔτι</span> <span class='ocrx_word' id='word_1_470' title='bbox 1173 3189 1366 3245; x_wconf 84' lang='grc' dir='ltr'>θύουσι</span> <span class='ocrx_word' id='word_1_471' title='bbox 1414 3194 1771 3262; x_wconf 81' lang='grc' dir='ltr'>παρανόμως,</span> 
     </span>
    </p>
   </div>
   <div class='ocr_carea' id='block_1_67' title="bbox 190 3277 1772 3355">
    <p class='ocr_par' dir='ltr' id='par_1_67' title="bbox 190 3277 1772 3355">
     <span class='ocr_line' id='line_1_67' title="bbox 190 3277 1772 3355; baseline 0.001 -21"><span class='ocrx_word' id='word_1_472' title='bbox 190 3280 295 3334; x_wconf 73' lang='grc' dir='ltr'>ἀλλ’</span> <span class='ocrx_word' id='word_1_473' title='bbox 316 3282 702 3354; x_wconf 71' lang='grc' dir='ltr'>ἀπροσδεκτος</span> <span class='ocrx_word' id='word_1_474' title='bbox 738 3277 807 3353; x_wconf 77' lang='grc' dir='ltr'>ἦν</span> <span class='ocrx_word' id='word_1_475' title='bbox 839 3282 874 3353; x_wconf 83' lang='grc' dir='ltr'><strong>ή</strong></span> <span class='ocrx_word' id='word_1_476' title='bbox 899 3281 1128 3340; x_wconf 72' lang='grc' dir='ltr'>ἐκείνων</span> <span class='ocrx_word' id='word_1_477' title='bbox 1156 3280 1320 3336; x_wconf 81' lang='grc' dir='ltr'>θυσία</span> <span class='ocrx_word' id='word_1_478' title='bbox 1356 3284 1453 3337; x_wconf 77' lang='grc' dir='ltr'>καὶ</span> <span class='ocrx_word' id='word_1_479' title='bbox 1479 3283 1513 3355; x_wconf 79' lang='grc' dir='ltr'><strong>ή</strong></span> <span class='ocrx_word' id='word_1_480' title='bbox 1549 3282 1772 3353; x_wconf 81' lang='grc' dir='ltr'>σπονδή.</span> 
     </span>
    </p>
   </div>
   <div class='ocr_carea' id='block_1_68' title="bbox 191 3371 1774 3446">
    <p class='ocr_par' dir='ltr' id='par_1_68' title="bbox 191 3371 1774 3446">
     <span class='ocr_line' id='line_1_68' title="bbox 191 3371 1774 3446; baseline 0 -19"><span class='ocrx_word' id='word_1_481' title='bbox 191 3374 289 3427; x_wconf 70' lang='grc' dir='ltr'><strong>Καὶ</strong></span> <span class='ocrx_word' id='word_1_482' title='bbox 338 3374 528 3437; x_wconf 74' lang='grc' dir='ltr'>ἄλλως</span> <span class='ocrx_word' id='word_1_483' title='bbox 578 3374 641 3428; x_wconf 73' lang='grc' dir='ltr'>δὲ</span> <span class='ocrx_word' id='word_1_484' title='bbox 687 3376 771 3440; x_wconf 70' lang='grc' dir='ltr'><strong>τὸ,</strong></span> <span class='ocrx_word' id='word_1_485' title='bbox 827 3371 1157 3445; x_wconf 85' lang='grc' dir='ltr'>Δυναμώσει</span> <span class='ocrx_word' id='word_1_486' title='bbox 1206 3373 1476 3446; x_wconf 82' lang='grc' dir='ltr'>διαθήκην</span> <span class='ocrx_word' id='word_1_487' title='bbox 1532 3373 1774 3442; x_wconf 81' lang='grc' dir='ltr'>πολλοῖς,</span> 
     </span>
    </p>
   </div>
   <div class='ocr_carea' id='block_1_69' title="bbox 189 3464 1778 3538">
    <p class='ocr_par' dir='ltr' id='par_1_69' title="bbox 189 3464 1778 3538">
     <span class='ocr_line' id='line_1_69' title="bbox 189 3464 1778 3538; baseline 0 -18"><span class='ocrx_word' id='word_1_488' title='bbox 189 3465 598 3538; x_wconf 52' lang='lat' dir='ltr'><strong>balneoque-rat</strong></span> <span class='ocrx_word' id='word_1_489' title='bbox 635 3465 762 3522; x_wconf 76' lang='grc' dir='ltr'>ἀντὶ</span> <span class='ocrx_word' id='word_1_490' title='bbox 801 3464 923 3531; x_wconf 85' lang='grc' dir='ltr'>τοῦ,</span> <span class='ocrx_word' id='word_1_491' title='bbox 951 3464 1228 3530; x_wconf 83' lang='grc' dir='ltr'>Δυνατοὺς</span> <span class='ocrx_word' id='word_1_492' title='bbox 1263 3466 1391 3529; x_wconf 80' lang='grc' dir='ltr'>τοὺς</span> <span class='ocrx_word' id='word_1_493' title='bbox 1421 3465 1604 3538; x_wconf 81' lang='grc' dir='ltr'>ίεροὺς</span> <span class='ocrx_word' id='word_1_494' title='bbox 1631 3466 1778 3520; x_wconf 79' lang='grc' dir='ltr'>ἀπο-</span> 
     </span>
    </p>
   </div>
   <div class='ocr_carea' id='block_1_70' title="bbox 193 3557 1775 3630">
    <p class='ocr_par' dir='ltr' id='par_1_70' title="bbox 193 3557 1775 3630">
     <span class='ocr_line' id='line_1_70' title="bbox 193 3557 1775 3630; baseline 0.001 -18"><span class='ocrx_word' id='word_1_495' title='bbox 193 3560 403 3623; x_wconf 75' lang='grc' dir='ltr'>στόλους</span> <span class='ocrx_word' id='word_1_496' title='bbox 442 3560 533 3622; x_wconf 69' lang='grc' dir='ltr'><strong>τίς</strong></span> <span class='ocrx_word' id='word_1_497' title='bbox 580 3560 645 3612; x_wconf 79' lang='grc' dir='ltr'>τὸ</span> <span class='ocrx_word' id='word_1_498' title='bbox 670 3558 943 3630; x_wconf 79' lang='grc' dir='ltr'>κήρυγμα</span> <span class='ocrx_word' id='word_1_499' title='bbox 980 3559 1016 3629; x_wconf 74' lang='grc' dir='ltr'><strong>ἡ</strong></span> <span class='ocrx_word' id='word_1_500' title='bbox 1058 3557 1297 3629; x_wconf 75' lang='grc' dir='ltr'>ἑϐδομὰς</span> <span class='ocrx_word' id='word_1_501' title='bbox 1324 3558 1511 3629; x_wconf 80' lang='grc' dir='ltr'>ἐκείνη</span> <span class='ocrx_word' id='word_1_502' title='bbox 1536 3560 1775 3629; x_wconf 74' lang='grc' dir='ltr'>ἐργάσεο</span> 
     </span>
    </p>
   </div>
   <div class='ocr_carea' id='block_1_71' title="bbox 190 3650 1776 3723">
    <p class='ocr_par' dir='ltr' id='par_1_71' title="bbox 190 3650 1776 3723">
     <span class='ocr_line' id='line_1_71' title="bbox 190 3650 1776 3723; baseline 0 -16"><span class='ocrx_word' id='word_1_503' title='bbox 190 3668 291 3710; x_wconf 77' lang='grc' dir='ltr'>ται.</span> <span class='ocrx_word' id='word_1_504' title='bbox 324 3654 423 3717; x_wconf 70' lang='lat' dir='ltr'><strong>Ek</strong></span> <span class='ocrx_word' id='word_1_505' title='bbox 458 3650 562 3706; x_wconf 77' lang='grc' dir='ltr'>δύο</span> <span class='ocrx_word' id='word_1_506' title='bbox 588 3650 700 3723; x_wconf 82' lang='grc' dir='ltr'><strong>γὰρ</strong></span> <span class='ocrx_word' id='word_1_507' title='bbox 738 3650 838 3721; x_wconf 75' lang='grc' dir='ltr'>τὴν</span> <span class='ocrx_word' id='word_1_508' title='bbox 871 3650 1142 3721; x_wconf 76' lang='grc' dir='ltr'>ἑϐδομάδα</span> <span class='ocrx_word' id='word_1_509' title='bbox 1186 3651 1442 3721; x_wconf 73' lang='grc' dir='ltr'>φαίνεται</span> <span class='ocrx_word' id='word_1_510' title='bbox 1472 3651 1701 3723; x_wconf 82' lang='grc' dir='ltr'>διαιρῶν</span> <span class='ocrx_word' id='word_1_511' title='bbox 1744 3653 1776 3707; x_wconf 80' lang='grc' dir='ltr'><strong>ὁ</strong></span> 
     </span>
    </p>
   </div>
   <div class='ocr_carea' id='block_1_72' title="bbox 193 3743 1775 3817">
    <p class='ocr_par' dir='ltr' id='par_1_72' title="bbox 193 3743 1775 3817">
     <span class='ocr_line' id='line_1_72' title="bbox 193 3743 1775 3817; baseline 0.001 -18"><span class='ocrx_word' id='word_1_512' title='bbox 193 3745 568 3817; x_wconf 71' lang='grc' dir='ltr'>ἀρχάγγελος,</span> <span class='ocrx_word' id='word_1_513' title='bbox 602 3744 683 3807; x_wconf 80' lang='grc' dir='ltr'><strong>είς</strong></span> <span class='ocrx_word' id='word_1_514' title='bbox 736 3745 830 3798; x_wconf 79' lang='grc' dir='ltr'>τὸν</span> <span class='ocrx_word' id='word_1_515' title='bbox 888 3743 1040 3816; x_wconf 83' lang='grc' dir='ltr'>παρά</span> <span class='ocrx_word' id='word_1_516' title='bbox 1097 3743 1190 3798; x_wconf 82' lang='grc' dir='ltr'><strong>τοῦ</strong></span> <span class='ocrx_word' id='word_1_517' title='bbox 1241 3744 1476 3812; x_wconf 77' lang='grc' dir='ltr'>Βάθους,</span> <span class='ocrx_word' id='word_1_518' title='bbox 1528 3745 1625 3798; x_wconf 76' lang='grc' dir='ltr'>καὶ</span> <span class='ocrx_word' id='word_1_519' title='bbox 1682 3746 1775 3801; x_wconf 77' lang='grc' dir='ltr'>τὸν</span> 
     </span>
    </p>
   </div>
   <div class='ocr_carea' id='block_1_73' title="bbox 191 3836 1775 3911">
    <p class='ocr_par' dir='ltr' id='par_1_73' title="bbox 191 3836 1775 3911">
     <span class='ocr_line' id='line_1_73' title="bbox 191 3836 1775 3911; baseline -0.002 -17"><span class='ocrx_word' id='word_1_520' title='bbox 191 3843 326 3909; x_wconf 72' lang='grc' dir='ltr'>μετὰ</span> <span class='ocrx_word' id='word_1_521' title='bbox 352 3840 419 3893; x_wconf 73' lang='grc' dir='ltr'>τὸ</span> <span class='ocrx_word' id='word_1_522' title='bbox 454 3837 655 3898; x_wconf 69' lang='lat' dir='ltr'><strong>“dbo;</strong></span> <span class='ocrx_word' id='word_1_523' title='bbox 681 3837 900 3908; x_wconf 83' lang='grc' dir='ltr'>καιρόν.</span> <span class='ocrx_word' id='word_1_524' title='bbox 948 3836 1085 3908; x_wconf 80' lang='grc' dir='ltr'>Περὶ</span> <span class='ocrx_word' id='word_1_525' title='bbox 1111 3837 1223 3909; x_wconf 83' lang='grc' dir='ltr'><strong>γὰρ</strong></span> <span class='ocrx_word' id='word_1_526' title='bbox 1250 3838 1321 3891; x_wconf 83' lang='grc' dir='ltr'>τὰ</span> <span class='ocrx_word' id='word_1_527' title='bbox 1347 3838 1474 3911; x_wconf 87' lang='grc' dir='ltr'>τρία</span> <span class='ocrx_word' id='word_1_528' title='bbox 1504 3837 1603 3908; x_wconf 76' lang='grc' dir='ltr'><strong>ἐτη</strong></span> <span class='ocrx_word' id='word_1_529' title='bbox 1634 3837 1775 3909; x_wconf 81' lang='grc' dir='ltr'>πρὸς</span> 
     </span>
    </p>
   </div>
   <div class='ocr_carea' id='block_1_74' title="bbox 190 3928 1776 4004">
    <p class='ocr_par' dir='ltr' id='par_1_74' title="bbox 190 3928 1776 4004">
     <span class='ocr_line' id='line_1_74' title="bbox 190 3928 1776 4004; baseline -0.001 -20"><span class='ocrx_word' id='word_1_530' title='bbox 190 3931 261 4002; x_wconf 72' lang='grc' dir='ltr'>τῷ</span> <span class='ocrx_word' id='word_1_531' title='bbox 285 3933 484 4004; x_wconf 72' lang='grc' dir='ltr'>ἡμίσει</span> <span class='ocrx_word' id='word_1_532' title='bbox 518 3928 768 4001; x_wconf 77' lang='grc' dir='ltr'>κηρύξας</span> <span class='ocrx_word' id='word_1_533' title='bbox 793 3930 823 3982; x_wconf 82' lang='grc' dir='ltr'><strong>ὁ</strong></span> <span class='ocrx_word' id='word_1_534' title='bbox 862 3929 1068 3999; x_wconf 79' lang='grc' dir='ltr'>Κύριος</span> <span class='ocrx_word' id='word_1_535' title='bbox 1100 3930 1245 3984; x_wconf 71' lang='grc' dir='ltr'>κατὰ</span> <span class='ocrx_word' id='word_1_536' title='bbox 1278 3929 1340 3983; x_wconf 78' lang='grc' dir='ltr'>τὸ</span> <span class='ocrx_word' id='word_1_537' title='bbox 1387 3929 1486 3983; x_wconf 83' lang='grc' dir='ltr'>τοῦ</span> <span class='ocrx_word' id='word_1_538' title='bbox 1527 3928 1647 3983; x_wconf 84' lang='grc' dir='ltr'>υίοῠ</span> <span class='ocrx_word' id='word_1_539' title='bbox 1673 3930 1776 4001; x_wconf 84' lang='grc' dir='ltr'>τῆς</span> 
     </span>
    </p>
   </div>
   <div class='ocr_carea' id='block_1_75' title="bbox 189 4021 1774 4096">
    <p class='ocr_par' dir='ltr' id='par_1_75' title="bbox 189 4021 1774 4096">
     <span class='ocr_line' id='line_1_75' title="bbox 189 4021 1774 4096; baseline 0.003 -20"><span class='ocrx_word' id='word_1_540' title='bbox 189 4023 421 4096; x_wconf 74' lang='grc' dir='ltr'>βροντῆς</span> <span class='ocrx_word' id='word_1_541' title='bbox 480 4021 842 4091; x_wconf 75' lang='grc' dir='ltr'>Εὖαγγέλιον,</span> <span class='ocrx_word' id='word_1_542' title='bbox 882 4023 977 4074; x_wconf 73' lang='grc' dir='ltr'>καὶ</span> <span class='ocrx_word' id='word_1_543' title='bbox 1015 4022 1282 4094; x_wconf 80' lang='grc' dir='ltr'>στηρίξας</span> <span class='ocrx_word' id='word_1_544' title='bbox 1320 4023 1401 4087; x_wconf 84' lang='grc' dir='ltr'><strong>είς</strong></span> <span class='ocrx_word' id='word_1_545' title='bbox 1457 4022 1557 4095; x_wconf 76' lang='grc' dir='ltr'>τὴν</span> <span class='ocrx_word' id='word_1_546' title='bbox 1603 4022 1774 4080; x_wconf 77' lang='grc' dir='ltr'>αὑτοῦ</span> 
     </span>
    </p>
   </div>
   <div class='ocr_carea' id='block_1_76' title="bbox 188 4110 1775 4184">
    <p class='ocr_par' dir='ltr' id='par_1_76' title="bbox 188 4110 1775 4184">
     <span class='ocr_line' id='line_1_76' title="bbox 188 4110 1775 4184; baseline -0.001 -14"><span class='ocrx_word' id='word_1_547' title='bbox 188 4116 365 4170; x_wconf 75' lang='grc' dir='ltr'>πίστιν</span> <span class='ocrx_word' id='word_1_548' title='bbox 407 4115 542 4178; x_wconf 74' lang='grc' dir='ltr'>τοὺς</span> <span class='ocrx_word' id='word_1_549' title='bbox 574 4113 756 4177; x_wconf 81' lang='grc' dir='ltr'>θείους</span> <span class='ocrx_word' id='word_1_550' title='bbox 786 4110 953 4165; x_wconf 78' lang='grc' dir='ltr'>αὐτοῦ</span> <span class='ocrx_word' id='word_1_551' title='bbox 995 4111 1347 4177; x_wconf 64' lang='grc' dir='ltr'>ἀποστόλους</span> <span class='ocrx_word' id='word_1_552' title='bbox 1362 4114 1431 4184; x_wconf 75' lang='grc' dir='ltr'>τῇ</span> <span class='ocrx_word' id='word_1_553' title='bbox 1457 4112 1568 4169; x_wconf 82' lang='grc' dir='ltr'><strong>τῶν</strong></span> <span class='ocrx_word' id='word_1_554' title='bbox 1597 4113 1775 4182; x_wconf 85' lang='grc' dir='ltr'>λόγων</span> 
     </span>
    </p>
   </div>
   <div class='ocr_carea' id='block_1_77' title="bbox 187 4202 1770 4280">
    <p class='ocr_par' dir='ltr' id='par_1_77' title="bbox 187 4202 1770 4280">
     <span class='ocr_line' id='line_1_77' title="bbox 187 4202 1770 4280; baseline -0.002 -19"><span class='ocrx_word' id='word_1_555' title='bbox 187 4206 414 4280; x_wconf 71' lang='grc' dir='ltr'>ἀληθεία</span> <span class='ocrx_word' id='word_1_556' title='bbox 464 4206 567 4261; x_wconf 75' lang='grc' dir='ltr'>καὶ</span> <span class='ocrx_word' id='word_1_557' title='bbox 608 4207 680 4276; x_wconf 75' lang='grc' dir='ltr'>τῇ</span> <span class='ocrx_word' id='word_1_558' title='bbox 725 4203 836 4258; x_wconf 83' lang='grc' dir='ltr'><strong>τῶν</strong></span> <span class='ocrx_word' id='word_1_559' title='bbox 882 4203 1206 4274; x_wconf 87' lang='grc' dir='ltr'>θαυμασίων</span> <span class='ocrx_word' id='word_1_560' title='bbox 1250 4202 1430 4275; x_wconf 78' lang='grc' dir='ltr'>ἐργων</span> <span class='ocrx_word' id='word_1_561' title='bbox 1476 4204 1770 4269; x_wconf 65' lang='grc' dir='ltr'>ἐπιδείξεν</span> 
     </span>
    </p>
   </div>
   <div class='ocr_carea' id='block_1_78' title="bbox 185 4298 1773 4374">
    <p class='ocr_par' dir='ltr' id='par_1_78' title="bbox 185 4298 1773 4374">
     <span class='ocr_line' id='line_1_78' title="bbox 185 4298 1773 4374; baseline -0.003 -17"><span class='ocrx_word' id='word_1_562' title='bbox 185 4302 324 4357; x_wconf 73' lang='grc' dir='ltr'>οὓτω</span> <span class='ocrx_word' id='word_1_563' title='bbox 354 4301 498 4374; x_wconf 61' lang='grc' dir='ltr'>πρὸς</span> <span class='ocrx_word' id='word_1_564' title='bbox 528 4301 593 4355; x_wconf 79' lang='grc' dir='ltr'>τὸ</span> <span class='ocrx_word' id='word_1_565' title='bbox 624 4298 806 4364; x_wconf 84' lang='grc' dir='ltr'>Πάθος</span> <span class='ocrx_word' id='word_1_566' title='bbox 837 4298 1110 4371; x_wconf 78' lang='grc' dir='ltr'>ἐχώρησε,</span> <span class='ocrx_word' id='word_1_567' title='bbox 1143 4298 1242 4353; x_wconf 76' lang='grc' dir='ltr'><strong>καὶ</strong></span> <span class='ocrx_word' id='word_1_568' title='bbox 1269 4298 1363 4352; x_wconf 81' lang='grc' dir='ltr'>τὸν</span> <span class='ocrx_word' id='word_1_569' title='bbox 1393 4298 1631 4369; x_wconf 74' lang='grc' dir='ltr'>σταυρὸν</span> <span class='ocrx_word' id='word_1_570' title='bbox 1668 4315 1773 4353; x_wconf 80' lang='grc' dir='ltr'>κα-</span> 
     </span>
    </p>
   </div>
   <div class='ocr_carea' id='block_1_79' title="bbox 1877 3177 3466 3260">
    <p class='ocr_par' dir='ltr' id='par_1_79' title="bbox 1877 3177 3466 3260">
     <span class='ocr_line' id='line_1_79' title="bbox 1877 3177 3466 3260; baseline 0.009 -28"><span class='ocrx_word' id='word_1_571' title='bbox 1877 3177 2097 3235; x_wconf 86' lang='lat' dir='ltr'><strong>madem</strong></span> <span class='ocrx_word' id='word_1_572' title='bbox 2120 3178 2374 3250; x_wconf 73' lang='lat' dir='ltr'><strong>bipertiti</strong></span> <span class='ocrx_word' id='word_1_573' title='bbox 2404 3183 2632 3240; x_wconf 89' lang='lat' dir='ltr'><strong>videtur</strong></span> <span class='ocrx_word' id='word_1_574' title='bbox 2659 3187 3052 3258; x_wconf 84' lang='lat' dir='ltr'><strong>archangelus,</strong></span> <span class='ocrx_word' id='word_1_575' title='bbox 3072 3189 3129 3244; x_wconf 89' lang='lat' dir='ltr'><strong>in</strong></span> <span class='ocrx_word' id='word_1_576' title='bbox 3158 3188 3215 3244; x_wconf 90' lang='lat' dir='ltr'><strong>id</strong></span> <span class='ocrx_word' id='word_1_577' title='bbox 3247 3198 3466 3260; x_wconf 83' lang='lat' dir='ltr'><strong>tempus</strong></span> 
     </span>
    </p>
   </div>
   <div class='ocr_carea' id='block_1_80' title="bbox 1876 3270 3460 3351">
    <p class='ocr_par' dir='ltr' id='par_1_80' title="bbox 1876 3270 3460 3351">
     <span class='ocr_line' id='line_1_80' title="bbox 1876 3270 3460 3351; baseline 0.009 -26"><span class='ocrx_word' id='word_1_578' title='bbox 1876 3270 2027 3340; x_wconf 88' lang='lat' dir='ltr'><strong>quod</strong></span> <span class='ocrx_word' id='word_1_579' title='bbox 2077 3272 2406 3330; x_wconf 89' lang='lat' dir='ltr'><strong>Passionem</strong></span> <span class='ocrx_word' id='word_1_580' title='bbox 2460 3284 2519 3332; x_wconf 91' lang='lat' dir='ltr'><strong>et</strong></span> <span class='ocrx_word' id='word_1_581' title='bbox 2565 3279 2848 3335; x_wconf 88' lang='lat' dir='ltr'><strong>antecedit</strong></span> <span class='ocrx_word' id='word_1_582' title='bbox 2875 3288 2934 3336; x_wconf 86' lang='lat' dir='ltr'><strong>et</strong></span> <span class='ocrx_word' id='word_1_583' title='bbox 2985 3282 3259 3351; x_wconf 86' lang='lat' dir='ltr'><strong>sequitur.</strong></span> <span class='ocrx_word' id='word_1_584' title='bbox 3318 3283 3460 3338; x_wconf 84' lang='lat' dir='ltr'><strong>Nam</strong></span> 
     </span>
    </p>
   </div>
   <div class='ocr_carea' id='block_1_81' title="bbox 1877 3363 3465 3441">
    <p class='ocr_par' dir='ltr' id='par_1_81' title="bbox 1877 3363 3465 3441">
     <span class='ocr_line' id='line_1_81' title="bbox 1877 3363 3465 3441; baseline 0.008 -25"><span class='ocrx_word' id='word_1_585' title='bbox 1877 3377 2005 3417; x_wconf 90' lang='lat' dir='ltr'><strong>cum</strong></span> <span class='ocrx_word' id='word_1_586' title='bbox 2061 3363 2335 3420; x_wconf 86' lang='lat' dir='ltr'><strong>Dominus</strong></span> <span class='ocrx_word' id='word_1_587' title='bbox 2385 3368 2618 3424; x_wconf 88' lang='lat' dir='ltr'><strong>circiter</strong></span> <span class='ocrx_word' id='word_1_588' title='bbox 2653 3377 2768 3426; x_wconf 90' lang='lat' dir='ltr'><strong>tres</strong></span> <span class='ocrx_word' id='word_1_589' title='bbox 2802 3385 2980 3427; x_wconf 87' lang='lat' dir='ltr'><strong>annos</strong></span> <span class='ocrx_word' id='word_1_590' title='bbox 3025 3379 3083 3426; x_wconf 90' lang='lat' dir='ltr'><strong>et</strong></span> <span class='ocrx_word' id='word_1_591' title='bbox 3128 3372 3465 3441; x_wconf 85' lang='lat' dir='ltr'><strong>dimidium,</strong></span> 
     </span>
    </p>
   </div>
   <div class='ocr_carea' id='block_1_82' title="bbox 1875 3454 3460 3535">
    <p class='ocr_par' dir='ltr' id='par_1_82' title="bbox 1875 3454 3460 3535">
     <span class='ocr_line' id='line_1_82' title="bbox 1875 3454 3460 3535; baseline 0.009 -27"><span class='ocrx_word' id='word_1_592' title='bbox 1875 3454 2188 3511; x_wconf 86' lang='lat' dir='ltr'><strong>secundum</strong></span> <span class='ocrx_word' id='word_1_593' title='bbox 2219 3457 2589 3530; x_wconf 83' lang='lat' dir='ltr'><strong>Evangelium</strong></span> <span class='ocrx_word' id='word_1_594' title='bbox 2642 3459 2742 3517; x_wconf 82' lang='lat' dir='ltr'><strong>ﬁlii</strong></span> <span class='ocrx_word' id='word_1_595' title='bbox 2774 3464 3008 3519; x_wconf 87' lang='lat' dir='ltr'><strong>tonitrui</strong></span> <span class='ocrx_word' id='word_1_596' title='bbox 3028 3503 3046 3529; x_wconf 92' lang='lat'><strong>,</strong></span> <span class='ocrx_word' id='word_1_597' title='bbox 3076 3466 3460 3535; x_wconf 67' lang='lat' dir='ltr'><strong>praedicasset,</strong></span> 
     </span>
    </p>
   </div>
   <div class='ocr_carea' id='block_1_83' title="bbox 1874 3549 3463 3624">
    <p class='ocr_par' dir='ltr' id='par_1_83' title="bbox 1874 3549 3463 3624">
     <span class='ocr_line' id='line_1_83' title="bbox 1874 3549 3463 3624; baseline 0.009 -25"><span class='ocrx_word' id='word_1_598' title='bbox 1874 3553 2041 3616; x_wconf 87' lang='lat' dir='ltr'><strong>atque</strong></span> <span class='ocrx_word' id='word_1_599' title='bbox 2081 3549 2229 3618; x_wconf 87' lang='lat' dir='ltr'><strong>apud</strong></span> <span class='ocrx_word' id='word_1_600' title='bbox 2284 3559 2510 3607; x_wconf 88' lang='lat' dir='ltr'><strong>sanctos</strong></span> <span class='ocrx_word' id='word_1_601' title='bbox 2531 3568 2663 3609; x_wconf 88' lang='lat' dir='ltr'><strong>suos</strong></span> <span class='ocrx_word' id='word_1_602' title='bbox 2712 3557 2994 3624; x_wconf 78' lang='lat' dir='ltr'><strong>apostolos</strong></span> <span class='ocrx_word' id='word_1_603' title='bbox 3037 3566 3096 3612; x_wconf 91' lang='lat' dir='ltr'><strong>et</strong></span> <span class='ocrx_word' id='word_1_604' title='bbox 3144 3574 3463 3615; x_wconf 88' lang='lat' dir='ltr'><strong>sermonum</strong></span> 
     </span>
    </p>
   </div>
   <div class='ocr_carea' id='block_1_84' title="bbox 1873 3638 3463 3717">
    <p class='ocr_par' dir='ltr' id='par_1_84' title="bbox 1873 3638 3463 3717">
     <span class='ocr_line' id='line_1_84' title="bbox 1873 3638 3463 3717; baseline 0.008 -25"><span class='ocrx_word' id='word_1_605' title='bbox 1873 3638 2132 3707; x_wconf 87' lang='lat' dir='ltr'><strong>veritate,</strong></span> <span class='ocrx_word' id='word_1_606' title='bbox 2193 3650 2251 3696; x_wconf 88' lang='lat' dir='ltr'><strong>et</strong></span> <span class='ocrx_word' id='word_1_607' title='bbox 2300 3643 2642 3700; x_wconf 87' lang='lat' dir='ltr'><strong>mirabilium</strong></span> <span class='ocrx_word' id='word_1_608' title='bbox 2716 3661 2949 3717; x_wconf 89' lang='lat' dir='ltr'><strong>operum</strong></span> <span class='ocrx_word' id='word_1_609' title='bbox 2995 3649 3295 3705; x_wconf 77' lang='lat' dir='ltr'><strong>effectione</strong></span> <span class='ocrx_word' id='word_1_610' title='bbox 3354 3651 3463 3704; x_wconf 87' lang='lat' dir='ltr'><strong>sibi</strong></span> 
     </span>
    </p>
   </div>
   <div class='ocr_carea' id='block_1_85' title="bbox 1874 3731 3460 3811">
    <p class='ocr_par' dir='ltr' id='par_1_85' title="bbox 1874 3731 3460 3811">
     <span class='ocr_line' id='line_1_85' title="bbox 1874 3731 3460 3811; baseline 0.008 -26"><span class='ocrx_word' id='word_1_611' title='bbox 1874 3731 2040 3788; x_wconf 74' lang='lat' dir='ltr'><strong>fidem</strong></span> <span class='ocrx_word' id='word_1_612' title='bbox 2064 3734 2453 3805; x_wconf 76' lang='lat' dir='ltr'><strong>conciliasset;</strong></span> <span class='ocrx_word' id='word_1_613' title='bbox 2499 3738 2583 3795; x_wconf 89' lang='lat' dir='ltr'><strong>sic</strong></span> <span class='ocrx_word' id='word_1_614' title='bbox 2609 3737 2680 3793; x_wconf 89' lang='lat' dir='ltr'><strong>ad</strong></span> <span class='ocrx_word' id='word_1_615' title='bbox 2703 3739 3022 3796; x_wconf 86' lang='lat' dir='ltr'><strong>Passionem</strong></span> <span class='ocrx_word' id='word_1_616' title='bbox 3047 3741 3330 3811; x_wconf 81' lang='lat' dir='ltr'><strong>profectus</strong></span> <span class='ocrx_word' id='word_1_617' title='bbox 3352 3750 3460 3809; x_wconf 88' lang='lat' dir='ltr'><strong>est,</strong></span> 
     </span>
    </p>
   </div>
   <div class='ocr_carea' id='block_1_86' title="bbox 1872 3830 3461 3902">
    <p class='ocr_par' dir='ltr' id='par_1_86' title="bbox 1872 3830 3461 3902">
     <span class='ocr_line' id='line_1_86' title="bbox 1872 3830 3461 3902; baseline 0.007 -22"><span class='ocrx_word' id='word_1_618' title='bbox 1872 3833 1926 3880; x_wconf 91' lang='lat' dir='ltr'><strong>et</strong></span> <span class='ocrx_word' id='word_1_619' title='bbox 1953 3839 2175 3881; x_wconf 87' lang='lat' dir='ltr'><strong>crucem</strong></span> <span class='ocrx_word' id='word_1_620' title='bbox 2203 3830 2471 3900; x_wconf 86' lang='lat' dir='ltr'><strong>suscepit,</strong></span> <span class='ocrx_word' id='word_1_621' title='bbox 2505 3839 2854 3901; x_wconf 88' lang='lat' dir='ltr'><strong>mortemque</strong></span> <span class='ocrx_word' id='word_1_622' title='bbox 2876 3845 3177 3902; x_wconf 86' lang='lat' dir='ltr'><strong>perpessus</strong></span> <span class='ocrx_word' id='word_1_623' title='bbox 3208 3844 3315 3891; x_wconf 88' lang='lat' dir='ltr'><strong>est.</strong></span> <span class='ocrx_word' id='word_1_624' title='bbox 3354 3834 3461 3890; x_wconf 82' lang='lat' dir='ltr'><strong>Rc-</strong></span> 
     </span>
    </p>
   </div>
   <div class='ocr_carea' id='block_1_87' title="bbox 1870 3920 3463 3995">
    <p class='ocr_par' dir='ltr' id='par_1_87' title="bbox 1870 3920 3463 3995">
     <span class='ocr_line' id='line_1_87' title="bbox 1870 3920 3463 3995; baseline 0.006 -20"><span class='ocrx_word' id='word_1_625' title='bbox 1870 3920 2030 3991; x_wconf 90' lang='lat' dir='ltr'><strong>liquo</strong></span> <span class='ocrx_word' id='word_1_626' title='bbox 2064 3923 2433 3979; x_wconf 81' lang='lat' dir='ltr'><strong>hebdomadis</strong></span> <span class='ocrx_word' id='word_1_627' title='bbox 2465 3932 2714 3993; x_wconf 89' lang='lat' dir='ltr'><strong>tempore</strong></span> <span class='ocrx_word' id='word_1_628' title='bbox 2760 3934 2889 3995; x_wconf 88' lang='lat' dir='ltr'><strong>post</strong></span> <span class='ocrx_word' id='word_1_629' title='bbox 2935 3927 3403 3983; x_wconf 86' lang='lat' dir='ltr'><strong>resurrectionem</strong></span> <span class='ocrx_word' id='word_1_630' title='bbox 3429 3944 3463 3984; x_wconf 85' lang='lat' dir='ltr'><strong>a</strong></span> 
     </span>
    </p>
   </div>
   <div class='ocr_carea' id='block_1_88' title="bbox 1874 4013 3461 4089">
    <p class='ocr_par' dir='ltr' id='par_1_88' title="bbox 1874 4013 3461 4089">
     <span class='ocr_line' id='line_1_88' title="bbox 1874 4013 3461 4089; baseline 0.005 -23"><span class='ocrx_word' id='word_1_631' title='bbox 1874 4013 2134 4079; x_wconf 86' lang='lat' dir='ltr'><strong>mortuis,</strong></span> <span class='ocrx_word' id='word_1_632' title='bbox 2165 4023 2223 4069; x_wconf 91' lang='lat' dir='ltr'><strong>et</strong></span> <span class='ocrx_word' id='word_1_633' title='bbox 2252 4029 2546 4069; x_wconf 86' lang='lat' dir='ltr'><strong>ascensum</strong></span> <span class='ocrx_word' id='word_1_634' title='bbox 2579 4016 2637 4069; x_wconf 92' lang='lat' dir='ltr'><strong>in</strong></span> <span class='ocrx_word' id='word_1_635' title='bbox 2681 4015 2871 4071; x_wconf 87' lang='lat' dir='ltr'><strong>sinum</strong></span> <span class='ocrx_word' id='word_1_636' title='bbox 2912 4014 3231 4081; x_wconf 87' lang='lat' dir='ltr'><strong>Paternum,</strong></span> <span class='ocrx_word' id='word_1_637' title='bbox 3281 4035 3314 4074; x_wconf 90' lang='lat' dir='ltr'><strong>a</strong></span> <span class='ocrx_word' id='word_1_638' title='bbox 3349 4034 3461 4089; x_wconf 91' lang='lat' dir='ltr'><strong>quo</strong></span> 
     </span>
    </p>
   </div>
   <div class='ocr_carea' id='block_1_89' title="bbox 1883 4106 3458 4179">
    <p class='ocr_par' dir='ltr' id='par_1_89' title="bbox 1883 4106 3458 4179">
     <span class='ocr_line' id='line_1_89' title="bbox 1883 4106 3458 4179; baseline 0.004 -21"><span class='ocrx_word' id='word_1_639' title='bbox 1883 4120 2169 4176; x_wconf 89' lang='lat' dir='ltr'><strong>nunquam</strong></span> <span class='ocrx_word' id='word_1_640' title='bbox 2192 4114 2485 4176; x_wconf 88' lang='lat' dir='ltr'><strong>separatus</strong></span> <span class='ocrx_word' id='word_1_641' title='bbox 2511 4106 2639 4167; x_wconf 79' lang='lat' dir='ltr'><strong>fuit.</strong></span> <span class='ocrx_word' id='word_1_642' title='bbox 2668 4114 2725 4162; x_wconf 88' lang='lat' dir='ltr'><strong>et</strong></span> <span class='ocrx_word' id='word_1_643' title='bbox 2751 4106 3018 4163; x_wconf 81' lang='lat' dir='ltr'><strong>Paracleti</strong></span> <span class='ocrx_word' id='word_1_644' title='bbox 3059 4107 3458 4179; x_wconf 84' lang='lat' dir='ltr'><strong>visitationem,</strong></span> 
     </span>
    </p>
   </div>
   <div class='ocr_carea' id='block_1_90' title="bbox 1873 4197 3460 4275">
    <p class='ocr_par' dir='ltr' id='par_1_90' title="bbox 1873 4197 3460 4275">
     <span class='ocr_line' id='line_1_90' title="bbox 1873 4197 3460 4275; baseline 0.004 -23"><span class='ocrx_word' id='word_1_645' title='bbox 1873 4197 2121 4253; x_wconf 90' lang='lat' dir='ltr'><strong>divinum</strong></span> <span class='ocrx_word' id='word_1_646' title='bbox 2159 4199 2404 4255; x_wconf 82' lang='lat' dir='ltr'><strong>aﬂlatum</strong></span> <span class='ocrx_word' id='word_1_647' title='bbox 2427 4240 2443 4265; x_wconf 89' lang='lat'><strong>,</strong></span> <span class='ocrx_word' id='word_1_648' title='bbox 2473 4200 2658 4257; x_wconf 88' lang='lat' dir='ltr'><strong>sancti</strong></span> <span class='ocrx_word' id='word_1_649' title='bbox 2687 4200 3124 4275; x_wconf 85' lang='lat' dir='ltr'><strong>ejusdiscipuli,</strong></span> <span class='ocrx_word' id='word_1_650' title='bbox 3162 4216 3291 4257; x_wconf 89' lang='lat' dir='ltr'><strong>cum</strong></span> <span class='ocrx_word' id='word_1_651' title='bbox 3313 4203 3460 4259; x_wconf 82' lang='lat' dir='ltr'><strong>divi—</strong></span> 
     </span>
    </p>
   </div>
   <div class='ocr_carea' id='block_1_91' title="bbox 1874 4292 3462 4366">
    <p class='ocr_par' dir='ltr' id='par_1_91' title="bbox 1874 4292 3462 4366">
     <span class='ocr_line' id='line_1_91' title="bbox 1874 4292 3462 4366; baseline 0.004 -21"><span class='ocrx_word' id='word_1_652' title='bbox 1874 4306 2010 4346; x_wconf 89' lang='lat' dir='ltr'><strong>num</strong></span> <span class='ocrx_word' id='word_1_653' title='bbox 2053 4292 2418 4364; x_wconf 85' lang='lat' dir='ltr'><strong>Evangelium</strong></span> <span class='ocrx_word' id='word_1_654' title='bbox 2466 4292 2866 4366; x_wconf 80' lang='lat' dir='ltr'><strong>Hierosolymis</strong></span> <span class='ocrx_word' id='word_1_655' title='bbox 2912 4295 3370 4362; x_wconf 82' lang='lat' dir='ltr'><strong>annuntiassent,</strong></span> <span class='ocrx_word' id='word_1_656' title='bbox 3402 4307 3462 4353; x_wconf 90' lang='lat' dir='ltr'><strong>et</strong></span> 
     </span>
    </p>
   </div>
   <div class='ocr_carea' id='block_1_92' title="bbox 190 4385 1781 4464">
    <p class='ocr_par' dir='ltr' id='par_1_92' title="bbox 190 4385 1771 4464">
     <span class='ocr_line' id='line_1_92' title="bbox 190 4385 1771 4464; baseline -0.004 -14"><span class='ocrx_word' id='word_1_657' title='bbox 190 4395 460 4463; x_wconf 75' lang='grc' dir='ltr'>τιδέξατο,</span> <span class='ocrx_word' id='word_1_658' title='bbox 513 4394 610 4448; x_wconf 76' lang='grc' dir='ltr'>καὶ</span> <span class='ocrx_word' id='word_1_659' title='bbox 662 4392 931 4464; x_wconf 70' lang='grc' dir='ltr'>ὑπέμεινε</span> <span class='ocrx_word' id='word_1_660' title='bbox 964 4390 1221 4446; x_wconf 82' lang='grc' dir='ltr'>θάνατον.</span> <span class='ocrx_word' id='word_1_661' title='bbox 1272 4385 1412 4445; x_wconf 80' lang='grc' dir='ltr'>Εἶτα</span> <span class='ocrx_word' id='word_1_662' title='bbox 1451 4389 1545 4444; x_wconf 85' lang='grc' dir='ltr'>τὸν</span> <span class='ocrx_word' id='word_1_663' title='bbox 1583 4388 1771 4444; x_wconf 78' lang='grc' dir='ltr'>λοιπὸν</span> 
     </span>
    </p>
   </div>
   <div class='ocr_carea' id='block_1_93' title="bbox 1881 4385 3464 4464">
    <p class='ocr_par' dir='ltr' id='par_1_93' title="bbox 1881 4385 3464 4456">
     <span class='ocr_line' id='line_1_93' title="bbox 1881 4385 3464 4456; baseline 0.004 -18"><span class='ocrx_word' id='word_1_664' title='bbox 1881 4385 2330 4456; x_wconf 72' lang='lat' dir='ltr'><strong>praedicationem</strong></span> <span class='ocrx_word' id='word_1_665' title='bbox 2368 4386 2655 4442; x_wconf 86' lang='lat' dir='ltr'><strong>miraculis</strong></span> <span class='ocrx_word' id='word_1_666' title='bbox 2679 4385 3131 4453; x_wconf 82' lang='lat' dir='ltr'><strong>conﬁrmassent,</strong></span> <span class='ocrx_word' id='word_1_667' title='bbox 3178 4398 3235 4444; x_wconf 91' lang='lat' dir='ltr'><strong>et</strong></span> <span class='ocrx_word' id='word_1_668' title='bbox 3267 4389 3464 4445; x_wconf 86' lang='lat' dir='ltr'><strong>turbas</strong></span> 
     </span>
    </p>
   </div>
   <div class='ocr_carea' id='block_1_94' title="bbox 184 4482 1775 4561">
    <p class='ocr_par' dir='ltr' id='par_1_94' title="bbox 184 4482 1775 4561">
     <span class='ocr_line' id='line_1_94' title="bbox 184 4482 1775 4561; baseline -0.004 -18"><span class='ocrx_word' id='word_1_669' title='bbox 184 4490 283 4561; x_wconf 77' lang='grc' dir='ltr'>τῆς</span> <span class='ocrx_word' id='word_1_670' title='bbox 308 4487 618 4558; x_wconf 70' lang='grc' dir='ltr'>ἐΰδομάδος</span> <span class='ocrx_word' id='word_1_671' title='bbox 655 4485 852 4558; x_wconf 85' lang='grc' dir='ltr'>χρόνον</span> <span class='ocrx_word' id='word_1_672' title='bbox 905 4484 1045 4557; x_wconf 82' lang='grc' dir='ltr'>μετὰ</span> <span class='ocrx_word' id='word_1_673' title='bbox 1078 4483 1182 4556; x_wconf 76' lang='grc' dir='ltr'>τὴν</span> <span class='ocrx_word' id='word_1_674' title='bbox 1203 4486 1272 4538; x_wconf 85' lang='grc' dir='ltr'><strong>ἐκ</strong></span> <span class='ocrx_word' id='word_1_675' title='bbox 1299 4482 1511 4555; x_wconf 81' lang='grc' dir='ltr'>νεκρῶν</span> <span class='ocrx_word' id='word_1_676' title='bbox 1533 4482 1775 4537; x_wconf 83' lang='grc' dir='ltr'>ἀνάστα-</span> 
     </span>
    </p>
   </div>
   <div class='ocr_carea' id='block_1_95' title="bbox 190 4574 1776 4651">
    <p class='ocr_par' dir='ltr' id='par_1_95' title="bbox 190 4574 1776 4651">
     <span class='ocr_line' id='line_1_95' title="bbox 190 4574 1776 4651; baseline -0.004 -16"><span class='ocrx_word' id='word_1_677' title='bbox 190 4596 271 4634; x_wconf 78' lang='grc' dir='ltr'><strong>σιν</strong></span> <span class='ocrx_word' id='word_1_678' title='bbox 313 4581 413 4635; x_wconf 74' lang='grc' dir='ltr'>καὶ</span> <span class='ocrx_word' id='word_1_679' title='bbox 460 4581 565 4651; x_wconf 76' lang='grc' dir='ltr'>τὴν</span> <span class='ocrx_word' id='word_1_680' title='bbox 616 4579 754 4650; x_wconf 80' lang='grc' dir='ltr'>πρὸς</span> <span class='ocrx_word' id='word_1_681' title='bbox 806 4578 935 4640; x_wconf 79' lang='grc' dir='ltr'>τοὺς</span> <span class='ocrx_word' id='word_1_682' title='bbox 982 4576 1221 4641; x_wconf 79' lang='grc' dir='ltr'>κόλπους</span> <span class='ocrx_word' id='word_1_683' title='bbox 1282 4575 1412 4640; x_wconf 80' lang='grc' dir='ltr'>τοὺς</span> <span class='ocrx_word' id='word_1_684' title='bbox 1453 4574 1776 4646; x_wconf 79' lang='grc' dir='ltr'>Πατρικοὺς</span> 
     </span>
    </p>
   </div>
   <div class='ocr_carea' id='block_1_96' title="bbox 186 4666 1776 4740">
    <p class='ocr_par' dir='ltr' id='par_1_96' title="bbox 186 4666 1776 4740">
     <span class='ocr_line' id='line_1_96' title="bbox 186 4666 1776 4740; baseline -0.005 -12"><span class='ocrx_word' id='word_1_685' title='bbox 186 4674 399 4739; x_wconf 67' lang='grc' dir='ltr'>ἄνοδον,</span> <span class='ocrx_word' id='word_1_686' title='bbox 431 4666 509 4727; x_wconf 73' lang='grc' dir='ltr'>ὧν</span> <span class='ocrx_word' id='word_1_687' title='bbox 542 4671 605 4725; x_wconf 83' lang='grc' dir='ltr'>οὐ</span> <span class='ocrx_word' id='word_1_688' title='bbox 647 4668 954 4740; x_wconf 73' lang='grc' dir='ltr'>κεχώριστο</span> <span class='ocrx_word' id='word_1_689' title='bbox 982 4667 1229 4734; x_wconf 82' lang='grc' dir='ltr'>πώποτε,</span> <span class='ocrx_word' id='word_1_690' title='bbox 1261 4666 1360 4722; x_wconf 77' lang='grc' dir='ltr'>καὶ</span> <span class='ocrx_word' id='word_1_691' title='bbox 1389 4667 1490 4739; x_wconf 79' lang='grc' dir='ltr'>τὴν</span> <span class='ocrx_word' id='word_1_692' title='bbox 1525 4667 1621 4721; x_wconf 83' lang='grc' dir='ltr'><strong>τοῦ</strong></span> <span class='ocrx_word' id='word_1_693' title='bbox 1659 4668 1776 4721; x_wconf 71' lang='grc' dir='ltr'>Παε-</span> 
     </span>
    </p>
   </div>
   <div class='ocr_carea' id='block_1_97' title="bbox 192 4754 1778 4832">
    <p class='ocr_par' dir='ltr' id='par_1_97' title="bbox 192 4754 1778 4832">
     <span class='ocr_line' id='line_1_97' title="bbox 192 4754 1778 4832; baseline -0.004 -16"><span class='ocrx_word' id='word_1_694' title='bbox 192 4763 465 4832; x_wconf 76' lang='grc' dir='ltr'>ρακλήτου</span> <span class='ocrx_word' id='word_1_695' title='bbox 500 4760 875 4830; x_wconf 73' lang='grc' dir='ltr'>ἐπιφοίτησιν,</span> <span class='ocrx_word' id='word_1_696' title='bbox 906 4760 1003 4813; x_wconf 75' lang='grc' dir='ltr'>καὶ</span> <span class='ocrx_word' id='word_1_697' title='bbox 1031 4758 1186 4812; x_wconf 86' lang='grc' dir='ltr'>θείαν</span> <span class='ocrx_word' id='word_1_698' title='bbox 1208 4757 1523 4823; x_wconf 86' lang='grc' dir='ltr'>ἐπίπνοιαν,</span> <span class='ocrx_word' id='word_1_699' title='bbox 1553 4757 1605 4810; x_wconf 77' lang='grc' dir='ltr'>οἱ</span> <span class='ocrx_word' id='word_1_700' title='bbox 1638 4754 1778 4829; x_wconf 75' lang='grc' dir='ltr'>ίεροὶ</span> 
     </span>
    </p>
   </div>
   <div class='ocr_carea' id='block_1_98' title="bbox 187 4847 1777 4925">
    <p class='ocr_par' dir='ltr' id='par_1_98' title="bbox 187 4847 1777 4925">
     <span class='ocr_line' id='line_1_98' title="bbox 187 4847 1777 4925; baseline -0.003 -19"><span class='ocrx_word' id='word_1_701' title='bbox 187 4853 359 4906; x_wconf 69' lang='grc' dir='ltr'>αὑτοῦ</span> <span class='ocrx_word' id='word_1_702' title='bbox 401 4852 647 4924; x_wconf 82' lang='grc' dir='ltr'>μαθηταὶ</span> <span class='ocrx_word' id='word_1_703' title='bbox 673 4853 732 4905; x_wconf 80' lang='grc' dir='ltr'><strong>ἐν</strong></span> <span class='ocrx_word' id='word_1_704' title='bbox 775 4850 1138 4925; x_wconf 79' lang='grc' dir='ltr'>Ἰερουσαλὴμ</span> <span class='ocrx_word' id='word_1_705' title='bbox 1169 4849 1235 4903; x_wconf 75' lang='grc' dir='ltr'>τὸ</span> <span class='ocrx_word' id='word_1_706' title='bbox 1264 4848 1409 4903; x_wconf 80' lang='grc' dir='ltr'>θεῖον</span> <span class='ocrx_word' id='word_1_707' title='bbox 1428 4847 1777 4917; x_wconf 86' lang='grc' dir='ltr'>διαγγέλλον-</span> 
     </span>
    </p>
   </div>
   <div class='ocr_carea' id='block_1_99' title="bbox 186 4938 1778 5013">
    <p class='ocr_par' dir='ltr' id='par_1_99' title="bbox 186 4938 1778 5013">
     <span class='ocr_line' id='line_1_99' title="bbox 186 4938 1778 5013; baseline -0.004 -15"><span class='ocrx_word' id='word_1_708' title='bbox 186 4960 280 5008; x_wconf 73' lang='grc' dir='ltr'><strong>τος</strong></span> <span class='ocrx_word' id='word_1_709' title='bbox 324 4944 683 5013; x_wconf 73' lang='grc' dir='ltr'>Εὐατγέλιον,</span> <span class='ocrx_word' id='word_1_710' title='bbox 713 4942 810 4997; x_wconf 78' lang='grc' dir='ltr'>καὶ</span> <span class='ocrx_word' id='word_1_711' title='bbox 840 4942 904 4995; x_wconf 82' lang='grc' dir='ltr'>τὸ</span> <span class='ocrx_word' id='word_1_712' title='bbox 937 4942 1205 5012; x_wconf 79' lang='grc' dir='ltr'>κήρυγμα</span> <span class='ocrx_word' id='word_1_713' title='bbox 1236 4938 1599 5010; x_wconf 80' lang='grc' dir='ltr'>πιστούμενοι</span> <span class='ocrx_word' id='word_1_714' title='bbox 1640 4938 1778 4994; x_wconf 74' lang='grc' dir='ltr'>θαύο</span> 
     </span>
    </p>
   </div>
   <div class='ocr_carea' id='block_1_100' title="bbox 191 5030 1778 5107">
    <p class='ocr_par' dir='ltr' id='par_1_100' title="bbox 191 5030 1778 5107">
     <span class='ocr_line' id='line_1_100' title="bbox 191 5030 1778 5107; baseline -0.003 -17"><span class='ocrx_word' id='word_1_715' title='bbox 191 5054 353 5107; x_wconf 79' lang='grc' dir='ltr'>μασι,</span> <span class='ocrx_word' id='word_1_716' title='bbox 381 5037 478 5090; x_wconf 72' lang='grc' dir='ltr'><strong>καὶ</strong></span> <span class='ocrx_word' id='word_1_717' title='bbox 516 5035 704 5106; x_wconf 71' lang='grc' dir='ltr'>πλήθη</span> <span class='ocrx_word' id='word_1_718' title='bbox 732 5033 1037 5105; x_wconf 73' lang='grc' dir='ltr'>ἀνθρώπιον</span> <span class='ocrx_word' id='word_1_719' title='bbox 1077 5030 1459 5103; x_wconf 73' lang='grc' dir='ltr'>ἐπισπώμενοι</span> <span class='ocrx_word' id='word_1_720' title='bbox 1495 5032 1635 5104; x_wconf 78' lang='grc' dir='ltr'>πρὸς</span> <span class='ocrx_word' id='word_1_721' title='bbox 1677 5031 1778 5104; x_wconf 73' lang='grc' dir='ltr'><strong>τὴν</strong></span> 
     </span>
    </p>
   </div>
   <div class='ocr_carea' id='block_1_101' title="bbox 188 5126 1780 5200">
    <p class='ocr_par' dir='ltr' id='par_1_101' title="bbox 188 5126 1780 5200">
     <span class='ocr_line' id='line_1_101' title="bbox 188 5126 1780 5200; baseline -0.001 -18"><span class='ocrx_word' id='word_1_722' title='bbox 188 5132 488 5200; x_wconf 76' lang='grc' dir='ltr'>ἐπίγνωσιν</span> <span class='ocrx_word' id='word_1_723' title='bbox 529 5128 628 5183; x_wconf 76' lang='grc' dir='ltr'><strong>τοῦ</strong></span> <span class='ocrx_word' id='word_1_724' title='bbox 676 5128 847 5192; x_wconf 72' lang='grc' dir='ltr'>ὅντως</span> <span class='ocrx_word' id='word_1_725' title='bbox 897 5126 1035 5181; x_wconf 79' lang='grc' dir='ltr'>Θεοῦ</span> <span class='ocrx_word' id='word_1_726' title='bbox 1067 5165 1084 5192; x_wconf 93' lang='grc'><strong>,</strong></span> <span class='ocrx_word' id='word_1_727' title='bbox 1135 5126 1520 5198; x_wconf 81' lang='grc' dir='ltr'>διεσπάρησαν</span> <span class='ocrx_word' id='word_1_728' title='bbox 1570 5127 1654 5188; x_wconf 82' lang='grc' dir='ltr'><strong>είς</strong></span> <span class='ocrx_word' id='word_1_729' title='bbox 1708 5126 1780 5180; x_wconf 80' lang='grc' dir='ltr'>τὰ</span> 
     </span>
    </p>
   </div>
   <div class='ocr_carea' id='block_1_102' title="bbox 188 5219 1778 5298">
    <p class='ocr_par' dir='ltr' id='par_1_102' title="bbox 188 5219 1778 5298">
     <span class='ocr_line' id='line_1_102' title="bbox 188 5219 1778 5298; baseline -0.003 -20"><span class='ocrx_word' id='word_1_730' title='bbox 188 5225 348 5298; x_wconf 71' lang='grc' dir='ltr'>ξθνη,</span> <span class='ocrx_word' id='word_1_731' title='bbox 377 5230 469 5281; x_wconf 81' lang='grc' dir='ltr'>καὶ</span> <span class='ocrx_word' id='word_1_732' title='bbox 510 5225 690 5281; x_wconf 83' lang='grc' dir='ltr'>ταῦτα</span> <span class='ocrx_word' id='word_1_733' title='bbox 722 5223 1021 5293; x_wconf 80' lang='grc' dir='ltr'>ἐφώτισαν.</span> <span class='ocrx_word' id='word_1_734' title='bbox 1066 5220 1243 5276; x_wconf 80' lang='grc' dir='ltr'>Τοῦτο</span> <span class='ocrx_word' id='word_1_735' title='bbox 1286 5220 1471 5274; x_wconf 85' lang='grc' dir='ltr'>τοίνυν</span> <span class='ocrx_word' id='word_1_736' title='bbox 1499 5223 1529 5274; x_wconf 81' lang='grc' dir='ltr'><strong>ὸ</strong></span> <span class='ocrx_word' id='word_1_737' title='bbox 1559 5219 1778 5291; x_wconf 71' lang='grc' dir='ltr'>ἀρχάγο</span> 
     </span>
    </p>
   </div>
   <div class='ocr_carea' id='block_1_103' title="bbox 188 5311 1778 5391">
    <p class='ocr_par' dir='ltr' id='par_1_103' title="bbox 188 5311 1778 5391">
     <span class='ocr_line' id='line_1_103' title="bbox 188 5311 1778 5391; baseline -0.006 -18"><span class='ocrx_word' id='word_1_738' title='bbox 188 5321 351 5388; x_wconf 52' lang='lat' dir='ltr'><strong>telo;</strong></span> <span class='ocrx_word' id='word_1_739' title='bbox 388 5319 675 5391; x_wconf 75' lang='grc' dir='ltr'>προδηλῶν</span> <span class='ocrx_word' id='word_1_740' title='bbox 712 5317 790 5390; x_wconf 81' lang='grc' dir='ltr'>τῷ</span> <span class='ocrx_word' id='word_1_741' title='bbox 815 5318 1075 5391; x_wconf 80' lang='grc' dir='ltr'>προφήτῃ</span> <span class='ocrx_word' id='word_1_742' title='bbox 1113 5312 1338 5384; x_wconf 77' lang='grc' dir='ltr'>Δανιὴλ,</span> <span class='ocrx_word' id='word_1_743' title='bbox 1366 5311 1558 5382; x_wconf 74' lang='grc' dir='ltr'>ἔλεγε·</span> <span class='ocrx_word' id='word_1_744' title='bbox 1585 5314 1778 5365; x_wconf 80' lang='grc' dir='ltr'>Δυνα-</span> 
     </span>
    </p>
   </div>
   <div class='ocr_carea' id='block_1_104' title="bbox 180 5396 1776 5480">
    <p class='ocr_par' dir='ltr' id='par_1_104' title="bbox 180 5396 1776 5480">
     <span class='ocr_line' id='line_1_104' title="bbox 180 5396 1776 5480; baseline -0.009 -14"><span class='ocrx_word' id='word_1_745' title='bbox 180 5411 382 5480; x_wconf 78' lang='grc' dir='ltr'>μώσσι</span> <span class='ocrx_word' id='word_1_746' title='bbox 413 5410 715 5480; x_wconf 74' lang='grc' dir='ltr'>διαθήκην</span> <span class='ocrx_word' id='word_1_747' title='bbox 736 5407 992 5472; x_wconf 67' lang='grc' dir='ltr'>πολλοῖς</span> <span class='ocrx_word' id='word_1_748' title='bbox 1025 5403 1283 5474; x_wconf 77' lang='grc' dir='ltr'>ἑϐδομὰς</span> <span class='ocrx_word' id='word_1_749' title='bbox 1309 5402 1421 5472; x_wconf 82' lang='grc' dir='ltr'><strong>μία</strong></span> <span class='ocrx_word' id='word_1_750' title='bbox 1442 5415 1457 5429; x_wconf 77' lang='grc'><strong><em>⁸</em></strong></span> <span class='ocrx_word' id='word_1_751' title='bbox 1497 5400 1619 5454; x_wconf 77' lang='grc' dir='ltr'>ἀντὶ</span> <span class='ocrx_word' id='word_1_752' title='bbox 1657 5396 1776 5463; x_wconf 82' lang='grc' dir='ltr'>τοῦ,</span> 
     </span>
    </p>
   </div>
   <div class='ocr_carea' id='block_1_105' title="bbox 186 5490 1777 5576">
    <p class='ocr_par' dir='ltr' id='par_1_105' title="bbox 186 5490 1777 5576">
     <span class='ocr_line' id='line_1_105' title="bbox 186 5490 1777 5576; baseline -0.007 -17"><span class='ocrx_word' id='word_1_753' title='bbox 186 5504 434 5576; x_wconf 73' lang='grc' dir='ltr'>Δύναμιν</span> <span class='ocrx_word' id='word_1_754' title='bbox 462 5502 768 5574; x_wconf 74' lang='grc' dir='ltr'>περιζώσιι</span> <span class='ocrx_word' id='word_1_755' title='bbox 800 5501 1052 5567; x_wconf 71' lang='grc' dir='ltr'>πολλοὺς,</span> <span class='ocrx_word' id='word_1_756' title='bbox 1092 5499 1221 5561; x_wconf 78' lang='grc' dir='ltr'>τοὺς</span> <span class='ocrx_word' id='word_1_757' title='bbox 1265 5493 1513 5566; x_wconf 81' lang='grc' dir='ltr'>μαθητὰς</span> <span class='ocrx_word' id='word_1_758' title='bbox 1549 5490 1777 5563; x_wconf 73' lang='grc' dir='ltr'>δηλαδὴ,</span> 
     </span>
    </p>
   </div>
   <div class='ocr_carea' id='block_1_106' title="bbox 184 5580 1779 5669">
    <p class='ocr_par' dir='ltr' id='par_1_106' title="bbox 184 5580 1779 5669">
     <span class='ocr_line' id='line_1_106' title="bbox 184 5580 1779 5669; baseline -0.011 -16"><span class='ocrx_word' id='word_1_759' title='bbox 184 5596 289 5651; x_wconf 66' lang='grc' dir='ltr'><strong>τόν</strong></span> <span class='ocrx_word' id='word_1_760' title='bbox 316 5614 377 5651; x_wconf 77' lang='grc' dir='ltr'><strong>τε</strong></span> <span class='ocrx_word' id='word_1_761' title='bbox 406 5596 518 5669; x_wconf 72' lang='grc' dir='ltr'><strong>πρὸ</strong></span> <span class='ocrx_word' id='word_1_762' title='bbox 547 5596 649 5650; x_wconf 81' lang='grc' dir='ltr'>τοῦ</span> <span class='ocrx_word' id='word_1_763' title='bbox 681 5594 894 5658; x_wconf 73' lang='grc' dir='ltr'>Βάθους</span> <span class='ocrx_word' id='word_1_764' title='bbox 932 5591 1029 5646; x_wconf 77' lang='grc' dir='ltr'>τοῦ</span> <span class='ocrx_word' id='word_1_765' title='bbox 1062 5588 1272 5662; x_wconf 78' lang='grc' dir='ltr'>Κυρίου</span> <span class='ocrx_word' id='word_1_766' title='bbox 1299 5584 1518 5657; x_wconf 82' lang='grc' dir='ltr'>χρόνον,</span> <span class='ocrx_word' id='word_1_767' title='bbox 1558 5582 1658 5636; x_wconf 77' lang='grc' dir='ltr'>καὶ</span> <span class='ocrx_word' id='word_1_768' title='bbox 1684 5580 1779 5636; x_wconf 82' lang='grc' dir='ltr'>τὸν</span> 
     </span>
    </p>
   </div>
   <div class='ocr_carea' id='block_1_107' title="bbox 190 5675 1777 5761">
    <p class='ocr_par' dir='ltr' id='par_1_107' title="bbox 190 5675 1777 5761">
     <span class='ocr_line' id='line_1_107' title="bbox 190 5675 1777 5761; baseline -0.013 -12"><span class='ocrx_word' id='word_1_769' title='bbox 190 5690 345 5761; x_wconf 64' lang='grc' dir='ltr'>μετὰ</span> <span class='ocrx_word' id='word_1_770' title='bbox 370 5691 428 5747; x_wconf 77' lang='lat' dir='ltr'><strong>sb</strong></span> <span class='ocrx_word' id='word_1_771' title='bbox 471 5690 679 5757; x_wconf 78' lang='grc' dir='ltr'>Βάθος,</span> <span class='ocrx_word' id='word_1_772' title='bbox 710 5686 832 5744; x_wconf 83' lang='grc' dir='ltr'>καθ’</span> <span class='ocrx_word' id='word_1_773' title='bbox 860 5686 923 5744; x_wconf 79' lang='grc' dir='ltr'><strong>δν</strong></span> <span class='ocrx_word' id='word_1_774' title='bbox 944 5685 1217 5758; x_wconf 77' lang='grc' dir='ltr'>πρότερον</span> <span class='ocrx_word' id='word_1_775' title='bbox 1258 5680 1357 5754; x_wconf 80' lang='grc' dir='ltr'>μὲν</span> <span class='ocrx_word' id='word_1_776' title='bbox 1387 5680 1445 5735; x_wconf 75' lang='grc' dir='ltr'><strong>ἐν</strong></span> <span class='ocrx_word' id='word_1_777' title='bbox 1493 5675 1777 5748; x_wconf 76' lang='grc' dir='ltr'>Ἰερουσα·</span> 
     </span>
    </p>
   </div>
   <div class='ocr_carea' id='block_1_108' title="bbox 1877 4474 3463 4548">
    <p class='ocr_par' dir='ltr' id='par_1_108' title="bbox 1877 4474 3463 4548">
     <span class='ocr_line' id='line_1_108' title="bbox 1877 4474 3463 4548; baseline 0.005 -19"><span class='ocrx_word' id='word_1_778' title='bbox 1877 4474 2165 4530; x_wconf 88' lang='lat' dir='ltr'><strong>hominum</strong></span> <span class='ocrx_word' id='word_1_779' title='bbox 2195 4476 2420 4531; x_wconf 87' lang='lat' dir='ltr'><strong>ad&#39;veri</strong></span> <span class='ocrx_word' id='word_1_780' title='bbox 2464 4476 2562 4531; x_wconf 89' lang='lat' dir='ltr'><strong>Dei</strong></span> <span class='ocrx_word' id='word_1_781' title='bbox 2610 4477 2954 4548; x_wconf 76' lang='lat' dir='ltr'><strong>agnitionem</strong></span> <span class='ocrx_word' id='word_1_782' title='bbox 2992 4479 3376 4542; x_wconf 78' lang='lat' dir='ltr'><strong>attraxissent.</strong></span> <span class='ocrx_word' id='word_1_783' title='bbox 3404 4484 3463 4537; x_wconf 89' lang='lat' dir='ltr'><strong>in</strong></span> 
     </span>
    </p>
   </div>
   <div class='ocr_carea' id='block_1_109' title="bbox 1874 4568 3462 4641">
    <p class='ocr_par' dir='ltr' id='par_1_109' title="bbox 1874 4568 3462 4641">
     <span class='ocr_line' id='line_1_109' title="bbox 1874 4568 3462 4641; baseline 0.003 -18"><span class='ocrx_word' id='word_1_784' title='bbox 1874 4575 2067 4638; x_wconf 76' lang='lat' dir='ltr'><strong>gentes</strong></span> <span class='ocrx_word' id='word_1_785' title='bbox 2115 4568 2350 4638; x_wconf 90' lang='lat' dir='ltr'><strong>dispersi</strong></span> <span class='ocrx_word' id='word_1_786' title='bbox 2403 4578 2571 4633; x_wconf 90' lang='lat' dir='ltr'><strong>sunt,</strong></span> <span class='ocrx_word' id='word_1_787' title='bbox 2622 4584 2831 4641; x_wconf 86' lang='lat' dir='ltr'><strong>easque</strong></span> <span class='ocrx_word' id='word_1_788' title='bbox 2878 4569 3288 4626; x_wconf 85' lang='lat' dir='ltr'><strong>illuminarunt.</strong></span> <span class='ocrx_word' id='word_1_789' title='bbox 3342 4572 3462 4629; x_wconf 80' lang='lat' dir='ltr'><strong>Hoc</strong></span> 
     </span>
    </p>
   </div>
   <div class='ocr_carea' id='block_1_110' title="bbox 1874 4661 3461 4734">
    <p class='ocr_par' dir='ltr' id='par_1_110' title="bbox 1874 4661 3461 4734">
     <span class='ocr_line' id='line_1_110' title="bbox 1874 4661 3461 4734; baseline 0.003 -17"><span class='ocrx_word' id='word_1_790' title='bbox 1874 4661 2045 4732; x_wconf 81' lang='lat' dir='ltr'><strong>igitur</strong></span> <span class='ocrx_word' id='word_1_791' title='bbox 2059 4661 2428 4733; x_wconf 83' lang='lat' dir='ltr'><strong>archangelus</strong></span> <span class='ocrx_word' id='word_1_792' title='bbox 2452 4661 2897 4734; x_wconf 62' lang='lat' dir='ltr'><strong>praesigniﬁcans</strong></span> <span class='ocrx_word' id='word_1_793' title='bbox 2924 4662 3143 4718; x_wconf 89' lang='lat' dir='ltr'><strong>Danieli</strong></span> <span class='ocrx_word' id='word_1_794' title='bbox 3172 4664 3461 4734; x_wconf 70' lang='lat' dir='ltr'><strong>propheta:</strong></span> 
     </span>
    </p>
   </div>
   <div class='ocr_carea' id='block_1_111' title="bbox 1874 4751 3464 4826">
    <p class='ocr_par' dir='ltr' id='par_1_111' title="bbox 1874 4751 3464 4826">
     <span class='ocr_line' id='line_1_111' title="bbox 1874 4751 3464 4826; baseline 0.003 -19"><span class='ocrx_word' id='word_1_795' title='bbox 1874 4752 1992 4808; x_wconf 87' lang='lat' dir='ltr'><strong>ait:</strong></span> <span class='ocrx_word' id='word_1_796' title='bbox 2022 4751 2369 4821; x_wconf 76' lang='lat' dir='ltr'><strong>Conﬁrmabit</strong></span> <span class='ocrx_word' id='word_1_797' title='bbox 2401 4761 2776 4808; x_wconf 84' lang='lat' dir='ltr'><strong>testamentum</strong></span> <span class='ocrx_word' id='word_1_798' title='bbox 2800 4754 2981 4809; x_wconf 83' lang='lat' dir='ltr'><strong>multis</strong></span> <span class='ocrx_word' id='word_1_799' title='bbox 3018 4755 3299 4810; x_wconf 77' lang='lat' dir='ltr'><strong>ltebdomas</strong></span> <span class='ocrx_word' id='word_1_800' title='bbox 3330 4773 3464 4826; x_wconf 82' lang='lat' dir='ltr'><strong>una,</strong></span> 
     </span>
    </p>
   </div>
   <div class='ocr_carea' id='block_1_112' title="bbox 1876 4845 3463 4919">
    <p class='ocr_par' dir='ltr' id='par_1_112' title="bbox 1876 4845 3463 4919">
     <span class='ocr_line' id='line_1_112' title="bbox 1876 4845 3463 4919; baseline 0.002 -19"><span class='ocrx_word' id='word_1_801' title='bbox 1876 4845 1983 4902; x_wconf 87' lang='lat' dir='ltr'><strong>hoc</strong></span> <span class='ocrx_word' id='word_1_802' title='bbox 2002 4856 2107 4913; x_wconf 87' lang='lat' dir='ltr'><strong>est,</strong></span> <span class='ocrx_word' id='word_1_803' title='bbox 2132 4846 2279 4903; x_wconf 86' lang='lat' dir='ltr'><strong>vires</strong></span> <span class='ocrx_word' id='word_1_804' title='bbox 2302 4857 2558 4918; x_wconf 78' lang='lat' dir='ltr'><strong>suggeret</strong></span> <span class='ocrx_word' id='word_1_805' title='bbox 2592 4848 2811 4915; x_wconf 88' lang='lat' dir='ltr'><strong>multis,</strong></span> <span class='ocrx_word' id='word_1_806' title='bbox 2846 4847 3142 4919; x_wconf 87' lang='lat' dir='ltr'><strong>discipulis</strong></span> <span class='ocrx_word' id='word_1_807' title='bbox 3169 4850 3463 4914; x_wconf 88' lang='lat' dir='ltr'><strong>nimirum,</strong></span> 
     </span>
    </p>
   </div>
   <div class='ocr_carea' id='block_1_113' title="bbox 1881 4941 3463 5010">
    <p class='ocr_par' dir='ltr' id='par_1_113' title="bbox 1881 4941 3463 5010">
     <span class='ocr_line' id='line_1_113' title="bbox 1881 4941 3463 5010; baseline 0 -16"><span class='ocrx_word' id='word_1_808' title='bbox 1881 4949 2102 5008; x_wconf 87' lang='lat' dir='ltr'><strong>tempus</strong></span> <span class='ocrx_word' id='word_1_809' title='bbox 2132 4946 2189 4994; x_wconf 77' lang='grc' dir='ltr'>ει</span> <span class='ocrx_word' id='word_1_810' title='bbox 2213 4948 2595 5006; x_wconf 79' lang='lat' dir='ltr'><strong>antegressum</strong></span> <span class='ocrx_word' id='word_1_811' title='bbox 2639 4951 2698 4997; x_wconf 77' lang='grc' dir='ltr'>ει</span> <span class='ocrx_word' id='word_1_812' title='bbox 2740 4951 3105 4996; x_wconf 88' lang='lat' dir='ltr'><strong>consecutum</strong></span> <span class='ocrx_word' id='word_1_813' title='bbox 3148 4941 3463 5010; x_wconf 88' lang='lat' dir='ltr'><strong>passionem</strong></span> 
     </span>
    </p>
   </div>
   <div class='ocr_carea' id='block_1_114' title="bbox 1876 5029 3463 5102">
    <p class='ocr_par' dir='ltr' id='par_1_114' title="bbox 1876 5029 3463 5102">
     <span class='ocr_line' id='line_1_114' title="bbox 1876 5029 3463 5102; baseline 0.001 -18"><span class='ocrx_word' id='word_1_814' title='bbox 1876 5029 2094 5084; x_wconf 89' lang='lat' dir='ltr'><strong>Domini</strong></span> <span class='ocrx_word' id='word_1_815' title='bbox 2119 5030 2462 5100; x_wconf 79' lang='lat' dir='ltr'><strong>complexus,</strong></span> <span class='ocrx_word' id='word_1_816' title='bbox 2503 5046 2616 5100; x_wconf 92' lang='lat' dir='ltr'><strong>quo</strong></span> <span class='ocrx_word' id='word_1_817' title='bbox 2643 5030 2799 5102; x_wconf 87' lang='lat' dir='ltr'><strong>prius</strong></span> <span class='ocrx_word' id='word_1_818' title='bbox 2835 5030 3231 5102; x_wconf 82' lang='lat' dir='ltr'><strong>Hierosolymis</strong></span> <span class='ocrx_word' id='word_1_819' title='bbox 3262 5032 3463 5100; x_wconf 79' lang='lat' dir='ltr'><strong>praedi-</strong></span> 
     </span>
    </p>
   </div>
   <div class='ocr_carea' id='block_1_115' title="bbox 1878 5121 3466 5193">
    <p class='ocr_par' dir='ltr' id='par_1_115' title="bbox 1878 5121 3466 5193">
     <span class='ocr_line' id='line_1_115' title="bbox 1878 5121 3466 5193; baseline -0.001 -17"><span class='ocrx_word' id='word_1_820' title='bbox 1878 5121 2351 5192; x_wconf 85' lang='lat' dir='ltr'><strong>cabantapostoli,</strong></span> <span class='ocrx_word' id='word_1_821' title='bbox 2376 5132 2503 5193; x_wconf 89' lang='lat' dir='ltr'><strong>post</strong></span> <span class='ocrx_word' id='word_1_822' title='bbox 2535 5123 2705 5178; x_wconf 87' lang='lat' dir='ltr'><strong>etiam</strong></span> <span class='ocrx_word' id='word_1_823' title='bbox 2724 5124 2878 5183; x_wconf 86' lang='lat' dir='ltr'><strong>orbis</strong></span> <span class='ocrx_word' id='word_1_824' title='bbox 2900 5131 3178 5178; x_wconf 88' lang='lat' dir='ltr'><strong>terrarum</strong></span> <span class='ocrx_word' id='word_1_825' title='bbox 3200 5124 3466 5177; x_wconf 84' lang='lat' dir='ltr'><strong>extremi-</strong></span> 
     </span>
    </p>
   </div>
   <div class='ocr_carea' id='block_1_116' title="bbox 1881 5212 3463 5270">
    <p class='ocr_par' dir='ltr' id='par_1_116' title="bbox 1881 5212 3463 5270">
     <span class='ocr_line' id='line_1_116' title="bbox 1881 5212 3463 5270; baseline -0.003 -1"><span class='ocrx_word' id='word_1_826' title='bbox 1881 5221 2020 5269; x_wconf 85' lang='lat' dir='ltr'><strong>tates</strong></span> <span class='ocrx_word' id='word_1_827' title='bbox 2054 5213 2326 5269; x_wconf 87' lang='lat' dir='ltr'><strong>oheuntes</strong></span> <span class='ocrx_word' id='word_1_828' title='bbox 2380 5213 2673 5270; x_wconf 88' lang='lat' dir='ltr'><strong>docebant.</strong></span> <span class='ocrx_word' id='word_1_829' title='bbox 2716 5213 2840 5269; x_wconf 81' lang='lat' dir='ltr'><strong>Mox</strong></span> <span class='ocrx_word' id='word_1_830' title='bbox 2871 5212 3125 5269; x_wconf 88' lang='lat' dir='ltr'><strong>eamdem</strong></span> <span class='ocrx_word' id='word_1_831' title='bbox 3157 5213 3463 5267; x_wconf 86' lang='lat' dir='ltr'><strong>hebdoma-</strong></span> 
     </span>
    </p>
   </div>
   <div class='ocr_carea' id='block_1_117' title="bbox 1878 5299 3463 5359">
    <p class='ocr_par' dir='ltr' id='par_1_117' title="bbox 1878 5299 3463 5359">
     <span class='ocr_line' id='line_1_117' title="bbox 1878 5299 3463 5359; baseline -0.004 -3"><span class='ocrx_word' id='word_1_832' title='bbox 1878 5301 2003 5356; x_wconf 89' lang='lat' dir='ltr'><strong>dem</strong></span> <span class='ocrx_word' id='word_1_833' title='bbox 2049 5301 2249 5358; x_wconf 85' lang='lat' dir='ltr'><strong>dividit</strong></span> <span class='ocrx_word' id='word_1_834' title='bbox 2303 5302 2391 5359; x_wconf 91' lang='lat' dir='ltr'><strong>his</strong></span> <span class='ocrx_word' id='word_1_835' title='bbox 2441 5302 2631 5359; x_wconf 87' lang='lat' dir='ltr'><strong>verbis</strong></span> <span class='ocrx_word' id='word_1_836' title='bbox 2684 5320 2698 5357; x_wconf 92' lang='lat'><strong>:</strong></span> <span class='ocrx_word' id='word_1_837' title='bbox 2747 5303 2814 5358; x_wconf 86' lang='lat' dir='ltr'><strong>In</strong></span> <span class='ocrx_word' id='word_1_838' title='bbox 2867 5304 3084 5357; x_wconf 78' lang='lat' dir='ltr'><strong>semisse</strong></span> <span class='ocrx_word' id='word_1_839' title='bbox 3122 5299 3463 5355; x_wconf 83' lang='lat' dir='ltr'><strong>hebdomadis</strong></span> 
     </span>
    </p>
   </div>
   <div class='ocr_carea' id='block_1_118' title="bbox 1879 5391 3459 5464">
    <p class='ocr_par' dir='ltr' id='par_1_118' title="bbox 1879 5391 3459 5464">
     <span class='ocr_line' id='line_1_118' title="bbox 1879 5391 3459 5464; baseline -0.003 -18"><span class='ocrx_word' id='word_1_840' title='bbox 1879 5391 2099 5447; x_wconf 87' lang='lat' dir='ltr'><strong>tolletur</strong></span> <span class='ocrx_word' id='word_1_841' title='bbox 2124 5395 2454 5464; x_wconf 82' lang='lat' dir='ltr'><strong>sacriﬁcium</strong></span> <span class='ocrx_word' id='word_1_842' title='bbox 2492 5406 2542 5449; x_wconf 89' lang='lat' dir='ltr'><strong>et</strong></span> <span class='ocrx_word' id='word_1_843' title='bbox 2593 5394 2803 5451; x_wconf 85' lang='lat' dir='ltr'><strong>libatio.</strong></span> <span class='ocrx_word' id='word_1_844' title='bbox 2836 5395 2959 5462; x_wconf 86' lang='lat' dir='ltr'><strong>Quo</strong></span> <span class='ocrx_word' id='word_1_845' title='bbox 3001 5395 3252 5450; x_wconf 85' lang='lat' dir='ltr'><strong>declarat</strong></span> <span class='ocrx_word' id='word_1_846' title='bbox 3294 5391 3459 5444; x_wconf 81' lang='lat' dir='ltr'><strong>ﬁnem</strong></span> 
     </span>
    </p>
   </div>
   <div class='ocr_carea' id='block_1_119' title="bbox 1880 5482 3464 5561">
    <p class='ocr_par' dir='ltr' id='par_1_119' title="bbox 1880 5482 3464 5561">
     <span class='ocr_line' id='line_1_119' title="bbox 1880 5482 3464 5561; baseline -0.004 -20"><span class='ocrx_word' id='word_1_847' title='bbox 1880 5486 2093 5542; x_wconf 82' lang='lat' dir='ltr'><strong>umbrae</strong></span> <span class='ocrx_word' id='word_1_848' title='bbox 2140 5487 2301 5559; x_wconf 80' lang='lat' dir='ltr'><strong>legis.</strong></span> <span class='ocrx_word' id='word_1_849' title='bbox 2351 5489 2563 5546; x_wconf 88' lang='lat' dir='ltr'><strong>Deinde</strong></span> <span class='ocrx_word' id='word_1_850' title='bbox 2599 5490 2863 5561; x_wconf 75' lang='lat' dir='ltr'><strong>subiicit:</strong></span> <span class='ocrx_word' id='word_1_851' title='bbox 2898 5488 2965 5543; x_wconf 83' lang='lat' dir='ltr'><strong>Et</strong></span> <span class='ocrx_word' id='word_1_852' title='bbox 3011 5501 3173 5559; x_wconf 84' lang='lat' dir='ltr'><strong>super</strong></span> <span class='ocrx_word' id='word_1_853' title='bbox 3205 5482 3464 5554; x_wconf 80' lang='lat' dir='ltr'><strong>templum</strong></span> 
     </span>
    </p>
   </div>
   <div class='ocr_carea' id='block_1_120' title="bbox 1880 5578 3468 5642">
    <p class='ocr_par' dir='ltr' id='par_1_120' title="bbox 1880 5578 3468 5642">
     <span class='ocr_line' id='line_1_120' title="bbox 1880 5578 3468 5642; baseline -0.005 -5"><span class='ocrx_word' id='word_1_854' title='bbox 1880 5583 2210 5639; x_wconf 81' lang='lat' dir='ltr'><strong>abominatio</strong></span> <span class='ocrx_word' id='word_1_855' title='bbox 2256 5585 2521 5641; x_wconf 79' lang='lat' dir='ltr'><strong>uastitatis</strong></span> <span class='ocrx_word' id='word_1_856' title='bbox 2556 5602 2577 5642; x_wconf 87' lang='lat'><strong>:</strong></span> <span class='ocrx_word' id='word_1_857' title='bbox 2608 5599 2736 5641; x_wconf 87' lang='lat' dir='ltr'><strong>nam</strong></span> <span class='ocrx_word' id='word_1_858' title='bbox 2778 5597 2905 5638; x_wconf 90' lang='lat' dir='ltr'><strong>cum</strong></span> <span class='ocrx_word' id='word_1_859' title='bbox 2961 5581 3079 5636; x_wconf 70' lang='lat' dir='ltr'><strong>hazc</strong></span> <span class='ocrx_word' id='word_1_860' title='bbox 3129 5578 3284 5639; x_wconf 82' lang='lat' dir='ltr'><strong>ﬁent,</strong></span> <span class='ocrx_word' id='word_1_861' title='bbox 3325 5585 3468 5634; x_wconf 80' lang='lat' dir='ltr'><strong>tem-</strong></span> 
     </span>
    </p>
   </div>
   <div class='ocr_carea' id='block_1_121' title="bbox 1881 5668 3468 5747">
    <p class='ocr_par' dir='ltr' id='par_1_121' title="bbox 1881 5668 3468 5747">
     <span class='ocr_line' id='line_1_121' title="bbox 1881 5668 3468 5747; baseline -0.004 -16"><span class='ocrx_word' id='word_1_862' title='bbox 1881 5674 2036 5747; x_wconf 90' lang='lat' dir='ltr'><strong>plum</strong></span> <span class='ocrx_word' id='word_1_863' title='bbox 2076 5675 2293 5747; x_wconf 87' lang='lat' dir='ltr'><strong>pridem</strong></span> <span class='ocrx_word' id='word_1_864' title='bbox 2337 5686 2596 5734; x_wconf 86' lang='lat' dir='ltr'><strong>sanctum</strong></span> <span class='ocrx_word' id='word_1_865' title='bbox 2625 5684 2683 5735; x_wconf 91' lang='lat' dir='ltr'><strong>et</strong></span> <span class='ocrx_word' id='word_1_866' title='bbox 2721 5672 3060 5740; x_wconf 84' lang='lat' dir='ltr'><strong>venerabile,</strong></span> <span class='ocrx_word' id='word_1_867' title='bbox 3121 5668 3468 5731; x_wconf 71' lang='lat' dir='ltr'><strong>abominatio</strong></span> 
     </span>
    </p>
   </div>
  </div>
