3926 6210
421 233 528 300 259

1688 226 1933 288 ῙΟΑΝΝ
1945 227 2026 287 IS.
2050 225 2375 287 ZONARB

3563 229 3674 294 260

411 347 779 420 iudicabitur;
837 346 990 418 quod
1047 355 1174 418 post
1225 347 1801 404 bebdomademhane
1820 355 1996 401 extre-

2102 345 2214 418 λὴμ
2241 345 2603 417 προσέμενον,
2639 346 2734 399 καὶ
2778 329 3088 416 ἐκήρυσσον
3113 345 3160 397 οἱ
3192 329 3508 401 ἀπόστολοι.
3545 343 3678 402 Εἶτα

419 454 566 495 mam
591 440 802 511 aliquid
825 439 1200 495 abominabile
1223 441 1561 511 in‘tempium
1590 438 1993 502 introducetur,

418 529 476 584 in
529 531 746 600 signum
799 529 1125 586 vastationis
1183 533 1304 601 ejus
1353 539 1410 585 et
1455 531 1653 585 urbis:
1695 530 1842 600 quod
1893 531 1998 586 sub

425 623 600 678 Pilato
627 623 853 684 accidit,
897 623 992 692 qui
1022 633 1188 677 noctu
1223 623 1424 677 vexilla
1473 621 1528 676 in
1575 637 1642 676 eo
1685 621 1994 685 collocavit,

419 730 545 769 cum
607 713 846 783 imagine
912 714 1267 782 imperatoris
1315 728 1484 782 :quae
1536 712 1738 768 Iudaeis
1787 712 1999 766 abomi-

417 804 600 858 nanda
645 815 833 867 erant,
884 818 1009 858 cum
1076 803 1435 857 interdictum
1492 813 1661 864 esset,
1723 818 1792 857 ne
1833 818 1996 872 quam

418 896 711 965 imaginem
745 896 861 948 sive
894 895 1190 948 humanam
1225 895 1341 949 sive
1392 893 1651 948 animalis
1687 895 1851 964 138
1891 895 1997 949 ali-

416 989 575 1056 cujus
605 986 891 1044 baberent.
931 996 1027 1039 aut
1055 985 1325 1040 colerent.
1363 985 1632 1039 Dominus
1665 986 1798 1040 item
1828 1007 1839 1041 :
1877 987 1995 1051 Ubi,

419 1077 638 1145 inquit,
693 1077 1145 1130 abominationem
1214 1077 1479 1130 vastitatis
1531 1078 1587 1129 in
1658 1075 1770 1130 loco
1814 1086 1998 1131 sancto

417 1177 645 1222 stantem
699 1169 930 1222 videritis
961 1210 976 1234 ,
1033 1169 1214 1222 scitote
1265 1167 1466 1221 instare
1517 1169 1815 1222 vastitatem
1861 1170 1996 1240 ejus,

420 1261 573 1315 urbis
633 1260 1134 1331 Hierosolymorum
1187 1260 1423 1313 scilicet.
1470 1259 1612 1313 Alibi
1649 1276 1870 1331 quoque
1923 1261 1999 1315 ait

421 1351 685 1406 Dominus
717 1371 727 1404 :
763 1352 894 1404 Ecce
923 1351 1106 1404 domus
1137 1362 1312 1404 vestra
1342 1349 1673 1420 relinquetur
1699 1352 1907 1405 deserta
1933 1353 1995 1406 ³³.

419 1443 543 1498 llzec
585 1444 866 1497 Danielem
901 1457 1254 1511 praemonens
1284 1441 1676 1511 archangelus,
1711 1458 1834 1497 cum
1862 1459 2000 1514 prte-

419 1531 648 1584 dixisset
675 1531 904 1599 legalem
936 1532 1146 1583 cultum
1172 1546 1202 1584 e
1231 1532 1413 1587 medio
1437 1532 1716 1587 sublatum
1750 1531 1839 1594 iri,
1871 1532 2002 1587 sub-

419 1627 536 1695 jici.
568 1647 579 1681 :
614 1625 686 1678 Et
729 1639 890 1695 seper
921 1624 1175 1696 templum
1223 1626 1553 1680 abominalio
1602 1627 1886 1680 vastitatis.
1919 1625 1999 1680 Ne

2105 441 2200 492 καὶ
2245 440 2326 501 είς
2360 438 2428 492 τὰ
2455 439 2554 508 τῆς
2583 439 2913 509 οἰκουμένης
2945 437 3250 509 περιῄεσαν
3277 439 3555 508 τέρματα,
3589 442 3681 495 καὶ

2103 530 2404 593 ἐδίδασκον,
2439 530 2725 600 συνάψας,
2773 529 2933 593 αὖθις
2991 529 3191 599 διαιρεῖ
3243 531 3346 596 τὴν
3408 531 3683 599 ἑϐδομάδα

2103 620 2331 688 ταύτην,
2365 620 2541 688 λέγων
2562 638 2578 653 ’
2617 622 2726 674 Kal
2754 622 2824 675 ἐν
2857 619 2938 685 τῷ
2963 621 3170 689 ἡμίσει
3209 618 3320 688 τῆς
3357 621 3686 691 ἑϐδομάδος

2105 711 2431 779 ἀρθήσεται
2461 713 2642 766 θυσία
2690 714 2786 767 καὶ
2818 713 3060 779 σπονδή
3087 732 3102 746 ·
3130 714 3220 767 διὰ
3249 715 3440 768 τούτου
3472 733 3688 788 προση-

2111 805 2318 873 μαίνων
2374 804 2472 874 τὴν
2529 805 2743 859 παῦλαν
2797 807 2896 876 τῆς
2945 805 3042 860 τοῦ
3096 808 3264 877 νόμον
3321 811 3499 872 σκιᾶς.
3549 806 3686 863 Εἶτα

2105 895 2300 962 ἐπάγει
2323 911 2336 925 ·
2370 896 2480 950 Kal
2513 897 2611 950 ἐπὶ
2663 896 2730 950 τὸ
2761 897 2915 966 ἱερὸν
2940 897 3260 969 ,ϐδέλυγμα
3308 899 3419 966 τῆς
3459 900 3689 969 ἐρημώ-

2103 1001 2279 1051 σεως.
2316 987 2534 1040 Τούτων
2565 988 2692 1058 γὰρ,
2725 990 2878 1058 φησὶ,
2904 992 3235 1058 γινομένων,
3267 992 3328 1045 τὸ
3364 995 3499 1064 πρὶν
3526 991 3686 1059 ἅγιον

2105 1079 2198 1129 καὶ
2253 1078 2553 1149 σεϐάσμιον
2603 1079 2750 1148 ἱερὸν
2789 1081 3070 1152 βδέλυγμα
3117 1082 3509 1154 λογισθήσεται
3547 1085 3685 1156 (86).

2105 1170 2137 1239 ἦ
2182 1171 2263 1222 ὅτι
2315 1172 2451 1240 μετὰ
2497 1172 2596 1241 τὴν
2647 1174 2968 1226 τελευταίαν
3006 1175 3284 1245 ἑϐδομάδα
3332 1179 3538 1248 ταύτην
3569 1179 3691 1248 βδέ-

2105 1262 2290 1330 λυγμά
2322 1281 2372 1316 τι
2419 1265 2512 1317 ἐπὶ
2565 1265 2624 1316 τὸ
2673 1265 2822 1335 ἱερὸν
2874 1267 3289 1339 εἰσαχθήσεται,
3327 1273 3553 1338 σημεῖον
3585 1271 3688 1339 τῆς

2106 1353 2272 1406 αὐτοῦ
2302 1371 2361 1406 τε
2397 1356 2490 1408 καὶ
2523 1355 2620 1424 τῆς
2655 1356 2867 1420 πόλεως
2897 1358 3260 1428 ἐρημώσεως,
3281 1359 3309 1412 ὃ
3333 1362 3426 1413 ἐπὶ
3448 1361 3689 1416 Πιλάτου

2105 1444 2317 1511 γέγονε,
2377 1445 2621 1515 σημαίας
2676 1446 2895 1517 νύκτωρ
2957 1450 3352 1517 εἰσαγαγόντος
3382 1489 3398 1513 ,
3463 1451 3690 1516 εἰκόνας

2104 1535 2335 1606 ἐχούσας
2367 1536 2677 1606 βασιλικὰς,
2712 1540 2768 1592 αἳ
2799 1541 2912 1603 τοῖς
2956 1541 3231 1604 Ἰουδαίοις
3259 1542 3538 1614 βδέλυγμα
3562 1545 3685 1597 ἑλο-

2107 1629 2342 1696 γίζοντο·
2378 1632 2650 1701 ἀπείρητο
2671 1632 2780 1702 γὰρ
2810 1633 2995 1696 αὺτοῖς
3027 1634 3379 1705 ἀνθρωπίνην
3408 1637 3599 1690 εἰκόνα
3651 1639 3692 1709 ἢ

419 1731 550 1770 vero
581 1715 753 1770 Judaei
788 1716 1412 1784 putarent,'ﬁvastitatcm
1479 1715 1546 1769 ad
1594 1723 1812 1784 tempus
1837 1714 1996 1768 dura-

2107 1721 2248 1785 ζώου
2278 1722 2425 1785 τινὸς
2450 1723 2773 1792 κεκτῆσθαι,
2799 1725 2830 1794 ἢ
2866 1727 2958 1779 καὶ
2984 1727 3334 1789 σεὸάζεσθαι.
3369 1730 3479 1782 Καὶ
3508 1733 3537 1783 6
3573 1731 3691 1785 Κύ-

422 1814 621 1866 turam,
649 1813 706 1858 et
738 1804 928 1856 urbem
967 1803 1406 1866 instaurandam,
1465 1819 1530 1858 ac
1562 1804 1826 1873 templum
1854 1818 1994 1858 reat-

419 1895 752 1949 diticandum
811 1909 955 1958 esse,
1009 1895 1319 1966 cujusmodi
1365 1907 1422 1949 et
1481 1895 1587 1949 alia
1653 1894 1996 1952 creberrime

422 1986 543 2040 urbi
573 1996 628 2038 et
655 1987 857 2054 templo
907 1987 1266 2051 acciderant,
1307 1987 1532 2057 subjicit
1564 2003 1580 2039 :
1608 1985 1677 2038 Et
1724 2003 1886 2055 usque
1923 1987 1998 2040 ad

419 2077 856 2144 complementum
881 2079 1148 2143 temporis,
1205 2077 1648 2147 complementum
1676 2079 1892 2132 dabitur
1909 2094 1998 2132 su-

422 2205 514 2258 per
544 2188 887 2252 vastitatem,-
938 2188 1044 2242 hoc
1090 2197 1194 2252 est,
1251 2188 1429 2243 donec
1481 2204 1657 2243 aevum
1715 2190 1995 2258 expletum

421 2279 608 2342 fuerit,
663 2294 921 2332 mansura
971 2287 1055 2333 est
1087 2279 1254 2332 etiam
1289 2279 1535 2333 vastitas.
1587 2277 1724 2332 Tum
1775 2293 1905 2333 vero
1941 2288 1996 2334 et

422 2371 588 2440 hujus
645 2369 770 2425 linis
803 2371 930 2433 erit,
991 2385 1114 2424 eum
1165 2385 1275 2424 non
1322 2371 1429 2424 erit
1469 2379 1686 2440 tempus
1719 2372 1802 2425 vel
1843 2372 1996 2426 urbis

422 2463 504 2517 vel
545 2462 729 2531 templi
785 2462 1151 2515 instaurandi.
1188 2461 1313 2516 Haec
1355 2461 1564 2516 Danieli
1606 2462 1674 2515 de
1716 2463 1997 2531 pOpulari-

420 2554 526 2609 bus
577 2554 694 2608 suis
738 2569 838 2622 per
891 2553 1162 2607 visionem
1193 2554 1376 2608 oblata
1438 2563 1494 2608 et
1546 2555 1784 2609 revelata
1845 2567 1993 2612 sunt.

422 2646 568 2699 Idem
602 2645 726 2698 aliis
774 2659 996 2713 quoque
1028 2643 1339 2698 visionibus
1370 2652 1426 2698 et
1472 2646 1702 2698 somniis
1731 2645 1997 2701 divinitus

421 2736 682 2790 eruditus
709 2744 793 2790 est
827 2736 893 2790 de
927 2735 1131 2790 tuturis
1177 2750 1363 2789 rerum
1397 2735 1762 2790 humanarum
1820 2748 1997 2792 muta-

419 2826 706 2892 tionibus,
746 2842 850 2881 nec
904 2827 972 2880 de
1024 2825 1427 2881 mutationibus
1474 2841 1656 2880 rerum
1708 2827 1992 2893 duntaxat,

422 2919 520 2974 sed
579 2928 636 2972 et
687 2920 754 2974 de
817 2919 1160 2988 temporibus
1205 2919 1411 2989 quibus
1445 2933 1676 2988 quaeque
1715 2928 1996 2974 eventura:

415 3021 602 3066 essent
636 3028 647 3062 :
680 3028 801 3081 quae
837 3013 1019 3080 quivis
1053 3012 1359 3066 absMutius
1392 3027 1727 3082 cognoscere
1758 3013 1992 3083 poterit,

414 3105 562 3160 lecto
592 3106 867 3158 visionum
893 3104 1180 3175 Pmphela:
1203 3105 1349 3158 libro
1382 3118 1395 3152 :
1427 3115 1691 3173 certoque
1728 3113 1992 3170 statuere,

412 3198 554 3251 nihil
604 3198 855 3252 accidere
932 3213 1104 3261 casu,
1166 3212 1346 3266 neque
1413 3196 1644 3250 fortuito
1685 3204 1742 3250 et
1794 3205 2000 3251 temere

412 3291 720 3359 quidquam
752 3291 888 3360 geri,
940 3292 1033 3345 sed
1067 3288 1415 3360 providentia
1464 3288 1653 3341 divina
1697 3288 1999 3358 gubernari

414 3385 633 3446 omnia,
669 3393 724 3436 et
761 3382 988 3452 produci
1019 3382 1086 3435 ad
1113 3383 1346 3436 exitum.
1377 3381 1556 3449 Atque
1578 3380 1692 3433 haec
1723 3379 1797 3433 ita
1823 3395 1880 3433 se
1905 3379 2002 3432 lia-

421 3471 576 3536 bent,
616 3482 672 3525 et
698 3471 801 3539 piis
835 3471 1152 3526 hominibus
1182 3484 1443 3540 persuasa
1473 3476 1622 3524 sunt.

2105 1831 2222 1884 ριος
2247 1814 2326 1867 δέ’
2364 1816 2550 1870 Ὅταν
2573 1817 2758 1884 ῑδητε,
2789 1813 2934 1883 εἶπε,
2961 1819 3034 1872 ’τό
3053 1819 3374 1889 ,ϐδέλυγμα
3396 1822 3504 1890 τῆς
3541 1824 3690 1892 ἐρη-

2098 1904 2366 1973 μώσεως,
2401 1907 2592 1974 ἑστὼς
2617 1910 2688 1963 ἐν
2712 1911 2875 1974 τόπῳ
2908 1911 3073 1980 ἁγίῳ,
3108 1913 3432 1980 γινώσκετε
3460 1915 3553 1968 ὅτι
3583 1915 3694 1985 ἥγε

2103 2015 2272 2068 τικεν
2295 2001 2332 2067 ἡ
2367 2000 2663 2068 ἐρήμωσις
2695 2002 2905 2071 αὐτῆς,
2930 2005 3030 2073 τῆς
3073 2003 3429 2077 Ἰερουσαλὴμ
3458 2008 3687 2079 δηλαδή.

2105 2093 2216 2146 Καὶ
2240 2092 2474 2162 ἀλλαχοῦ
2522 2094 2567 2147 δ’
2594 2095 2697 2164 ἔφη
2723 2096 2753 2148 ό
2788 2096 3012 2167 Κύριος·
3051 2098 3208 2152 Ἰδοὺ
3238 2101 3475 2169 ἀφίεται
3525 2105 3561 2155 d
3603 2097 3693 2156 οι·-

2104 2198 2204 2246 κος
2247 2181 2417 2250 ἡμῶν
2446 2183 2684 2252 ἕρημος.
2726 2186 2910 2238 Ταῦτα
2947 2187 3326 2257 προδιδάσκων
3355 2191 3448 2243 τὸν
3483 2192 3692 2263 Δανιὴλ

2103 2274 2132 2326 6
2151 2273 2510 2343 ἀρχάγγελος,
2542 2277 2797 2346 ἐπιφέρει
2825 2277 2968 2346 μετὰ
2997 2279 3060 2332 τὸ
3090 2279 3480 2350 προθεσπίσαι,
3509 2283 3589 2347 ὡς
3621 2286 3691 2337 ἐκ

2107 2363 2272 2432 μέσου
2309 2373 2601 2435 γενήσεται
2633 2370 2663 2438 ἡ
2697 2371 2897 2439 νομικὴ
2923 2370 3170 2443 λατρεία,
3205 2375 3265 2425 τό
3291 2390 3305 2404 ·
3332 2375 3441 2428 Kal
3475 2374 3578 2430 ἐπὶ
3617 2377 3694 2431 τὸ

2103 2457 2267 2525 ἱερὸν
2289 2457 2610 2528 βδέλυγμα
2642 2458 2746 2528 τῆς
2778 2461 3156 2532 ἐρημώσεως.
3194 2465 3311 2520 Ἵνα
3339 2467 3395 2521 δὲ
3431 2467 3506 2540 μὴ
3531 2471 3698 2540 νομί-

2103 2550 2264 2619 ζηται
2311 2554 2422 2615 τοῖς
2480 2553 2757 2618 Ἰουδαίοις
2801 2557 3143 2628 πρόσκαιρος
3189 2561 3219 2629 ὴ
3261 2562 3567 2632 ἐρήμωσις,
3611 2564 3696 2628 ὡς

2104 2639 2261 2706 αὖθις
2289 2645 2387 2712 τῆς
2427 2645 2636 2708 πόλεως
2683 2647 2855 2716 αὐτῆς
2885 2649 3556 2724 ἁνοικοδομηθησομένης,
3591 2656 3695 2710 καὶ

2101 2732 2194 2785 τοῦ
2223 2735 2368 2805 ἱεροῦ
2409 2737 2570 2802 ἀνεγε
2583 2735 2938 2807 ρθησομένου,
2965 2735 3051 2794 οἷα
3081 2744 3176 2795 καὶ
3202 2743 3390 2797 ἄλλοτε
3423 2745 3692 2799 πλειστά-

2103 2841 2189 2887 κις
2219 2825 2571 2896 συμϐέϐηκεν
2611 2828 2703 2881 ὲπί
2761 2847 2818 2882 τε
2853 2831 2932 2901 τῷ
2983 2833 3096 2899 ναῷ
3147 2837 3241 2887 καὶ
3268 2838 3336 2906 τῇ
3378 2836 3555 2900 πόλει,
3589 2838 3696 2890 ἑπ-

2102 2918 2276 2986 ήγαγε
2297 2935 2310 2947 ·
2350 2919 2456 2972 Kal
2486 2918 2596 2984 ἔως
2616 2924 2978 2990 συντελείας
2995 2927 3206 2994 καιροῦ
3229 2931 3556 2982 συντέλεια
3588 2929 3696 2984 δο-

2104 3007 2353 3076 θήσεται
2385 3011 2484 3064 ἐπι
2524 3011 2642 3081 τὴν
2659 3011 2995 3083 ἐρήμωσαν
3031 3019 3334 3084 τουτέστιν,
3357 3021 3462 3083 ἕως
3494 3019 3700 3075 συντεὲ

2097 3097 2260 3169 λεσθῇ
2311 3101 2338 3152 6
2383 3099 2540 3168 αἰὼν,
2579 3105 2734 3170 μενεί
2767 3104 2862 3163 καὶ
2909 3107 2941 3174 ἠ
2972 3108 3280 3177 ἐρήμωσις,
3309 3111 3404 3162 καὶ
3432 3110 3556 3163 τότε
3589 3111 3695 3164 καὶ

2095 3192 2266 3260 ταύτῃ
2311 3192 2462 3256 τέλος
2513 3193 2686 3260 ἔσται,
2725 3195 2816 3248 ὅτε
2859 3197 3044 3251 οὐκέτι
3070 3201 3263 3270 καιρὸς
3317 3202 3482 3272 ῆτὴν
3524 3202 3694 3256 πόλιν

2099 3281 2419 3352 ἀναστῆναι,
2463 3284 2496 3354 ἦ
2541 3285 2633 3338 τὸν
2684 3287 2830 3341 ναόν.
2881 3289 3051 3345 Ταῦθ’
3079 3292 3108 3345 6
3151 3293 3352 3365 Δανιὴλ
3398 3296 3531 3367 περὶ
3575 3297 3692 3349 τῶν

2099 3373 2388 3442 ὁμοφύλων
2418 3374 2586 3428 αὑτοῦ
2627 3377 2884 3433 τεθέαται
2925 3383 3022 3436 καὶ
3069 3385 3370 3456 μεμύηται,
3397 3387 3542 3440 ἀλλὰ
3585 3389 3689 3440 καὶ

2101 3465 2294 3536 ἑτέρας
2320 3468 2585 3530 ὀπτασίας
2621 3469 2856 3542 ἑώρακε*
2891 3475 2985 3527 καὶ
3020 3476 3272 3540 ἐνύπνια,
3309 3479 3497 3534 θεόθεν
3531 3480 3693 3548 αὐτῷ

412 3562 862 3632 προδηλουμένης
925 3561 992 3613 δι’
1024 3561 1205 3615 αὐτῶν
1264 3563 1358 3631 τῆς
1413 3559 1715 3631 μελλούσης
1766 3556 1988 3612 ἔσεσθαι
2026 3558 2136 3612 τῶν
2211 3559 2496 3630 κοσμικῶν
2569 3564 2913 3632 πραγμάτων
2958 3567 3298 3640 μεταϐολῆς·
3339 3573 3436 3625 καὶ
3476 3573 3542 3625 οὐ
3583 3575 3694 3645 τῆς

420 3659 762 3723 ἀλλοιώσεως
804 3659 969 3730 μόνης
996 3660 1212 3728 ἐμυεῖτο
1241 3658 1340 3727 τὴν
1371 3657 1702 3727 πρόγνωσιν,
1727 3653 1864 3708 ἀλλὰ
1929 3653 2024 3708 καὶ
2061 3656 2188 3719 τοὺς
2246 3657 2472 3728 καιροὺς
2506 3658 2629 3710 καθ’
2666 3657 2761 3722 οὓς
2785 3661 3290 3735 ἀποτελεσθήσεται
3319 3666 3554 3722 ἕκαστον
3583 3674 3691 3725 αὖ-

424 3759 556 3821 τῶν,
588 3755 916 3819 ὲδιδάσκετο,
952 3753 986 3808 ἃ
1016 3752 1284 3820 γνώσεται
1324 3750 1540 3811 πάντω;
1582 3751 1611 3802 6
1661 3747 1986 3820 βουλόμενος
2045 3749 2397 3822 τελεώτερον,
2442 3751 2615 3804 ἐπιὼν
2683 3751 2783 3824 τὴν
2853 3753 3036 3824 βίϐλον
3079 3758 3187 3812 τῶν
3239 3759 3335 3813 τοῦ
3385 3765 3684 3832 προφήτου

414 3851 685 3920 όράσεων,
706 3849 799 3901 καὶ
835 3845 1061 3917 βεὸλίαν
1088 3841 1238 3912 σχοίη
1273 3838 1579 3908 κατάληψιν
1647 3837 1920 3903 ἐντεῦθεν,
1993 3837 2070 3900 ὡς
2110 3839 2261 3894 οὐδὲν
2291 3841 2646 3911 ἀπρονόητον,
2695 3841 2804 3895 οὐδ’
2831 3845 2952 3913 εἰκῇ
2986 3845 3306 3916 φερόμενον,
3338 3851 3432 3904 καὶ
3459 3852 3537 3916 ὡς
3559 3855 3692 3911 έτυ,

419 3961 532 4020 χεν,
564 3943 700 3998 ἀλλὰ
743 3943 920 3993 πάντα
962 3941 1028 4008 τῇ
1074 3937 1194 4007 Θείᾳ
1228 3933 1460 4007 προνοίᾳ
1491 3933 1585 3986 καὶ
1652 3931 2026 4003 κυϐερνῶνται
2065 3932 2161 3985 καὶ
2230 3932 2596 4002 διεξάγονται.
2629 3933 2817 3989 Ταῦτα
2853 3935 2955 4005 μὲν
2983 3933 3079 3991 οὖν
3121 3938 3298 4004 οὕτως
3327 3943 3535 4014 ἔχουσι,
3589 3949 3689 4004 καὶ

419 4042 533 4102 τοῖς
566 4036 814 4091 εὐσεϐέσι
845 4033 1180 4098 δοξάζονται.

489 4132 582 4186 XI.
617 4129 786 4184 Nobis
803 4139 985 4181 autem
1004 4139 1106 4179 nec
1135 4122 1400 4192 viraginis
1425 4121 1662 4176 Judithaa
1691 4133 1780 4175 res
1831 4127 1996 4189 gestat

2175 4117 2279 4173 lA'.
2315 4115 2478 4184 Ἡμῖν
2505 4114 2563 4168 δὲ
2597 4117 2733 4186 μηδὲ
2763 4117 2831 4171 τὰ
2862 4119 3005 4174 κατά
3037 4120 3134 4192 τὴν
3161 4126 3538 4196 ὁρῤενόψρονα
3570 4147 3682 4183 πα-

411 4235 544 4280 sunt
565 4219 954 4292 prattcreundae
974 4215 1218 4277 silentio,
1237 4229 1358 4284 quae
1384 4214 1729 4283 llolopherne
1756 4211 1992 4275 sublato,

2107 4205 2422 4278 ρἰλειπτέον
2455 4209 2690 4274 γυναῖκα
2727 4209 2953 4280 ἰουδηθ,
2997 4212 3138 4281 ἠτὸν
3179 4214 3512 4288 Ὀλοφέρνην
3545 4218 3684 4274 dilo-

412 4327 473 4372 ct
501 4315 690 4369 urbem
727 4323 782 4367 et
828 4320 1046 4382 gentem
1087 4324 1240 4363 suam
1289 4306 1658 4362 conservavit.
1700 4305 1810 4360 Res
1860 4319 1994 4358 vero

2103 4298 2320 4371 θρευσε,
2359 4303 2453 4351 καὶ
2487 4296 2586 4368 τὴν
2649 4298 2806 4352 πόλιν
2863 4301 3038 4372 αὐτῆς
3089 4305 3185 4358 καὶ
3230 4306 3292 4359 τὸ
3336 4307 3492 4374 ἔθνος
3535 4313 3684 4366 ἅπαν

417 4411 493 4464 ita
525 4425 581 4463 se
608 4407 808 4460 habet:
831 4401 1338 4459 Nabuchodonosor
1359 4400 1705 4471 Assyriorum
1737 4414 1831 4452 rex
1853 4397 1993 4452 duo-

2102 4393 2384 4446 διέσωσεν.
2418 4391 2572 4461 Ἔχει
2607 4391 2799 4446 δὀὓτω
2825 4395 2892 4448 τὰ
2933 4396 3056 4448 κατ’
3085 4397 3278 4468 αὐτήν.
3320 4401 3408 4454 Ἐν
3439 4403 3557 4458 [tu
3583 4406 3684 4459 δω-

411 4500 636 4554 Δεοὶιιιο
685 4497 837 4566 regni
877 4495 960 4549 sui
1013 4509 1158 4547 anno
1205 4492 1405 4546 bellum
1452 4491 1694 4559 suscepit
1731 4488 1996 4542 adversus

2104 4483 2315 4554 δεκάτῳ
2340 4484 2439 4553 τῆς
2471 4483 2753 4553 βασιλείας
2787 4486 2956 4539 αὑτοῦ
2995 4489 3024 4542 ό
3048 4489 3160 4542 τῶν
3199 4490 3508 4563 Ἀσσυρίων
3546 4497 3686 4568 ἀρχ-

419 4588 808 4657 Arphaxadum
861 4601 1040 4654 regem
1075 4585 1354 4638 Medorum
1378 4621 1392 4644 ,
1442 4581 1689 4636 ﬁnitimis
1729 4581 1985 4650 gentibus

2102 4577 2226 4644 ηγδς
2280 4575 2754 4647 Ναϐουχοδονόσορ
2793 4577 2930 4647 πρὸς
2974 4579 3253 4651 ’Δρφαξὰδ
3293 4584 3385 4638 τὸν
3450 4586 3680 4656 βασιλέα

413 4681 475 4735 in
505 4678 766 4732 auxilium
798 4676 1042 4730 evocatis
1077 4694 1088 4728 ι
1119 4675 1262 4743 quod
1291 4687 1416 4725 cum
1449 4679 1504 4724 et
1543 4673 1663 4725 aliae
1709 4672 1895 4739 plures
1941 4679 1996 4724 et

2103 4667 2288 4736 Μῆδον
2319 4669 2492 4739 ἤρατο
2523 4667 2781 4737 πόλεμον,
2812 4669 2909 4723 καὶ
2931 4670 2999 4723 τὰ
3027 4672 3188 4741 πέριξ
3214 4674 3340 4745 ἔθνη
3374 4679 3516 4747 πρὸς
3537 4697 3677 4750 συμ.

413 4772 589 4828 Judzei
633 4776 940 4838 negassent,
995 4774 1246 4819 rccusata
1297 4761 1426 4816 belli
1478 4760 1763 4825 societate,
1808 4760 1996 4814 Nabu-

2102 4756 2305 4826 μαχίαν
2340 4756 2507 4809 αὐτοῦ
2559 4755 2952 4828 μετεκέκλητο.
2986 4759 3208 4816 Πολλῶν
3239 4762 3284 4816 δ’
3321 4765 3554 4836 ἑτέρων,
3584 4769 3678 4821 καὶ

417 4861 772 4918 chodonosur
816 4859 1014 4920 iratus,
1055 4853 1264 4926 juravit
1307 4868 1365 4908 se
1402 4851 1656 4907 conlecto
1697 4851 1841 4906 bello
1887 4851 2003 4906 Me-

411 4955 544 5009 dico
577 4954 895 5006 invasurum
929 4948 1198 5013 Ciciliam,
1236 4945 1590 5008 Damascum,
1623 4943 1834 5014 Syriam
1855 4981 1871 5008 ,
1900 4942 2001 4998 Ju-

415 5049 588 5101 daeum
613 5054 669 5099 et
691 5043 1005 5114 Egyptum,
1037 5040 1292 5106 ferroque
1331 5045 1388 5090 et
1421 5036 1544 5106 igne
1571 5042 1912 5088 vastaturum
1944 5040 2001 5086 et

417 5151 766 5193 ever-surum.
796 5135 969 5204 igitur
1015 5129 1343 5202 Arphaxado
1369 5127 1526 5183 Medo
1573 5126 1689 5182 acie
1737 5134 1997 5194 superato

414 5240 472 5284 et
511 5236 670 5297 capto
710 5237 877 5295 atque
928 5224 1237 5289 interfecto,
1286 5236 1410 5276 cum
1463 5219 1677 5276 ert-teris
1717 5216 1948 5270 urbibus
1974 5251 1992 5279 ,

489 5341 535 5372 ¹³
557 5340 690 5395 Luc.
719 5353 840 5402 xm,
871 5336 961 5390 '55.

2098 4846 2281 4900 αὐτῶν
2326 4847 2595 4902 Ἰουδαίων
2640 4850 2740 4918 τὴν
2779 4850 3117 4922 πρόσκλησιν
3167 4855 3243 4926 μὴ
3298 4857 3676 4930 καταδεξαμέ-

2098 4953 2226 5003 νων,
2254 4939 2350 4990 καὶ
2387 4939 2448 4990 τὸ
2480 4942 2842 5011 συμμαχῆσαι
2865 4944 2913 4996 οἱ
2951 4945 3369 5015 ἀπειπαμένων,
3399 4952 3430 5004 6
3460 4951 3676 5006 Ναϐου-

2095 5030 2383 5102 χοδονόσορ
2424 5029 2745 5102 ὲξώργιστο,
2785 5035 2881 5088 καὶ
2919 5035 3155 5108 ὤμοσεν,
3191 5034 3380 5112 ἧμὴν,
3415 5043 3510 5097 τὸν
3538 5045 3670 5116 πρὸς

2092 5120 2217 5183 τοὺς
2256 5121 2471 5190 Μήδους
2491 5122 2698 5187 ἀνύσας
2728 5125 2990 5196 πόλεμον,
3019 5129 3270 5186 ἐπελθεῖν
3299 5136 3442 5190 κατά
3475 5153 3536 5190 τε
3568 5139 3661 5190 Kt-

2091 5213 2268 5275 λικίας
2303 5212 2398 5266 καὶ
2421 5215 2738 5284 Δαμασκοῦ,
2767 5219 2860 5272 καὶ
2884 5219 3106 5291 Συρίας,
3136 5224 3230 5279 καὶ
3270 5226 3554 5294 Ἰουδαίας,
3570 5230 3654 5282 καὶ

1604 5463 1802 5526 νοτία)
1837 5460 2146 5524 lectiones
2187 5465 2251 5522 et
2283 5465 2479 5524 nolle.

421 5607 434 5684 '_
489 5607 598 5680 (86)
629 5603 951 5684 pausam
978 5596 1427 5670 λογισθήσεται,
1447 5593 1484 5662 ἣ
1511 5593 1621 5647 ὅτι.
1660 5587 1996 5645 Ἀνανταπόδ

2102 5607 2124 5643 ν
2172 5597 2284 5656 est,
2315 5596 2411 5643 aut
2445 5587 2530 5655 τὸ,
2585 5588 2644 5657 ἢ,
2717 5589 3010 5659 redundat,
3048 5601 3145 5647 aut
3213 5593 3448 5652 alterum
3491 5610 3664 5652 mem-

419 5675 588 5733 brum
609 5677 785 5731 deest.
818 5675 909 5732 W.
