3958 6204
501 229 611 293 263
1767 223 2064 286 JOANNI!

2137 221 2465 284 ΖΟΝΑΗιΕ
3591 232 3682 296 ἳω

507 340 664 395 urbis
687 338 991 412 praestolari
1023 337 1182 410 jubet
1219 352 1237 392 :
1270 351 1330 393 se
1359 351 1488 393 cum
1521 335 1724 392 ancilla
1775 350 1877 392 sua
1907 335 2070 389 exitur

2123 339 2169 395 Α
2201 333 2486 387 συνέθεντο
2541 333 2740 402 λέγειν,
2784 330 3072 386 ἀντὲθεντο
3111 334 3164 386 δὲ
3202 337 3293 406 τήν
3323 335 3466 406 δίψαν
3501 346 3584 410 την
3610 344 3681 397 τοῦ

505 448 647 496 ram,
675 446 854 500 neque
885 432 1157 488 dicturam
1187 430 1344 500 prius
1372 427 1504 500 quid
1552 427 1817 498 cmpisset
1847 425 2061 480 consilii

2193 424 2348 491 λαοῦ,
2398 426 2492 479 καὶ
2525 425 2627 497 τήν
2669 425 2792 496 βίαν
2823 424 2921 494 τήν
2954 423 3013 490 ἐξ
3059 426 3238 480 αὐτοῦ.
3279 429 3500 501 Κάκείνη
3531 434 3687 502 στῆναι

505 541 669 596 quam
701 540 817 579 rem
845 523 1020 592 ipsam
1049 530 1443 593 perpetrasset.
1478 519 1641 576 Exitu
1673 519 1984 590 impetrato,
2008 517 2062 574 di

2191 515 2393 578 αὐτοὺς
2419 516 2518 586 τὴν
2549 516 2723 569 νύκτα
2760 516 2851 569 ἐπὶ
2885 513 2983 585 τήν
3011 513 3183 586 πύλην
3201 516 3292 586 τῆς
3315 517 3499 580 πόλεως
3521 521 3689 576 ἐνετέλ-

504 617 710 686 gressis
743 615 872 677 illis,
897 613 963 666 ad
999 627 1191 683 preces
1223 612 1568 666 convertitur
1595 626 1608 662 :
1638 618 1695 664 et
1723 607 1974 679 deposita
2003 607 2058 661 lu

2191 608 2332 661 λετο.
2373 607 2522 677 Αὐτὴ
2563 607 2620 660 δὲ
2651 607 2837 676 ἔλεγεν
2869 608 3244 674 ἐξελεύσεσθαι
3278 609 3409 678 μετὰ
3441 609 3526 679 τῆς
3550 613 3689 682 ἅϐρας

506 709 663 778 gubri
700 722 767 760 ex
801 705 1066 760 viduitate
1094 705 1323 768 vestitu,
1356 703 1466 758 lota
1489 743 1502 768 ,
1536 711 1592 772 et
1627 701 1924 772 unguentis
1953 697 2069 752 deli

2193 703 2386 773 αὐτῆς,
2423 702 2499 773 μὴ
2532 703 2718 773 μέντοι
2745 703 2929 766 αὐτοῖς
2955 703 3101 773 ἐρεῖν
3135 703 3192 755 τὸ
3221 701 3344 772 παρ’
3380 703 3534 772 αὐτῆς
3562 704 3691 773 μελε-

508 801 640 854 buta
663 840 677 862 ,
717 797 982 852 amictum
1011 797 1252 850 hilarem
1278 793 1478 860 induit,
1511 801 1840 848 ornamenta
1879 790 2050 845 sumit

2190 791 2454 862 τώμενον,
2521 793 2626 856 ἕως
2661 788 2724 848 οὗ
2759 793 2896 864 πρὸς
2927 793 3124 864 πρᾶξιν
3150 793 3484 864 κατευθυνθῇ.
3515 794 3606 847 Καὶ
3634 791 3693 847 εἷ-

507 903 562 946 et
593 898 858 946 exornata
896 889 962 943 ad
1009 889 1216 943 amoris
1254 887 1546 943 illecebras
1593 883 1807 939 ancilla:
1846 882 1900 936 in
1945 882 2070 936 vasi:

2194 902 2296 938 πον
2321 886 2484 956 αὐτῇ,
2509 886 2750 956 Πορεύου
2775 903 2790 918 ’
2823 885 2919 941 καὶ
2946 887 2996 939 οἱ
3030 886 3128 956 μὲν
3148 885 3401 956 ἀπῆλθον.
3444 885 3502 938 Ἡ
3523 886 3572 938 δέ
3590 888 3696 956 πρὸς

507 984 796 1038 ferendum
831 981 925 1035 dat
957 981 1148 1035 vinum
1193 990 1250 1035 et
1290 981 1505 1046 oleum,
1539 985 1596 1034 et
1640 991 1828 1046 peram
1873 973 2048 1028 farina

2193 979 2551 1049 παράκλησιν
2591 977 2805 1048 ἐτράπη
2843 977 2942 1049 τήν
2976 976 3112 1046 πρὸς
3141 977 3288 1030 Θεόν.
3323 971 3443 1028 Εἶτα
3473 975 3696 1046 ἀποθεμέ-

509 1077 724 1131 ﬁcuhus
763 1085 817 1130 et
867 1074 1098 1146 panibus
1145 1074 1359 1144 plenam
1401 1090 1414 1125 :
1449 1080 1506 1126 et
1552 1085 1614 1124 ea
1651 1069 1854 1124 comite
1897 1068 2072 1122 urben

2193 1088 2258 1141 νη
2288 1072 2388 1142 τὴν
2415 1070 2662 1140 πενθήρη
2694 1068 2890 1138 στολὴν
2921 1068 3020 1138 τῆς
3045 1069 3373 1138 χηρεύσεως,
3404 1067 3489 1119 καὶ
3508 1066 3559 1119 τὸ
3575 1068 3700 1135 σῶμα

506 1183 749 1237 egressa,
794 1165 848 1218 in
897 1173 1074 1218 castra
1120 1159 1469 1233 Assyriorum
1509 1158 1726 1214 tendit:
1763 1157 1832 1212 ab
1864 1155 2063 1212 excubi

2193 1163 2579 1234 περικλύσασα
2624 1161 2799 1226 ὓδατι,
2857 1160 2954 1214 καὶ
3001 1160 3156 1231 μύρῳ
3198 1157 3508 1228 χρισαμένη,
3549 1157 3700 1226 στολὴν

509 1261 726 1315 toribus
754 1258 1177 1326 comprehensa,
1230 1254 1297 1308 ad
1324 1253 1730 1322 Holopbernem
1778 1250 2070 1304 adducitur

2198 1255 2455 1326 μετενέδυ
2491 1254 2853 1322 εὐφρόσυνον,
2900 1253 2998 1306 καὶ
3025 1252 3230 1319 κόσμον
3261 1251 3419 1319 ἑαυτῇ
3444 1247 3700 1318 περιέθετο.

510 1352 603 1421 qui
649 1352 769 1421 ejus
801 1351 1028 1403 formam
1065 1347 1391 1407 admiratus,
1439 1359 1692 1399 securam
1739 1357 1861 1398 esse
1889 1341 2052 1412 jussit

2194 1352 2306 1406 Kal
2349 1348 2798 1402 καλλωπισθεῖσα
2845 1345 2982 1416 πρὸς
3028 1345 3089 1398 τδ
3117 1343 3536 1412 ἐπαγωγότερον,
3570 1341 3703 1395 ἔδωκε

508 1444 646 1498 nihil
677 1443 822 1497 enim
853 1455 1142 1511 passuram
1173 1439 1323 1493 ntali.
1352 1437 1489 1490 Tum
1523 1436 1612 1490 illa
1644 1451 1660 1489 :
1693 1435 1853 1498 Audi,
1889 1433 2069 1502 inquit

2193 1447 2262 1515 τῇ
2288 1441 2592 1512 θεραπαίνῃ
2643 1441 2832 1510 φέρειν
2879 1440 2937 1492 ἐν
2977 1436 3227 1506 ἀγγείοις
3267 1430 3404 1488 οἶνον
3433 1433 3518 1486 καὶ
3545 1431 3704 1492 ἐλαιον,

505 1535 716 1587 domine
742 1574 755 1598 ,
787 1533 941 1586 verba
975 1548 1090 1585 mea
1108 1572 1124 1596 ,
1166 1540 1214 1583 et
1242 1547 1359 1601 qua:
1383 1530 1574 1584 Acltior
1599 1529 1756 1589 dixit,
1797 1528 1976 1580 animo
2004 1536 2068 1578 ιω

2195 1536 2289 1587 καὶ
2319 1535 2504 1602 πήραν
2533 1530 2780 1599 ἀλφίτων
2830 1529 3038 1599 πλήρη,
3087 1527 3185 1581 καὶ
3216 1525 3475 1595 παλάθης,
3509 1523 3589 1575 καὶ
3632 1521 3708 1592 ἄρα

511 1641 616 1678 non
651 1625 919 1678 excidant.
957 1623 1147 1677 Verum
1181 1625 1320 1676 enim
1349 1629 1423 1674 est
1449 1661 1463 1684 ,
1502 1619 1798 1685 Israclitas,
1831 1620 1886 1672 ni
1911 1634 2074 1687 pecca-

2193 1639 2324 1686 των,
2366 1621 2462 1673 καὶ
2500 1619 2694 1687 ἐξῆλθε
2729 1620 2828 1689 τῆς
2863 1617 3069 1680 πόλεως
3100 1616 3243 1686 αὐτὴ
3299 1616 3391 1668 καὶ
3433 1617 3464 1685 ή
3498 1612 3707 1680 παιδίσκη

505 1718 694 1779 veriut,
726 1716 906 1786 gladio
932 1732 1037 1768 non
1067 1721 1381 1783 superatum
1405 1713 1492 1764 iri.
1526 1710 1676 1765 Nunc
1714 1720 1921 1772 autem,
1956 1709 2068 1778 quia

2148 1693 2165 1745 δ
2197 1713 2386 1782 αὐτῆς.
2431 1710 2696 1764 Ἀπιοῦσα
2727 1710 2863 1782 πρὸς
2890 1710 2988 1780 τὴν
3015 1709 3124 1763 τῶν
3161 1707 3451 1777 Ἀσσυρίων
3479 1703 3711 1774 παρεμῆο-

506 1807 633 1859 cibis
661 1816 707 1858 et
751 1823 890 1875 aqua
935 1805 1316 1868 destituuntur,
1349 1804 1456 1872 lege
1489 1801 1781 1855 interdictis
1837 1800 1996 1862 vesci,
2038 1813 2066 1850 e

2198 1804 2319 1874 λὴν,
2355 1804 2451 1857 καὶ
2500 1803 2800 1874 ἐντυχοῦσα
2833 1805 2899 1874 τῇ
2943 1801 3053 1856 τῶν
3104 1801 3366 1854 ἐναντίων
3421 1796 3709 1868 προφυλακῇ,

506 1898 775 1965 primitias
807 1897 1093 1965 frumenti,
1121 1897 1332 1964 vinique
1363 1894 1594 1946 decimas
1616 1931 1629 1953 ,
1663 1907 1776 1961 qua:
1803 1889 2069 1944 sacerdoti

2197 1894 2525 1965 κατεσχέθη,
2556 1898 2653 1948 καὶ
2679 1894 2820 1966 ἤχθη
2853 1893 2992 1964 πρὸς
3031 1891 3382 1964 Ὀλοφὲρνην.
3421 1889 3478 1942 '0
3501 1888 3552 1940 δὲ
3577 1885 3710 1953 αὐτῆς

509 1989 601 2041 bus
643 1987 897 2040 attributa
922 2028 936 2051 ,
971 2001 1035 2038 ne
1077 1987 1266 2055 attingi
1319 1986 1533 2054 quidem
1571 1984 1635 2036 ab
1675 1982 1795 2035 aliis
1849 1981 1929 2050 [as
1973 1987 2072 2032 est,

2194 1989 2256 2042 τὺ
2291 1988 2488 2051 κάλλος
2522 1987 2824 2058 ἐθαύμασε,
2862 1986 2958 2040 καὶ
2999 1975 3160 2039 εἶπεν
3195 1985 3365 2054 αὐτῇ·
3399 1979 3488 2049 Μὴ
3534 1977 3707 2048 εροόοὗι

507 2081 777 2134 absumere
813 2079 1170 2135 decreverunt.
1209 2077 1339 2142 Qua:
1377 2079 1502 2131 dum
1536 2087 1584 2130 et
1623 2073 2064 2145 Hierosolymitan

2197 2081 2366 2148 ἥκεις
2404 2081 2517 2151 γὰρ
2545 2082 2634 2147 εις
2661 2081 2984 2148 σωτηρίαν.
3018 2080 3176 2148 Ἔφη
3208 2077 3277 2131 δὲ
3303 2073 3457 2140 αὑτῷ
3499 2074 3531 2141 ἠ
3560 2069 3709 2140 γυνή’

505 2173 816 2235 statuerint,
853 2169 1061 2240 legatos
1103 2186 1163 2223 eo
1200 2170 1408 2232 misere,
1444 2170 1649 2222 veniam
1693 2168 1808 2236 ejus
1839 2165 1964 2234 {acti
2001 2179 2068 2232 pe

2195 2175 2372 2239 Δέξαι
2401 2175 2543 2241 τοὺς
2573 2173 2799 2244 ⁸λόγους
2818 2191 2958 2243 μου,
2991 2172 3196 2240 Κύριε,
3265 2167 3362 2224 καί
3401 2169 3432 2221 ό
3469 2167 3630 2234 λόγος
3659 2160 3712 2214 ὃν

510 2273 694 2317 tentes.
739 2260 826 2316 Sic
850 2263 1012 2332 igitur
1044 2261 1152 2331 lege
1178 2260 1400 2322 violata,
1433 2277 1536 2313 non
1567 2258 1766 2326 defensi
1804 2275 1835 2311 a
1880 2256 2010 2315 Deo,
2033 2256 2073 2307 ir

2195 2269 2505 2336 ἐλάλησεν
2591 2266 2822 2336 Ἀχιὼρ,
2883 2265 3006 2335 ἤτω
3079 2266 3156 2319 ἐν
3209 2264 3282 2332 τῇ
3329 2260 3527 2330 καρδίᾳ
3595 2264 3712 2310 σου·

510 2355 731 2408 exitium
774 2361 949 2407 ruent.
979 2351 1179 2416 Quibus
1213 2367 1303 2421 ego
1332 2352 1573 2420 cognitis,
1602 2365 1666 2404 ex
1691 2349 1819 2402 urbe
1851 2344 2073 2418 profugi,

2194 2361 2326 2413 ἐστι
2377 2358 2488 2428 γὰρ
2546 2358 2809 2425 ἀληθὲς,
2871 2357 2961 2411 ὅτι
3007 2356 3121 2412 ἐὰν
3193 2355 3280 2427 μὴ
3324 2351 3630 2424 ἁμάρτωσιν
3671 2347 3712 2399 οι

512 2454 567 2498 ut
597 2447 865 2500 interitum
890 2447 1066 2507 uitem,
1093 2453 1141 2497 et
1171 2459 1310 2497 nunc
1333 2444 1479 2512 apud
1504 2451 1552 2495 te
1579 2443 1816 2506 manebo,
1837 2443 2075 2500 domine;

2193 2453 2312 2506 υἱοί
2397 2449 2669 2519 Ἰσραὴλ,
2767 2451 2840 2504 οὐ
2907 2451 3272 2518 κατισχύσει
3351 2445 3591 2516 ῥομφαία
3634 2439 3712 2492 αὐ-

511 2549 558 2591 et
592 2553 799 2608 egressa
826 2545 980 2590 noctu
1013 2537 1067 2590 in
1103 2535 1296 2590 vallem
1322 2576 1337 2597 ,
1366 2534 1600 2588 adorabo
1637 2534 1807 2589 Deum
1832 2576 1845 2599 ,
1873 2547 1928 2590 ut
1966 2553 2074 2592 cum

2193 2539 2333 2593 τῶν.
2359 2540 2491 2594 Νῦν
2535 2538 2603 2591 δὲ
2623 2538 2754 2592 ἐπεὶ
2805 2539 3088 2603 ἐξέλιπεν
3121 2537 3348 2603 αὐτοὺς
3374 2537 3442 2590 τὰ
3460 2533 3712 2603 βρώματα,

510 2630 556 2684 is
590 2631 714 2683 mihi
739 2629 957 2693 dixerit,
977 2629 1190 2699 quando
1208 2627 1499 2694 peccarint,
1531 2641 1623 2696 ego
1649 2625 1742 2680 tibi
1765 2629 2073 2693 renuntiem,

2195 2631 2295 2686 καί
2320 2631 2386 2686 τὸ
2408 2631 2583 2700 ὕδωρ,
2609 2632 3076 2695 ἐϐουλεύσαντο,
3107 2631 3212 2685 καὶ
3234 2630 3352 2686 τῶν
3373 2628 3449 2694 τῷ
3471 2627 3610 2696 νόμῳ
3627 2621 3716 2676 ἀπ’

511 2733 559 2777 et
593 2733 641 2776 te
690 2739 785 2794 per
839 2721 1089 2776 Judaaam
1145 2719 1511 2789 Hierosolyma
1562 2734 1726 2786 usque
1769 2719 2074 2789 perducam,

2194 2723 2612 2794 ηἰὊρευμένων
2633 2723 2924 2792 ἅψασθαι,
2956 2723 3052 2776 καὶ
3079 2724 3192 2791 τὰς
3225 2719 3492 2791 ἀπαρχὰς
3511 2714 3604 2771 τοῦ
3641 2713 3715 2768 σι-

511 2815 806 2884 soliumque
819 2823 969 2868 tuum
987 2815 1040 2866 in
1057 2813 1201 2866 urbis
1220 2812 1390 2866 medio
1413 2809 1682 2864 collocem.
1707 2808 2074 2879 Holophernes

2194 2835 2326 2885 του,
2357 2816 2457 2870 καὶ
2485 2815 2592 2882 τὰς
2613 2815 2868 2882 δεκάτας
2899 2815 3003 2870 τοῦ
3035 2816 3211 2870 οἴνου
3239 2816 3346 2881 τὰς
3385 2810 3500 2877 τοῖς
3540 2803 3717 2875 ἱερεῦσι

514 2907 620 2962 hac
657 2907 911 2961 oratione
956 2905 1288 2968 delectatus,
1327 2902 1610 2958 introduci
1659 2917 1782 2957 eam
1837 2903 1995 2974 jubet
2029 2903 2077 2957 in

2195 2908 2623 2977 τετηρημένας,
2675 2901 2763 2960 ὧν
2818 2907 2959 2961 οὐδὲ
2997 2908 3240 2976 ψαῦσαι
3287 2905 3516 2976 θεμιτὸν
3555 2898 3715 2965 ἑτέρῳ.

515 3000 708 3055 cellam
740 2998 1018 3054 conclavis
1043 2997 1149 3060 sui,
1183 3006 1240 3052 et
1272 2997 1391 3051 dari
1422 2996 1568 3066 quod
1607 2997 1754 3050 edat.
1783 2994 1853 3050 At
1882 2996 1996 3060 illa,
2028 3011 2078 3050 se

2156 3047 2160 3068 ,
2195 2998 2546 3068 δαπανῆσαι
2595 2999 2929 3066 κεκρίκασι.
2987 2999 3184 3054 Ταῦτα
3230 2999 3320 3065 δὲ,
3367 2995 3461 3052 καὶ
3495 2991 3600 3047 τῶν
3631 2985 3719 3053 τὴν

517 3045 708 3055 ,νυ-η-
743 3045 1017 3054 ------_.--
1043 3045 1149 3060 __-,
1187 3045 1240 3052 --
1276 3045 1391 3051 π--
1426 3045 1568 3066 τ---
1611 3045 1754 3050 __-,--
1882 3045 1996 3060 ____,
2029 3045 2078 3050 --

515 3103 679 3163 negat
708 3093 927 3147 illorum
958 3091 1101 3145 cibis
1132 3104 1379 3154 usuram,
1410 3105 1479 3144 ne
1507 3089 1610 3144 sibi
1641 3087 1820 3143 fraudi
1848 3096 2034 3143 essent
2073 3105 2078 3141 :

2159 3087 2162 3108 '
2208 3045 2597 3166 Ἰερουσαλὴμ
2625 3045 2954 3146 οίλῖούντων
2984 3045 3509 3160 βεϐουλευμένων,
3544 3077 3722 3136 ἐστάλ-

517 3186 614 3242 sed
655 3187 724 3241 iis
757 3202 898 3255 quos
947 3200 1134 3240 secum
1181 3183 1480 3248 attulisset,
1523 3182 1915 3237 victitaturam.
1951 3181 2080 3237 Cum

2196 3200 2340 3238 κασι
2373 3185 2524 3255 πρὸς
2551 3181 2667 3252 τὴν
2691 3183 2823 3240 ἐκεῖ
2849 3184 3210 3255 γερουσίαν,
3254 3183 3470 3253 ἄφεσιν
3500 3176 3587 3231 ἐπὶ
3623 3170 3726 3226 τοὺ-

518 3276 897 3346 Holophernes
916 3285 1153 3346 rogaret,
1175 3275 1265 3329 ubi
1288 3274 1324 3328 ii
1359 3274 1710 3337 defecissent,
1752 3289 1861 3345 quo
1881 3275 2081 3330 victura

2194 3293 2336 3343 τους
2359 3278 2719 3347 αἰτούμενοι.
2746 3277 2874 3333 Κᾶν
2903 3277 3056 3330 οὕτω
3083 3273 3614 3346 παρανομήσωσινι
3643 3263 3728 3316 οὐκ

520 3375 688 3432 esset,
737 3366 1035 3435 respondet
1079 3366 1156 3419 illi
1191 3383 1205 3418 :
1236 3367 1320 3420 Ita
1345 3375 1400 3419 tu
1426 3367 1588 3428 vivas,
1619 3367 1862 3432 Domine,
1895 3377 1950 3420 ut
1988 3384 2083 3422 non

2193 3370 2365 3425 ἔσται
2399 3371 2618 3440 σφίσιν
2643 3369 2841 3439 ἄμυνα
2864 3370 2931 3424 ἐκ
2954 3369 3125 3432 Θεοῦ,
3160 3369 3273 3424 καὶ
3298 3371 3386 3434 εἰς
3417 3365 3641 3435 ὄλεθρον
3658 3355 3729 3408 ἐκ·

518 3459 665 3529 prius
692 3457 791 3511 cibi
815 3459 868 3512 hi
901 3474 982 3512 me
1010 3459 1267 3528 deﬁcient,
1299 3478 1461 3531 quam
1501 3461 1639 3516 Deus
1677 3479 1791 3516 mea
1827 3479 1990 3517 manu
2037 3465 2081 3518 id

2193 3460 2581 3530 δοθήσονται.
2619 3459 2807 3528 Ἀπερ
2843 3461 2996 3529 αὐτὴ
3048 3459 3422 3530 ἐπιγνοῦσα,
3462 3444 3731 3514 ἀποδιδρά-

517 3548 796 3618 peregerit,
831 3549 970 3620 quod
1002 3550 1243 3604 decrevit.
1271 3550 1444 3605 Media
1472 3559 1634 3607 nocte
1665 3553 1846 3622 petiit,
1891 3562 1951 3607 ut
1983 3553 2080 3609 sibi

2193 3568 2321 3607 σκω
2362 3552 2473 3621 τῆς
2517 3553 2770 3620 πόλεως,
2816 3553 2893 3608 ἵν’
2922 3553 3164 3622 ἐκφύγω
3216 3554 3327 3608 τὸν
3367 3551 3618 3617 ὄλεθρον.
3647 3536 3729 3595 Καὶ

519 3641 576 3694 in
605 3640 798 3694 vallem
833 3640 1016 3710 egredi
1069 3641 1264 3696 liceret
1295 3642 1361 3696 ad
1403 3643 1742 3712 precandum
1780 3659 1796 3696 :
1834 3645 2082 3701 concedit

2191 3645 2310 3699 νῦν
2332 3644 2497 3714 μενῶ
2527 3645 2687 3712 παρά
2717 3663 2839 3710 σοι,
2883 3645 3178 3710 δέσποτα,
3232 3644 3335 3700 καί
3381 3639 3730 3708 sesumam:

516 3728 909 3802 Holophernes.
945 3729 1081 3786 Cum
1105 3732 1257 3803 14],
1278 3743 1461 3788 autem
1495 3733 1584 3789 illa
1624 3735 1866 3790 triduum
1899 3736 1975 3792 ita
2005 3736 2079 3793 ie-

2193 3738 2344 3790 κατὰ
2369 3735 2486 3805 τὴν
2503 3737 2696 3791 νύκτα
2725 3738 2813 3804 είς
2843 3737 2957 3804 τὴν
2982 3735 3290 3807 φάραγγα,
3319 3736 3418 3790 καί
3445 3725 3730 3801 προσεύξφ

516 3823 702 3889 cisset,
751 3835 950 3894 quarto
991 3825 1082 3881 die
1127 3827 1443 3883 convivium
1490 3837 1759 3898 apparat,
1807 3838 1864 3884 et
1896 3830 2079 3902 Bagoa

2187 3847 2295 3898 μαι
2325 3830 2475 3898 πρὸς
2503 3828 2612 3883 τὸν
2638 3829 2806 3894 Θεὸν,
2839 3829 2937 3883 καὶ
2961 3829 3209 3898 ἐρεῒμοι
3231 3831 3382 3883 πότε
3399 3824 3731 3897 ’ἡμάρτοσανν

512 3919 791 3986 eunucho,
813 3920 907 3989 qui
924 3921 1178 3976 omnibus
1203 3922 1324 3993 ejus
1349 3921 1548 3993 opibus
1569 3933 1820 3993 praeerat,
1842 3923 2075 3992 mandat,

2189 3921 2350 3992 κάγώ
2367 3937 2466 3976 σοι
2491 3921 2820 3992 (transuta,
2843 3921 2941 3976 καὶ
2967 3922 3090 3985 ἄξω
3114 3937 3197 3976 σε
3217 3919 3319 3976 διὰ
3336 3918 3446 3988 τῆς
3482 3908 3732 3974 Ἰουδαίας

514 4019 576 4064 ιιι
607 4010 846 4066 Hebraea:
875 4013 1094 4067 mulieri
1123 4013 1512 4083 persuaderet,
1547 4024 1608 4072 ιιι
1645 4015 1713 4070 ad
1755 4030 1815 4071 se
1848 4017 2077 4072 veniret.

2187 4011 2299 4078 ἕως
2341 4011 2753 4081 Ἰερουσαλὴμ,
2787 4011 2886 4066 καὶ
2922 4010 3089 4078 θήσω
3133 4013 3252 4067 τὸν
3294 4012 3514 4080 θρόνον
3547 4019 3650 4059 σου
3682 3997 3737 4050 ἐν

514 4099 628 4158 Sibi
665 4104 813 4159 enim
849 4114 1007 4174 turpe
1038 4106 1175 4172 fore,
1208 4105 1253 4160 si
1279 4106 1443 4160 talem
1468 4105 1729 4161 feminam
1759 4105 2077 4171 dimisisset,

2181 4103 2353 4172 μέσῳ
2378 4102 2586 4173 αὐτῆς.
2621 4105 2732 4156 Καὶ
2756 4104 2962 4175 ἤρεσαν
2991 4105 3300 4177 Ὀλοφέρνῃ
3328 4105 3380 4158 οί
3405 4102 3547 4168 λόγοι
3574 4091 3730 4158 αὐτῆς.

511 4195 660 4248 nulla
695 4197 1096 4253 consuetudine
1129 4213 1254 4253 cum
1282 4213 1347 4254 ea
1376 4198 1585 4254 habita.
1610 4198 1816 4270 Bagoas
1844 4198 2074 4255 Judithu

2189 4197 2284 4249 καὶ
2314 4195 2601 4249 ἐκέλευσεν
2630 4196 2950 4267 εἰσαχθῆναι
2983 4197 3156 4266 αὐτὴν
3201 4200 3289 4262 είς
3319 4196 3423 4267 τὴν
3447 4190 3639 4261 σκηνὴν
3659 4178 3735 4235 τοῦ

509 4289 634 4342 ait:
682 4286 813 4342 Veni
847 4289 916 4342 ad
955 4288 1240 4344 Dominum
1274 4306 1467 4357 meum,
1517 4297 1575 4344 ut
1629 4290 1860 4363 gloriosa
1906 4292 1979 4346 sis
2029 4293 2072 4346 ir

2189 4289 2422 4356 ταμείου
2461 4287 2652 4353 αὑτοῦ,
2678 4287 2777 4343 καὶ
2805 4288 3025 4358 δοθῆναι
3057 4289 3198 4361 αὐτῇ
3235 4291 3460 4360 φαγεῖν.
3497 4285 3559 4337 Ἥ
3585 4280 3653 4344 δὲ.
3673 4273 3735 4326 οὐ

509 4389 784 4448 conspectu
823 4380 959 4448 ejus,
1009 4389 1056 4434 et
1090 4382 1352 4436 nobiscum
1393 4392 1711 4453 compotato,
1744 4399 1805 4436 eo
1852 4381 1964 4438 loco
2005 4383 2072 4454 fu-

2187 4379 2469 4450 φάγομαι,
2521 4379 2648 4450 ἔφη,
2686 4379 2756 4433 ἐκ
2802 4381 2920 4434 τῶν
2948 4380 3303 4450 ἐδεσμάτων
3349 4377 3537 4451 ὑμῶν,
3561 4374 3638 4445 μή
3661 4382 3741 4439 μοι

518 4475 665 4530 tura,
697 4484 798 4536 quo
840 4485 915 4522 ea)
943 4480 1096 4536 sunt,
1128 4488 1244 4541 qua:
1273 4475 1466 4544 degunt
1496 4475 1549 4527 in
1575 4471 1774 4528 (edibus
1803 4471 2081 4527 Nabucho-

2189 4471 2431 4542 γένηται
2463 4470 2841 4536 σκάνδαλον,
2866 4471 3003 4526 ἀλλ’
3028 4471 3097 4536 ἐξ
3126 4465 3218 4527 ὧν
3243 4471 3596 4540 ἐπιφέρομαι
3634 4472 3742 4527 τρτμ

509 4556 801 4614 donosoris.
844 4559 1068 4616 Juditha
1102 4565 1267 4633 igitur
1295 4574 1556 4621 exornata
1584 4564 1650 4618 ad
1677 4564 2072 4633 HOIOpbcrnem

2187 4565 2484 4635 φήσομαι.
2509 4563 2620 4619 Καὶ
2645 4559 2802 4617 εἶπεν
2830 4565 2966 4635 αὐτῇ
3009 4565 3350 4636 Ὀλοφέρνης
3369 4581 3385 4597 ο
3423 4565 3492 4618 Ei
3519 4560 3584 4614 δὲ
3610 4551 3742 4610 ἐκλί-

510 4649 836 4717 ingreditur,
879 4654 1174 4716 accumbit,
1206 4669 1269 4707 ea
1301 4655 1416 4708 edit
1448 4663 1505 4709 et
1533 4653 1696 4721 bibit,
1739 4671 1861 4725 qua:
1882 4655 1950 4709 ab
1980 4672 2073 4709 an-

2186 4674 2288 4712 ποι
2319 4659 2526 4723 ταῦτα,
2552 4657 2738 4713 πόθεν
2756 4673 2856 4713 σοι
2880 4657 3125 4712 τοιαῦτα
3141 4657 3659 4727 χορηγηθήσεταιὶ
3689 4641 3741 4693 Ἥ

509 4741 634 4794 cilla
665 4757 763 4795 sua
795 4742 899 4796 sibi
929 4753 1114 4813 parata
1133 4752 1313 4799 erant.
1347 4745 1724 4816 lIOIOphernes
1762 4747 2072 4818 obstupefa-

2185 4750 2374 4820 δὲνΖῇ
2415 4754 2454 4821 ἡ
2490 4750 2660 4820 ψυχή
2708 4765 2848 4818 σου,
2895 4751 3072 4820 Κύριέ
3109 4769 3256 4821 μου,
3305 4742 3746 4814 ἁνταπεκρίνατυο

506 4843 649 4893 ctus.
676 4849 864 4890 amore
891 4835 1038 4890 illius
1073 4835 1441 4891 inﬂammatur
1478 4854 1492 4891 :
1531 4838 1911 4909 productoque
1952 4855 2069 4895 con-

2185 4844 2275 4900 ὅτι
2297 4849 2370 4900 οὐ
2395 4847 2687 4915 πρότερον
2704 4845 2976 4914 ἐκλείψει
2995 4862 3098 4915 μοι
3127 4845 3198 4898 τὰ
3219 4843 3511 4912 ἐδώδιμα,
3534 4834 3665 4906 πρὶν
3683 4829 3744 4884 ἃν

508 4925 677 4990 vivio,
705 4936 760 4981 et
783 4929 1020 4998 plurimo
1041 4930 1172 4984 vino
1202 4931 1400 4986 hausto
1434 4932 1764 4997 inebriatus,
1790 4933 1844 4987 in
1881 4932 2071 4988 lectulo

2186 4939 2217 4991 ό
2250 4937 2395 5004 Θεὸς
2431 4938 2502 4992 ἐν
2531 4939 2684 5006 χειρί
2713 4955 2834 5008 μου
2872 4941 3100 5007 ποιήσῃ
3133 4936 3168 4988 ἆ
3191 4935 3628 4990 ἐϐουλεύσατο.
3655 4923 3749 4979 Μ--

511 5033 570 5071 se
609 5019 862 5084 reclinat,
905 5038 1056 5078 mero
1100 5033 1322 5094 gravato
1354 5025 1572 5094 capitev,
1605 5023 1868 5094 digressis
1898 5023 2074 5079 omni-

2186 5028 2386 5099 σούσης
2414 5028 2471 5082 δὲ
2506 5033 2720 5095 νυκτὸς,
2767 5030 3009 5101 ᾐτήσατο
3057 5031 3150 5083 ἐπὶ
3191 5030 3300 5099 τὴν
3338 5030 3604 5099 φάραγγα
3635 5015 3749 5085 πρὸς

507 5111 628 5173 bus.
662 5112 870 5184 Bagoas
910 5117 1206 5170 tentorium
1237 5118 1466 5179 claudit,
1516 5118 1630 5172 sola
1659 5117 1882 5172 Juditha
1920 5120 1976 5174 in
2009 5132 2070 5173 ea

2186 5123 2494 5194 προσευχὴν
2539 5121 2798 5188 ἐξελθεῖν,
2841 5123 2937 5176 καὶ
2974 5121 3312 5194 Ὀλοφέρνης
3349 5117 3641 5192 ἐπέτρεψε,
3671 5104 3749 5163 καὶ

509 5206 722 5261 relicta.
783 5208 1062 5265 Mandarat
1108 5220 1289 5264 autem
1351 5212 1442 5266 illa
1494 5212 1726 5277 ancillae,
1770 5224 1831 5269 ut
1870 5217 2072 5272 exitum

2184 5214 2274 5268 ἐπὶ
2314 5217 2465 5284 τρεῖς
2501 5215 2713 5286 ἡμέρας
2762 5214 2936 5279 οὕτως
2987 5214 3180 5269 ἐποίει.
3241 5214 3363 5269 Καὶ
3414 5216 3483 5284 τῇ
3537 5206 3747 5274 τετάρτῃ

506 5314 666 5354 suum
712 5300 1048 5368 observaret,
1081 5319 1424 5375 egressuram
1465 5307 1611 5360 enim
1642 5322 1764 5362 esse
1797 5309 1864 5363 ad
1908 5326 2069 5366 oran'

2186 5309 2363 5381 ήμέρᾳ
2413 5309 2576 5362 πότον
2625 5308 2922 5380 ἡτοίμασεν
2970 5307 3332 5380 Ὀλοφέρνης.
3386 5305 3507 5362 Kal
3552 5297 3664 5358 εἶπε
3684 5293 3749 5363 τῷ

502 5389 656 5448 dum.
709 5391 815 5448 Sed
861 5410 984 5449 cum
1044 5396 1445 5468 Holophernem
1470 5399 1597 5456 vino
1631 5399 1966 5469 demersum,
2021 5412 2065 5458 et

2187 5404 2422 5475 εὐνούχῳ
2458 5403 2676 5474 Βαγώᾳ,
2707 5403 2764 5466 ὃς
2798 5398 2866 5474 ἦν
2908 5402 3228 5473 ἐφεστηκὼς
3281 5402 3382 5454 ἐπὶ
3414 5402 3636 5455 πάντων
3661 5389 3750 5443 τῶν

506 5485 934 5552 profundissimo
968 5503 1160 5546 somno
1191 5506 1514 5561 oppressum
1551 5493 1786 5559 videret,
1819 5496 2069 5553 invocato

2188 5494 2362 5549 ιὺτοῦο
2399 5493 2621 5548 Πεῖσον
2648 5491 2725 5560 δὴ
2757 5493 2873 5560 τὴν
2904 5491 3158 5562 γυναῖκα
3181 5490 3306 5558 τὴν
3347 5489 3629 5559 Ἐϐραΐαν
3660 5477 3751 5536 τοῦ

503 5573 638 5639 Deo,
665 5580 856 5636 stricto
887 5581 1133 5647 acinace,
1166 5583 1316 5640 illius
1349 5594 1515 5656 caput
1554 5597 1796 5656 resecat;
1830 5605 2066 5660 egressa,

2192 5586 2378 5641 ἐλθεῖν
2414 5586 2566 5654 πρὸς
2587 5584 2744 5656 ἡμᾶς
2767 5603 2782 5618 ·
2807 5587 3062 5654 αἰσχρὸν
3091 5585 3199 5655 γὰρ
3228 5583 3410 5653 ἡμῖν,
3436 5585 3492 5636 ει
3523 5575 3755 5650 γυναῖκα

500 5669 712 5726 ancilla:
741 5673 910 5730 tradit
947 5692 961 5732 :
991 5675 1106 5734 abit
1133 5685 1193 5732 ut
1217 5675 1286 5734 de
1309 5692 1460 5734 more
1482 5689 1792 5751 precatum.
1820 5679 2063 5754 Cumque

2190 5678 2467 5746 τοιαύτην
2523 5677 2902 5749 παρήσομεν,
2957 5677 3044 5749 μὴ
3099 5673 3259 5742 αὐτῇ
3328 5675 3753 5747 ὁμιλήσαντες-
