3926 6210
398 260 511 355 379
1678 248 2005 327 IOANNIS

2124 267 2361 330 ιΝΑΒΑΞ
3551 273 3666 338 280

409 381 540 430 nuta
566 383 650 432 ‘et
695 377 901 434 milites
930 378 1191 440 adducat,
1264 379 1382 449 ipse
1418 378 1691 434 instructo
1734 380 1981 435 exercitu
2016 431 2018 436 .

2124 380 2198 434 ὧν
2223 399 2282 435 τε
2312 384 2512 453 Μήδων
2544 385 2688 456 φημὶ
2729 386 2821 439 καὶ
2848 386 2957 440 τῶν
3002 385 3324 458 Ἀρμενίων.
3355 389 3463 442 Καὶ
3498 389 3671 443 ἄπελ-

406 470 807 538 proilc-iscitur.
856 474 1152 530 Armenius
1188 473 1276 528 his
1319 473 1525 528 auditis
1565 473 1876 544 perculsus.
1933 482 1988 527 et

2124 474 2209 528 idm
2240 476 2433 547 ἐθήρα.
2469 477 2565 531 καὶ
2594 477 2852 533 ἐπέϐαινε
2883 479 2991 533 τῶν
3015 478 3157 551 ὁρῶν
3208 481 3306 552 τῆς
3376 482 3676 554 Ἀρμενίας

409 564 599 634 copias
620 566 917 629 contrahit,
942 575 997 623 et
1024 581 1226 622 uxores
1257 581 1320 621 ac
1359 565 1529 620 lilium
1550 566 1829 637 juniorem
1860 580 1986 620 cum

2131 565 2192 616 πὶ
2225 566 2283 619 τὸ
2312 567 2505 637 πρόσω
2544 567 2743 638 χωρῶν
2772 568 2983 639 ἠρέμα.
3018 568 3107 633 Ὠς
3137 569 3182 624 δ’
3212 569 3414 642 ᾔσθετο
3446 570 3624 625 ταῦτα
3651 575 3683 624 ὁ

414 655 664 722 pecuniis
720 654 777 710 in
842 668 1060 713 montes
1105 657 1324 711 mittit:
1369 672 1547 727 neque
1588 657 1736 711 enim
1790 655 1995 724 regiam

2124 656 2415 728 ἱυαξάρης,
2447 658 2774 713 ἀπέστειλεν
2806 659 2956 731 αύτῷ
3003 660 3130 725 τοὺς
3194 662 3406 726 ἱππεῖς.
3463 662 3675 716 Ἐλθόν·

413 747 651 803 habebat
697 750 965 805 munitam
1041 749 1147 817 Qui
1202 766 1327 804 cum
1391 751 1444 804 iu
1497 765 1593 805 eos
1639 748 1995 814 incidissent,

2124 764 2204 799 ww
2236 747 2284 801 δ’
2334 748 2583 813 ἐκείνων,
2623 751 2968 819 συγκαλέσας
3024 769 3152 816 τους
3212 753 3536 825 ταξιάρχας,
3596 756 3686 818 ἐξ·

414 840 574 911 150
597 842 689 910 qui
722 841 833 897 iilic
883 843 935 897 in
965 841 1181 897 insidiis
1213 851 1394 903 erant,
1441 843 1742 911 capiuntur
1784 858 1987 897 uxores

2127 855 2262 913 ψῃνε
2287 842 2346 893 τὸ
2372 843 2720 915 ἀπόρρητον,
2753 846 2850 898 καὶ
2884 847 3041 918 ἥκειν
3074 847 3179 918 ἔφη
3216 848 3306 902 διὰ
3346 849 3440 903 τὸν
3479 850 3687 919 Ἀρμέ-

411 932 592 1002 regiae,
627 932 770 986 illius
801 942 857 989 et
892 934 1037 999 tiliae,
1069 933 1189 1004 ipse
1224 948 1446 1005 quoque
1501 935 1687 989 animo
1729 944 1991 997 aestuans,

2124 948 2210 985 ιον
2233 935 2704 1006 ἀγνωμονὴσαντα
2739 938 2876 1010 πρὸς
2909 941 3001 994 τὸν
3056 940 3380 1013 Κυαξάρην.
3435 942 3549 997 Καὶ
3602 942 3686 1010 τῷ

413 1023 555 1093 tfyro
581 1039 639 1078 se
662 1024 834 1079 dedit,
2100 1025 2200 1093 μὲν
2235 1026 2530 1096 Χρυσάντα
2568 1030 2876 1085 ἐνετέλλετο
2902 1035 3030 1098 τοὺς
3077 1035 3296 1105 ἡμίσεις
3331 1036 3521 1089 λαϐεῖν
3566 1034 3685 1088 τῶν

414 1117 663 1188 Περσῶν,
697 1118 793 1171 καὶ
817 1118 899 1180 είς
928 1120 996 1169 τά
1025 1117 1127 1189 ὄρη
1187 1117 1301 1170 τῶν
1365 1117 1675 1189 Ἀρμενίων
1711 1117 1993 1185 γένεσθαι,
2035 1116 2406 1189 φυλάττεσθαί
2471 1137 2532 1173 τε
2601 1121 2680 1192 μή
2720 1125 3035 1196 γνωσθῆναι
3090 1127 3175 1181 ὃτι
3225 1128 3543 1199 στράτευμα
3594 1127 3685 1195 εἴη

413 1212 474 1262 ὲν
500 1209 734 1274 τούτοις.
763 1210 900 1264 ἀλλά
922 1226 1078 1273 τινας
1103 1209 1455 1281 προπέμπειν
1474 1209 1702 1282 λῃσταῖς
1766 1209 2037 1273 ἐοικότας,
2077 1207 2175 1262 καὶ
2235 1208 2298 1261 τὸ
2332 1210 2538 1281 πλῆθος
2578 1213 2673 1266 καὶ
2701 1214 2800 1278 τὰς
2834 1216 3060 1279 στολάς⁶
3098 1217 3177 1282 ὥς
3197 1234 3257 1270 τε
3292 1218 3346 1270 ει
3366 1234 3511 1281 τινες
3551 1218 3688 1271 τού-

413 1319 531 1366 τοις
568 1303 701 1365 ἴσως
732 1301 1031 1374 ἐντύχοιεν,
1067 1301 1297 1364 κλῶπας
1326 1301 1571 1372 νομίζειν
1592 1296 1758 1356 εἶναι.
1812 1300 1925 1355 Καὶ
1967 1300 1996 1353 ὁ
2038 1298 2140 1371 μὲν
2178 1301 2507 1371 Χρυσάντας
2543 1304 2683 1374 μετὰ
2751 1306 2860 1360 τῶν
2927 1309 3155 1381 Περσῶν
3183 1308 3276 1364 ἐπὶ
3300 1308 3369 1363 τὰ
3394 1308 3503 1381 ὅρη
3537 1309 3690 1380 ἔχω’

417 1410 524 1463 ρει.
567 1393 628 1447 ’0
661 1394 720 1448 δὲ
758 1394 944 1465 Κῦρος
975 1394 1206 1464 πέμψας
1231 1393 1369 1464 πρὸς
1412 1392 1506 1445 τὸν
1547 1391 1860 1464 Ἀρμένιον,
1910 1391 2162 1446 ἐκέλευεν
2215 1392 2292 1457 ὡς
2353 1395 2585 1466 τάχιστα
2642 1396 2812 1451 οἴσειν
2844 1399 2937 1453 καὶ
2957 1401 3050 1454 τὸν
3068 1401 3276 1472 δασμὸν
3299 1402 3395 1455 καὶ
3418 1400 3480 1454 τὸ
3502 1402 3687 1473 στρά-

423 1503 623 1556 τευμα,
686 1487 786 1541 καὶ
846 1486 1013 1550 αύτὺς
1069 1486 1238 1558 ἀπῄει
1293 1484 1748 1556 συντεταγμένος.
1832 1484 1921 1547 Ὣς
1986 1483 2032 1537 δ’
2070 1485 2269 1557 ἢκουσε
2301 1484 2529 1541 ταῦταό
2609 1487 2918 1560 Ἀρμένιος,
2977 1491 3276 1565 ἐξεπλάγη,
3324 1494 3420 1548 καὶ
3458 1494 3688 1564 ἔπεμπε

419 1579 519 1647 μὲν
552 1578 824 1649 ἀθροίζων
851 1578 949 1649 τὴν
982 1580 1177 1633 ἑαυτοῦ
1214 1568 1495 1667 στράτιάν,
1536 1578 1756 1651 ἔπεμπε
1816 1577 1875 1631 δὲ
1937 1578 2033 1632 καὶ
2067 1578 2169 1643 τὰς
2236 1582 2526 1649 γυναῖκας,
2556 1582 2650 1635 τόν
2683 1599 2741 1636 τε
2766 1582 3029 1657 νεώτερον
3051 1586 3186 1652 υἱὸν,
3213 1586 3398 1642 καὶτὰ
3420 1589 3695 1663 χρήματα

416 1672 497 1730 εἰς
530 1672 601 1726 τὰ
629 1672 762 1744 ὅρη·
800 1671 861 1726 ού
883 1674 995 1741 γάρ
1030 1674 1207 1743 τεῖχος
1231 1660 1295 1742 τῇ
1335 1669 1779 1743 σφῶνκατοικίᾳ
1846 1669 2266 1744 περιεϐέϐλητο.
2354 1672 2510 1726 Ἐπεὶ
2570 1673 2628 1727 δὲ
2693 1675 2743 1728 oi
2770 1676 2910 1746 πρὸς
2932 1677 3002 1732 τὰ
3041 1677 3145 1750 ὅρη
3178 1658 3529 1749 πεμφθέντες
3592 1679 3692 1732 ὲν-

416 1770 617 1821 όπεσον
678 1768 794 1828 τοῖς
861 1765 983 1819 ἐκεῖ
1048 1763 1431 1836 ἐφεδρεύουσι,
1478 1764 1571 1816 καὶ
1595 1762 1660 1817 αϊ
1712 1780 1773 1816 τε
1816 1763 2077 1831 γυναῖκες
2106 1764 2203 1817 καὶ
2255 1765 2285 1817 ό
2356 1763 2472 1830 υίὸς
2542 1763 2637 1818 τοῦ
2702 1766 3024 1838 Ἀρμενίου,
3090 1770 3187 1824 καὶ
3248 1770 3306 1825 αἱ
3382 1768 3696 1842 θυγατέρες

419 1860 689 1925 ἑάλωσαν,
722 1857 948 1932 ἀπορῶν
978 1858 1164 1925 αὐτὸς,
1202 1858 1295 1911 καί
1331 1857 1526 1911 ἑαυτὸν
1558 1856 1637 1928 τῷ
1685 1855 1854 1927 Κύρῳ
1891 1854 2234 1927 παρέδωκεν.

486 1955 653 2013 XVII.
686 1955 904 2012 Interea
950 1964 1085 2011 natu
1138 1955 1315 2026 major
1356 1953 1521 2009 etiam
1558 1951 1807 2008 Armenii
1856 1949 2003 2005 ﬁlius

2185 1954 2281 2007 lZ'.
2318 1952 2411 2008 Ἐν
2460 1953 2671 2018 τούτοις
2699 1955 2757 2010 δὲ
2788 1956 2816 2008 ό
2860 1955 3232 2028 πρεσϐύτερος
3272 1957 3367 2013 τοῦ
3397 1960 3696 2032 Ἀρμενίου

419 2052 691 2124 Tigranes
719 2050 837 2122 qui,
889 2063 1119 2121 peregre
1176 2046 1453 2111 abfuerat,
1498 2052 1555 2099 et
1597 2042 1893 2115 aliquando
1944 2042 2001 2097 in

2124 2049 2235 2109 ταῖς
2260 2046 2535 2117 Τιγράνης
2563 2047 2845 2118 ἀπόδημος
2870 2045 2966 2116 ὢν,
2996 2049 3224 2120 προσῄει
3254 2051 3312 2114 ὃς
3336 2068 3466 2105 ποτε
3493 2053 3702 2126 σύνθηο

419 2146 710 2205 venatione
737 2160 863 2201 cum
893 2144 1036 2216 Cyro
1074 2141 1276 2209 fuerat,
1317 2154 1595 2202 reversus,
1629 2137 1850 2209 cognito
1875 2151 2003 2191 suo-

2124 2154 2199 2201 νος
2229 2139 2306 2210 τῷ
2337 2138 2504 2210 Κύρῳ
2536 2140 2776 2208 ἐγένετο,
2813 2140 2909 2195 καὶ
2939 2143 3100 2211 γνοὺς
3132 2142 3200 2196 τά
3258 2144 3566 2215 συμϐάντα,
3600 2148 3700 2200 εύ-

422 2256 545 2296 rum
577 2253 729 2303 casu,
754 2234 936 2292 statim
956 2235 1076 2290 sine
1106 2233 1214 2288 ulla
1237 2231 1590 2287 cunctatione
1620 2228 1821 2300 Cyrum
1867 2242 2003 2282 cou-

419 2334 573 2390 venit
612 2344 885 2400 :cumque
915 2336 1124 2398 patrem
1158 2335 1215 2381 et
1244 2333 1477 2382 matrem
1510 2332 1567 2378 et
1590 2336 1835 2385 sorores,
1865 2335 2003 2375 uxo-

421 2434 651 2491 remque
680 2433 835 2474 suam
866 2417 1110 2487 captivas
1141 2415 1388 2477 vidisset,
1416 2414 1701 2484 lacrymat.
1754 2410 1857 2466 Cui
1896 2410 2004 2482 Cy-

424 2528 522 2568 rus
559 2529 573 2567 :
603 2509 649 2566 Τ
646 2510 943 2579 empestive,
975 2507 1176 2577 inquit,
1205 2506 1328 2560 adcs
1356 2524 1372 2559 :
1433 2503 1707 2574 longoque
1751 2516 2007 2557 sermone

424 2622 550 2663 cum
606 2597 871 2659 Armenio
921 2601 1131 2665 habito,
1191 2600 1426 2670 ejusque
1469 2597 1697 2669 perfidia
1732 2596 2006 2660 convicta,

428 2697 650 2752 tandem
677 2695 867 2751 dicere
899 2693 1080 2763 jubet,
1111 2698 1344 2761 quantas
1367 2688 1567 2744 habeat
1594 2686 1805 2758 capias,
1830 2702 2007 2758 quan-

429 2801 545 2844 tum
576 2789 706 2842 item
736 2784 1025 2856 pecuniae?
1054 2782 1192 2839 Cum
1223 2782 1313 2837 ille
1339 2779 1722 2850 responderet,
1756 2779 2008 2851 equitum

431 2891 559 2937 octo
594 2879 839 2951 peditum
871 2877 1235 2949 quadraginta
1298 2874 1465 2930 millia
1500 2891 1512 2928 :
1553 2874 1820 2944 pecuniae,
1875 2872 1921 2927 si
1943 2872 2011 2927 ad

432 2973 645 3046 argenti
694 2972 965 3027 rationem
1025 2976 1464 3039 computaretur,
1502 2968 1645 3023 ultra
1681 2966 1785 3022 tria
1840 2965 2013 3020 millia

434 3070 702 3124 talentum
732 3087 746 3123 :
775 3067 853 3122 ibi
901 3065 1101 3137 Cyrus,
1160 3063 1437 3119 exercitus
1481 3062 1767 3117 semissem
1823 3075 2012 3116 secum

432 3161 575 3217 mitti
602 3160 759 3232 jubet
791 3177 804 3214 :
839 3159 908 3215 de
940 3156 1195 3229 pecunia,
1226 3170 1326 3227 pro
1353 3153 1751 3226 quinquaginta
1795 3152 2015 3208 talentis

434 3253 604 3309 annui
641 3252 859 3317 tributi,
920 3250 1148 3319 duplum
1177 3247 1404 3319 Cyaxari
1435 3246 1601 3313 mitti,
1625 3256 1681 3301 et
1726 3244 1831 3300 sibi
1890 3254 2010 3299 tan-

2107 2229 2205 2293 θυς
2239 2230 2314 2293 ὡς
2347 2229 2459 2301 εἶχε
2498 2233 2635 2303 πρὸς
2657 2232 2750 2286 τδν
2780 2233 2964 2305 Κῦρον
2998 2234 3197 2307 ἀπῄει’
3239 2237 3336 2290 καὶ
3362 2236 3489 2291 ἰδὼν
3514 2239 3612 2292 τόν
3634 2257 3702 2294 τε

2109 2324 2343 2392 πατέρα,
2372 2326 2465 2378 καὶ
2493 2324 2594 2396 τὴν
2621 2325 2856 2395 μητέρα,
2888 2327 3104 2388 καὶτὰς
3147 2327 3407 2397 ἀδελφάς,
3442 2330 3541 2385 καὶ
3589 2333 3703 2397 τὴν

2108 2415 2304 2468 ἑαυτοῦ
2331 2416 2571 2483 γυναῖκα
2596 2415 3001 2487 αἰχμαλώτους,
3037 2417 3360 2490 ἐδάκρυσεν.
3402 2418 3461 2475 '0
3489 2422 3549 2475 δὲ
3578 2422 3704 2476 Κῦ-

2112 2523 2224 2578 ρος,
2253 2510 2360 2576 Εἰς
2384 2507 2596 2577 καιρὸν
2630 2508 2820 2577 ἥκεις,
2856 2508 2982 2578 ἔφη.
3016 2509 3126 2565 Καὶ
3164 2510 3330 2565 πολλὰ
3359 2512 3438 2583 τῷ
3495 2513 3707 2584 ’Δρμε-

2110 2603 2206 2673 νίῳ
2234 2600 2559 2672 διαλεχθεὶς,
2587 2601 2685 2655 καὶ
2713 2601 3005 2656 ἀδικοῦντα
3055 2602 3301 2672 ἐλέγξας,
3342 2605 3500 2669 τέλος
3543 2605 3654 2675 ἔφη
3683 2621 3702 2635 ’

2110 2696 2250 2764 Λέγε
2282 2711 2393 2765 μοι.
2420 2693 2561 2764 πόση
2581 2710 2662 2747 σοι
2688 2693 2927 2763 δύναμίς
2970 2697 3110 2759 ἐστι,
3140 2696 3286 2748 πόσα
3306 2695 3363 2748 δὲ
3388 2698 3660 2767 χρήματα
3678 2713 3703 2763 ;

2110 2787 2203 2842 τοῦ
2228 2789 2284 2842 δὲ
2315 2787 2585 2851 εἰπόντος,
2615 2786 2802 2849 ἱππεῖς
2829 2787 2927 2857 μὲν
2941 2787 3376 2858 ὀκτακισχιλίους
3395 2785 3560 2854 εἶναι,
3596 2807 3704 2843 πε-

2113 2879 2222 2945 ζῶν
2255 2878 2311 2933 δὲ
2343 2878 2614 2950 μυριάδας
2656 2877 2953 2950 τέσσαρας,
2993 2881 3251 2951 χρήματα
3292 2880 3350 2934 δὲ
3391 2882 3470 2944 εἰς
3517 2881 3702 2952 άργύ·

2118 2991 2233 3045 ριον
2260 2972 2587 3040 λογισθέντα
2624 2969 2797 3025 πλείω
2837 2970 3155 3041 τρισχιλίων
3182 2971 3491 3027 ταλάντων·
3519 2973 3552 3025 ό
3584 2973 3703 3027 Κῦ-

2116 3084 2230 3138 ροῖν
2280 3065 2394 3136 Τῆς
2461 3065 2562 3136 μὲν
2616 3065 2899 3136 στρατιᾶς,
2954 3064 3081 3135 ἔφη,
3137 3063 3263 3126 τοὺς
3317 3063 3545 3134 ἡμίσεις
3608 3081 3705 3134 μοι

2120 3156 2454 3228 σύμπεμψον
2476 3172 2490 3186 ·
2518 3155 2628 3210 τῶν
2654 3157 2711 3210 δὲ
2737 3154 3039 3226 χρημάτων
3067 3152 3191 3209 ἀντὶ
3221 3155 3323 3224 μὲν
3347 3154 3459 3207 τῶν
3488 3155 3706 3224 πεντή-

2118 3265 2284 3301 κοντα
2343 3246 2622 3301 ταλάντων
2696 3245 2792 3298 τοῦ
2848 3245 3065 3315 ἐτησὶου
3138 3243 3374 3315 δασμοῦ,
3437 3242 3711 3299 διπλάσια

441 3346 689 3402 tutudem
724 3352 918 3400 mutuo
938 3342 1076 3398 dari.
1110 3340 1207 3396 His
1239 3340 1425 3404 dictis,
1459 3354 1687 3394 uxorem
1716 3349 1772 3393 et
1806 3338 2014 3393 liberos

2124 3337 2386 3410 Κυαξάρῃ
2408 3336 2608 3401 ἀπόδος
2637 3353 2651 3367 ⁶
2696 3335 2820 3406 ὲμοί
2857 3335 2924 3401 δ’,
2960 3335 3088 3404 ἔφη,
3135 3334 3273 3390 ἄλλα
3323 3335 3523 3388 ἑκατὸν
3591 3335 3707 3404 (92)

437 3437 697 3493 Armenio
727 3436 897 3491 donat
927 3453 940 3489 :
967 3432 1188 3504 Tigrani
1220 3430 1351 3486 item
1388 3430 1675 3501 coniugem
1712 3444 1866 3485 suam
1895 3427 2018 3483 red-

439 3532 542 3586 dit.
577 3544 772 3585 recens
803 3534 1054 3598 nuptam,
1084 3536 1145 3581 et
1181 3538 1376 3579 omnes
1403 3521 1651 3578 dimittit.
1676 3522 1827 3576 inter
1851 3520 2015 3577 Chal-

441 3627 589 3681 daeos
612 3640 778 3697 porro
826 3631 882 3678 et
936 3621 1245 3683 Armenios,
1312 3629 1354 3674 tt
1404 3619 1548 3675 inter
1602 3617 1813 3673 vicinos
1857 3618 2016 3678 solet,

442 3719 675 3775 assidua:
699 3715 1086 3772 contentiones
1110 3721 1165 3770 et
1201 3727 1395 3784 pugna:
1425 3720 1585 3767 erant
1612 3728 1625 3767 :
1653 3711 1857 3782 quibus
1878 3711 2020 3765 inter

444 3829 502 3869 se
543 3809 934 3872 reconciliatis,
968 3806 1145 3880 Cyrus
1194 3806 1428 3869 recedit,
1488 3819 1552 3860 ac
1577 3803 1781 3859 milites
1811 3802 1880 3856 ab
1916 3802 2020 3856 Ar-

449 3901 629 3961 menio
657 3912 913 3973 acceptos
945 3901 1010 3956 ad
1042 3900 1342 3973 Cyaxarem
1375 3898 1547 3953 mittit
1576 3915 1589 3951 :
1618 3904 1671 3951 et
1702 3894 1756 3948 in
1789 3893 2021 3948 Mediam

447 4012 723 4063 reversus,
786 3996 1128 4067 pecuniaque
1176 3993 1320 4048 inter
1387 3991 1643 4046 tribunos
1703 3987 2020 4051 distributa,

447 4104 571 4144 eum
598 4087 840 4160 Cyaxare
873 4086 1293 4157 impressionem
1336 4084 1392 4138 in
1426 4096 1616 4152 agrum
1651 4080 1909 4134 hostilem
1938 4078 2022 4132 fa-

449 4181 546 4246 cit,
608 4180 914 4249 castrisque
950 4177 1166 4249 positis,
1214 4189 1408 4246 magna
1461 4170 1645 4242 praeda
1685 4170 1913 4241 potitur.
1955 4168 2027 4224 Ut

449 4283 633 4329 autem
677 4271 932 4344 Assyrios
978 4271 1144 4326 etiam
1198 4265 1463 4323 accedere
1506 4271 1902 4335 cognoverunt,
1937 4262 2026 4316 in-

449 4373 653 4420 structa
686 4364 803 4419 acie
832 4361 1132 4434 progressi,
1162 4357 1453 4415 intervallo
1474 4369 1791 4427 parasangaa
1830 4353 1898 4408 ab
1927 4354 2027 4407 lm-

452 4459 632 4513 stibus
652 4464 831 4512 castra
860 4463 1157 4510 metantur.
1186 4451 1456 4509 Postridie
1475 4449 1653 4520 Cyrus
1674 4464 1802 4503 suos
1823 4448 2030 4503 milites

450 4548 680 4603 eductos
699 4547 941 4610 ordinat,
967 4546 1241 4617 Cyaxares
1270 4559 1394 4600 cum
1412 4541 1584 4597 Medis
1599 4540 1834 4595 alterum
1856 4555 2029 4594 cornu

2118 3434 2385 3489 δάνεισον.
2423 3431 2538 3485 Καὶ
2564 3429 2737 3483 ταῦτα
2763 3426 2960 3494 εἰπὼν,
2987 3428 3089 3497 τήν
3112 3444 3171 3481 τε
3196 3430 3431 3497 γυναῖκα
3456 3426 3537 3498 τῷ
3573 3428 3705 3496 Ἀρ-

2125 3523 2432 3596 μενίῳ,καὶ
2459 3521 2584 3585 τοὺς
2618 3521 2813 3585 παῖδας
2851 3519 3024 3591 δῶρον
3079 3518 3271 3583 ἔδωκε,
3329 3521 3426 3573 καὶ
3466 3517 3549 3589 τῷ
3606 3519 3705 3572 Τι-

2121 3618 2303 3688 γράνῃ
2332 3616 2432 3687 τὴν
2451 3613 2660 3668 οἴκεῑαν
2684 3613 2957 3681 νεογάμῳ,
2977 3611 3115 3678 ὖντι,
3147 3611 3241 3665 καὶ
3262 3611 3445 3681 ἀφῆκε
3468 3615 3703 3675 πάντας.

2136 3706 2442 3778 ’Λρμενίοις
2503 3703 2561 3757 δὲ
2618 3704 2713 3756 καὶ
2759 3701 3055 3764 Χαλδαίοις
3099 3700 3363 3772 ὁμοροῦσι
3433 3700 3708 3773 διαφοραὶ

2123 3797 2266 3871 ἦσαν
2294 3799 2381 3853 ἀεὶ
2414 3799 2508 3851 καὶ
2542 3797 2736 3867 μάχαι.
2787 3793 3025 3859 Τούτους
3061 3793 3109 3848 δ’
3169 3794 3422 3865 ἀλλήλοις
3444 3797 3473 3848 ό
3518 3794 3706 3864 Κῦρος

2127 3892 2453 3964 κατήλλαξε,
2473 3890 2569 3944 καὶ
2591 3888 2765 3952 οὕτως
2794 3887 2962 3960 ἀπῄει
2984 3904 2998 3920 ⁸
3024 3887 3119 3942 καὶ
3143 3887 3205 3941 τὸ
3235 3887 3333 3957 μὲν
3358 3887 3703 3958 στράτευμα,

2126 3984 2154 4037 ὅ
2184 3984 2247 4036 ἐκ
2281 3980 2370 4036 τοῦ
2415 3979 2705 4051 Ἀρμενίου
2736 3974 2950 4046 ἐλαϐεν,
2974 3977 3187 4049 ἔπεμψε
3222 3976 3359 4049 πρὸς
3381 3978 3701 4050 Κυαξάρην.

2139 4074 2294 4128 Ἐπεὶ
2313 4072 2360 4126 δ’
2391 4071 2621 4141 ἀφίκετο
2643 4072 2723 4134 εις
2743 4070 2986 4141 Μήδους,
3021 4069 3291 4140 μετέδωκε
3318 4069 3428 4121 τῶν
3481 4087 3592 4141 χρη
3602 4072 3708 4140 μά-

2127 4183 2237 4221 των
2264 4166 2375 4228 τοϊς
2415 4161 2582 4217 αὐτοῦ
2606 4162 2955 4232 ταξιάρχαις.
3000 4156 3134 4215 Εἶτα
3186 4161 3282 4214 σὺν
3315 4160 3395 4231 τῷ
3441 4161 3705 4231 Κυαξάρῃ

2129 4258 2387 4314 ἐνέϐαλεν
2417 4259 2498 4320 εἰς
2539 4256 2639 4327 τὴν
2668 4255 2957 4324 πολεμίαν,
2986 4254 3079 4308 καὶ
3115 4252 3703 4324 ἐστρατοπεδεύσαντο,

2132 4353 2227 4405 καὶ
2255 4350 2405 4403 λείαν
2431 4347 2632 4419 πολλὴν
2682 4346 2896 4401 ἐκεῖθεν
2948 4346 3279 4417 συνήγαγον.
3344 4344 3507 4407 Ὠςδὲ
3538 4360 3708 4413 προσυ

2139 4445 2319 4507 ιόντας
2378 4442 2620 4505 καὶτοὺς
2662 4439 2987 4508 Ἀσσυρίους
3015 4438 3301 4502 ἐπύθοντο,
3339 4439 3712 4506 συντεταγμέο

2136 4553 2217 4591 νοι
2282 4535 2613 4606 προσῄεσαν,
2664 4532 2762 4586 καὶ
2801 4529 3391 4600 ἐστρατοπεδεύσαντο,
3465 4528 3712 4597 ἀλλήλων

452 4647 709 4710 occupat.
736 4639 809 4693 Ex
826 4638 1059 4693 adverso
1072 4637 1215 4691 idem
1235 4644 1291 4691 et
1308 4634 1513 4706 Assyrii
1530 4649 1654 4689 cum
1670 4633 1786 4688 suis
1802 4632 2018 4688 hedera-

2146 4628 2511 4697 παρασάγγην
2545 4624 2866 4696 ἀπέχοντες.
2905 4624 2985 4696 Τῇ
3030 4622 3075 4676 δ’
3105 4622 3370 4693 ὑστεραίᾳ
3427 4619 3712 4688 ἐξαγαγὼν

457 4732 526 4787 tis
539 4730 768 4785 faciunt.
786 4729 965 4784 Persa
980 4727 1123 4781 inter
1135 4741 1255 4781 sese
1272 4725 1565 4786 cohortati,
1586 4725 1812 4794 ipseque
1829 4722 2025 4794 Cyrus,

456 4838 619 4878 cursu
643 4820 965 4878 ferunturin
985 4818 1196 4874 hostes.
1219 4819 1288 4871 At
1324 4817 1424 4882 illi,
1447 4818 1615 4873 vitato
1662 4817 1881 4871 illorum
1926 4814 2031 4869 im-

460 4924 606 4983 petu,
631 4910 699 4967 ad
745 4909 1079 4965 munitiones
1099 4924 1158 4965 se
1200 4908 1489 4979 recipiunt.
1515 4906 1725 4964 Instant
1750 4888 1961 4967 Pet-sm:
1976 4913 2033 4959 et

458 5005 589 5059 dum
609 5003 701 5068 alii
722 5003 859 5058 alios
882 5010 1097 5071 urgent.
1125 5002 1326 5056 multos
1355 5007 1611 5055 sternunt
1641 5014 1655 5052 :
1679 5010 1734 5052 et
1749 5012 1844 5052 eos
1865 4996 2030 5050 etiam

458 5098 553 5169 qui
598 5097 653 5152 in
702 5096 876 5151 fossas
918 5094 1425 5161 iucidcrant,saltu
1470 5089 1761 5153 consecuti
1793 5088 2031 5144 caedunt.

461 5191 743 5248 Medorum
774 5192 903 5245 item
930 5188 1167 5259 equites,
1195 5187 1437 5243 hostium
1465 5183 1681 5255 equites
1707 5180 1976 5237 invadunt
2019 5199 2033 5235 :

2138 4720 2166 4772 ό
2186 4716 2367 4789 Κῦρος
2396 4716 2458 4769 τὸ
2483 4715 2681 4769 ἑαυτοῦ
2712 4714 3051 4786 στράτευμα,
3073 4713 3442 4784 παρετάξατο,
3474 4713 3574 4765 καὶ
3596 4710 3711 4763 καθ’

2138 4810 2329 4881 ἕτερον
2357 4808 2527 4879 κέρας
2550 4809 2646 4862 σὺν
2675 4809 2786 4871 τοῖς
2839 4805 3046 4876 Μήδοις
3078 4806 3108 4859 ό
3140 4803 3462 4876 Κυαξάρης,
3516 4805 3713 4874 ἑτέρω-

2141 4906 2233 4957 οεν
2254 4902 2301 4957 δ’
2356 4902 2408 4955 oi
2461 4899 2739 4971 Ἀσσύριοι
2794 4899 2891 4953 καὶ
2938 4900 2989 4951 oi
3037 4897 3465 4968 συμμαχοῦντες
3510 4897 3711 4957 αὐτοῖς.

2141 4994 2255 5048 Καὶ
2279 4991 2696 5062 παραθήξαντες
2720 4989 2985 5059 ἀλλήλους
3014 4989 3064 5041 οἱ
3091 4989 3322 5059 Πέρσαι,
3340 4988 3507 5057 ὁμόσε
3531 4986 3712 5056 δρόμῳ

2120 5086 2423 5155 ἐφέροντο,
2466 5084 2559 5136 καὶ
2588 5086 2614 5137 ὁ
2651 5082 2834 5153 Κῦρος
2862 5082 3048 5145 αὑτός.
3089 5081 3158 5134 Οἵ
3191 5097 3254 5149 γε
3306 5078 3410 5150 μὴν
3463 5079 3710 5147 πολέμιοι

2141 5180 2241 5232 οὐκ
2271 5177 2346 5231 ἔτ’
2396 5176 2613 5247 ἔμενον,
2646 5175 2762 5229 ἀλλ’
2797 5175 3028 5244 ἔφευγον
3056 5173 3135 5237 εἰς
3165 5172 3226 5226 τὸ
3262 5173 3466 5242 ἔρυμα.
3531 5171 3637 5221 Καὶ
3667 5166 3713 5219 οἱ

462 5283 670 5340 cedunt
722 5282 825 5348 illi,
869 5280 927 5341 lit
982 5258 1105 5352 iuga
1159 5289 1215 5335 et
1249 5292 1522 5351 equorum
1565 5285 1623 5332 et
1669 5274 1938 5336 virorum,
1983 5288 2011 5328 e

2147 5272 2357 5339 Πέρσαι
2376 5270 2562 5333 αὐτοῖς
2585 5266 2940 5338 ἐφεπόμενοι,
2969 5265 3298 5335 ὠθουμένων
3325 5261 3533 5326 αὑτῶν,
3591 5258 3711 5312 πολ-

463 5387 829 5447 utrorumque
848 5373 1026 5431 credes
1071 5376 1201 5441 Quae
1232 5386 1356 5428 eum
1383 5369 1736 5442 Assyriorum
1762 5374 1818 5421 et
1865 5365 2031 5421 {mde-

2146 5362 2273 5428 λοὺς
2308 5360 2829 5434 κατεστρώννυσαν,
2869 5356 2994 5422 τοὺς
3023 5356 3080 5411 δὲ
3121 5356 3202 5419 εις
3271 5356 3517 5425 τάφρους
3561 5348 3715 5423 ἐμπί-

1620 5521 1821 5584 Variae
1870 5519 2180 5582 lectiones
2221 5526 2282 5579 et
2323 5523 2511 5581 noue.
2948 5600 2959 5601 ί

559 5654 649 5722 92)
694 5653 855 5722 Ἐμοὶ
889 5651 941 5704 δ’
971 5650 1081 5722 ἔφη
1108 5648 1267 5703 ἄλλα
1293 5645 1528 5702 ἑκατόν.
1559 5642 1884 5700 Viennensis
1916 5641 2012 5699 cod

2124 5639 2249 5706 ldit,
2312 5638 2580 5705 δάνεισον,
2628 5648 2685 5695 et
2715 5647 2801 5695 est
2834 5637 2893 5693 in
2936 5633 3321 5706 Xenophonte,
3395 5645 3543 5702 napo
3607 5629 3712 5685 hac

474 5720 745 5789 descripta
757 5720 913 5778 sunt.
944 5720 1028 5777 W.
