3926 6210
319 246 416 310 281

1557 249 1972 312 ANNALIUM
2013 249 2165 310 LIB.
2203 249 2325 311 Ill.

3367 203 3561 328 .282

321 379 559 422 πτοντας
585 362 1028 433 ἐπεισπηδῶντες
1049 362 1303 431 ἐφόνευον
1325 381 1338 394 σ
1365 365 1456 418 καὶ
1486 365 1535 418 οἱ
1561 366 1671 420 τῶν
1698 367 1893 437 Μήδων

2003 377 2252 423 ratorum
2287 385 2489 426 uxores
2501 369 2772 434 viderent,
2790 373 3120 441 exclamant,
3138 385 3576 436 etconsternatac

316 454 372 506 δὲ
407 455 594 514 ἱππεῖς
629 456 708 517 εἰς
747 457 874 517 τοὺς
919 454 1028 507 τῶν
1081 457 1358 526 πολεμίων
1401 459 1606 524 ἱππέας
1643 461 1897 530 ἧλαυνον.

312 547 380 600 οε
400 546 446 598 δ’
478 546 782 610 ἐνέκλινον,
819 545 951 599 ἔνθα
978 547 1042 617 δὴ
1066 550 1160 602 καὶ
1186 550 1373 603 ἵππων
1410 553 1653 622 διωγμὸς
1683 549 1751 623 ἦν
1802 556 1901 608 καὶ

314 637 559 706 ἀνδρῶν,
588 640 686 692 καὶ
717 640 877 707 φόνος
904 641 962 706 ἐξ
990 641 1344 712 ἀμφοτέρων.
1390 643 1620 698 ’ἰδοῦσαι
1649 645 1776 698 δέαἱ
1804 662 1901 714 γυο

314 730 510 792 ναῖκες
535 729 649 782 τῶν
693 730 998 801 Ἀσσυρίων
1040 734 1134 786 κα)⁸
1188 735 1300 788 τῶν
1345 736 1651 808 συμμάχων
1704 737 1898 801 ταῦτα,

313 821 650 890 ἀνέκραγον,
681 823 777 875 καὶ
803 822 953 876 έθεον
993 824 1474 896 ἐκπεπληγμέναι,
1499 829 1595 883 καὶ
1640 831 1769 892 τοὺς
1799 832 1900 884 πέ-

314 913 486 976 πλους
541 917 1018 986 περιρηγνύμεναι
1062 919 1155 972 καὶ
1201 921 1595 990 δρυπτόμεναι,
1659 925 1900 978 ἱκέτευον

311 1007 532 1070 πάντας
555 1008 760 1074 ἀμῦναι
783 1008 878 1062 καὶ
915 1011 1128 1075 αὐταῖς,
1165 1012 1261 1065 καὶ
1301 1013 1536 1078 τέκνοις,
1567 1015 1662 1068 καὶ
1715 1017 1899 1086 σφίσιν

311 1097 526 1157 αὐτοῖς.
562 1096 734 1150 Ἐνθα
773 1098 840 1168 δὴ
875 1099 968 1152 καὶ
992 1101 1039 1153 οῖ
1070 1099 1310 1170 βασιλεῖς
1333 1104 1489 1157 αὐτοὶ
1527 1106 1625 1158 σὺν
1667 1108 1780 1169 τοῖς
1803 1121 1898 1159 πι-

313 1186 612 1251 στοτάτοις
633 1188 858 1251 στάντες
892 1189 987 1242 ἐπὶ
1036 1190 1134 1253 τὰς
1169 1191 1406 1256 εἰσόδους
1456 1193 1748 1263 ἐμάχοντο.
1804 1195 1898 1247 καὶ

310 1279 427 1336 τοῖς
465 1276 654 1338 ἄλλοις
690 1279 1138 1349 παρεκελεύοντο.
1169 1282 1365 1344 Δείσας
1398 1283 1444 1335 δ’
1475 1285 1503 1336 ὁ
1551 1284 1756 1356 Κῦρος,
1822 1285 1898 1356 μὴ

307 1369 488 1436 ἐλίγοι
519 1370 676 1434 ὅντες
704 1373 752 1424 εί
781 1371 1065 1441 βιάσαιντο
1083 1375 1164 1436 είς
1183 1373 1243 1428 τὸ
1272 1375 1583 1445 χαράκωμα
1609 1376 1893 1442 είσελθεῖν,

311 1462 419 1513 ὑπὸ
456 1462 674 1516 πολλῶν
702 1464 982 1533 σφαλεῖεν,
1023 1466 1420 1536 παρηγγύησεν
1456 1469 1562 1522 ὑπὸ
1621 1469 1767 1522 πόδα
1805 1471 1898 1522 ἁν-

308 1553 473 1616 άγειν
499 1551 610 1616 ἔξω
639 1551 832 1621 βελῶν.
870 1555 978 1608 Καὶ
1004 1557 1141 1625 ταχὺ
1165 1556 1224 1608 τὸ
1249 1555 1676 1627 κεκελευσμένον
1707 1560 1896 1628 ἐποίη-

310 1659 437 1696 σαν.
474 1639 589 1695 Εἶτ’
621 1645 880 1714 ἀπήγαγε
909 1645 1036 1708 τοὺς
1067 1645 1324 1710 οἰκείους,
1374 1646 1500 1699 ὅσον
1558 1646 1737 1700 ἐδόκει
1794 1665 1895 1701 κα-

309 1733 419 1794 λῶς
449 1732 621 1804 ἔχειν,
655 1735 753 1788 καὶ
787 1737 1340 1806 ἐστρατοπεδεύσατο.
1400 1739 1464 1792 Οἱ
1507 1737 1552 1791 δ’
1616 1739 1894 1810 Ἀσσύριοι

307 1828 401 1878 καὶ
432 1827 758 1896 τεθνηκότος
789 1827 884 1880 τοῦ
911 1829 1193 1898 ἄρχοντος,
1231 1831 1328 1884 καὶ
1372 1830 1562 1900 σχεδὸν
1597 1832 1697 1886 σὺν
1745 1833 1894 1904 αὐτῷ

309 1920 418 1973 τῶν
442 1920 766 1989 βελτίστων,
791 1921 1057 1992 ἠθύμουν.
1119 1923 1387 1993 Ὀρῶντες
1447 1925 1505 1978 δὲ
1547 1924 1720 1980 ταῦτα
1772 1927 1801 1980 ὃ
1833 1945 1892 1980 τε

309 2012 546 2081 Κροῖσος
578 2015 673 2066 καὶ
703 2014 919 2068 oram:
951 2015 1228 2086 σέμμαχοι
1253 2016 1425 2087 σφῶν,
1445 2018 1649 2082 πάντες
1668 2019 1890 2090 ἤλγουν.

321 2104 611 2158 Ἐντεῦθεν
641 2106 955 2160 ἐκλείπουσι
988 2109 1049 2160 τὸ
1082 2109 1467 2178 στρατόπεδον,
1500 2111 1595 2164 καὶ
1625 2112 1896 2182 ἀπέρχον-

309 2217 404 2253 ται
430 2200 533 2270 τῆς
569 2203 788 2264 νυκτός.
830 2202 920 2266 Ὣς
945 2203 1000 2254 δὲ
1033 2203 1154 2273 μεθ’
1196 2204 1413 2274 ἡμέραν
1463 2205 1672 2276 ἔρημον
1718 2208 1891 2278 ἐφάνη

305 2296 369 2348 τὸ
400 2295 514 2349 τῶν
544 2296 818 2365 πολεμίων
845 2296 1176 2366 χαράκωμα,
1195 2297 1502 2362 διαὸιῦαζει
1528 2301 1651 2362 τοὺς
1674 2301 1892 2370 Πέρσας

303 2393 331 2441 ὁ
359 2388 548 2459 Κῦρος
578 2388 851 2461 πρώτους.
881 2386 998 2443 εἶτα
1029 2391 1123 2443 καὶ
1179 2391 1228 2443 οἱ
1272 2391 1416 2461 ἀμφὶ
1467 2393 1764 2464 Κυαξάρην
1810 2395 1892 2447 δι-

306 2482 550 2535 ἐόαινον.
596 2481 686 2550 Τῷ
736 2482 834 2552 μὲν
882 2479 975 2536 οὖν
1007 2483 1177 2554 Κύρῳ
1205 2482 1419 2537 διώκειν
1451 2485 1575 2548 τοὺς
1603 2486 1894 2556 πολεμίους

303 2573 512 2642 ἐδόκει,
549 2574 628 2646 τῷ
655 2573 715 2630 δέ
754 2590 816 2644 γε
847 2574 1118 2650 Κυαξάρη
1148 2577 1460 2632 τούναντίον
1515 2577 1662 2634 ἅπαν
1719 2573 1788 2651 ἦν
1818 2580 1895 2632 αἱ·

310 2666 491 2733 ρετόν.
524 2666 637 2718 Καὶ
673 2669 700 2720 ό
731 2666 942 2738 Κύρος,
975 2669 1074 2732 Δὸς
1104 2669 1166 2738 δή
1201 2687 1291 2740 μοι
1341 2671 1448 2724 τῶν
1491 2671 1713 2742 Μήδων,
1763 2671 1890 2745 ἔφη,

303 2757 460 2821 τινας
491 2759 1012 2830 συμπορευομένους
1049 2779 1164 2831 μοι,
1202 2763 1443 2826 ἐκείνους
1497 2763 1582 2835 δὴ,
1645 2765 1761 2817 ὅσοι
1803 2781 1894 2834 μοι

309 2850 588 2904 ἐθελονταὶ
611 2851 942 2920 συνέψεσθαι
967 2853 1139 2923 προου
1149 2857 1436 2924 μήσονται.
1475 2857 1586 2910 Καὶ
1605 2857 1632 2909 ὁ
1669 2857 1892 2921 Κυαξά-

315 2959 414 3012 ρης
444 2943 643 3013 ἐφῆκε,
674 2945 768 2996 καὶ
799 2943 891 2997 τὸν
921 2945 1259 3012 ἀγγελοῦντα
1304 2947 1478 3001 ταῦτα
1522 2951 1636 3011 τοῖς
1661 2949 1888 3020 Μήδοις,

2009 459 2162 530 151
2192 471 2445 527 currunt,
2473 473 2529 517 et
2555 473 2736 518 vestes
2764 465 3073 522 lacerantes
3103 468 3535 542 plangentesque
3553 515 3566 537 ,

2005 555 2155 608 viros
2193 555 2579 620 obtestantur,
2626 567 2686 610 ut
2737 560 3086 628 semetipsos.
3137 569 3198 614 ut
3243 575 3465 627 uxores,
3513 576 3574 619 ut

2003 645 2210 702 liberos
2243 647 2563 703 defendant.
2612 649 2692 704 lbi
2740 666 2894 720 reges
2929 667 3052 705 cum
3100 651 3386 708 fidissimis
3417 657 3570 710 aditu

2003 748 2309 794 castrorum
2367 749 2656 809 occupato,
2718 757 2956 810 pugnam
3011 750 3068 796 et
3125 743 3230 812 ipsi
3283 745 3456 810 cient,
3517 755 3574 799 et

2000 839 2230 885 caeteros
2258 833 2634 886 cohortantur.
2673 833 2892 888 Veritus
2921 835 3087 902 igitur
3113 833 3310 904 Cyrus.
3346 852 3414 891 ne
3443 838 3489 891 si
3521 837 3573 891 vi

2002 929 2356 992 penetrarent
2388 922 2442 976 in
2491 923 2688 977 hostile
2722 923 2949 987 vallum,
2979 923 3139 990 pauci
3171 939 3202 977 a
3237 925 3428 980 multis
3455 928 3570 980 cir-

2000 1016 2478 1080 cumvenirentur,
2521 1016 2739 1086 signum
2800 1018 3047 1086 receptui
3086 1017 3203 1080 dat,
3255 1027 3318 1072 ut
3365 1020 3570 1074 milites

1999 1107 2262 1177 paulatim
2290 1117 2445 1161 extra
2477 1107 2570 1162 teli
2606 1108 2813 1176 jactum
2859 1108 3180 1162 recederent
3217 1125 3231 1163 :
3263 1110 3412 1178 quod
3442 1126 3567 1164 cum

2000 1198 2257 1253 celeriter
2284 1199 2564 1262 fecissent,
2607 1213 2738 1253 suos
2772 1208 2988 1254 tantum
3017 1200 3264 1265 abducit,
3299 1211 3570 1270 quantum

2001 1297 2212 1344 rectum
2269 1305 2393 1344 esse
2443 1290 2758 1355 videbatur,
2809 1301 2869 1346 et
2918 1301 3096 1346 castra
3145 1293 3311 1347 locat.
3356 1294 3568 1364 Assyrii

1999 1395 2152 1444 vero,
2209 1396 2333 1435 cum
2393 1391 2451 1436 et
2491 1383 2790 1452 imperator
2843 1393 2900 1437 et
2948 1383 3287 1439 fortissimus
3327 1384 3569 1454 quisque

1999 1472 2310 1538 cecidisset,
2365 1475 2566 1530 animis
2592 1476 2740 1545 angi,
2783 1475 3010 1531 Crassus
3059 1485 3114 1530 ct
3167 1475 3262 1530 alii
3316 1475 3571 1530 foederati

1998 1565 2210 1630 dolere,
2237 1566 2542 1634 castrisque
2578 1576 2742 1620 noctu
2777 1566 3036 1621 desertis.
3059 1566 3366 1623 discedere.
3415 1568 3572 1623 Mane

2001 1670 2126 1710 cum
2153 1656 2405 1710 viderent
2437 1657 2640 1710 vallum
2674 1657 2917 1711 hostium
2949 1673 3072 1711 esse
3101 1673 3362 1723 vacuum,
3395 1658 3573 1730 Cyrus

2004 1745 2198 1799 Persas
2230 1744 2434 1815 primos
2467 1745 2724 1808 traducit,
2764 1745 3025 1816 Cyaxaris
3074 1748 3250 1817 cepiis
3288 1751 3574 1819 sequenti-

1997 1834 2103 1890 bus
2137 1853 2151 1888 :
2184 1850 2421 1906 cumque
2452 1836 2708 1905 persequi
2749 1836 2935 1891 hostes
2977 1840 3292 1892 consultum
3326 1849 3568 1909 putaret,

1995 1927 2272 1998 Cyaxares
2302 1938 2486 1983 autem
2521 1928 2740 1998 quidvis
2775 1929 2962 1984 mallet
3005 1947 3018 1983 :
3079 1931 3216 1999 petit
3260 1941 3320 1986 ut
3361 1931 3569 1994 Medos.

1997 2021 2092 2090 qui
2155 2028 2350 2088 sponte
2402 2019 2559 2088 sequi
2607 2020 2832 2085 vellent,
2887 2019 2991 2074 sibi
3049 2019 3308 2075 traderet.
3362 2022 3573 2076 Annuit

1997 2109 2297 2179 Cyaxares,
2351 2121 2407 2164 ct
2460 2125 2771 2180 praeconem
2835 2125 2959 2164 cum
3015 2110 3158 2182 Cyro
3225 2112 3414 2176 mittit,
3477 2114 3571 2182 qui

1997 2202 2171 2258 Medis
2207 2217 2270 2256 ea
2319 2203 2560 2258 nuntiet.
2598 2204 2812 2257 interea
2846 2204 3025 2256 nuntii
3062 2204 3132 2257 ab
3173 2204 3441 2274 Hyrcanis
3473 2221 3570 2260 ve-

1994 2295 2156 2350 niunt
2187 2311 2202 2350 :
2235 2295 2580 2366 Assyriorum
2615 2296 2669 2350 bi
2711 2296 2877 2349 vicini
2907 2304 3060 2360 sunt,
3095 2312 3230 2365 gens
3258 2297 3328 2350 ob
3374 2299 3569 2366 pauci-

1999 2395 2164 2444 tatem
2196 2388 2442 2458 subjecta
2484 2388 2751 2459 Assyriis,
2791 2388 2886 2458 qui
2922 2391 2995 2444 ita
3035 2386 3118 2442 eis
3154 2388 3474 2452 utebantur,
3510 2401 3570 2444 ut

1996 2496 2097 2537 nec
2142 2482 2197 2535 in
2250 2481 2556 2547 laboribus,
2598 2497 2698 2536 nec
2732 2483 2784 2534 in
2823 2481 3085 2550 periculis
3129 2483 3212 2536 eis
3256 2495 3568 2552 parcerent.

1996 2576 2134 2630 Tum
2194 2585 2377 2630 autem
2426 2591 2620 2644 agmen
2669 2574 2926 2629 claudere
2971 2574 3107 2645 jussi
3140 2583 3320 2639 erant,
3354 2576 3573 2644 equites

1994 2667 2219 2722 circiter
2251 2668 2419 2733 mille,
2459 2676 2518 2720 ut
2549 2669 2592 2720 si
2626 2667 2759 2736 quid
2789 2683 2818 2719 a
2854 2675 3008 2732 tergo
3046 2667 3274 2736 periculi
3309 2675 3478 2730 esset,
3511 2667 3565 2720 id

1996 2761 2052 2815 in
2080 2775 2178 2814 eos
2201 2760 2409 2828 primos
2438 2767 2770 2812 verteretur.
2834 2757 2900 2811 Hi
2953 2758 3121 2826 igitur
3163 2758 3424 2812 arumnis
3452 2759 3571 2812 suis
3645 2773 3656 2786 ·

1995 2851 2380 2915 consideratis,
2403 2853 2615 2921 legatos
2656 2850 2724 2905 ad
2751 2849 2954 2921 Cyrum
3002 2852 3249 2912 mittunt,
3283 2851 3377 2918 qui
3411 2851 3567 2904 dice-

1997 2950 2118 2996 rent
2147 2943 2398 3012 Assyrios
2444 2941 2548 2995 sibi
2583 2941 2707 3012 jure
2749 2941 2960 2996 invisos
2997 2954 3120 2995 esse
3157 2959 3170 2994 :
3209 2943 3254 2995 si
3291 2941 3474 3001 vellet,
3509 2957 3569 2995 se

305 3034 384 3102 τῷ
413 3032 582 3103 Κύρῳ
602 3034 962 3104 συνέπεμψεν.
985 3034 1072 3088 Ἐν
1093 3036 1332 3107 τοσούτῳ
1361 3038 1416 3090 δὲ
1447 3039 1675 3108 ἄγγελοι
1701 3040 1764 3092 ὲκ
1788 3039 1893 3093 τῶν

2001 3037 2171 3092 duces
2227 3037 2346 3091 iore
2410 3043 2466 3090 et
2516 3035 2802 3104 adjutores
2865 3035 2932 3088 ad
2983 3049 3079 3089 eos
3133 3033 3570 3102 persequendos.

320 3127 636 3197 Ὑρκανίων
687 3129 968 3196 ἀφίκοντο.
1009 3132 1070 3182 ΟΞ
1127 3129 1174 3181 δ’
1233 3131 1517 3202 Ὑρκάνιοι
1568 3135 1758 3202 ὅμοροι
1784 3132 1893 3186 τῶν

319 3220 627 3291 Ἀσσυρίων
668 3223 826 3286 εἰσὶν,
861 3221 1013 3286 ἐθνος
1057 3224 1118 3275 ού
1157 3225 1314 3289 πολὺ,
1364 3225 1446 3278 διὸ
1480 3224 1572 3278 καὶ
1612 3221 1754 3296 ἦσαν
1787 3225 1896 3280 τῶν

322 3311 632 3381 Ἀσσυρίων
664 3313 932 3382 ὑπήκοοιο
963 3314 1202 3385 ἐχρῶντο
1223 3313 1268 3368 δ’
1291 3316 1477 3380 αὐτοῖς
1524 3299 1638 3369 oin.”
1684 3318 1743 3369 ἐν
1798 3317 1896 3370 πό-

306 3421 442 3468 νοις,
485 3403 603 3458 οὔτ’
637 3405 696 3456 ἐν
723 3404 990 3468 κινδύνοις
1013 3406 1196 3458 αὐτῶν
1229 3407 1564 3478 φειδόμενοι.
1605 3409 1716 3462 Καὶ
1770 3412 1892 3464 τότε

308 3497 364 3549 δὲ
389 3498 450 3550 ού
462 3501 657 3567 ραγεῖν
686 3499 1002 3569 ἐτετάχατο,
1041 3500 1228 3563 ἱππεῖς
1250 3499 1406 3563 ὄντες
1435 3499 1511 3563 ὼς
1531 3499 1716 3570 χίλιοι,
1745 3501 1893 3564 ὅπως

311 3590 363 3642 εῖ
383 3607 437 3642 τι
469 3588 700 3643 ὄπισθεν
731 3591 814 3661 εἴη
853 3590 1046 3656 δεινὸν,
1096 3590 1330 3654 ἐκείνοις
1386 3591 1535 3645 τοῦτ’
1601 3591 1893 3664 ἐνσκήψειε

309 3682 413 3752 πρὸ
437 3683 645 3736 αὐτῶν.
675 3683 738 3736 Οἱ
759 3682 818 3736 δὲ
845 3678 934 3737 οἷα
971 3684 1277 3754 πάσχουσιν
1327 3682 1692 3754 ἐννοούμενοι,
1720 3684 1892 3755 ἐπεμ-

306 3774 412 3841 ψαν
436 3774 709 3843 ἀγγέλους
737 3775 874 3846 πρὸς
914 3775 1118 3846 Κῦρον,
1180 3775 1466 3846 ἐροῦντας,
1521 3775 1598 3840 ὡς
1651 3779 1893 3846 μισοῖντο

306 3866 536 3930 δικαίως
573 3867 707 3938 παρ’
741 3867 920 3920 αὐτῶν
953 3868 1002 3920 οί
1047 3867 1358 3937 Ἀσσύριοιο
1410 3869 1505 3921 καὶ
1538 3869 1588 3921 εί
1647 3867 1894 3939 βούλοιτο

311 3959 453 4011 ξέναι
509 3957 603 4010 ἐπ’
637 3959 858 4023 αὐτοὺς,
891 3960 987 4013 καὶ
1021 3961 1178 4029 σφεῖς
1218 3959 1426 4012 ἔσοιντο
1465 3961 1766 4031 σύμμαχοι,
1797 3962 1892 4014 καὶ

306 4050 704 4117 ἡγήσοιντο.’0
731 4049 788 4102 δέ
822 4051 1010 4121 ἤρετο,
1048 4053 1096 4104 εί
1137 4051 1510 4122 καταλήψοιτο
1534 4053 1733 4116 αὐτούς
1753 4069 1767 4083 ·
1797 4054 1892 4106 καὶ

305 4142 354 4192 oi
395 4142 686 4211 ’Υρκάνιοι
712 4139 888 4209 εἷπον,
911 4144 993 4196 ὅτι
1025 4142 1127 4196 κᾶν
1158 4141 1345 4212 οὔριον
1371 4143 1542 4197 ἕωθεν
1574 4147 1892 4215 πορεύοιντο

306 4232 564 4296 εὔζωνοι,
602 4235 1002 4304 καταλήψοιντο
1039 4237 1198 4304 σφᾶς.
1239 4237 1348 4290 Καὶ
1382 4241 1407 4290 ὁ
1440 4237 1620 4306 Κῦρος
1677 4238 1892 4300 πίστεις

309 4327 451 4396 ᾔτει,
487 4325 563 4390 ὡς
599 4327 936 4395 ἀληθεύοιεν.
965 4328 1028 4380 Οἱ
1050 4327 1105 4381 δὲ
1133 4330 1373 4399 ὁμήρους
1394 4328 1686 4383 κατέθεντο
1711 4345 1891 4399 παρα-

1996 3129 2170 3201 Cyrus
2221 3138 2378 3201 rogat
2423 3145 2492 3184 an
2543 3143 2640 3184 eos
2683 3128 2911 3196 adipisci
2961 3127 3173 3197 possit?
3215 3126 3572 3194 Respondent

2000 3222 2254 3293 Hyrcani,
2317 3223 2363 3278 si
2418 3222 2504 3277 vel
2565 3221 2832 3292 postridie
2891 3235 3052 3275 mane
3113 3234 3236 3274 cum
3297 3217 3573 3288 expeditis

1997 3316 2172 3385 copiis
2205 3314 2607 3385 proﬁciscatur,
2634 3323 3016 3370 assecuturum
3040 3313 3185 3368 illos.
3221 3311 3359 3364 Tum
3390 3311 3571 3382 Cyrus

1996 3408 2132 3478 petit
2167 3409 2370 3462 lirmari
2412 3408 2516 3462 sibi
2555 3407 2716 3462 (idem
2747 3408 2816 3461 ab
2854 3407 2936 3460 eis
2968 3421 2983 3461 :
3026 3405 3359 3475 pollicentur
3394 3404 3472 3457 illi
3506 3418 3566 3457 se

1995 3499 2216 3554 obsides
2265 3498 2514 3562 daturos,
2566 3499 2610 3554 si
2657 3498 2901 3553 vicissim
2963 3497 3218 3552 dexteras
3274 3495 3453 3559 daret,
3513 3503 3572 3548 et

1995 3602 2337 3648 sacramento
2386 3593 2626 3647 ﬁrmaret
2669 3591 2850 3645 fidem.
2906 3591 3111 3644 Annuit
3161 3589 3379 3660 Cyrus:
3413 3588 3562 3657 quod

1994 3683 2038 3738 si
2073 3697 2131 3738 re
2179 3690 2525 3753 praestarent,
2570 3697 2694 3752 quae
2725 3680 2910 3734 verbis
2945 3679 3371 3750 profiterentur,
3398 3691 3456 3728 se
3487 3676 3572 3729 eis

1997 3793 2094 3845 pro
2147 3775 2269 3830 tidis
2321 3775 2518 3828 amicis
2557 3788 2790 3828 usurum
2841 3792 2855 3828 :
2903 3787 3083 3840 neque
3125 3769 3408 3823 deteriore
3448 3769 3570 3823 loco

1995 3867 2230 3932 futuros,
2275 3883 2441 3937 quam
2477 3869 2670 3922 Persas
2712 3875 2808 3920 aut
2839 3863 3044 3918 Medos.
3097 3861 3190 3916 His
3240 3861 3398 3922 actis.
3445 3875 3568 3914 curn

1994 3960 2175 4015 adhuc
2202 3961 2431 4022 luceret,
2456 3959 2642 4013 educit
2673 3955 3000 4016 exercitum,
3034 3953 3269 4023 Tigrane
3309 3966 3432 4004 cum
3465 3950 3568 4004 Ar-

1994 4051 2192 4105 meniis
2241 4051 2540 4104 comitante
2587 4069 2602 4104 :
2652 4057 2707 4103 et
2747 4048 3026 4118 Hyrcanos
3057 4047 3221 4099 etiam
3249 4052 3570 4112 exspectare

1989 4144 2166 4214 jubet,
2202 4152 2262 4196 ut
2287 4158 2394 4196 una
2440 4143 2607 4197 irent.
2647 4141 2793 4196 Medi
2828 4154 2959 4193 vero
2990 4137 3106 4191 fere
3141 4150 3333 4188 omnes
3366 4134 3566 4199 Cyrum

1994 4235 2392 4306 sequebantur.
2465 4234 2630 4289 Jubet
2676 4234 2842 4303 igitur
2897 4231 3181 4300 Hyrcanos
3234 4224 3566 4294 praecedere,

1999 4332 2282 4399 multoque
2309 4329 2506 4382 itinere
2545 4325 2818 4386 confecto,
2853 4336 3045 4375 eorum
3078 4317 3346 4374 exercitui
3372 4330 3567 4383 appro-

313 4421 482 4488 σλεῖν,
506 4423 558 4473 εἰ
592 4419 688 4472 καὶ
719 4420 878 4484 αὐτὸς
913 4422 1096 4484 αύτοῖς
1161 4421 1345 4484 δεξιὰν
1407 4421 1546 4490 δοίη,
1589 4423 1684 4473 καὶ
1723 4421 1890 4474 πιστὰ

1998 4397 2225 4491 pinquat
2261 4437 2272 4473 :
2310 4419 2376 4473 de
2407 4435 2516 4486 quo
2552 4416 2707 4486 152
2739 4432 2768 4469 a
2799 4414 2991 4484 legatis
3021 4411 3353 4468 admonitus,
3387 4407 3564 4476 jubet.

312 4509 451 4563 θεῶν
489 4511 803 4581 ποιήσαιτο.
841 4512 949 4563 Καὶ
982 4513 1010 4564 ό
1065 4511 1163 4581 μὲν
1201 4511 1387 4582 Κῦρος
1442 4512 1657 4565 δίδωσιν
1707 4513 1889 4576 αὐτοῖς

313 4601 502 4665 πιστὰ,
540 4598 577 4673 ἦ
608 4603 714 4671 μὴν
742 4603 835 4654 ἐὰν
865 4601 901 4655 ἃ
935 4603 1183 4668 λέγουσιν
1221 4601 1633 4671 ἐμπεδώσωσιν,
1678 4604 1752 4666 ὡς
1803 4604 1891 4671 φίο

315 4691 428 4755 λοις
459 4693 556 4746 καὶ
595 4694 810 4753 πιστοῖς
845 4692 1080 4761 χρῆσθαι
1105 4693 1314 4757 αὐτοῖς,
1347 4693 1442 4746 κα)⁸
1490 4694 1627 4762 μήτε
1664 4693 1892 4762 Περσῶν

321 4787 458 4854 μήτε
485 4787 690 4856 Μήδων
719 4788 868 4853 μεῖον
902 4785 1048 4853 ἔχειν
1080 4802 1131 4837 τι
1158 4784 1291 4854 παρ’
1317 4785 1491 4856 αὐτῷ.
1532 4786 1655 4838 Ἐπὶ
1679 4786 1891 4849 τούτοις

313 4877 339 4927 ό
372 4875 558 4946 Κῦρος
587 4876 669 4928 ἐτι
697 4875 872 4943 φάους
901 4875 1054 4937 ὄντος
1091 4874 1253 4942 ἐξῆγε
1293 4874 1353 4926 τὸ
1407 4874 1746 4946 στράτευμα,
1795 4874 1890 4927 καὶ

313 4968 646 5038 ὁτιγράνης
678 4968 816 5037 μετὰ
856 4968 966 5020 τῶν
1029 4966 1332 5036 Ἀρμενίων
1385 4967 1573 5035 συνῆν,
1617 4968 1710 5020 καὶ
1763 4967 1890 5030 τοὺς

329 5062 658 5133 Ὑρκανίους
689 5061 745 5113 δὲ
777 5059 1101 5132 περιμένειν
1132 5058 1438 5122 ἐκέλευσεν,
1477 5059 1542 5112 ἵν’
1572 5058 1688 5129 ἅμα
1737 5059 1888 5114 ῖοιεν.

319 5147 436 5202 Τῶν
456 5147 516 5202 δὲ
544 5148 746 5218 Μήδων
764 5149 952 5219 σχεδὸν
984 5147 1225 5209 ἅπαντες
1249 5147 1576 5218 συνεξῄεσαν
1601 5148 1678 5218 τῷ
1701 5148 1886 5218 Κύρῳ.

1998 4514 2044 4569 si
2081 4513 2240 4566 amici
2277 4511 2409 4570 sint.
2444 4511 2580 4564 citra
2615 4523 2820 4562 moram
2849 4519 3144 4560 occurrere
3176 4500 3408 4556 sublatis
3438 4499 3566 4551 dex-

2002 4605 2154 4659 teris.
2214 4602 2445 4657 Faciunt
2500 4601 2600 4660 illi.
2655 4609 2714 4654 ut
2757 4597 2895 4668 jussi
2937 4606 3098 4651 erant
3145 4611 3158 4650 :
3209 4608 3348 4663 quos
3393 4591 3571 4660 Cyrus

1999 4694 2236 4764 benigne
2266 4702 2542 4761 acceptos,
2575 4691 2760 4746 dicere
2789 4690 2897 4745 sibi
2940 4689 3118 4760 jubet,
3166 4695 3434 4757 quantum
3468 4683 3560 4736 ab-

1997 4786 2108 4840 sint
2159 4784 2402 4839 hostium
2438 4784 2608 4838 duces
2635 4792 2692 4838 et
2733 4783 3005 4836 universa:
3047 4779 3242 4848 copim.
3275 4777 3413 4831 Cum
3447 4789 3567 4828 res-

1998 4876 2326 4946 ponderent.
2374 4875 2536 4944 paulo
2582 4876 2705 4944 plus
2761 4889 3084 4944 parasanga,
3129 4871 3286 4941 jubet
3339 4867 3565 4923 ducere.

2000 4969 2115 5038 ipse
2139 4984 2264 5023 cum
2295 4968 2547 5022 Persisiu
2571 4967 2753 5021 medio
2772 4965 3164 5036 proficiscitur,
3191 4963 3293 5016 alis
3320 4959 3564 5029 equitum

1997 5060 2257 5129 utrinque
2274 5059 2568 5127 adiunctis.
2586 5058 2722 5113 Cum
2739 5057 3302 5121 diluxisset,bostesre
3327 5049 3564 5120 cognita,

1999 5149 2198 5219 partim
2224 5148 2435 5218 fugere,
2468 5149 2664 5218 partim
2693 5148 2812 5202 sine
2843 5162 3022 5218 pugna
3050 5146 3208 5202 caedi.

327 5242 614 5312 Ἰἰγεῖσθαι
640 5239 735 5296 οὖν
774 5245 900 5306 τοὺς
943 5241 1272 5314 Ὑρκανίους
1300 5241 1556 5294 ἐκέλευε⁹
1598 5243 1693 5294 καὶ
1757 5241 1961 5313 πολλὴν
1985 5243 2104 5295 ὁδὸν
2129 5241 2410 5304 διανύσας,
2469 5241 2698 5310 πλησίον
2734 5241 2943 5308 γίνεται
3011 5238 3106 5292 τοῦ
3175 5238 3282 5290 τῶν
3355 5233 3563 5298 ’Υρκασ

315 5338 443 5390 νίων
477 5336 916 5408 στρατεύματος.
950 5335 1059 5388 Καὶ
1089 5335 1138 5386 οἱ
1162 5333 1386 5402 ἄγγελοι
1417 5333 1576 5388 τοῦτο
1618 5334 1710 5387 τὸν
1767 5333 1949 5404 Κῦρον
2015 5334 2316 5396 ἐδίδασκον,
2385 5334 2480 5386 καὶ
2517 5332 2576 5396 ὃς
2627 5331 2938 5395 ἐκέλευσεν,
2990 5331 3040 5382 εί
3091 5330 3234 5397 φίλοι
3301 5326 3437 5377 εἰσὶν
3481 5322 3562 5378 ὡς

314 5431 552 5501 τάχιστα
607 5429 851 5501 ύπαντᾷν
901 5429 999 5492 τὰς
1028 5427 1209 5492 δεξιὰς
1270 5429 1682 5492 ἀνατείναντας.
1719 5429 1829 5481 Καὶ
1884 5429 1932 5480 οἱ
1978 5427 2260 5497 Ὑρκάνιοι
2295 5426 2468 5480 ταῦτα
2494 5427 2906 5494 ἐνωτισάμενοι,
2943 5423 3197 5493 παρῆσαν
3226 5417 3407 5476 εὐθὺς,
3460 5413 3560 5474 τὰς

316 5524 522 5592 δεξιᾶς.
557 5521 749 5592 ὥσπερ
799 5523 1006 5592 εῖρητο,
1047 5520 1442 5583 ἀνατείνοντες.
1497 5519 1888 5590 Δεξιοσάμενος
1926 5520 1984 5572 δὲ
2046 5520 2266 5582 αὐτοὺς,
2309 5515 2512 5570 Εἶπατέ
2545 5533 2652 5586 μοι,
2689 5516 2845 5585 φησὶ,
2878 5516 3042 5568 πόσον
3068 5513 3258 5580 ἀπέχει

3325 5508 3556 5561 ὲνθένδδν

323 5619 447 5672 ἔνθα
477 5620 535 5670 αῖ
597 5616 766 5685 ἀρχαὶ
804 5615 914 5667 τῶν
951 5615 1230 5685 πολεμίων
1298 5614 1426 5679 εἰσὶ,
1484 5614 1578 5667 καὶ
1625 5613 1686 5666 τὸ
1732 5612 1930 5682 ἁθρόον
1969 5611 2173 5669 ararim;
2200 5609 2250 5662 οἳ
2315 5609 2358 5662 δ’
2412 5609 2640 5676 ἔφασαν,
2666 5607 2834 5676 ὀλίγῳ
2863 5605 3027 5659 πλέον
3077 5603 3111 5671 ἢ
3165 5601 3554 5671 παρασάγγην.

336 5708 619 5779 Ἡγεῖσθαι
660 5706 753 5760 οἰν
790 5709 912 5770 τοὺς
971 5708 1293 5777 Ὑρκανίους
1349 5708 1638 5760 ἐπέταττε·
1691 5705 1782 5760 καὶ
1842 5705 1891 5758 οἱ
1933 5705 2031 5775 μὲν
2095 5701 2324 5774 ἡγοῦντο
2370 5719 2377 5728 ·
2416 5699 2579 5762 αὐτὸς
2607 5698 2662 5751 δὲ
2699 5695 2797 5751 σὺν
2827 5697 2938 5760 τοῖς
2985 5695 3227 5766 Πέρσαις
3272 5691 3332 5744 τὸ
3388 5692 3565 5761 μέσον
