3958 6204
232 261 321 327 ἓῖῦ

1442 277 1726 341 ANNALI
1742 280 1853 342 ΗΜ
1901 282 2049 344 LIB.
2098 286 2218 350 III.

3365 303 3477 368 999

237 379 535 433 Ἦλίσκοντο
560 377 743 434 τοίνυν
775 382 1092 456 καὶλᾶνδρες
1129 390 1222 442 καὶ
1254 390 1503 462 ἅρματα,
1543 394 1643 448 καὶ
1668 398 1770 449 πολ

1902 406 2143 460 occurrit
2168 424 2182 461 :
2208 417 2263 463 ct
2289 412 2483 480 gratiis
2511 412 2671 472 actis.
2706 430 2787 481 sc,
2820 424 3089 486 quantum
3116 418 3174 473 in
3204 434 3265 476 se
3286 420 3474 478 fuerit-

227 471 299 524 iol
323 471 373 525 δὲ
397 472 732 539 ἐκτείνοντο,
767 479 859 528 καί
900 477 1063 542 αὐτὸς
1099 479 1127 530 6
1161 480 1251 532 τὸν
1274 481 1521 538 Γαδάταν
1555 485 1787 557 πλήξας.

222 566 277 618 0!
303 563 345 616 δ’
367 565 543 630 ἄλλοι,
574 567 670 619 καὶ
704 567 871 631 αὐτὸς
903 572 931 622 6
973 571 1279 642 Ἀσσύριος,
1319 576 1400 640 είς
1429 577 1586 631 πόλιν
1619 580 1787 634 αὐτοῦ

218 673 327 709 τινα
362 655 614 728 μεγάλην
643 657 983 727 κατέφυγον.
1021 664 1129 717 Καὶ
1171 666 1199 717 6
1228 662 1411 737 Κῦρος
1455 669 1630 724 ταῦτα
1676 672 1791 725 δια-

217 748 577 819 πραξάμενος,
615 751 694 814 είς
734 753 836 822 τὴν
868 752 1081 808 Γαδάτα
1126 756 1314 826 χώραν
1347 760 1646 831 ἀναχωρεῖ,
1695 766 1789 817 καὶ

215 840 289 909 ᾔει
317 840 408 891 τὸν
455 841 709 894 Γαδάταν
755 843 1214 912 ὲπισκεψέμενος.
1257 849 1365 901 Καὶ
1405 851 1454 902 οἱ
1480 852 1507 902 6
1543 853 1788 917 Γαδάτας

214 932 536 1001 ἀπήντησεν,
585 932 972 1002 ἐπιδεδεμένος
1027 935 1089 988 τὸ
1142 940 1388 1009 τραῦμα,
1438 942 1532 994 καὶ
1556 945 1789 1014 χάριτας

211 1022 468 1091 ὡμολόγει
499 1022 679 1092 λέγων
698 1040 713 1056 ·
741 1023 841 1089 ὠς,
885 1025 1025 1095 Ἐγώ
1055 1045 1116 1097 γε
1143 1032 1204 1082 τὸ
1233 1032 1335 1100 μὲν
1374 1032 1460 1085 ἐπ’
1489 1036 1614 1104 ἐμοὶ
1642 1036 1786 1107 οἴχο-

217 1132 325 1180 μαι,
361 1115 422 1166 τὸ
454 1114 513 1167 δὲ
545 1115 641 1167 ἐπὶ
688 1116 773 1168 col
820 1116 1124 1189 σέσωσμαι,
1164 1122 1485 1194 προθύμως,
1515 1125 1658 1181 οὕτω
1695 1146 1787 1198 μοι

213 1202 552 1272 βοηθήσαντι.
610 1204 672 1257 Ol
719 1205 777 1258 δέ
821 1222 884 1273 γε
940 1207 1264 1263 Καδδούσιοι
1320 1214 1786 1284 ὀπισθοφυλακεῖν

211 1296 529 1363 τεταγμένοι
579 1298 704 1348 τότε
748 1299 901 1368 παρά
951 1299 1050 1352 τοῦ
1102 1302 1313 1372 Κύρου,
1354 1305 1450 1357 καὶ
1496 1306 1571 1379 μὴ
1620 1325 1784 1378 μετα-

214 1388 416 1454 σχόντεξ
445 1391 551 1458 τῆς
576 1387 838 1453 διώξεως,
877 1389 1200 1463 βουλόμενοι
1244 1396 1303 1448 δὲ
1332 1397 1427 1450 καὶ
1461 1400 1617 1452 αὐτοὶ
1647 1402 1787 1471 λαμ-

212 1480 334 1548 πρόν
391 1494 445 1529 τι
502 1481 757 1549 ποιῆσαι,
816 1481 970 1535 οὐδὲν
1017 1484 1096 1555 τῷ
1144 1486 1314 1559 Κύρῳ
1358 1490 1780 1562 κοινωσάμενοι,

213 1571 528 1624 καταθέουσι
561 1575 662 1643 τὴν
696 1572 1074 1631 Βαϐυλωνίαν.
1109 1578 1314 1635 Ἀπιὼν
1347 1581 1403 1635 δὲ
1439 1583 1468 1635 6
1496 1584 1784 1654 ’Λσσύρος

215 1664 269 1715 ἐκ
306 1663 403 1734 τῆς
452 1663 667 1730 πόλεως
714 1659 776 1719 οὗ
824 1670 1127 1740 κατέφυγε,
1164 1675 1522 1746 συντυγχάνει
1561 1678 1781 1740 αὐτοῖς’

1899 497 2157 578 periisse,
2186 503 2281 556 sed
2322 514 2544 559 strenua
2591 507 2737 561 illius
2769 523 2874 577 cpe
2912 521 3300 568 conservatum
3329 528 3474 578 esse,

1897 576 2209 658 profitetur.
2265 594 2529 652 Caddnsii
2578 615 2709 654 vero
2737 617 2766 655 a
2795 600 2938 674 Cyro
2967 604 3023 659 in
3054 604 3324 659 subsidiis
3356 576 3475 661 col;

1897 680 2083 746 locati,
2110 698 2237 739 cum
2260 690 2636 756 persecutinni
2672 692 2914 748 hostium
2937 710 3043 749 non
3072 694 3474 755 interfuissent.

1898 772 2151 828 volentes
2178 786 2234 830 et
2273 776 2376 845 ipsi
2411 779 2692 850 egregium
2728 780 2938 838 facinus
2982 783 3168 846 edere,
3206 783 3349 856 Cyro
3386 785 3474 839 in-

1897 865 2174 929 consulto,
2205 866 2261 921 in
2307 870 2650 937 provinciam
2697 872 3052 943 Babyloniam
3099 875 3472 930 incursionem

1900 953 2133 1010 faciunt.
2166 956 2238 1012 At
2287 959 2546 1032 Assyrius
2580 978 2838 1034 egressus
2884 967 3101 1031 urbem,
3141 983 3250 1037 quo
3284 969 3477 1022 confu-

1896 1057 2074 1115 gerat,
2115 1050 2336 1104 obviam
2366 1052 2569 1119 factus,
2602 1071 2729 1109 cum
2757 1057 2907 1113 solos
2942 1073 3066 1114 esse
3096 1059 3348 1124 vidisset,
3383 1075 3480 1113 eos

1897 1138 2127 1206 invadit,
2173 1152 2229 1196 et
2260 1144 2573 1216 principem
2610 1163 2805 1203 eorum
2834 1164 2959 1203 cum
2992 1150 3182 1205 multis
3214 1150 3338 1205 aliis
3381 1166 3476 1205 oc~

1894 1230 2050 1291 cidit.
2101 1242 2265 1303 atque
2311 1232 2643 1306 aliquandiu
2680 1240 3065 1310 persequitur.
3100 1241 3202 1307 Qui
3235 1257 3302 1299 ex
3333 1243 3475 1297 Cad-

1894 1322 2070 1378 dusiis
2118 1335 2429 1391 evaserant,
2466 1330 2572 1384 sub
2624 1346 2913 1402 vesperam
2960 1333 3017 1387 in
3051 1344 3230 1388 castra
3287 1350 3472 1390 rever-

1894 1417 2301 1489 tuiitur.,Cyrus
2323 1420 2645 1478 vulneratos
2666 1425 2833 1479 tradit
2857 1425 3119 1480 medicis:
3145 1426 3284 1481 alios
3311 1426 3472 1497 156

1893 1505 2010 1575 ipse
2054 1510 2392 1573 consolatus,
2443 1521 2629 1568 monet
2687 1525 2747 1568 ut
2785 1531 2898 1570 suae
2928 1517 3106 1585 gentis
3138 1517 3333 1571 duceni
3371 1521 3473 1573 eli-

1892 1606 2046 1666 gant.
2086 1598 2301 1655 Interea
2337 1600 2772 1660 Gadatasmulta
2800 1615 2856 1661 et
2884 1608 3063 1661 omnis
3091 1610 3311 1676 generis
3340 1625 3465 1662 mu-

1891 1706 2021 1744 nera
2068 1693 2257 1758 otIert,‘
2303 1703 2358 1748 et
2406 1711 2579 1765 equos
2613 1696 2903 1766 plurimos.
2951 1697 3127 1770 Cyrus
3178 1713 3354 1769 equos
3404 1714 3465 1753 se

217 1756 298 1806 nl
324 1757 481 1823 γνοὺς
516 1756 714 1826 μόνους
746 1758 933 1822 ὅντως,
975 1763 1306 1831 ἐπιτίθεται,
1345 1768 1558 1820 καὶτὸν
1582 1786 1640 1822 τε
1681 1768 1773 1840 ἄρ-

1889 1784 2142 1853 accipere
2177 1786 2274 1846 ait,
2312 1796 2370 1841 ut
2404 1792 2714 1855 equitatum
2750 1790 3032 1844 Persicum
3065 1789 3134 1844 ad
3166 1805 3461 1844 numerum

220 1865 361 1915 χοντα
408 1848 560 1917 σφῶν
606 1851 954 1916 ἀποκτείνει,
988 1854 1080 1908 καὶ
1118 1856 1312 1921 ἄλλους
1360 1860 1616 1924 πολλούς.
1671 1864 1780 1917 Καὶ

221 1940 392 2006 διώξας
436 1945 602 2014 μέχρι
645 1944 817 2008 τινὸς,
868 1948 1243 2019 ἀπετράπετο.
1284 1952 1349 2005 υἱ
1384 1952 1443 2006 δὲ
1498 1955 1606 2008 τῶν
1638 1957 1783 2010 Καδ-

222 2031 423 2085 ὂουσίων
465 2033 740 2098 ἐσώζοντο
768 2038 897 2107 περὶ
925 2038 1111 2110 δείλην
1137 2036 1304 2112 ἦλθον
1351 2045 1431 2107 εἰς
1459 2045 1520 2097 τὸ
1554 2050 1783 2117 στρατόο

225 2124 379 2177 πεδῶν.
435 2127 494 2179 ’0
526 2127 584 2180 δὲ
639 2129 819 2200 Κῦρος
848 2134 983 2206 ,τοῖς
1042 2133 1145 2204 μὲν
1199 2136 1606 2204 θεραπεύσουσι
1650 2142 1779 2205 τοὺς

221 2219 573 2288 τετρωμένους
611 2222 931 2293 παρεδίδου,
973 2229 1087 2290 τοῖς
1123 2225 1172 2279 δ’
1196 2227 1381 2291 ἄλλοις
1411 2230 1575 2294 αὐτὸς
1610 2249 1780 2304 προσ-

220 2311 336 2380 ῆγεν
372 2314 427 2365 ἐν
468 2312 657 2379 λόγοις
696 2315 1072 2385 παράκλησιν.
1144 2318 1253 2372 Καὶ
1293 2321 1532 2391 ἄρχοντα
1565 2324 1778 2390 ἑαυτοῖς

220 2407 268 2472 ἐξ
297 2408 501 2460 ἑαυτῶν
524 2408 763 2481 παρῄνει
807 2411 1160 2483 αἱρήσεσθαι,
1199 2414 1296 2470 καὶ
1335 2415 1384 2469 οί
1414 2416 1516 2486 μὲν
1546 2416 1776 2493 εἵλοντο.

227 2499 277 2551 ’0
302 2499 352 2552 δὲ
382 2500 627 2565 Γαδάτας
654 2498 759 2574 ἧκε
787 2503 1033 2574 κομίζων
1063 2505 1140 2575 τῷ
1166 2507 1338 2580 Κύρῳ
1366 2508 1515 2582 δῶρα
1546 2513 1778 2566 παντοῖά

217 2607 266 2642 τε
311 2594 397 2645 καὶ
440 2592 635 2657 πολλὰ,
663 2596 758 2647 καὶ
796 2596 1088 2663 πλείστους
1124 2600 1349 2667 ίππους.
1404 2604 1461 2659 ὐ
1491 2606 1549 2660 δὲ
1596 2608 1777 2681 Κῦρος

220 2682 324 2746 τούς
367 2685 463 2753 μὲν
514 2685 719 2750 ἵππους
766 2687 872 2760 ἔφη
908 2689 1186 2761 δέχεσθαι,
1229 2694 1295 2749 ἵν’
1327 2697 1667 2773 ἐκπληρώσῃ
1716 2704 1777 2756 τὸ

216 2773 459 2844 Περσικὸν
490 2778 740 2845 ἱππικὸν,
771 2783 867 2832 καὶ
902 2784 983 2845 είς
1015 2784 1243 2857 μυρίους
1280 2792 1597 2857 περισταῖεν
1626 2791 1777 2864 αὐτῷ

214 2868 256 2920 οἱ
285 2869 478 2933 ίππεις.
512 2870 594 2923 Τά
621 2870 679 2924 δὲ
726 2875 993 2944 χρήματα
1022 2878 1336 2947 ἀπαγαγεῖν
1379 2882 1530 2952 αὑτῷ
1562 2887 1776 2941 ὲνετέλ-

210 2961 337 3019 λετο.
371 2966 479 3018 Καὶ
526 2965 826 3036 φυλάττειν
879 2968 990 3022 ἔστ’
1019 2970 1085 3023 ἂν
1125 2972 1219 3025 καὶ
1250 2971 1414 3027 αὑτὸν
1459 2973 1775 3048 ἀντιδωρεῖ-

209 3053 320 3108 σθαι
350 3057 499 3128 γνοίη
525 3057 853 3129 δυνάμενον.
888 3060 998 3112 Καὶ
1023 3061 1257 3132 παρῄνει
1283 3061 1382 3134 τὴν
1415 3063 1575 3118 πόλιν
1603 3067 1770 3122 αὐτοῦ
1797 3103 1840 3158 C

205 3147 298 3199 ὑπὸ
335 3149 585 3217 φυλακὴν
633 3152 967 3221 ποιήσασθαι
1017 3153 1254 3224 ἀσφαλῆ,
1303 3156 1468 3210 αὑτὸν
1517 3158 1575 3213 δὲ
1619 3161 1770 3233 αὑτῴ

203 3242 680 3312 συστρατεύεσθαι.
724 3245 832 3298 Kal
864 3246 893 3298 6
927 3245 1175 3312 Γαδάτας
1198 3246 1342 3321 ἥσθη
1367 3253 1432 3322 τῇ
1463 3252 1769 3326 συμϐουλῇ,

201 3337 667 3407 ουςκευαξόμενός
706 3354 766 3390 τε
801 3337 882 3408 τῷ
916 3337 1086 3411 Κῦρῳ
1151 3341 1457 3401 συνείπετο.
1502 3347 1658 3401 Ἐπεὶ
1714 3350 1771 3402 δὲ

202 3430 557 3500 πρευόμενος
604 3429 780 3494 οὓτως
827 3433 906 3490 εί;
941 3431 1009 3483 τά
1042 3430 1276 3504 μεθορία
1308 3434 1417 3487 τῶν
1444 3434 1636 3506 Σύρων
1673 3440 1770 3493 καὶ

202 3521 386 3591 Μήδων
432 3524 688 3593 ἀφίκετο.
721 3521 980 3590 ἐνταῦθα,
1013 3523 1142 3594 τρία
1164 3524 1294 3577 ὄντα
1337 3525 1406 3579 τά
1439 3528 1548 3580 τῶν
1577 3528 1768 3601 Σύρων

202 3612 439 3683 φρούρια,
474 3614 539 3668 τὸ
569 3614 670 3684 μὲν
714 3615 772 3667 ιν
805 3614 969 3677 αὐτὸς
1005 3614 1331 3684 προσϐαλὼν
1370 3620 1464 3674 καὶ
1499 3620 1767 3693 βιασάμε-

199 3722 282 3768 νος
304 3706 483 3760 ἔλαεεο
521 3707 591 3759 τὰ
626 3705 683 3758 δὲ
719 3705 814 3759 δύο
846 3704 1027 3774 φοϐῶν
1057 3710 1156 3778 μὲν
1186 3708 1215 3761 6
1246 3708 1450 3781 Κύρος,
1481 3712 1684 3766 πείθων
1711 3715 1769 3769 δὲ

196 3797 222 3847 6
262 3798 299 3850 Γ
299 3798 522 3862 σδάτας,
551 3799 980 3869 παρεσκεύασαν
1023 3799 1363 3871 παραδοῦναι
1406 3805 1532 3868 τοὺς
1560 3806 1769 3874 φυλάς-

195 3907 397 3955 αοντας.
445 3888 582 3946 Εἶτα
635 3893 844 3962 πέμπει
872 3892 1008 3963 πρὸς
1052 3891 1373 3964 Κυαξάρην,
1402 3895 1572 3961 ἀξιῶν
1605 3897 1765 3968 ἥκειν

186 3988 263 4049 εἰς
294 3988 356 4039 τὸ
408 3984 802 4057 στρατόπεδον,
833 3985 982 4050 ὅπως
1027 3987 1158 4058 περὶ
1181 3982 1257 4042 ὧν
1288 3988 1357 4043 ἂν
1386 3990 1610 4058 δέοιντο,
1644 3991 1739 4061 βου

184 4077 491 4134 λεύσαιντο.
527 4076 640 4130 Καὶ
682 4077 712 4130 6
758 4076 861 4145 μὲν
887 4076 1121 4146 ἄγγελος
1150 4077 1348 4151 ᾤχετο.
1390 4080 1449 4134 '0
1482 4081 1538 4136 δὲ
1584 4083 1766 4154 Κῦρος

190 4171 437 4224 ἐκέλευσε
466 4170 568 4239 τὴν
596 4167 832 4239 σκηνὴν,
871 4170 938 4238 ἢν
963 4170 1013 4221 οἱ
1036 4170 1209 4239 Μῆδοι
1235 4170 1312 4243 τῷ
1337 4171 1605 4244 Κυαξάρῃ
1629 4176 1765 4239 ὲξεί-

187 4259 287 4323 λον,
329 4260 755 4314 κατασκευάσαι
798 4258 874 4322 ὠς
919 4258 1179 4331 βέλτιστα
1210 4263 1277 4333 τῇ
1310 4279 1372 4316 τε
1412 4264 1548 4335 άλλη
1586 4282 1767 4336 παρα-

170 4355 374 4424 σκευῇ,
426 4353 525 4404 καὶ
560 4351 641 4421 τῷ
693 4352 926 4419 γυναῖκα
958 4353 1281 4422 εἰσαγαγεῖν
1319 4355 1400 4416 είς
1443 4354 1536 4408 τὸν
1572 4372 1764 4423 γυναι-

1884 1872 2074 1927 decem
2112 1875 2347 1929 millium
2391 1878 2611 1947 eXpleat
2649 1895 2662 1931 :
2694 1882 2988 1948 pecuniam
3022 1880 3240 1936 auferre
3277 1880 3465 1952 jubet,

1885 1975 1941 2018 et
1970 1980 2213 2029 servare,
2248 1967 2427 2025 donec
2453 1979 2510 2024 et
2539 1969 2657 2040 ipse
2688 1986 2816 2026 eum
2849 1972 3194 2028 remunerari
3249 1982 3455 2041 posset.

1885 2056 2114 2123 Suadct,
2170 2067 2230 2113 ut
2278 2059 2471 2115 urbem
2507 2077 2664 2117 suam
2697 2073 2954 2118 accurate
3002 2064 3299 2130 custodiat,
3345 2065 3464 2134 ipse

1880 2164 2016 2204 vero
2056 2165 2244 2205 secum
2292 2152 2700 2222 proﬁciscatur.
2748 2153 2989 2210 Gadatas
3036 2157 3269 2210 consilio
3313 2155 3461 2211 dele-

1880 2249 2081 2308 ctatus,
2131 2244 2459 2315 compositis
2511 2245 2629 2301 suis
2663 2248 2854 2310 rebus,
2898 2248 3103 2321 Cyrum
3141 2250 3457 2304 comitatur.

1885 2339 2024 2395 Cum
2060 2341 2128 2397 ad
2163 2342 2404 2399 conﬁnia
2432 2347 2700 2416 Syrorum
2727 2355 2785 2401 et
2811 2346 3095 2402 Medorum
3128 2359 3457 2419 perventum

1879 2442 2049 2497 esset,
2072 2433 2164 2489 ubi
2199 2435 2305 2490 tria
2331 2445 2491 2490 erant
2523 2436 2785 2507 Syrorum
2814 2439 3063 2504 castella,
3091 2455 3260 2496 unum
3284 2439 3462 2514 Cyrus

1882 2526 1935 2579 vi
1975 2527 2125 2596 capit
2171 2545 2186 2582 :
2232 2528 2446 2598 reliqua
2479 2528 2593 2584 duo
2631 2531 2746 2600 ipse
2782 2533 3188 2602 perterrefacit.
3223 2533 3462 2590 Gadatas

1879 2632 2015 2672 vero
2048 2618 2379 2673 custodibus
2413 2620 2733 2688 persuadet,
2776 2630 2833 2675 ut
2861 2637 2928 2678 ea
2960 2622 3200 2681 tradant.
3239 2624 3334 2680 llis
3378 2624 3479 2697 fa-A

1881 2708 2010 2774 ctis,
2040 2708 2109 2763 ad
2149 2710 2451 2780 Cyaxarem
2495 2713 2681 2773 mittit,
2723 2722 2781 2767 ut
2820 2714 2873 2767 in
2912 2723 3091 2768 castra
3126 2717 3458 2787 veniat,quo

1877 2797 2010 2866 quid
2049 2796 2190 2851 facto
2225 2813 2367 2868 Opus
2406 2811 2577 2866 esset,
2613 2800 3014 2865 deliberarent,
3036 2812 3093 2858 et
3125 2804 3457 2860 tabernacu-

1877 2888 1991 2943 lum
2042 2887 2163 2944 eia
2205 2890 2377 2945 Medis
2430 2892 2760 2947 attributum
2815 2910 2938 2949 cum
2975 2896 3191 2950 caeteris
3250 2897 3448 2961 rebus,

1882 2988 1996 3035 tum
2035 2981 2271 3037 muliere
2323 2996 2448 3036 cum
2502 2981 2723 3038 duabus
2781 2985 3013 3040 musicis
3066 2985 3124 3039 in
3176 2988 3457 3057 peculiare

1878 3070 2137 3126 conclave
2186 3070 2525 3136 introducta,
2562 3089 2727 3144 quam
2767 3075 3147 3145 pulcherrime
3198 3076 3456 3131 exornari

1875 3162 2055 3234 jubet.
2088 3166 2328 3234 Accepto
2367 3164 2566 3218 nuntio
2593 3164 2888 3236 Cyaxares.
2920 3182 3045 3221 cum
3083 3167 3254 3223 Medis
3293 3168 3457 3237 equi-

1880 3255 2049 3323 tibus,
2082 3256 2178 3326 qui
2213 3266 2554 3322 manserant,
2592 3258 2986 3327 proliciscitur.
3033 3259 3170 3327 Ejus
3216 3259 3455 3315 adventu

1876 3350 2119 3420 cognito,
2154 3349 2333 3420 Cyrus
2367 3365 2492 3404 cum
2524 3349 2760 3407 Persicis
2790 3352 3097 3419 equitibus,
3142 3353 3238 3424 qui
3292 3353 3455 3407 multi

1869 3438 1981 3509 jam
2012 3452 2196 3508 erant,
2228 3451 2284 3494 et
2317 3438 2488 3495 Medis
2517 3442 2610 3511 qui
2646 3441 2900 3507 aderant,
2931 3453 2987 3497 et
3013 3445 3319 3507 Armeniis,
3349 3459 3459 3499 ca:-

1876 3539 2230 3601 terorumqne
2287 3548 2568 3587 sociorum
2619 3534 2905 3603 equitibus
2959 3536 3187 3608 optimis
3237 3534 3453 3590 obviam

1874 3624 2252 3694 progreditur,
2289 3632 2350 3679 ut
2377 3625 2566 3695 copias
2602 3624 2835 3696 Cyaxari
2870 3636 3201 3683 ostentaret.
3235 3628 3288 3682 Is
3323 3612 3473 3681 vcro’

1872 3734 1999 3774 cum
2050 3718 2206 3785 illum
2261 3718 2468 3773 multos
2525 3720 2675 3773 viros
2732 3728 3056 3788 pmstantes
3110 3720 3290 3788 sequi,
3342 3718 3451 3771 sili

1870 3826 2006 3865 vero
2041 3811 2302 3879 exiguum
2352 3819 2409 3865 et
2437 3810 2618 3881 {vilem
2669 3826 2799 3869 esse
2849 3811 3170 3867 comitatum
3219 3809 3449 3874 videret,

1871 3903 2303 3974 ignominiosum
2331 3904 2596 3973 quiddam
2639 3918 2763 3961 esse
2803 3911 2978 3967 ratus,
3015 3916 3127 3973 pra!
3161 3901 3349 3956 dolore
3394 3901 3450 3955 in

1872 3994 2193 4051 manifestas
2220 3996 2490 4067 lacrymas
2511 3995 2715 4064 erupit.
2740 3994 2916 4066 Cyrus
2944 4009 3012 4050 eo
3039 3993 3291 4058 seducto,
3322 4008 3449 4047 cau-

1871 4101 1988 4141 sam
2026 4086 2122 4142 ira‘.
2150 4096 2208 4142 et
2240 4086 2452 4142 doloris
2495 4088 2720 4156 quierit,
2749 4096 2808 4142 et
2851 4086 3038 4142 multis
3070 4084 3257 4142 verbis
3304 4083 3448 4138 ultro

1869 4176 2124 4246 citroque
2146 4176 2329 4243 factis,
2346 4177 2620 4247 denique:
2651 4177 2754 4231 Per
2778 4179 2921 4243 deos,
2943 4178 3141 4247 inquit.
3162 4176 3445 4240 avuncnle,

1867 4268 2045 4324 desine
2086 4283 2168 4323 κς
2209 4269 2265 4323 in
2298 4271 2583 4335 praesentia
2622 4269 2838 4338 culpare
2884 4285 2898 4321 :
2929 4270 3023 4324 sed
3083 4269 3168 4323 ubi
3201 4278 3445 4338 expertus

1869 4360 2055 4430 fueris.
2089 4362 2351 4430 quomodo
2376 4376 2505 4431 erga
2537 4370 2588 4414 te
2625 4362 2797 4432 affecti
2824 4364 3015 4427 simus,
3051 4371 3165 4417 tum
3205 4362 3333 4416 mihi
3362 4360 3443 4415 υιιί

167 4444 325 4498 xire:
360 4444 461 4512 τῆς
490 4442 723 4513 σκηνῆς,
754 4445 849 4495 καὶ
882 4443 979 4495 σὺν
1018 4443 1196 4516 ταύτῃ
1231 4443 1329 4508 τάς
1359 4446 1760 4516 μουσουργοὺς,

1878 4454 2071 4525 gratias
2111 4454 2280 4523 agito,
2310 4452 2390 4506 vel
2423 4454 2681 4523 injuriam
2718 4454 3057 4524 exprobrata.
3106 4453 3203 4509 His
3252 4454 3442 4509 verbis

164 4536 345 4606 αἴπερ
373 4534 454 4604 τῷ
473 4534 743 4605 Κυαξάρη
762 4533 1049 4604 ὲξῄρηντο.
1086 4535 1172 4588 Ἐν
1193 4535 1369 4606 τούτῳ
1390 4535 1447 4589 δὲ
1472 4537 1499 4589 6
1526 4536 1757 4605 ἄγγελος

159 4631 244 4683 τά
272 4629 438 4699 παρὰ
462 4627 559 4682 τοῦ
591 4626 778 4699 Κύρου
802 4628 881 4696 τῷ
926 4627 1192 4700 Κυαξάρῃ
1221 4628 1526 4701 ἀπήγγειλε
1546 4643 1562 4660 ο
1588 4648 1677 4683 και
1705 4630 1762 4694 ὃς

160 4722 482 4790 ἐπορεύετο
517 4725 614 4774 σὺν
646 4723 757 4784 τοῖς
792 4722 1202 4792 παραμείνασιν
1237 4722 1389 4792 αὐτῷ
1418 4722 1529 4777 τῶν
1560 4724 1762 4795 Μήδων

162 4815 465 4867 ἱππεῦσιν,
524 4813 615 4875 Ὧς
669 4812 882 4882 δἐγνω
926 4812 1223 4885 προσιόντα
1264 4812 1427 4866 αὑτὸν
1467 4816 1495 4867 6
1552 4815 1760 4886 Κῦρος,

174 4906 359 4958 λαϐὼν
414 4903 539 4967 τούς
578 4919 641 4956 τε
680 4903 792 4956 τῶν
842 4904 1066 4976 Περσῶν
1113 4904 1338 4970 ἱππέας,
1377 4905 1609 4967 πολλοὺς
1658 4908 1759 4977 ἥδη

184 4997 356 5062 ειτας,
405 4997 503 5049 καί
534 4999 658 5053 τοὺς
700 4994 918 5065 Μήδους
948 4995 1245 5062 παρόντας,
1274 4997 1519 5060 καὶτοὺς
1567 4998 1764 5069 Ἀρμε-

184 5094 341 5156 -ιὲους,
370 5092 467 5143 καὶ
496 5090 607 5143 τῶν
632 5089 812 5142 ἄλλων
837 5090 1145 5163 συμμάχων
1181 5089 1306 5153 τοὺς
1333 5091 1758 5159 εύῐπποτάτους,

181 5187 417 5253 ἀπήντα,
463 5181 780 5244 ἐπιδεικνὺς
821 5181 899 5253 τῷ
950 5182 1218 5255 Κυαξάρῃ
1268 5183 1368 5255 τὴν
1400 5185 1654 5257 δύναμιν.
1699 5188 1759 5241 ’0

177 5276 220 5328 ξε
251 5275 389 5329 ἰδὼν
414 5273 495 5344 τῷ
527 5274 700 5345 Κύρῳ
736 5274 835 5344 μὲν
871 5273 1098 5335 πολλούς
1127 5291 1188 5326 τε
1231 5276 1327 5329 καὶ⁵
1360 5276 1600 5343 ἀγαθοὺς
1629 5279 1760 5331 ἑποο

175 5370 396 5435 μένους,
427 5366 615 5438 ἑαυτῷ
646 5367 704 5420 δὲ
733 5366 922 5436 ὀλίγην
942 5382 1002 5418 τε
1032 5368 1127 5420 κάι
1158 5366 1341 5434 ὀλίγου
1389 5369 1549 5434 ἀξίαν
1598 5370 1761 5441 οερα-

171 5464 350 5523 sarias,
386 5460 586 5533 ἄτιμόν
630 5477 683 5513 τι
720 5458 872 5528 αὐτῷ
905 5458 1087 5523 ἔδοξεν
1116 5453 1279 5525 εἶναι,
1307 5460 1401 5514 καὶ
1431 5461 1561 5532 ἄχος
1595 5462 1759 5515 αὐτὸν

166 5554 353 5619 ἔλαϐε,
380 5552 474 5606 καὶ
500 5555 581 5615 εἰς
613 5553 830 5622 φανερά
858 5553 1163 5622 κατήνεκτο
1183 5552 1420 5625 δάκρυα.
1455 5552 1517 5607 '0
1548 5555 1605 5610 δὲ
1649 5556 1761 5608 Κῦ-

164 5664 249 5709 της
316 5647 430 5717 ἰδία
475 5646 674 5699 τοῦτον
721 5634 1150 5716 ἀπολαὸὁμένος,
1209 5647 1305 5701 καί
1349 5648 1755 5719 παρακαθίσας,

1868 4546 2166 4601 delinitum
2225 4545 2508 4600 hominem
2565 4546 2871 4601 osculatur.
2925 4545 3045 4612 Quo
3102 4546 3222 4600 viso
3277 4545 3441 4608 Medi,

1866 4638 2053 4693 Persa
2096 4647 2154 4692 et
2192 4637 2381 4692 cal-teri
2419 4651 2588 4708 supra
2623 4637 2849 4693 modum
2882 4648 3014 4692 sunt
3041 4636 3235 4707 gavisi.
3268 4634 3444 4708 Cyrus

1868 4741 2054 4785 autem
2083 4740 2140 4785 et
2168 4728 2446 4802 Cyaxares
2473 4732 2795 4786 conscensis
2820 4729 2981 4800 equis
3010 4730 3066 4785 in
3095 4739 3275 4784 castra
3311 4745 3442 4799 per.

1865 4833 2158 4878 venerunt.
2186 4823 2414 4892 Cyaxari
2441 4822 2496 4877 in
2523 4823 2939 4879 tabernaculum
2964 4839 3123 4878 suum
3150 4822 3440 4892 perducto,

1864 4913 2008 4969 Medi
2048 4912 2242 4968 ordine
2280 4929 2510 4968 munera
2539 4914 2802 4976 offerunt,
2845 4929 3013 4966 unum
3045 4913 3238 4966 saltem
3270 4926 3337 4965 ex
3374 4910 3441 4964 iis

1864 5021 1988 5077 qua:
2020 5005 2258 5076 quisque
2299 5005 2673 5074 pulcherrima
2706 5013 2898 5059 nactus
2922 5013 3065 5058 erat.
3097 5002 3235 5058 Cum
3267 5017 3440 5058 cmme

1867 5107 2084 5168 tempus
2121 5105 2289 5161 esset,
2341 5095 2614 5167 Cyaxares
2655 5097 2838 5167 epulis
2872 5094 3231 5165 indulgebat:
3265 5093 3439 5165 Cyrus

1866 5199 2052 5249 autem
2104 5188 2173 5242 de
2222 5188 2531 5244 retinendis
2574 5189 2743 5243 sociis
2769 5188 3064 5251 sollicitus.
3117 5184 3467 5242 convocatis‘

1865 5281 2061 5344 amicis
2091 5282 2159 5337 ad
2194 5296 2308 5335 rem
2340 5281 2482 5337 bene
2517 5281 2814 5352 gerendam
2846 5279 3079 5345 idoneis,
3112 5277 3338 5349 petebat
3378 5284 3440 5330 ut

1860 5374 2237 5440 elaborarent,
2259 5388 2327 5428 ne
2353 5372 2489 5428 socii
2513 5372 2867 5428 discederent
2890 5372 3014 5429 :sed
3040 5371 3196 5441 157
3225 5369 3434 5423 diutius

1863 5474 2170 5523 manerent.
2189 5478 2355 5535 atque
2370 5465 2574 5521 auxilio
2605 5474 2814 5521 essent.
2835 5464 3105 5521 Postridie
3133 5464 3199 5516 ad
3230 5461 3438 5531 Cyaxa-

1866 5575 1980 5613 rem
2006 5574 2197 5613 omnes
2231 5557 2591 5625 conveniunt,
2627 5573 2789 5628 quem
2823 5559 2978 5626 prius
3008 5571 3171 5626 quam
3188 5552 3435 5622 alioque-

1864 5659 2078 5716 rentur,
2108 5648 2248 5721 Cyro
2271 5648 2431 5703 amici
2458 5648 2598 5704 alius
2620 5648 2779 5703 aliam
2813 5656 3030 5719 gentem
3063 5643 3432 5710 adducebant,
