3926 6210
339 314 448 377 9.35

1613 303 1945 369 JOANNIS
1979 304 2311 369 ZONARB

3492 296 3608 361 226

343 427 461 484 Indi
489 425 559 483 ab
592 423 849 481 hostibus
896 421 1104 478 rcvcrsi
1157 418 1441 484 nuntiant,
1469 415 1723 474 Crcesum
1756 413 1927 484 impe-

2042 415 2403 471 τκευασθέντα
2426 413 2505 478 εἰς
2530 411 2623 467 τὸν
2652 409 2816 469 αὐτὸν
2857 409 3058 482 τρόπον
3104 409 3168 464 ἐκ
3214 413 3314 482 τῆς
3349 411 3609 483 Τρωῖκῆς

343 529 584 575 ratorem
615 518 896 573 exercitus
926 528 1048 570 esse
1076 511 1376 569 delectum.
1417 507 1730 576 multosque
1766 518 1924 574 reges

340 623 398 670 et
429 611 686 684 populos,
742 618 909 678 atque
963 605 1131 666 etiam
1179 601 1396 659 Graecos
1427 613 1648 671 paratos
1691 611 1814 654 esse
1854 596 1921 651 ad

342 722 504 777 Opem
532 704 609 760 illi
642 702 943 758 ferendam.
976 697 1074 752 His
1118 696 1174 750 in
1209 693 1456 749 exercitu
1488 689 1743 761 vulgatis,
1776 688 1926 742 mili-

346 810 429 854 tes
456 795 684 853 solliciti
733 808 856 847 esse
909 795 1229 858 ceperunt:
1277 785 1372 840 sed
1411 783 1587 855 Cyrus
1622 792 1682 836 ut
1714 789 1922 835 metum

345 906 443 961 per
471 898 651 943 castra
682 885 868 956 vagari
908 882 1104 947 sensit,
1136 879 1323 934 habita
1346 876 1615 932 concione
1646 888 1777 928 suos
1807 872 1928 925 ani-

344 985 617 1038 mosiores
647 977 910 1042 reddidit,
936 973 1254 1031 consultum
1280 969 1385 1025 sibi
1409 967 1585 1024 videri
1617 966 1831 1030 dicens,
1865 971 1927 1018 ut

345 1076 531 1129 hostes
562 1070 972 1142 quamprimum
1005 1065 1313 1121 invaderet.
1357 1058 1617 1116 Assensis
1643 1056 1925 1121 omnibus,

342 1166 616 1238 Cyaxares
641 1176 765 1216 cum
799 1160 960 1214 tertia
986 1156 1274 1212 Medorum
1319 1159 1477 1222 parte
1527 1148 1814 1215 remansit,
1855 1160 1928 1204 ne

347 1274 507 1313 suum
557 1270 788 1327 regnum
842 1252 989 1309 omni
1042 1249 1304 1322 pnesidio
1375 1247 1704 1302 destitutum
1755 1252 1925 1300 esset.

346 1350 523 1424 Cyrus
550 1358 733 1405 autem
764 1362 978 1403 summa
1005 1343 1289 1400 celeritate
1328 1340 1736 1411 proﬁciscitur:
1773 1353 1931 1393 cum-

347 1457 456 1512 que
509 1440 884 1510 speculatores
932 1434 1198 1506 prazmissi
1255 1433 1467 1487 fumum
1502 1440 1600 1486 aut
1643 1431 1927 1502 pulverem

348 1538 671 1601 excitatum,
724 1545 779 1589 et
808 1535 1063 1589 homines
1092 1530 1199 1586 sibi
1232 1530 1419 1584 videre
1454 1530 1800 1592 viderentur,
1832 1526 1928 1597 qui

349 1629 614 1698 pabulum
646 1637 703 1683 et
744 1627 892 1698 ligna
933 1627 1302 1694 colligerent:
1337 1622 1593 1677 hostilem
1624 1620 1929 1697 exercitum

351 1723 406 1775 in
445 1722 754 1790 propinquo
785 1733 907 1773 esse
936 1718 1316 1788 conjecerunt,
1343 1714 1510 1784 idque
1535 1712 1678 1786 Cyro
1705 1713 1932 1767 nuntia-

354 1820 501 1866 runt.
532 1811 586 1866 Is
612 1825 708 1865 eos
733 1810 788 1864 in
817 1809 1060 1879 speculis
1084 1822 1328 1870 manere,
1363 1817 1421 1861 et
1452 1806 1734 1877 praemissa
1776 1803 1935 1874 equi-

354 1913 467 1960 tum
499 1905 585 1958 ala
614 1905 685 1958 ab
715 1903 783 1957 iis
812 1901 1142 1958 decursione
1192 1901 1246 1955 in
1297 1900 1582 1971 planitiem
1612 1899 1778 1963 facta,
1815 1896 1935 1967 capi

351 1996 567 2064 aliquos
591 1994 777 2064 jussit,
801 2009 832 2047 e
856 1992 1062 2062 quibus
1090 1992 1184 2046 ubi
1217 1991 1497 2062 cognovit,
1543 1989 1849 2046 exercitum
1881 1989 1936 2044 in

354 2102 466 2157 quo
488 2096 543 2141 et
573 2087 675 2156 ipsi
711 2086 936 2150 fuerint,
985 2087 1053 2141 ad
1083 2087 1223 2141 duas
1253 2100 1585 2158 parasangas
1625 2086 1840 2150 abesse,
1880 2094 1938 2140 et

355 2179 424 2234 de
453 2194 513 2234 se
542 2180 714 2233 multa
758 2179 929 2234 verba
968 2177 1086 2233 ﬁeri
1136 2179 1205 2233 ab
1247 2179 1523 2242 hostibus,
1564 2179 1805 2234 adventu
1836 2193 1939 2234 suo

355 2272 583 2327 minime
641 2271 804 2335 laetis,
861 2281 1028 2341 atque
1084 2273 1257 2326 aciem
1309 2272 1509 2328 instrui
1566 2287 1597 2326 a
1651 2269 1842 2327 Crteso
1880 2280 1938 2326 et

354 2383 544 2439 Graeco
576 2396 638 2435 ac
665 2381 821 2436 Medo
841 2382 1098 2450 quodam,
1133 2381 1225 2449 qui
1253 2380 1560 2450 profugisse
1586 2395 1616 2434 a
1644 2380 1761 2434 suis
1790 2378 1940 2433 dicc-
1991 2431 1996 2437 .

357 2485 532 2530 retur.
564 2473 777 2546 Cyrus:
818 2472 1052 2536 Utinam.
1101 2473 1301 2543 inquit,
1335 2472 1488 2528 illum
1513 2475 1587 2528 ita
1613 2474 1845 2543 capiam,
1881 2481 1938 2524 ut

355 2566 515 2622 voto:
549 2567 620 2622 Et
665 2566 913 2636 captivos
956 2565 1110 2619 abire
1155 2565 1335 2636 jubet,
1389 2581 1570 2635 neque
1609 2566 1784 2619 multo
1818 2573 1940 2635 post

356 2658 424 2712 de
457 2657 639 2711 reditu
671 2656 1037 2726 exploratoris
1080 2656 1307 2727 Araspis
1353 2655 1413 2710 fit
1443 2659 1667 2719 certior,
1699 2670 1936 2725 eumque

257 2774 263 2779 -
356 2750 558 2804 ln-titiae
607 2749 893 2804 exsultans
958 2747 1174 2802 obviam
1240 2763 1497 2819 egressus
1559 2749 1934 2818 amplectitur.

356 2840 511 2906 Quod
546 2855 671 2895 cum
702 2854 894 2894 omnes
919 2841 1292 2894 mirarentur:
1328 2840 1516 2905 Amici,
1554 2838 1754 2910 inquit,
1791 2840 1938 2894 adest

357 2931 439 2983 vir
464 2931 713 3000 Optimus,
745 2930 834 3000 qui
860 2929 1013 2983 nulla
1041 2931 1183 3000 turpi
1213 2930 1277 2982 de
1302 2946 1485 2995 causa,
1532 2946 1626 2984 nec
1670 2932 1773 2986 mei
1797 2939 1936 2985 metu

281 3080 288 3087 ,
357 3020 581 3084 obierat,
612 3021 768 3076 sed'a
799 3035 883 3075 me
915 3020 1210 3093 ablegatus,
1236 3030 1293 3074 ut
1322 3023 1549 3077 hostium
1596 3038 1677 3076 res
1699 3027 1936 3093 cognitas

360 3113 507 3167 nobis
520 3122 661 3165 certo
682 3114 1032 3166 renuntiaret.
1054 3111 1128 3165 Ab
1155 3112 1394 3167 omnibus
1416 3113 1579 3184 igitur
1599 3114 1644 3167 ei
1666 3114 1826 3185 160
1843 3115 1940 3167 ho—
1967 3100 2012 3158 (ἶ

360 3220 453 3259 nos
474 3215 550 3258 est
568 3204 855 3268 habendus,
872 3208 1011 3275 quod
1027 3206 1193 3258 nostri
1209 3205 1328 3259 boni
1346 3222 1504 3260 causa
1527 3219 1571 3259 et
1590 3207 1936 3276 ignominiam

362 3306 412 3351 et
440 3296 673 3367 pericula
695 3296 872 3351 subiit.
904 3296 982 3351 Ita
1011 3297 1281 3352 salutatus
1301 3296 1369 3351 ab
1393 3298 1650 3353 omnibus
1677 3299 1934 3370 Araspes,

363 3404 487 3458 quae
533 3388 762 3443 vidisset
808 3388 1053 3458 exponit,
1102 3390 1292 3459 copias
1332 3389 1597 3453 hostium,
1646 3390 1937 3458 stationes,

365 3480 616 3535 consilia.
651 3480 863 3546 Quibus
893 3481 1119 3537 auditis.
1142 3479 1318 3554 Cyrus
1343 3497 1617 3553 quemque
1654 3498 1807 3541 arma
1840 3499 1942 3538 sua

367 3581 423 3626 et
453 3585 626 3640 equos
653 3586 849 3626 curare
876 3572 1058 3641 jubet,
1083 3582 1140 3627 et
1170 3588 1332 3627 mane
1362 3573 1427 3627 ad
1452 3588 1690 3643 pugnam
1723 3585 1942 3644 paratos

366 3676 510 3717 esse.
543 3664 740 3717 Parent
788 3663 902 3717 illi:
958 3679 1196 3734 cumque
1233 3665 1499 3734 postridie
1537 3680 1731 3721 omnes
1759 3682 1944 3721 arma-

368 3763 583 3819 rentur,
616 3754 974 3821 Ahradntam,
1009 3756 1097 3810 cui
1128 3765 1279 3811 sorte
1309 3756 1633 3823 obvenerat,
1666 3765 1727 3811 ut
1752 3768 1945 3813 contra

367 3842 652 3915 Egyptios
684 3846 983 3910 locaretur,
1011 3847 1244 3902 Panthia
1283 3848 1437 3918 galea
1480 3863 1647 3904 aurea
1692 3859 1945 3917 exornat,

367 3947 425 3992 et
452 3939 710 4000 armillis,
742 3955 1131 4009 purpureaque
1160 3949 1310 3995 veste
1354 3941 1422 3995 ad
1468 3941 1608 3997 talos
1646 3956 1821 4013 usque
1849 3942 1949 3999 de-

369 4030 554 4093 missa,
600 4038 656 4083 et
697 4044 838 4083 cono
890 4030 1234 4100 byacinthini
1280 4032 1508 4095 coloris,
1551 4048 1674 4103 qua:
1720 4033 1836 4104 ipsa
1893 4033 1946 4089 ei

368 4117 595 4183 fecerat,
648 4118 764 4174 suis
795 4121 1135 4176 ornamentis
1164 4120 1439 4188 conflatis,
1485 4123 1632 4193 quod
1685 4125 1945 4180 maritum

362 4205 469 4262 sibi
500 4208 799 4262 maximum
842 4223 964 4263 esse
993 4217 1375 4263 ornamentum
1427 4211 1661 4267 diceret.
1690 4212 1941 4283 Dumque

364 4299 414 4354 ei
451 4315 603 4354 arma
652 4300 929 4365 indueret,
981 4302 1085 4357 etsi
1119 4302 1394 4372 ploratum
1431 4302 1782 4359 dissimulare
1820 4314 1940 4360 stu-

367 4390 552 4456 debat,
586 4400 767 4448 tamen
801 4393 1054 4465 lacryma:
1092 4410 1191 4464 per
1226 4409 1395 4466 genas
1428 4394 1762 4450 manabant:
1797 4397 1941 4468 jam-

2026 509 2120 562 καὶ
2153 510 2250 579 τῆς
2284 506 2527 577 Λιϐυκῆς
2546 504 2796 575 διφρείας
2819 518 2836 536 ⁶
2868 503 2966 557 καὶ
2990 504 3084 557 ἐπὶ
3109 504 3207 565 τὰς
3232 503 3518 575 καμήλους
3550 507 3611 558 δὲ

2025 600 2350 669 τεταγμένοι
2388 593 2529 670 ἦσαν
2552 596 2646 650 δύο
2672 597 2756 666 ἐφ’
2780 595 3020 664 ἑκάστην
3075 594 3311 660 τοξόται.
3343 595 3504 650 Οὕτω
3549 595 3611 649 δέ

2024 687 2416 757 διατιθεμένων
2450 686 2530 757 τῷ
2572 685 2740 757 Κύρῳ
2776 685 2886 739 τῶν
2932 683 3028 738 τοῦ
3082 684 3345 755 πολέμου,
3373 680 3510 758 ἧκον
3560 685 3614 739 οἱ

2025 781 2182 835 Ἰνδοὶ
2212 784 2276 834 ἐκ
2308 778 2418 833 τῶν
2472 779 2771 849 πολεμίων,
2829 780 2923 832 καὶ
2975 779 3165 847 ελεγον
3223 780 3306 831 ὅτι
3375 780 3613 849 Κροῖσος

2024 870 2252 941 ἡγεμὼν
2327 872 2422 923 καλ⁵
2488 871 2793 941 στρατηγὸς
2846 870 3071 941 ᾕρηταιο
3125 870 3220 923 καὶ
3269 868 3456 923 πολλοὶ
3507 870 3613 941 μὲν

2030 961 2298 1032 βασιλεῖς,
2330 962 2503 1015 πολλά
2533 960 2577 1014 δ’
2611 960 2740 1031 ἔθνη
2769 964 2865 1014 καὶ
2918 961 3183 1032 Ἕλληνες
3222 962 3615 1031 συμμαχήσειν

2027 1053 2401 1125 ἡτοίμασται..
2437 1054 2534 1117 Ὠς
2589 1053 2683 1107 οῦν
2710 1052 2885 1107 ταῦτα
2921 1053 3154 1125 ἧκουσεν
3208 1054 3238 1105 6
3265 1052 3360 1107 τοῦ
3422 1053 3617 1124 Κύρου

2030 1142 2289 1212 στρατὸς,
2332 1144 2389 1195 ἐν
2421 1141 2672 1212 φροντίδι
2702 1141 2943 1211 ἐγένετο.
2989 1142 3079 1204 Ὠς
3107 1141 3164 1194 δέ
3196 1141 3397 1212 ᾔσθετο
3425 1143 3455 1194 6
3503 1140 3620 1195 Κῦο

2031 1254 2123 1308 ρος
2151 1236 2317 1308 φόϐον
2346 1237 2627 1290 διαθέοντα
2664 1237 2723 1288 ἐν
2744 1236 2810 1305 τῇ
2844 1235 3099 1305 στρατιᾷ,
3133 1234 3382 1305 διελέχθη
3401 1236 3617 1300 αὐτοῖς,

2032 1333 2128 1384 καὶ
2163 1328 2429 1401 μετέϐαλε
2457 1328 2594 1399 πρὸς
2620 1328 2683 1382 τὸ
2702 1327 3092 1397 εὐθυμότερον.
3152 1322 3286 1379 Εἶτα
3316 1322 3463 1379 εἴπεο
3520 1328 3623 1380 Δοο

2030 1423 2121 1474 κεῖ
2150 1438 2261 1491 μοι,
2293 1415 2340 1474 ὦ
2395 1420 2611 1491 ἄνδρες,
2678 1420 2766 1474 ἐπ’
2795 1420 2993 1482 αὐτοὺς
3053 1418 3191 1473 ίέναι
3246 1419 3322 1482 ὼς
3359 1420 3616 1491 τάχιστα.

2034 1514 2143 1567 Καὶ
2187 1513 2426 1577 ἀπαντες
2455 1513 2844 1584 συνηγόρευον.
2882 1511 3181 1583 Κυαξάρης
3226 1512 3327 1583 μὲν
3353 1508 3470 1579 οῦν,
3505 1514 3622 1567 τῶν

2032 1608 2234 1677 Μήδων
2272 1607 2411 1677 ἔχων
2440 1608 2502 1660 τὸ
2525 1606 2713 1679 τρίτον
2760 1608 2948 1679 μέρος,
2988 1607 3308 1677 κατέμενεν,
3365 1607 3444 1672 ὡς
3479 1607 3622 1680 μηδὲ

2033 1702 2101 1753 τὰ
2156 1702 2296 1755 οἴκοι
2339 1700 2522 1770 ἔρημα
2590 1699 2675 1769 εἴη
2705 1716 2719 1730 ·
2784 1701 2812 1753 6
2852 1700 2910 1753 δέ
2966 1699 3147 1771 Κῦρος
3197 1698 3495 1771 ἐπορεύετο
3544 1699 3624 1763 ὡς

2036 1793 2270 1863 ἠδύνατο
2297 1795 2549 1863 τάχιστα.
2594 1792 2683 1854 Ὠς
2714 1792 2758 1845 δ’
2791 1793 2841 1845 οἱ
2875 1792 3156 1862 προϊόντες
3184 1792 3378 1845 σκοποὶ
3397 1791 3622 1846 ἐδόκουν

2041 1886 2338 1956 μανθάνειν
2375 1882 2844 1955 μετεωριζόμενον
2872 1884 3103 1949 καπνὸν,
3128 1884 3162 1956 ἢ
3191 1884 3495 1954 κονιορτὸν,
3524 1888 3624 1938 καὶ

2038 1973 2361 2047 ἀνθρώπους
2383 1975 2517 2046 όρᾷν
2542 1975 2694 2046 χιλὸν
2724 1975 2819 2028 καὶ
2845 1974 2980 2043 ξύλα
3008 1975 3414 2046 λαμϐάνοντας,
3469 1976 3628 2030 εἴκα-

2038 2065 2130 2131 ζον
2158 2059 2300 2118 εἷναί
2323 2081 2428 2118 που
2458 2062 2690 2134 πλησίον
2709 2062 2823 2117 τῶν
2855 2061 3138 2133 πολεμίων
3179 2063 3239 2116 τὸ
3276 2063 3625 2134 στράτευμα,

2040 2158 2133 2212 καὶ
2158 2158 2236 2228 τῷ
2262 2156 2433 2229 Κύρῳ
2461 2156 2859 2227 κατήγγελλον.
2897 2157 2957 2210 '0
2976 2156 3032 2210 δέ
3065 2156 3309 2219 ἐκείνους
3349 2155 3450 2227 μὲν
3495 2155 3628 2209 ἐκέ-

2038 2249 2231 2303 λευσεν
2258 2250 2353 2303 ἐπὶ
2402 2252 2523 2313 ταῖς
2554 2253 2785 2313 σκοπαῖς
2832 2250 3114 2320 μένοντας,
3148 2250 3178 2303 ὃ
3210 2267 3262 2301 τι
3305 2247 3370 2303 ἂν
3423 2247 3625 2320 ὁρῷεν,

2041 2344 2450 2412 ἀπαγγέλλειν·
2498 2343 2688 2414 τάγμα
2745 2342 2792 2396 δ’
2839 2343 3050 2396 ἱππέων
3121 2343 3367 2414 ἐπεμψεν
3419 2344 3499 2405 εἰς
3564 2340 3635 2396 τὸ

2042 2437 2298 2507 πρόσθεν,
2328 2439 2416 2490 ἵνα
2480 2437 2633 2501 τινὰς
2683 2436 3021 2491 συλλάϐοιεν.
3055 2435 3143 2503 Οἳ,
3177 2435 3628 2507 καταδραμόντες

2042 2531 2123 2593 είς
2154 2530 2214 2582 τὸ
2244 2528 2448 2594 πεδίον,
2520 2527 2812 2582 συνέλαϐον
2865 2526 3210 2599 ἀνθρώπους,
3240 2529 3337 2580 καὶ
3388 2530 3625 2598 ἦγαγον·

2043 2626 2138 2677 καὶ
2170 2623 2357 2692 ἔλεγον
2386 2624 2436 2675 οἱ
2460 2621 2883 2692 συλληφθέντες,
2929 2621 3005 2685 ὡς
3044 2623 3108 2675 ἐκ
3167 2621 3259 2675 τοῦ
3319 2622 3630 2692 στρατοπε-

2043 2716 2135 2769 δου
2178 2709 2309 2769 εἷεν.
2335 2716 2447 2769 Καὶ
2475 2717 2505 2768 6
2533 2713 2738 2785 Κῦρος,
2779 2713 2975 2777 Πόσον,
3007 2712 3133 2784 ἔφη.
3180 2713 3407 2767 ἄπεστιν
3432 2711 3629 2767 ἐντεῦ-

2044 2809 2135 2864 θεν
2161 2807 2222 2861 rb
2255 2807 2613 2879 στράτευμα;
2643 2806 2707 2858 Οί
2736 2807 2782 2859 δ’
2812 2805 3018 2873 ἔλεγον·
3060 2806 3148 2868 Ὠς
3195 2805 3289 2858 δύο
3338 2805 3633 2877 παρασάγ-

2044 2916 2168 2968 γας.
2204 2900 2315 2952 Καὶ
2342 2903 2745 2971 προσεπήρετοο
2785 2898 2976 2968 Ἠμῶν
3026 2896 3085 2951 δὲ
3104 2897 3258 2964 λόγος
3276 2897 3360 2962 τῖς
3390 2892 3461 2968 ἦν
3493 2897 3628 2970 παρ’

2045 2993 2229 3055 αὐτοῖς
2260 3009 2274 3058 ;
2307 2991 2414 3044 Ναὶ
2439 2990 2507 3063 νὴ
2547 2988 2668 3056 Δία,
2706 2989 2934 3061 ἔφασαν,
2967 2988 3062 3043 καὶ
3092 2987 3260 3052 πολύς
3279 3006 3367 3059 γε,
3407 2989 3485 3054 ὡς
3524 2990 3629 3062 ἤδη

2046 3084 2213 3154 ἐγγὺς
2257 3079 2359 3155 ἦτε
2394 3085 2734 3156 προσιόντες.
2772 3084 2839 3135 Τί
2892 3079 3009 3148 οὖν,
3046 3083 3149 3154 ἔφη
3206 3083 3234 3135 6
3282 3084 3484 3153 Κῦρος,
3532 3083 3636 3138 καὶ

2045 3177 2266 3250 ἔχαιρον
2283 3175 2573 3241 ἀκούοντες
2590 3178 2734 3249 ήμᾶς
2749 3176 3074 3250 προσιόντας
3091 3196 3105 3245 ;
3129 3178 3201 3231 Οὐ
3211 3176 3287 3248 μά
3309 3177 3438 3244 Δία,
3471 3173 3632 3234 εἷπον

2048 3271 2272 3335 ἐκεῖνοι,
2304 3269 2444 3323 ἀλλὰ
2497 3271 2592 3323 καὶ
2629 3271 2776 3340 μάλα
2812 3269 3064 3341 ήνιῶντο.
3099 3270 3197 3335 Τίς
3235 3271 3294 3324 δὲ
3334 3271 3363 3323 6
3400 3268 3634 3336 τούτους

2046 3366 2263 3418 τάσσων
2310 3366 2492 3432 ἐστίνς
2533 3365 2562 3417 6
2613 3364 2795 3435 Κῦρος
2844 3359 3019 3420 εἶπεν.
3092 3367 3154 3417 0i
3193 3364 3270 3430 δὲ,
3342 3365 3519 3427 Αὐτός
3571 3381 3635 3419 τε

2050 3458 2306 3526 Κροῖσος,
2340 3457 2733 3527 ἀπεκρίναντο,
2794 3457 2887 3509 καί
2937 3474 3021 3519 τις
3068 3455 3270 3528 Ἕλλην
3322 3457 3485 3529 ἀνὴρ,
3536 3458 3636 3511 καὶ

2047 3550 2230 3620 Μῆδός
2256 3567 2359 3613 τις,
2384 3549 2444 3613 ὃς
2492 3550 2710 3619 λέγεται
2750 3550 2928 3620 φυγάς
2964 3546 3101 3604 εἶναι
3124 3551 3258 3619 παρ’
3315 3550 3490 3622 ὑμῶν.
3522 3552 3637 3606 Καὶ

2047 3645 2075 3697 6
2101 3642 2283 3715 Κῦρος
2318 3644 2452 3712 πρὸς
2482 3642 2663 3696 τοῦτο·
2709 3642 2877 3708 Ἀλλ’,
2908 3638 2952 3698 ὦ
2984 3642 3113 3709 Ζεῦ,
3149 3644 3336 3699 λαϐεῖν
3397 3661 3491 3716 μοι
3541 3645 3637 3714 γέ·

2049 3751 2196 3790 νοιτο
2227 3736 2420 3799 αὐτὸν,
2447 3735 2523 3799 ὼς
2549 3734 2665 3804 ἐγὼ
2706 3735 2989 3808 βούλομαι.
3021 3734 3161 3801 Τοὺς
3195 3737 3295 3808 μὲν
3310 3734 3403 3791 οὖν
3427 3739 3636 3809 αίχμα-

2050 3827 2261 3891 λώτους
2284 3828 2517 3895 ὑπάγειν
2558 3826 2851 3882 ἐκέλευσεν
2880 3843 2891 3854 ⁸
2939 3829 3001 3880 οὐ
3043 3827 3178 3882 πολὺ
3214 3826 3269 3882 δὲ
3299 3829 3362 3882 τὸ
3384 3830 3446 3882 ἐν
3481 3830 3639 3901 μέσῳ

2049 3920 2143 3973 καὶ
2172 3921 2201 3973 6
2234 3919 2513 3992 πεμφθεὶς
2553 3920 2724 3976 πάλαι
2756 3924 3133 3989 κατάσκοπος,
3169 3923 3198 3976 6
3228 3921 3511 3995 ’Δράσπας
3541 3924 3640 3997 δή·

2049 4011 2210 4084 λαδὴ,
2247 4012 2574 4082 ἀγγέλλεται
2607 4013 3017 4085 προσελαύνων.
3071 4015 3130 4069 '0
3172 4015 3271 4087 μὲν
3298 4013 3394 4072 οῦν
3426 4017 3637 4084 Κῦρος,

2050 4103 2125 4166 ὡς
2182 4104 2441 4176 ήκουσεν,
2490 4106 2853 4177 ἀναπηδήσας
2891 4107 3109 4177 ὑπήντα
3169 4107 3340 4179 αὐτῷ,
3383 4112 3483 4165 καλ⁵
3525 4111 3627 4166 ἐδε-

2052 4194 2253 4261 ξιοῦτο.
2290 4197 2352 4249 0i
2381 4196 2428 4250 δ’
2459 4195 2613 4250 ἄλλοι
2646 4197 2726 4268 τῷ
2757 4198 3044 4270 πράγματι
3083 4197 3502 4272 ἐξεπλήττοντο,
3531 4204 3643 4268 ἓως

2049 4288 2285 4360 ὁΚῦρος
2339 4289 2469 4363 ἔφη’
2533 4290 2779 4361 Ἄνδρες
2827 4293 3016 4362 φίλοι,
3078 4294 3211 4362 ἥκει
3274 4296 3422 4366 ἡμῖν
3478 4296 3641 4367 ἀνὴρ

2050 4381 2318 4452 ἄριστος,
2347 4384 2412 4451 ὃς
2438 4386 2551 4440 οὐκ
2574 4386 2834 4457 αἰσχροῦ
2893 4403 3059 4454 τινος
3107 4389 3386 4457 ἡττηθεὶς
3425 4389 3641 4460 ᾤχετο,

366 4498 475 4550 que
504 4498 880 4539 conscensum
910 4501 1157 4551 currum,
1183 4488 1400 4557 caneris
1420 4487 1704 4544 discedere
1732 4489 1935 4560 jussis:

2044 4477 2125 4543 ὡς
2153 4476 2261 4547 ἐμὲ
2302 4476 2533 4546 δεδιὼς,
2592 4480 2740 4560 du:
2766 4480 2870 4536 ὑπ’
2903 4480 3051 4551 ἐμοῦ
3105 4483 3418 4552 πεμφθεὶς,
3477 4485 3643 4551 ὅπως

368 4572 666 4637 Abradata,
718 4575 817 4635 ait,
864 4585 937 4639 te,
979 4579 1100 4630 vita:
1120 4580 1283 4631 etiam
1318 4593 1448 4632 mete
1490 4582 1741 4650 anteponi
1775 4598 1807 4634 a
1839 4597 1941 4645 me,

366 4678 516 4717 noue
538 4664 772 4725 arbitror
789 4684 803 4719 .’
833 4674 1007 4720 tamen
1044 4678 1285 4722 mutuum
1312 4682 1549 4722 amorem
1582 4677 1817 4724 nostrum
1862 4679 1944 4725 te-

361 4763 494 4820 stor,
528 4753 691 4809 malle
723 4772 805 4809 me
833 4759 877 4810 si
905 4766 954 4811 te
982 4760 1149 4812 virum
1193 4760 1383 4829 fortem
1422 4760 1727 4829 prwbueris,
1760 4764 1944 4818 eadem

366 4856 510 4901 terra
546 4857 714 4901 tecum
747 4850 869 4919 tegi.
915 4866 1073 4920 quam
1110 4850 1514 4920 ignominiosam
1558 4867 1676 4906 cum
1714 4855 1942 4924 ignomi-

367 4941 512 4994 nioso
535 4941 724 4995 uiuere.
760 4940 907 4996 Nam
959 4942 1097 5013 Cyro
1151 4944 1359 5014 quidem
1408 4962 1657 5017 magnam
1700 4948 1942 5003 debemus

364 5036 618 5103 gratiam,
651 5035 789 5104 quod
819 5051 900 5087 me
927 5038 1215 5106 captivam,
1255 5046 1304 5090 et
1338 5038 1437 5092 sibi
1467 5040 1797 5102 attributam.
1836 5058 1941 5097 non

364 5142 463 5194 pro
496 5126 720 5191 ancilla,
755 5138 845 5182 aut
882 5129 1111 5199 ingenua
1144 5147 1337 5200 parum
1374 5132 1632 5185 honorata
1671 5135 1938 5201 tractavit,

362 5220 454 5270 sed
482 5219 573 5270 tibi
619 5222 964 5284 conservavit,
995 5222 1139 5275 haud
1168 5238 1313 5277 secus
1343 5239 1407 5276 ac
1431 5225 1478 5278 si
1512 5224 1697 5294 fratris
1723 5241 1940 5280 uxorem

366 5312 604 5380 cepisset.
650 5311 915 5367 Praeterea
959 5330 1077 5367 cum
1122 5314 1353 5385 Araspes
1405 5324 1574 5370 custos
1612 5334 1753 5372 meus
1784 5319 1849 5371 ab
1884 5335 1942 5372 eo

366 5406 659 5471 defecisset,
686 5405 925 5473 pollicita
963 5406 1008 5458 ei
1038 5406 1134 5475 fui,
1174 5409 1218 5459 si
1252 5419 1300 5460 te
1345 5408 1541 5461 arcessi
1569 5419 1862 5479 pateretur,
1895 5419 1944 5462 te

367 5491 461 5545 illo
491 5493 658 5547 multo
687 5502 735 5547 et
772 5494 1040 5549 meliorem
1067 5506 1115 5549 et
1166 5497 1456 5565 ﬁdeliorem
1483 5501 1532 5553 ei
1555 5501 1813 5571 futurum.
1849 5499 1944 5555 His

367 5584 554 5638 verbis
607 5585 916 5643 deleCtatus
960 5589 1287 5655 Abradatas,
1334 5591 1523 5646 Jovem
1573 5601 1853 5662 precatus,
1885 5603 1945 5646 ut

370 5673 474 5731 sibi
507 5674 685 5743 daret,
722 5690 784 5732 ut
817 5687 876 5734 et
919 5679 1163 5735 Panthiae
1191 5668 1469 5752 conjugio,
1508 5693 1565 5736 et
1601 5682 1725 5753 Cyri
1756 5684 1946 5739 amici-

369 5763 446 5817 tia
474 5764 674 5835 dignus
702 5770 1009 5837 videretur,
1048 5786 1272 5827 currum
1316 5772 1661 5828 conscendit.

2049 4570 2262 4638 μαθὼν
2314 4571 2388 4628 τὰ
2423 4571 2542 4627 τῶν
2593 4552 2920 4643 πολεμίων,
2972 4575 3184 4646 σαφῶς
3231 4576 3427 4648 τιμᾷν.
3506 4580 3641 4636 Ἐπί

2050 4661 2162 4731 γὰρ
2190 4663 2271 4730 τῷ
2292 4664 2554 4735 ἡμετέρῳ
2599 4666 2800 4736 ἀγαθῷ
2836 4668 2934 4723 καὶ
2959 4669 3200 4738 ἀτιμίαν
3249 4671 3511 4742 ὑπέσχε,
3537 4674 3639 4730 και

2050 4753 2509 4812 ἐκινδύνευσεν.
2580 4756 2864 4813 Ἐντεῦθεν
2914 4761 3119 4827 πάντες
3172 4762 3487 4834 ἠσπάζοντο
3546 4769 3639 4819 τὸν

2066 4845 2366 4915 Ἀράσπαν.
2401 4848 2563 4903 Καὶό
2600 4849 2805 4922 Κῦρος,
2845 4852 3070 4924 Διηγοῦ,
3127 4854 3255 4926 ἔφη,
3299 4857 3580 4929 Ἀράσπα·
3611 4864 3639 4914 6

2052 4938 2194 4992 πόσα
2220 4936 2500 5009 δῶρακας.
2557 4943 2825 5008 Κάκεῖνος
2849 4943 3090 5013 διηγεῖτο
3111 4947 3174 4999 τό
3203 4964 3259 5000 τε
3289 4948 3497 5020 πλῆθος
3525 4951 3637 5004 τῶν

2052 5033 2349 5105 πολεμίων,
2381 5036 2478 5087 καὶ
2508 5036 2602 5089 τὸν
2639 5036 2803 5088 τόπον
2831 5037 2931 5107 τῆς
2962 5038 3347 5110 παρατάξεως,
3410 5043 3508 5095 καὶ
3570 5044 3641 5098 τά

2050 5126 2157 5179 τῶν
2208 5126 2469 5180 ἐναντίων
2500 5125 2869 5198 βουλεύματα.
2920 5131 3027 5184 Καὶ
3055 5133 3084 5184 6
3124 5131 3309 5203 Κῦρος
3369 5136 3635 5190 ἀπελθεῖν

2050 5218 2284 5270 ἕκαστον
2316 5217 2597 5285 ἐκέλευσε,
2628 5221 2722 5273 καὶ
2763 5220 2833 5273 τά
2865 5237 2924 5273 τε
2965 5221 3105 5276 ὅπλα
3139 5225 3235 5278 καὶ
3267 5225 3396 5289 τοὺς
3432 5229 3637 5294 ἵππους

2052 5311 2234 5364 αὐτῶν
2262 5311 2693 5382 ἐπισκέψασθαι,
2723 5312 2894 5367 ἕωθεν
2923 5314 2981 5368 δὲ
3018 5316 3153 5386 πρὸς
3198 5317 3441 5387 πόλεμον
3496 5322 3635 5376 ἐοι-

2057 5403 2352 5472 μάσασθαι.
2407 5405 2540 5459 Τότε
2589 5405 2690 5476 μὲν
2724 5402 2819 5460 οὖν
2861 5407 3103 5479 ἀπῆλθον
3130 5426 3144 5440 ·
3199 5412 3264 5482 τῇ
3296 5410 3336 5463 δ
3367 5412 3636 5486 ὑστεραίᾳ.

2053 5495 2410 5561 ἐξωπλίζοντο
2435 5497 2679 5564 ἔκαστοι,
2710 5501 2804 5553 καὶ
2826 5499 2854 5552 6
2880 5500 3216 5573 Ἀϐραδάτας
3235 5504 3430 5576 κλήρῳ
3450 5506 3631 5578 λαχὼν

2051 5589 2233 5654 ἀντίος
2275 5590 2534 5660 τετάχθαι
2582 5595 2697 5657 τοῖς
2748 5595 3090 5664 Αἰγυπτίοις.
3159 5596 3541 5671 Ὀπλιςομένῳ
3570 5599 3624 5652 δὲ

2054 5685 2391 5755 προσῆγενή
2421 5684 2661 5740 Πάνθεια
2707 5686 2945 5760 χρυσοῦν
3000 5689 3202 5758 κράνος
3226 5690 3323 5743 καὶ
3358 5691 3625 5764 περιϐρα-

2053 5776 2231 5846 χιόνια
2286 5776 2378 5830 καὶ
2412 5775 2607 5847 ψέλλια
2649 5780 2777 5851 περὶ
2795 5780 2921 5847 τοὺς
2956 5770 3209 5855 καρποὺς
3239 5781 3352 5839 τῶν
3404 5768 3627 5857 χειρῶν,
