3926 6210
396 329 434 386 2
448 330 510 388 λς)

1684 324 1986 386 ΙΟΑΝΝΙΞ

2090 326 2363 388 οΝΑιιε
3564 305 3667 392 εστ)

403 456 546 511 quos
590 454 780 496 secum
820 437 1054 494 habebat
1103 437 1258 507 sequi
1307 438 1496 508 jussis,
1542 437 1730 493 hostes
1770 454 1799 492 a
1827 447 1982 508 tergo

2090 438 2140 490 δὲ
2170 439 2281 491 τῶν
2307 435 2800 490 συνεισϐαλόντων.
2832 434 2944 489 Καὶ
2964 428 3112 489 οὖτοι
3137 436 3236 506 μὲν
3259 438 3665 512 κατεκόπησαν.

401 547 716 602 aggressus.
761 531 964 585 multos
991 529 1151 584 caedit
1181 546 1194 581 :
1235 543 1346 597 quo
1381 529 1786 594 animadverso,
1819 528 1986 599 Egy-

406 627 502 695 pt-ii
542 632 966 680 convertuntur.
1020 621 1097 675 lta
1151 620 1378 675 confusa
1409 636 1590 690 pugna
1618 623 1796 674 oritur
1825 619 1986 690 equi-

408 729 522 772 tum
571 727 628 771 et
678 715 967 784 peditum:
1010 728 1073 767 ac
1101 711 1325 783 Cyrum,
1360 721 1537 780 equus
1566 725 1594 764 a
1641 711 1988 780 quodamja-

406 815 588 871 conte,
618 807 674 859 in
715 814 908 860 ventre
937 803 1283 865 vulneratus,
1306 801 1590 864 assiliens,
1615 802 1842 855 excutit.
1867 803 1987 865 Quo

407 902 572 962 facto,
625 896 814 950 statim
873 893 1187 949 exclamant
1240 906 1454 953 omnes,
1511 900 1718 944 etcum
1779 891 1986 959 impetu

407 992 554 1043 cient
578 1001 840 1058 pugnam.
877 984 982 1039 Sed
1017 983 1240 1052 quidam
1281 997 1312 1036 e
1341 980 1468 1052 Cyri
1502 981 1788 1043 ministris,
1815 980 1990 1034 domi-

407 1095 541 1134 num
593 1079 649 1132 in
693 1093 855 1133 suum
887 1090 1094 1146 equum
1126 1073 1367 1127 attollit:
1423 1087 1534 1142 quo
1584 1072 1630 1125 is
1663 1086 1984 1137 conscenso,

407 1170 557 1223 videt
588 1169 873 1238 lEgyptios
899 1167 1102 1236 passim
1137 1163 1270 1218 caedi
1297 1180 1312 1216 :
1353 1173 1410 1216 et
1443 1163 1510 1216 ad
1545 1163 1830 1216 machinas
1857 1179 1986 1232 pro-

407 1270 620 1323 vectus,
656 1259 793 1313 turri
823 1270 1148 1320 conscensa,
1197 1254 1460 1324 prospicit
1485 1267 1737 1322 campum
1767 1254 1984 1322 plenum

406 1369 699 1422 equorum,
736 1351 1047 1410 hominum.
1091 1361 1382 1412 curruum,
1410 1346 1761 1416 fugientium,
1797 1361 1986 1415 perse-

406 1444 723 1514 quentium,
757 1441 1124 1504 vincentium,
1148 1439 1442 1502 victorum,
1475 1452 1656 1507 neque
1683 1439 1985 1508 quidquam

407 1534 645 1602 amplius
694 1547 925 1586 cernere
971 1538 1212 1600 poterat,
1271 1529 1420 1598 quod
1480 1541 1744 1592 maneret,
1789 1538 1988 1597 praeter

413 1626 568 1695 162
604 1626 776 1679 aciem
812 1622 1216 1693 Egyptiorum,
1250 1621 1344 1690 qui
1372 1620 1613 1689 undique
1639 1619 1984 1683 circumdati,

407 1717 514 1769 sub
542 1716 753 1786 clypeis
788 1715 1097 1770 sedebant:
1137 1728 1373 1781 cumque
1413 1713 1526 1782 jam
1566 1712 1702 1765 nihil
1734 1720 1981 1781 agerent.

2089 531 2151 581 Οί
2181 529 2238 581 δὲ
2272 529 2482 599 Πέρσαι
2513 526 2994 596 συνεπισπώμενοι
3031 526 3172 597 (99),
3223 528 3356 591 τοὺς
3388 531 3488 599 μὲν
3517 550 3670 586 τετα-

2091 621 2400 689 ραγμένους
2428 619 2540 672 τῶν
2564 618 2884 685 Αἰγυπτίων
2909 618 3168 685 ἐφόνευον
3189 633 3205 649 ’
3240 620 3292 672 οί
3321 619 3380 672 δὲ
3411 637 3668 692 συνεστη-

2089 713 2246 774 κότες
2277 751 2291 774 ,
2348 710 2591 764 ἐναντίον
2645 713 2759 774 τοῖς
2819 710 3057 780 Πέρσαις
3110 711 3377 780 ἐχώρουν,
3429 712 3558 766 ἔνθα
3609 714 3670 785 δὴ

2087 805 2236 874 δεινή
2307 804 2458 873 μάχη
2506 799 2593 874 ἦν.
2647 802 3076 855 Ἐπλεονέκτουν
3131 803 3192 856 δὲ
3248 805 3300 855 οί
3357 805 3666 872 Αἰγύπτιοι,

2089 898 2186 947 καὶ
2247 896 2464 964 πλήθει,
2519 896 2612 946 καὶ
2657 897 2773 955 τοῖς
2820 893 3030 956 ὅπλοις.
3083 895 3148 946 Οί
3199 895 3256 946 δὲ
3315 896 3526 966 Πέρσαι
3571 899 3669 950 οὐκ

2089 986 2354 1056 ἠδύναντο
2417 987 2700 1055 ἀντέχειν.
2770 986 2889 1038 ἀλλ’
2943 985 3039 1038 ἐπὶ
3097 986 3234 1039 πόδα
3301 987 3668 1056 ἀνεχάζοντο,

2091 1079 2346 1137 παίοντες
2398 1079 2493 1130 καὶ
2549 1077 2881 1146 παιόμενοι,
2934 1077 3042 1138 ἓως
3075 1076 3187 1128 ὑπὸ
3238 1079 3358 1138 ταῖς
3402 1083 3672 1148 μηχαναῖς

2091 1173 2362 1238 ἐγένοντο.
2415 1167 2624 1222 Ἐπειδ’
2675 1169 2913 1221 ἐνταῦθα
2965 1164 3151 1238 ἦλθον,
3206 1169 3464 1221 ἐπαίοντο
3515 1167 3672 1234 αὖθις

2087 1264 2138 1314 οἱ
2189 1262 2486 1330 Αίγύπτιοι
2543 1263 2608 1315 ἐκ
2662 1261 2771 1314 τῶν
2819 1261 3068 1328 πύργων.
3103 1256 3214 1313 Ἦν
3242 1262 3301 1314 δὲ
3349 1262 3519 1325 πολὺς
3575 1263 3673 1331 μὲν

2088 1352 2298 1421 ἀνδρῶν
2324 1351 2507 1420 φόνος,
2569 1350 2737 1412 πολὺς
2791 1349 2847 1401 δέ
2892 1349 3099 1410 κτύπος
3149 1347 3354 1412 ὃπλων,
3389 1348 3569 1418 πολλὴ
3619 1351 3672 1402 δὲ

2090 1445 2208 1513 βοή.
2245 1443 2337 1495 Ἐν
2383 1441 2442 1494 δὲ
2487 1440 2664 1508 τούτῳ
2700 1439 2884 1507 Κῦρος
2919 1438 3136 1490 διώκων
3169 1439 3299 1500 τοὺς
3334 1439 3453 1490 κατ’
3485 1438 3672 1501 αὐτὸν,

2089 1532 2480 1602 παραγίνεται.
2519 1532 2631 1584 Kal.
2664 1528 2787 1582 ἰδὼν
2819 1531 2947 1592 τοὺς
2995 1529 3216 1599 Πέρσας
3258 1531 3322 1582 ἐκ
3356 1533 3456 1598 τῆς
3485 1527 3674 1598 χώρας

2089 1626 2423 1692 ἐωσμένους,
2449 1623 2680 1692 ήλγησε,
2708 1622 2801 1674 καὶ
2819 1623 3196 1690 παραγγείλας
3219 1623 3334 1682 τοῖς
3362 1622 3480 1689 μετ’
3503 1622 3670 1672 αὑτοῦ

2089 1712 2342 1774 ἔπεσθαι,
2377 1713 2728 1781 παρήλαυνεν
2763 1714 2842 1774 είς
2877 1711 2948 1778 τά
2977 1711 3225 1775 ὄπισθεν,
3257 1713 3354 1764 καὶ
3385 1713 3672 1764 εἰσπεσόνι

409 1809 578 1861 multa
599 1772 820 1862 acerba
871 1804 1326 1874 perpetiebantur
1355 1842 1370 1857 .
1421 1803 1648 1856 Miratus
1705 1803 1888 1872 igitur,
1929 1813 1984 1857 et

2090 1821 2196 1867 τες,
2223 1804 2449 1866 πολλοὺς
2472 1806 2818 1857 κατέκαινον.
2853 1805 2938 1868 Ὡς
2961 1803 3008 1856 δ’
3033 1803 3263 1875 ᾔσθοντο
3281 1805 3331 1856 οἱ
3357 1804 3674 1870 Αἰγύπτιοι,

410 1899 672 1952 misertus
701 1911 918 1958 eorum,
977 1895 1122 1964 quod
1151 1894 1253 1946 viri
1292 1896 1464 1948 fortes
1511 1893 1820 1958 interirent,
1855 1909 1987 1948 suos

410 2000 438 2034 a
475 1998 657 2053 pugna
709 1983 955 2045 cohibet,
1006 1998 1075 2036 ac
1124 1981 1471 2051 praeconibus
1520 1983 1762 2036 dimissis
1811 1992 1984 2051 rogat.

412 2090 542 2127 num
585 2073 765 2143 perire
795 2074 1007 2136 malint,
1033 2088 1103 2126 an
1133 2074 1472 2127 conservari.
1497 2072 1569 2126 lis
1589 2073 1985 2141 quaerentibus,

411 2183 518 2234 qua
553 2165 808 2220 mercede
839 2166 1070 2219 salutem
1115 2165 1388 2219 redimere
1432 2166 1701 2232 possunt?
1743 2165 1990 2233 Respon—

411 2258 502 2310 det
528 2257 723 2327 Cyrus,
749 2257 794 2310 si
821 2269 972 2332 qma
1008 2255 1111 2309 sibi
1145 2255 1442 2317 traderent,
1471 2255 1564 2323 qui
1593 2269 1716 2309 cum
1743 2271 1840 2309 eos
1861 2270 1986 2324 per-

411 2347 541 2401 dere
567 2358 773 2416 posset,
827 2354 1187 2400 conservatos
1219 2346 1405 2398 mallet
1431 2361 1446 2400 :
1486 2359 1596 2414 quo
1623 2344 1857 2415 Egyptii
1881 2360 1986 2399 au-

413 2439 549 2502 dito,
581 2438 740 2491 tidem
766 2438 1042 2491 dederunt
1086 2445 1144 2492 et
1200 2448 1549 2506 acceperunt.
1580 2437 1676 2494 liis
1703 2439 1867 2493 rebus
1893 2453 1988 2510 ge-

411 2531 532 2592 stis,
560 2528 735 2599 Cyrus
774 2531 884 2599 jam
919 2529 1162 2584 tenebris
1191 2529 1424 2595 obortis,
1465 2530 1696 2586 reducto
1717 2533 1984 2595 exercitu,

413 2620 467 2671 in
509 2629 688 2672 castra
739 2635 797 2674 se
839 2621 1063 2689 recipit,
1119 2619 1567 2696 milites/ctenati
1603 2635 1855 2674 somnum
1895 2635 1986 2676 ca-

413 2710 594 2777 piunt.
636 2707 836 2764 Verum
871 2709 1098 2766 Croesus
1123 2726 1247 2765 cum
1291 2711 1534 2782 e’xercitu
1571 2713 1754 2766 statim
1784 2712 1987 2768 Sardes

412 2798 588 2867 fugit:
629 2808 840 2856 caeteras
882 2810 1078 2871 gentes
1120 2809 1310 2866 noctu,
1337 2816 1446 2870 quo
1489 2816 1718 2872 quaeque
1749 2811 1984 2872 poterat,

411 2890 687 2943 abierunt.

2086 1895 2435 1961 ἐστρέφοντο,
2488 1897 2580 1947 καὶ
2634 1895 2846 1965 φύρδην
2901 1896 3170 1965 ἐμάχοντο
3225 1896 3319 1948 καὶ
3373 1896 3540 1958 πεζοὶ
3586 1899 3673 1948 καὶ

2087 1987 2298 2048 ἱππεῖς.
2351 1987 2668 2049 Πεπτωκὼς
2698 1987 2754 2038 δέ
2787 2005 2870 2049 τις
2905 1989 3010 2041 ὑπὸ
3039 1989 3132 2040 τοῦ
3167 1988 3377 2058 Κύρου,
3424 1989 3527 2040 καὶ
3575 2005 3673 2040 παι

2086 2077 2372 2145 τούμενος,
2428 2079 2582 2130 παίει
2641 2078 2888 2148 μαχαίρᾳ
2935 2079 3076 2134 κατὰ
3133 2078 3233 2148 τὴν
3290 2079 3544 2146 γαστέρα
3593 2078 3674 2130 τὸν

2089 2167 2257 2223 ἵππον
2286 2169 2475 2222 αὑτοῦ.
2518 2170 2578 2223 ’0
2603 2169 2660 2222 δὲ
2688 2171 2855 2232 ἵππος
2886 2171 2950 2222 ἐκ
2979 2169 3077 2239 τῆς
3107 2169 3325 2238 πληγῆς
3356 2167 3675 2237 σφαδάζων,

2091 2260 2408 2314 ἀποσείεται
2453 2261 2544 2314 τὸν
2580 2261 2760 2330 Κῦρον
2793 2277 2806 2291 ο
2840 2265 2937 2315 καὶ
2966 2261 3127 2321 εὐθὺς
3155 2261 3462 2329 ἀνεϐόησαν
3493 2261 3674 2314 ᾶπαν-

2089 2367 2204 2416 τες,
2235 2355 2330 2404 καὶ
2362 2355 2768 2423 προσπεσόντες
2827 2354 3116 2423 ἐμάχοντο.
3169 2352 3277 2404 Καί
3321 2367 3404 2413 τις
3442 2351 3566 2402 τῶν
3587 2349 3678 2402 τοῦ

2093 2442 2278 2512 Κύρου
2337 2443 2630 2512 ὑπηρετῶν
2675 2443 3095 2514 καταπηδήσας,
3154 2442 3452 2497 ἀναϐάλλει
3511 2440 3678 2494 αὐτὸν

2092 2534 2187 2587 ἐπὶ
2233 2535 2326 2587 τὸν
2365 2533 2558 2587 ἑαυτοῦ
2600 2535 2787 2590 ἵππον.
2831 2535 2922 2597 Ὠς
2950 2534 2996 2587 δ’
3032 2535 3224 2603 ἀνέϐη,
3260 2533 3475 2586 κατεῖδε
3541 2549 3677 2585 παν·-

2089 2624 2244 2676 τόθεν
2284 2625 2385 2694 ἤδη
2438 2625 2766 2694 παιομένους
2797 2626 2926 2689 τοὺς
2948 2625 3299 2693 Αἰγυπτίους.
3347 2622 3437 2685 Ὠς
3473 2623 3528 2674 δ’
3558 2621 3678 2688 ἐγέ-

2089 2731 2210 2767 νετο
2238 2715 2593 2785 παρελαύνων
2637 2717 2787 2787 παρὰ
2833 2716 2932 2779 τὰς
2968 2716 3242 2787 μηχανὰς,
3297 2713 3389 2766 ἐπί
3418 2729 3551 2766 τινα
3573 2711 3676 2764 τῶν

2089 2806 2528 2878 πύργωνάνέση,
2560 2810 2654 2861 καὶ
2691 2808 2905 2862 κατεῖδε
2943 2809 3143 2878 μεστὸν
3168 2808 3228 2859 τὸ
3255 2805 3439 2858 πεδίον
3459 2806 3676 2862 ἵππων,

2088 2896 2418 2966 ἀνθρώπων.
2453 2900 2741 2969 ἁρμάτων,
2784 2899 3126 2966 φευγόντων,
3165 2895 3504 2957 διωκόντων,
3540 2908 3676 2962 κρα-

410 2983 664 3048 τούντων,
694 2984 1106 3055 κρατουμένων,
1167 2983 1330 3049 μένον
1378 2984 1434 3037 δὲ
1461 2984 1699 3054 οὐδαμοῦ
1756 2985 1907 3039 οὐδὲν
1943 2985 2023 3039 ἔτι
2066 2989 2193 3042 ἰδεῖν
2255 2991 2510 3059 ἠδύνατο,
2557 2991 2696 3060 πλὴν
2743 2991 2805 3042 τὸ
2853 2989 2962 3042 τῶν
3007 2988 3342 3056 Αἰγυπτίων.
3388 2977 3562 3038 Οὗτοι
3621 2981 3678 3034 δὲ

411 3075 676 3127 παντὸθεν
714 3075 1086 3138 κυκλωθέντες
1120 3077 1225 3130 ὑπὸ
1253 3079 1374 3139 ταῖς
1408 3077 1634 3129 ἀσπίσιν
1683 3077 1976 3147 ἐκάθηντο,
2016 3081 2300 3144 ποιοῦντες
2349 3083 2446 3150 μὲν
2494 3083 2648 3135 οὐδὲν
2693 3083 2796 3145 ἔτι,
2848 3083 3149 3150 πάσχοντες
3203 3079 3263 3132 δὲ
3331 3077 3512 3130 πολλὰ
3587 3078 3679 3130 καὶ

409 3166 576 3220 δεινά.
609 3165 899 3234 Ἀγασθεὶς
937 3165 994 3218 δὲ
1027 3167 1056 3218 ὁ
1086 3167 1266 3236 Κῦρος
1298 3167 1516 3231 αὐτοὺς,
1551 3168 1646 3220 καὶ
1671 3168 1981 3238 οίκτείρων,
2021 3173 2104 3223 ὅτι
2168 3173 2363 3242 ἄνδρες
2393 3174 2594 3241 ἀγαθοὶ
2619 3173 2770 3236 ὄντες
2801 3173 3141 3236 ἀπόλλοιντο,
3176 3168 3448 3241 μάχεσθαι
3480 3168 3680 3222 οὐδένα

407 3260 492 3315 ίἔτι
543 3261 624 3312 εἴα
675 3261 878 3322 αὐτοῖς.
943 3259 1417 3329 Διακηρυκεύεται
1476 3261 1532 3314 δὲ
1588 3261 1726 3332 πρὸς
1782 3263 1979 3326 αὐτοὺς
2019 3264 2261 3334 ἐρωτῶν,
2316 3267 2546 3336 πότερον
2635 3267 2916 3337 βούλονται
2964 3263 3264 3320 ἀπολέσθαι
3315 3263 3555 3329 πάντες,
3646 3261 3679 3331 ἢ

415 3352 674 3419 σωθῆναι.
719 3353 780 3403 Οἱ
822 3352 875 3403 δὲ
923 3352 1007 3404 ὅτι
1053 3351 1215 3404 καλὸν
1245 3350 1309 3405 ἂν
1343 3352 1626 3416 ποιοῦντες
1659 3353 1986 3422 σωθείημεν,
2028 3354 2258 3423 ἔφασαν.
2307 3358 2415 3411 Καὶ
2477 3358 2506 3408 ὁ
2542 3356 2745 3430 Κῦρος,
2776 3359 2826 3410 εἰ
2853 3357 2922 3412 τὰ
2949 3355 3088 3410 ὅπλα
3152 3355 3286 3424 ἡμῖν
3330 3354 3676 3425 παραδοίητε

410 3447 521 3506 τοῖς
553 3445 899 3514 αἱρουμένοις
923 3445 1067 3514 ὑμᾶς
1098 3444 1292 3510 σῶσαι,
1326 3446 1447 3510 ἐξὸν
1502 3447 1788 3501 ἀπολέσαι.
1863 3449 2220 3514 Ἀκούσαντες
2279 3452 2337 3505 δὲ
2379 3452 2552 3505 ταῦτα
2585 3455 2636 3504 οἱ
2675 3450 2988 3518 Αἰγύπτιοι,
3037 3447 3232 3500 έδοσαν
3277 3447 3521 3508 πίστεις,
3581 3447 3678 3498 καὶ

413 3537 623 3590 ελαϐον.
648 3537 832 3588 Ταῦτα
853 3535 1297 3606 διαπραξάμενος
1319 3538 1348 3590 ὁ
1373 3537 1577 3608 Κῦρος.
1607 3539 1705 3608 ἤδη
1765 3543 2015 3602 σκοταῖος
2054 3542 2366 3610 ἀναγαγὼν,
2440 3541 2998 3613 ἐστρατοπεδεύσατο,
3029 3539 3124 3592 καὶ
3158 3538 3209 3590 0i
3241 3538 3388 3607 ἀμφὶ
3427 3538 3530 3592 τὸν
3564 3537 3677 3592 Κῦ-

413 3651 504 3703 ρον
536 3632 926 3703 δειπνήσαντες
967 3629 1364 3700 ἐκοιμήθησαν.
1437 3634 1671 3702 Κροῖσος
1742 3635 1925 3703 μέντοι
1999 3635 2158 3698 εὐθὺς
2227 3639 2320 3690 ἐπὶ
2367 3639 2587 3706 Σάρδεις
2641 3639 2738 3691 σὺν
2789 3637 2868 3707 τῷ
2910 3635 3284 3707 στρατεύματι
3350 3635 3684 3704 ἔφευγε,τά

410 3727 455 3779 δ’
478 3728 610 3780 ἄλλα
637 3723 778 3792 φύλα
802 3725 858 3776 ἐν
886 3727 951 3795 τῇ
986 3728 1160 3790 νυκτὶ,
1196 3727 1302 3794 ὅπη
1327 3726 1614 3792 ἠδύναντο,
1641 3727 1981 3795 ἀπεχώρουν.

480 3819 670 3876 XXIII.
725 3816 880 3871 Mane
934 3816 1111 3886 Cyrus
1162 3831 1358 3870 versus
1403 3817 1605 3872 Sardes
1645 3817 1816 3872 ducit.
1849 3817 1985 3872 Cum

2162 3817 2289 3872 Kl".
2327 3818 2541 3871 Ἔωθεν
2571 3819 2626 3871 δὲ
2684 3819 2769 3871 ἐπὶ
2811 3817 3055 3886 Σάρδεις,
3102 3817 3198 3870 καὶ
3244 3819 3273 3870 ό
3330 3817 3524 3887 Κῦρος
3553 3815 3679 3890 ἦγεο

412 3912 606 3966 urbem
654 3909 949 3978 attigisset,
997 3908 1280 3963 machinas
1325 3907 1508 3978 erigit,
1561 3909 1736 3962 scalas
1759 3908 1983 3978 profert.

413 4004 664 4058 Insecuta
687 4007 850 4054 nocte
875 3998 1160 4056 Chaldaeos
1188 4008 1246 4054 et
1272 3999 1466 4054 Persas
1493 3998 1720 4052 adducit
1744 3999 1810 4052 ad
1849 4015 1987 4068 prae--

410 4095 789 4166 ruptissimam
856 4102 1067 4162 petram
1120 4091 1516 4162 prOpugnaculi
1567 4090 1984 4152 Sardianorum,

409 4191 496 4243 via
522 4195 824 4242 monstrata
852 4201 951 4256 per
975 4185 1267 4255 quemdam
1301 4184 1546 4248 Persam,
1579 4185 1672 4252 qui
1702 4185 1984 4254 cujusdam

409 4296 477 4336 ex
517 4282 662 4336 arcis
704 4278 990 4335 Sardianae
1018 4277 1344 4332 custodibus
1375 4291 1570 4333 servus
1617 4275 1815 4332 fuerat.
1847 4279 1987 4330 Arce

409 4379 695 4440 occupata,
741 4367 876 4439 Lydi
913 4367 1116 4424 mmnia
1164 4367 1449 4423 deserunt.
1493 4367 1668 4437 Cyrus
1716 4375 1836 4420 orta
1866 4367 1987 4420 luce

411 4464 605 4515 urbem
632 4460 961 4531 ingreditur,
995 4470 1162 4531 atque
1187 4460 1376 4522 edicit,
1399 4475 1469 4515 ne
1495 4461 1618 4528 quis
1639 4459 1811 4513 aciem
1835 4458 1992 4513 desc-

413 4561 515 4604 rat.
544 4552 769 4606 Croesus
804 4561 989 4606 autem
1021 4553 1078 4606 in
1109 4552 1256 4622 regia
1306 4553 1622 4611 conclusus.
1673 4550 1871 4620 Cyrum
1900 4550 1985 4603 in-

413 4647 646 4696 clamat:
689 4643 781 4710 qui
819 4642 1104 4696 nonnullis
1130 4642 1196 4696 ad
1225 4642 1375 4696 illius
1407 4641 1714 4695 custodiam
1750 4642 1984 4703 relictis,

412 4745 464 4788 et
505 4735 618 4788 suis
672 4734 726 4788 in
781 4744 959 4788 castra
1009 4732 1283 4792 deductis,
1332 4732 1403 4786 ad
1441 4732 1594 4784 illum
1658 4731 1838 4785 redit:
1879 4748 1989 4800 quo

412 4827 530 4880 viso
554 4825 815 4881 Crmsus:
857 4821 1038 4887 Salve,
1068 4823 1268 4893 inquit,
1301 4822 1545 4876 Domine.
1577 4824 1643 4874 Et
1676 4834 1750 4887 tu,
1793 4823 1992 4890 (ἔναιε,

415 4919 592 4987 inquit
628 4917 823 4986 Cyrus.
871 4915 1082 4980 Verum,
1132 4916 1369 4986 nunquid
1437 4915 1643 4969 consilii
1694 4917 1819 4970 milii
1860 4917 1990 4970 dare

411 5012 578 5066 retis?
617 5010 802 5079 lnquit
833 5009 944 5074 ille,
992 5008 1148 5063 Modo
1183 5010 1395 5078 possint.
1427 5007 1565 5061 Tum
1601 5007 1811 5077 Cyrus:
1856 5008 1991 5061 Mili-

414 5112 490 5155 tes
519 5118 681 5164 meos,
715 5101 917 5170 inquit,
950 5098 1150 5162 Cresae,
1195 5100 1463 5170 fatigatos,
1504 5107 1554 5150 et
1579 5083 1819 5166 plurimis
1845 5101 1985 5167 peri-

411 5193 541 5247 culis
569 5193 859 5261 defunctos,
895 5201 1052 5262 capta
1084 5192 1212 5244 urbe
1237 5200 1350 5259 post
1391 5189 1712 5260 Babylonem
1761 5193 1988 5245 Asiana-

411 5301 530 5338 rum
553 5283 973 5356 opulentissima,
1020 5299 1167 5354 spem
1193 5283 1383 5336 habere
1418 5284 1564 5336 video
1611 5282 1985 5337 emolumento—

411 5394 551 5430 rum.
609 5375 721 5446 Ego
768 5392 889 5430 vero
937 5377 1032 5429 etsi
1091 5391 1175 5428 eos
1221 5377 1550 5428 remunerari
1595 5377 1766 5445 cupio,
1809 5385 1988 5428 tamen

411 5470 588 5520 urbem
623 5467 970 5537 diripiendam
1022 5482 1126 5520 non
1173 5465 1324 5520 dabo.
1369 5465 1449 5520 Ad
1481 5466 1596 5520 haec
1634 5465 1894 5520 Crwsus:
1927 5465 1986 5520 Si

2014 5159 2065 5217 D

2091 3910 2186 3960 καὶ
2219 3908 2356 3977 πρὸς
2385 3910 2452 3978 τῇ
2486 3908 2639 3959 πόλει
2679 3907 2996 3976 γενόμενος,
3046 3907 3146 3969 τάς
3170 3923 3232 3959 τε
3261 3907 3522 3976 μηχανὰς
3565 3909 3681 3962 ἀνί-

2091 4016 2211 4068 στη,
2237 3999 2330 4052 καὶ
2355 3997 2623 4068 ἡτοίμαζε
2649 3997 2948 4066 κλίμακας.
2977 3999 3088 4068 Τῆς
3113 3999 3160 4052 δ’
3182 4000 3448 4068 ἐπιούσης
3476 4005 3683 4067 νυκτὸς

2090 4089 2416 4153 ἀναϐιϐάζει
2446 4090 2754 4153 Χαλδαίους
2795 4107 2853 4143 τε
2889 4091 2983 4143 καὶ
3018 4091 3236 4161 Πέρσας
3262 4071 3409 4149 κᾶτά
3438 4099 3514 4149 τὰ
3543 4097 3684 4150 ἀπο-

2089 4183 2359 4250 τομότατα
2388 4182 2654 4235 δοκοῦντα
2692 4179 2836 4237 εῖναι
2873 4183 2970 4237 τοῦ
3016 4186 3333 4255 Σαρδιανῶν
3367 4189 3678 4259 ἐρύματος.

2104 4273 2380 4342 Ἡγήσατο
2405 4273 2462 4326 δὲ
2493 4274 2592 4342 τῆς
2621 4274 2741 4328 όδοῦ
2784 4276 2997 4339 τούτοις
3029 4278 3248 4351 Πέρσης
3283 4282 3449 4350 ἀνὴρ,
3486 4283 3683 4344 δοῦλος

2090 4363 2197 4416 τῶν
2249 4367 2307 4416 ἐν
2358 4367 2423 4434 τῇ
2484 4365 2783 4434 ἀκροπόλει
2841 4368 3096 4438 φρουρῶν
3133 4371 3273 4432 ἑνός.
3336 4370 3423 4432 Ὠς
3485 4371 3551 4423 δὲ
3614 4373 3685 4424 τά

2092 4455 2240 4526 ἄκρα
2287 4457 2486 4526 εἴχετο,
2547 4457 2782 4526 ἔφευγον
2835 4461 2888 4512 οἱ
2933 4462 3100 4514 Λυδοὶ
3149 4463 3258 4515 ἀπὸ
3289 4464 3396 4516 τῶν
3448 4466 3680 4536 τειχῶν.

2091 4549 2274 4620 Κῦρος
2330 4550 2387 4602 δὲ
2443 4549 2561 4619 ἅμα
2613 4553 2680 4619 τῇ
2743 4552 2926 4622 ἡμέρα
2977 4554 3154 4624 εἰσῄει
3201 4555 3281 4617 ei;
3333 4555 3432 4626 τὴν
3491 4559 3681 4621 πόλιν,

2091 4639 2470 4707 παραγγείλας
2501 4642 2566 4692 ὲκ
2613 4643 2714 4710 τῆς
2749 4642 2959 4706 τάξεως
3011 4645 3220 4714 μηδένα
3271 4650 3572 4703 κινεῖσθαι.
3623 4651 3683 4702 ὐ

2090 4728 2144 4779 δὲ
2203 4731 2433 4799 Κροῖσος
2485 4731 2994 4802 κατακλεισάμενος
3063 4737 3121 4787 ἐν
3173 4738 3288 4799 τοῖς
3348 4738 3682 4807 βασιλείοις,

2094 4820 2276 4889 Κῦρον
2317 4822 2474 4875 ἐϐόα.
2538 4823 2596 4874 Ὀ
2627 4823 2684 4875 δὲ
2724 4823 2904 4893 Κῦρος
2941 4824 3036 4878 τοῦ
3069 4827 3169 4894 μὲν
3215 4829 3454 4896 Κροίσου
3505 4835 3685 4883 κατέ-

2092 4913 2215 4963 λιπε
2245 4912 2494 4979 φύλακας
2513 4930 2527 4944 ·
2555 4915 3176 4984 καταστρατοπεδεύσας
3205 4918 3264 4970 δέ
3291 4921 3418 4983 τοὺς
3447 4921 3684 4990 ἑαυτοῦ,

2091 5005 2258 5075 ἀπῄει
2302 5008 2437 5072 πρὸς
2496 5008 2751 5077 Κροῖσον.
2791 5009 2903 5061 Καὶ
2955 5009 3078 5062 ἰδὼν
3113 5010 3276 5064 αὑτὸν
3329 5014 3357 5064 ὁ
3410 5015 3684 5083 Κροῖσος,

2093 5099 2286 5166 Χαῖρε,
2310 5095 2358 5152 ὦ
2377 5097 2668 5162 Δέσποτα,
2700 5099 2827 5170 ἔφη.
2867 5101 2972 5154 Καὶ
3003 5105 3084 5155 σύ
3114 5119 3199 5171 γε,
3229 5106 3257 5156 ό
3287 5104 3472 5173 Κῦρος
3495 5100 3687 5167 εἶπεν,

2093 5185 2138 5243 ὦ
2171 5189 2388 5257 Κροῖσε
2417 5205 2429 5219 ·
2463 5189 2612 5258 ἀτὰρ
2638 5189 2954 5257 ἐθελήσεις
2985 5192 3064 5246 ἂν
3086 5195 3557 5261 συμϐουλεῦσαι
3582 5214 3684 5265 μοι

2095 5281 2172 5334 ἂν
2208 5288 2303 5344 τι;
2349 5281 2690 5350 Βουλοίμην
2717 5281 2812 5345 ἂν,
2846 5283 2972 5354 ἔφη,
3003 5279 3049 5338 ὦ
3082 5285 3256 5352 Κῦρε.
3299 5286 3496 5339 Τοίνυν
3536 5287 3686 5354 ἐγὼ,

2097 5374 2336 5442 Κροῖσε,
2396 5375 2537 5441 τοὺς
2587 5375 2952 5442 στρατιώτας
3007 5375 3162 5445 ὁρῶν
3228 5380 3688 5445 πεπονηκότας,

2097 5465 2189 5519 καί
2227 5465 2485 5520 πλεῖστα
2522 5466 3086 5534 κεκινδυνευκότας,
3127 5467 3223 5521 καί
3263 5465 3381 5522 νῦν
3414 5467 3688 5539 νομίζον-

1557 5617 1763 5681 l'ariaa
1803 5616 2112 5682 lectiones
2157 5629 2216 5682 et
2263 5631 2454 5685 nota}.

486 5743 598 5813 (99)
648 5741 1204 5816 Συνεπισπώμενοι.
1258 5742 1393 5798 Cod.
1452 5740 1606 5797 Colb.
1666 5739 2069 5809 ἐπισπώμενοι.
2099 5740 2186 5796 W.
