3958 6204
443 346 548 407 303

1695 332 2019 397 JOANNIS
2059 329 2380 393 ZONARIE
3546 334 3638 396 3M

443 453 727 516 instruxit,
785 459 843 506 et
893 449 1154 504 omnibus
1191 446 1366 502 sociis
1412 445 1618 502 multos
1674 445 2017 514 captivorum

2126 442 2161 494 5‘
2183 445 2212 496 δ
2246 444 2429 514 Κῦρος
2459 443 2558 514 τὴν
2585 444 2680 496 ἐπὶ
2701 439 3001 495 Βαϐυλῶνα
3031 442 3418 514 κατεστρέψατο
3445 445 3641 514 Φρύγας

439 559 614 613 equos
647 541 933 596 distribuit
963 549 1021 594 et
1065 539 1256 594 multis
1285 537 1590 607 equitibus,
1623 536 1812 592 multis
1841 533 2010 604 sagit-

443 635 598 688 tariis
619 643 678 687 et
704 630 1038 693 ferentariis,
1081 628 1240 699 164
1267 643 1333 682 ac
1361 625 1742 681 funditoribus
1765 629 2014 678 innume-

443 723 710 779 rabilibus
736 721 1066 792 Babylonem
1094 719 1366 778 adductis.
1395 717 1587 771 urbem
1615 713 2012 785 copiisringit:

442 826 499 868 et
549 827 678 868 cum
731 810 1078 880 principibus
1130 819 1296 878 atque
1331 808 1522 863 amicis
1540 810 1744 862 muenia
1767 815 2018 861 contem-

443 907 648 976 platus.
705 901 926 957 adducit
965 899 1274 956 exercitum
1300 937 1316 963 ,
1355 910 1414 955 et
1445 899 1654 954 circum
1693 897 1890 953 urbem
1922 911 2018 952 ca—

444 1007 553 1052 stra
579 997 746 1050 locat.
786 993 923 1050 Cum
959 1003 1144 1048 autem
1176 992 1407 1047 vidisset
1447 990 1655 1046 ﬂumen
1688 990 2016 1062 Babylonem

446 1086 718 1157 perﬂuere
755 1083 1017 1145 mediam,
1075 1082 1308 1137 consilio
1333 1095 1434 1136 suo
1464 1095 1590 1135 cum
1623 1079 1842 1134 nemine
1868 1092 2021 1134 com-

446 1176 728 1228 municato
749 1212 765 1238 ,
804 1182 992 1228 castra
1023 1171 1169 1242 cingi
1196 1171 1358 1242 jubet
1388 1171 1534 1225 fossa
1571 1171 1680 1225 lata
1707 1177 1764 1225 et
1792 1169 2021 1240 profun-

446 1265 671 1320 dissima
695 1307 709 1328 ,
743 1265 974 1318 forsitan
1010 1276 1071 1318 ut
1105 1265 1430 1320 custodibus
1457 1279 1623 1334 quam
1665 1264 2017 1335 paucissimis

444 1365 592 1412 esset
637 1371 792 1424 opus.
843 1354 905 1408 Ei
945 1355 1100 1424 operi
1142 1356 1348 1414 milites
1397 1355 1631 1420 intenti,
1675 1354 1940 1410 mediocri
1986 1370 2018 1409 ο

446 1448 671 1503 nurnine
714 1447 892 1516 spatio
923 1446 1174 1511 fodiunt,
1231 1455 1586 1516 egestamque
1618 1446 1846 1500 humum
1894 1460 2021 1498 ver-

445 1553 540 1593 sus
565 1547 743 1590 castra
765 1536 1088 1607 conjiciunt.
1110 1535 1548 1606 Babyloniigvero
1568 1536 1897 1591 deridebant
1916 1536 2021 1590 ob-

444 1629 716 1684 sidionem
742 1667 774 1699 ,'
806 1638 865 1682 ut
916 1628 1011 1698 qui
1042 1627 1282 1697 amplius
1325 1626 1518 1697 viginti
1553 1642 1826 1682 annorum
1865 1643 2021 1682 com-

2119 537 2243 598 τοὺς
2271 537 2331 589 ὲν
2362 537 2430 606 τῇ
2465 534 2678 606 μεγάλῃ
2707 532 2937 604 Φρυγίᾳ.
2971 533 3378 603 Καταστρέψατο
3407 533 3460 587 δὲ
3505 537 3642 589 Καπ-

2119 625 2381 689 παδόκας,
2439 624 2788 695 ὑποχειρίους
2820 623 2877 676 δὲ
2913 623 3207 693 εποιήσατο
3255 625 3543 694 Ἀραϐίους,
3569 630 3643 694 ἱξ-

2118 714 2328 768 ὡπλισε
2373 714 2431 769 δὲ
2465 715 2574 768 ἀπὸ
2609 714 2829 769 πάντων
2855 714 3063 768 τούτων
3089 714 3307 785 Περσῶν
3345 716 3438 785 μὲν
3473 719 3646 782 ἱππέας

2117 807 2178 860 ού
2213 808 2365 877 μεῖον
2389 806 2887 878 τετρακισμυρίων,
2924 807 3021 859 καὶ
3051 807 3184 860 πᾶσι
3215 805 3272 858 δὲ
3298 809 3404 868 τοῖς
3455 811 3648 877 συμμάο

2118 912 2234 966 χοις
2291 897 2494 958 ἵππους
2531 894 2762 958 πολλοὺς
2821 895 2930 948 τῶν
2990 895 3352 966 αἰχμαλώτων
3401 896 3649 953 διέδωκεν.

2131 985 2387 1054 ’Δφίκετο
2413 987 2600 1056 μέντοι
2645 985 2782 1055 πρὸς
2833 985 3155 1048 Βαϐυλῶνα,
3191 985 3414 1048 πολλοὺς
3449 986 3540 1055 μὲν
3578 989 3652 1040 ίπ-

2119 1077 2255 1139 πέας
2277 1075 2450 1144 άγων,
2473 1076 2858 1144 παμπόλλλους
2885 1076 2943 1130 δὲ
2973 1076 3193 1142 τοξότας
3220 1077 3315 1130 καὶ
3342 1078 3654 1145 ἀκοντιστὰς,

2121 1168 2482 1238 σφενδονήτας
2534 1169 2592 1222 δὲ
2639 1169 3003 1239 ἀναρίθμους.
3054 1170 3218 1222 Ἐπεὶ
3259 1170 3364 1223 δ’έν
3407 1171 3657 1224 Βαϐυλῶνι

2120 1260 2358 1328 ἐγένετο,
2411 1260 2740 1332 περιίστησε
2777 1261 2878 1328 μὲν
2928 1261 3028 1332 τὴν
3083 1261 3360 1332 στρατιάν.
3420 1263 3577 1322 Δύτὺς
3619 1263 3656 1314 δ’

2119 1350 2290 1405 ἐπιὼν
2320 1351 2418 1406 σὺν
2468 1354 2580 1414 τοῖς
2641 1353 2870 1423 ἄρχουσι
2917 1352 3026 1405 τῶν
3093 1352 3396 1422 συμμάχων
3450 1353 3658 1416 καὶτοῖς

2121 1445 2298 1512 φίλοις
2330 1445 2633 1505 κατεθεᾶτο
2658 1449 2726 1499 τὰ
2756 1446 2933 1517 τείχη.
2959 1443 3092 1499 Εῐτα
3113 1448 3362 1516 ἰπήγαγε
3391 1447 3486 1516 τὴν
3513 1462 3659 1515 στρα-

2119 1538 2266 1604 τιὰν,
2309 1539 2407 1592 καὶ⁸
2458 1539 2592 1609 περὶ
2617 1539 2717 1609 τὴν
2747 1539 2905 1592 πόλιν
2947 1539 3494 1610 ἐστρατοπεδεύσατο.
3533 1538 3661 1590 ’ἰδὼν

2119 1633 2178 1685 δὲ
2195 1633 2287 1684 τὸν
2320 1634 2440 1686 ἐκεῖ
2481 1633 2728 1702 ποταμὸν
2763 1633 2916 1686 ἔνδον
2942 1633 3044 1703 τῆς
3068 1633 3387 1695 Βαϐυλῶνος
3413 1632 3661 1703 εἰσρέοντα

445 1727 686 1772 meatum
755 1717 1045 1772 haberent.
1121 1718 1286 1773 Fossa
1331 1717 1444 1788 jam
1512 1718 1792 1783 absoluta,
1843 1719 2020 1790 Cyrus

2126 1725 2218 1776 καὶ
2243 1722 2414 1793 μέσην
2433 1723 2637 1777 διῖὁντα
2655 1725 2754 1792 τὴν
2802 1723 2981 1788 πόλιν,
3010 1724 3192 1777 οὐδενὶ
3221 1724 3319 1794 μὲν
3345 1724 3404 1776 τὺ
3423 1725 3662 1794 βούλευμα

444 1811 738 1864 observato
779 1819 1027 1879 tempore
1073 1823 1185 1879 quo
1217 1784 1550 1880 Babylonios
1575 1824 1673 1879 per
1701 1784 1987 1864 totamvno

2126 1784 2426 1884 ἰξεκάλυύιε
2451 1831 2466 1846 ·
2513 1784 2722 1887 τάφρον
2775 1816 2819 1870 δ’
2870 1784 3163 1870 έκέλευσεν
3195 1784 3446 1887 ὀρύσσειν
3477 1784 3666 1885 περὶ-τὸ

445 1914 587 1956 ctem
625 1913 814 1971 potare
849 1912 905 1956 et
941 1901 1238 1956 comessari
1278 1909 1638 1971 cognoverat,
1669 1899 1870 1956 fossam
1896 1916 2019 1956 ver-

446 2010 542 2048 sus
570 1994 798 2047 ﬂuvium
827 1993 897 2061 (is
923 1991 1236 2062 Euphrates
1273 2001 1378 2056 est,
1415 2001 1476 2046 ut
1498 1990 1812 2047 Herodotus
1835 1990 2024 2062 tradit)

447 2085 668 2154 aperuit
701 2100 714 2136 :
750 2098 1006 2152 aquaque
1042 2085 1097 2138 in
1143 2098 1265 2138 eam
1297 2093 1469 2139 noctu
1507 2075 1781 2150 traducta,
1818 2084 2024 2140 factum

445 2183 553 2238 est.
587 2185 646 2229 ut
668 2175 857 2228 alveus
885 2173 1130 2228 ﬂuminis
1171 2175 1226 2228 in
1254 2175 1392 2229 urbe
1427 2175 1498 2229 ab
1529 2175 1848 2231 hominibus
1873 2188 2026 2232 tran-

446 2269 546 2322 siri
602 2275 806 2338 posset.
853 2267 1010 2321 Tunc
1057 2267 1227 2337 igitur
1275 2267 1558 2323 ministros
1595 2277 1654 2324 et
1697 2269 1914 2339 pedites
1968 2278 2026 2324 et

451 2359 673 2428 equites
706 2357 905 2412 vadum
940 2355 1240 2425 periclitari
1267 2357 1454 2426 jussit,
1483 2367 1651 2424 atque
1677 2358 1888 2413 interea
1920 2359 2026 2414 du-

449 2463 545 2505 ces
593 2445 965 2503 multitudinis
995 2445 1064 2502 ad
1102 2459 1217 2501 rem
1261 2445 1652 2517 capessendam
1682 2447 2024 2512 exhortatus,

451 2558 601 2597 arma
632 2557 851 2611 capere,
881 2555 947 2594 ac
969 2555 1029 2594 se
1055 2539 1253 2595 ducem
1285 2541 1444 2610 sequi
1478 2558 1492 2595 :
1531 2540 1804 2612 Gobryam
1839 2550 1896 2595 et
1921 2539 2024 2595 Ga.

450 2631 667 2694 datam,
692 2629 895 2700 quibus
932 2628 1066 2683 urbs
1103 2635 1233 2683 nota
1259 2637 1437 2693 esset,
1477 2629 1565 2685 ubi
1597 2631 1654 2683 in
1677 2645 1796 2685 eam
1829 2644 2024 2700 perve-

450 2723 685 2789 nissent,
743 2722 886 2775 viam
943 2729 1288 2786 monstrare,
1339 2735 1448 2788 qua
1501 2729 1652 2775 recta
1702 2721 1770 2775 ad
1818 2723 2025 2794 regiam

453 2814 652 2878 iretur,
688 2812 879 2882 jussit.
933 2811 1161 2867 Summa
1190 2810 1362 2882 igitur
1393 2811 1744 2868 festinatione
1779 2812 2026 2886 Gobryas

453 2916 512 2962 et
551 2907 788 2962 Gadatas
836 2921 962 2960 cum
1008 2904 1126 2960 suis
1166 2903 1236 2957 ad
1279 2903 1487 2974 regiam
1522 2919 1696 2974 usque
1725 2907 2022 2975 progressi,

451 3006 641 3066 portas
668 2998 888 3051 clausas
920 2994 1235 3064 reperiunt,
1272 3001 1328 3047 et
1361 2992 1620 3048 custodes
1650 3003 1901 3064 potantes
1927 3009 2026 3064 0p-

2125 1903 2493 1976 στρατόπεδον
2541 1904 2758 1974 εὐρεῖαν
2797 1904 2892 1956 καὶ
2935 1905 3270 1975 βαθυτάτην,
3318 1904 3380 1957 ἶν’
3405 1904 3666 1974 ἐλαχίστων

2122 1996 2261 2068 τάχα
2289 1996 2400 2050 τῶν
2432 1995 2689 2066 φυλάκων
2737 1997 2796 2049 ὲν
2841 1996 2921 2065 τῷ
2970 1998 3324 2067 στρατοπέδῳ
3369 1996 3575 2050 δέοιντο.
3611 1999 3664 2050 Οἱ

2127 2089 2226 2158 μὲν
2253 2087 2350 2140 οὖν
2379 2086 2479 2157 τὴν
2509 2085 2718 2156 τάφρον
2743 2086 3048 2150 ποιοῦντες,
3077 2085 3351 2156 ὤρυσσον,
3393 2086 3594 2155 μέτριόν
3621 2101 3667 2137 τι

2122 2179 2217 2232 τοῦ
2263 2176 2518 2248 ποταμοῦ
2569 2178 2955 2247 ἀφιστάμενοι,
3004 2177 3097 2232 τὸν
3153 2177 3212 2231 δὲ
3266 2176 3391 2248 χοῦν
3437 2175 3668 2230 ἀνέϐαλον

2124 2269 2261 2339 πρὸς
2294 2269 2356 2322 τδ
2382 2268 2768 2339 στρατόπεδον.
2795 2269 2863 2323 0t
2891 2267 2949 2321 δέ
2987 2285 3051 2337 γε
3085 2269 3421 2322 Βαϐυλώνιοι
3470 2265 3667 2332 κατεγέ-

2123 2359 2232 2412 λων
2275 2361 2377 2430 τῆς
2421 2359 2767 2430 πολιορκίας,
2819 2361 2897 2422 ὡς
2938 2362 3104 2414 πλέον
3155 2362 3190 2431 ἢ
3246 2361 3384 2414 ἑτῶν
3426 2361 3583 2413 εἴκοσι
3612 2358 3668 2411 τά

2125 2451 2406 2520 ἐπιτήδεια
2431 2453 2666 2523 ἔχοντες.
2692 2454 2829 2522 Ἤδη
2847 2453 2905 2508 δὲ
2927 2455 3024 2523 τῆς
3048 2454 3264 2524 τάφρου
3289 2453 3668 2524 ὀρωρυγμένηςο

2126 2543 2370 2610 φυλάξας
2427 2545 2456 2597 ὁ
2506 2547 2692 2615 Κῦρος
2733 2544 2905 2599 νύκτα
2948 2547 3007 2598 ἐν
3155 2544 3351 2616 ἑορτὴν
3391 2544 3524 2614 ἔγνω
3564 2543 3669 2602 τοὺς

2125 2635 2504 2700 Βαϐυλωνίους
2549 2637 2728 2704 ἄγειν,
2779 2635 2911 2704 ὃλην
2931 2635 3030 2707 τὴν
3091 2639 3271 2690 νύκτα
3309 2636 3549 2696 πίνοντας
3592 2635 3673 2686 καὶ

2125 2728 2505 2799 κωμάζοντας,
2534 2730 2594 2781 έν
2616 2728 2789 2800 ταύτῃ
2811 2727 3017 2797 πλῆθος
3039 2729 3104 2781 ἁθ
3115 2729 3334 2798 ροίσας,
3363 2727 3676 2796 ἀνεστόμωσε

2124 2821 2223 2883 τάς
2257 2821 2508 2888 τάφρους
2561 2819 2700 2888 πρὸς
2747 2819 2840 2875 τὸν
2891 2819 3138 2890 ποταμὸν
3208 2819 3516 2891 (Εὐφράτης
3545 2811 3676 2880 οὗτός

2125 2913 2298 2978 εστιν,
2339 2912 2415 2974 ὼς
2481 2910 2772 2982 Ἡρόδοτος
2825 2913 3048 2982 ἱστορεῖ)
3093 2913 3201 2965 καὶ
3231 2913 3291 2964 τὸ
3321 2912 3461 2980 ὕδωρ
3493 2912 3569 2972 είς
3592 2911 3676 2970 τὰς

2125 3005 2370 3074 τάφρους
2394 3001 2592 3074 ἐχώρει
2624 3004 2681 3056 ὲν
2713 3006 2780 3073 τῇ
2811 3002 2992 3056 νυκτί.
3039 3004 3100 3055 Ἠ
3136 3003 3206 3056 δὲ
3237 3004 3325 3057 διὰ
3363 3004 3457 3073 τῆς
3496 3001 3676 3059 πόλεως

450 3088 720 3158 primunt.
758 3087 985 3143 Sublato
1015 3085 1256 3138 clamore
1285 3091 1342 3137 et
1380 3084 1634 3154 strepitu,
1658 3087 1752 3154 qui
1787 3085 1842 3140 in
1879 3086 2021 3154 regia

2127 3097 2222 3150 τοῦ
2259 3095 2507 3164 ποταμοῦ
2555 3096 2698 3160 ὁδὸς,
2735 3095 3075 3165 πορεύσιμος
3125 3095 3440 3165 ἀνθρώποις
3471 3095 3673 3162 ἐγένετο,

451 3191 629 3246 erant,
651 3182 809 3251 jussu
845 3176 992 3248 regis
1017 3173 1186 3230 visuri
1229 3173 1360 3243 quid
1386 3175 1466 3228 rei
1492 3185 1658 3240 esset,
1685 3184 1872 3244 portas
1897 3191 2025 3245 ape-

453 3275 646 3327 riunt:
703 3272 1020 3338 irrumpunt
1052 3269 1270 3333 hostes,
1313 3266 1382 3320 ad
1423 3282 1604 3338 regem
1636 3281 1810 3338 usque
1854 3283 2024 3337 pene-

453 3371 621 3426 trant,
671 3375 798 3416 eum
837 3358 1028 3414 stricto
1060 3359 1171 3429 jam
1209 3358 1432 3414 acinace
1472 3367 1743 3414 astantem
1782 3360 2028 3430 Gobryas

453 3464 510 3510 et
543 3453 781 3510 Gadatas
813 3451 1039 3521 capiunt
1065 3468 1080 3504 :
1107 3451 1372 3506 satellites
1406 3454 1606 3522 partim
1633 3462 2024 3524 repugnantes,

456 3546 657 3618 partim
707 3543 985 3614 fugientes
1025 3541 1264 3600 caedunt.
1302 3542 1481 3616 Cyrus
1524 3551 1732 3602 turmas
1776 3545 2023 3616 equitum

457 3635 512 3687 in
545 3638 659 3688 v'as
690 3632 940 3715 dimittit,
961 3646 1084 3686 cum
1117 3631 1393 3696 mandato,
1429 3641 1645 3702 utquos
1679 3633 1811 3689 loris
1831 3635 2019 3704 depreo

457 3724 773 3788 henderint,
804 3723 1062 3778 occidant
1089 3740 1102 3776 :
1139 3724 1355 3778 caeteris
1385 3739 1484 3794 per
1519 3725 1688 3795 Syria:
1709 3725 1906 3795 linguae
1933 3743 2028 3797 pe.

363 3845 368 3848 -
458 3815 596 3868 ritos
643 3812 998 3878 denuntient,
1051 3820 1113 3865 ut
1174 3811 1320 3866 intra
1383 3812 1531 3868 aedes
1581 3827 1640 3868 se
1685 3815 2025 3870 contineant.

457 3905 561 3971 Qui
593 3919 847 3974 egressus
895 3902 1082 3968 fuerit,
1121 3902 1366 3958 occisum
1409 3903 1497 3958 iri.
1544 3903 1756 3959 Interea
1789 3904 2028 3963 Gadatas

460 4004 516 4048 et
553 3993 800 4064 Gobryas
845 3991 1072 4056 adsunt,
1120 4000 1285 4062 atque
1329 3991 1525 4047 nefarii
1573 3993 1716 4063 regis
1761 3994 2025 4049 ultionem

461 4087 698 4156 primum
726 4084 832 4139 diis
853 4083 1259 4138 immortalibus
1285 4092 1568 4153 acceptam
1593 4086 1800 4140 fcrunt.
1823 4086 2029 4142 Deinde

461 4177 587 4247 Cyri
638 4176 805 4246 pedes
851 4183 908 4229 et
957 4189 1156 4229 manus
1181 4173 1592 4230 deosculautur.
1632 4175 1937 4247 Xenophon
1972 4181 2029 4234 in

459 4267 586 4338 Cyri
619 4267 874 4330 historia,
907 4267 1050 4335 capti
1088 4265 1440 4337 Assyriorum
1481 4267 1624 4338 regis
1652 4278 1852 4325 nomen
1883 4270 2029 4326 haud

461 4358 636 4427 ponit.
671 4356 777 4412 Sed
817 4355 1088 4426 .losephus
1111 4355 1256 4410 libro
1297 4372 1329 4410 χ
1368 4357 1783 4427 Antiquitatum,
1820 4359 2032 4416 Baltas-

461 4463 640 4502 sarem
673 4449 826 4501 illum
855 4461 976 4502 esse
1013 4446 1177 4502 tradit
1201 4487 1218 4514 ,
1251 4447 1340 4502 cui
1368 4463 1564 4504 manus
1591 4449 1748 4520 165
1776 4452 1891 4508 visa
1920 4453 2022 4520 sit,

2132 4446 2278 4547 λ’ἐωέ
2289 4446 2299 4452 1
2327 4446 2632 4552 σκέψασθαι

460 4554 583 4607 qua:
610 4554 675 4591 ex
693 4539 901 4608 pariete
927 4538 1225 4604 exstiterit,
1255 4554 1429 4608 eaque
1458 4541 1744 4610 scripserit
1773 4559 1895 4612 qua:
1915 4546 2024 4616 jam

461 4631 709 4699 exposita
743 4639 872 4684 sunt
923 4640 978 4683 et
1000 4645 1030 4683 a
1058 4629 1279 4684 Danicle
1305 4631 1602 4686 declarata.

2133 3187 2623 3258 μετοχετευθέντος
2655 3186 2748 3240 τοῦ
2797 3187 3009 3250 ὓδατος.
3049 3187 3188 3240 Τότε
3244 3189 3310 3258 δὴ
3341 3185 3676 3244 καταϐιϐάσας

2131 3283 2210 3345 είς
2241 3282 2303 3334 τὸ
2334 3280 2500 3351 ξηρὸν
2531 3279 2626 3332 τοῦ
2658 3277 2909 3348 ποταμοῦ
2945 3279 3234 3349 ὑπηρέτας
3263 3280 3356 3333 καὶ
3393 3278 3576 3344 πεζοὺς
3599 3277 3676 3329 καὶ

2133 3372 2354 3434 ἱππέας,
2410 3371 2666 3424 ἐκέλευσε
2717 3368 3048 3439 σκέψασθαι,
3107 3370 3158 3421 εἱ
3221 3371 3543 3442 πορεύσιμον
3581 3368 3676 3438 εἴη.

2143 3464 2233 3516 Ἐν
2261 3461 2440 3533 τούτῳ
2465 3463 2522 3515 δὲ
2551 3462 2851 3531 διαλεχθεὶς
2878 3464 2992 3523 τοῖς
3025 3462 3267 3531 ἡγεμόσι
3306 3463 3400 3516 τοῦ
3445 3462 3675 3533 πλήθους,

2132 3564 2224 3615 καὶ
2252 3560 2529 3630 διεγείρας
2557 3560 2693 3631 πρὸς
2720 3557 2969 3632 τοῦργον,
3003 3559 3157 3623 τέλος
3199 3558 3329 3632 ἔφη·
3354 3559 3490 3615 Ἀλλ’
3517 3560 3675 3629 ἄγετε,

2131 3653 2442 3725 λαμϐάνετε
2494 3654 2658 3716 ὅπλα,
2715 3656 2998 3725 ἡγήσομαι
3039 3653 3084 3708 δ’
3119 3653 3261 3722 ἐγὼ,
3328 3658 3485 3725 ὑμεῖς
3533 3655 3592 3714 δ’,
3640 3649 3677 3704 ὦ

2133 3747 2368 3810 Γαδάτα,
2400 3749 2495 3800 καὶ
2525 3746 2778 3818 Γωϐρύα,
2821 3747 3102 3801 δεικνύετε
3157 3747 3262 3812 τὰς
3302 3749 3473 3814 ὀδοὺς,
3505 3747 3680 3808 εἱδὸτες

2132 3840 2358 3904 ταύτας.
2416 3841 2588 3896 Ὅταν
2645 3841 2690 3892 δ’
2727 3841 2880 3903 ἐντὸς
2927 3837 3246 3909 γενώμεθα,
3293 3840 3393 3911 τὴν
3448 3840 3682 3909 ταχίστην

2133 3933 2297 4001 άγετε
2326 3933 2419 3984 επὶ
2464 3933 2532 3986 τὰ
2592 3933 2862 4002 βασίλεια.
2920 3931 3046 3984 Ἐπὶ
3096 3932 3316 3995 τούτοις
3362 3930 3679 4002 ἐπορεύοντο.

2135 4029 2246 4080 Καὶ
2271 4029 2459 4093 ίόντες,
2489 4028 2564 4091 ὡς
2590 4027 2872 4097 ἠδύναντο,
2895 4029 3133 4098 τάχιστα
3157 4030 3254 4081 ἐπὶ
3279 4031 3392 4091 τοῖς
3420 4027 3684 4098 βασιλέως

2135 4121 2385 4188 ἐγένοντο
2414 4121 2462 4172 οἱ
2492 4120 2588 4172 σὺν
2617 4119 2695 4190 τῷ
2711 4120 2964 4191 Γωϐρύᾳ,
3004 4121 3097 4174 καὶ
3119 4120 3196 4191 τῷ
3216 4121 3450 4192 Γαδάτᾳ,
3486 4120 3571 4172 καὶ
3597 4118 3683 4179 τὰς

2135 4211 2312 4274 πύλας
2361 4210 2761 4280 κεκλεισμένας
2812 4211 3158 4282 εὑρίσκουσι,
3213 4211 3434 4265 πίνουσι
3492 4211 3544 4264 δὲ
3590 4210 3684 4268 τοῖς

2136 4299 2364 4367 φύλαξιν
2400 4299 2878 4352 ἐπεισπίπτουσιν.
2921 4300 3006 4362 Ὠς
3048 4300 3104 4352 δὲ
3144 4301 3390 4372 κραυγὴ,
3431 4302 3522 4355 καὶ
3543 4296 3684 4368 θροῦς

2135 4390 2301 4463 ἤρθη,
2337 4388 2654 4460 αἰσθόμενοι
2697 4390 2746 4442 οἱ
2787 4389 2957 4454 ἔνδον,
3006 4390 3376 4456 κελεύσαντος
3416 4391 3511 4444 τοῦ
3552 4390 3686 4460 βασι-

2675 4480 2731 4534 τί
2781 4482 2868 4551 εἴη
2922 4483 2983 4534 τδ
3037 4485 3298 4552 πρᾶγμα,
3351 4484 3562 4554 ἢνοιξαν
3601 4481 3687 4540 τὰς

2133 4580 2333 4641 πύλας,
2371 4577 2452 4640 είς
2482 4574 2547 4639 ἃς
2582 4573 2967 4628 εἱσπίπτουσιν
3018 4575 3070 4626 οἱ
3129 4575 3405 4646 πολέμιοι,
3457 4577 3551 4629 καὶ
3578 4573 3690 4642 ἀφι-

2135 4668 2390 4722 κιοῦνται
2423 4667 2560 4736 πρὸς
2591 4665 2681 4716 τὸν
2727 4664 2973 4733 βασιλέα.
3032 4664 3142 4718 Καὶ
3185 4665 3289 4735 ἠδη
3321 4666 3582 4736 ἑστηκότα
3603 4663 3686 4715 αύ-

2131 4764 2226 4816 τὺν
2255 4762 2347 4815 καὶ
2380 4755 2725 4824 ἐσπασμένον
2768 4755 2826 4807 ὃν
2860 4751 3003 4825 εἶχεν
3035 4757 3332 4826 ἀκινάκην,
3371 4757 3690 4831 εὑρίσκουσι·

464 4848 574 4902 Καὶ
620 4843 808 4897 τοῦτον
858 4841 957 4910 μὲν
1004 4841 1057 4894 οἱ
1105 4841 1204 4893 σὺν
1239 4840 1453 4912 Γαδάτᾳ
1484 4843 1580 4895 καί
1633 4842 1867 4917 Γωδρῦᾳ
1911 4849 2244 4926 ἐχειροῦντο.
2291 4853 2356 4905 Οἱ
2406 4851 2462 4902 δὲ
2513 4849 2611 4902 σὺν
2663 4846 2812 4916 αύτῷ
2849 4846 3134 4917 ἔθνησκον,
3209 4853 3260 4904 οἱ
3331 4849 3434 4918 μὲν
3507 4843 3690 4916 ἀμυνόο

464 4959 640 5015 μενοι,
665 4940 716 4994 οἱ
753 4937 810 4992 δὲ
851 4934 1168 5004 φεύγοντες.
1224 4931 1284 4986 '0
1317 4931 1373 4984 δὲ
1404 4931 1584 5002 Κῦρος
1625 4932 1896 5005 διέπεμπε
1963 4943 2064 5008 τὰς
2097 4945 2206 4998 τῶν
2271 4941 2485 4994 ἱππέων
2515 4939 2698 5005 τάξεις
2731 4939 2874 4992 κατὰ
2927 4940 3024 5002 τὰς
3063 4940 3238 5006 ὁδοὺς,
3279 4939 3577 5011 προειπὼν,
3611 4935 3692 4996 οὓς

421 5049 435 5108 ς
465 5041 562 5111 μὲν
581 5035 686 5100 ἔξω
707 5030 1056 5103 λαμϐάνοιεν,
1082 5023 1470 5090 arabum-rain;
1502 5023 1548 5076 δ’
1581 5026 1638 5078 ἐν
1662 5031 1785 5092 ταῖς
1807 5031 2010 5098 οἰκίαις
2048 5037 2341 5108 κηρύττειν
2385 5055 2388 5059 ·
2414 5035 2540 5096 τοὺς
2600 5033 2824 5104 Συριστὶ
2866 5031 3076 5102 ὁμιλεῖν
3109 5033 3535 5100 ἐπισταμένους,
3563 5027 3692 5080 ὲνδὸν

467 5131 650 5199 μένειν
677 5142 690 5157 ·
747 5125 796 5176 εἰ
841 5121 897 5174 δέ
941 5137 1025 5182 τις
1075 5117 1181 5186 ἔξω
1226 5117 1480 5190 ληφθείη,
1513 5118 1596 5172 ὅτι
1625 5119 1888 5178 θανεῖται.
1941 5127 2034 5182 Ἐν
2073 5128 2300 5199 τοιούτῳ
2367 5127 2425 5182 δὲ
2451 5126 2697 5190 Γαδάτας
2729 5129 2822 5181 καὶ
2891 5127 3154 5198 Γωϐρύας
3190 5121 3346 5198 ἧκον,
3381 5127 3474 5178 καὶ
3507 5125 3586 5177 ὅτι
3615 5121 3694 5173 τίεν

463 5225 676 5281 ἀνόσιον
712 5215 940 5289 βασιλέα
985 5213 1419 5283 ἐτιμωρήσαντο,
1469 5213 1686 5285 πρῶτον
1730 5216 1828 5285 μὲν
1871 5217 2027 5284 θεοὺς
2064 5221 2464 5293 προσεκύνουν,
2504 5213 2696 5272 ἔπειτα
2772 5219 2956 5291 Κύρου
2997 5219 3322 5286 κατεφίλουν
3365 5219 3552 5286 χεῖρας
3611 5210 3695 5264 καὶ

464 5316 652 5378 πόδας.
690 5309 752 5363 '0
787 5308 884 5374 μὲν
913 5304 1006 5358 οὖν
1049 5303 1301 5373 Ξενοφῶν
1335 5305 1414 5375 (5)
1446 5306 1515 5358 τὰ
1543 5307 1674 5376 περὶ
1717 5307 1812 5360 τοῦ
1846 5310 2031 5380 Κύρου
2071 5312 2324 5384 ἱστορῶν,
2357 5311 2416 5364 τὸ
2439 5311 2610 5382 δνομα
2636 5311 2732 5363 τοῦ
2770 5311 2990 5374 ἁλόντος
3024 5308 3288 5381 βασιλέως
3350 5307 3461 5359 τῶν
3515 5307 3692 5359 Ἀσσυ-

468 5410 599 5482 ρίων
631 5403 694 5456 ού
723 5400 894 5469 λέγει.
939 5399 996 5450 Ὀ
1017 5396 1075 5450 δὲ
1105 5396 1412 5466 ’ἱώσηππος
1437 5397 1492 5448 ιν
1529 5397 1606 5466 τῷ
1670 5398 1882 5470 δεκάτῳ
1953 5403 2095 5474 λόγῳ
2133 5407 2230 5474 τῆς
2286 5403 2738 5474 Ἀρχαιολογὶας
2765 5443 2779 5466 ,
2839 5401 2932 5456 τὸν
2972 5401 3272 5468 Βαλτάσαρ
3317 5396 3512 5448 τοῦτον
3558 5391 3692 5446 εἶναι

470 5497 692 5565 ἱστορεῖ,
724 5487 767 5560 ᾧ
812 5490 907 5542 καὶ
955 5489 988 5558 ή
1037 5491 1161 5562 χεὶρ
1201 5489 1380 5558 ἐφάνη
1419 5491 1481 5541 ὲκ
1511 5490 1604 5542 τοῦ
1639 5491 1852 5561 τείχους
1886 5495 2174 5564 προϊοῦσα,
2205 5498 2296 5550 καὶ
2336 5497 2624 5568 γράφουσα
2663 5495 2729 5550 τὰ
2793 5495 2895 5566 ἥδη
2928 5493 3316 5566 προγραφέντα
3379 5487 3693 5560 γράμματα,

467 5581 540 5641 ὧν
566 5587 665 5656 τὴν
697 5581 926 5654 δήλωσιν
959 5579 1302 5649 ἡρμήνευσεν
1328 5579 1356 5632 ὀ
1387 5581 1605 5650 Δανιὴλ.

1647 5673 1846 5734 Variae
1878 5672 2182 5737 lectiones
2227 5684 2287 5735 et
2319 5681 2507 5736 notae.

540 5772 614 5840 (5)
655 5772 718 5825 '0
736 5774 850 5839 μὲν
883 5770 997 5830 οὖν
1023 5772 1326 5843 Ξενοφῶν,
1363 5782 1468 5829 etc.
1500 5772 1716 5838 Absunt
1750 5773 1863 5829 haec
1893 5776 2022 5856 paril

2126 5793 2154 5831 ιι
2179 5791 2280 5832 ms.
2317 5773 2475 5830 Colb.
