3926 6210
282 264 392 326 305

1500 261 1906 324 ANNALIUM
1943 263 2094 324 LIB.
2139 263 2260 326 III.

3433 265 3540 327 ῖοθ

355 371 466 426 KE’
534 370 775 441 Ἡμέρας
809 369 864 422 δὲ
911 369 1232 440 γενομένης,
1279 371 1354 433 ὡς
1403 371 1630 442 ᾔσθοντο
1659 374 1710 426 οἱ
1763 371 1861 435 τάς

2034 369 2199 426 XXV.
2239 369 2376 426 Cum
2403 368 2722 437 diluxisset,
2767 376 2826 423 et
2859 365 3140 425 castellani
3181 371 3336 426 urbis
3365 373 3543 443 capti-

280 466 460 534 ἄκρης
519 463 758 532 ἔχοντες,
789 462 1092 517 ἑαλωκυῖαν
1125 463 1224 532 τὴν
1255 463 1429 530 πόλιν,
1462 466 1556 518 καὶ
1590 466 1682 518 τὸν
1713 466 1868 536 βασι-

279 555 380 610 λέα
413 556 567 625 σφῶν
597 556 901 626 τεθνηκότα
921 595 935 618 ,
982 555 1342 625 παραδιδόασι
1379 557 1472 609 καὶ
1527 557 1627 619 τὰς
1661 559 1859 628 ἄκρας.

294 647 356 702 Ὀ
389 648 446 701 δὲ
477 648 660 713 Κύρος
706 647 786 710 είς
815 646 984 710 αὐτὰς
1019 647 1402 720 φρουράρχους
1447 650 1543 701 καὶ
1594 649 1865 720 φρουροὺς

221 787 225 790 .
278 738 555 808 ἔπεμπεν.
605 732 740 791 Εἶτα
771 738 898 801 τοὺς
932 738 1140 807 μάγους
1172 738 1428 803 καλέσας,
1478 739 1554 804 ὡς
1589 737 1864 808 δορυαλώ-

277 848 376 882 του
397 831 500 897 τῆς
516 829 724 890 πόλεως
753 827 938 895 οὔσης,
966 829 1252 898 ἀκροθίνια
1274 833 1384 892 τοῖς
1411 830 1550 892 θεοῖς
1578 829 1862 882 ἐκέλευσεν

281 921 511 982 ἐξελεῖν,
533 922 626 974 καὶ
654 919 837 982 οίκίας
858 921 914 973 δὲ
942 919 1192 984 διεδίδου,
1218 921 1310 974 καὶ
1332 920 1525 989 ἀρχεῖα
1545 922 1658 982 τοῖς
1683 935 1866 973 κοινω-

275 1013 482 1081 νήσασι
512 1011 622 1064 τῶν
653 1011 1060 1080 πεπραγμένων
1091 1011 1260 1081 αὐτῷ,
1301 1011 1396 1063 καὶ
1431 1010 1613 1081 ἑαυτῷ
1663 1011 1720 1064 δὲ
1766 1028 1865 1063 κα-

275 1103 624 1154 τασκευάσαι
652 1101 968 1170 διανενόητο
998 1099 1211 1154 δίαιταν
1274 1101 1592 1172 πρέπουσαν
1633 1100 1862 1170 βασιλεῖ.

278 1193 405 1246 Ἵνα
436 1193 492 1246 δὲ
517 1193 592 1263 μὴ
622 1196 735 1256 τοῖς
763 1193 938 1261 φίλοις
959 1194 1251 1262 ἐπίφθονος
1268 1195 1517 1264 γένηται,
1549 1195 1647 1248 σὺν
1671 1194 1867 1268 γνώμῃ

277 1285 468 1339 αὐτῶν
505 1285 666 1338 τοῦτο
719 1287 944 1356 ποιῆσαι
976 1285 1237 1357 ἠθέλησε.
1278 1286 1391 1341 Καὶ
1435 1286 1738 1358 διαλεχθεὶς
1764 1287 1866 1340 αὐ-

277 1380 422 1439 τοῖς,
453 1377 522 1430 δι’
556 1371 632 1430 ὧν
681 1373 836 1430 εἶπεν
868 1376 1089 1430 ἔπεισεν
1138 1376 1382 1440 ἐκείνους
1437 1375 1599 1430 τοῦτο
1633 1378 1866 1445 αἰτήσα-

279 1467 434 1530 σθαι,
455 1465 753 1519 κάντεῦθεν
783 1467 863 1529 είς
892 1465 960 1520 τὰ
991 1465 1238 1535 βασίλεια
1257 1465 1474 1530 εἴσεισι,
1497 1467 1593 1519 ttat
1617 1466 1867 1536 φύλακας

274 1558 416 1627 περὶ
441 1557 636 1611 ἑαυτὸν
674 1557 1047 1620 ποιεῖται,καὶ
1076 1559 1202 1620 τοὺς
1233 1558 1364 1628 περὶ
1397 1559 1460 1610 τὸ
1488 1557 1684 1611 ἑαυτοῦ
1709 1558 1867 1628 σῶμα

276 1648 704 1719 θεραπευτῆρας
761 1647 1008 1717 ἐξέτεμε,
1061 1648 1158 1702 καὶ
1217 1647 1509 1719 εὐνούχους
1566 1649 1863 1718 πεποίηκε.

277 1741 634 1810 Δορυφόρους
676 1741 720 1794 δ’
753 1741 929 1793 εἵλετο
958 1741 1172 1811 Πέρσας
1211 1743 1343 1811 περὶ
1395 1743 1647 1814 μυρίους,
1684 1743 1780 1797 καὶ
1809 1743 1866 1796 ὲν

277 1833 348 1900 τῇ
404 1829 560 1882 πόλει
603 1831 660 1882 δὲ
691 1830 966 1900 φρουροὺς
1032 1830 1223 1896 ἔταξεν
1273 1831 1516 1894 ἱκανούς.
1572 1822 1762 1886 Ταῦτα
1810 1834 1868 1887 δὲ

282 1920 547 1989 ποιήσας,
599 1920 727 1982 τοὺς
765 1918 1152 1990 ἐντιμοτέρους
1182 1922 1282 1990 τῆς
1327 1925 1590 1992 στρατιᾶς
1623 1923 1865 1994 ὲξήσκει,

286 2011 363 2080 μὴ
395 2011 616 2073 ἀπόνως
645 2009 816 2080 βιοῦν,
844 2011 937 2063 καὶ
969 2011 1093 2064 καθ’
1117 2012 1456 2090 ἡδυπάθειαν
1475 2029 1489 2046 ⁸
1519 2013 1617 2068 καὶ
1641 2013 1748 2067 τῶν
1768 2015 1868 2084 μὲν

280 2101 463 2155 ἄλλων
488 2102 837 2173 πραγμάτων
876 2104 1068 2173 ἄλλους
1100 2105 1441 2174 ἐπιμελητὰς
1473 2107 1867 2176 κατεστήσατο,

283 2193 569 2261 προσόδων
597 2193 977 2266 ἀπώεκτῆράς
1009 2212 1172 2266 φημι,
1211 2197 1303 2250 καὶ
1343 2195 1576 2266 δοτῆρας
1629 2196 1873 2268 δαπανηο

284 2285 498 2352 μάτων,
533 2284 710 2354 ἔργων
732 2303 792 2338 τε
818 2287 1137 2350 ἐπιστάτας,
1177 2288 1275 2342 καὶ
1298 2289 1548 2359 κτήσεων
1593 2287 1866 2356 φύλακας.

282 2373 381 2424 καὶ
415 2374 526 2425 τῶν
561 2377 882 2444 ἐπιτηδείων
925 2376 1262 2447 ἐπιμελητὰς
1296 2378 1404 2430 τῶν
1453 2377 1591 2448 πρὸς
1632 2378 1867 2445 δίαιταν,

281 2468 379 2517 καὶ
414 2467 600 2518 ἳππων
630 2468 725 2520 καὶ
757 2468 935 2522 κυνῶν
968 2469 1314 2539 φροντιστάς.
1357 2467 1466 2531 Οὓς
1493 2469 1537 2522 δ’
1565 2468 1702 2540 ᾧετο
1730 2471 1868 2541 χρῆ-

281 2573 374 2610 ναι
415 2557 666 2624 φύλακας
693 2558 792 2628 τῆς
818 2559 1165 2629 εὐδαιμονίας
1197 2559 1362 2629 ἔχειν,
1391 2560 1569 2629 ἑαυτῷ
1598 2562 1699 2632 τὴν
1739 2562 1868 2617 τού-

281 2661 395 2698 των
423 2647 797 2716 προσέταττεν
826 2649 1168 2720 ὲπιμέλειαν.
1206 2650 1361 2702 Ἐπεὶ
1393 2649 1450 2703 δὲ
1481 2652 1577 2704 καὶ
1593 2652 1869 2722 χρήμασιν

280 2738 603 2808 εὐεργετεῖν
653 2741 804 2810 αὐτῷ
834 2741 1212 2812 προσεγένετο,
1246 2741 1387 2809 ἔγνω
1415 2742 1490 2805 ὡς
1535 2743 1688 2797 οὐδέν
1718 2746 1870 2798 ἐστιν

280 2833 644 2904 εὐεργέτημα
672 2834 980 2905 ἀνθρώποις
1016 2834 1470 2905 εὐχαριτώτερον,
1504 2836 1537 2905 ἦ
1575 2839 1739 2890 σίτων
1775 2838 1870 2892 καὶ

283 2922 472 2975 ποτῶν
507 2925 832 2995 μετάληψις.
903 2926 994 2980 Διὸ
1044 2927 1143 2980 καὶ
1203 2927 1440 2991 ὑπέταξε
1497 2928 1670 2982 πολλά
1723 2931 1872 3000 αὐτῷ

284 3016 694 3084 παρατίθεσθαι
741 3018 930 3086 ὅμοια,
981 3015 1065 3081 οἷς
1107 3017 1272 3083 αὐτὸς
1303 3021 1526 3086 σιτοῖτο,
1576 3021 1674 3076 καὶ
1709 3023 1868 3077 ἱκανά

281 3109 638 3176 παμπόλλοις
667 3110 924 3180 ἐσόμενα.
980 3111 1090 3165 Καὶ
1120 3112 1187 3166 τά
1234 3113 1680 3182 παρατιθέμενα,
1726 3115 1868 3188 πλὴν

279 3195 360 3263 οἷς
394 3200 564 3262 αὐτὸς
595 3201 689 3254 καὶ
718 3201 766 3254 οί
803 3201 1111 3256 σύνδειπνοι
1143 3203 1463 3273 χρήσαιντο,
1495 3203 1742 3266 διεδίδου,
1777 3207 1871 3260 καὶ

281 3293 720 3361 φιλοδωρότατος
745 3292 1050 3363 ἀνθρώπων
1091 3293 1328 3362 ἐγένετο.
1362 3294 1525 3347 Ἀλλά
1555 3294 1614 3346 τὸ
1643 3297 1742 3365 μὲν
1771 3313 1867 3366 με-

280 3379 436 3443 γέθει
494 3379 689 3449 δώρων
740 3380 1101 3447 ὑπερϐάλλειν
1157 3381 1562 3436 πλουσιώτατον
1593 3384 1748 3446 ὄντα,
1805 3387 1868 3438 οὐ

282 3468 603 3538 θαυμαστόν
632 3485 647 3500 ’
705 3471 766 3522 τὸ
801 3469 858 3524 δὲ
896 3474 962 3540 τῇ
999 3471 1268 3543 θεραπεία
1301 3474 1395 3526 καὶ
1425 3475 1714 3546 ἐπιμελείᾳ
1760 3477 1870 3530 τῶν

284 3559 456 3626 φίλων
497 3559 854 3629 βασιλεύοντα
885 3563 1290 3633 περιγίνεσθαι,
1324 3565 1484 3620 τοῦτο
1517 3567 1870 3636 ἀξιολογώτε-

284 3665 400 3714 ρον.
436 3651 550 3702 Καὶ
586 3652 744 3719 λόγος
775 3652 832 3706 δὲ
879 3654 1046 3706 αὐτοῦ
1095 3655 1637 3725 ἀπομνημονεύεται,
1689 3675 1868 3728 παραο

283 3740 491 3810 πλήσια
547 3741 686 3812 ἔργα
729 3741 868 3797 εἶναι
923 3745 1134 3816 νομέως
1175 3746 1380 3812 ἀγαθοῦ
1431 3749 1527 3801 καὶ⁵
1575 3749 1863 3819 βασιλέως.

283 3829 386 3881 Τόν
417 3847 480 3883 τε
509 3831 620 3900 γὰρ
675 3831 844 3902 νομέα
876 3832 1028 3902 ἔλεγε
1073 3835 1276 3906 χρῆναι
1311 3837 1560 3908 εὐτραφῆ
1599 3844 1668 3893 τὰ
1695 3843 1868 3913 κτήνη

285 3921 552 3975 ποιοῦντα
583 3923 818 3993 χρῆσθαι
840 3925 1021 3990 αὐτοῖς
1050 3926 1150 3999 ήδη
1175 3941 1191 3960 ’
1229 3927 1320 3981 τόν
1350 3944 1408 3981 τε
1438 3927 1661 3997 βασιλέα
1683 3929 1868 3984 ὡσαύ-

283 4031 394 4078 τως
449 4015 780 4087 εὐδαίμονας
819 4017 1003 4082 πόλεις
1063 4021 1158 4072 καὶ
1209 4020 1534 4090 ἀνθρώπους
1583 4022 1866 4089 ποιοῦντα,

280 4107 528 4179 χρῆσθαι
562 4109 764 4172 αὐτοῖς.
800 4109 1032 4177 Λέγεται
1063 4111 1119 4164 δὲ
1149 4111 1246 4165 καὶ
1274 4112 1366 4165 τὸν
1390 4114 1622 4184 Κροῖσον
1645 4114 1872 4170 είπόντα

281 4201 415 4252 mss
458 4198 601 4270 πρὸς
631 4201 818 4263 αὐτὸν,
861 4201 937 4264 ὡς
982 4202 1071 4255 διὰ
1121 4203 1184 4256 τὸ
1215 4203 1389 4256 πολλά
1439 4204 1642 4258 διδόναι
1699 4205 1870 4273 πένης

287 4291 490 4351 ισοιτο,
523 4291 870 4361 ἐρωτηθῆναι
905 4293 1055 4364 παρὰ
1086 4292 1290 4364 Κύρου,
1325 4295 1478 4349 Πόσα
1522 4295 1589 4348 ἂν
1616 4296 1716 4367 ἠδη
1779 4314 1869 4362 μοι

1965 464 2190 518 vitatem
2243 472 2300 518 et
2346 462 2432 517 sui
2472 462 2617 532 regis
2659 462 2831 516 autem
2870 463 3257 532 cognovissent
3308 481 3322 517 :
3386 478 3543 522 arces

1967 554 2108 625 Cyro
2141 553 2386 618 tradunt,
2421 553 2514 623 qui
2542 551 2828 623 praefectos
2861 561 2917 608 et
2943 552 3197 622 praesidia
3223 553 3278 607 in
3309 569 3405 610 eas
3435 558 3543 610 mi-
3630 593 3632 596 μ

1965 647 2056 701 sit.
2117 645 2326 700 Deinde
2368 645 2541 716 magis
2581 645 2900 710 accersitis,
2947 653 3006 699 ut
3036 645 3175 700 urbe
3227 656 3535 717 expugnata

1967 739 2076 794 diis
2117 739 2393 809 primitias
2425 738 2690 802 immolat,
2723 738 2869 792 mdes
2893 746 2949 793 et
2977 738 3176 808 palatia
3221 755 3405 794 rerum
3447 755 3541 810 ge-

1966 839 2176 884 starum
2208 829 2373 884 sociis
2406 828 2669 898 assignat,
2701 836 2866 898 atque
2898 827 3015 896 ipse
3067 829 3233 883 etiam
3277 829 3404 884 vitae
3447 845 3537 884 ra-

1967 920 2172 976 tionem
2207 936 2332 991 rege
2366 919 2585 992 dignam
2619 921 2858 977 instituit
2898 936 3203 992 :eamque,
3246 923 3542 1003 quominus

1968 1009 2234 1065 invidiosa
2271 1021 2454 1076 esset,
2497 1011 2566 1066 de
2614 1012 2920 1068 amicorum
2953 1016 3228 1070 sententia
3275 1016 3540 1071 inchoat:

1966 1119 2032 1159 ac
2079 1103 2316 1160 dicendo
2364 1105 2745 1175 consequitur,
2785 1112 2848 1160 ut
2894 1105 2998 1176 ipsi
3040 1107 3093 1162 id
3131 1123 3162 1162 a
3202 1123 3259 1163 se
3294 1110 3541 1178 postula-

1967 1203 2111 1250 rent.
2137 1194 2362 1266 Regiam
2392 1195 2708 1266 ingressus,
2749 1196 3015 1251 satellites
3058 1197 3209 1267 legit,
3234 1198 3317 1254 sui
3347 1213 3542 1268 corpo-

1969 1283 2048 1338 ris
2079 1283 2362 1340 ministros
2381 1292 2590 1339 castrat
2629 1299 2695 1339 ac
2722 1285 3010 1340 eunuchos
3051 1285 3178 1341 facit
3208 1305 3220 1341 :
3275 1287 3542 1341 satellites

1966 1372 2257 1428 Persarum
2287 1374 2510 1430 circiter
2535 1390 2566 1428 x
2599 1375 2769 1429 millia
2794 1374 2949 1444 legit,
2993 1376 3188 1431 urbem
3234 1379 3385 1448 justo
3408 1394 3544 1448 pra:-

1967 1464 2111 1520 sidio
2148 1463 2350 1521 ﬁrmat.
2386 1464 2481 1520 His
2512 1466 2690 1531 factis,
2722 1466 2817 1536 qui
2863 1467 3250 1524 honoratiores
3287 1478 3443 1523 erant
3486 1470 3540 1524 in

1968 1556 2245 1618 exercitu.
2281 1571 2380 1612 eos
2416 1557 2492 1611 ita
2519 1566 2702 1622 ornat,
2744 1573 2815 1612 ne
2846 1557 3097 1627 ignavam
3119 1567 3174 1613 et
3203 1559 3545 1614 luxuriosam

1968 1647 2137 1701 vitam
2173 1656 2424 1718 agerent,
2459 1663 2524 1702 ac
2555 1648 2786 1702 aliarum
2816 1663 3001 1702 rerum
3029 1663 3217 1704 curam
3245 1651 3369 1705 aliis
3391 1666 3546 1704 man-

1969 1736 2086 1803 dat,
2145 1738 2284 1793 alios
2311 1738 2522 1793 reditus
2543 1738 2815 1809 accipere,
2842 1739 2981 1794 alios
3022 1740 3336 1810 sumptibus
3356 1781 3371 1807 ,
3406 1742 3544 1795 alios

1966 1830 2148 1899 Operis
2191 1845 2443 1899 praeesse.
2471 1831 2609 1886 alios
2649 1831 3030 1901 possessiones
3064 1832 3368 1894 custodire,
3405 1833 3546 1887 alios

1967 1929 2305 1974 commeatus
2339 1927 2396 1975 et
2426 1935 2699 1974 annonam
2719 1960 2734 1983 ,
2760 1921 2898 1976 alios
2928 1937 3102 1991 equos
3144 1931 3199 1977 et
3236 1937 3402 1977 canes
3448 1939 3546 1977 cu-

1969 2024 2110 2064 rare.
2134 2009 2337 2064 Eorum
2363 2019 2545 2064 autem
2569 2025 2780 2076 curam,
2803 2012 2899 2080 qui
2937 2012 3255 2066 felicitatem
3281 2012 3422 2067 tueri
3449 2013 3545 2068 de-

1968 2099 2157 2163 beant,
2193 2102 2311 2172 ipse
2351 2102 2608 2171 suscipit.
2653 2102 2760 2158 Eas
2805 2116 2974 2172 porro
3012 2102 3304 2159 facultates
3351 2119 3545 2160 conse-

1967 2200 2149 2256 cutus,
2191 2201 2252 2246 ut
2305 2191 2557 2247 liberalis
2623 2191 2680 2246 in
2731 2192 2872 2248 alios
2909 2207 3032 2249 esse
3076 2204 3286 2264 posset,
3330 2196 3544 2250 nullum

1969 2283 2296 2340 mortalibus
2364 2283 2696 2339 beneficium
2762 2285 3066 2355 jucundius
3118 2301 3240 2341 esse
3299 2287 3548 2357 cogitans

1969 2373 2084 2430 cibi
2111 2382 2172 2430 et
2195 2381 2364 2444 potus
2401 2374 2819 2442 communione,
2851 2375 3087 2445 plurima
3117 2375 3225 2432 sibi
3249 2376 3456 2432 fercula
3480 2377 3550 2432 iis

1967 2465 2170 2523 similia
2191 2465 2398 2536 quibus
2424 2465 2544 2535 ipse
2570 2475 2913 2533 vesceretur,
2941 2468 3350 2540 apponi-jussit,
3379 2483 3544 2538 quam

1969 2555 2234 2627 plurimis
2255 2556 2559 2613 suleatura
2587 2573 2603 2611 :
2639 2572 2816 2627 eaque
2841 2558 3089 2628 exceptis
3123 2559 3190 2612 iis
3213 2561 3414 2627 quibus
3430 2559 3548 2627 ipse
3636 2613 3638 2616 ,

1969 2661 2095 2702 cum
2129 2649 2543 2704 convictoribus
2565 2647 2684 2704 suis
2704 2648 3006 2712 frueretur,
3049 2649 3437 2704 distribuebat.
3472 2650 3548 2705 Ac

1969 2752 2095 2792 eum
2139 2739 2590 2795 liberalissimum
2633 2748 2690 2794 et
2735 2740 3312 2795 muniﬁcentissimum
3340 2741 3544 2806 fuisse,

1971 2832 2154 2886 minus
2172 2839 2258 2886 est
2271 2832 2326 2886 in
2339 2833 2518 2894 .tantis
2532 2832 2734 2902 apibus
2749 2833 3062 2887 mirandum
3084 2852 3099 2887 :
3119 2833 3213 2889 sed
3239 2851 3426 2905 regem
3443 2836 3550 2890 ob-

1971 2919 2248 2974 servantia
2277 2927 2334 2975 et
2355 2936 2487 2976 cura
2511 2937 2774 2992 superare
2789 2923 3021 2990 amicos,
3045 2924 3098 2978 id
3119 2939 3251 2979 vero
3270 2926 3445 2996 magis
3466 2935 3553 2980 est

1976 3013 2354 3069 memorabile.
2380 3013 2500 3079 Qua
2525 3013 2596 3068 de
2627 3021 2688 3069 re
2707 3013 2914 3068 dictum
2935 3017 3054 3084 ejus
3077 3015 3352 3085 quoddam
3370 3015 3547 3070 refer-

1977 3115 2088 3169 tur,
2123 3105 2434 3161 consimilia
2453 3119 2576 3161 esse
2609 3120 2838 3161 munera
2869 3107 2999 3161 boui
3026 3108 3263 3176 pastoris
3299 3116 3356 3161 et
3380 3107 3546 3176 regis.

1973 3195 2109 3250 Nam
2125 3203 2182 3251 et
2200 3205 2474 3266 pastorem
2492 3196 2692 3252 decere
2711 3195 2978 3265 saginatis
3001 3196 3056 3250 in
3089 3195 3282 3267 primis
3318 3210 3348 3250 a
3383 3211 3443 3252 se
3460 3197 3550 3266 juo

1976 3287 2180 3343 mentis
2201 3290 2279 3344 uti
2306 3306 2322 3344 :
2345 3296 2402 3343 et
2424 3288 2538 3358 regi
2563 3287 2728 3343 urbes
2743 3295 2801 3342 et
2818 3286 3091 3352 homines,
3112 3302 3252 3357 quos
3273 3287 3449 3343 bearit
3465 3289 3555 3342 in-

1975 3379 2207 3434 servire.
2229 3378 2427 3435 Fertur
2450 3387 2507 3433 et
2525 3365 2798 3442 Crmsum,
2823 3379 2917 3448 qui
2945 3393 3072 3434 eum
3094 3377 3168 3432 ob
3200 3378 3424 3434 crebras
3447 3378 3550 3432 do-

1975 3471 2226 3526 nationes
2256 3485 2556 3542 pauperem
2581 3469 2698 3526 fore
2729 3469 2962 3535 dixerat,
2999 3483 3240 3540 rogasse,
3279 3478 3548 3540 quantum

1976 3561 2079 3616 sibi
2110 3563 2357 3632 pecuniae
2379 3577 2499 3618 esse
2525 3571 2783 3633 putaret,
2818 3561 2865 3617 si
2896 3576 3091 3616 aurum
3116 3600 3130 3625 ,
3178 3569 3239 3614 ut
3268 3561 3383 3630 ipse
3420 3576 3550 3615 cen-

1977 3662 2116 3719 seat,
2153 3669 2221 3710 ex
2247 3670 2357 3724 quo
2388 3667 2616 3724 regnare
2639 3653 2895 3723 casperit.
2933 3653 3274 3722 collegisset?
3301 3652 3549 3719 Cumque

1978 3745 2068 3801 ille
2097 3746 2371 3815 ingentem
2410 3760 2680 3800 summam
2729 3744 3087 3807 nominasset,
3133 3743 3338 3796 dixisse
3381 3759 3395 3795 :
3438 3743 3549 3810 Age

1975 3835 2160 3906 igitur,
2196 3835 2405 3901 Cresc,
2449 3837 2597 3888 mitte
2643 3833 2874 3903 aliquem
2911 3848 3031 3885 cum
3073 3831 3234 3901 166
3263 3829 3547 3900 Hystaspe.

1978 3926 2063 3986 Tu
2093 3942 2234 3992 vero,
2269 3925 2552 3996 Hystaspe,
2603 3924 2748 3978 adito
2783 3925 2976 3996 amicos
3010 3937 3172 3986 meos,
3200 3923 3374 3992 eisque
3393 3923 3552 3976 dicito

1978 4017 2107 4072 mihi
2124 4017 2195 4071 ad
2223 4033 2333 4072 rem
2364 4015 2655 4087 quamdam
2685 4013 3072 4082 conﬁciendam
3103 4029 3235 4068 auro
3256 4029 3366 4068 esse
3397 4030 3570 4085 0pm,.

1977 4118 2034 4164 ut
2063 4111 2282 4180 quisque
2320 4125 2482 4178 quam
2526 4107 2814 4179 plurimum
2854 4106 3014 4175 possit
3057 4116 3348 4174 comparet,
3393 4106 3553 4176 idque

1980 4199 2164 4254 litteris
2181 4199 2430 4253 inscribat
2456 4206 2616 4269 atque
2637 4198 2891 4268 obsignet,
2920 4207 2969 4251 et
2994 4195 3242 4267 epistolas
3268 4195 3434 4252 Bra'si
3453 4199 3552 4252 mi-

1978 4290 2144 4346 nistro
2191 4292 2392 4346 tradat.
2434 4290 2640 4346 Eadem
2677 4305 2799 4360 quae
2849 4289 3156 4355 mandarat,
3207 4289 3408 4344 litteris
3469 4289 3553 4342 in-

285 4386 544 4454 χρήματα
569 4383 672 4436 οἴει
706 4381 868 4450 εἶναι,
909 4387 958 4439 εί
1008 4387 1232 4456 χρυσίον
1261 4387 1337 4450 ὡς
1377 4389 1441 4440 σὺ
1473 4387 1719 4451 κελεύεις
1748 4407 1868 4442 συν-

1978 4383 2185 4454 scripta
2231 4382 2439 4447 omnia,
2485 4390 2542 4436 et
2584 4380 2912 4452 obsignata”
2965 4379 3246 4452 Hystaspis
3301 4377 3566 4442 tradidit,.

288 4477 498 4545 ελεγον,
536 4477 723 4542 ἐξότου
767 4479 825 4530 ἑν
871 4482 936 4548 τῇ
983 4479 1127 4549 ἀρχῇ
1160 4479 1308 4547 είμι;
1364 4478 1580 4533 καὶτὸν
1635 4482 1872 4550 Κροῖσον

288 4565 489 4623 εἰπεεν.
521 4563 691 4618 πολύν
722 4581 847 4618 τινα
897 4566 1152 4635 ἀριθμόν.
1193 4567 1298 4621 Τὸν
1343 4567 1398 4620 δὲ
1443 4567 1625 4638 Κῦρον
1669 4571 1869 4637 φάναιο

290 4655 434 4724 ’Δτε
457 4655 561 4723 δὴ.
583 4649 632 4709 ὦ
662 4657 896 4725 Κροῖσε.
918 4657 1286 4728 σύμπεμψον
1307 4659 1495 4728 ἄνδρα
1516 4660 1639 4714 σὺν
1661 4661 1876 4715 Ὑστὰ-

291 4761 418 4816 cura
476 4749 693 4814 τούτῳ.
735 4749 816 4801 Σὺ
849 4748 938 4814 δὲ,
972 4748 1311 4813 Ὑστάσπα,
1361 4750 1691 4820 περιελθὼν
1730 4753 1874 4819 τοὺς

291 4839 535 4906 φίλους,
596 4837 736 4906 ,λέγε
787 4838 1015 4905 αὐτοῖς,
1070 4839 1160 4894 ὅτι
1201 4839 1408 4909 δέομαι
1441 4843 1698 4909 χρυσίου
1725 4844 1875 4912 πρὸς

296 4932 518 5000 πρᾶξίν
548 4947 705 4996 τινα,
735 4931 834 4984 καί
880 4931 1093 4987 κέλευε
1123 4933 1364 4999 αὐτοὺς,
1401 4936 1600 4988 ὁπόσα
1643 4935 1721 4990 ἂν
1739 4937 1878 4990 ἔνια-

296 5041 438 5092 στος
457 5024 732 5089 δύναιτο,
753 5025 999 5092 πορίσαι
1017 5041 1121 5094 μοι
1150 5024 1441 5094 χρήματα,
1475 5027 1572 5081 καί
1610 5029 1877 5098 γράψαν.

297 5133 399 5184 τας
452 5116 558 5171 καὶ
588 5117 1211 5186 κατασημηναμένους
1256 5116 1466 5172 δοῦναι
1499 5119 1607 5185 τὰς
1634 5120 1874 5175 ἐπιστο-

299 5208 410 5280 λὰς
437 5207 526 5274 τῷ
555 5207 818 5276 Κροίσου
848 5209 1184 5277 θεράποντι.
1234 5207 1419 5262 Ταῦτα
1451 5209 1509 5263 δὲ
1530 5211 1628 5264 ὅσα
1660 5212 1871 5266 ἐνετέλ-

299 5300 419 5355 λετο
441 5299 522 5371 τῷ
551 5299 839 5372 Ὑστάσπᾳ
855 5300 1072 5371 γράψας
1101 5299 1195 5353 καὶ
1220 5302 1622 5371 σημηνάμενος,
1643 5303 1701 5356 δέ
1716 5307 1875 5357 ῖωκεν

300 5393 445 5460 αὐτῷ
474 5393 666 5462 φέρειν
727 5393 869 5461 πρὸς
901 5392 1028 5454 τοὺς
1061 5389 1269 5458 φίλους.
1331 5391 1576 5461 Ἔγραψε
1629 5392 1688 5445 δὲ
1739 5394 1875 5461 πρὸς

304 5488 527 5552 πάντας,
571 5485 669 5538 καὶ
732 5483 1047 5537 Ὑστάσπαν
1096 5483 1171 5544 ὡς
1206 5481 1356 5551 φίλον
1388 5482 1554 5535 αὐτοῦ
1601 5483 1870 5554 δέχεσθαι.

317 5576 466 5629 Ἐπεὶ
495 5578 554 5631 δὲ
585 5575 868 5645 περιῆλθε,
904 5579 998 5628 καὶ
1031 5576 1263 5646 ἤνεγκεν
1295 5577 1322 5627 ὁ
1353 5558 1590 5646 Κροίσου
1621 5577 1874 5645 θεράπων

307 5671 402 5731 τὰς
434 5669 744 5735 ἐπιστολὰς,
778 5671 806 5722 ὁ
837 5669 1149 5732 Ὑστάσπας
1188 5663 1344 5722 εἶπεν
1371 5682 1384 5696 ‘
1419 5662 1494 5726 Ὦ
1526 5668 1678 5737 Κῦρε
1694 5668 1876 5735 βασι·

1977 4491 2216 4546 eumque
2235 4476 2304 4531 ab
2330 4474 2589 4530 omnibus
2604 4482 2664 4528 ut
2681 4472 2918 4530 amicum
2942 4488 3103 4528 suum
3128 4472 3350 4528 tractari
3365 4472 3549 4542 jussit.

1977 4569 2116 4626 Cum
2145 4566 2557 4632 circumisscnt,
2588 4574 2647 4621 et
2684 4565 2861 4621 Croesi
2891 4564 3148 4621 minister
3180 4565 3439 4636 epistolas
3469 4574 3552 4617 at-

1980 4660 2218 4724 tulisset,
2261 4659 2545 4729 Histaspes
2562 4659 2733 4714 dixit:
2762 4657 2874 4712 Rea:
2893 4657 3050 4729 Cyre.
3081 4673 3164 4711 me
3183 4672 3384 4728 quoque
3413 4673 3553 4709 nunc

1979 4759 2123 4804 utere
2154 4758 2219 4802 ue
2237 4750 2414 4804 divite.
2453 4747 2598 4802 Nam
2635 4755 2850 4818 propter
2877 4746 3380 4802 commendationem
3404 4755 3554 4800 tuam

1980 4851 2036 4895 et-
2062 4843 2170 4911 ipse
2191 4841 2431 4912 plurimis
2455 4842 2670 4911 affectus
2699 4857 2815 4894 sum
2837 4841 3158 4894 muneribus.
3184 4839 3322 4893 Tum
3354 4838 3550 4908 Cyrus,

1982 4931 2049 4986 Et
2069 4933 2171 4996 hic,
2196 4931 2376 5001 inquit
2390 4974 2405 4998 ,
2425 4930 2618 4994 Crasse,
2632 4946 2770 4984 unus
2787 4938 2862 4984 est
2878 4946 2942 4985 ea:
2959 4930 3221 4984 thesauris
3235 4931 3460 5004 nostris.
3477 4929 3552 4982 Tu

1979 5039 2099 5077 vero
2124 5029 2336 5076 crateras
2357 5021 2764 5092 contemplatus,
2789 5031 3020 5092 supputa
3037 5029 3241 5092 quanta
3259 5022 3386 5076 mihi
3401 5035 3525 5088 pecu
3539 5048 3553 5057 -

1979 5117 2070 5168 nia
2089 5115 2157 5168 sit
2175 5116 2220 5168 si
2243 5114 2402 5183 fuerit
2421 5129 2570 5183 opus.
2596 5115 2647 5168 is
2663 5128 2795 5168 vero
2815 5114 2977 5184 longe
2997 5112 3258 5183 majorem
3282 5125 3553 5166 summam

1980 5207 2272 5275 reperiissc
2302 5205 2500 5269 fertur,
2524 5220 2685 5274 quam
2705 5205 2760 5259 in
2787 5204 3063 5261 thesauris
3094 5218 3221 5257 eum
3235 5201 3552 5256 habiturum

1981 5297 2152 5352 fuisse
2191 5297 2440 5362 dixerat,
2476 5297 2520 5351 si
2553 5295 2888 5367 collegisset,
2932 5310 2997 5350 ac
3065 5294 3267 5364 Cyrum
3307 5291 3550 5347 dixisse:

1995 5388 2194 5450 Viden‘,
2242 5389 2436 5454 Cresc,
2468 5396 2516 5443 et
2549 5389 2676 5442 mihi
2702 5390 2976 5443 thesauros
3008 5384 3160 5442 esse?
3193 5383 3330 5439 Cum
3367 5389 3556 5436 autem

1982 5481 2036 5536 in
2080 5481 2265 5535 animo
2296 5481 2546 5544 haberet,
2583 5478 2653 5533 ad
2697 5477 3007 5549 pulvinaria
3048 5476 3280 5532 deorum
3327 5473 3557 5526 immor-

1985 5575 2176 5628 talium
2213 5573 2581 5643 supplicatum
2625 5573 2706 5626 ire
2743 5589 2756 5624 :
2808 5569 3018 5625 vocatis
3046 5565 3394 5634 principibus
3420 5562 3556 5618 Per-

1988 5678 2174 5720 sarum
2208 5669 2265 5719 ct
2296 5669 2646 5725 ceterorum,
2685 5661 2856 5715 stolas
2899 5657 3139 5714 Medicas
3173 5655 3317 5709 inter
3350 5669 3447 5708 eos
3471 5653 3551 5710 di-
