3958 6204
539 175 642 243 311
1607 255 1610 257 ἓ
1777 178 2109 240 JOANNIS
2145 180 2470 242 ZONAR/E
3631 200 3732 268 .31,

531 288 624 356 qui
661 282 910 348 aderant,
935 299 1000 340 ac
1029 283 1220 340 dextra
1256 292 1512 356 porrecta
1544 285 1824 351 omnibus,
1859 296 2094 342 contect:

2168 293 2423 363 nupsit;
2448 291 2542 346 τοῦ
2577 293 2691 365 βίου
2731 296 2764 366 ὴ
2803 293 3051 363 τελευτὴ,
3107 294 3198 350 καὶ
3235 301 3462 370 τριταῖος
3496 303 3609 368 τοῦς
3627 313 3731 361 παῖ-

531 379 694 442 l'acie,
726 377 1044 446 exspiravit.
1089 377 1168 431 Eo
1209 375 1493 444 defuncto,
1525 377 1710 433 statim
1752 378 1850 432 ﬁlii
1885 378 2094 434 seditio

2220 382 2316 446 δας
2339 384 2568 438 ἐκάλεσε
2597 387 2935 456 (συνείποντο
2961 386 3068 458 γὰρ
3095 388 3261 459 αὐτῷ)
3299 391 3389 444 καὶ
3425 395 3541 458 τοὺς
3577 397 3732 464 φίλους

531 483 656 523 nem
691 475 1006 530 moverunt,
1041 465 1208 520 urbes
1237 481 1301 521 ac
1322 467 1622 536 provincia:
1673 468 2019 530 defecerunt,
2045 483 2094 522 at

2219 473 2318 526 καὶ
2363 475 2462 538 τὰς
2522 475 2746 547 Περσῶν
2802 478 3000 548 ἀρχὰς,
3041 479 3132 531 καὶ
3154 475 3338 533 εἷπεν·
3396 483 3500 538 Mcl
3524 485 3627 553 μὲν
3648 491 3732 544 τοῦ

532 560 585 613 in
611 560 768 630 pejus
797 559 1031 614 ruebant
1078 558 1281 614 omnia.
1315 558 1494 629 Atque
1525 559 1637 614 haec
1667 574 1697 614 a
1743 559 2095 629 Xenophonte

2212 565 2359 630 ,βίου
2392 564 2460 620 τὸ
2504 567 2677 632 τέλος
2703 567 2818 636 ἤδη
2865 569 3146 638 πάρεστι,
3203 569 3295 624 δεῖ
3335 572 3400 625 δὲ
3445 580 3732 643 σαφηνίσαι

529 654 596 706 de
620 651 760 724 Cyro
781 652 995 722 prodita
1029 651 1293 707 sunt.Sed
1323 651 1636 708 Herodotus
1662 652 2092 707 Halicarnasseu:

2217 658 2349 726 περὶ
2378 657 2489 727 τῆς
2519 658 2864 726 βασιλείας,
2897 663 3014 715 τίνι
3039 663 3239 716 ἔσεται
3260 665 3381 732 μετ’
3419 665 3535 730 ἐμὲ,
3562 669 3648 722 ἵνα
3665 672 3733 738 μὴ

529 763 592 801 ea
630 748 698 802 de
729 746 855 817 Cyri
884 745 1236 806 educatione.
1267 745 1447 808 obitu,
1490 753 1716 815 totaque
1745 746 1858 800 vita
1901 754 2087 800 narrat

2274 749 2528 818 ocimum
2573 751 2715 820 ὑμῖν
2749 753 3058 822 παράσχῃ,
3101 755 3383 823 γενομένη
3431 758 3734 829 ἀμφίλογος.
3829 746 3837 760 ’

530 853 652 906 ane
686 852 971 892 recensere
1001 835 1272 906 prolixum
1305 835 1493 890 fuerit.
1521 835 1653 889 Mihi
1687 851 1821 891 vero
1849 850 2093 906 compen-

2214 839 2299 894 Σὺ
2325 839 2441 910 μὲν
2467 837 2598 906 οὖν,
2634 838 2682 897 ὧ
2727 846 3035 912 Καμϐύση,
3093 848 3482 915 πρεσϐύτερος
3505 849 3610 916 ὢν,
3649 854 3738 918 τὴν

530 930 682 983 dium
726 929 1080 983 historiarum
1115 927 1403 994 scribenti,
1458 941 1568 981 non
1619 927 1879 983 convenit
1916 927 2093 982 verbo.

2214 932 2548 996 ,ϐασιλείαν
2567 933 2691 1004 ἔχε,
2728 934 2879 990 θεῶν
2925 935 3236 1004 διδόντων,
3271 938 3475 1007 λὰμοῦ.
3500 941 3588 994 Σοί
3612 940 3739 1005 δὲ,ὧ

533 1036 656 1074 sum
695 1035 834 1089 opus
859 1029 1154 1075 contexere
1185 1035 1199 1072 :
1233 1018 1328 1073 sed
1379 1018 1514 1073 satis
1559 1026 1642 1072 est
1680 1033 1744 1073 ea
1776 1018 2096 1072 consectari.

2219 1023 2562 1094 Ταναοξάρη
2611 1026 2710 1095 (6),
2741 1022 2894 1081 εἶναι
2944 1030 3221 1098 σατράπῃ
3247 1029 3447 1100 δίδωμι
3489 1033 3676 1097 Μήδων
3690 1051 3739 1088 τι

532 1127 655 1180 qnze
707 1112 1083 1182 probabiliora
1130 1111 1412 1166 videntur.
1447 1109 1609 1181 169
1648 1108 1748 1166 Cui
1781 1124 1916 1164 vero
1943 1110 2095 1164 etiam

2219 1113 2318 1167 καὶ
2353 1113 2665 1182 Ἀρμενίων
2697 1115 2794 1169 καί
2851 1116 3264 1174 Καδδουσίων.
3303 1118 3480 1171 Ταῦτα
3514 1122 3612 1181 τοῖς
3642 1136 3739 1172 παι-

534 1199 796 1256 llerodoti
822 1201 890 1256 de
914 1201 1008 1256 illo
1039 1201 1390 1256 narrationes
1413 1200 1672 1256 evolvere
1717 1199 1873 1265 libet,
1906 1200 1953 1254 is
1994 1199 2097 1254 btet

2219 1206 2304 1258 σὶν
2337 1207 2733 1278 ἐντειλάμενος,
2771 1209 2868 1264 καὶ
2895 1209 3228 1280 παραινέσας
3274 1209 3458 1273 πολλὰ,
3485 1213 3568 1262 καὶ
3603 1227 3740 1281 προσ-

533 1293 677 1348 libro
711 1293 910 1362 primo,
947 1294 1033 1348 cui
1066 1291 1277 1348 Clionis
1301 1291 1467 1347 Musa:
1493 1291 1683 1362 prima:
1720 1291 1942 1347 titulum
1970 1291 2096 1346 indi-

2217 1296 2386 1351 ειπὼν
2432 1300 2560 1363 τοὺς
2637 1301 2936 1371 παρόντας,
2984 1301 3080 1356 καὶ⁸
3137 1301 3343 1366 πάντας
3374 1301 3739 1370 δεξιωσάμενος.

534 1387 636 1450 dit,
671 1387 938 1443 inveniet.

2219 1388 2654 1460 συνεκαλύψατο,
2692 1393 2788 1446 καὶ
2816 1391 2989 1456 οὕτως
3019 1392 3288 1458 ἐξέλιπεν.
3327 1395 3478 1447 Ἐπεὶ
3498 1393 3540 1448 δ’
3576 1396 3741 1456 ἐκεῖνος

530 1481 716 1552 ἀπῄει,
748 1482 912 1544 εὐθὺς
946 1482 999 1536 οἱ
1037 1485 1224 1548 παῖδες
1252 1484 1418 1538 αὑτοῦ
1454 1485 1798 1550 ἐστασίαζον,
1833 1484 2022 1546 πόλεις
2087 1482 2144 1534 δὲ
2184 1485 2280 1537 καὶ
2337 1483 2464 1554 ἔθνη
2505 1485 2821 1554 ἀφίσταντο,
2857 1489 3038 1543 πάντα
3068 1489 3113 1543 δ’
3145 1490 3238 1544 ἐπὶ
3263 1491 3321 1543 τὸ
3358 1493 3529 1562 χεῖρον
3553 1491 3743 1550 ἐτράπο-

529 1589 612 1629 το.
647 1572 832 1626 Ταῦτα
873 1573 972 1643 μὲν
1018 1570 1113 1628 οῦν
1144 1575 1222 1646 τῷ
1263 1575 1576 1645 Ξενοφῶντι
1616 1578 1746 1647 περὶ
1817 1575 2004 1646 Κύρου
2046 1574 2350 1646 ἱστόρηται.
2432 1575 2493 1630 Ὀ
2541 1577 2586 1630 δ’
2671 1578 3096 1647 Ἁλικαρνασεὺς
3171 1579 3447 1652 Ἡρόδοτος
3494 1581 3614 1637 ἄλλα
3641 1586 3744 1652 περὶ

528 1664 630 1732 τῆς
665 1663 847 1735 Κύρου
882 1665 1048 1736 φησὶν
1065 1667 1355 1738 ἀναγωγῆς
1377 1667 1549 1721 τεκαὶ
1580 1667 1864 1736 τελευτῆς.
1924 1667 2148 1736 καὶτῆς
2221 1667 2417 1738 λοιπῆς
2457 1669 2664 1741 βιοτῆς,
2705 1672 2742 1726 a
2801 1672 3013 1745 μακρὸν
3044 1673 3110 1727 ἂν
3147 1673 3233 1745 εἴη
3271 1674 3585 1744 διηγεῖσθαι,
3621 1665 3742 1743 Ἐμοὶ

529 1755 575 1809 δ’
608 1757 878 1829 ἐπιτομὴν
919 1760 1166 1830 ἱστορίας
1204 1759 1583 1831 πεποιημένῳ,
1618 1761 1718 1815 οῦκ
1753 1760 1975 1815 ἐπέοικε
2013 1759 2114 1830 τὴν
2153 1763 2541 1832 πραγματείαν
2628 1763 2820 1818 θέσθαι
2874 1765 3238 1837 πολύστιχον,
3289 1765 3402 1819 ἀλλ’
3437 1765 3587 1828 αὐτὸς
3650 1764 3740 1834 nivi

535 1848 598 1901 τὰ
626 1849 969 1922 πιθανώτερα
993 1851 1228 1924 ἔγραψα.
1248 1852 1396 1922 Ὅτῳ
1415 1852 1460 1906 δ’
1494 1853 1690 1908 εἰδέναι
1751 1851 2022 1922 βούλημα,
2053 1851 2148 1905 καὶ
2183 1850 2327 1922 ἅπερ
2380 1853 2665 1926 Ἡρόδοτος
2692 1857 2822 1928 περὶ
2871 1858 3037 1912 αὐτοῦ
3079 1858 3482 1929 συνεγρὰψιτο,
3511 1858 3600 1927 τὴν
3636 1851 3744 1908 ὲκεί-

531 1959 625 1996 νου
683 1944 1210 2014 μεταχειρισάμενος
1252 1945 1458 2016 βίϐλον,
1491 1947 1718 2019 εὑρήσει
1772 1946 1946 2001 ταῦτα
1975 1945 2116 1998 κατὰ
2147 1943 2241 1998 τὸν
2303 1948 2523 2019 πρῶτον
2568 1950 2770 2018 τλόγον,
2804 1945 2849 2020 ᾧ
2878 1952 2978 2022 τὴν
3027 1951 3260 2024 πρώτην
3285 1951 3392 2006 τῶν
3421 1953 3626 2006 Μουσῶν
3647 1953 3744 2010 ἐπέ-
3817 1982 3823 1991 ·

532 2033 713 2105 γραψε
754 2038 822 2108 τῇ
863 2035 1032 2108 βίϐλῳ
1057 2038 1157 2108 τὴν
1185 2038 1391 2095 Κλειώ.
3681 2026 3688 2032 ’

1654 2383 2009 2469 LIBER
2087 2381 2685 2486 QUARTUS.

607 2603 650 2657 ι.
683 2599 859 2672 Cyrus
905 2598 1070 2670 igitur
1110 2599 1456 2670 Assyriorum
1493 2615 1725 2670 regnum
1777 2599 1857 2655 sic
1893 2595 2113 2659 evertit,
2147 2599 2170 2656 ί

2183 2607 2188 2650 ι
2287 2593 2367 2651 A'.
2402 2595 2583 2668 Κῦρος
2614 2597 2714 2668 μὲν
2747 2597 2838 2653 οὖν
2875 2597 3016 2654 οὕτω
3039 2599 3140 2671 τὴν
3173 2599 3284 2654 τῶν
3315 2599 3594 2669 Ἀσσυρίων
3609 2595 3746 2667 ἀρχὴν

537 2703 591 2749 et
622 2693 800 2764 primo
829 2693 915 2747 sui
951 2691 1167 2762 imperii
1200 2708 1367 2756 anno,
1423 2707 1454 2746 a
1487 2691 1804 2762 captivitate
1833 2687 2100 2745 liebraica

2219 2688 2576 2744 καταλέλυκε.
2598 2689 2688 2758 Τῷ
2710 2691 2768 2745 δὲ
2787 2689 2988 2761 πρώτῳ
3007 2693 3116 2745 ἔτει
3149 2692 3252 2762 τῆς
3291 2691 3551 2761 βασιλείας
3598 2689 3749 2751 αὑτοῦ,

537 2785 718 2854 gentis
763 2784 1190 2853 septuagesimo.
1243 2781 1450 2837 Iudaeis
1492 2783 1586 2853 qui
1640 2781 1916 2853 Babylone
1959 2781 2100 2850 dege

2217 2781 2605 2853 ἑϐδομηκοστῷ
2659 2783 2774 2837 ὄντι
2817 2783 3003 2850 ὲξότου
3059 2783 3319 2854 Ἑϐραῖοι
3371 2785 3446 2847 εἰς
3506 2780 3750 2836 Βαϐυλῶνα

538 2875 694 2938 bant,
743 2874 925 2929 redire
968 2873 1370 2945 Hierosolyma,
1415 2873 1722 2944 urbemque
1761 2882 1817 2927 et
1852 2872 2101 2942 lcmplnn

2219 2873 2279 2938 ἐξ
2310 2875 2665 2947 Ἰερουσαλὴμ
2690 2875 3134 2946 μετηνέιχθησαν,
3167 2875 3442 2946 ἐπέτρεψε
3467 2877 3567 2937 τοῖς
3595 2875 3645 2926 ἐν
3671 2871 3752 2924 Βα-
3775 2909 3779 2914 ς

538 2965 848 3019 instaurare
900 2963 1174 3034 permisit,
1229 2963 1283 3018 id
1334 2965 1481 3035 quod
1529 2963 1797 3034 propheta
1850 2963 2101 3018 Ieremia:

2218 2965 2420 3021 ϐυλῶνι
2457 2963 2608 3021 οὖσιν
2661 2968 2936 3031 Ἰουδαίοις
2991 2967 3261 3022 ἀπελθεῖν
3301 2969 3379 3031 είς
3431 2965 3747 3036 Ἰεροσόλυμα.

537 3057 884 3128 prazdixerat,
934 3066 989 3112 et
1033 3067 1162 3112 ante
1218 3056 1373 3112 illum
1430 3055 1617 3112 Isaias.
1677 3056 1810 3112 Nam
1861 3055 1952 3109 ille
2000 3063 2100 3108 tun

2241 3060 2316 3112 ιαὶ
2354 3059 2775 3128 ἀνοικοδομῆσαι
2824 3060 2926 3130 τήν
2984 3076 3044 3112 τε
3081 3060 3246 3114 πόλιν
3281 3061 3378 3115 καὶ
3422 3058 3509 3113 τὸν
3543 3057 3667 3118 ναὸν,
3693 3054 3751 3114 ὡς
3795 3094 3804 3104 .

536 3149 694 3214 vixit,
722 3165 850 3204 cum
880 3149 1010 3204 urbs
1043 3159 1337 3219 caperetur
1372 3166 1387 3203 :
1436 3148 1528 3203 hic
1567 3157 1696 3204 ante
1741 3147 2099 3217 captivitatem

2217 3151 2246 3203 6
2279 3149 2568 3220 προσήτης
2606 3149 2877 3220 Ἱερεμίας
2903 3150 3367 3222 πρωνεφώνησε,
3401 3151 3494 3204 καὶ
3519 3147 3612 3218 πρὸ
3634 3143 3749 3198 ὲκεί-

539 3241 714 3302 nrbis,
763 3250 820 3296 et
853 3240 1042 3310 templi
1089 3240 1458 3302 eversionem,
1505 3239 1664 3293 annis
1705 3246 1928 3294 centum
1981 3253 2102 3307 qua-

2218 3259 2312 3296 vou
2366 3243 2396 3295 6
2443 3242 2672 3304 Ἦσαῖας
2713 3241 3068 3313 προείρηκεν.
3117 3242 3180 3294 ὐ
3228 3243 3329 3312 μὲν
3382 3242 3488 3310 γὰρ
3521 3237 3601 3309 ἦν.
3633 3234 3749 3300 ὅτεὴ

538 3332 806 3402 draginta.
837 3332 1026 3402 Neque
1057 3347 1188 3387 vero
1221 3332 1337 3386 haec
1377 3329 1644 3385 duntaxat
1678 3329 1970 3392 concessit,
2019 3329 2101 3382 set

2219 3333 2374 3397 πόλις
2399 3333 2534 3403 ἥλω,
2575 3333 2670 3386 καὶ
2707 3333 2734 3384 6
2758 3332 2886 3395 ναὸς
2909 3331 3264 3402 κατεσκάφη,
3292 3334 3322 3386 6
3347 3333 3390 3386 δ⁹
3431 3333 3638 3390 Ἡσαΐας
3659 3325 3750 3378 ἔτε-

537 3433 595 3479 et
646 3439 798 3479 sacra
853 3439 1020 3490 vasa,
1086 3439 1116 3478 a
1173 3423 1716 3479 Nabuchodonosore
1784 3422 2100 3490 Babylonerr

2219 3441 2303 3478 σιν
2341 3424 2536 3478 ἑκατὸν
2586 3423 2681 3477 καὶ
2737 3423 3155 3494 τεσσαράκοντα
3193 3424 3462 3494 πρότερον
3489 3418 3630 3491 ﬁmi)
3675 3416 3752 3484 τὴν

541 3517 826 3578 translata.
891 3532 989 3588 per
1035 3515 1405 3570 Mithridatem
1461 3525 1791 3584 quaestorem
1851 3529 2010 3568 suum
2061 3523 2104 3568 el

2219 3514 2372 3568 πόλιν
2412 3514 2637 3576 ἁλῶναι,
2671 3514 2766 3567 καὶ
2791 3515 3219 3583 κατασκαφῆναι
3243 3515 3302 3568 τὸ
3327 3515 3488 3583 ἱερόν.
3526 3511 3592 3564 Οὐ
3626 3507 3751 3578 μόνον

539 3605 932 3662 Zoroliahelem
991 3621 1098 3661 una
1155 3605 1388 3661 remisit.
1461 3604 1527 3660 Et
1580 3605 1819 3677 Syriacis
1881 3605 2102 3674 satrapis

2216 3604 2265 3659 δ’
2303 3605 2476 3675 ἐφῆκε
2500 3606 2614 3667 τοῖς
2637 3603 3011 3675 αἰχμαλώτοις
3029 3607 3131 3675 τὴν
3154 3605 3444 3666 ἐπάνοδον.
3467 3605 3556 3658 καὶ
3572 3603 3657 3671 τὴν
3675 3597 3752 3663 τῆς

540 3699 841 3762 mandavit,
870 3708 930 3754 ut
967 3697 1051 3753 eis
1092 3696 1161 3751 ad
1193 3695 1614 3752 aediﬁcationem
1666 3695 1986 3766 adiumento
2031 3711 2103 3750 es-

2218 3696 2429 3759 πόλεως
2468 3696 2564 3750 καὶ
2590 3695 2685 3748 τοῦ
2709 3696 2840 3749 ναοῦ
2859 3695 3250 3762 ἐξανάστασιν,
3275 3697 3410 3750 ἀλλὰ
3428 3696 3516 3750 καὶ
3535 3694 3597 3748 τὰ
3617 3688 3751 3755 σκεύη

541 3802 684 3854 sent.
714 3801 770 3848 et
793 3806 988 3847 omnes
1013 3801 1268 3861 sumptus
1292 3789 1360 3845 de
1398 3789 1546 3860 regia
1579 3787 1814 3859 pecunia
1857 3787 2104 3858 suppedi-

2218 3787 2286 3840 τὰ
2309 3785 2401 3840 τοῦ
2425 3787 2556 3841 ναοῦ
2574 3786 2610 3841 ἃ.
2635 3786 3104 3857 Ναϐουχοδονόσορ
3124 3789 3209 3851 είς
3238 3787 3534 3842 Βαϐυλῶνα
3547 3785 3753 3853 ἐκόμισε.

544 3897 742 3943 tarenl.
798 3884 952 3940 Hisa
992 3884 1134 3955 Cyro
1188 3882 1524 3947 constitutis,
1580 3882 1818 3936 duarum
1871 3881 2107 3936 tribuum

2222 3879 2562 3950 συνέπεμψε,
2604 3879 2882 3948 παραδοὺς
2936 3878 3114 3932 ταῦτα
3151 3881 3352 3950 φέρειν
3385 3876 3665 3948 Μιθριδάτῃ
3695 3870 3755 3938 τῷ

539 3977 781 4034 Judaica:
816 3985 873 4032 et
895 3975 1262 4046 Benjamiticaa
1294 3973 1593 4044 principes,
1622 3971 1826 4027 Levita:
1851 3981 1908 4027 et
1930 3986 2102 4027 sacer-

2219 3971 2384 4025 αὐτοῦ
2418 3970 2777 4041 γαζοφύλακι.
2839 3972 2935 4025 καὶ
2978 3970 3058 4041 τῷ
3095 3972 3430 4042 Ζοροϐάϐελ..
3491 3963 3755 4023 Ἐπέστειλι

541 4072 700 4128 dotes
725 4068 1101 4139 Hierosolyma
1133 4066 1566 4122 contenderunt.
1621 4065 1776 4120 Multi
1815 4065 1980 4120 etiam
2013 4065 2104 4120 Ba-

2219 4060 2274 4112 δὲ
2303 4062 2394 4115 καὶ
2424 4061 2537 4122 τοῖς
2564 4061 2623 4112 ὲν
2654 4059 2826 4130 Συρίᾳ
2855 4059 3190 4130 σατράπαις,
3237 4059 3582 4129 συναίρεσθαι
3609 4053 3757 4111 αὐτοῖς

541 4160 739 4232 bylone
774 4175 1018 4223 manere,
1043 4175 1210 4230 quam
1241 4174 1370 4215 suas
1399 4157 1775 4228 possessiones
1804 4157 2104 4227 relinquere

2219 4152 2310 4204 ἐπὶ
2354 4153 2419 4220 τῇ
2470 4151 2579 4203 τῶν
2616 4149 2795 4221 ἔργων
2831 4151 3113 4222 οἰκοδομῇ,
3154 4153 3253 4205 καὶ
3281 4152 3382 4222 τὴν
3419 4151 3648 4218 δαπάνην
3681 4142 3757 4197 αὖ·

542 4252 874 4306 malnerunt.
926 4249 1046 4317 Quo
1091 4265 1218 4304 cum
1263 4249 1669 4320 pervenissent,
1722 4246 1847 4319 Cyri
1883 4258 2105 4316 satrapa

2220 4246 2344 4304 τοὺς
2371 4243 2630 4312 χορηγεῖν
2660 4242 2842 4295 πᾶσαν
2879 4242 2944 4294 ὲκ
2995 4242 3104 4294 τῶν
3134 4242 3439 4312 βασιλικῶν
3481 4237 3755 4313 χρημάτων.

541 4359 733 4418 omnes
761 4343 828 4398 ad
861 4341 1281 4397 aediﬁcationem
1332 4340 1414 4397 eis
1448 4339 1624 4409 (luere
1655 4348 1840 4395 autem
1883 4339 2104 4410 quadra-

2221 4333 2409 4387 Ταῦτα
2445 4332 2538 4385 τοῦ
2593 4331 2776 4402 Κύρου
2815 4332 3196 4397 θεσπίσαντος,
3240 4334 3569 4418 ὲξῴρμησαν
3597 4329 3642 4382 oi
3672 4322 3759 4378 τῶν

541 4417 690 4502 ginta
721 4433 830 4489 duo
863 4433 1033 4488 millia
1079 4441 1136 4488 et
1187 4434 1466 4498 sexcenta)
1504 4433 1821 4504 adjumcnto
1870 4433 2104 4486 fuerunt.

2221 4425 2314 4478 δύο
2349 4425 2530 4495 φυλῶν
2558 4425 2818 4496 ἄρχοντες
2863 4428 2962 4496 τῆς
3001 4443 3060 4480 τε
3107 4424 3204 4479 τοῦ
3259 4417 3433 4501 Ἰούδα
3459 4423 3662 4488 καὶτῆς
3686 4417 3760 4504 Βεῂ

541 4525 659 4580 .lam
709 4526 763 4579 in
811 4525 964 4580 urbis
1011 4533 1068 4581 et
1121 4526 1309 4596 templi
1361 4503 1816 4580 instaurationem
1869 4523 2104 4577 intentis

2221 4515 2541 4586 νιαμίτιδος,
2571 4515 2624 4568 οἵ
2669 4531 2730 4567 τε
2779 4516 3006 4568 Λευῖται
3059 4514 3156 4570 καὶ
3205 4517 3256 4569 οί
3301 4517 3486 4584 ἱερεῖς.
3523 4503 3761 4568 Πολλοὶδέ

544 4616 790 4672 ﬁnitima!
818 4626 1029 4687 gentes,
1059 4616 1308 4672 Chuthaei
1327 4617 1652 4684 prmsertim,
1671 4631 1810 4684 quos
1833 4615 2107 4668 Salmana-

2222 4609 2280 4661 ιν
2309 4611 2376 4678 τῇ
2402 4607 2680 4662 Βαϐυλῶνι
2705 4607 3057 4677 κατέμειναν,
3087 4608 3187 4671 τὰς
3216 4610 3449 4680 κτήσεις
3480 4599 3763 4660 καταλιπεῖν

545 4721 655 4767 sar.
709 4705 886 4776 captis
935 4706 1201 4761 Israelitis
1251 4705 1552 4762 Samariam
1590 4706 1929 4768 traduxerat,
1976 4705 2108 4759 invi-

2222 4700 2320 4770 οὖχ
2342 4699 2674 4770 αἱρούμενοι.
2711 4699 3187 4768 Παραγενομένοις
3215 4701 3271 4752 δὲ
3303 4702 3388 4762 είς
3430 4694 3760 4767 Ἰεροσόλυμα.

546 4795 762 4856 dentes,
823 4803 1074 4864 satrapas
1125 4796 1181 4850 in
1250 4794 1446 4865 primis
1513 4793 1616 4847 sibi
1670 4794 1987 4862 conciliant,
2051 4811 2109 4850 ne

2222 4792 2272 4845 οί
2303 4793 2394 4846 τοῦ
2423 4791 2608 4862 Κύρου
2645 4791 2844 4854 πάντες
2888 4791 3196 4861 συνήργουν
3226 4790 3416 4855 αὐτοῖς
3464 4790 3544 4850 είς
3573 4787 3661 4848 τὰς
3699 4780 3763 4832 οὶ-

544 4885 962 4940 mdilicationem
992 4893 1402 4956 promovet-ent.
1433 4883 1638 4939 Deinde
1664 4885 1805 4955 Cyro
1834 4884 2107 4942 defuncto.

2223 4882 2480 4952 κοδομὰς,
2508 4883 2600 4936 καὶ
2627 4883 3014 4952 συνέπραττον.
3046 4877 3225 4935 τΗσαν
3248 4881 3295 4935 δ’
3327 4884 3379 4936 oi
3413 4876 3764 4938 ἐπανελθόντες

545 4977 688 5048 apud
717 4978 1038 5050 Camhysem
1092 4978 1264 5032 lilium
1310 4986 1367 5032 et
1414 4992 1786 5033 successorem
1833 4978 1976 5049 ejus,
2014 4979 2108 5035 lle-

2227 4974 2485 5046 μυριαδες
2510 4975 2796 5045 τέσσαρες,
2828 4972 3074 5043 δισχίλιοι
3113 4990 3171 5026 τε
3201 4973 3295 5026 καὶ
3329 4973 3616 5038 ἑξακόσιοι.
3649 4963 3761 5029 Ἤδη

547 5069 741 5133 brzeos,
781 5081 842 5125 ut
861 5080 1080 5140 gentem
1105 5068 1370 5140 perfidam
1399 5078 1456 5124 et
1475 5068 1756 5133 rebellem.
1789 5085 1888 5139 per
1911 5071 2110 5126 littera:

2222 5069 2278 5123 δὲ
2303 5071 2434 5138 περὶ
2469 5066 2570 5138 τὴν
2601 5065 2891 5135 οἰκοδομὴν
2919 5067 3017 5134 τῆς
3047 5063 3254 5126 πόλεως
3283 5063 3640 5120 σπευδόντων,
3687 5052 3763 5106 καὶ

501 5155 504 5158 ’
546 5161 930 5216 criminantur.
969 5160 1125 5228 Quod
1159 5161 1205 5217 si
1237 5162 1429 5217 urbem
1471 5169 1527 5217 et
1559 5161 1822 5232 templum
1873 5164 2064 5232 pericu

2223 5160 2316 5215 τοῦ
2349 5159 2501 5223 ναοῦ,
2543 5159 2611 5212 τὰ
2643 5158 2802 5226 πέριξ
2831 5157 2982 5226 ἔθνη,
3034 5155 3128 5210 καὶ
3160 5155 3401 5225 μάλιστα
3429 5154 3490 5208 τὸ
3514 5149 3764 5206 Χουθαίων

549 5254 682 5315 rint.
716 5269 896 5324 neque
933 5254 1138 5308 tributa
1169 5268 1457 5324 pensuros,
1501 5269 1680 5322 neque
1711 5253 1862 5307 dicto
1890 5253 2112 5308 audien-

2225 5252 2318 5317 οὒς
2348 5249 2718 5320 Σαλμανασὰρ
2749 5246 3048 5319 μετῴκισεν
3078 5248 3156 5310 είς
3190 5247 3528 5316 Σαμάρειαν,
3552 5246 3634 5297 ὅτε
3662 5237 3765 5294 τοὺς

553 5355 635 5403 tes
666 5344 898 5402 futuros.
937 5344 1030 5400 llis
1063 5353 1115 5400 et
1147 5344 1398 5414 pluribus
1419 5345 1542 5400 aliis
1565 5345 1786 5414 scriptis
1808 5343 1858 5399 ei
1893 5360 2116 5414 persua-

2234 5342 2579 5416 Ἰσραηλίτας
2610 5338 3008 5412 ὲξῃμαλώτισε,
3042 5337 3386 5408 φθονοῦντες,
3423 5339 3550 5402 τοὺς
3587 5331 3763 5402 σατρά-

1758 5504 1959 5568 νετίω
1987 5504 2293 5568 lectiones
2321 5509 2385 5566 et
2413 5511 2605 5566 nolle.

633 5632 708 5702 (6)
749 5633 1110 5702 Ταναοξάρη.
1140 5631 1218 5688 lla
1240 5630 1544 5702 Xenotilton
1570 5649 1584 5696 ;
1615 5640 1670 5687 at
1691 5631 1812 5689 cod.
1846 5630 2003 5686 Colb.
2037 5630 2196 5684 Tava.

1044 5649 1110 5701 ιη.
1140 5631 1218 5688 lla
1240 5630 1544 5702 XenOplion
1570 5649 1584 5696 ;
1615 5640 1670 5687 at
1691 5631 1812 5689 cod.
1846 5630 2003 5686 Colb.
2037 5628 2338 5702 Ταναζάρῃ
2367 5630 2607 5702 praefert.
