3926 6210
385 247 494 308 315

1657 233 1984 301 JOANNIS
2017 233 2339 295 ΖΟΝΑΒᾹΞ

3533 238 3644 305 316

387 366 495 411 tem
537 355 862 426 proclamat.
903 352 1040 410 Cum
1091 361 1276 408 autem
1321 352 1432 423 jam
1486 363 1704 406 menses
1760 355 1984 416 septem

2088 348 2228 398 λειαν
2259 347 2426 398 πᾶσιν
2467 346 2556 399 ἐπ’
2585 344 2678 414 ετη
2713 346 2840 418 τρία
2868 346 3155 416 ἐκήρυξεν.
3196 345 3336 418 Ἤδη
3381 349 3438 403 δὲ
3476 352 3656 421 μῆνας

385 456 690 518 regnasset,
723 448 828 502 hoc
869 448 1034 501 modo
1059 453 1148 500 est
1172 444 1415 511 agnitus.
1445 441 1649 498 Otanes
1682 439 1970 495 nobilitate

385 549 446 594 et
493 541 694 611 opibus
740 540 1088 594 Persicorum
1131 536 1444 608 principum
1502 535 1657 589 nullo
1717 531 1967 594 inferior,

387 633 554 687 tiliam
582 633 821 687 habebat
861 631 1252 702 Pbadymiam,
1281 627 1540 698 Cambysi
1571 635 1822 696 nuptam.
1868 623 1972 679 Ea-

384 724 512 778 dem
547 724 754 792 Magos,
781 733 852 776 ἰιι
879 733 938 778 et
962 723 1177 779 caeteris
1201 721 1367 791 regiis
1400 718 1751 780 concubinis,
1784 717 1973 770 uteba-

390 813 610 866 tur.Ab
659 827 722 867 ea
770 823 928 881 pater
959 813 1100 866 clam
1133 827 1232 882 per
1285 809 1693 866 internuntium
1747 806 1976 876 quaeri-t9

386 917 520 956 num
567 917 695 956 cum
745 902 960 958 Smerdi
1009 903 1134 974 Cyri
1181 903 1295 959 lilio
1323 903 1691 959 concumbat?
1739 901 1830 955 illa
1884 914 1972 953 re-

379 995 624 1063 spondet
681 1010 741 1049 se
771 1010 875 1050 nec
888 995 1101 1050 vidisse
1129 995 1254 1067 Cyri
1290 995 1586 1059 Smerdim,
1626 1006 1806 1063 neque
1828 991 1972 1046 scire

385 1088 520 1154 quis
548 1087 622 1140 sit
652 1087 700 1141 is
726 1102 852 1142 cum
886 1103 996 1156 quo
1021 1088 1284 1143 dormiat.
1332 1088 1496 1142 Pater
1527 1086 1711 1140 denuo
1743 1085 1812 1140 ad
1849 1099 1970 1139 eam

390 1178 586 1243 mittit,
627 1187 689 1232 ut
715 1195 876 1233 suum
900 1179 1219 1234 mandatum
1250 1179 1333 1232 vel
1371 1193 1496 1234 cum
1525 1175 1776 1248 periculo
1813 1190 1973 1231 exse-

388 1277 615 1335 quatur,
661 1269 705 1324 si
763 1269 834 1325 sit
873 1284 1058 1340 opus:
1097 1285 1162 1324 ac
1213 1277 1401 1324 monet
1443 1278 1527 1334 ut,
1582 1265 1804 1336 quando
1845 1281 1970 1320 cum

392 1375 523 1429 rege
572 1361 832 1425 dormiat,
884 1364 1006 1432 ejus
1059 1361 1386 1416 dormientis
1436 1374 1601 1415 aures
1645 1365 1972 1414 contreCIet.

385 1449 529 1505 Nam
559 1453 603 1505 si
635 1452 834 1507 habeat
865 1468 1049 1517 aures,
1091 1451 1378 1508 sciendum
1439 1465 1561 1507 eam
1587 1465 1712 1505 cuiu
1755 1448 1973 1504 Smerdi

391 1539 518 1611 Cyri
557 1541 668 1598 ﬁlio
713 1545 1084 1599 concumbere
1115 1560 1128 1596 :
1160 1544 1258 1601 .sin
1292 1543 1498 1608 minus,
1541 1542 1755 1614 uagum
1789 1542 1977 1598 Smer—

393 1633 508 1687 dim
557 1635 984 1692 existimandum
1033 1653 1180 1696 esse.
1224 1638 1389 1692 Paret
1433 1636 1744 1708 Phaedymia
1789 1633 1972 1705 patri:

2077 438 2252 508 ἄρξας
2310 439 2472 504 ἑπτὰ,
2503 439 2652 500 ὅστις
2683 433 2749 509 ἦν
2782 439 3027 508 ἐγνώσθη
3051 457 3064 470 -
3095 440 3345 512 ἐγνώσθη
3383 441 3429 495 δ’
3456 441 3654 506 οὕτως.

2089 529 2316 598 Ὀτάνης
2343 524 2413 600 ἦν
2448 529 2595 596 γένει
2628 529 2723 582 καὶ
2759 528 2976 598 πλούτῳ
3008 530 3237 600 Περσῶν
3263 533 3378 595 τοῖς
3415 530 3658 601 πρώτοις

2077 620 2387 688 ἐνάμιλλος.
2437 619 2642 674 Τούτου
2697 619 2977 692 θυγατέρα
3025 622 3332 692 Καμϐύσης
3384 624 3567 695 ἔσχεν,
3620 628 3657 696 ἢ

2075 712 2344 784 Φαιδυμίη
2383 712 2664 782 ἐκέκλητο.
2701 714 2887 784 Ταύτῃ
2930 716 3024 768 καὶ
3061 717 3090 768 ὀ
3127 716 3317 783 Μάγος
3360 718 3655 789 ἐκέχρητο.

2077 802 2270 872 ὥσπερ
2312 805 2406 857 καὶ
2453 806 2574 868 ταῖς
2607 805 2824 867 λοιπαῖς
2852 805 2920 869 ἃς
2947 798 3130 878 εὗρεν,
3158 809 3240 871 είς
3279 807 3345 861 τὰ
3383 808 3655 879 βασίλεια.

2079 893 2310 962 Πέμψας
2357 894 2449 948 οὖν
2486 897 2517 948 ὀ
2549 895 2754 965 πατὴρ,
2797 895 2988 967 ἠρώτα
3021 898 3197 970 αὐτὴν
3233 897 3430 970 λάθρα,
3476 903 3526 954 εί
3576 901 3660 970 τῷ

2080 987 2266 1055 Κύρου
2301 986 2539 1059 Σμέρδῃ,
2569 986 2674 1040 εἷθ’
2709 988 2888 1059 ἑτέρῳ
2916 991 3022 1042 τινὶ
3049 990 3443 1056 συνευνάζοιτο.
3497 991 3569 1046 Ἦ
3598 994 3660 1048 δὲ

2083 1081 2212 1149 μήτ’
2259 1079 2461 1134 ἰδέσθαι
2515 1080 2607 1134 τὸν
2655 1082 2842 1153 Κύρου
2892 1084 3143 1155 Σμέρδην
3194 1085 3664 1156 άνταπεκρίνατο,

2084 1171 2209 1240 μήτ’
2237 1169 2435 1224 εἰδέναι
2483 1165 2638 1239 ᾧτινι
2697 1173 3132 1242 συγκοιτάζοιτο.
3178 1175 3237 1230 '0
3282 1176 3340 1230 δὲ
3369 1179 3460 1230 καὶ
3489 1178 3665 1232 πάλιν

2081 1262 2290 1316 στέλλει
2321 1265 2456 1331 παρ’
2487 1263 2683 1335 αὐτὴν,
2717 1265 3050 1319 κινδυνεύειν
3079 1267 3217 1338 αὐτῇ
3252 1268 3662 1338 ἐντελλόμενος,

2080 1355 2130 1407 εί
2184 1353 2447 1424 δεήσειεν,
2486 1355 2574 1410 ἵνα
2616 1355 2883 1428 πληρώσῃ
2925 1358 3202 1430 πατρικὴν
3241 1360 3483 1430 ἐντολήν.
3549 1363 3670 1415 Καὶ

2083 1447 2380 1511 ὑποτιθεὶς,
2436 1449 2677 1518 ὁπηνίκα
2739 1449 3088 1519 συγκοιμῷτο
3138 1449 3216 1519 τῷ
3277 1450 3508 1520 βασιλεῖ,
3565 1455 3672 1506 καὶ

2085 1538 2436 1592 ὑπνώττοντα
2484 1541 2649 1592 αὑτὸν
2688 1539 2824 1610 γνῷ,
2860 1539 3069 1609 ψαῦσαι
3108 1541 3219 1595 τῶν
3263 1541 3418 1596 ὢτων
3469 1545 3670 1598 αὑτοῦ.

2086 1633 2197 1686 Καὶ
2226 1634 2276 1685 εί
2309 1633 2408 1701 μὲν
2437 1632 2631 1702 ἔχοντα
2656 1626 2773 1686 ὦτα
2799 1633 2976 1704 γνοίη,
3007 1634 3208 1688 εἰδέναι
3251 1635 3327 1697 ὡς
3363 1637 3440 1705 τῷ
3472 1638 3675 1707 Κύρου

394 1737 634 1794 cumque
665 1739 854 1782 carere
893 1729 1145 1794 auribus,
1183 1729 1285 1800 qui
1334 1745 1448 1785 rent
1493 1701 1683 1784 secum
1721 1701 1980 1790 haberet,

2088 1725 2304 1797 Σμέρδῃ
2335 1701 2651 1793 συγγίνεται
2671 1742 2686 1758 ·
2713 1728 2762 1780 εί
2792 1728 2849 1780 δὲ
2871 1701 2951 1798 μη
2981 1727 3119 1798 ἔχοι,
3141 1728 3234 1781 τὸν
3258 1701 3452 1799 Μάγον
3479 1701 3592 1801 Σμέ
3603 1749 3677 1802 ρ-

397 1814 535 1881 patri
563 1815 858 1885 signiﬁcat.
905 1818 1240 1874 Praeciderat
1275 1829 1462 1874 autem
1493 1818 1543 1873 ei
1587 1816 1766 1886 Cyrus
1793 1829 1980 1879 aures,

395 1905 469 1960 ob
503 1906 766 1962 delictum
802 1909 1102 1979 quoddam.
1132 1911 1348 1980 Otaces
1392 1921 1654 1965 arcanum
1688 1908 1824 1962 illud
1854 1922 1980 1962 cum

394 1997 610 2062 amicis,
639 1998 940 2068 Aspatbine
968 2013 1023 2057 et
1051 2002 1292 2074 Gabrya,
1324 2003 1616 2057 Persarum
1639 1998 1984 2071 principibus

397 2091 772 2145 communicat
798 2109 812 2146 :
845 2093 939 2164 qui
973 2109 1099 2148 cum
1132 2094 1276 2149 idem
1307 2095 1461 2165 prius
1479 2100 1674 2149 essent
1693 2091 1981 2162 suspicati.

399 2181 583 2234 statim
619 2180 779 2236 (idem
809 2183 1037 2239 habent.
1076 2185 1352 2241 Statuunt
1399 2184 1566 2256 igitur
1599 2185 1738 2240 alios
1763 2198 1985 2254 quoque

397 2271 506 2325 sibi
567 2274 870 2343 adjungere
927 2291 942 2327 :
1001 2279 1205 2332 Otanes
1264 2278 1684 2346 lnlaphernem,
1740 2277 1986 2348 Gobryas

397 2350 779 2434 Mégabyzum,
833 2369 1164 2437 Aspathines
1256 2369 1566 2440 Hydarncm
1635 2378 1693 2423 et
1761 2368 1983 2423 Darium

401 2449 688 2522 Hystaspis
718 2456 911 2520 lilium,
940 2460 1036 2528 qui
1062 2475 1256 2515 recens
1288 2477 1354 2516 ex
1396 2462 1582 2517 Persia
1625 2463 1764 2518 Susa
1797 2477 1986 2532 perve-

401 2553 580 2598 nerat.
607 2545 711 2612 Qui
742 2563 868 2603 cum
901 2565 1016 2606 rem
1052 2553 1252 2622 cupide
1285 2553 1608 2620 audivisset,
1639 2556 1760 2624 ejus
1798 2555 1982 2610 statim

395 2638 784 2706 aggredienda:
841 2641 901 2696 iit
947 2654 1181 2699 auctor:
1241 2647 1389 2716 quod
1425 2647 1470 2702 si
1506 2648 1592 2702 vel
1641 2648 1794 2702 illum
1835 2649 1983 2703 diem

404 2723 659 2794 ignavum
690 2729 832 2784 elabi
860 2743 1198 2801 paterentur,
1234 2752 1293 2790 se
1325 2737 1553 2792 insidias
1596 2738 1750 2809 Mago
1780 2740 1988 2794 indica-
2048 2732 2058 2740 ’

405 2824 612 2872 turum.
647 2819 893 2877 Consilio
936 2825 1057 2894 ejus
1094 2837 1152 2881 et
1197 2828 1387 2882 caeteri
1431 2831 1666 2894 assensi,
1699 2832 1983 2900 negotium

401 2921 719 2976 capessunt.
757 2913 892 2968 Nam
938 2925 995 2970 et
1044 2916 1148 2971 alia
1202 2927 1433 2992 conatus
1477 2921 1784 2976 maturandi
1814 2939 1984 2979 causa

2081 1814 2189 1886 δην
2211 1816 2379 1869 αὐτὸν
2409 1816 2678 1887 νομίζειν.
2705 1818 2964 1873 Πείθεται
2993 1819 3071 1890 τῷ
3110 1820 3280 1888 πατρὶ
3309 1822 3340 1891 ἡ
3365 1822 3676 1894 Φαιδυμίη,

2083 1909 2177 1961 καὶ
2213 1907 2420 1975 γνοῦσα
2445 1909 2538 1961 τὸν
2575 1907 2712 1980 αὐτῇ
2751 1911 3146 1980 συγγινόμενον
3181 1905 3295 1964 ὦτα
3327 1913 3402 1983 μὴ
3445 1912 3675 1982 ἔχοντα,

2084 1995 2325 2063 ἐσήμηνε
2368 1995 2447 2065 τῷ
2497 1997 2688 2065 πατρί.
2733 1998 2846 2051 Οὐκ
2878 1994 2992 2069 εἶχε
3040 2000 3085 2051 δ’
3118 1993 3256 2065 ὦτα,
3305 2002 3387 2054 ὅτι
3422 2003 3450 2054 ὀ
3480 2003 3679 2072 Κῦρός

2085 2089 2216 2141 ποτὲ
2248 2088 2423 2142 ταῦτα
2451 2090 2518 2142 δι’
2548 2090 2857 2161 ἁμάρτημά
2880 2108 2933 2146 τι
2971 2095 3270 2164 ἀπέτεμεν.
3319 2097 3381 2151 '0
3412 2097 3469 2150 δὲ
3511 2098 3680 2152 ’0τὰ-

2085 2197 2183 2249 νης
2217 2181 2519 2251 Ἀσπαθίνη
2553 2184 2646 2237 καὶ
2667 2183 2898 2254 Γωϐρύα
2923 2186 3263 2255 πρωτεύουσι
3294 2188 3403 2242 τῶν
3433 2189 3680 2260 Περσῶν

2087 2275 2182 2327 καὶ
2213 2273 2363 2344 αύτῷ
2391 2275 2762 2345 φιλουμένοις.
2791 2277 3101 2331 κοινοῦν-ται
3140 2279 3203 2351 δὴ
3232 2281 3291 2332 τὸ
3319 2283 3676 2354 ἀπόρῤητον.

2085 2365 2150 2418 Oi
2187 2365 2245 2418 δὲ
2277 2367 2373 2420 καὶ
2400 2366 2592 2437 πρώην
2633 2369 2692 2420 ὲν
2740 2368 2947 2440 unctito
2983 2369 3139 2432 ὅντες
3177 2369 3271 2424 τοῦ
3313 2375 3680 2443 πράγματος,

2079 2459 2248 2521 ἐὐθὺς
2287 2459 2414 2520 τοὺς
2453 2458 2645 2527 λόγους
2680 2460 2948 2524 ἐδέξαντο.
2990 2463 3210 2528 Ἕδοξεν
3236 2462 3538 2528 οὖναύτοῖς
3568 2467 3683 2518 καὶ

2083 2553 2308 2622 ἑτέρους
2339 2555 3024 2623 προσεταιρίσασθαι.1(αὶ
3063 2559 3296 2627 Ὀτάνης
3331 2559 3433 2629 μὲν
3460 2561 3685 2628 ἐπάγε-

2084 2663 2178 2698 ται
2213 2647 2584 2718 Ἰνταφέρνην,
2613 2647 2878 2716 Γωϐρύας
2915 2649 2972 2701 δὲ
3013 2651 3356 2718 Μεγάϐυζον,
3393 2653 3684 2724 ’Υδάρνην

2085 2735 2143 2788 δὲ
2177 2735 2535 2806 Ἀσπαθίνης,
2571 2738 2665 2790 καὶ
2717 2739 2930 2808 Δαρείῳ
2979 2739 3036 2791 δὲ
3085 2739 3165 2808 τῷ
3213 2741 3523 2795 Ὑστάσπου
3563 2746 3685 2812 υἱῲ

2087 2825 2214 2894 ἄρτι
2243 2826 2379 2894 πρὸς
2403 2825 2580 2879 Σοῦσα
2611 2828 2678 2880 ἐκ
2709 2829 2973 2897 Περσίδος
3001 2829 3231 2894 ἐλθόντι,
3265 2831 3325 2882 τὸ
3346 2834 3682 2905 ἀπόρρητον

2087 2919 2467 2974 ἐκοινώσαντο.
2509 2919 2569 2972 '0
2605 2920 2663 2972 δὲ
2705 2920 2798 2973 καὶ
2831 2921 3048 2988 ἐδέξατο
3075 2924 3164 2975 τὸν
3194 2923 3373 2992 λόγον,
3404 2930 3500 2980 καὶ
3529 2929 3631 2999 πρ²
3650 2948 3683 2994 ς

401 2997 718 3058 ἰυοὶιίει-ει.ι
749 3004 886 3059 Cum
946 3008 1095 3062 enim
1143 3011 1350 3064 scirent
1397 3012 1565 3083 magi,
1625 3014 1976 3084 Prexaspem,

2088 3013 2185 3080 τὴν
2213 3011 2416 3080 πρᾶξιν
2449 3011 2646 3064 αὐτίκα
2672 3015 2852 3083 ὀρμᾷν
2886 3015 3288 3069 συνεϐούλευεν·
3325 3020 3356 3088 ἦ
3395 3021 3494 3089 τῆς
3521 2997 3682 3090 πάρ-

405 3091 652 3150 Smerdis
675 3095 799 3166 Cyri
831 3095 926 3152 ﬁlii
959 3110 1301 3169 perpetrasse
1332 3102 1556 3167 eadem,
1597 3113 1762 3174 atque
1810 3106 1888 3160 ob
1927 3107 1980 3161 id

403 3181 620 3238 facinus
668 3187 810 3242 male
847 3187 1042 3244 audire
1089 3205 1117 3242 a
1166 3191 1394 3246 Persis:
1455 3193 1695 3247 amicitia
1731 3209 1856 3248 cum
1913 3211 1983 3251 eo

405 3275 564 3340 inita,
623 3293 928 3350 magnaque
980 3282 1236 3352 polliciti,
1282 3283 1650 3354 jurejurando
1697 3286 1980 3344 hominem

405 3367 842 3434 obstrinxerant,
880 3388 948 3428 ne
975 3374 1064 3429 cui
1109 3385 1483 3430 commentum
1507 3377 1642 3432 illud
1675 3377 1982 3449 detegeret.

406 3453 541 3520 Qua
567 3473 692 3512 cum
720 3459 812 3514 ille
849 3462 1218 3530 promisisset,
1268 3464 1696 3533 subjunxerunt,
1723 3483 1782 3523 se
1813 3469 1985 3524 advo-

408 3556 632 3604 caturos
671 3553 935 3619 populum
975 3553 1043 3607 ad
1092 3555 1292 3609 mmuia
1328 3555 1523 3623 regiae;
1551 3558 1634 3620 ei,
1673 3559 1810 3612 turri
1854 3573 1987 3614 con-

412 3653 627 3700 scensa.
684 3643 1161 3710 proclamandum,
1215 3647 1474 3701 omnibus
1536 3649 1984 3717 exaudientibus,

411 3729 684 3785 Smcrdim
720 3731 849 3803 Cyri
884 3733 1078 3798 lilium,
1110 3745 1166 3790 et
1209 3751 1320 3791 non
1364 3737 1554 3801 alium,
1602 3753 1723 3793 esse
1779 3756 1984 3810 regem.

409 3819 546 3875 Nam
571 3837 630 3878 se
661 3823 736 3877 illi
771 3826 1104 3894 pepercisse,
1137 3843 1240 3882 nec
1271 3828 1562 3893 occidisse,
1597 3839 1656 3886 ut
1685 3831 1988 3903 Cambyses

404 3913 688 3984 jussisset.
713 3916 849 3971 Cum
873 3926 930 3972 et
971 3917 1088 3974 haec
1113 3919 1478 3989 promisisset,
1511 3932 1851 3976 convocatur
1891 3938 1989 3992 po-

412 4006 617 4076 pulus:
649 4007 952 4078 Prcxaspes
994 4010 1188 4066 turrim
1239 4012 1396 4080 172
1424 4012 1773 4074 conscendit.
1814 4013 1986 4071 bene-

413 4097 537 4154 llcia
559 4114 591 4154 a
619 4099 762 4170 Cyro
789 4100 846 4154 in
878 4099 1072 4157 Persas
1111 4101 1308 4156 collata
1345 4116 1762 4160 commemorat.
1788 4105 1986 4162 Filium

410 4191 536 4262 ejus
585 4190 840 4248 Smerdin
881 4207 943 4248 se
990 4207 1022 4245 a
1071 4191 1338 4263 Cambyse
1387 4202 1641 4250 coactum
1692 4196 1986 4261 occidisse,

414 4299 602 4354 magos
634 4293 821 4340 tenere
856 4283 1150 4354 imperium
1190 4283 1424 4339 atlirmat
1456 4301 1472 4338 :
1505 4286 1699 4341 Persas
1737 4301 1990 4344 exsecra-

2088 3103 2255 3171 ούσης
2289 3103 2504 3172 ἡμέρας
2543 3103 2800 3172 διακενῆς
2831 3107 3270 3175 παρερχομένης,
3309 3110 3469 3173 αὐτὸς
3511 3112 3681 3180 ἔλεγε

2089 3196 2342 3264 γενέσθαι
2384 3195 2462 3265 τῷ
2494 3196 2670 3264 Μάγῳ
2703 3198 2949 3267 μηνυτὴς
2990 3202 3088 3270 τῆς
3129 3201 3448 3270 ῑπιϐουλῆς.
3484 3206 3688 3260 Ἐπεί-

2093 3287 2303 3353 σθησαν
2336 3290 2402 3358 τῇ
2430 3288 2714 3358 συμϐουλῇ
2739 3290 2834 3341 τοῦ
2861 3291 3109 3359 Δαρείου,
3142 3293 3236 3345 καὶ
3269 3293 3318 3346 οί
3346 3294 3547 3361 λοιποτ,
3575 3300 3684 3351 καὶ

2089 3379 2184 3431 τοῦ
2209 3378 2372 3448 ἔργου
2406 3379 2640 3448 είχοντοο
2679 3380 2885 3449 Συνέϐη
2927 3382 2983 3435 δέ
3021 3399 3074 3436 τι
3106 3385 3202 3436 καὶ
3238 3383 3450 3457 ἕτερον,
3480 3389 3510 3441 ὃ
3545 3392 3682 3444 ἐπι-

2093 3468 2326 3522 σπεῦσαι
2353 3471 2553 3531 ittit-silc
2578 3470 2804 3538 ἠρέθισε
2843 3472 2942 3539 τὴν
2969 3473 3304 3543 ἐγχείρησιν.
3329 3477 3546 3538 Είδὸτες
3563 3481 3684 3551 γὰρ

2089 3562 2140 3612 οξ
2171 3560 2360 3628 μάγοι,
2383 3561 2464 3612 ὅτι
2502 3561 2845 3632 Πρηξάσπης
2867 3565 3265 3635 έχειρούργησε
3299 3567 3390 3621 τὸν
3421 3571 3682 3640 Σμέρδου

2094 3651 2355 3718 φόνοντοῦ
2375 3651 2556 3722 Κύρου
2575 3653 2778 3716 παιδὸς,
2796 3656 2891 3708 καὶ
2922 3656 3004 3708 ὅτι
3033 3657 3120 3709 διά
3135 3657 3293 3711 τοῦτο
3313 3660 3408 3711 καὶ
3428 3662 3486 3714 ἐν
3520 3664 3683 3733 αἰτίᾳ

2091 3746 2205 3806 τοῖς
2235 3741 2474 3814 Πέρσαις
2503 3745 2675 3808 ἐστὶν,
2725 3745 3236 3816 προσκαλεσάμενοι
3281 3749 3466 3817 αὐτὸν,
3513 3754 3682 3820 φίλον

2092 3851 2153 3888 τε
2203 3836 2506 3901 ἐποιοῦντο,
2563 3837 2659 3889 καὶ
2705 3837 2892 3907 ὅρκοις
2957 3840 3518 3910 προκατελάμϐανον,
3578 3847 3685 3898 καὶ

2093 3927 2376 3996 λαμπραῖς
2429 3928 2777 3997 ὑποσχέσεσι,
2835 3928 2910 3998 μή
2959 3945 3069 3981 τινι
3111 3929 3292 3982 αὐτῶν
3335 3932 3577 4002 ἐκφῆναι
3620 3935 3684 3988 τὺ

2096 4021 2364 4089 σόφισμα.
2417 4019 2810 4088 Καταθεμένου
2851 4020 2897 4072 δ’
2924 4020 3135 4073 ἐκείνου
3177 4024 3427 4092 ποιήσειν
3472 4023 3680 4092 ταῦτα,

2096 4114 2447 4180 προσεπῆγον
2473 4110 2834 4178 συγκαλέσειν
2883 4111 2946 4164 τὸ
2994 4111 3201 4181 πλῆθος
3244 4113 3349 4166 ὑπὸ
3388 4114 3453 4166 τὺ
3494 4119 3684 4186 τεῖχος

2095 4201 2205 4255 τῶν
2238 4199 2550 4270 βασιλείων,
2579 4200 2743 4254 αὑτὸν
2775 4200 2824 4254 δ’
2863 4201 2956 4253 ἐπὶ
3008 4201 3220 4270 πύργον
3254 4202 3560 4266 ἀναϐάντα,
3597 4208 3685 4268 είς

2097 4295 2334 4365 ἐπήκοον
2358 4293 2524 4346 πᾶσιν
2553 4292 2834 4361 ἐκϐοῆσαι,
2862 4291 2939 4356 ὡς
2963 4292 3066 4346 ὑπὸ
3089 4293 3335 4364 Σμέρδου
3362 4294 3460 4348 τοῦ
3489 4297 3682 4368 Κύρου

415 4376 673 4440 tur,siid
695 4376 912 4432 facinus
955 4374 1192 4431 inultum
1237 4377 1439 4431 sinant.
1484 4377 1580 4431 His
1601 4377 1786 4443 dictis,
1813 4395 1874 4434 se
1919 4379 1984 4434 de

2096 4386 2261 4447 υἱέος,
2284 4385 2384 4452 οὐχ
2408 4382 2498 4452 ὑφ’
2519 4383 2706 4453 ἑτέρου
2731 4383 2787 4436 δὲ
2809 4382 3210 4453 βασιλεύονται.
3233 4386 3541 4440 Φείσασθαι
3567 4390 3684 4456 γὰρ

416 4476 571 4526 turre
593 4469 977 4539 praecipitavit,
1023 4484 1089 4525 ac
1121 4476 1372 4525 mortuus
1420 4475 1525 4524 est.
1571 4469 1794 4538 Septem
1827 4471 1995 4541 igitur

418 4571 496 4626 illi
522 4587 587 4626 ea
630 4587 689 4624 re
732 4571 942 4633 audita,
983 4571 1168 4625 statim
1200 4570 1268 4624 ad
1305 4571 1508 4639 regiam
1553 4570 1829 4635 feruntur,
1881 4587 1994 4626 non

418 4663 844 4736 prohibentibus
872 4664 1214 4728 custodibus,
1254 4663 1579 4731 dignitatem
1608 4679 1802 4718 eorum
1837 4678 1998 4718 reve-

421 4759 562 4812 ritis.
590 4758 867 4825 Progressi
901 4757 952 4809 in
984 4755 1190 4819 aulam,
1221 4755 1276 4809 in
1302 4754 1608 4819 eunuchos,
1639 4755 1735 4823 qui
1770 4757 1996 4812 nuntios

418 4847 567 4900 ultro
613 4845 865 4913 citroque
895 4843 1266 4914 perferebant,
1324 4842 1594 4898 incidunt.
1648 4845 1776 4907 Eos,
1820 4847 1992 4916 rogati

419 4941 552 5010 quid
595 4939 873 5003 venirent,
921 4947 980 4993 et
1028 4937 1294 4992 ulteriore
1352 4952 1647 5007 progressu
1703 4939 1993 5008 prohibiti,

417 5033 703 5095 occidunt,
729 5040 788 5087 et
807 5045 1041 5102 propere
1078 5029 1486 5099 ingrediuntur.
1519 5029 1680 5099 Magi,
1724 5029 1817 5100 qui
1851 5030 1997 5087 intus

417 5125 805 5180 cunuchorum
831 5123 1128 5178 tumultum
1168 5131 1492 5192 cognorant,
1529 5120 1595 5176 ad
1633 5121 1744 5174 vim
1770 5123 1994 5192 prapul-

419 5217 648 5274 sandam
698 5231 756 5271 se
807 5225 1005 5284 parant
1037 5229 1051 5267 :
1090 5224 1254 5282 atque
1295 5214 1436 5268 alter
1475 5212 1568 5283 qui
1619 5213 1828 5267 hastam
1855 5214 1998 5268 arri-

422 5317 641 5382 puerat,
681 5309 1041 5378 Aspatbinem
1092 5309 1148 5360 in
1195 5304 1436 5370 femore,
1494 5305 1884 5374 lutaphernem
1940 5307 1996 5360 in

425 5404 564 5459 facie
604 5402 876 5464 vulnerat,
911 5399 1058 5455 unde
1101 5400 1264 5454 laesus
1304 5397 1354 5453 ei
1405 5406 1490 5452 est
1540 5398 1737 5452 oculus
1772 5411 1788 5450 :
1838 5399 1998 5454 alteri

425 5509 588 5549 arcus
628 5493 734 5547 fuit
774 5490 1010 5556 inutilis,
1057 5506 1182 5546 cum
1248 5505 1338 5545 res
1380 5489 1632 5544 cominus
1692 5501 1997 5560 gereretur.

424 5588 614 5657 Itaque
634 5587 689 5642 in
711 5587 1013 5642 thalamum
1037 5600 1100 5641 se
1129 5582 1385 5654 proripit,
1412 5583 1722 5653 insequitur
1751 5581 2001 5653 Gobryas

427 5688 484 5733 et
512 5678 707 5737 Darius
735 5694 748 5733 :
779 5693 842 5734 ac
872 5679 965 5735 ille
995 5691 1212 5748 magum
1243 5675 1592 5748 amplectitur
1621 5693 1635 5731 :
1671 5675 2002 5750 bicjcritus

2095 4476 2287 4542 αὑτοῦ,
2319 4477 2414 4530 καὶ
2446 4475 2521 4547 μὴ
2559 4478 2768 4530 κτεῖναι
2800 4477 2986 4542 αὐτὸν,
3027 4477 3105 4540 ὡς
3138 4480 3166 4530 ὁ
3189 4478 3500 4548 Καμϐύσης
3529 4480 3685 4550 αὐτῷ

2095 4570 2421 4624 ἐνετείλατο.
2457 4570 2796 4640 Συνθεμένου
2818 4569 2874 4622 δὲ
2904 4571 3002 4624 καὶ
3033 4570 3208 4624 ταῦτα
3242 4572 3517 4642 ποιήσειν,
3549 4589 3686 4624 συν-

2095 4665 2234 4734 ἦκτο
2274 4665 2372 4734 μὲν
2395 4665 2457 4717 τὸ
2484 4663 2708 4733 πλῆθος,
2744 4663 3086 4734 Πρηξάσπης
3124 4665 3182 4718 δὲ
3216 4665 3309 4717 ἐπὶ
3343 4665 3436 4717 τὸν
3459 4666 3681 4735 πύργον

2093 4757 2274 4828 ἀνῄει,
2307 4757 2402 4810 καὶ
2457 4755 2636 4820 ἔλεξεν
2685 4755 2786 4808 ὅσα
2835 4757 2949 4818 τοῖς
3007 4757 3247 4826 Πέρσαις
3289 4756 3472 4822 ἀγαθὰ
3527 4757 3686 4826 παρὰ

2097 4849 2280 4919 Κύρου
2327 4849 2607 4916 γεγόνασι.
2675 4845 2999 4914 Προσετίθει
3043 4848 3124 4910 δὲ,
3182 4848 3259 4912 ὡς
3309 4849 3403 4901 τὸν
3461 4849 3685 4902 ἐκείνου

2097 4942 2263 4994 παῖδα
2317 4941 2411 4994 τὸν
2457 4939 2707 5010 Σμέρδην
2751 4937 2918 4998 αὐτὸς
2953 4939 3157 5004 ἀνέλοι,
3212 4938 3308 4992 ’τοῦ
3367 4939 3683 5009 Καμϐύσου

2099 5032 2410 5103 βιάσαντος.
2473 5030 2615 5093 Τοὺς
2679 5029 2891 5099 μάγους
2951 5030 3009 5082 δὲ
3055 5030 3156 5100 τὴν
3199 5029 3486 5100 βασιλείαν
3531 5032 3685 5100 ἔχειν

2097 5124 2489 5195 ὲπληροφόρει.
2523 5123 2634 5176 Καὶ
2665 5123 2914 5192 ἐπηρᾶτο
2954 5121 3215 5191 Πέρσαις,
3253 5123 3304 5175 εί
3353 5122 3429 5194 μὴ
3474 5122 3684 5184 αὐτοὺς

2096 5216 2359 5286 τίσαιντο.
2393 5213 2582 5266 Ταῦτα
2632 5211 2828 5276 είπὼν,
2860 5213 3054 5266 ἑαυτὸν
3095 5214 3530 5283 κατεκρήμνισε,
3585 5215 3687 5266 καὶ

2097 5307 2389 5362 ἀπέθανεν.
2430 5305 2493 5359 Ol
2521 5305 2578 5358 δὲ
2604 5305 2743 5358 ἑπτὰ
2772 5305 2965 5374 ἄνδρες
3001 5306 3057 5358 ὲν
3085 5307 3152 5374 τῇ
3179 5305 3287 5373 ὀδῷ
3307 5305 3377 5357 τά
3413 5306 3561 5359 κατά
3586 5307 3685 5358 τδν

2101 5397 2440 5469 Πρηξάσπην
2471 5396 2762 5465 μαθόντες,
2792 5396 3056 5467 ὥρμησαν
3087 5397 3250 5458 εὐθὺς
3277 5395 3369 5449 ἐπὶ
3398 5396 3476 5448 τὰ
3518 5395 3685 5465 βασί-

2099 5488 2244 5552 λεια,
2280 5491 2375 5540 καὶ
2401 5487 2674 5558 είσῄεσαν,
2717 5487 2870 5555 παρὰ
2899 5485 3010 5539 τῶν
3046 5484 3303 5553 φυλάκων
3349 5484 3426 5554 μὴ
3467 5485 3688 5538 κωλυόο

2105 5596 2256 5648 μενοι
2279 5592 2294 5610 ·
2325 5577 2549 5647 ᾐδοῦντο
2571 5577 2682 5647 γὰρ
2708 5577 2806 5646 τὴν
2841 5575 3116 5647 ὑπεροχὴν
3138 5575 3249 5629 τῶν
3273 5576 3510 5647 ἀνδρῶν.
3536 5579 3689 5646 Παρ-

2101 5672 2346 5738 ελθόντες
2373 5671 2417 5726 δ’
2453 5672 2535 5736 εἰς
2559 5671 2657 5744 τὴν
2690 5671 2882 5743 αὐλὴν,
2911 5672 3163 5782 ξνέτυχον
3190 5675 3304 5736 τοῖς
3337 5670 3686 5741 ἀγγελιαφό-
