3918 6200
227 239 337 306 ³η
1510 246 1922 308 ANNALIUM
1955 250 2101 311 LIB.
2146 252 2251 321 IV,
3384 253 3490 322 318

225 369 348 426 ροις
395 349 699 422 εὐνούχοις,
746 350 797 404 οἲ
834 351 978 422 σφᾶς
1033 349 1283 422 ἠρώτων,
1329 350 1454 405 ὅτου
1500 351 1796 423 χρῄζοντες

1905 371 1976 413 ne
2004 359 2241 413 amicum
2288 358 2342 413 in
2387 359 2636 416 tenebris
2675 358 3046 424 interﬁceret,
3078 369 3222 417 astat
3249 363 3486 420 otiosus.

224 447 457 516 ἥκοιεν,
505 444 746 500 ὲκώλυόν
793 462 851 499 τε
899 443 1233 515 προσωτέρῳ
1273 445 1431 499 ἰέναι.
1478 447 1540 500 οι
1589 448 1648 500 δὲ
1682 447 1796 510 τοὺς

1908 446 1992 502 0b
2013 463 2132 502 earn
2159 464 2271 502 rem
2311 464 2340 502 a
2368 448 2582 521 Gobrya
2620 449 2965 520 obfurgatus,
2985 458 3043 506 et
3080 452 3168 505 vel
3194 460 3489 522 utrumque

225 537 331 608 μεν
377 537 499 590 ἐκεῖ
541 537 922 606 διεχρήσαντο,
955 536 1113 589 αὐτοὶ
1135 535 1192 588 δὲ
1217 537 1502 607 δρομαίως
1519 539 1796 610 εἰσῄεσαν.

1907 539 2158 608 trajicere
2217 541 2426 608 jussus,
2492 541 2734 612 pugione
2793 543 3004 612 Magum
3079 542 3229 598 ferit.
3289 545 3486 599 Cancri

217 629 288 682 οι
326 627 493 697 μάγοι
521 627 567 681 δ’
596 629 752 691 ὄντες
782 628 956 692 ἐντὸς,
985 628 1077 681 καὶ
1107 629 1218 682 τῶν
1264 628 1536 700 εὐνούχων
1583 633 1796 699 γνόντες

1902 629 2094 692 etiam,
2139 629 2313 685 altero
2361 631 2566 697 occiso,
2609 635 2789 702 capita
2842 636 3133 704 utriusque
3177 644 3486 704 amputant,

217 719 314 772 τὸν
347 719 606 789 θόρυϐον,
634 719 938 790 ’ἐτράποντο
971 719 1109 788 πρὸς
1133 719 1330 789 ἀλκήν.
1367 721 1480 774 Καὶ
1512 723 1540 774 6
1571 722 1670 791 μὲν
1702 722 1796 792 τὴν

1903 733 2080 788 eaque
2113 719 2376 787 ferentes,
2422 722 2629 778 relictis
2662 723 2902 790 duobus,
2956 734 3071 779 tum
3111 724 3184 778 ob
3233 726 3484 781 vulnera.

217 808 452 879 αίχμὴν,
495 809 616 862 ό-δὲ
649 810 712 862 τὸ
735 809 890 873 τόξον
929 808 1398 879 μετεχειρίσαντο,
1443 810 1539 864 καὶ
1575 810 1796 881 θάτερος

1905 819 2024 865 tum
2047 810 2115 865 ad
2136 812 2294 882 regia:
2317 814 2644 880 custodiam,
2664 825 2989 880 excurrunt,
3015 834 3281 876 caesorum
3306 820 3486 887 capita

222 899 324 966 μὲν
351 901 418 967 τῇ
447 899 624 969 αίχμῇ
674 897 1007 967 ’Δσπαθίνην
1052 896 1201 950 παίει
1235 896 1378 950 κατά
1409 897 1607 968 μηρὸν,
1636 899 1726 953 τὸν
1754 898 1796 953 δ’

1907 901 2092 957 Persis
2129 905 2447 970 ostendunt,
2479 921 2594 960 rem
2635 920 2843 977 gestam
2883 921 3127 966 narrant.
3169 911 3251 966 ΙΙΙὶ
3296 911 3488 966 fraude

215 990 578 1062 Ἰνταφέρνην
633 992 756 1046 κατ’
801 990 950 1059 ὄψιν,
999 988 1124 1043 ὅθεν
1178 989 1386 1052 ἐκεῖνος
1445 989 1652 1062 ἐϐλάϐη
1710 991 1796 1045 τὸν

1909 991 2208 1060 intellecta,
2239 1011 2426 1066 magos
2451 1011 2644 1052 omnes
2674 998 2866 1054 obvios
2885 1000 3165 1054 occidunt.

215 1077 525 1149 ὀφθαλμόν.
555 1080 641 1134 Τὰ
675 1079 806 1146 τόξα
839 1081 884 1132 δ’
925 1075 994 1150 ἦν
1021 1079 1306 1150 ἄπρακτα.
1341 1077 1530 1146 χερσὶν
1571 1079 1805 1150 ἐγγύθεν
1841 1081 2030 1146 αὐτοῖς
2050 1085 2378 1154 χρωμένοις.
2419 1089 2529 1142 Kal
2593 1092 2620 1144 6
2648 1091 2822 1145 ταῦτα
2847 1094 3098 1163 κατέχων
3127 1093 3306 1147 είσέδυ
3347 1088 3484 1158 πρὸς

218 1171 488 1243 θάλαμον.
533 1175 996 1228 Συνεισπίπτουσι
1029 1175 1075 1227 δ’
1104 1176 1257 1247 αὐτῷ
1295 1177 1562 1247 Γωϐρύας
1601 1193 1662 1229 τε
1728 1175 1823 1229 καὶ
1855 1175 2106 1246 Δαρεῖος.
2153 1181 2266 1234 Kal
2287 1183 2315 1234 6
2347 1180 2447 1251 μὲν
2479 1185 2795 1255 συνεπλάκη
2823 1185 2900 1254 τῷ
2925 1187 3101 1255 Μάγῳ
3126 1201 3140 1216 ο
3169 1186 3394 1251 Δαρεῖος
3426 1181 3485 1236 δὲ

215 1266 447 1334 ἀπορῶν
476 1266 566 1320 διὰ
592 1266 809 1330 σκότος,
845 1269 940 1319 καὶ
960 1265 1152 1331 δεδιὼς
1183 1268 1258 1340 μὴ
1289 1270 1382 1323 τὸν
1407 1271 1630 1340 ἑταῖρον
1683 1266 1884 1339 πλήξῃ,
1919 1270 2105 1324 ἵστατο
2171 1271 2482 1342 ἄπρακτος.
2551 1274 2815 1344 Γωϐρύας
2844 1276 2900 1329 δὲ
2932 1276 3097 1345 ἤρετο
3139 1275 3266 1328 ὅτου
3318 1275 3480 1343 χάριν

218 1363 396 1432 ἀργὸς
432 1361 688 1426 levarat;
725 1358 806 1414 ὅδ’
836 1354 957 1413 εἷπε
990 1360 1052 1414 τὸ
1081 1361 1288 1415 αἴτιον·
1325 1363 1422 1416 καὶ
1451 1363 1533 1426 ὃς,
1563 1360 1714 1414 Ὤθει
1780 1363 1840 1414 τὸ
1881 1361 2034 1428 ξίφος
2082 1364 2177 1418 καὶ
2207 1365 2276 1418 δι’
2302 1367 2527 1438 ἀμφοῖν,
2564 1367 2760 1440 ἔφησε.
2791 1371 2903 1424 Καὶ
2929 1372 2959 1424 6
2993 1373 3218 1439 Δαρεῖος
3257 1365 3372 1425 ὧτε
3421 1369 3486 1422 τὸ

210 1453 572 1524 ἐγχειρίδιον,
599 1450 692 1508 καὶ
719 1448 816 1502 τοῦ
836 1451 1031 1516 Μάγου
1057 1451 1315 1523 ἐπέτυχε.
1347 1452 1674 1511 κτείναντες
1739 1447 1833 1506 οὖν
1872 1453 1968 1506 καὶ
2029 1454 2121 1507 τὸν
2167 1455 2375 1526 ἕτερον,
2421 1459 2472 1512 oi
2517 1461 2696 1514 λοιποὶ
2737 1460 2936 1532 έτεμον
2977 1463 3078 1526 τὰς
3101 1463 3346 1533 κεφαλὰς
3384 1463 3483 1516 καὶ

210 1548 449 1619 ἀμφοῖν,
487 1544 584 1600 καὶ
624 1543 753 1604 τοὺς
787 1542 887 1612 μιν
915 1540 1010 1598 δύο
1056 1543 1186 1608 τοὺς
1219 1543 1570 1614 τραυματίας
1614 1541 1796 1597 αὐτῶν
1834 1543 1927 1597 διά
1996 1562 2056 1598 τε
2088 1546 2160 1599 τὰ
2229 1549 2546 1619 τραύματα,
2586 1552 2682 1606 καὶ
2727 1552 2827 1622 τὴν
2859 1555 2958 1623 τῆς
2995 1555 3352 1626 ἀκροπόλεως
3377 1574 3483 1625 φυ..
3593 1554 3596 1558 ’

209 1639 416 1709 map,
449 1636 747 1690 κατέλιπον
777 1638 837 1689 ἐν
865 1634 1117 1705 αὐτῇσοί
1143 1634 1403 1688 δειλοιποὶ
1457 1634 1558 1696 τὰς
1622 1632 1864 1701 κεφαλὰς
1903 1635 2292 1704 ἐπιφερόμενοι
2342 1639 2454 1693 τῶν
2509 1641 2727 1710 μάγων,
2784 1641 3026 1709 ἐξέθεον,
3085 1645 3182 1699 καὶ
3237 1647 3480 1716 Πέρσαις

203 1733 426 1793 ταύτας
453 1729 760 1793 ἐδείκνυον,
799 1728 894 1782 καὶ
921 1725 1218 1798 εξηγοῦντο
1249 1727 1312 1781 τὸ
1379 1725 1630 1795 γεγονός.
1669 1725 1734 1779 Oi
1773 1724 1832 1778 δὲ
1871 1725 1972 1790 τὴν
2043 1727 2264 1798 ἀπάτην
2292 1731 2578 1800 μαθόντες,
2608 1734 2852 1790 ἔκτεινον
2885 1730 2931 1805 ᾧ
2953 1736 3024 1791 ἂν
3048 1738 3162 1793 τῶν
3185 1739 3377 1809 μάγων
3400 1743 3486 1797 tv-

209 1824 566 1970 “gfx-21rd
604 1913 662 1966 δὲ
710 1911 951 1981 κατέστη
993 1912 1024 1966 6
1068 1910 1320 1982 θόρυϐος,
1356 1909 1454 1964 καὶ
1503 1905 1604 1980 ἤδη
1655 1907 1796 1969 τινὲς

1973 1908 2069 1964 Ill.
2097 1910 2290 1982 Sopito
2324 1925 2450 1983 post
2473 1916 2682 1988 aliquot
2711 1918 2833 1974 dies
2859 1922 3126 1988 tumultu,
3154 1923 3222 1978 de
3255 1939 3483 1996 compo-

207 2009 426 2080 ἡμέραι
453 2005 834 2076 παρήλθοσαν,
864 2001 1214 2057 ἐϐουλεύοντο
1239 2001 1374 2073 περὶ
1397 2001 1498 2071 τῆς
1524 1999 1634 2054 τῶν
1661 2015 1803 2069 πρα-

205 2104 451 2172 γμάτων
481 2099 818 2168 οἰκονομίας.
843 2097 955 2151 Kal
995 2096 1229 2167 Ὀτάνης
1261 2096 1361 2165 μὲν
1393 2091 1802 2165 δημοκρατείαν

199 2193 440 2246 ἑλέσθαι
476 2189 734 2260 παρῄνει,
755 2187 1215 2258 ἀριστοκρατείαν
1238 2185 1296 2240 δὲ
1327 2189 1357 2239 6
1384 2183 1734 2251 Μεγάϐυζος,
1769 2183 1801 2236 6

201 2283 263 2336 δέ
297 2298 370 2350 γε
404 2281 634 2350 Δαρεῖος
667 2276 949 2348 βασιλείαν
989 2279 1084 2330 καὶ
1115 2275 1272 2340 αὖθις
1304 2276 1632 2348 αἱρήσεσθαι
1676 2293 1802 2329 συν-

197 2373 495 2426 εϐούλευε.
551 2369 847 2424 Συνέθεντο
895 2363 991 2421 οὖν
1024 2370 1090 2439 τῇ
1137 2367 1330 2421 τούτου
1367 2365 1568 2439 γνώμῃ
1617 2365 1711 2420 καὶ
1747 2365 1798 2418 οί

203 2467 489 2536 τέσσαρες
518 2464 568 2517 οί
607 2461 805 2515 λοιποί.
825 2461 934 2515 Καὶ
962 2459 1143 2527 ἔδοξεν
1167 2460 1373 2524 αὐτοῖς,
1404 2456 1662 2526 ἐπιϐῆναι
1689 2457 1798 2510 τῶν

207 2562 428 2622 ἵππων,
468 2556 564 2610 καὶ
609 2555 736 2608 ὅτου
779 2553 846 2608 ἂν
894 2555 925 2606 6
970 2553 1156 2617 ἵππος,
1189 2551 1340 2622 ήλίου
1391 2549 1796 2616 ἀνατείλαντος,

202 2649 528 2723 χρεμετίσῃ
575 2649 634 2701 ὲν
687 2644 766 2714 τῷ
815 2643 1129 2714 προαστείῳ
1191 2641 1545 2710 γενομένων,
1609 2640 1797 2694 τοῦτον

205 2747 364 2815 ἔχειν
397 2741 504 2810 τὴν
545 2737 846 2808 βασιλείαν.
879 2737 1104 2805 Δαρεῖος
1135 2734 1193 2788 δὲ
1223 2734 1320 2804 τὴν
1353 2733 1550 2803 βουλὴν
1597 2730 1676 2800 τῷ
1708 2733 1798 2784 ίπο

203 2836 450 2905 ποκόμῳ
476 2831 644 2885 αὐτοῦ
672 2828 1005 2898 ἐξηγήσατο.
1032 2822 1142 2880 Ἦν
1162 2825 1223 2878 δὲ
1247 2825 1411 2892 σοφὸς
1437 2825 1466 2877 6
1491 2823 1651 2895 ἀνὴρ.
1676 2822 1793 2887 καὶ,

202 2930 450 3000 Θάρρει,
487 2918 534 2977 ὦ
584 2923 844 2984 δέσποτα,
871 2919 1000 2989 ἔφη,
1040 2917 1117 2981 ὡς
1156 2917 1224 2988 σὴ
1249 2915 1406 2970 ἔσται
1449 2915 1482 2984 ἡ
1525 2912 1794 2986 βασιλεία.

201 3018 529 3089 Γενομένης
575 3014 670 3070 οῦν
714 3011 929 3076 νυκτὸς,
959 3010 1186 3081 θήλειαν
1217 3009 1386 3064 ιππον
1417 3007 1598 3062 λαϐὼν
1639 3007 1708 3078 ἣν
1766 3007 1795 3060 6

199 3112 449 3182 Δαρείου
511 3109 775 3178 εστεργεν
834 3105 1024 3167 ἵππος,
1087 3101 1185 3158 καὶ
1229 3102 1402 3172 δήσας
1451 3102 1532 3163 είς
1573 3101 1638 3154 τὸ
1661 3116 1797 3170 προ-

200 3206 438 3260 ἀστειον
467 3201 716 3270 ἐπήγαγε
742 3197 1051 3301 τὺνξππον,
1071 3195 1167 3297 καὶ
1197 3194 1465 3301 περιῇγεν
1499 3194 1664 3301 aegeo
1695 3195 1797 3263 ἀγ.
1821 3239 1868 3301 C

199 3297 306 3366 χοῦ
334 3297 410 3364 τῇ
435 3289 653 3362 θηλείᾳ,
679 3288 774 3342 καὶ
797 3286 974 3361 τέλος,
998 3285 1205 3356 ἐφῆκεν
1233 3283 1460 3354 ὀχεῦσαι
1479 3283 1580 3356 τὴν
1605 3284 1790 3339 ίππον.

203 3386 435 3442 Ἐωθεν
484 3384 544 3439 δι
579 3380 694 3435 τῶν
725 3377 867 3434 ἑπτὰ
904 3377 1372 3448 παραγενομένων
1417 3376 1499 3440 είς
1552 3375 1614 3430 τὸ
1662 3391 1796 3446 προ-

201 3481 462 3540 άστειον,
499 3474 596 3528 καὶ
623 3471 1077 3538 διεξελαυνόντων
1106 3470 1165 3522 έν
1198 3467 1372 3538 αὐτῷ,
1395 3467 1472 3531 ὼς
1493 3467 1611 3521 ἐκεῖ
1633 3466 1816 3536 γεγό-ο

197 3588 374 3626 νασιν
401 3567 646 3636 ἔνθαπερ
687 3565 722 3635 ὴ
759 3562 950 3633 θήλεια
993 3562 1158 3624 ἶππος
1189 3559 1424 3624 ἐδέδετο,
1461 3561 1542 3621 είς
1569 3558 1796 3629 μνήμην

197 3664 428 3730 ταύτης
461 3659 492 3711 6
517 3656 746 3726 Δαρείου
786 3655 956 3716 ῐππος
987 3652 1084 3707 ίὼν
1115 3651 1502 3722 ιχρεμάτισεν,
1535 3650 1645 3703 κάκ
1673 3648 1798 3702 τού-

195 3771 302 3808 του
339 3751 424 3821 τῷ
460 3747 675 3819 Δαρείῳ
707 3748 740 3818 η
776 3744 1028 3817 βασιλεία
1064 3744 1456 3815 προσγέγονεν.
1484 3741 1546 3796 Ol
1579 3741 1678 3812 μὲν
1700 3739 1796 3794 οὖν

199 3844 377 3898 τοῦτό
411 3858 550 3909 φασι
588 3835 1006 3910 μηχανήσασθαι
1045 3835 1138 3889 τὸν
1188 3834 1432 3904 Οίϐαρέα
1474 3832 1655 3904 (τοῦτο
1684 3831 1795 3904 γὰρ

199 3939 286 4004 τῷ
316 3935 418 3990 τοῦ
461 3932 693 4006 ᾼαρείου
726 3929 1018 4000 ἱπποκόμῳ
1049 3928 1225 3997 όνομα
1252 3923 1365 3999 ἧν)·
1391 3927 1441 3980 οί
1473 3927 1520 3980 6'
1554 3927 1796 3996 ἑτεροῖον

201 4029 360 4086 εἷναί
417 4041 558 4097 φασι
604 4022 666 4077 τὸ
713 4020 906 4075 τούτου
958 4021 1278 4091 μηχάνημα.
1312 4019 1424 4090 Τῆς
1463 4016 1575 4087 γὰρ
1627 4017 1796 4070 ἵππου

201 4121 461 4186 ἐκείνης,
522 4119 592 4188 ἦν
646 4115 675 4166 6
711 4113 942 4182 Δαρείου
983 4113 1148 4176 ἵππος
1194 4111 1390 4181 ἐφίλει,
1424 4111 1534 4166 τῶν
1575 4110 1796 4182 ἄρθρων

201 4211 525 4282 ἐπιψαῦσαι
572 4209 640 4278 τῇ
683 4207 830 4277 χειρὶ
859 4205 953 4259 καὶ
983 4207 1084 4274 τὴν
1125 4207 1282 4274 χεῖρα
1315 4202 1584 4272 κρύπτειν
1631 4205 1690 4256 ιν
1727 4203 1794 4272 τῇ

199 4302 526 4374 ἀναξυρίδι.
567 4302 707 4370 Ἤδη
735 4300 792 4352 δὲ
825 4297 921 4352 τοῦ
962 4297 1114 4367 ἡλίου
1155 4297 1490 4365 ἀνίσχοντος,
1535 4294 1630 4348 καὶ
1669 4293 1796 4356 τοὺς

199 4398 424 4458 ἵππους
481 4391 890 4448 ἀναϐαινόντων
920 4388 1041 4444 ,τῶν
1095 4387 1238 4440 ἑπτὰ
1277 4383 1504 4437 ἐκείνων
1563 4382 1794 4453 ἀνδρῶν,

200 4483 600 4557 προσαγαγεῖν
651 4480 818 4534 αὐτὸν
857 4478 959 4550 τὴν
1012 4480 1172 4548 χεῖρα
1204 4478 1321 4542 τοῖς
1357 4475 1452 4531 τοῦ
1495 4478 1662 4530 ῐππου
1698 4476 1794 4532 τοῦ

1899 2001 2098 2057 nendis
2118 2004 2285 2059 rebus
2313 2005 2640 2065 deliberant.
2659 2008 2738 2064 Ac
2754 2009 2960 2067 Otanes
2975 2011 3368 2070 democratiam
3395 2018 3482 2073 in-

1899 2092 2254 2158 stituendam,
2278 2097 2599 2170 Megabysus
2619 2101 3048 2169 aristocratiam,
3069 2106 3264 2161 Darius
3279 2107 3482 2163 iterum

1899 2186 2210 2256 eligendum
2228 2204 2350 2244 esse
2375 2205 2558 2260 regem
2575 2202 2788 2248 censet.
2809 2192 2983 2265 Cujus
3001 2198 3296 2252 sententiae
3315 2209 3481 2254 etce-

1901 2275 2003 2330 teri
2035 2287 2274 2344 quatuor
2328 2280 2608 2350 principes
2641 2282 2946 2354 δυσί-οεοῦ,
2992 2285 3307 2352 decrevere,
3349 2304 3484 2344 con-

1899 2367 2244 2425 scendendos
2267 2384 2389 2426 esse
2415 2385 2614 2442 equos:
2643 2383 2701 2428 et
2719 2375 2880 2445 cujus
2901 2391 3101 2446 equus,
3122 2388 3316 2435 exorto
3335 2381 3479 2444 sole,

1899 2475 2027 2516 cum
2074 2461 2132 2516 in
2165 2462 2498 2520 suburbium
2536 2468 2922 2534 pervenerint,
2957 2471 3171 2539 primus
3194 2471 3480 2537 binnierit,

1899 2551 2020 2621 ejus
2041 2553 2431 2623 essezregnum.
2457 2555 2514 2610 Id
2543 2556 2828 2613 decretum
2855 2561 3052 2616 Darius
3092 2577 3196 2617 suo
3224 2564 3479 2632 equisoni

1896 2642 2104 2710 aperit:
2124 2645 2216 2712 qui
2239 2659 2363 2700 cum
2379 2647 2465 2700 vir
2479 2647 2722 2716 prudens
2739 2658 2908 2717 esset,
2925 2651 3074 2707 bono
3098 2653 3286 2708 animo
3301 2654 3482 2714 domi.-

1899 2747 2030 2786 num
2047 2749 2169 2790 esse
2182 2736 2495 2809 jubet,ejus
2508 2740 2656 2794 enim
2677 2755 2904 2809 regnum
2928 2742 3069 2797 fore.
3084 2743 3260 2799 Noctu
3278 2760 3478 2814 equam

1897 2837 1930 2876 a
1955 2823 2102 2878 Darii
2137 2840 2282 2894 equo
2310 2827 2614 2883 adamatam
2641 2829 2697 2883 in
2723 2829 2992 2885 suburbio
3020 2832 3239 2902 alligat,
3274 2849 3478 2902 equum

1897 2928 2067 2985 prope
2105 2916 2254 2971 illam
2293 2917 2533 2985 adducit,
2553 2935 2618 2976 ac
2639 2920 2876 2992 denique
2899 2923 2967 2978 ad
2991 2924 3197 2978 coitum
3215 2925 3477 2982 admittit.

1897 3005 2054 3062 Mane
2085 3022 2208 3062 cum
2237 3018 2448 3080 septem
2469 3011 2572 3066 viri
2603 3013 2660 3067 in
2695 3014 3024 3070 suburbium
3066 3018 3478 3083 convenissent,

1896 3110 2114 3168 quaque
2141 3113 2280 3168 equa
2309 3100 2527 3172 alligata
2561 3101 2762 3170 fuerat,
2793 3107 3116 3170 transirent,
3148 3109 3304 3178 173
3332 3109 3480 3164 Darii

1896 3201 2074 3258 equus
2111 3189 2256 3246 illius
2285 3194 2607 3250 recordatus
2623 3195 2861 3252 hinniit:
2886 3197 3077 3268 itaque
3093 3200 3291 3254 Darius
3313 3214 3481 3270 regno

1897 3280 2106 3349 potitus
2120 3291 2226 3338 est.
2242 3283 2502 3340 Nonnulli
2519 3285 2686 3357 igitur
2701 3287 2852 3343 Darii
2869 3289 3190 3359 equisonem
3208 3289 3477 3346 OEbarem

1898 3370 2006 3427 hoc
2035 3373 2404 3432 machinatum
2431 3392 2553 3432 esse
2574 3376 2778 3444 ferunt,
2804 3379 2896 3434 alii
2915 3379 3198 3437 diversum
3216 3383 3478 3452 quiddam

1901 3465 2147 3521 tradunt.
2168 3467 2304 3523 Nam
2331 3483 2487 3539 eque
2502 3484 2534 3525 a
2553 3469 2702 3525 Darii
2727 3485 2874 3540 equo
2907 3472 3196 3542 adamata,
3223 3476 3478 3546 genitalia

1899 3569 2270 3617 contrectasse
2310 3577 2498 3628 manu,
2527 3579 2705 3634 eaque
2742 3565 2887 3621 intra
2917 3566 3319 3638 subligaculum
3351 3583 3484 3623 eon-

1898 3652 2034 3719 dita,
2070 3669 2196 3709 cum
2226 3654 2343 3710 sole
2371 3656 2481 3726 jam
2518 3656 2732 3713 oriente
2756 3668 2967 3728 septem
3012 3659 3118 3713 viri
3146 3675 3319 3728 equos
3346 3675 3483 3714 con-

1897 3745 2243 3811 scenderent,
2276 3745 2420 3801 Darii
2445 3747 2570 3817 equi
2596 3763 2760 3803 nares
2779 3749 3029 3818 palpasse
3059 3766 3074 3802 :
3105 3750 3196 3819 qui
3225 3762 3484 3820 percepto

1899 3837 2091 3902 odore,
2125 3839 2306 3894 statim
2346 3853 2470 3894 cum
2501 3839 2727 3895 fremitu
2765 3841 3054 3895 hinnierit.
3087 3839 3203 3895 Hoc
3237 3841 3356 3896 sive
3386 3841 3482 3905 ita,

1898 3930 2019 3985 sive
2063 3930 2225 3984 aliter
2265 3930 2472 3984 factum
2519 3930 2707 3993 fuerit,
2747 3945 2917 4000 regno
2959 3943 3110 3987 certe
3152 3933 3360 4003 potitus
3400 3942 3485 3989 est

1899 4018 2096 4074 Darius
2125 4035 2140 4072 :
2176 4019 2269 4089 qui
2305 4020 2552 4089 privatus
2581 4019 2765 4075 adhuc
2792 4031 2982 4076 votum
3016 4022 3223 4079 fecerat
3262 4025 3393 4088 Deo,
3427 4026 3474 4079 si

1899 4129 1994 4167 rex
2021 4119 2166 4166 esset
2205 4111 2400 4177 factus,
2435 4127 2494 4166 se
2523 4127 2650 4167 vasa
2699 4113 2931 4184 reliqua,
2949 4129 3072 4185 qua
3099 4107 3281 4171 adhuc
3303 4116 3478 4187 Baby-

1897 4204 2023 4258 lone
2049 4213 2254 4268 essent,
2285 4203 2491 4267 omnia,
2528 4204 2584 4259 in
2619 4205 2883 4275 templum
2914 4205 3476 4279 llieroselymitanum

1898 4294 2256 4350 remissurum
2303 4308 2444 4350 esse.
2478 4296 2550 4350 Et
2589 4297 2718 4366 quia
2755 4307 3026 4353 vetustate
3055 4299 3312 4354 amicitiae
3352 4315 3480 4354 cum

1897 4387 2242 4443 Zorobabele
2269 4388 2602 4460 coniunctus
2624 4396 2768 4454 erat,
2793 4404 2920 4444 eum
2946 4405 3142 4446 recens
3165 4391 3483 4462 Hierosoly-

1899 4478 2004 4533 mis
2042 4478 2350 4549 profectum
2392 4492 2518 4534 cum
2547 4479 2668 4536 aliis
2697 4479 2914 4536 duobus
2945 4480 3012 4536 ad
3045 4480 3352 4536 custodiam
3397 4480 3483 4536 sui

201 4575 454 4647 Δαρείου
490 4572 788 4643 μυκτῆρσι,
819 4571 914 4624 καὶ
944 4570 1040 4624 τὸν
1068 4569 1270 4624 αὐτίκα
1307 4568 1635 4639 αίσθόμενον
1665 4585 1794 4639 φριο

1900 4572 2151 4642 corporis
2180 4570 2530 4626 adhibuerat.
2573 4571 2710 4626 Cum
2743 4579 2927 4627 autem
2975 4572 3154 4642 primo
3201 4570 3288 4627 sui
3329 4572 3482 4642 regni

210 4663 510 4738 μάξασθαί
558 4680 618 4716 τε
667 4663 764 4716 καὶ
810 4661 1155 4731 χρεμετίσαι.
1189 4659 1420 4715 Είθόὖν
1463 4658 1659 4726 οὕτως,
1694 4659 1795 4713 εἰτ’

202 4758 473 4820 ἐκείνως,
512 4755 542 4806 6
572 4755 798 4823 Δαρεῖος
841 4752 942 4822 τῆς
986 4750 1265 4822 βασιλείας
1300 4751 1585 4822 ἐπέτυχεν.
1628 4744 1800 4813 Οὗτος

204 4847 311 4905 οὖν
360 4846 588 4917 ίδιὼτης
643 4844 740 4909 ὢν,
771 4843 976 4914 ηὐξατο
1024 4843 1102 4912 τῷ
1137 4843 1277 4914 Θεῷ,
1310 4846 1361 4897 εί
1401 4845 1610 4912 γένοιτο
1640 4843 1798 4914 βασι-

203 4944 369 5006 λείις,
400 4940 587 4993 πάντα
607 4937 674 4990 τὰ
699 4935 870 5006 σκεύη
891 4934 987 4988 τοῦ
1013 4934 1174 4997 Θεοῦ,
1199 4937 1298 4989 ὅσα
1323 4935 1391 5009 ἤν
1418 4936 1501 4990 ἔτι
1531 4936 1590 4990 έν
1623 4937 1801 4990 Βαϐυ-

195 5034 369 5095 λῶνι,
402 5028 645 5099 πέμψειν
676 5030 760 5090 είς
787 5026 879 5080 τὸν
901 5030 959 5080 ὲν
993 5025 1396 5098 Ἰεροσολύμοις
1422 5028 1569 5083 ναόν.
1604 5025 1712 5082 Ἦν
1742 5029 1798 5082 δὲ

200 5123 366 5191 αὑτῷ
412 5122 584 5175 πάλαι
637 5119 733 5173 καὶ
770 5118 908 5190 πρὸς
947 5119 1042 5172 τὸν
1076 5119 1386 5189 Ζοροϐάϐελ
1413 5121 1594 5188 φιλία,
1635 5121 1703 5175 δι’
1729 5123 1798 5194 ῆν

202 5215 315 5268 καὶ
357 5211 859 5284 σωματοφυλακεῖν
903 5211 1026 5281 μεθ’
1053 5211 1260 5310 ἑτέρων
1287 5209 1382 5265 δύο
1409 5211 1632 5283 ἠξίωτο,
1673 5213 1798 5284 ἄρτι

201 5307 274 5373 ἐξ
303 5304 707 5375 Ἱεροσολύμων
733 5303 872 5374 πρὸς
901 5303 1064 5358 αὐτὸν
1092 5303 1539 5375 ἀφικόμενος.Τῷ
1564 5304 1620 5358 δὲ
1643 5306 1795 5375 πρώ-

198 5416 295 5468 τῳ
329 5397 442 5450 ἔτει
477 5396 576 5465 τῆς
605 5395 772 5449 αὐτοῦ
809 5395 1085 5465 βασιλείας
1123 5396 1286 5448 Μτον
1317 5397 1432 5457 τοῖς
1472 5397 1795 5463 μεγιστᾶσιν

199 5488 384 5545 αὐτοῦ
433 5490 660 5560 Δαρεῖος
696 5487 1016 5558 ἡτοίμασεν.
1052 5486 1143 5550 Ὦς
1192 5487 1240 5541 δ’
1271 5487 1645 5557 εὐωχηθέντες
1695 5488 1794 5540 ἀν-

199 5581 442 5643 έλυσαν,
481 5579 577 5632 καὶ
607 5577 770 5641 αὐτὸς
796 5577 889 5631 ἐπὶ
916 5580 984 5648 τῇ
1029 5578 1186 5648 κοιτῇ
1216 5577 1514 5647 κατέδαρτε
1538 5593 1552 5608 ·
1596 5577 1792 5648 μικρὸν

198 5668 313 5726 οὖν
348 5671 634 5741 ὑπνώσας,
663 5669 989 5741 ἀφύπνωσε,
1021 5670 1116 5729 καὶ
1149 5670 1290 5742 μετὰ
1322 5673 1432 5728 τῶν
1462 5689 1758 5745 σωματοφυ

1900 4678 2048 4718 anno
2077 4663 2331 4718 convivio
2355 4672 2637 4734 magnates
2665 4663 2993 4734 excepisset,
3031 4679 3096 4720 ac
3137 4673 3259 4734 post
3289 4678 3482 4719 eorum

1900 4755 2129 4820 abitum,
2175 4771 2366 4826 parum
2413 4756 2470 4810 in
2521 4755 2724 4813 lectulo
2751 4755 3067 4825 dormisset,
3101 4765 3478 4828 experrectus,

1901 4863 2026 4903 cum
2045 4851 2160 4904 suis
2182 4851 2502 4907 custodibus
2522 4851 2878 4921 colloquitur,
2896 4857 2954 4906 et
2980 4851 3212 4921 singulis
3237 4848 3483 4920 singulas

1903 4941 2232 5009 qua‘stiones
2271 4941 2552 5011 proponit.
2593 4941 2798 5007 Primo,
2829 4957 2899 4996 an
2929 4944 3117 4995 vinum
3149 4941 3334 4994 omnia
3364 4939 3488 4994 vin.

1903 5032 2024 5086 cat?
2071 5033 2252 5099 alteri,
2304 5049 2373 5088 an
2429 5033 2561 5088 rex?
2609 5033 2772 5088 tertio
2801 5033 2871 5106 (is
2903 5033 3210 5089 Zorobabel
3251 5031 3376 5102 fuit)
3409 5047 3480 5085 an

1900 5124 2181 5189 mulieres,
2208 5141 2411 5195 easque
2435 5125 2676 5180 veritas?
2704 5125 2983 5196 pollicitus
3009 5125 3200 5179 victori
3229 5123 3477 5194 praemia,

1900 5221 1962 5268 ut
1986 5231 2310 5286 purpuram,
2347 5215 2591 5288 cydarim
2637 5215 2936 5288 byssinam,
2977 5224 3033 5270 et
3078 5223 3330 5286 torquem
3375 5228 3478 5267 au-

1899 5322 2056 5360 reum
2107 5316 2366 5377 gestaret,
2426 5323 2490 5363 ac
2549 5313 2879 5377 potestatem
2941 5306 3172 5362 haberet
3217 5321 3285 5360 ex
3338 5317 3476 5358 auro

1898 5397 2144 5460 bibendi.
2190 5407 2246 5454 et
2295 5398 2351 5454 in
2404 5399 2549 5454 lecto
2605 5412 2775 5453 aureo
2821 5397 3156 5461 dormiendi,
3192 5406 3249 5451 et
3302 5407 3472 5448 curru

1897 5491 2080 5547 aureis
2109 5492 2277 5548 frenis
2306 5490 2538 5548 vehendi
2567 5509 2582 5546 :
2619 5500 2788 5561 utque
2811 5490 3123 5562 proximum
3145 5503 3175 5543 a
3201 5501 3259 5542 se
3289 5487 3470 5540 locum

1897 5591 2129 5651 teneret,
2165 5592 2224 5639 et
2255 5598 2390 5640 suus
2428 5590 2695 5655 cognatus
2721 5588 3036 5636 vocaretur.
3083 5578 3240 5633 Mane
3271 5589 3469 5644 proce-

1893 5677 2046 5734 ribus
2093 5677 2400 5746 accersitis,
2443 5689 2715 5749 quemquc
2749 5673 3050 5731 satellitum
3100 5667 3460 5741 quaestionem
