3918 6200
457 271 566 336 319

1712 272 2036 336 JOANNlS
2069 269 2391 332 ΖΟΝΛΒᾸΕ

3599 255 3715 318 320

451 400 609 440 suam
637 382 919 437 declarare
941 384 1121 455 jubet.
1149 386 1367 442 Primus
1393 386 1558 458 igitur
1589 385 1701 440 vini
1734 384 2031 453 potentiam

2141 383 2317 436 λάκων
2340 377 2554 446 ὡμίλει,
2588 375 2681 429 καὶ
2703 373 2906 427 τούτων
2930 371 3147 440 ἑκάστῳ
3171 369 3356 437 ἀγῶνα
3383 366 3547 436 λόγου
3581 386 3691 438 προ

452 477 690 540 extollit,
746 475 894 546 quod
952 478 1166 532 animos
1189 467 1548 534 'abutentium
1600 477 1900 547 deciperet,
1943 475 2025 529 al-

452 567 632 622 fectus
666 577 923 634 mutaret,
960 579 1015 623 et
1042 570 1227 624 ebrios
1265 571 1438 625 variis
1467 569 1643 624 modis
1668 568 2028 622 transforma-

453 670 558 714 ret.
589 660 741 714 Alter
781 676 962 731 regem
990 671 1254 730 prmstare
1289 663 1550 716 omnibus
1579 661 1844 730 disputat,
1899 674 2025 713 cum

456 753 709 808 homines
755 753 828 807 ob
877 755 1204 824 sapientiam
1245 756 1458 809 cmteris
1490 755 1748 808 omnibus
1782 752 2026 807 antecel-

453 841 572 894 lant
604 859 617 894 :
671 841 740 895 iis
775 850 958 895 autem
991 844 1192 913 quibus
1228 845 1333 898 alia
1363 851 1610 913 pareant,
1651 857 1807 908 rcges
1849 841 2026 910 impc-

453 943 596 990 rcut.
629 931 698 988 At
726 934 1030 990 Zorobabel
1062 936 1237 1005 majus
1269 951 1391 990 esse
1427 935 1599 989 robur
1626 934 1916 991 mulierum
1939 949 2027 988 as-

456 1027 593 1081 serit
653 1039 670 1080 :
723 1040 851 1080 nam
903 1043 970 1081 ex
1037 1028 1123 1083 eis
1184 1036 1241 1082 et
1305 1042 1462 1097 reges
1519 1025 1708 1092 nasci,
1763 1036 1819 1080 et
1881 1027 2027 1080 vini-

454 1123 646 1168 tores:
709 1130 804 1170 eas
867 1117 933 1170 ab
999 1117 1337 1172 omnibuset
1365 1117 1688 1186 parentibus
1730 1125 1786 1170 et
1841 1118 2030 1186 patria:

455 1213 514 1258 et
566 1205 912 1262 cbarissimis
964 1209 1278 1278 quibusque
1341 1208 1600 1278 anteponi
1657 1226 1672 1263 :
1735 1224 1831 1263 eas
1895 1209 2029 1278 ipsis

454 1295 676 1365 regibus
726 1299 1012 1366 imperare,
1069 1300 1161 1368 qui
1208 1314 1267 1354 se
1301 1300 1636 1354 submittant
1685 1308 1743 1355 et
1789 1300 2030 1355 adulen-

454 1389 550 1434 tur
603 1383 648 1436 si
707 1383 841 1453 quid
925 1386 1049 1440 illas
1103 1396 1248 1456 mgre
1299 1381 1466 1440 'l‘erre
1525 1387 1838 1456 cognorint.
1921 1385 2028 1440 Sed

457 1468 746 1523 veritatem
798 1480 980 1525 tamen
1057 1473 1427 1542 potentiorem
1491 1488 1612 1528 esse
1681 1473 2027 1528 mulieribus.

460 1557 620 1628 174
671 1559 854 1628 Ipsum
899 1562 1046 1615 enim
1080 1562 1249 1616 Deum
1268 1577 1519 1617 veracem
1554 1572 1612 1618 et
1653 1578 1774 1618 esse
1806 1572 1862 1618 et
1906 1579 2033 1632 per-

456 1645 636 1702 hiberi
691 1666 706 1703 :
755 1665 991 1720 cumque
1029 1662 1222 1707 caetera
1285 1652 1490 1708 caduca
1540 1654 1686 1720 sint,
1743 1654 2029 1709 veritatem

454 1753 579 1794 esse
611 1739 974 1816 immortalem
1004 1752 1061 1796 et
1091 1752 1376 1799 mternam.
1413 1745 1471 1799 ln
1500 1745 1664 1816 hujus
1700 1745 2030 1801 sententiam

458 1841 583 1881 cum
635 1815 1101 1895 ivissent’omnes,
1144 1842 1205 1888 ut
1248 1834 1340 1904 qui
1368 1834 1435 1889 de
1469 1815 1697 1890 veritate
1726 1836 2032 1892 rectissime

458 1920 830 1976 disseruisset:
858 1922 1054 1978 Darius
1071 1925 1120 1979 ei
1147 1927 1415 1994 permisit.
1460 1935 1521 1982 ut
1545 1935 1741 1997 preter
1763 1927 2031 1998 promissa

458 2010 704 2079 prtemia,
731 2012 953 2081 quidvis
972 2015 1140 2071 etiam
1161 2018 1481 2086 postularet.
1504 2017 1573 2072 At
1599 2019 1691 2074 ille
1725 2033 1907 2089 regem
1931 2019 2031 2074 ad-

463 2109 670 2165 monet,
691 2103 1150 2169 quemadmodum
1179 2108 1418 2163 vovisset
1466 2108 1513 2163 si
1547 2123 1714 2178 regno
1738 2110 2030 2179 potiretur,

459 2205 519 2244 se
567 2200 626 2244 et
669 2194 930 2262 templum
983 2196 1535 2269 Hierosolymitanum
1576 2201 2029 2268 instauraturum,

459 2289 515 2334 et
543 2296 669 2336 vasa
698 2299 820 2352 quae
847 2284 1122 2357 Babylone
1147 2289 1356 2359 reliqua
1394 2300 1599 2356 essent,
1633 2292 1990 2348 remissurum
2015 2311 2030 2349 :

460 2372 532 2426 Et
557 2375 688 2440 haec,
715 2375 916 2446 inquit,
948 2388 1088 2450 peto.
1125 2381 1221 2436 His
1247 2397 1340 2436 rex
1376 2383 1696 2448 delectatus,
1728 2386 1920 2441 scribit
1963 2386 2033 2441 ad

461 2473 730 2534 satrapas,
798 2477 858 2522 ut
915 2471 1140 2526 cedrina
1201 2474 1347 2544 ligna
1399 2475 1678 2545 praebeant
1713 2476 1798 2545 _ad
1846 2479 2033 2548 templi

461 2563 818 2625 structuram,
845 2570 902 2616 et
929 2562 997 2616 ad
1031 2564 1188 2619 urbis
1221 2565 1676 2623 instaurationem
1707 2568 2034 2624 Zorobabeli

446 2648 577 2713 ,sint
605 2649 921 2722 adiumento
951 2674 966 2709 :
999 2671 1193 2713 omnes
1234 2659 1530 2723 lsraelitas,
1564 2662 1657 2732 qui
1683 2662 1739 2715 in
1789 2661 2032 2716 Judazam

461 2741 682 2811 abeant,
732 2745 984 2801 libertate
1036 2758 1094 2802 et
1140 2749 1489 2805 immunitate
1533 2751 1699 2806 donat
1743 2769 1758 2805 :
1795 2752 1862 2806 ad
1898 2761 2034 2806 tem-

463 2831 614 2897 plum
659 2834 1071 2891 instaurandum
1119 2856 1148 2894 ι.
1189 2840 1393 2894 talenta
1450 2841 1699 2912 largitur,
1749 2856 1878 2896 vasa
1915 2857 2036 2911 qua:

460 2935 632 2990 penes
662 2926 840 2996 ipsum
873 2940 1054 2996 erant,
1089 2931 1292 2987 mittit:
1327 2943 1381 2988 et
1403 2948 1740 3004 qumunquc
1763 2932 1936 3004 Cyrus
1969 2933 2067 2988 dc:

460 3011 668 3073 Iudaeis
704 3023 1098 3092 promulgarat,
1121 3024 1310 3079 eadem
1339 3034 1396 3079 et
1439 3025 1554 3094 ipse
1586 3025 1895 3080 contirmat.

2133 473 2348 543 τίθησιο
2390 471 2468 539 τῷ
2517 467 2722 538 πρώτῳ
2761 465 2878 534 μὲν,
2921 465 2969 515 εί
3003 464 3030 516 ὁ
3053 456 3196 524 οἶνος
3229 461 3451 514 πάντων
3480 463 3715 529 κρατεῖς

2133 564 2212 635 τῷ
2243 564 2481 631 δευτέρῳ
2512 559 2589 620 δὲ,
2623 561 2672 611 εἰ
2693 559 2741 610 οἱ
2775 556 3050 627 βασιλεῖςς
3079 552 3159 622 τῷ
3186 553 3243 605 δέ
3288 568 3354 620 γε
3382 551 3558 621 λοιπῷ
3593 544 3717 620 (οὗ-

2133 674 2224 718 τος
2251 655 2306 708 δὲ
2331 657 2357 706 ὁ
2389 650 2696 722 Ζοροϐάϐελ
2716 644 2806 718 ἦν)
2846 649 2894 700 εί
2925 646 2982 699 αἱ
3015 647 3302 713 γυναῖκες,
3336 642 3431 696 καὶ
3456 643 3642 695 αὐτῶν
3681 645 3718 712 ἡ

2134 746 2399 815 ἀλήθεια;
2447 743 2539 796 καὶ
2572 740 2652 809 τῷ
2677 740 2962 808 νικήσαντι
3007 735 3181 805 γέρας
3215 732 3410 786 δώσειν
3442 733 3720 802 ὑπέσχετο

2133 835 2477 903 νικητήριον,
2504 829 2792 900 πορφύραν
2819 827 3032 896 φορεῖν.
3054 825 3152 878 καὶ
3182 823 3397 894 κίδαριν
3421 823 3715 892 βυσσίνην,

2134 927 2229 978 καὶ
2254 923 2638 992 περιαυχένιον
2673 921 2930 990 χρύσεον,
2963 916 3059 969 καὶ
3095 917 3154 968 έν
3187 915 3484 983 ἐκπώμασι
3526 916 3717 968 πίνειν

2134 1017 2378 1085 χρυσοῖς,
2410 1015 2502 1066 καὶ
2534 1013 2625 1065 ἐπὶ
2663 1011 2888 1081 χρυσίου
2919 1007 3225 1072 καθεύδειν,
3259 1008 3354 1061 καὶ
3380 1007 3536 1077 ἆρμα
3571 1027 3717 1080 χρυ-

2143 1106 2422 1176 σοχάλινον
2473 1104 2640 1173 ἔχειν,
2693 1103 2787 1155 καὶ
2837 1099 2958 1170 μετ’
2996 1099 3161 1152 αὑτὸν
3199 1098 3571 1169 προεδρεύειν,
3616 1101 3718 1152 καὶ

2137 1195 2373 1264 συγγενῆ
2399 1191 2677 1246 καλεῖσθαι
2708 1189 2901 1245 αὑτοῦ.
2929 1189 3168 1260 Ὄρθρου
3195 1189 3377 1241 τοίνυν
3396 1190 3524 1250 τοὺς
3551 1207 3718 1258 μεγι-

2137 1291 2339 1351 στᾶνας
2371 1286 2895 1357 μεταπεμψάμενος,
2928 1282 3039 1335 τῶν
3068 1279 3552 1350 σωματοφυλάκων
3579 1281 3721 1334 ἕκα-

2139 1397 2263 1432 στον
2294 1377 2515 1431 ἐκέλευε
2564 1378 2696 1446 περὶ
2722 1373 2819 1428 τοῦ
2860 1373 3252 1446 προϐλήματος
3283 1373 3718 1440 ἀποφαίνεσθαι,

2135 1472 2230 1522 καὶ
2255 1472 2284 1522 δ
2323 1468 2422 1537 μὲν
2450 1467 2550 1538 τὴν
2579 1467 2734 1536 ἰσχὺν
2763 1465 2929 1535 ἐξῆρε
2979 1464 3076 1518 τοῦ
3128 1465 3298 1530 οἴνου,
3348 1465 3426 1527 ὡς
3469 1467 3571 1534 τὴν
3598 1469 3719 1519 τῶν

2137 1559 2586 1630 καταχρωμένων
2629 1555 2950 1618 ἀπατῶντος
2994 1555 3256 1616 διάνοιαν.
3306 1556 3398 1609 καὶ
3449 1556 3552 1619 τάς
3601 1557 3722 1608 τῶν

2135 1649 2325 1720 ψυχῶν
2361 1647 2637 1710 διαθέσεις
2678 1645 3128 1716 μεταποιοῦντος,
3163 1646 3259 1698 καὶ
3292 1647 3488 1708 ἀλλους
3529 1646 3592 1711 ἐξ
3616 1648 3721 1701 άλ-

2064 1733 2104 1787 Β
2132 1745 2239 1797 λων
2267 1740 2636 1812 ἐργαζομένου
2665 1739 2792 1801 τοὺς
2815 1736 3162 1800 οἰνωθέντας.
3197 1737 3256 1790 '0
3279 1738 3338 1791 δὲ
3365 1739 3458 1791 τὸν
3481 1738 3723 1808 βασιλέα

2139 1836 2358 1888 πάντων
2387 1832 2677 1903 ὑπερέχειν
2715 1829 3132 1900 ἐφιλοσόφησεν,
3166 1831 3243 1894 ὡς
3262 1833 3371 1885 τῶν
3400 1831 3722 1902 ἀνθρώπων

2138 1913 2488 1996 κρατούντων
2507 1924 2620 1978 τῶν
2647 1922 2827 1979 ἀλλων
2858 1921 3115 1976 ἀπάντων
3141 1922 3232 1991 διᾲ
3256 1922 3473 1990 σοφίας,
3501 1923 3724 1976 τούτων

2138 2018 2184 2073 δ’
2214 2016 2282 2070 αὖ
2307 2011 2391 2080 οἷς
2417 2016 2636 2070 ἅπαντα
2661 2014 3053 2075 ὑποτάσσεται,
3085 2014 3449 2084 κυριευόντων
3471 2013 3584 2066 τῶν
3616 2015 3724 2083 βα-

2141 2109 2352 2164 σιλέων.
2400 2107 2459 2161 ⁸0
2485 2106 2544 2160 δέ
2568 2122 2632 2174 γε
2661 2105 2990 2177 Ζοροϐάϐελ,
3021 2105 3124 2168 τὰς
3157 2107 3428 2172 γυναῖκας
3458 2122 3724 2175 κρειττοο

2139 2203 2318 2255 νεύειν
2349 2200 2448 2271 τὴν
2481 2198 2638 2269 ἰσχὺν
2671 2198 3013 2268 ἀπεφήνατο,
3043 2197 3121 2259 ὡς
3159 2197 3256 2249 καὶ
3285 2196 3396 2248 τῶν
3444 2195 3725 2266 βασιλέων

2137 2294 2208 2348 δι’
2235 2291 2418 2345 αὑτῶν
2448 2291 2782 2360 γενομένων,
2813 2289 2908 2343 καὶ
2950 2288 3061 2341 τῶν
3085 2288 3183 2350 τάς
3213 2288 3497 2356 ἀμπέλους
3527 2288 3587 2341 δὲ
3617 2306 3726 2356 φυ-

2139 2385 2428 2448 τευόντων,
2459 2383 2556 2436 καὶ
2593 2381 2816 2436 πάντων
2846 2379 3022 2442 αὑτάς
3054 2379 3264 2448 γονέων
3297 2396 3356 2432 τε
3395 2380 3724 2449 προτιμών-

2139 2495 2268 2541 των,
2317 2475 2411 2530 καὶ
2449 2475 2562 2529 τῶν
2591 2473 2870 2546 πατρίδων
2916 2473 3010 2526 καὶ
3043 2473 3152 2524 τῶν
3196 2471 3472 2540 φιλτάτων
3493 2472 3723 2526 αὑτῶνο

2139 2569 2234 2621 καὶ
2277 2566 2386 2619 τῶν
2428 2565 2696 2636 βασιλέων
2739 2563 2786 2618 δ’
2833 2563 3016 2618 αὐτῶν
3044 2565 3266 2631 κρατεῖν
3304 2563 3403 2625 τάς
3447 2565 3728 2631 γυναῖκας

2141 2659 2550 2712 κολακευόντων
2575 2658 2765 2722 αὐτάς,
2800 2659 2895 2710 καὶ
2922 2657 3390 2725 ταπεινουμένων,
3421 2657 3470 2709 εί
3496 2658 3651 2709 κατᾶ
3671 2675 3727 2709 τι

2142 2749 2601 2821 δυσχεραινούσας
2629 2751 2808 2816 γνοῖεν
2836 2747 3026 2808 αὑτάς.
3058 2747 3279 2800 Μᾶλλον
3304 2747 3361 2799 δὲ
3385 2746 3598 2799 τούτοιν
3629 2745 3730 2799 δύο

2143 2838 2338 2891 νασθαι
2372 2838 2472 2907 τὴν
2504 2835 2788 2906 ἀλήθειαν,
2815 2836 2943 2889 ἐπεὶ
2977 2831 3072 2888 καὶ
3106 2837 3134 2888 ὁ
3161 2835 3295 2896 Θεὸς
3323 2835 3532 2905 ἀληθής
3575 2837 3723 2898 ἐστι,

2141 2929 2238 2984 καλ⁵
2268 2926 2412 2981 οὑτω
2446 2925 2717 2989 καλεῖται,
2753 2926 2848 2978 καὶ
2875 2925 2942 2978 τά
2973 2925 3076 2995 μὲν
3106 2925 3243 2980 ἀλλα
3274 2925 3475 2994 θνητάο
3504 2925 3726 2978 ἀθάνα-

2141 3038 2234 3074 τον
2267 3020 2324 3072 δὲ
2357 3019 2546 3090 χρῆμά
2586 3020 2738 3070 ἐστιν
2767 3019 2802 3088 ἡ
2835 3017 3087 3088 ἀλήθεια,
3124 3018 3223 3071 καὶ
3261 3019 3451 3072 ἀῖδιον.
3488 3020 3727 3073 Πάντων

460 3106 519 3160 δὲ
566 3114 630 3182 τῇ
675 3112 868 3185 γνώμῃ
900 3115 1092 3168 τούτου
1130 3115 1390 3186 θεμένων,
1420 3117 1496 3179 ὡς
1529 3117 1728 3188 ἄριστα
1792 3117 1922 3187 περὶ
1970 3116 2069 3186 τῆς
2107 3114 2366 3184 ἀληθείας
2419 3112 2884 3182 φιλοσοφήσαντος
2937 3111 2966 3162 ὁ
3009 3112 3234 3179 Δαρεῖος
3302 3111 3646 3180 αἰτήσασθαι
3697 3111 3727 3164 δ

467 3199 740 3268 βούλεται,
775 3203 948 3273 πάρεξ
995 3205 1104 3258 τῶν
1133 3206 1552 3275 ὑπεσχημένων,
1594 3206 1916 3276 ἐπέτρεψεν.
1962 3205 2024 3258 '0
2063 3207 2120 3260 δὲ
2151 3205 2250 3274 τῆς
2273 3203 2440 3273 εὐχῆς
2471 3203 2634 3256 αὑτὸν
2668 3203 2996 3271 ἀνέμνησεν,
3065 3204 3152 3274 ἢν,
3185 3203 3235 3254 εί
3258 3201 3413 3256 λάϐοι
3436 3202 3538 3265 τὴν
3602 3203 3712 3272 βαι

468 3291 696 3358 σιλείαν,
724 3295 1010 3362 πεποίητο.
1033 3294 1182 3364 Αὑτη
1213 3297 1268 3350 δὲ
1303 3293 1392 3367 ἦν,
1428 3298 1519 3350 τὸν
1545 3298 1602 3351 ἐν
1635 3296 2030 3368 Ἱεροσολύμοις
2067 3295 2163 3350 τοῦ
2225 3294 2361 3349 Θεοῦ
2397 3295 2805 3348 κατασκευάσαι
2833 3294 2980 3353 ναὸν.
3003 3295 3462 3364 ἀποκαταστῆσαι
3522 3296 3582 3348 δὲ
3611 3298 3715 3349 καὶ

453 3379 536 3432 ⁴τὰ
568 3382 760 3451 σκεύη,
785 3384 884 3436 ὅσα
918 3381 1000 3437 έτι
1036 3386 1094 3437 ὲν
1128 3385 1408 3440 Βαϐυλῶνι
1441 3386 1868 3456 περιελέλειπτο.
1935 3385 2042 3440 Καὶ
2106 3387 2301 3450 τοῦτο,
2364 3385 2489 3456 ἔφη,
2522 3387 2588 3440 τὸ
2613 3386 2837 3454 altum
2867 3387 2931 3438 τὸ
2956 3386 3122 3454 ἐμόν.
3160 3385 3380 3448 Ἡσθεὶς
3402 3388 3447 3438 δ’
3473 3389 3568 3440 ἐπὶ
3590 3390 3728 3442 τού-

467 3488 583 3533 τοις
638 3472 668 3524 6
722 3473 996 3542 βασιλεὺς,
1035 3476 1238 3545 γράφει
1269 3478 1383 3539 τοῖς
1429 3477 1761 3546 σατράπαις,
1807 3479 2031 3547 κέδρινα
2072 3477 2204 3542 ξύλα
2233 3481 2492 3548 χορηγεῖν
2519 3478 2599 3542 είς
2625 3477 2724 3547 τὴν
2749 3477 3040 3547 οἰκοδομὴν
3067 3476 3163 3530 τοῦ
3196 3475 3353 3538 ναοῦ,
3411 3479 3510 3530 καὶ
3570 3494 3720 3550 συγ-

467 3565 909 3626 κατασκευάζειν
939 3565 1038 3634 τὴν
1059 3565 1213 3618 πόλιν
1243 3565 1320 3634 τῷ
1343 3566 1670 3636 Ζοροϐάϐελ,
1702 3566 1796 3619 καὶ
1827 3567 2035 3631 πάντας
2070 3568 2197 3630 τοὺς
2267 3569 2347 3632 εἰς
2368 3569 2464 3638 τὴν
2533 3565 2794 3620 Ἰουδαίαν
2821 3567 3157 3628 ἀπελθόντας
3186 3568 3573 3637 αἰχμαλώτους
3603 3573 3724 3623 τῶν

468 3650 818 3725 Ἰσραηλιτῶν
885 3656 1206 3728 ἐλευθέρους
1268 3653 1408 3710 εἴναι
1469 3657 1564 3710 καὶ
1626 3657 1875 3724 ἀτελεῖς,
1941 3659 2036 3711 καὶ
2107 3660 2346 3714 τάλαντα
2411 3659 2632 3729 δοθῆναι
2689 3661 3031 3730 πεντήκοντα
3085 3661 3166 3721 είς
3224 3660 3324 3729 τὴν
3416 3662 3723 3733 ἀνέγερσιν

467 3750 562 3801 τοῦ
597 3745 752 3801 ναοῦ.
791 3747 902 3801 Καὶ
935 3748 1005 3801 τὰ
1031 3748 1199 3818 σκεύη
1230 3749 1286 3802 δὲ
1319 3750 1493 3803 πάντα
1521 3750 1624 3804 ὃσα
1664 3746 1736 3821 ἦν
1767 3751 1902 3821 παρ’
1973 3750 2145 3822 αὐτῷ,
2201 3751 2439 3822 έπεμψε,
2497 3753 2594 3806 καὶ
2651 3751 2753 3806 ὅσα
2809 3749 2996 3821 Κῦρος
3045 3751 3178 3819 περὶ
3255 3752 3367 3804 τῶν
3432 3752 3720 3809 Ἰουδαίων

468 3841 744 3900 ἐθέσπισε.
782 3839 955 3893 ταῦτα
988 3841 1084 3894 καὶ
1119 3842 1342 3909 Δαρεῖος
1379 3842 1827 3912 προσδιετάξατο.

537 3927 625 3982 ιν.
659 3927 754 3984 llis
780 3929 1018 3999 peractis
1043 3969 1058 3993 ,
1093 3930 1394 3997 Zorobabel
1432 3932 1764 4003 Babylonem
1810 3934 2034 4004 proﬁci-

2205 3933 2280 3987 A'.
2303 3923 2480 3984 Ἧκεν
2504 3924 2625 3993 οὑν,
2659 3927 2868 3981 τούτων
2897 3925 3206 3994 γεγονότων
3244 3928 3327 3992 είς
3362 3925 3670 3984 Βαϐυλῶνα
3699 3933 3728 3983 ὁ

465 4018 664 4082 ﬁcitur,
711 4029 766 4075 et
816 4020 1174 4090 popularibus
1217 4023 1332 4078 suis
1378 4023 1561 4079 laetum
1611 4024 1772 4081 all‘ert
1799 4026 1869 4079 de
1897 4027 2042 4098 regis

470 4109 806 4176 benignitate
859 4110 1136 4167 nuntium.
1207 4111 1418 4178 Quibus
1478 4113 1643 4184 igitur
1699 4116 1850 4170 cordi
1919 4125 2039 4171 erat

469 4201 704 4266 reditus,
767 4201 806 4257 ii
870 4201 1246 4274 Hierosolyma
1313 4219 1372 4258 se
1439 4205 1748 4271 conferunt,
1803 4221 2039 4276 quorum

471 4309 686 4348 summa
731 4293 832 4350 fuit
860 4295 1134 4366 myriades
1175 4310 1408 4351 ccccuu
1429 4305 1484 4351 et
1511 4297 1681 4351 millia
1710 4313 1805 4352 νιιι
1831 4298 2040 4369 absque

473 4384 679 4441 Levitis
705 4397 760 4441 et
793 4387 1125 4458 ianitoribus
1148 4398 1204 4444 et
1232 4389 1403 4444 sacris
1440 4389 1614 4444 servis
1655 4403 1720 4444 ac
1749 4389 2038 4456 ministris,

472 4475 566 4542 qui
622 4475 876 4531 reducem
924 4479 1184 4547 populum
1236 4479 1630 4549 sequebantur.
1682 4480 1888 4534 Horum
1935 4481 2046 4536 dux

472 4564 579 4619 fuit
624 4565 948 4634 Zorobabel,
998 4569 1308 4626 Salatbielis
1355 4571 1520 4636 (ilius,
1551 4586 1617 4626 οι
1647 4572 1789 4626 tribu
1821 4572 2046 4627 Judaica

474 4664 530 4709 et
574 4655 794 4712 Davidis
824 4660 1158 4727 posteritate,
1187 4669 1242 4716 et
1273 4661 1434 4717 Jesus
1472 4662 1722 4718 Josedeci
1770 4663 2048 4733 pontiﬁcis

473 4747 640 4804 ﬁlius.
686 4750 891 4806 Prteter
917 4751 1020 4807 hos
1051 4761 1108 4806 et
1135 4752 1508 4808 Mardocbaus
1555 4763 1612 4808 et
1653 4755 1916 4818 Gercbus,
1952 4755 2051 4811 de-

473 4839 601 4894 lecti
625 4858 655 4896 a
687 4843 889 4912 populo
917 4859 932 4898 :
963 4845 1153 4898 urbem
1188 4844 1442 4914 ingressi,
1479 4846 1719 4902 victimis
1753 4847 2048 4902 immolatis

477 4931 664 5000 templi
702 4932 1118 4990 mdiﬁcationem
1168 4933 1544 5002 auspicantur,
1587 4951 1760 5005 eaque
1794 4936 2047 4991 celeriter

2145 4019 2476 4092 Ζοροϐάϐελ,
2507 4018 2602 4072 καὶ
2644 4020 2761 4080 τοῖς
2801 4017 3096 4086 ὁμοφύλοις
3140 4019 3208 4072 τὰ
3250 4019 3406 4088 παρά
3437 4019 3538 4072 τοῦ
3565 4021 3728 4090 βασι-

2143 4112 2280 4176 λέως
2310 4110 2740 4181 εὑηγγελίσατω
2769 4109 2863 4162 καὶ
2893 4109 3010 4162 ὅσοι
3045 4109 3463 4179 προτεθύμηντο
3491 4112 3730 4164 ἐπανεὶ-

2144 4203 2259 4257 θεῖν
2315 4203 2398 4266 είς
2446 4201 2825 4273 Ἰεροσόλυμα,
2861 4200 3134 4271 ἀπῄεσαν.
3192 4202 3267 4253 Τὸ
3318 4201 3378 4254 δὲ
3422 4204 3728 4270 κεφάλαιον

2143 4293 2252 4347 τῶν
2280 4292 2552 4346 ἀπιόντων
2573 4286 2642 4362 ἧν
2671 4291 2931 4360 μυριάδες
2961 4291 3316 4362 τετρακόσιαι
3341 4291 3420 4362 (7)
3450 4292 3728 4362 ἑξήκοντα

2142 4384 2239 4438 δύο
2285 4385 2381 4437 καὶ
2407 4382 2827 4452 ὀκτακισχίλιοι,
2853 4384 2988 4453 ἀτερ
3021 4381 3264 4436 Λευῐτῶν
3295 4400 3356 4438 τε
3383 4385 3478 4437 καὶ
3529 4385 3728 4437 Πυλω-

2144 4475 2254 4546 ρῶν
2279 4475 2377 4530 καὶ⁵
2396 4475 2598 4529 δούλων
2627 4475 2790 4544 ιερῶν
2815 4475 2909 4528 καὶ
2934 4475 3311 4546 θεραπόντων,
3347 4476 3398 4529 οἳ
3429 4479 3548 4541 τοῖς
3585 4479 3728 4531 dva-

2143 4568 2421 4622 ϐαίνουσιν
2449 4569 2690 4625 εἵποντο.
2725 4567 2988 4638 Ἠγεμὼν
3030 4568 3089 4621 δὲ
3133 4569 3341 4622 τούτων
3370 4563 3442 4640 ἦν
3473 4570 3727 4640 Ζοροϐά-

2143 4661 2259 4726 ϐελ,
2291 4660 2565 4732 Σαλαθιὴλ
2592 4665 2744 4725 παῖς,
2774 4663 2850 4725 ,έκ
2889 4662 2989 4733 τῆς
3018 4660 3192 4715 Ἰούδα
3234 4660 3412 4730 φυλῆς
3447 4663 3730 4729 ἀπόγονος

2142 4751 2238 4806 τοῦ
2258 4753 2443 4818 Δαϐὶδ,
2468 4753 2563 4806 καὶ
2590 4753 2805 4822 Ἰησοῦς
2833 4753 2947 4817 υίὸς
2975 4753 3228 4807 Ἰωσεδὶιι
3255 4753 3351 4806 τοῦ
3381 4754 3726 4824 ἀρχιερέως’

2143 4844 2283 4911 πρὸς
2312 4843 2526 4906 τούτοις
2555 4843 2614 4897 δὲ
2643 4844 2990 4915 Μαρδοχαῖος
3023 4845 3118 4897 καὶ⁵
3142 4843 3312 4914 Γερὲϐ
3347 4847 3412 4896 ὲκ
3436 4842 3538 4896 τοῦ
3581 4844 3729 4912 πλή-

2144 4935 2273 5000 θους
2307 4936 2658 5006 κεχρισμένοι
2683 4937 2945 5008 ἄρχοντες
2983 4937 3058 5006 (8)
3087 4933 3251 5008 ἦσαν.
3271 4935 3636 4998 Ἀπελθόντες
3664 4936 3726 4988 δὲ

1650 5094 1845 5156 Varia:
1876 5094 2182 5157 lectiones
2224 5101 2285 5157 et
2326 5103 2516 5157 notua.

655 5257 950 5356 Mvpflc'idsc
982 5259 1379 5356 τετρακοσίας.
1413 5257 1508 5340 Ιιιι,
1537 5259 1661 5339 cod.
1706 5274 1809 5340 ms.
1843 5267 2035 5356 qua‘t‘er

2141 5258 2460 5356 ξξξιειίνιὶε
2516 5253 3105 5356 ῑξιιιξιξξιειξιιε-ἐ.ίί⁰.99
3149 5255 3729 5356 ΞΞΞἾῩΞΞΞΫΞἫΞΔΞΗῨ

476 5329 676 5386 millies
722 5329 870 5384 mille
904 5330 1210 5383 sexcenties
1245 5331 1417 5393 mille,
1459 5329 1626 5382 vicies
1659 5329 1834 5384 octies
1867 5330 2036 5383 mille.

2141 5329 2246 5383 bus
2272 5345 2392 5384 cum
2417 5331 2582 5390 servi,
2603 5328 2832 5392 ancillae,
2852 5337 3124 5391 cantores,
3149 5328 3387 5395 psaltria:
3408 5327 3724 5391 adduntur,

476 5401 777 5456 lmmensus
809 5399 898 5454 bic
928 5409 1012 5454 est
1054 5415 1338 5462 numerus,
1372 5408 1429 5454 et
1465 5397 1692 5454 fortasse
1741 5399 1932 5464 falsus,
1972 5414 2040 5453 ex
2141 5399 2281 5452 ﬁunt
2318 5400 2513 5456 49952.
2579 5398 2744 5452 Vetus
2796 5397 3081 5452 translatio
3133 5406 3389 5451 numerat
3441 5396 3731 5452 lsraelitas

477 5470 754 5541 imperitia
815 5470 1102 5541 scriptoris
1155 5469 1672 5541 atque_o_scitantia,
1710 5470 1803 5541 qui
1846 5485 1945 5541 pro
1978 5485 2038 5541 μ.

2139 5469 2334 5534 42540,
2367 5483 2554 5523 servos
2595 5477 2650 5521 et
2679 5467 2906 5522 ancillas
2938 5467 3099 5525 7559.
3130 5477 3386 5522 cantores
3429 5475 3488 5523 et
3529 5476 3729 5522 canta-

475 5536 572 5620 ρο,
603 5540 783 5620 posuit
818 5536 1116 5620 υηξοοηει
1151 5536 1251 5620 pro
1277 5538 1535 5620 χιλιάδες.
1569 5536 1861 5620 μυριάδεςξ
1882 5537 2035 5620 Apud

2142 5539 2312 5620 tripes
2336 5539 2462 5620 {1555,
2507 5537 2831 5620 qui'faciupt
2859 5537 3054 5590 49942.
3080 5536 3168 5620 Vl".

474 5609 774 5680 Josepbum
798 5610 1019 5680 quidem
1048 5609 1161 5663 lsb.’
1186 5609 1552 5680 Antiquitas“
1592 5610 1930 5680 tantumdem
1960 5609 2041 5661 lc-

477 5683 643 5749 gitur.
683 5679 790 5736 Sed
818 5679 1015 5738 ’Esdra:
1067 5680 1160 5735 lib.
1199 5695 1277 5748 ιιι,
1309 5694 1429 5748 cap.
1479 5679 1532 5747 5,
1579 5694 1642 5734 cx
1687 5679 2042 5736 conversione

2214 5608 2288 5677 (8)
2337 5605 2727 5678 Κεχριὸ-μένοι
2755 5605 3063 5678 ἄρχοντες.
3126 5605 3200 5658 lta
3244 5605 3368 5678 eod.
3417 5621 3522 5662 ms.
3573 5608 3732 5659 uncti

2147 5675 2506 5752 magistratus.
2535 5675 2806 5747 Iosephus
2835 5675 3001 5732 habet
3034 5677 3372 5748 κεκριμένοι.
