3868 6198
133 336 225 402 321

1361 333 1773 395 ANNALIUM
1818 332 1969 392 LIB.
2008 332 2106 394 IV.

3280 333 3390 395 322

130 453 205 513 είς
243 447 623 520 Ἰεροσόλυμα,
652 446 875 512 ἔθυσαν,
921 447 1018 502 καὶ
1047 446 1147 517 τῆς
1183 445 1474 516 οἰκοδομῆς
1513 447 1698 517 ἀπήρ-

1805 442 2074 507 absoluta,
2105 440 2438 508 sacerdotes,
2466 440 2670 496 Levitae
2691 451 2747 496 et
2779 440 2983 510 Asaplii
3020 441 3180 497 liberi
3216 446 3388 501 Deum

131 543 281 608 ξαντο
309 539 409 592 τοῦ
448 537 604 592 ναοῦ.
630 539 742 591 Καὶ
766 539 795 590 δ
830 538 931 609 μὲν
963 537 1092 601 ναὸς
1122 538 1316 591 θᾶττον
1339 537 1499 592 ἔλαϐε
1520 538 1695 600 τέλος.

131 629 583 698 Ἀκαρτισθέντος
642 628 690 682 δ’
728 629 832 700 ῆδη
879 630 975 684 τοῦ
1015 628 1188 700 ίεροῦ,
1224 630 1274 682 ot
1311 629 1475 700 ίερεῖς
1512 630 1607 682 καὶ
1647 630 1698 682 oi

130 724 344 774 Λευῖται
365 721 466 773 καὶ
490 720 543 773 οί
573 718 751 788 ’Δσάφ
783 720 974 783 παῖδες
997 719 1203 790 ὕμνουν
1219 719 1312 773 τὸν
1329 720 1481 774 Θεόν.
1499 720 1620 773 Τῶν
1640 719 1698 772 δὲ

131 810 368 879 πατριῶν
393 809 449 862 οἱ
474 809 840 881 πρεσϐύτεροι
873 811 966 864 τὸν
996 815 1125 880 πρὶν
1153 809 1282 865 ναὸν
1302 813 1423 874 ταῖς
1455 811 1699 881 μνήμαις

130 900 547 966 ἀναπολοῦντες,
579 901 677 954 καὶ
705 901 799 954 τὸν
829 901 957 970 ἄρτι
999 901 1376 971 γεγενημένον
1423 901 1700 954 ἐνδεέστε-

134 1012 217 1064 ρον
257 993 506 1063 δρῶντες
554 992 652 1047 τοῦ
682 992 876 1058 πάλαι,
917 993 1000 1058 είς
1055 993 1271 1064 δάκρυα
1323 993 1420 1046 καὶ
1467 992 1699 1064 θρήνους

131 1086 450 1154 προήγοντο,
485 1085 584 1138 καὶ
627 1085 661 1154 ἡ
698 1084 909 1140 τούτων
951 1086 1169 1155 οἰμωγὴ
1210 1083 1558 1156 ὑπερεφώνει
1597 1086 1700 1154 τὴν

137 1173 234 1226 τῶν
254 1173 586 1242 σαλπίγγων
613 1175 772 1245 ήχήν.
807 1173 1078 1244 Προσίασι
1101 1173 1147 1228 δ’
1177 1175 1228 1228 οἱ
1258 1176 1598 1245 Σαμαρεῖται
1619 1175 1698 1245 τῷ

131 1262 451 1332 Ζοροϐάϐελ,
489 1263 573 1317 ἔτι
615 1264 710 1317 τοῦ
755 1264 884 1319 ναοῦ
923 1265 1371 1336 ἀνεγειρομίνου,
1418 1266 1698 1332 ἀξιοῦντες

132 1352 570 1421 συγκοινωνῆσαι
592 1355 778 1419 αὐτοῖς
800 1356 902 1426 τῆς
930 1355 1221 1427 οίκοδομῆς
1246 1356 1342 1410 τοῦ
1372 1358 1526 1412 ναοῦ.
1561 1358 1620 1412 '0
1639 1359 1696 1412 δὲ

128 1443 214 1513 τῆς
244 1444 347 1513 μὲν
371 1444 673 1516 οἰκοδομῆς
700 1446 902 1510 αὐτοὺς
941 1449 1238 1517 μετασχεῖν
1261 1448 1324 1502 οὐ
1357 1449 1692 1520 προσήκατο,

128 1536 451 1597 προσκυνεῖν
475 1533 520 1586 δ’
543 1536 602 1586 ἐν
637 1535 786 1605 αὐτῷ
820 1536 1008 1606 ἔλεγεν
1057 1538 1242 1601 αὐτοῖς
1271 1538 1507 1608 ἐφιέναι.
1556 1540 1698 1609 Πρὸς

124 1620 282 1674 ταῦτα
314 1621 369 1673 ot
393 1623 739 1692 Σαμαρεῖται
764 1624 1132 1698 ἠχθέσθησαν,
1151 1628 1248 1681 καὶ
1269 1627 1519 1682 πείθουσι
1542 1627 1612 1682 τὰ
1638 1632 1698 1681 ὲν

123 1714 279 1785 Συρίᾳ
318 1715 481 1785 ἔθνη,
513 1716 776 1787 δεηθῆναι
811 1717 919 1770 τῶν
953 1719 1272 1790 σατραπῶν,
1315 1721 1562 1790 ἐπισχεῖν
1600 1720 1694 1774 τοῦ

1801 535 2104 590 celebrant.
2138 533 2406 588 Tribuum
2440 550 2571 590 vero
2610 535 2880 598 seniores,
2930 536 3160 604 repetita
3190 539 3392 606 prioris

1804 623 1990 694 templi
2008 624 2434 694 magniﬁcentia,
2450 626 2596 694 quod
2618 640 2808 681 reccns
2827 625 2959 680 illud
2975 627 3136 697 longe
3157 629 3390 686 inferius

1801 730 1924 770 esse
1973 725 2292 780 cernerent,
2344 716 2418 770 ita
2479 717 2830 788 illacrymant
2865 729 3030 787 atque
3061 719 3271 787 lugent,
3331 731 3390 776 ut

1799 822 1994 862 eorum
2030 807 2268 877 ejulatus
2314 823 2510 864 sonum
2571 810 2828 864 tubarum
2892 822 3198 878 superaret.
3247 813 3384 867 Dum

1803 898 2068 968 templum
2149 899 2504 964 conderetur,
2587 901 2916 957 Samaritani
2990 901 3386 958 Zorohabelem

1799 986 2026 1052 adeunt,
2052 996 2300 1057 petentes
2323 1005 2382 1044 se
2401 989 2458 1045 in
2482 999 2779 1046 structura:
2799 992 3119 1046 societatem
3141 993 3383 1048 admitti.

1801 1075 1857 1129 ld
1899 1076 1992 1137 ille
2035 1086 2252 1132 recusat
2280 1096 2294 1132 :
2321 1089 2576 1134 cazterum
2603 1095 2667 1136 ea
2697 1081 2972 1146 absoluta,
3010 1084 3135 1137 siin
3181 1087 3387 1154 templo

1799 1166 2029 1222 adorare
2059 1168 2251 1233 velint,
2290 1169 2478 1225 licere.
2509 1170 2586 1225 Ea
2617 1171 2833 1240 repulsa
2876 1172 3127 1228 homines
3162 1173 3385 1239 irritati,

1798 1259 1970 1330 Syriae
2001 1261 2259 1330 gentibus
2295 1271 2554 1318 auctores
2582 1274 2712 1319 sunt
2738 1265 2957 1333 petendi
2989 1280 3018 1318 a
3049 1267 3302 1336 satrapis,
3329 1278 3390 1321 ut

1799 1350 1985 1419 templi
2021 1351 2439 1407 aediﬁcationem
2497 1353 2846 1422 prohibeant.
2895 1355 3085 1425 Itaque
3130 1359 3389 1426 prasides

1800 1441 1974 1513 Syria:
2032 1443 2190 1513 175
2231 1457 2289 1499 et
2341 1443 2641 1500 thniciae
2694 1445 3072 1517 Hierosolyma
3126 1449 3384 1516 profecti,

1800 1545 2028 1605 rogant,
2089 1538 2248 1606 cujus
2303 1551 2571 1592 concessu
2638 1539 2900 1607 templum
2950 1539 3125 1594 instar
3174 1541 3387 1594 castelli

1797 1625 2090 1689 aediﬁcent,
2139 1635 2196 1681 et
2252 1627 2442 1682 urbem
2503 1627 2686 1682 muris
2740 1629 3056 1684 fortissimis
3126 1629 3389 1699 cingant?

1799 1715 2102 1792 Zorobabel
2157 1727 2214 1772 et
2269 1719 2515 1786 pontifex
2573 1720 2735 1775 Jesus
2788 1719 2842 1774 id
2885 1720 3120 1790 primum
3158 1736 3187 1775 a
3218 1722 3388 1792 Cyro.

123 1780 368 1876 missa”
403 1780 722 1880 ἀνέγερσιν.
739 1780 1071 1874 Ἀναϐάντες
1087 1812 1142 1865 δὲ
1169 1780 1628 1884 είς-Ἱεροσδλυμα
1645 1815 1697 1867 ot

1799 1786 1999 1863 deinde
2038 1823 2069 1862 a
2103 1809 2268 1864 Dario
2291 1811 2460 1866 etiam
2495 1811 2824 1880 permissum
2854 1780 2996 1876 esse,
3025 1780 3382 1882 respondent.

123 1898 310 1970 Συρίας
337 1900 685 1970 ἑπάρχοντες
703 1901 802 1955 καὶ
821 1902 1093 1972 Φοινίκης,
1113 1902 1369 1973 ἠρώτων,
1389 1907 1534 1968 τινος
1561 1921 1696 1973 συγ-

120 1990 471 2059 χωρήσαντος
494 1989 573 2054 ώς
599 1989 862 2061 φρούριον
891 1991 986 2045 τὸν
1031 1992 1160 2046 ναὸν
1201 1993 1572 2066 ἀνεγείρουσι,
1603 1996 1699 2048 καὶ

120 2081 178 2147 τῇ
205 2080 359 2132 πόλει
401 2081 566 2151 τείχη
618 2081 824 2152 σφόδρα
868 2082 1290 2152 περιϐάλλουσιν
1325 2084 1564 2154 ίσχυρά;
1601 2085 1698 2138 Ζο-

123 2169 342 2238 ροϐάϐελ
374 2170 436 2224 δὲ
461 2171 560 2223 καὶ
576 2174 605 2225 δ
621 2172 916 2244 ἀρχιερεὺς
941 2170 1172 2244 Ἰησοῦς,
1194 2175 1258 2228 ὲκ
1279 2174 1460 2245 Κύρου
1483 2175 1698 2246 πρῶτον

121 2262 494 2332 ἐπιτραπῆναι
545 2262 647 2333 τήν
704 2265 995 2335 οἰκοδομὴν
1038 2265 1272 2332 ἔφασαν,
1324 2261 1604 2331 εἶθάὗθις
1633 2270 1699 2321 ἐκ

119 2352 204 2405 τοῦ
230 2357 494 2424 Δαρείου.
524 2356 590 2408 Οἱ
614 2355 660 2408 δ’
686 2355 921 2427 ἔπαρχοι
955 2357 1064 2412 τῶν
1090 2358 1191 2428 τῆς
1221 2359 1424 2429 Συρίας
1453 2361 1553 2414 καὶ
1579 2362 1701 2414 Φοι-

123 2445 264 2514 νίκης
301 2445 530 2516 χωρῶν,
587 2445 688 2518 τὴν
738 2449 839 2516 μὲν
888 2448 1000 2502 τῶν
1030 2448 1208 2519 ἔργων
1256 2451 1544 2521 οίκοδομὴν
1577 2455 1698 2505 ἐπι-

127 2537 264 2602 σχεῖν
329 2536 440 2588 ούκ
471 2535 719 2610 ἔκριναν,
737 2537 950 2608 Δαρείῳ
976 2538 1032 2591 δὲ
1057 2540 1400 2611 παραχρῆμα
1427 2542 1695 2612 ἔγραψαν.

124 2623 231 2677 Τὼν
271 2624 331 2678 δι
392 2625 678 2681 Ἰουδαίων
717 2629 1166 2699 κατεπτηχότων,
1217 2631 1292 2700 μὴ
1328 2631 1592 2703 μεταδόξῃ
1621 2633 1699 2704 τῷ

125 2714 322 2782 βασιλεῖ
353 2719 494 2788 περὶ
515 2714 591 2772 ὧν
623 2719 1000 2791 ᾡκονόμησεν,
1023 2721 1277 2790 ’Δγγαίος
1303 2724 1396 2777 καὶ
1425 2725 1701 2794 Ζαχαρίας

123 2809 166 2857 οἱ
194 2809 487 2879 προφῆται
526 2810 751 2883 θαρρεῖν
781 2812 980 2876 αὐτοὺς
1016 2813 1362 2885 παρώρμων,
1407 2814 1504 2869 καὶ
1533 2815 1701 2885 μηδὲ)

125 2897 433 2968 ὑφορᾶσθαι
465 2901 786 2972 ἀϐούλητον.
823 2903 1182 2968 Πιστεύοντες
1220 2899 1314 2959 οῦν
1339 2907 1450 2968 τοῖς
1483 2907 1701 2976 προφή-

121 3005 251 3056 ταις,
284 2993 679 3062 ἐντεταμένως
731 2994 940 3065 εἴχοντο
967 2996 1066 3065 τῆς
1103 2997 1415 3068 οἰκοδομῆς.
1475 2999 1702 3069 Δαρεῖος

1799 1901 1920 1968 Quo
1948 1902 2028 1958 illi
2067 1903 2275 1967 audito,
2304 1918 2416 1958 non
2453 1903 2800 1970 impedienda
2826 1918 2994 1972 opera
3023 1914 3384 1971 censuerunt,

1797 1995 1894 2050 sed
1944 1995 2108 2051 Dario
2153 1996 2339 2052 statim
2372 1996 2735 2065 scripserunt.
2762 1995 2982 2051 Iudaeos
3024 2005 3208 2051 autem
3255 2010 3384 2064 per-

1801 2085 2023 2142 territos
2060 2102 2125 2144 ac
2169 2094 2501 2151 metuentes,
2529 2101 2599 2140 ne
2639 2101 2822 2155 regem
2853 2085 3204 2151 liberalitatis
3270 2100 3386 2139 suae

1796 2175 2110 2242 peniteret,
2150 2176 2383 2246 Aggeus
2433 2184 2491 2229 et
2536 2173 2831 2228 Zacharias
2885 2171 3166 2242 pr0phetat
3223 2171 3386 2226 bouis

1797 2265 1997 2322 animis
2021 2281 2142 2324 esse
2183 2267 2402 2338 jubent,
2437 2279 2616 2336 neque
2655 2263 2874 2319 molesti
2905 2263 3210 2333 quidquam
3259 2277 3384 2317 sus-

1799 2357 1993 2428 picari.
2053 2357 2223 2428 Igitur
2273 2357 2560 2427 prophetis
2579 2355 2729 2422 l'reti,
2783 2356 3132 2410 continenter
3178 2353 3386 2411 instant

1798 2449 1977 2519 operi.
2040 2448 2238 2504 Darius
2296 2458 2480 2503 autem
2541 2446 2742 2502 litteris
2795 2456 2852 2502 et
2909 2445 3384 2501 Samaritanorum

1798 2539 2245 2595 accusationibus
2300 2540 2562 2608 acceptis,
2597 2537 2744 2608 quod
2790 2536 2964 2594 Judtei
3012 2536 3204 2591 urbem
3261 2551 3386 2591 mu-

1799 2631 2005 2694 nirent,
2044 2639 2102 2685 et
2132 2629 2394 2700 templum
2419 2629 2629 2685 castelli
2664 2630 2837 2683 instar
2859 2636 3231 2688 exstruerem.
3258 2643 3382 2683 cum

1799 2737 1992 2778 eorum
2039 2720 2327 2776 aediﬁcatio
2370 2735 2400 2774 a
2427 2718 2693 2789 Cambyse
2718 2717 2992 2787 prohibita
3033 2717 3219 2780 fuerit,
3270 2718 3380 2772 haec

1800 2812 1860 2867 in
1891 2811 2056 2881 regiis
2106 2808 2479 2866 monumentis
2513 2809 2716 2878 inquiri
2747 2807 2946 2878 jubet:
2982 2822 3046 2861 ac
3099 2810 3380 2862 inventum

1800 2911 1886 2957 est
1941 2901 2237 2956 Ecbatanis
2289 2899 2366 2970 (id
2425 2899 2615 2954 Mediae
2665 2898 2950 2953 castellum
3001 2898 3104 2966 est)
3151 2897 3205 2951 in
3245 2897 3384 2952 turri

1803 2991 2088 3060 scriptum,
2134 2988 2337 3060 Cyrum
2389 3003 2535 3042 anno
2590 2986 2742 3058 regni
2792 2987 2876 3041 sui
2921 2986 3098 3056 primo
3126 2987 3385 3057 jussisse,

119 3080 169 3132 δὲ
196 3085 292 3145 τὰς
323 3083 629 3148 ἐπιστολὰς
681 3084 996 3157 δεξάμενος,
1030 3088 1128 3142 καὶ
1151 3089 1250 3153 fac
1279 3090 1388 3141 τῶν
1419 3090 1695 3160 Σαμαρει-

1805 3083 2067 3152 templum
2100 3089 2158 3137 et
2199 3079 2502 3136 sacrarium
2534 3077 3089 3150 Hierosolymitanum
3131 3078 3380 3143 exstrui,

272 3135 289 3145 -
511 3135 523 3137 -
575 3135 628 3148 "-
690 3135 996 3157 "V"r"'v1
1031 3135 1127 3142 "—-
1160 3135 1248 3153 -'-v
1290 3135 1381 3141 --ν
1419 3135 1662 3160 —"r"'r"

119 3173 218 3225 τῶν
252 3177 632 3246 κατηγορίας,
664 3177 746 3230 ὅτι
784 3182 885 3247 τήν
939 3195 998 3232 τε
1046 3180 1199 3234 πόλιν
1247 3180 1534 3252 ὀχυροῦσιν
1568 3181 1696 3235 Ἰου⁸

1799 3181 1856 3228 ει
1905 3135 2159 3243 sumptus
2237 3171 2306 3227 ad
2353 3185 2475 3225 eam
2527 3184 2642 3224 rem
2697 3135 2968 3238 extregia
3016 3166 3382 3238 suppeditari,

118 3265 267 3332 δαῖοι,
294 3271 400 3321 καὶ
431 3268 528 3322 τὸν
552 3270 681 3320 ναὸν
697 3269 1072 3341 οἰκοδομοῦσιν
1093 3272 1167 3336 ὡς
1189 3271 1471 3345 φρούριον,
1493 3276 1588 3328 καὶ
1617 3276 1699 3330 δτι

117 3357 437 3430 Καμϐύσης
487 3359 588 3430 τήν
619 3360 826 3414 τούτων
879 3360 1154 3416 ἐκώλυσεν
1187 3364 1498 3435 οἰκοδομὴν,
1537 3383 1700 3435 προσ-

117 3450 299 3520 έταξεν
332 3455 403 3508 ἑν
440 3454 554 3516 τοῖς
579 3453 882 3522 βασιλικοῖς
913 3455 1270 3526 ὑπομνήμασι
1299 3457 1602 3528 ζητηθῆναι
1632 3458 1700 3513 τὰ

117 3544 236 3612 περὶ
261 3545 493 3610 τούτου,
530 3546 623 3599 καὶ
653 3545 853 3617 εὑρέθη
877 3547 936 3599 ὲν
976 3547 1327 3612 Ἐκϐατάνοις
1349 3552 1416 3620 τῇ
1451 3549 1607 3620 βάρει
1628 3553 1696 3622 τῇ

116 3634 168 3684 ὲν
198 3635 399 3706 Μηδίᾳ
440 3636 851 3706 γεγραμμένον,
891 3636 967 3700 ώς
998 3635 1076 3707 τῷ
1111 3638 1314 3707 πρώτῳ
1341 3638 1450 3690 ἔτει
1469 3642 1569 3709 τῆς
1597 3640 1696 3693 αὑ-

115 3722 199 3774 τοῦ
227 3724 535 3792 βασιλείας
566 3725 749 3796 Κῦρος
773 3727 1028 3781 ἐκέλευσε
1058 3728 1152 3782 τὸν
1181 3729 1306 3782 ναὸν
1333 3729 1698 3801 οἰκοδομηθῆ-

116 3829 196 3865 ναι
224 3817 317 3868 τὸν
356 3818 427 3868 ὲν
490 3817 910 3889 Ἰεροσολύμοις,
945 3818 1125 3872 καὶτὸ
1162 3820 1566 3890 θυσιαστήριον,
1603 3821 1699 3874 καὶ

114 3904 204 3975 τήν
229 3908 313 3970 είς
347 3905 540 3960 ταῦτα
563 3907 810 3978 δαπάνην
853 3910 920 3962 ἐκ
950 3909 1058 3963 τῶν
1091 3908 1388 3980 βασιλικῶν
1419 3909 1700 3974 διετάξατο

116 4001 388 4068 γίνεσθαι,
443 4000 542 4055 καὶ
577 4001 650 4056 τὰ
697 4003 792 4056 τοῦ
825 4003 957 4056 ναοῦ
1007 4002 1177 4070 σκεύη
1217 4002 1569 4074 ἀποδοθῆναι,
1601 4005 1700 4057 καὶ

116 4093 492 4148 συλλαϐέσθαι
554 4093 691 4165 πρὸς
729 4094 791 4147 τὸ
839 4095 1004 4164 ἔργον
1049 4097 1161 4156 τοῖς
1209 4095 1388 4147 ἐκεῖσε
1437 4095 1699 4164 ἄρχουσιν

115 4186 400 4250 ἐκέλευσε,
442 4186 538 4238 καὶ
563 4185 738 4239 τελεῖν
764 4188 880 4252 τοῖς
920 4185 1194 4248 Ἰουδαίοις
1222 4187 1301 4248 είς
1335 4183 1526 4242 θυσίαν
1563 4185 1699 4238 ταύ-

113 4295 233 4344 ρους
265 4279 371 4331 καὶ
400 4276 599 4346 κριοὺς
630 4277 726 4330 καὶ
748 4276 918 4348 ἄρνας
949 4277 1044 4330 καὶ⁵
1065 4277 1311 4346 ἐρίφους,
1339 4276 1620 4344 σεμίδαλξν
1639 4293 1699 4328 τε

115 4372 202 4419 καὶ
229 4367 386 4423 οἶνον
412 4370 511 4421 καὶ
538 4369 740 4423 ἔλαιον.
772 4368 956 4421 Ταῦτα
983 4369 1039 4419 ὲν
1064 4370 1176 4430 τοῖς
1212 4367 1569 4436 ὑπομνήμασι
1595 4369 1701 4419 Δα-

1802 3265 2100 3336 templique
2145 3279 2272 3319 vasa
2325 3262 2564 3328 restitui,
2620 3271 2678 3316 et
2722 3260 2935 3316 vicinos
2963 3269 3223 3330 prtetores
3246 3275 3386 3329 opus

1801 3356 1937 3412 illud
1989 3355 2248 3426 adjuvare
2289 3371 2304 3409 :
2343 3360 2401 3408 et
2453 3351 2658 3408 Judzeis
2708 3349 2776 3405 ad
2834 3349 3104 3404 sacriﬁcia
3143 3348 3384 3420 pendere

1803 3453 2010 3510 tauros,
2032 3445 2256 3512 arietes,
2282 3458 2452 3513 agnos
2473 3453 2522 3497 et
2563 3440 2769 3506 haedos,
2794 3439 3165 3509 similamque,
3192 3439 3383 3494 vinum

1799 3543 1857 3591 et
1895 3535 2100 3591 oleum.
2142 3533 2268 3590 Haec
2308 3534 2504 3588 Darius
2532 3547 2656 3586 cum
2687 3530 2741 3585 in
2779 3529 3193 3586 commentariis
3233 3528 3384 3584 inve-

1799 3630 1994 3694 nisset,
2030 3625 2355 3698 praesidibus
2383 3624 2439 3678 in
2483 3624 2626 3678 hanc
2679 3623 3010 3678 sententiam
3052 3621 3380 3691 rescripsit:

1799 3716 2118 3787 Exemplum
2147 3715 2285 3769 vobis
2312 3714 2555 3768 mandati
2578 3711 2702 3784 Cyri
2744 3713 2800 3766 in
2829 3711 3175 3766 monumentis
3207 3727 3381 3780 reper-

1800 3821 1913 3866 tum
1962 3811 2113 3863 mitto
2159 3826 2178 3864 :
2209 3816 2368 3878 atque
2407 3807 2619 3860 omnino
2658 3806 2714 3858 id
2757 3803 2878 3873 fieri
2908 3803 3043 3869 volo,
3115 3805 3252 3869 quod
3287 3803 3380 3857 illo

1798 3904 2112 3956 continetur.
2163 3897 2363 3953 Valete.
2421 3896 2588 3966 Regis
2639 3895 2922 3950 voluntate
2967 3895 3206 3963 cognita,
3247 3908 3380 3962 pro-

1799 3991 2102 4047 vinciarum
2125 3990 2343 4044 illarum
2372 3985 2702 4058 praetoribus
2721 3984 2943 4041 Iudaeos
2963 3984 3376 4056 adjuvantibus,

1803 4083 2118 4153 temploque
2141 4080 2302 4136 annis
2323 4089 2534 4149 septem
2551 4077 2825 4144 absoluto,
2852 4076 3112 4132 lsraelitae
3127 4076 3380 4132 victimas

1800 4172 2172 4237 immolarunt,
2220 4169 2582 4240 pristinorum
2645 4168 2918 4223 bonorum
2976 4166 3373 4221 renovatrices.

1798 4265 1858 4319 In
1897 4264 2036 4319 feSto
2073 4263 2404 4335 Azymorum
2438 4276 2630 4318 omnes
2670 4276 2701 4316 e
2727 4259 2880 4331 pagis
2913 4260 2971 4315 in
3013 4259 3204 4314 urbem
3241 4273 3376 4313 con-

1800 4354 2076 4409 ﬂuxerunt
2127 4372 2142 4408 :
2201 4361 2536 4422 peractoque
2597 4351 2888 4416 sacriﬁcio,
2949 4347 3097 4420 quod
3166 4346 3376 4403 Pascha

115 4462 257 4528 ρεῖος
292 4457 511 4532 εὑρὼν,
539 4458 850 4530 ἀντέγραψε
880 4461 995 4522 τοῖς
1020 4457 1405 4511 ὲπεσταλκόσι⁶
1438 4458 1508 4511 Τὸ
1534 4457 1698 4510 ἀντί-

1803 4446 2028 4510 dicitur,
2061 4443 2413 4499 festivitatem
2457 4441 2934 4498 concelebrarunt.
2969 4441 3074 4508 Qui
3115 4439 3375 4496 Hieroso-

114 4569 347 4620 πιαρον
377 4551 529 4620 ὑμῖν
545 4550 654 4618 τῆς
673 4549 1024 4618 ἐπιστολῆς,
1038 4549 1108 4603 ἐν
1130 4549 1253 4615 τοῖς
1272 4547 1702 4617 ὑπομνήμασιν

108 4644 300 4710 εὑρὼν
326 4642 465 4708 τοῖς
494 4642 714 4709 Κύρου,
747 4641 1123 4704 ἀπέσταλκα,
1149 4641 1248 4693 καὶ
1274 4639 1574 4709 ,βούλομαι
1604 4655 1702 4708 τε·

110 4736 321 4790 νέσθαι
383 4735 613 4798 πάντα,
677 4733 757 4799 ὡς
820 4730 1080 4800 περιέχει
1130 4730 1306 4799 αὐτή.
1381 4732 1696 4798 Ἔρρωσθε.

108 4825 341 4890 Γνόντες
373 4825 437 4877 δὲ
470 4822 573 4892 τὴν
609 4822 704 4876 τοῦ
733 4821 998 4893 βασιλέως
1030 4818 1351 4890 προαίρεσιν
1373 4821 1424 4872 οἱ
1458 4819 1566 4871 τῶν
1588 4837 1699 4888 χω-

109 4918 216 4985 ρῶν
252 4921 501 4971 ἐκείνων
546 4913 1024 4984 ἐπιτροπεύοντες,
1061 4915 1365 4984 συνήργουν
1413 4915 1527 4974 τοῖς
1565 4911 1699 4964 ἰου-

104 5008 301 5072 δαὲοις.
341 5007 460 5060 Καὶ
508 5004 834 5076 ᾠκοδομήθη
875 5004 933 5058 ὲν
963 5003 1140 5056 ἐτεσιν
1173 5005 1312 5058 ἑπτὰ
1350 5005 1378 5056 ὀ
1419 5005 1566 5068 ναδς,
1603 5003 1698 5056 καὶ

105 5104 312 5158 ἔθυσαν
344 5105 402 5156 οἱ
432 5099 772 5172 Ἰσραηλῖται
795 5098 986 5162 θυσίας
1027 5098 1401 5162 ἀνανεωτικὰς
1421 5099 1530 5152 τῶν
1565 5115 1700 5168 προσ

104 5197 283 5267 τέρων
313 5195 573 5266 ἀγαθῶν.
605 5193 720 5265 Τῆς
742 5193 797 5246 δὲ
826 5192 935 5246 τῶν
967 5190 1221 5262 Ἀζύμων
1271 5192 1467 5262 ἑορτῆς
1513 5191 1700 5243 ἐνστά-

105 5305 225 5358 σης,
277 5285 570 5360 συνερρύη
627 5287 736 5349 πᾶς
767 5286 796 5337 ὸ
825 5284 954 5346 λαὸς
1009 5284 1074 5336 ἐκ
1098 5282 1207 5335 τῶν
1255 5282 1457 5351 κωμῶν
1485 5283 1562 5344 είς
1599 5281 1698 5352 τήν

104 5386 289 5445 πόλιν,
330 5383 437 5435 καὶ
456 5382 558 5450 τὴν
581 5378 775 5449 ἑορτήν
798 5377 1026 5447 ῆγαγον,
1050 5376 1141 5427 καὶ
1174 5372 1273 5444 τὴν
1303 5372 1496 5442 Πάσχα
1525 5387 1698 5442 προσ.

103 5472 536 5543 αγορευομένην
589 5468 782 5523 θυσίαν
839 5467 1114 5520 ἐτέλεσαν.
1165 5461 1510 5532 Κατῴκησαν
1561 5462 1606 5514 δ’
1641 5463 1699 5515 ὲν

116 5561 538 5634 Ἱεροσολύμοις
616 5557 860 5626 πολιτείᾳ
934 5554 1208 5626 χρώμενοι
1261 5553 1694 5622 ἀριστοκρατικῇ

107 5656 248 5723 μετὰ
290 5650 650 5720 ὀλιγαρχίας.
679 5649 742 5700 Οί
773 5649 880 5717 γὰρ
950 5647 1113 5714 ἱερεῖς
1146 5641 1562 5712 προεστήκεσαν
1586 5639 1695 5692 τῶν

106 5742 502 5816 πραγμάτων,
537 5740 697 5809 ἄχρις
723 5733 784 5792 οὗ
808 5736 930 5801 τοὺς
967 5732 1339 5805 ’Δσαμωναίου
1367 5731 1566 5802 συνέϐη
1594 5731 1692 5802 βα-

1800 4536 1962 4607 lymis
2007 4533 2392 4597 consederant,
2441 4532 2676 4588 formam
2729 4532 3046 4602 reipublicae
3079 4539 3376 4588 tenuerunt

1799 4642 1868 4682 ex
1895 4625 2220 4695 optimatum
2268 4633 2324 4680 et
2363 4640 2664 4694 paucorum
2694 4633 2965 4695 potestate
2993 4632 3374 4695 contempera-

1800 4728 1932 4772 tam.
1960 4717 2182 4772 Summa
2213 4732 2397 4772 rerum
2421 4717 2568 4771 enim
2603 4731 2775 4786 usque
2802 4717 2868 4770 ad
2891 4731 3118 4787 regnum
3147 4717 3376 4772 Asamo-

1799 4826 2046 4864 meorum
2079 4825 2247 4879 penes
2272 4808 2585 4864 sacerdotes
2608 4809 2730 4862 fuit.
2760 4808 2898 4862 Nam
2930 4819 3056 4863 ante
3090 4809 3376 4878 captivita-

1803 4911 1910 4957 tem
1953 4901 2176 4972 quidem
2209 4900 2427 4972 regibus
2457 4915 2555 4968 per
2583 4914 2756 4955 annos
2792 4915 2973 4955 nuxu
3001 4913 3219 4979 menses
3243 4915 3292 4954 vt
3316 4908 3372 4954 et

1801 4996 1918 5050 dics
1973 5012 2007 5048 ι
2065 5003 2384 5064 paruerunt.
2441 4994 2583 5047 Ante
2663 5008 2858 5063 reges,
2912 4993 3262 5063 magistratus
3330 4992 3369 5046 ii

1800 5087 2092 5159 praefuere,
2119 5086 2212 5155 qui
2258 5086 2471 5156 judices
2510 5083 2870 5148 vocabantur,
2915 5091 2970 5137 et
3023 5083 3367 5136 dictatores:

1799 5182 1902 5231 sub
1958 5178 2160 5248 quibus
2209 5185 2264 5230 et
2307 5174 2441 5244 ipsis
2486 5189 2659 5228 annos
2693 5173 2853 5244 176
2889 5173 3127 5243 amplius
3169 5189 3201 5227 υ
3245 5182 3372 5242 post

1799 5269 2002 5322 Mosem
2041 5275 2095 5320 et
2126 5266 2309 5321 Jcsum
2338 5271 2591 5334 egerunt.
2633 5261 2957 5316 Samaritani
3004 5270 3183 5314 tamen
3231 5259 3374 5314 inte-

1797 5359 1867 5414 sti
1923 5359 2147 5420 Judazis,
2203 5357 2372 5411 multa
2442 5355 2584 5410 mala
2656 5356 2944 5409 dederunt.
2998 5351 3364 5420 Quamobrem

1800 5450 2100 5507 Zorobabel
2133 5461 2189 5504 et
2213 5449 2304 5504 alii
2335 5465 2386 5502 iv
2409 5464 2475 5502 ex
2499 5446 2907 5518 magistratibus
2931 5460 3054 5499 cum
3077 5458 3143 5499 eo
3171 5441 3364 5494 Hiero-

1800 5543 2022 5612 solymis
2073 5539 2236 5610 legati
2287 5539 2354 5592 ad
2408 5537 2629 5591 Darium
2683 5537 2918 5590 iverunt.
2966 5531 3209 5597 Quorum
3267 5541 3363 5581 rex

1799 5634 2037 5707 querelis
2055 5631 2305 5703 cognitis,
2343 5631 2409 5684 ad
2443 5628 2729 5700 magistros
2758 5626 3003 5695 equitum
3028 5630 3084 5674 et
3109 5628 3360 5674 senatum

1799 5725 2059 5785 Samaria:
2099 5721 2319 5793 scripsit
2365 5738 2381 5777 :
2417 5736 2486 5777 ne
2532 5717 2739 5775 molesti
2778 5723 2958 5772 essent
2999 5711 3221 5778 Judwis,
3264 5711 3360 5766 sed
