3868 6198
409 294 519 357 339

1679 289 2007 352 JO:\NNIS
2047 290 2383 351 ZONARE

3531 299 3622 363 3i”

405 385 622 474 magnis
665 401 846 474 copiis
891 411 1283 458 occurrerunt.
1335 402 1604 458 Militibus
1635 411 1821 459 autem
1867 419 1994 474 pro-

2099 403 2177 475 τῷ
2193 403 2250 457 δὶ
2282 403 2543 474 πρόσοῖον
2562 403 2749 474 ἄλλην.
2773 402 2880 456 Τοῦ
2899 402 2955 457 δὲ
2976 402 3284 472 Περδίκκου,
3314 407 3369 460 Τί
3388 407 3456 472 δ’,
3478 405 3627 474 ὧβα-

409 496 736 551 funditatem
767 504 820 548 et
853 494 1119 565 impetum
1150 495 1418 560 ﬂuminis,
1458 505 1626 567 atque
1690 495 1858 550 etiam
1901 496 2000 550 ho-

407 589 574 642 stium
607 587 1013 658 aggressionem
1057 585 1571 652 reformidantibus,
1602 586 1718 656 ipse
1748 602 1873 642 cum
1905 603 1996 640 xm

408 681 656 749 equitum
701 678 898 732 turmis
950 677 1154 734 ﬂumen
1198 688 1284 734 est
1331 679 1634 750 ingressus.
1686 677 1996 748 eademque

408 789 577 843 opera
611 781 667 828 et
715 773 892 842 ipsum
923 785 978 828 et
1014 773 1202 828 hostes
1235 782 1291 829 et
1323 775 1471 844 ripas
1499 773 1727 828 altiores
1757 789 1820 829 ac
1854 791 1994 842 pra»

411 872 600 934 ruptas
631 874 717 918 est
747 863 1110 934 periclitatus,
1137 874 1198 920 ut
1229 863 1437 918 furiose
1468 864 1642 936 magis
1671 880 1835 933 quam
1872 881 2000 934 pru-

409 957 607 1012 denter
647 958 914 1012 transisse
962 967 1270 1026 putaretur.
1314 957 1569 1012 Flumine
1595 957 1662 1012 ad
1698 958 1845 1012 hunc
1882 975 2000 1011 mo-

408 1052 539 1104 dum
586 1056 869 1118 superato,
909 1047 1329 1102 tumultuariam
1363 1062 1602 1117 pugnam
1639 1046 1990 1102 committere

409 1151 496 1197 est
540 1152 766 1196 coactus
799 1157 812 1193 :
845 1149 902 1195 et
947 1140 1134 1194 multis
1168 1147 1360 1194 contra
1404 1155 1464 1194 se
1515 1137 1810 1194 ruentibus
1855 1139 2060 1213 (οινειιῇ³

409 1233 558 1288 enim
599 1250 662 1288 ex
693 1233 864 1288 armis
899 1233 1120 1304 notus),
1149 1232 1348 1302 jaeulis
1379 1248 1486 1286 non
1510 1241 1596 1287 est
1630 1232 1956 1286 vulneratus
1983 1251 1993 1282 :
2030 1215 2072 1236 ’λ’

411 1325 506 1380 sed
531 1325 754 1395 quidam
784 1325 906 1394 ejus
937 1325 1104 1391 galeze
1137 1333 1349 1377 tantum
1377 1323 1546 1378 ictum
1581 1322 1763 1394 gladio
1783 1323 1996 1387 intulit,

418 1429 478 1473 ut
535 1418 766 1488 capillos
807 1417 973 1472 etiam
1027 1416 1442 1487 perstringeret.
1493 1417 1632 1471 Dum
1688 1433 1866 1488 pugna
1925 1419 1998 1470 ita

418 1510 879 1570 committeretur,
916 1508 1280 1563 Macedonicae
1299 1509 1472 1578 copiae
1495 1507 1793 1564 Granicum
1824 1518 2002 1563 trans-

419 1604 626 1665 ierunt,
685 1619 920 1673 quarum
975 1602 1083 1657 vim
1134 1603 1282 1658 Darii
1335 1603 1540 1658 milites
1589 1620 1697 1657 non
1738 1604 1997 1668 ferentes,

418 1696 560 1766 fuga:
592 1710 650 1750 se
685 1695 1044 1750 mandarunt.
1071 1695 1203 1765 Ejus
1243 1695 1412 1765 przelii
1445 1710 1735 1750 successus
1763 1695 1998 1750 Alexan-

2100 493 2302 560 σιλεῦ,
2343 495 2581 560 σεαυτῷ
2627 496 3043 561 καταλείπεις-ς
3069 497 3320 561 εἰπόντος,
3362 500 3463 563 Τὰς
3499 502 3627 556 ἑλπί·

2100 586 2238 660 δ;ι;.,ἶ
2262 589 2470 651 ἐκεῖνος
2521 589 2816 659 ἀντέφησε.
2851 591 3103 643 Διαὸὰντι
3129 589 3182 642 δὲ
3209 591 3296 645 τὸν
3337 591 3620 662 Ἑλλήσπον-

2101 694 2213 738 τον.
2236 680 2284 730 οί
2315 678 2409 732 τοῦ
2429 681 2660 748 Δαρείου
2690 681 2969 753 σατράπαι
2995 681 3134 750 μετὰ
3153 681 3363 752 βαρείας
3385 683 3628 753 δυνάμεως

2104 771 2234 841 περὶ
2260 771 2360 842 τὴν
2386 772 2482 826 τοῦ
2528 773 2798 844 Γρανικοῦ
2833 773 3086 827 διάϐασιν
3144 774 3286 844 αὐτῷ
3317 777 3623 845 συνηντήκει-

2103 880 2222 916 σαν.
2259 863 2380 916 Τῶν
2414 864 2472 917 δὲ
2513 865 2646 935 περὶ
2683 865 2848 919 αὑτὸν
2870 866 2934 918 τὸ
2964 864 3126 935 βάθος
3168 865 3400 919 δεδιότων
3432 867 3515 919 τοῦ
3541 884 3623 920 πο-

2100 957 2299 1027 ταμοῦ,
2339 956 2434 1011 τοῦ
2471 958 2654 1028 ροθίου
2705 976 2764 1012 τε
2819 959 2918 1028 τὴν
2963 959 3157 1028 φορὰν,
3194 959 3284 1011 καὶ
3307 957 3396 1028 τὴν
3416 960 3496 1012 ἐπὶ
3525 959 3629 1013 τού-

2101 1067 2212 1112 τοις
2241 1050 2351 1102 τῶν
2410 1051 2694 1118 πολεμίων
2730 1051 3000 1110 ἐπίθεσιν.
3036 1053 3240 1114 ἐκεῖνος
3272 1051 3365 1103 σὺν
3393 1051 3519 1114 ἴλαις
3561 1053 3634 1105 in.

2109 1141 2252 1195 πέων
2280 1144 2641 1212 τρισκαίδεκα
2674 1144 2936 1213 ἐμϐάλλει
2967 1144 3043 1214 τῷ
3069 1143 3318 1214 ῥεύματι.
3370 1144 3494 1214 πρὸς
3523 1145 3634 1198 αὐτὸ

2103 1233 2564 1299 ἀποκινδυνεύων,
2585 1236 2680 1288 καὶ
2700 1237 2834 1304 πρὶς
2849 1237 2974 1298 τοὺς
2993 1235 3230 1288 ἐναντίου
3240 1255 3281 1300 ς,
3294 1237 3383 1289 καὶ
3399 1236 3517 1306 πρὸς
3535 1238 3639 1290 tim-

2102 1324 2292 1388 δάσεις
2320 1325 2581 1394 ὀχθώδεις
2638 1327 2732 1380 καὶ
2756 1327 3113 1398 ἀπορρῶγας.
3147 1328 3237 1380 Διὸ
3281 1329 3373 1380 καὶ
3424 1327 3633 1396 μανικῶς

2106 1414 2328 1484 μᾶλλον,
2361 1415 2478 1468 ἀλλ’
2503 1417 2563 1468 ού
2595 1417 2982 1486 στρατηγικῶς
3011 1417 3157 1483 ἔδοξε
3188 1419 3308 1470 τότε
3353 1418 3636 1488 ποιήσασθαι

2101 1508 2201 1579 τὴν
2228 1509 2501 1563 διάϐασιν.
2562 1509 2720 1563 Οὕτω
2749 1511 2804 1564 δὲ
2827 1510 3043 1574 διαϐὰς,
3103 1510 3310 1582 φύρδην
3341 1511 3638 1581 ἠναγκάζετο

2105 1601 2400 1670 μάχεσθαι.
2439 1603 2549 1654 Καὶ
2582 1601 2796 1656 πολλῶν
2828 1604 2967 1673 πρὸς
3020 1604 3184 1658 αὐτὸν
3214 1603 3531 1674 ὡρμηκότων
3562 1598 3635 1672 (ἦν

2104 1694 2212 1764 γὰρ
2241 1697 2304 1748 ἐκ
2332 1695 2439 1746 τῶν
2470 1694 2655 1749 ὅπλων
2686 1696 2986 1766 διάδηλος),
3015 1696 3356 1759 ἀκοντισθεὶς
3382 1695 3474 1765 μὲν
3491 1695 3575 1747 οὐκ
3593 1697 3637 1747 i-

419 1787 520 1843 dro
554 1803 762 1859 magnae
793 1785 1074 1843 felicitatis
1100 1787 1206 1842 fuit
1234 1786 1474 1842 occasio.
1519 1787 1653 1842 Nam
1693 1796 1749 1842 et
1778 1786 1994 1843 Sardeis

2103 1787 2313 1857 τρὼθη,
2347 1789 2531 1842 κοπίδι
2578 1789 2634 1842 δὲ
2661 1790 2723 1842 τὸ
2752 1791 2954 1862 κράνος
2989 1791 3158 1846 αὐτοῦ
3189 1790 3476 1861 πλήξαντός
3500 1806 3636 1852 τινος,

412 1880 466 1935 in
512 1880 852 1936 deditionem
896 1879 1134 1949 accepit,
1165 1888 1223 1934 et
1253 1879 1460 1950 reliqua
1508 1894 1570 1935 se
1601 1894 1727 1934 cum
1757 1894 1824 1934 eo
1863 1894 2000 1933 con-

406 1975 735 2045 junxerunt.
792 1971 925 2028 lnde
971 1973 1039 2028 ad
1089 1987 1244 2028 oram
1281 1972 1614 2027 maritimam
1658 1987 1995 2037 conversus,

411 2067 808 2139 Pamphyliam,
854 2065 1105 2130 Ciciliam
1161 2076 1219 2122 et
1266 2066 1608 2122 Phoeniciam
1663 2069 1996 2136 occupavit.

412 2159 787 2230 Pisidiamque
819 2169 876 2215 et
903 2159 1218 2232 Phrygiam.
1267 2159 1477 2214 Deinde
1518 2159 1898 2230 Paphlagones
1942 2167 2000 2212 et

412 2255 767 2322 t'appadoces
801 2253 1040 2323 subegit.
1085 2250 1285 2307 Darius
1309 2261 1496 2306 autem
1529 2251 1687 2307 Susis
1717 2251 1997 2321 profectus

409 2355 496 2400 est
525 2358 649 2400 cum
696 2361 760 2402 nc
812 2345 1074 2406 millibus.
1108 2355 1222 2399 tum
1283 2345 1567 2401 exercitus
1617 2343 1995 2416 magnitudine

409 2439 609 2498 elatus.
646 2448 761 2494 tum
787 2453 855 2493 eo
875 2439 1070 2498 fretus.
1107 2437 1254 2508 quod
1282 2436 1652 2492 Alexandrum
1681 2437 1750 2492 oh
1779 2436 1994 2507 longio-

411 2548 526 2588 rem
566 2533 620 2586 in
654 2531 847 2587 Cieilia
881 2547 1091 2587 moram
1125 2532 1316 2586 timere
1352 2530 1745 2584 arbitrabatur.
1777 2531 1833 2584 Id
1861 2547 1994 2585 vero

411 2621 482 2677 oh
516 2621 768 2676 morbum
806 2619 971 2676 ﬁebat
1004 2637 1017 2672 :
1053 2622 1210 2692 cujus
1241 2622 1529 2675 curatione
1561 2636 1591 2674 a
1619 2617 1835 2674 caeteris
1866 2634 1989 2672 om-

412 2716 576 2771 nibus
611 2716 842 2771 medicis
869 2715 1158 2786 desperata
1181 2757 1196 2781 ,
1229 2715 1380 2770 solus
1409 2714 1701 2785 Philippus
1731 2715 1986 2768 Acarnan

409 2810 460 2862 ei
512 2809 839 2864 medicinam
887 2808 1156 2863 adhibere
1208 2823 1377 2864 ausus
1424 2818 1550 2862 est:
1588 2823 1711 2862 cum
1763 2799 1991 2876 quidem

411 2902 703 2958 Parmenio
730 2903 1064 2972 scripsisset.
1097 2902 1250 2957 illum
1275 2918 1305 2956 a
1332 2901 1495 2957 Dario
1519 2909 1842 2970 corruptum
1870 2915 1992 2955 esse

413 2995 732 3065 ingentibus
760 2996 1087 3051 muneribus
1118 3005 1178 3050 et
1213 2995 1710 3064 pollicitationibus
1733 3033 1748 3060 ,
1787 2993 1832 3051 si
1862 3010 1988 3049 eum

410 3089 745 3145 sustulisset.
777 3089 852 3144 Ea
885 3089 1119 3160 epistola
1145 3089 1454 3144 Alexander
1490 3089 1654 3152 lecta,
1685 3099 1988 3143 asservata-

2104 1879 2267 1950 μέχρι
2310 1879 2570 1933 τοσούτου
2602 1881 2696 1935 τοῦ
2742 1884 2979 1954 κράνους
3009 1883 3274 1937 καθίκετο
3308 1880 3550 1951 ἡπληγὴ,
3575 1878 3636 1942 ὡς

2099 1972 2326 2026 καὶτῶν
2351 1973 2555 2043 τριχῶν
2587 1974 2752 2028 αὐτοῦ
2780 1976 3142 2046 παραψαῦσαι
3174 1976 3272 2047 τὴν
3303 1974 3505 2028 κοπίδα.
3544 1972 3635 2042 Ti);

2102 2065 2282 2136 μάχης
2309 2065 2355 2118 δ’
2379 2065 2524 2119 οὕτω
2554 2068 2986 2140 συνισταμένης,
3016 2069 3111 2124 τὸν
3139 2067 3401 2138 Γρανικὸν
3421 2065 3640 2120 αίΜικε-

2095 2155 2302 2210 δονικαὶ
2352 2157 2612 2226 δυνάμεις
2644 2158 3036 2230 διαϐεϐήκασιο
3091 2159 3188 2216 καὶ
3219 2161 3266 2213 oi
3319 2156 3409 2212 τοῦ
3440 2155 3633 2224 Δαρείου

2095 2249 2280 2305 οὐκέτι
2305 2251 2580 2322 ἀντεῖχον,
2602 2252 2719 2306 ἀλλ’
2743 2253 2963 2306 έκλιναν
2983 2255 3066 2317 είς
3090 2254 3293 2324 φυγὴν.
3328 2253 3416 2305 Ἐκ
3433 2249 3547 2319 γοῦν
3566 2251 3644 2317 τῆς

2101 2345 2282 2414 μάχης
2314 2346 2522 2416 ταύτης
2555 2346 2726 2417 πολλή
2756 2365 2840 2411 τις
2893 2347 3118 2415 ἐγένετο
3146 2347 3281 2416 πρὸς
3321 2344 3555 2415 εὐτυχίαν
3579 2343 3640 2413 τῷ

2109 2431 2446 2505 Ἀλεξάνδρῳ
2471 2436 2635 2506 φορά.
2679 2437 2749 2489 Δῖ
2803 2454 2863 2490 τε
2917 2437 3027 2508 γὰρ
3065 2437 3294 2508 Σάρδεις
3326 2439 3372 2490 οἱ
3409 2433 3647 2507 προσεχιῦ-

2099 2543 2298 2598 ρησαν,
2338 2528 2434 2579 καὶ
2478 2526 2650 2582 τᾶλλα
2701 2529 3057 2600 προσέθεντο.
3140 2528 3422 2582 Ἐντεῦθεν
3468 2527 3538 2586 εἰς
3567 2523 3646 2593 τὴν

2096 2617 2375 2685 παραλίαν
2401 2618 2691 2686 ἐτράπετο,
2721 2623 2816 2672 καὶ
2843 2620 2939 2688 τήν
2964 2637 3020 2670 τε
3053 2618 3389 2689 Παμφυλίαν
3415 2617 3550 2686 ἔςχε,
3571 2618 3647 2665 καὶ

2096 2707 2353 2765 Κιλικίαν
2374 2728 2435 2764 τε
2466 2711 2560 2765 καὶ
2593 2713 2872 2782 Φοινίκην,
2909 2712 3165 2766 Πισιδίαν
3207 2729 3265 2765 τε
3307 2713 3395 2764 καὶ
3421 2709 3644 2779 Φρυγίαν·

2095 2797 2215 2855 εἶτα
2287 2802 2646 2871 Παορλαγόνας
2709 2805 2806 2856 καὶ
2888 2804 3279 2866 Καππαδόκας
3332 2800 3645 2872 ἐχειρώσατο.

2094 2896 2319 2966 Δαρεῖος
2382 2896 2439 2948 δὲ
2479 2897 2543 2948 ὲκ
2591 2896 2811 2949 Σούσων
2847 2896 2944 2948 σὺν
2979 2897 3256 2966 ἑξήκοντα
3289 2896 3534 2965 μυριάσιν
3560 2889 3649 2957 ὥρ-

2098 3005 2266 3058 μησε,
2297 2988 2374 3059 τῷ
2412 3006 2472 3042 τε
2513 2988 2716 3060 πλήθει
2747 2989 2848 3060 τῆς
2904 2991 3174 3058 στρατιᾶς
3231 2990 3548 3058 ἐπηρμένος.
3576 2982 3651 3036 καὶ

2095 3082 2294 3153 θάρσος
2319 3082 2481 3153 ἔχων,
2504 3083 2580 3146 ὡς
2603 3081 2914 3146 δειλιῶντος
2943 3081 3332 3152 Ἀλεξάνδρου,
3349 3081 3430 3134 ὅτι
3454 3079 3537 3132 ἐπὶ
3559 3091 3645 3145 μα-

409 3194 516 3248 que
541 3218 556 3241 ,
592 3195 655 3234 ac
683 3195 741 3234 re
769 3177 979 3234 nemini
1007 3180 1410 3236 communicata
1435 3219 1451 3243 ,
1491 3180 1718 3234 calicem
1749 3178 1983 3234 medica-

2100 3176 2235 3247 κρδν
2278 3175 2485 3239 ἐκεῖνος
2531 3176 2590 3228 ὲν
2642 3175 2867 3246 Κιλικίᾳ
2907 3175 3174 3244 διέτριϐε·
3206 3175 3271 3228 τὸ
3304 3173 3360 3228 δὲ
3403 3171 3488 3226 διὰ
3513 3168 3647 3224 νόσον

412 3271 580 3324 menti
613 3287 644 3325 a
678 3270 930 3340 Philippo
959 3271 1203 3327 oblatum
1235 3271 1447 3342 accepit
1481 3272 1664 3327 alacer
1705 3288 1719 3324 :
1747 3271 1824 3326 illi
1859 3286 1991 3325 vero

410 3363 697 3432 epistolam
725 3363 898 3417 dedit.
931 3363 1022 3418 Sic
1049 3363 1186 3418 alter
1221 3363 1381 3427 bibit,
1411 3364 1551 3419 alter
1584 3364 1736 3435 legit,
1761 3375 1993 3432 uterque

411 3457 645 3512 alterum
707 3455 932 3511 intuens
981 3474 993 3510 :
1037 3456 1347 3511 Alexander
1407 3457 1559 3511 vultu
1631 3455 1880 3526 jucundo
1937 3464 1993 3509 et

413 3548 572 3602 hilari
604 3591 617 3608 .
660 3548 948 3617 Philippus
984 3549 1216 3605 sollicito
1250 3558 1306 3604 et
1348 3548 1684 3618 perturbato.
1727 3547 1865 3604 Cum
1896 3563 1994 3602 au-

413 3651 520 3695 tem
559 3639 753 3694 Darius
805 3651 994 3694 contra
1037 3638 1408 3694 Alexandrum
1439 3638 1728 3694 festinaret
1751 3678 1764 3700 ,
1793 3653 1899 3698 ne,
1935 3645 1994 3690 ut

411 3733 649 3796 diccbat,
673 3731 858 3787 hostes
887 3731 1231 3802 aufugerent,
1261 3731 1524 3803 Amyntas
1553 3729 1774 3785 Macedo
1809 3738 1991 3784 trans-

411 3825 536 3894 fuga
587 3825 728 3878 bono
779 3824 962 3877 animo
1007 3838 1134 3879 eum
1192 3837 1314 3878 esse
1365 3821 1530 3894 jussit
1572 3837 1799 3891 :neque
1843 3821 1991 3876 enim

411 3918 712 3988 fugiturum
757 3917 1161 3980 Alexandrum,
1206 3915 1302 3971 sed
1351 3917 1533 3971 statim
1579 3923 1770 3969 contra
1815 3914 1992 3984 ipsum

411 4011 615 4068 iturum
637 4023 778 4064 esse.
803 4007 1110 4064 Commisso
1137 4018 1319 4063 autem
1347 4008 1400 4060 in
1425 4006 1540 4062 Isso
1559 4004 1762 4060 Ciliciae
1785 4003 1990 4074 praelio,

410 4119 666 4174 magnum
707 4101 928 4172 quidem
982 4111 1042 4156 et
1076 4099 1248 4171 ipsius
1291 4099 1398 4154 loci
1435 4097 1700 4169 angustiae
1744 4111 1992 4151 momen-

411 4205 527 4250 tum
569 4195 729 4266 187
768 4194 1079 4250 Alexandro
1117 4191 1184 4247 ad
1213 4191 1499 4248 victoriam
1529 4191 1865 4252 attulerunt,
1898 4186 1993 4242 sed

411 4289 584 4358 ipsius
628 4287 928 4343 dexteritas
975 4295 1031 4341 et
1079 4284 1300 4341 solertia
1355 4283 1516 4354 longe
1579 4283 1775 4352 majus.
1842 4281 1996 4336 Tunc

412 4380 554 4435 inter
589 4380 866 4451 principes
890 4395 1158 4450 pugnans,
1183 4395 1315 4435 ense
1335 4378 1512 4436 femur
1541 4385 1625 4432 est
1656 4376 1991 4432 vulneratus.

288 4491 318 4554 ι·
415 4471 710 4528 Victoriam
760 4471 1028 4528 illustrem
1080 4471 1349 4541 adeptus,
1405 4470 1567 4526 Dario
1610 4469 1733 4540 fuga
1785 4468 1990 4537 elapso,

2094 3263 2186 3340 ἧν,
2250 3269 2338 3322 ὅτε
2372 3268 2512 3338 πρὸς
2556 3268 2665 3321 τῶν
2711 3269 2887 3321 ἄλλων
2937 3269 3038 3337 μὲν
3070 3269 3406 3338 ἀπέγνωστο
3453 3263 3646 3334 ίατρῶνν

2093 3359 2365 3421 Φίλιππος
2389 3359 2448 3413 δὲ
2475 3359 2635 3429 μόνος
2665 3359 2693 3411 6
2737 3357 3008 3430 Ἀκαρνὰν
3037 3358 3319 3430 ἐθάρσησε
3359 3352 3651 3430 φαρμακεῦ·

2098 3466 2190 3504 σαι
2221 3449 2408 3504 αὐτόν.
2439 3451 2546 3503 Τοῦ
2581 3450 2637 3504 δὲ
2675 3450 3065 3520 Παρμενίωνος
3102 3451 3416 3520 φθάσαντος
3444 3446 3650 3501 επιστ-εἷο

2095 3543 2183 3597 λαι
2232 3542 2404 3614 αὐτῷ,
2443 3543 2550 3596 ὑπὸ
2604 3543 2833 3614 Δαρείου
2881 3541 3219 3613 διεφθάρθαι
3281 3543 3374 3598 τὸν
3422 3540 3656 3594 Φίλιππον

2095 3635 2325 3705 δωρεαῖς
2357 3635 2629 3706 μεγάλαις
2659 3637 2754 3690 καὶ
2778 3637 3169 3705 ὑποσχέσεσιν,
3197 3637 3249 3690 εί
3283 3635 3446 3690 αὑτὸν
3480 3632 3654 3686 ἀνέλοι·

2095 3728 2197 3800 τὴν
2229 3727 2519 3798 ἐπιστολὴν
2548 3727 2779 3796 ἐπῆλθε,
2805 3727 2900 3780 καὶ
2929 3727 3122 3796 μηδενὶ
3166 3730 3298 3800 περὶ
3323 3731 3386 3782 αὐ
3400 3727 3488 3795 τῆς
3509 3723 3655 3789 ἐκφή-

2096 3839 2215 3886 νας,
2246 3818 2358 3892 εἶχε
2383 3821 2515 3891 παρ’
2541 3821 2745 3890 ἐαυτῷ.
2775 3821 2935 3892 "Apri.
2965 3819 3021 3870 δὲ
3049 3821 3146 3874 τοῦ
3171 3822 3445 3876 Φιλίππου
3477 3817 3563 3887 τὴν
3582 3813 3660 3866 κύρ

2095 3913 2225 3968 λικα
2249 3913 2344 3966 τοῦ
2372 3914 2666 3984 φαρμάκου
2699 3915 3154 3984 προσαγαγόντος
3188 3915 3361 3984 αὐτῷ,
3396 3912 3546 3974 αὐτὸς
3577 3906 3660 3977 μὲν

2098 4005 2320 4077 θαρῤὦν
2367 4004 2585 4070 ἐδέξατο
2646 4005 2875 4076 ταύτην,
2912 4009 3114 4080 ἐκείνῳ
3145 4009 3203 4063 δὲ
3246 4009 3350 4080 τὴν
3398 4001 3661 4067 ἐπιστολὴν

2096 4097 2418 4169 ἐνεχείρισε.
2463 4098 2573 4150 Καὶ
2625 4097 2654 4149 6
2696 4098 2796 4168 μὲν
2850 4098 3060 4164 ἔπινεν,
3105 4102 3136 4154 6
3173 4101 3234 4154 δὲ
3296 4098 3658 4166 ἀνεγίνωσκεν,

2098 4190 2391 4260 ἐνορῶντες
2422 4189 2700 4260 ἀλλήλοις.
2742 4193 2770 4246 6
2801 4191 2900 4261 μὲν
2943 4193 3307 4263 Ἀλέξανδρος
3334 4195 3390 4245 ἐν
3421 4190 3536 4257 δψει
3573 4201 3662 4254 χα-

2099 4282 2293 4353 ριέσσῃ
2321 4282 2414 4334 καὶ
2439 4283 2624 4357 ἱλαρᾷ,
2647 4283 2674 4334 6
2690 4282 2748 4336 δὲ
2769 4282 3038 4346 Φίλιππος
3064 4286 3125 4337 ὲν
3153 4285 3406 4356 περιδεεῐ
3427 4281 3515 4334 καὶ
3536 4274 3663 4328 τεθο·

2103 4371 2412 4443 ρυσημένῃ.
2445 4372 2552 4427 Τοῦ
2581 4373 2639 4426 δὲ
2665 4373 2896 4446 Δαρείου
2933 4373 3270 4438 σπεύδοντος
3302 4374 3394 4428 ἐπ’
3439 4367 3665 4434 Ἀλέξαν-

2099 4460 2245 4530 δρον,
2297 4460 2384 4525 ἶν’,
2418 4461 2494 4524 ὼς
2529 4461 2708 4532 ἔλεγε,
2757 4465 2831 4532 μὴ
2864 4463 3262 4536 ἀποδράσωσιν
3331 4467 3382 4518 οἱ
3420 4463 3664 4528 πολέμιοι.

412 4577 579 4618 curru
624 4571 680 4616 et
713 4579 844 4620 arcu
881 4565 1000 4634 ejus
1028 4574 1113 4618 est
1162 4566 1370 4633 potitus
1407 4580 1420 4616 :
1453 4574 1630 4618 castra
1681 4577 1711 4616 a
1750 4561 1994 4614 Macedo-

2104 4552 2371 4605 Μακεδὼν
2413 4553 2688 4623 ’Δμύντας
2727 4554 2801 4608 ὢν
2831 4557 3136 4627 αὐτόμολος
3171 4557 3314 4630 παρ’
3352 4555 3520 4624 αὐτῷ.
3548 4550 3670 4620 θάῤ⁶

412 4655 580 4710 nibus
609 4655 823 4726 direpta
851 4667 1020 4722 sunt,
1049 4671 1113 4710 ac
1148 4655 1294 4711 Darii
1330 4655 1627 4708 tentorium
1672 4668 1797 4707 cum
1834 4651 1994 4706 mini-

411 4745 634 4814 steriis,
702 4747 938 4818 Opibus,
1005 4746 1266 4817 omnique
1351 4753 1614 4815 apparatu
1687 4743 1996 4799 Alexandro

410 4847 749 4908 exemptum.
826 4838 1034 4894 Deinde
1094 4852 1220 4892 cum
1290 4835 1341 4893 ei
1397 4836 1784 4898 nuntiaretur,
1846 4835 1991 4890 Darii

410 4938 641 4984 matrem
667 4969 683 4994 ,
725 4945 950 4986 uxorem
991 4938 1048 4986 et
1074 4928 1214 4984 duas
1257 4928 1396 4984 ﬁlias
1423 4927 1667 4999 captivas
1693 4926 1818 4982 duci
1849 4966 1864 4991 ,
1893 4926 1995 4980 Da-

410 5022 554 5076 rium
597 5037 700 5092 pro
729 5033 946 5077 mortuo
978 5022 1328 5093 deplorantes
1351 5061 1366 5086 .
1413 5019 1560 5092 quod
1613 5020 1734 5091 ejus
1768 5033 1992 5073 currum

409 5122 465 5166 et
496 5127 685 5166 arcum
729 5122 948 5183 captum
995 5112 1260 5169 vidissent
1294 5129 1308 5165 :
1356 5118 1666 5166 commotus
1698 5125 1766 5165 eo
1797 5109 1996 5164 nuntio

411 5211 636 5272 prepter
661 5203 896 5260 fortuna
940 5203 1364 5261 inconstantiam
1392 5245 1407 5270 ,
1439 5202 1735 5275 quemdam
1771 5203 1837 5256 ad
1869 5219 1995 5257 mu-

409 5297 573 5354 lieres
594 5297 797 5361 mittit.
827 5295 922 5370 qui
947 5297 1029 5352 eis
1053 5298 1284 5360 indicet.
1315 5298 1528 5352 Darium
1562 5297 1746 5352 vivere
1767 5337 1783 5362 ,
1816 5312 1996 5366 neque

406 5387 491 5445 eis
517 5386 818 5461 quidquam
858 5387 1123 5444 molestia:
1152 5387 1365 5444 illatum
1398 5388 1487 5443 iri.
1529 5388 1718 5460 Neque
1752 5389 1898 5442 enim
1933 5403 1993 5442 se

408 5479 633 5536 Darium
681 5482 894 5537 hostem
945 5479 1194 5552 judicare
1221 5521 1236 5545 ,
1259 5479 1355 5536 sed
1399 5495 1527 5536 cum
1563 5494 1632 5534 eo
1662 5479 1731 5534 de
1764 5479 1995 5548 imperio

411 5583 626 5631 certare
653 5580 683 5630 ξ
717 5588 897 5645 neque
921 5573 992 5628 de
1015 5571 1337 5630 ministeriis
1366 5588 1487 5644 quae
1521 5573 1798 5629 habebant
1825 5572 1994 5642 quid-

410 5675 574 5731 quam
621 5666 704 5721 eis
751 5665 1028 5731 detraxit,
1080 5679 1260 5734 neque
1309 5663 1364 5718 in
1406 5673 1760 5734 conspectum
1801 5677 1990 5716 earum

411 5754 563 5804 venit
583 5793 596 5815 ,
627 5770 806 5824 neque
861 5772 1055 5825 passus
1082 5765 1166 5811 est
1215 5765 1276 5810 ut
1322 5756 1392 5810 ab
1423 5756 1536 5810 ullo
1567 5754 1868 5825 quidquam
1912 5755 1993 5810 in-

412 5838 634 5910 (ὶίῧῐιυιιι
664 5844 750 5898 vel
778 5852 1152 5923 sustinerent,
1193 5848 1276 5905 vel
1311 5853 1712 5918 exspectarent.

2103 4645 2208 4713 ρει,
2234 4642 2360 4715 ἔφη.
2383 4639 2428 4699 ῶ
2451 4645 2707 4712 δέσποτα,
2731 4646 2792 4702 ού
2823 4648 2933 4717 γὰρ
2963 4647 3226 4715 φεύξεται
3251 4649 3281 4700 6
3318 4643 3624 4710 Ἀλέξανδρο
3651 4675 3667 4706 ,

2099 4734 2217 4787 ἀλλ’
2246 4736 2372 4790 ὅσον
2401 4737 2503 4809 ἤδη
2533 4737 2800 4809 βαδιεῖται
2835 4739 2974 4810 πρὸς
3005 4738 3090 4794 σέ.
3159 4741 3252 4793 Ἑν
3317 4737 3476 4809 Ἰσσῷ
3505 4735 3556 4790 δὲ
3587 4732 3668 4800 τῆς

2098 4827 2356 4894 Κιλικίας
2412 4831 2515 4901 τῆς
2568 4832 2748 4903 μάχης
2784 4833 3287 4906 συγκροτηθείσης,
3357 4831 3555 4900 πολλὴν
3585 4826 3668 4896 μὲν

2098 4919 2193 4971 καὶ
2241 4921 2269 4972 6
2299 4922 2465 4986 τόπος
2494 4922 2584 4976 διὰ
2617 4922 2717 4994 τὴν
2765 4925 3032 4978 στένωσιν
3069 4925 3330 4996 παρέσχε
3385 4923 3554 4993 ῥοπὴν
3604 4913 3670 4984 τῷ

2111 5009 2471 5085 Ἀλεξάνδρῳ,
2513 5013 2688 5071 πλείω
2716 5015 2762 5066 δ’
2809 5015 2972 5078 αὐτὸς
3001 5016 3179 5084 ἑαυτῷ
3228 5016 3430 5083 δεξιῶς
3462 5027 3672 5082 στρατη·

2099 5107 2296 5175 γήσας,
2363 5107 2452 5160 ὅτε
2503 5109 2597 5162 καὶ
2631 5111 2724 5164 τὸν
2762 5113 2940 5181 μηρὸν
2989 5113 3210 5183 ἐπλήγη
3273 5112 3448 5182 ξίφει,
3495 5111 3550 5162 ἐν
3577 5105 3672 5164 τοῖς

2099 5201 2406 5272 προμάχοις
2450 5203 2875 5273 ἀγωνιζόμενος.
2939 5207 3273 5276 Περιφανῶς
3327 5207 3388 5260 δὲ
3439 5204 3672 5272 νικήσας.

2097 5296 2323 5365 Δαρεῖον
2361 5295 2480 5363 μὲν
2516 5298 2615 5367 οὐχ
2667 5294 2780 5351 εἷλε
2812 5300 3074 5369 φυγόντα,
3102 5301 3162 5354 τὸ
3205 5299 3373 5371 ἅρμα
3415 5298 3474 5352 δὲ
3512 5294 3601 5350 καὶ
3624 5288 3675 5343 τὸ

2095 5386 2250 5453 τόξον
2272 5386 2438 5440 αὐτοῦ
2474 5386 2658 5441 ἔλασε.
2693 5390 2766 5442 Τὸ
2795 5391 2851 5443 δὲ
2878 5391 3105 5462 Δαρείου
3132 5391 3516 5457 στρατόπεδον
3538 5388 3671 5454 διηρ-

2096 5479 2246 5549 πάγη
2277 5481 2428 5549 παρὰ
2459 5479 2569 5534 τῶν
2607 5481 2963 5548 Μακεδόνων,
2999 5485 3032 5554 ἡ
3067 5485 3261 5553 μέντοι
3328 5482 3429 5536 τοῦ
3462 5475 3673 5548 Δαρείου

2099 5573 2272 5641 σκηνὴ
2305 5572 2382 5642 τῷ
2433 5572 2770 5644 Ἀλεξάνδρῳ
2794 5576 3031 5648 ἐξῄρητο
3050 5577 3186 5646 μετὰ
3226 5579 3332 5647 τῆς
3370 5572 3676 5642 θεραπείας.

2098 5664 2192 5716 καὶ
2222 5661 2315 5715 τοῦ
2372 5663 2625 5723 πλούτου,
2660 5667 2750 5718 καί
2781 5668 2880 5732 τῆς
2912 5667 3080 5737 ἄλλης
3111 5666 3506 5737 παρασκευῆς,
3557 5655 3677 5713 Εἶτα

2095 5756 2194 5823 τὴν
2224 5755 2459 5824 μητέρα,
2493 5760 2588 5808 καὶ
2618 5758 2718 5827 τὴν
2755 5762 2993 5826 γυναῖκα
3026 5759 3288 5830 Δαρείου,
3331 5761 3429 5811 καὶ
3450 5756 3560 5810 δύω
3589 5751 3676 5802 θυι

2096 5849 2337 5918 γατέρας
2381 5847 2762 5918 αίχμαλὼτους
2795 5851 3029 5924 ἄγεσθαί
3061 5869 3145 5918 τις
3202 5849 3480 5920 ἀγγέλλει
3511 5839 3673 5913 αὖτιξθι
