3918 6200
336 274 440 338 347
1617 275 1946 336 JOANNIS

2053 275 2314 337 lNAlle
3508 273 3626 338 3l8

336 388 551 458 μητέρα
587 385 885 456 βασιλικῶς
936 387 1353 455 κεκοσμημένον
1389 385 1702 441 ἀπέστειλε.
1737 388 1842 440 Τὸν
1873 387 1930 439 δὲ
1962 387 2194 455 Βῆσσον,
2221 387 2280 452 δς
2352 387 2559 440 ἐκεῖνον
2609 387 2809 450 ἀνεῖλε,
2851 384 3290 457 διεσφενδόνησε,
3330 385 3453 438 δυσὶ
3517 385 3616 454 βίᾳ

331 480 567 535 κλιθεῖσι
614 480 855 550 δένδροις
898 479 1352 551 προσαρτηθῆναι
1413 479 1675 542 κελεύσας
1733 480 1916 541 αὑτὸν,
1950 476 2070 532 εἶτα
2103 480 2352 550 μεθεῖναι
2414 479 2482 533 τά
2510 480 2725 551 δένδρα,
2760 479 2854 532 καὶ
2878 479 3021 532 οὕτω
3049 477 3460 546 διασπασθῆναι
3527 480 3627 529 τὶν

333 573 647 646 ἄνθρωπον.
685 573 918 625 ἑκάστου
949 573 1059 625 τῶν
1085 572 1322 642 δένδρων
1358 573 1497 640 μετά
1549 572 1910 642 σφοδρότητος
1946 575 2026 637 εἰς
2091 575 2190 644 τὴν
2223 574 2364 628 κατά
2403 573 2565 641 φύσιν
2607 571 2930 644 ὡρμηκότος
2961 571 3248 625 ἀνάτασιν.
3308 573 3402 634 Εἰς
3489 572 3626 641 ’Υρ-

336 665 532 721 κανίαν
561 665 615 717 δὲ
645 665 824 718 ἀπιὼν
859 651 1098 734 περΓτὸ
1139 665 1433 734 Ὑρκάνιον
1465 664 1722 732 πέλαγος,
1757 666 1785 718 ὃ
1830 669 1922 719 καὶ
1962 668 2207 720 Κάσπιον
2267 666 2510 734 λέγεται,
2547 666 2840 736 βαρϐάρων
2873 665 3040 717 τινῶν
3084 663 3178 717 τὸν
3225 665 3393 717 ἵππον
3453 661 3628 718 αὐτοῦ

336 759 432 811 τὸν
488 756 845 826 Βουκεφάλαν
901 758 1302 826 ἀφελομένων,
1362 757 1776 828 ἐϐαρυθύμησε,
1838 761 1932 812 καὶ
1964 759 2190 830 πέμψας
2248 759 2515 828 ἠπείλησε
2555 758 2764 821 πάντας
2793 758 3141 821 ἀποκτενεῖν,
3174 758 3223 810 εί
3285 757 3358 827 μὴ
3389 758 3478 810 τδν
3531 759 3630 808 ῖπ-

339 870 441 906 πον
471 851 618 921 αὖτῷ
671 851 1056 922 ἀναπέμψειαν
1083 868 1095 881 ⁸
1147 855 1196 905 ol
1229 854 1284 906 δέ
1333 858 1430 906 καὶ
1464 855 1556 906 τὸν
1590 855 1778 916 ἵππον,
1832 858 1925 908 καὶ
1961 857 2188 919 ἑαυτοὺς
2225 857 2378 926 αὐτῷ
2410 855 2770 926 ἐνεχείρισαν.

410 943 526 998 ΧΙΙ.
561 942 691 998 Ind-3
719 943 771 997 in
811 942 1126 998 Parthicam
1157 954 1242 1001 est
1269 946 1568 1014 profectus.
1597 947 1686 999 ubi
1715 949 1932 1016 prituun
1969 961 2008 1008 Λ

341 1035 686 1089 barbaricam
724 1046 930 1090 vestem
971 1036 1190 1100 induit,
1237 1038 1444 1092 Medica
1486 1039 1667 1093 minus
1716 1057 1924 1109 super-

344 1131 507 1192 batn,
559 1130 776 1184 Persica
827 1132 1289 1196 insolentiorem,
1345 1134 1493 1203 quod
1549 1137 1925 1204 spectaculum

345 1239 613 1292 arrogans
639 1224 818 1277 visum
844 1234 924 1279 est
951 1226 1368 1280 Macedonibus.
1409 1227 1450 1281 Ε
1482 1229 1715 1297 captivis
1743 1229 1930 1282 tricies

347 1317 496 1370 mille
533 1333 734 1386 pueros
757 1317 1005 1372 delet-tos
1025 1362 1037 1383 ,
1064 1331 1120 1373 et
1144 1319 1349 1374 Graecis
1379 1320 1580 1376 litteris
1600 1321 1844 1386 erudiri,
1877 1332 1930 1377 et

347 1413 456 1465 ritu
509 1413 865 1466 Macedonum
922 1412 1123 1467 armari
1164 1413 1348 1483 jussit.
1403 1415 1644 1469 Roxanae
1681 1414 1934 1470 formosa:

349 1504 602 1556 mulieris
655 1503 940 1558 amoribus
973 1515 1202 1558 eatenus
1237 1505 1500 1568 indulsit,
1547 1516 1604 1559 ut
1644 1521 1764 1560 eam
1799 1507 1936 1576 legi-

349 1597 486 1649 timo
520 1595 622 1649 sibi
653 1597 1009 1650 matrimonio
1035 1599 1317 1668 iungeret.
1360 1599 1439 1652 Ex
1474 1598 1667 1652 amicis
1696 1597 1933 1667 lleplne-

351 1689 630 1750 stionem,
662 1687 756 1757 qui
788 1688 1050 1742 vestitum
1097 1691 1218 1760 ejus
1256 1689 1516 1744 laudabat
1539 1732 1552 1752 ,
1587 1690 1934 1756 similemque

353 1788 564 1832 vestem
588 1787 645 1832 et
678 1778 793 1848 ipse
822 1780 1100 1844 induerat,
1131 1780 1427 1834 Alexandri
1461 1791 1768 1842 amantem;
1805 1780 1938 1836 Cra-

353 1879 531 1924 terum
565 1885 697 1925 vero
718 1912 731 1936 ,
764 1874 908 1941 quia
938 1874 1131 1942 patriis
1168 1873 1438 1928 institutis
1466 1889 1574 1928 non
1609 1873 1936 1939 recedebat,

354 1965 497 2032 regis
531 1971 806 2018 amantem
855 1966 1203 2034 appellabat:
1242 1967 1444 2036 illoque
1487 1969 1630 2038 apud
1670 1967 1940 2022 barbaros

355 2054 648 2116 tuebatur,
698 2071 795 2124 per
842 2054 1131 2110 Craterum
1199 2057 1590 2114 Macedonibus
1630 2068 1687 2113 et
1734 2056 1940 2112 Grzeeis

353 2147 748 2214 respondebat.
792 2148 1064 2201 Philotam
1103 2147 1486 2204 Parmenionis
1519 2149 1716 2207 lilium.
1754 2164 1939 2203 rerum

353 2248 628 2308 gestarum
645 2239 875 2309 gloriam
890 2241 994 2294 sibi
1019 2251 1072 2295 et
1091 2242 1230 2310 patri
1251 2242 1642 2302 vindicantem.
1661 2242 1944 2296 etAlexan-

2113 947 2211 1004 lB'.
2269 947 2550 1002 Ἐντεῦθεν
2601 949 2682 1010 εἰς
2715 948 2814 1012 τὴν
2875 946 3157 1018 Παρθικὴν
3204 947 3632 1017 ἀναζεύγνυσιν,

2032 1042 2160 1096 ἔνθα
2191 1041 2405 1111 πρῶτον
2439 1041 2783 1113 βαρϐαρικὴν
2818 1040 3010 1109 στολὴν
3050 1041 3363 1105 ἐνεδύσατο,
3399 1045 3492 1096 καὶ
3525 1045 3632 1113 τῆς

2035 1135 2133 1203 μὲν
2170 1133 2422 1203 Μηδικῆς
2446 1135 2817 1203 ἀτυφοτέραν,
2849 1133 2948 1202 τῆς
2983 1135 3038 1187 δὲ
3069 1136 3344 1203 Περσικῆς
3377 1136 3635 1206 σοϐαρω-

2032 1228 2216 1298 τέραν.
2249 1226 2463 1280 Ἐδόκει
2486 1229 2541 1280 δὲ
2572 1232 2685 1290 τοῖς
2712 1227 2990 1280 Μακεδόσι
3022 1227 3084 1280 τὸ
3113 1227 3293 1296 θέαμα
3341 1232 3632 1300 φορτικόν.

2045 1319 2468 1390 Ἐπιλεξάμενος
2525 1320 2582 1374 δὲ
2629 1321 2995 1392 τρισμυρίους
3025 1323 3226 1386 παῖδας
3285 1323 3392 1376 τῶν
3422 1326 3636 1392 αἰχμα-

2034 1413 2241 1475 λώτων,
2277 1413 2528 1467 ἐκέλευσε
2573 1416 2881 1484 γράμματα
2938 1417 3083 1484 σφᾶς
3141 1416 3436 1485 Ἑλληνικά
3483 1416 3639 1470 ἐκῗι-

2035 1506 2352 1570 δάσκεσθαι,
2415 1508 2508 1559 καὶ
2563 1506 2706 1560 κατά
2762 1508 3082 1571 Μακεδόνας
3135 1509 3482 1572 ὁπλίζεσθαι.
3515 1509 3636 1576 Τῆς

2046 1594 2321 1664 Ῥωξάνης
2353 1595 2410 1648 δέ
2459 1595 2674 1665 ὡραίας
2719 1597 2975 1667 ἐρασθεὶς
3012 1599 3295 1666 γυναικὸς,
3327 1599 3428 1651 οὐκ
3455 1598 3635 1656 ἄλλως

2036 1687 2174 1757 αὐτῇ
2206 1688 2566 1760 προσῆλθενῆ
2593 1693 2737 1744 κατὰ
2767 1689 2954 1759 νόμον.
3000 1690 3123 1742 Τῶν
3162 1691 3218 1744 δὲ
3251 1692 3424 1758 φίλων
3457 1689 3636 1744 αὐτοῦ

2037 1778 2131 1831 τὸν
2157 1777 2258 1849 μέν
2301 1779 2680 1846 Ἡφαιστίωνα
2721 1779 3056 1834 ἐπαινοῦντα
3083 1781 3182 1852 τὴν
3216 1781 3414 1852 στολὴν
3441 1783 3509 1853 ἢν
3541 1784 3667 1834 ἐν·-

2040 1871 2152 1936 ἐδυ,
2185 1870 2280 1923 καὶ
2312 1871 2517 1940 ὁμοίως
2550 1870 2699 1941 αὐτῷ
2725 1873 3271 1943 μεταμφιασάμενον,
3298 1871 3634 1937 Φιλαλέξαν-

2041 1963 2166 2035 δρον
2199 1965 2408 2026 ἐκάλει,
2440 1965 2531 2016 τὸν
2562 1965 2848 2036 Κρατερὸν
2875 1965 2933 2017 δέ
2963 1965 3039 2035 μὴ
3069 1966 3402 2034 παρεξιόντα
3424 1964 3497 2018 τὰ
3524 1966 3640 2019 πά-

2041 2072 2192 2124 τρια,
2223 2053 2617 2108 Φιλοϐασιλέω
2652 2055 2744 2106 καὶ
2776 2055 2837 2106 τὸ
2866 2054 2965 2123 μὲν
2994 2055 3130 2125 πρὸς
3153 2057 3279 2116 τοὺς
3317 2053 3640 2125 βαρϐάρους

2043 2149 2336 2219 ἐκέχρητο,
2382 2147 2469 2200 διὰ
2513 2147 2569 2201 δέ
2599 2145 2692 2200 τοῦ
2747 2148 3036 2217 Κρατεροῦ
3071 2150 3181 2209 τοῖς
3219 2147 3497 2202 Μακεδόσι
3537 2151 3642 2200 καὶ

2043 2243 2158 2302 τοῖς
2189 2239 2452 2306 Ἕλλησιν
2481 2239 2841 2310 ἐχρημάτιζε.
2863 2239 3109 2292 Φιλώταν
3133 2239 3188 2290 δὲ
3223 2239 3313 2291 τὸν
3340 2245 3453 2292 υιδν
3487 2238 3642 2307 Παρ-

355 2329 517 2381 drum
539 2330 952 2385 adolescentem
972 2334 1366 2402 appellantem.
1388 2335 1751 2404 deprehensis
1774 2336 1940 2390 etiam

2052 2332 2312 2403 μενῖωνος
2347 2331 2824 2403 μεγαλαυχούντα,
2861 2331 2937 2396 ὡς
2997 2334 3129 2404 παρ’
3179 2333 3348 2384 αὐτοῦ
3407 2332 3504 2384 καὶ
3536 2331 3638 2383 τοῦ

357 2421 601 2487 insidiis,
629 2424 874 2479 sustulit.
903 2426 1118 2480 Patrem
1140 2442 1358 2496 quoque
1382 2428 1502 2496 ejus
1527 2427 1942 2483 Parmenionem

358 2515 415 2569 in
451 2515 625 2570 Media
655 2516 1022 2570 occidendum
1049 2519 1287 2574 curavit.
1321 2519 1386 2573 Et
1427 2521 1664 2573 amicum
1697 2519 1902 2575 Clitum
1928 2560 1943 2585 ,

360 2623 486 2661 cum
521 2610 576 2663 in
609 2611 867 2665 convivio
907 2621 1160 2680 poemata
1186 2616 1239 2667 in
1263 2613 1435 2668 duces
1455 2614 1723 2684 quosdam
1750 2629 1944 2669 recens

358 2702 541 2756 victos
569 2717 597 2756 a
629 2703 885 2758 barbaris
928 2705 1070 2759 facta
1102 2718 1472 2767 canerentur,
1502 2723 1676 2778 eaque
1708 2707 1942 2762 Alexan-

361 2795 462 2848 der
521 2797 759 2852 libeuter
804 2799 1048 2860 audiret,
1103 2817 1214 2870 pne
1241 2801 1538 2856 insolentia
1579 2811 1634 2855 et
1677 2802 1948 2858 ebrietate

360 2889 726 2959 refragantem
761 2903 814 2947 et
850 2893 1226 2963 indignantem
1266 2907 1318 2946 et
1363 2894 1691 2965 gloriantem
1727 2935 1738 2954 ,
1775 2893 1945 2948 male.

365 2983 625 3054 dictaque
667 2987 1045 3056 ingerentem,
1101 2988 1341 3055 primum
1387 2987 1530 3040 malo
1595 2985 1777 3056 petiit.
1843 2985 1947 3039 Sed

361 3091 488 3130 cum
525 3093 591 3131 ne
614 3079 694 3133 sic
718 3078 942 3148 quidem
973 3079 1328 3148 impudentiae
1346 3088 1400 3134 et
1426 3079 1671 3133 audacia:
1695 3093 1805 3133 suae
1840 3093 1956 3131 mo-

367 3168 502 3223 dum
522 3170 610 3224 ille
633 3180 902 3236 statuens,
929 3170 1469 3240 Euripidisiambum
1505 3188 1520 3223 :

2048 2421 2258 2492 πατρὺς
2305 2420 2474 2475 αὐτοῦ
2527 2421 2637 2479 τῶν
2697 2421 3145 2494 κατορθωμάτων
3179 2423 3506 2491 γινομένων,
3540 2423 3643 2476 καὶ

2049 2516 2336 2589 μειράκιον
2357 2517 2449 2570 τὸν
2481 2517 2833 2588 Ἀλέξανδρον
2855 2517 3216 2588 ὀνομάζοντα,
3244 2514 3365 2570 εἶτα
3395 2518 3491 2570 καὶ
3522 2521 3646 2569 ἐπι-

2045 2609 2375 2664 ϐουλεύοντα
2411 2611 2591 2678 γνοὺς,
2629 2611 2830 2664 ἀνεῖλε.
2886 2609 3113 2680 Πέμψας
3169 2609 3226 2662 δὲ
3259 2609 3337 2672 είς
3399 2609 3645 2678 Μηδίαν,

2046 2703 2143 2756 καὶ
2173 2703 2263 2756 τὸν
2290 2705 2506 2773 πατέρα
2537 2701 2704 2756 αὑτοῦ
2739 2703 2882 2772 (ἐκεῖ
2913 2704 3020 2774 γάρ
3052 2699 3140 2773 ἦν)
3174 2702 3643 2772 προσαπέκτεινε.

2050 2795 2158 2847 Καὶ
2184 2795 2277 2849 τὸν
2320 2795 2551 2848 Κλεῖτον
2600 2795 2654 2847 δὲ
2708 2794 2816 2848 τῶν
2878 2794 3114 2866 ἐταίρων
3167 2794 3264 2848 ἐνα
3301 2796 3648 2862 τυγχάνοντα

2049 2890 2202 2958 παρά
2221 2889 2408 2955 πότον,
2439 2888 2718 2960 ᾀδομένων
2746 2888 3074 2958 ποιημάτων
3107 2887 3189 2948 εἷς
3219 2905 3375 2949 τινας
3405 2903 3649 2957 στρατη-

2049 2983 2182 3050 γοὺς
2235 2981 2624 3050 πεποιημένων
2679 2982 2939 3051 ἔναγχος,
2979 2981 3313 3050 ἡττηθέντας
3350 2981 3454 3032 ὑπὸ
3501 2979 3647 3048 βαρο

2051 3076 2260 3147 ϐἀρων,
2306 3074 2518 3128 καὶτοῦ
2567 3073 2928 3146 Ἀλεξάνδρου
2968 3075 3136 3145 ἡδέως
3186 3075 3368 3127 αὐτῶν
3405 3073 3646 3126 ἀκούον-

2052 3183 2167 3229 τος,
2200 3163 2606 3235 τραχυνόμενον
2642 3165 2737 3217 καὶ
2765 3164 3183 3233 ἀγανακτοῦντα
3233 3167 3326 3216 καὶ
3359 3162 3649 3233 μεγαλαυ-

367 3263 570 3334 χοῦντα
615 3265 719 3317 ύπδ
771 3264 1061 3326 αὐθαδείας
1114 3265 1208 3317 καὶ
1268 3264 1460 3334 μέθης,
1516 3264 1610 3317 καὶ
1643 3263 1762 3316 κατ’
1819 3259 1985 3316 αὑτοῦ
2020 3258 2480 3329 βλασφημούντα,
2545 3258 2762 3328 πρῶτον
2815 3258 2918 3329 μὲν
2969 3256 3126 3328 μήλῳ
3159 3257 3374 3310 ἔϐαλεν.
3431 3258 3554 3308 Ἔτι
3606 3246 3653 3308 δ’

365 3357 786 3424 ἀναιδευόμενόν
811 3373 870 3408 τε
902 3355 996 3408 καὶ
1026 3357 1453 3428 θρασυνόμενον,
1491 3357 1586 3411 καὶ
1619 3355 1688 3408 τὰ
1715 3353 1809 3409 τοῦ
1841 3349 2136 3424 Εὐριπίδου
2171 3350 2396 3422 ἰαμϐεῖα
2425 3351 2660 3419 λέγοντα
2684 3366 2700 3383 ⁸

442 3491 556 3546 Heu
608 3508 766 3561 quam
809 3507 1051 3560 perversa
1111 3491 1438 3546 consuetudo
1477 3489 1696 3546 Gracia:
1735 3492 1858 3545 est!

367 3635 426 3679 et
467 3623 562 3694 qui
608 3633 952 3692 sequuntur,
997 3631 1320 3678 recenseret
1352 3643 1366 3678 :
1398 3623 1510 3679 bile
1557 3625 1954 3681 ell'errescente

372 3715 530 3770 hasta
562 3716 854 3784 trajectum
881 3713 1183 3778 interfecit,
1216 3715 1409 3786 iraque
1443 3731 1569 3771 mox
1601 3717 1802 3787 sopita,
1833 3718 1955 3788 ejus

373 3810 639 3866 facinoris
671 3809 966 3877 pmnitens.
1003 3807 1216 3877 sibiipsi
1249 3824 1448 3863 manus
1483 3811 1786 3876 attulisset,
1844 3813 1951 3866 nisi

373 3919 403 3957 a
431 3902 763 3958 satellitibus
789 3900 1074 3956 cohibitus
1096 3900 1312 3956 fuisset.
1332 3902 1392 3956 ln
1413 3902 1716 3957 thalamum
1748 3903 1951 3967 illatus,

374 4008 495 4048 eam
531 4001 747 4045 noctem
770 3999 827 4044 et
857 4001 1103 4046 secutam
1133 3991 1186 4045 in
1217 3991 1478 4064 lacrymis
1501 3994 1633 4064 egit,
1664 3994 1955 4064 jaeuitque

372 4081 832 4154 Cesperabundus
862 4091 917 4137 et
951 4083 1180 4148 tacitus,
1225 4091 1440 4138 tantum
1479 4084 1805 4154 gravissime
1857 4101 1952 4140 ευ-

375 4179 614 4248 spirans.
641 4176 833 4246 Neque
869 4175 1039 4230 ullius
1059 4176 1220 4230 amici
1251 4177 1559 4231 orationem
1584 4176 1952 4244 admittebat,

376 4271 553 4324 donec
579 4268 904 4324 Aristander
933 4283 1110 4339 augur
1132 4284 1260 4324 eum
1291 4268 1525 4324 visionis
1546 4269 1614 4324 de
1638 4269 1784 4325 Clito
1805 4271 1958 4324 obla—

379 4371 480 4425 tu,
511 4370 567 4416 et
602 4361 668 4416 de
699 4360 981 4416 ominibus
1016 4360 1348 4429 quibusdam
1389 4361 1707 4426 admonuit,
1755 4362 1958 4432 quibus

379 4451 600 4506 fatalem
643 4453 790 4506 illius
829 4451 987 4520 192
1026 4467 1215 4508 casum
1269 4451 1437 4507 fuisse
1483 4453 1768 4524 arguebat.
1818 4453 1956 4510 Tum

382 4542 602 4596 demum
624 4543 773 4596 enim
801 4543 1054 4597 minuere
1080 4543 1289 4596 luctum
1318 4544 1508 4612 coepit.
1533 4544 1956 4614 lmpressionem

385 4639 438 4692 in
467 4637 676 4690 Indiam
714 4638 985 4703 facturus,
1006 4653 1131 4691 cum
1163 4646 1460 4706 apparatos
1487 4653 1687 4692 currus
1713 4641 1956 4704 videret,

384 4731 624 4800 primum
657 4727 771 4781 suis
791 4767 808 4792 ,
841 4726 1043 4780 deinde
1073 4727 1380 4780 amicorum
1413 4724 1618 4794 injecto
1649 4727 1802 4797 igne,
1835 4744 1962 4798 pos-

1979 3468 2026 3531 C
2133 3484 2205 3537 οι
2228 3500 2331 3552 μοι
2353 3485 2486 3538 καθ’
2538 3482 2781 3537 Ἑλλάδ’
2813 3483 2895 3550 ὡς
2931 3482 3125 3548 κακῶς
3165 3484 3469 3552 νομίζεται
3489 3487 3511 3538 .'

2056 3621 2152 3676 καὶ
2180 3620 2248 3674 τά
2292 3620 2481 3683 λοιπά,
2537 3621 2855 3691 ὑπερζέσας
2900 3621 3059 3692 θυμῷ
3091 3625 3118 3675 ὁ
3161 3623 3542 3696 ’Λλέξανδρος,
3569 3626 3655 3680 αέ-

2055 3714 2168 3784 χμῇ
2193 3711 2444 3774 διελάσας
2479 3713 2830 3767 ἀπέκτεινεν.
2854 3712 3060 3765 Λύτίκα
3092 3713 3151 3766 δὲ
3180 3712 3272 3766 τοῦ
3307 3713 3484 3784 θυμοῦ
3516 3733 3656 3768 παυ-

2058 3803 2250 3867 θέντος
2293 3801 2719 3874 μεταμεληθεὶς,
2756 3801 2983 3872 ὥρμησε
3029 3803 3123 3856 καὶ
3157 3803 3350 3856 ἐαυτὸν
3411 3805 3649 3864 ἀνελεῖν,

2056 3894 2327 3966 ἐπεσχέθη
2388 3895 2571 3965 μέντοι
2627 3893 2779 3964 παρά
2816 3894 2924 3946 τῶν
2983 3896 3494 3965 σωματοφυλάκων,
3557 3901 3652 3950 καὶ

2057 3988 2350 4060 εἰσηνέχθη
2381 3987 2518 4059 πρὸς
2573 3987 2840 4057 θάλαμον,
2875 3986 3004 4040 ἔνθα
3037 3989 3134 4058 τὴν
3191 3989 3363 4042 νύκτα
3423 3991 3524 4042 καὶ
3551 3992 3652 4062 τὴν

2061 4081 2182 4154 μετ’
2205 4081 2373 4152 αὐτὴν
2398 4083 2619 4152 ἡμέραν
2649 4082 2704 4132 ἐν
2737 4079 2958 4148 θρήνοις
2991 4080 3294 4150 διαγαγὼν,
3322 4085 3651 4154 ἀπειρηκὼς

2058 4179 2259 4242 ἔκειτο,
2291 4176 2543 4241 ἄναυδος,
2575 4175 2781 4230 στένων
2837 4178 2999 4247 μόνον
3050 4175 3355 4247 βαρύτατα.
3393 4179 3510 4231 Καὶ
3542 4178 3653 4232 τῶν

2060 4269 2232 4340 φίλων
2282 4267 2565 4321 εἰσιόντων
2617 4268 2754 4338 πρδις
2786 4268 2972 4333 αὑτὸν,
3003 4269 3065 4321 οὐ
3099 4269 3356 4339 προσίετο
3399 4270 3528 4334 τοὺς
3563 4272 3654 4324 λό-

2060 4380 2191 4432 γους
2228 4360 2431 4417 αύτῶν.
2471 4360 2861 4432 Ἀριστάνδρου
2927 4360 2984 4413 δὲ
3035 4359 3129 4413 τοῦ
3187 4362 3432 4430 μάντεως
3476 4361 3654 4432 ὂψεως

2061 4455 2222 4508 αὐτὸν
2249 4455 2683 4524 ἀναμνήσαντος,
2718 4453 2788 4524 ἢν
2817 4448 2925 4504 εἶδε
2958 4455 3086 4521 περῖ
3120 4453 3214 4505 τοῦ
3247 4452 3508 4519 κιλείτου,
3565 4453 3655 4507 καί

2059 4563 2222 4599 τινων
2255 4545 2502 4617 σημείων
2533 4544 2728 4615 ἐκείνῳ
2775 4543 3115 4613 γενομένων,
3152 4543 3247 4596 καὶ
3271 4544 3538 4614 εἱμαρτδν
3579 4539 3655 4598 εἷ-

2061 4654 2151 4690 ναι
2177 4637 2237 4690 τὸ
2263 4635 2559 4705 γενόμενον
2614 4635 2888 4702 λέγοντος,
2922 4632 3129 4707 ἧρξατο
3183 4634 3472 4690 ἐνδιδόναι.
3508 4637 3656 4691 Μέλ-

2063 4730 2173 4783 λων
2205 4727 2263 4781 δὲ
2291 4729 2372 4789 εἰς
2398 4727 2496 4799 τὴν
2562 4728 2794 4796 Ἰνδικὴν
2829 4728 3124 4799 ἐμϐάλλειν
3150 4770 3165 4794 ,
3202 4731 3655 4799 συνεσκευασμέ-

385 4831 564 4874 tremo
604 4821 772 4875 etiam
814 4820 1173 4876 Macedonum
1200 4863 1214 4883 ,
1255 4818 1508 4875 comburi
1549 4817 1734 4890 jussit.
1782 4817 1842 4872 ld
1869 4817 1950 4872 fa-

2057 4840 2165 4876 νων
2191 4820 2298 4874 τῶν
2326 4819 2574 4891 άμαξῶν,
2617 4819 2872 4890 πρώταις
2925 4823 3024 4891 μὶν
3053 4824 3173 4882 ταῖς
3211 4822 3444 4884 οἰκείαις
3498 4824 3654 4890 ἐνῆκε

383 4923 534 4967 ctum
580 4913 770 4982 paucis
824 4912 1118 4966 molestum
1171 4910 1294 4967 fuit.
1363 4910 1583 4982 Reliqui
1621 4926 1789 4975 vero,
1835 4926 1960 4966 cum

385 5004 650 5069 clamore,
681 5013 738 5058 et
767 5003 924 5074 quasi
957 5001 1142 5058 alllatu
1172 5003 1410 5072 quodam
1438 5003 1684 5058 numinis
1703 5003 1966 5058 concitati

385 5104 594 5156 essent,
632 5095 1034 5165 profectionem
1063 5095 1332 5166 aggressi,
1358 5095 1734 5150 Alexandrqu
1769 5095 1938 5151 alacri

389 5191 519 5241 tatis
546 5187 613 5241 ad
645 5187 1037 5258 capessendam
1084 5187 1338 5243 militiam
1379 5187 1771 5258 impleverunt.
1827 5188 1966 5244 Cum

388 5295 522 5334 vero
541 5282 650 5352 jam
693 5288 752 5335 et
791 5279 1158 5335 formidabilis
1197 5287 1370 5343 esset,
1417 5293 1482 5334 ac
1513 5278 1970 5348 delinquentibus

391 5373 779 5438 inexorabilis,
815 5373 873 5428 in
908 5375 1082 5429 multa
1107 5373 1353 5445 pericula
1401 5372 1456 5426 in
1500 5372 1707 5442 praeliis
1735 5371 1964 5438 incidit,

389 5475 450 5521 et
478 5465 715 5535 insignia
751 5467 977 5522 vulnera
1011 5467 1249 5537 accepit.
1274 5465 1506 5520 Maxima
1537 5475 1720 5521 tamen
1749 5467 1967 5522 exerci-

393 5557 474 5612 tui
502 5556 779 5627 pernicies
799 5571 832 5612 e
864 5558 1097 5627 penuria
1119 5565 1460 5611 commeatus
1497 5564 1555 5612 et
1595 5555 1739 5610 aeris
1764 5555 1968 5610 intem-

394 5649 549 5718 perie
573 5649 852 5719 provenit.
894 5649 1001 5705 Sed
1047 5650 1166 5720 ipse
1192 5665 1256 5705 ea
1290 5657 1414 5704 erat
1439 5648 1669 5704 audacia
1697 5687 1714 5712 ,
1737 5654 1799 5702 ut
1828 5646 1964 5702 nihil

394 5739 534 5795 viris
553 5741 798 5800 fortibus
829 5743 1105 5802 obsistere
1131 5758 1291 5814 posse
1317 5786 1333 5812 ,
1369 5742 1510 5801 nihil
1537 5741 1754 5814 ignavis
1783 5749 1963 5797 tutum

2061 4914 2193 4986 πῦρ,
2233 4909 2353 4967 εἶτα
2381 4913 2476 4966 καὶ
2505 4914 2626 4974 ταῖς
2655 4913 2764 4965 τῶν
2793 4913 2986 4980 φίλων,
3023 4913 3118 4965 καὶ
3171 4914 3312 4982 μετά
3345 4914 3528 4966 ταῦτα
3565 4913 3657 4967 καὶ

2058 5006 2157 5067 τάς
2185 5005 2290 5059 τῶν
2326 5005 2658 5059 Μακεδόνων
2687 5007 3048 5075 καταπρῆσαι
3078 4997 3358 5058 ἐκέλευσέ.
3394 5005 3574 5059 Τοῦτο
3602 5006 3656 5057 δὲ

2063 5096 2308 5165 γεγονὸς,
2339 5094 2558 5163 ὀλίγους
2585 5095 2685 5164 μὲν
2716 5094 2992 5165 ἐλύπησεν
3015 5111 3028 5125 ⁸
3062 5095 3110 5146 οἱ
3137 5095 3192 5148 δὲ
3215 5094 3401 5147 λοιποὶ
3439 5095 3542 5167 βοῇ
3568 5097 3657 5148 xui.

2068 5188 2448 5261 ἐνθουσιασμῷ
2493 5189 2646 5264 ’,πρὸς
2700 5187 2761 5242 τὸ
2823 5187 2987 5257 ἔργον
3048 5188 3370 5259 ὠρμήκασι,
3421 5190 3522 5241 καὶ¹
3571 5189 3659 5241 τὶν

2078 5280 2428 5352 Ἀλέξανδρον
2463 5280 2772 5351 προθυμίας
2801 5281 2937 5351 πρὸς
2963 5281 3063 5352 τὴν
3096 5281 3394 5350 στρατείαν
3428 5282 3659 5351 ἐνέπλη-

2070 5391 2190 5429 σαν.
2228 5375 2365 5440 Ἤδη
2396 5374 2451 5426 δὲ
2483 5375 2577 5427 καὶ
2611 5375 2839 5444 φοϐερὸς
2861 5370 2950 5445 ἦν,
2986 5377 3080 5428 καὶ
3139 5375 3526 5443 ἀπαραίτητος
3566 5393 3658 5429 κο·

2063 5463 2268 5534 λαστὴς
2295 5465 2404 5516 τῶν
2432 5463 2925 5534 πλημμελούντων.
2967 5466 3160 5519 Πολλοὶ
3215 5466 3317 5536 μὲν
3373 5463 3471 5520 οὖν
3514 5467 3653 5520 κατά

2066 5556 2164 5618 τὰς
2194 5559 2372 5627 μάχας
2416 5557 2567 5628 αὐτῷ
2603 5558 2906 5611 συνέπεσον
2937 5559 3196 5621 κίνδυνοι,
3235 5561 3332 5612 καὶ
3381 5551 3656 5618 νεανικοῖς

2065 5649 2343 5719 ἀπήντησε
2400 5648 2704 5718 τραύμασι.
2738 5650 2852 5720 Τὴν
2885 5650 2942 5703 δέ
2999 5649 3261 5720 πλείστην
3293 5647 3509 5720 φθορὰν
3559 5647 3658 5716 τῆς

2069 5741 2334 5812 στρατιᾶς
2392 5741 2620 5813 ἀπορίαι
2673 5743 2784 5798 τῶν
2843 5744 3162 5812 ἀναγκαίων
3195 5743 3288 5798 καὶ
3323 5739 3657 5814 δυσκρασίαι
