3918 6200
378 341 490 411 355

1679 333 2005 403 JOANNIS
2041 330 2366 402 ΖΟΝΑΜΞ

3564 333 3673 400 356

382 455 552 512 etiam
594 452 731 510 illud
760 452 902 510 fuit:
938 467 1067 508 cum
1093 461 1278 509 vestes
1312 449 1666 521 deposuisset
1696 458 1756 505 ut
1801 465 1975 523 unge-

2080 450 2298 506 ἐπεσον.
2333 449 2573 521 Ἦγγιλη
2604 444 2841 519 δἀύτῷ,
2873 447 2948 513 ὡς
2998 446 3401 519 Ἅπολλόδωρος
3429 449 3460 504 δ
3493 468 3671 522 στρα-

379 554 559 612 retur,
588 553 646 600 et
666 545 780 616 pila
795 543 1041 610 luderet,
1055 543 1467 608 adolescentes,
1495 542 1806 598 collusores
1825 542 1969 613 eius,

375 636 567 707 etipsi
594 648 780 691 vestes
825 633 1077 700 exuturi,
1124 633 1320 688 vident
1363 630 1663 703 quemdam
1709 629 1769 685 in
1821 630 1973 702 regio

377 723 520 779 solio
554 722 717 778 tacite
738 723 1052 786 sedentem.
1088 723 1241 793 regia
1268 732 1422 778 veste
1461 720 1740 787 indutum,
1771 730 1829 776 et
1855 721 1976 776 dia-

258 814 271 827 '
378 813 601 870 demate
642 822 926 871 ornatum.
969 814 1231 882 Quicum
1265 824 1558 885 rogaretur
1611 816 1737 885 quis
1776 815 1974 870 esset?

377 905 474 961 diu
499 905 651 960 nulla
675 921 811 961 voce
832 906 1003 971 edita,
1035 907 1125 962 vix
1150 907 1372 962 tandem
1409 907 1720 977 respondit,
1756 922 1816 962 se
1839 907 1971 962 Dio-

377 997 597 1070 nysium
665 998 874 1064 vocari,
933 1013 1136 1069 genere
1192 999 1546 1063 Messenium,
1591 1008 1649 1055 et
1695 999 1973 1069 captivum

376 1090 677 1146 adductum
702 1106 826 1147 esse
855 1102 1081 1162 propter
1117 1092 1336 1164 objecta
1378 1092 1615 1148 crimina
1639 1109 1653 1147 :
1680 1091 1778 1149 sed
1806 1092 1975 1148 Sera-

378 1186 565 1257 pidem
593 1186 699 1242 sibi
740 1186 963 1242 vincula
992 1187 1245 1252 solvisse,
1271 1197 1330 1243 et
1356 1187 1466 1243 huc
1499 1188 1830 1258 perductum
1851 1187 1974 1258 jus-

385 1278 552 1344 sisse,
609 1287 762 1333 veste
805 1288 862 1333 et
902 1278 1221 1334 diademate
1263 1278 1522 1349 sumptis,
1560 1279 1727 1333 tacite
1760 1278 1972 1334 sedere.

387 1375 469 1429 Eo
502 1375 730 1430 homine
762 1373 1076 1429 Alexander
1118 1374 1186 1429 de
1209 1385 1398 1430 vatum
1435 1373 1671 1429 consilio
1712 1389 1743 1429 e
1791 1374 1975 1429 medio

385 1466 628 1531 sublato,
674 1483 820 1538 aeger
886 1469 1097 1532 animo,
1153 1467 1428 1523 sollicitus
1483 1476 1544 1523 et
1592 1467 1973 1538 perturbatus,

382 1558 524 1613 nihil
586 1575 697 1612 non
750 1559 804 1612 in
854 1574 1017 1614 omen
1066 1559 1343 1614 vertebat.
1405 1559 1583 1614 Lotus
1624 1559 1694 1613 ad
1740 1559 1973 1614 Mediam

381 1662 755 1705 comessatum
801 1652 964 1718 abiit,
1019 1650 1213 1721 ibique
1259 1652 1515 1706 noctein
1575 1652 1792 1722 poculis
1830 1662 1974 1718 acta,

383 1744 654 1814 postridie
713 1745 1036 1799 febricitare
1078 1744 1268 1814 C(Bpit.
1331 1744 1583 1815 Cumque
1614 1746 1976 1802 vehementer

382 1835 590 1899 sitiret,
623 1836 825 1891 hausto
857 1837 985 1890 vino
1032 1835 1397 1898 phreneticus
1442 1836 1703 1892 decessit.
1739 1836 1974 1903 Quidam
2010 1825 2051 1880 Β

378 1927 550 1995 igitur
578 1927 684 1982 hoc
714 1926 880 1981 modo
905 1942 1031 1982 eum
1054 1927 1261 1983 obiisse
1290 1929 1534 1983 tradunt.
1577 1928 1684 1982 Alii
1726 1943 1975 1994 narrant,

378 2033 505 2073 cum
533 2018 654 2074 dies
679 2020 868 2089 plures
893 2019 1291 2085 febricitasset,
1334 2020 1554 2086 lavisse,
1582 2021 1771 2092 itaque
1814 2034 1977 2077 aucto

380 2112 578 2167 inorbo
603 2122 815 2166 mutum
840 2113 1105 2182 jacuisse.
1161 2112 1493 2169 Macedones
1521 2129 1682 2179 vero,
1717 2122 1975 2184 tanquam

377 2220 448 2260 eo
475 2214 696 2260 mortuo
711 2206 1067 2275 perturbatos
1082 2205 1412 2261 vociferatos
1434 2219 1558 2260 esse
1575 2215 1769 2260 contra
1785 2207 1976 2270 duces,

382 2299 564 2353 donec
586 2296 802 2368 apertis
832 2297 1047 2353 foribus
1063 2296 1438 2352 Alexandrum
1461 2298 1517 2351 in
1547 2298 1692 2353 lecto
1709 2297 1977 2356 iacentem

379 2391 628 2446 viderint
653 2394 779 2463 :qui
806 2401 921 2448 tum
939 2393 1163 2447 demum
1190 2391 1515 2447 decesserit.
1537 2390 1773 2459 Quidam
1821 2393 1979 2446 aiunt

381 2492 569 2553 postea
590 2499 869 2539 rumorem
895 2483 1185 2540 exstitisse
1203 2497 1423 2538 veneno
1443 2483 1803 2550 exstinctum,
1825 2483 1976 2554 quod

379 2590 546 2630 suasu
572 2586 625 2629 et
643 2576 863 2647 ingenio
878 2576 1195 2632 Aristotelis
1207 2574 1417 2646 pararit
1432 2574 1741 2645 Antipater.
1759 2575 1975 2645 Aquam

382 2680 568 2722 autem
593 2684 714 2724 esse
729 2669 965 2738 gelidam
982 2678 1035 2724 et
1064 2669 1347 2740 glacialem
1374 2682 1406 2723 e
1431 2676 1586 2739 petra
1636 2666 1974 2733 Nonacrina,

392 2762 578 2816 tenuis
601 2762 740 2816 roris
769 2762 944 2817 instar
958 2761 1357 2827 exundantem,
1384 2775 1548 2833 quam
1591 2761 1792 2832 ungula
1834 2761 1977 2817 asini

380 2855 679 2924 excipiant.
710 2856 899 2926 Neque
924 2855 1076 2910 enim
1109 2856 1220 2910 ullo
1239 2855 1350 2911 alio
1370 2869 1501 2910 vase
1520 2854 1820 2921 contineri,
1839 2854 1976 2924 quin

380 2947 683 3019 frigiditate
703 2957 760 3003 et
775 2948 1080 3003 acrimonia
1110 2949 1228 3019 ejus
1251 2956 1564 3017 rumpatur.
1590 2945 1698 3002 Sed
1725 2947 1976 3016 plerique

386 3040 493 3095 hoc
556 3051 615 3094 ut
674 3039 1119 3095 rommentitium
1189 3038 1496 3093 refellunt:
1555 3037 1764 3092 indicio
1815 3037 1975 3107 197

390 3147 517 3188 esse
569 3133 716 3202 quod
773 3134 1011 3188 cadaver
1061 3132 1206 3201 ejus,
1244 3145 1371 3184 cum
1413 3129 1532 3184 dies
1570 3127 1885 3198 complures
1913 3128 1975 3180 in

382 3225 736 3281 lociscalitlis
758 3226 1070 3296 neglectum
1098 3224 1334 3295 jaceret,
1368 3221 1607 3277 ducibus
1655 3222 1800 3275 inter
1849 3234 1974 3274 sese

384 3320 717 3382 rixantibus,
743 3320 951 3372 nullam
983 3317 1181 3372 veneni
1209 3324 1394 3371 notam
1418 3315 1702 3380 habuerit,
1735 3312 1834 3369 sed
1874 3328 1977 3382 pu-

384 3424 508 3463 rum
532 3407 815 3473 manserit,
849 3408 1008 3479 quasi
1049 3421 1245 3461 recens
1259 3416 1430 3462 esset.
1457 3405 1679 3469 Fertur,
1711 3418 1839 3459 cum
1890 3403 1974 3457 in-

385 3508 533 3555 stare
572 3497 678 3553 sibi
723 3513 915 3554 necem
940 3498 1427 3563 animadverteret,
1456 3495 1697 3551 voluisse
1727 3495 1868 3550 clam
1917 3510 1976 3550 se

387 3593 446 3647 in
472 3591 812 3660 Euphratem
849 3590 1196 3662 demergere,
1225 3601 1288 3645 ut
1311 3604 1344 3645 e
1375 3598 1681 3659 conspectu
1722 3589 1977 3643 sublatus

389 3686 706 3758 opinionem
736 3686 967 3742 aderret
1003 3685 1347 3750 hominibus,
1386 3699 1468 3751 se,
1506 3693 1565 3739 ut
1608 3683 1718 3740 diis
1755 3683 1978 3755 genitus

395 3791 566 3846 esset,
599 3781 674 3835 ita
702 3780 771 3835 ad
802 3779 938 3836 deos
965 3779 1220 3842 rediisse,
1285 3778 1383 3834 sed
1425 3792 1552 3834 cum
1579 3777 1979 3843 Roxane,con-

389 3872 516 3927 silio
540 3872 662 3943 eius
684 3872 931 3943 cognito,
964 3869 1300 3935 obstitisset,
1332 3883 1459 3925 cum
1486 3868 1695 3939 gemitu
1717 3868 1924 3924 dixisse
1961 3887 1976 3922 :

388 3966 597 4022 Invide:
633 3968 782 4032 mihi,
817 3964 1363 4035 mulier,tdiviuitatis
1395 3964 1625 4037 gloriam
1664 3974 1717 4020 et
1762 3965 1986 4019 immor-

389 4058 642 4114 talitatis.
669 4058 762 4115 Sic
790 4058 1103 4113 Alexander
1157 4057 1228 4114 ad
1271 4065 1487 4113 tantum
1542 4056 1786 4114 fortunae
1831 4056 1988 4112 fasti—

387 4176 534 4245 gium
569 4187 816 4239 evectus,
836 4174 1096 4230 decessit.

2074 543 2244 614 τηγδς
2272 541 2616 605 Βαϐυλῶνος,
2634 541 2725 611 εἴη
2745 542 2879 612 περὶ
2909 540 3079 595 αὐτοῦ
3111 540 3319 603 θύσας·
3358 541 3456 596 τοῦ
3489 542 3550 596 δὲ
3573 544 3673 596 θύ⁸

2075 652 2273 700 σαντος
2296 635 2568 704 μάντεως,
2596 634 2657 695 ὃς
2689 633 3023 704 Πυθαγόρας
3042 634 3357 704 ὠνόμαστο,
3385 634 3463 708 μὴ
3494 638 3673 707 ἄρνη-

2076 729 2339 800 σαμένου,
2374 726 2634 799 ἠρώτησε
2665 727 2760 781 τὸν
2797 727 3003 799 τρόπον
3027 726 3124 780 τοῦ
3160 726 3434 798 θύματος.
3472 729 3586 782 τ’σῦ
3608 728 3673 782 δὲ

2075 822 2369 890 φήσαντος,
2432 819 2628 873 ἄλοϐον
2696 815 2839 871 εἶναι
2886 818 2949 871 τὸ
2978 811 3163 891 ἧπαρ,
3199 820 3425 884 nam},
3486 818 3671 886 εἶπεν,

2075 914 2339 985 ἰσχυρὸν
2365 913 2434 968 τὸ
2456 913 2730 984 σημεῖον.
2770 914 2880 967 Καὶ
2902 913 2994 966 τδν
3028 914 3228 985 μάντιν
3261 914 3439 968 ἀθῶον
3455 914 3667 986 ἀφῆκε.

2076 1010 2288 1081 Σημεῖα
2324 1009 2371 1063 δ’
2406 1007 2559 1079 αὐτῷ
2585 1009 2681 1062 καὶ
2710 1007 2850 1062 ἄλλα
2874 1008 3159 1075 γεγόνασι,
3214 1008 3309 1062 καὶ
3346 1009 3511 1063 τοῦτο
3561 1010 3624 1063 δέ
3649 1024 3667 1040 ·

2075 1099 2495 1169 ἀποδυσαμένου
2528 1099 2640 1169 γὰρ
2668 1098 2807 1169 πρὸς
2865 1098 3113 1170 ἄλειμμα
3163 1100 3261 1152 καὶ
3291 1103 3534 1170 σφαῖραν
3566 1101 3671 1154 αὑο

2076 1192 2193 1255 τοῦ,
2218 1192 2268 1245 οί
2291 1191 2566 1244 νεανίσκοι
2596 1191 2645 1243 oi
2676 1189 3063 1262 σφαιρίζοντες
3112 1191 3402 1246 ὲῖιδύεσθαι
3436 1184 3671 1261 μέλλονο

2075 1308 2188 1354 τες,
2224 1290 2397 1362 ὁρῶσί
2427 1308 2550 1344 τινα
2572 1292 2631 1343 εν
2663 1289 2742 1362 τῷ
2779 1290 2876 1342 τοῦ
2908 1289 3180 1360 βασιλέως
3209 1287 3389 1359 θρόνῳ
3418 1285 3677 1355 καθήμε-

2077 1402 2164 1440 νον
2187 1387 2391 1455 σιωπῇ,
2425 1383 2780 1454 ἐνδεδυμένον
2825 1386 2927 1452 τὴν
2972 1382 3172 1453 στολὴν
3221 1382 3323 1450 τὴν
3366 1380 3670 1449 βασίλειον,

2077 1480 2172 1529 καί
2204 1477 2265 1527 τδ
2287 1475 2528 1546 διάδημα
2580 1474 3001 1547 περικείμενον.
3063 1475 3162 1535 ἾΟς
3216 1471 3669 1540 ἀνακρινόμενος,

2077 1568 2227 1629 ὅστις
2256 1568 2366 1636 εἴη,
2402 1567 2497 1619 ἐπὶ
2542 1565 2680 1619 πολὺ
2713 1565 2812 1634 μὲν
2847 1566 3059 1632 ἄφωνος
3108 1560 3200 1635 ἦν,
3262 1563 3415 1633 μόλις
3446 1564 3504 1615 δέ
3538 1580 3672 1615 ποτε

2078 1660 2356 1724 Διονύσιος
2407 1660 2511 1730 ἔφη
2563 1660 2875 1724 καλεῖσθαι,
2909 1659 2970 1712 τὸ
2998 1658 3055 1711 δὲ
3091 1659 3253 1727 γένος
3274 1650 3414 1710 εἶναι
3446 1658 3674 1722 Μεσσή-

2078 1769 2212 1816 νιος,
2237 1751 2459 1823 δέσμιος
2491 1752 2539 1805 δ’
2569 1752 2803 1822 ἀχθῆναι
2831 1752 2919 1804 διὰ
2952 1749 3312 1820 κατηγορίαν,
3347 1747 3512 1801 λῦσαι
3539 1749 3598 1799 δὲ
3620 1750 3670 1801 οἱ

2078 1844 2173 1899 τὸν
2200 1845 2448 1915 Σάραπιν
2466 1843 2538 1897 τὰ
2575 1844 2755 1915 δισμά
2777 1860 2793 1875 ο
2823 1843 2919 1896 καὶ
2953 1842 3236 1911 ἀγαγόντα
3263 1839 3447 1909 δεῦρο,
3473 1838 3673 1891 κελεύ·

2080 1955 2173 1992 σαι
2195 1936 2297 2004 τὴν
2321 1937 2519 2008 στολὴν
2542 1936 2641 1991 καὶ
2664 1938 2726 1990 τὸ
2747 1936 2992 2006 διάδημα
3016 1932 3367 2005 περιθέσθαι,
3404 1933 3501 1985 καὶ
3528 1932 3673 1983 καθ.

2079 2028 2300 2096 ἐζεσθαι
2337 2030 2544 2100 σιωπῇ.
2618 2029 2725 2082 Τὸν
2763 2029 2863 2099 μὲν
2909 2024 3004 2080 οὖν
3035 2026 3326 2095 ἄνθρωπον
3355 2027 3385 2078 ό
3414 2026 3673 2091 Ἀλεξιν-

2077 2123 2224 2196 δρος,
2251 2124 2327 2189 ὡς
2358 2125 2407 2177 οἱ
2443 2123 2670 2195 μάντεις
2707 2121 3021 2188 ύπετίθουν,
3053 2121 3354 2190 ἠφάνισεν·
3406 2119 3574 2184 αὐτὸς
3612 2120 3671 2173 δὲ

2078 2215 2302 2285 ὴθύμει,
2327 2215 2425 2268 καὶ
2447 2212 2709 2284 περιδεὴς
2738 2212 2832 2266 καὶ
2853 2212 3146 2283 ταραχώδη
3154 2229 3181 2273 ς
3223 2211 3546 2279 γενόμενος.
3578 2210 3668 2263 ού-

2077 2305 2167 2359 δὲν
2204 2301 2274 2375 ἦν
2300 2304 2330 2358 ὃ
2381 2303 2458 2375 μὴ
2505 2306 2670 2374 τέρας
2722 2302 3008 2373 πεποίητο.
3056 2303 3411 2370 Λουσάμενος
3453 2300 3539 2365 δὲ,
3575 2302 3668 2355 καί

2080 2398 2219 2468 πρὸς
2251 2396 2466 2467 Μηδίαν
2522 2395 2819 2467 πορευθεὶς
2878 2395 3299 2464 κωμασόμενος,
3359 2395 3527 2446 κάκεῖ
3566 2392 3675 2464 τὴν

2078 2490 2249 2544 νύκτα
2270 2487 2550 2559 διαγαγὼν
2580 2490 2640 2542 ὲν
2669 2488 2747 2559 τῷ
2774 2487 2953 2558 κόμῳ,
2990 2490 3086 2540 καὶ
3119 2486 3218 2556 τὴν
3239 2486 3507 2540 ἐπιοῦσαν
3532 2487 3671 2556 ἠμέ-

2080 2602 2202 2655 ραν,
2232 2582 2440 2653 ἧρξατο
2471 2581 2792 2653 πυρέσσειν,
2853 2580 3143 2651 Πυρέττων
3175 2580 3231 2633 δὲ
3286 2580 3380 2633 καὶ
3428 2579 3670 2649 δπῷήσας

2079 2676 2349 2748 σφοδρῶς,
2386 2677 2541 2728 ἔπιεν
2585 2671 2752 2740 οἶνον,
2809 2675 2905 2728 καὶ
2956 2677 3325 2745 φρενητιασας
3367 2673 3665 2727 ἀπέθανεν.

2078 2764 2173 2831 Εἷς
2211 2769 2310 2839 μὲν
2340 2767 2435 2821 οὖν
2484 2770 2513 2820 ό
2550 2767 2655 2837 τῆς
2688 2767 2905 2820 ἐκείνου
2963 2765 3224 2835 τελευτῆς
3268 2765 3429 2832 λόγος
3486 2758 3666 2823 οὗτος.

2080 2862 2306 2931 Ἕτερος
2330 2859 2376 2913 δ’
2406 2858 2543 2929 εχει,
2578 2858 2667 2928 itp'
2689 2858 2907 2929 ἡμέρας
2938 2856 3106 2910 αὑτὸν
3130 2856 3421 2928 πυρέττειν
3445 2854 3671 2917 πλείους

2078 2954 2172 3007 καὶ
2202 2953 2477 3017 λούεσθαι,
2507 2951 2654 3006 οὕτω
2687 2951 2745 3005 δὲ
2802 2949 3218 3022 κραταιωθῆναι
3273 2948 3367 3001 τὸν
3403 2947 3668 3017 πυρετδν,

2077 3047 2154 3108 ὡς
2207 3047 2423 3116 ἄφωνον
2478 3045 2694 3098 κεῖσθαι
2767 3045 2931 3097 αὐτόν
2957 3061 2972 3077 ο
3028 3045 3156 3104 τοὺς
3223 3042 3280 3094 δὲ
3340 3040 3671 3095 Μακεδόνας

2005 3172 2047 3229 c
2080 3137 2429 3209 θορυϐεῖσθαι
2488 3136 2566 3200 ὡς
2639 3135 2898 3198 θανόντος
2974 3133 3165 3195 αὐτοῦ,
3220 3133 3319 3186 καὶ
3386 3131 3673 3203 κατασοᾷν

2079 3233 2189 3285 τῶν
2251 3231 2576 3303 ἡγεμόνων,
2639 3229 2745 3290 ἓως
2830 3230 3015 3292 αὐτοῖς
3072 3228 3128 3281 αί
3190 3224 3352 3297 θύραι
3410 3223 3676 3295 ἠνοίχθη·

2083 3341 2201 3391 σαν,
2266 3327 2362 3377 καὶ
2411 3326 2502 3377 τὸν
2576 3321 2940 3393 Ἀλέξανδρον
2990 3324 3048 3373 ὲν
3113 3322 3179 3390 τῇ
3252 3318 3411 3388 κλίνῃ
3482 3318 3675 3371 κατεῖ-

2078 3417 2192 3482 δον,
2247 3419 2343 3470 καὶ
2379 3414 2529 3485 μετα
2560 3414 2735 3469 ταῦτα
2794 3414 3033 3481 ἐξέλιπε.
3065 3413 3205 3466 (tesi
3230 3412 3289 3465 δέ
3345 3428 3496 3474 τινες
3538 3427 3673 3480 μετα

2082 3510 2278 3562 ἔπειτα
2308 3509 2468 3577 λόγον
2494 3506 2776 3575 γενέσθαι,
2795 3508 2868 3569 ὡς
2898 3507 3002 3558 ύπὺ
3021 3505 3318 3576 ςαρμὰκου
3347 3502 3670 3571 διέφθαρτο,

2077 3600 2296 3655 καὶτὸν
2342 3598 2697 3670 Ἀριστοτέλη
2762 3596 3109 3664 Ἀντιπάτρῳ
3160 3595 3472 3664 σύμϐουλον
3519 3592 3676 3660 vavi-

2077 3696 2204 3748 σθαι
2256 3693 2355 3763 τῆς
2406 3692 2685 3763 πράξεως,
2745 3693 2839 3744 καὶ
2865 3690 2934 3743 δι’
2974 3689 3186 3741 ἐκείνου
3243 3686 3585 3757 κομισθῆναι
3610 3684 3676 3737 τὸ

2078 3789 2389 3857 φάρμακον.
2423 3785 2498 3839 Τὸ
2527 3786 2587 3839 δὲ
2642 3784 2789 3856 ὕδωρ
2822 3781 2962 3836 εἶναι
2992 3783 3202 3852 ψυχρὸν
3233 3781 3330 3833 καὶ
3350 3778 3671 3846 παγετῶδες

2078 3881 2191 3933 ἀπὸ
2228 3879 2434 3951 πέτρας
2492 3878 2638 3942 τινὸς
2700 3883 2757 3932 ἐν
2808 3876 3123 3946 Νωνακρίδι
3161 3873 3353 3942 οὔσης,
3398 3871 3428 3924 δ
3476 3875 3673 3942 δρόσον

2081 3972 2273 4043 ὥσπερ
2298 3971 2504 4042 λεπτὴν
2526 3971 3033 4041 ἀναλαμΰάνοντες,
3059 3970 3142 4031 εἰς
3170 3967 3294 4020 δνου
3326 3964 3505 4036 χηλὴν
3532 3964 3674 4017 dm-

2080 4065 2363 4119 τίθενται’
2411 4065 2568 4119 οὐδὲν
2613 4063 2722 4134 γὰρ
2758 4064 2950 4132 ἕτερον
3006 4062 3231 4130 ἀγγεῖον
3292 4060 3483 4127 στέγει
3513 4055 3671 4119 αὐτὸ,

2084 4159 2201 4213 ἀλλ’
2240 4160 2345 4212 ὑπὸ
2394 4159 2741 4229 ψυχρότητος
2773 4158 2872 4211 καὶ
2915 4155 3251 4225 δριμύτητος
3288 4153 3669 4208 διακόπτεται.

387 4269 451 4320 Ui
477 4268 534 4321 δὲ
562 4269 787 4332 πλείους
826 4265 1141 4319 πεπλάσθαι
1174 4264 1333 4336 φασὶ,
1364 4262 1445 4335 τῷ
1504 4261 1784 4335 φαρμάκῳ
1823 4259 2008 4315 θανεῖν
2035 4261 2130 4313 τὸν
2174 4254 2545 4325 Ἀλέξανδρον,
2576 4251 2670 4305 καὶ
2699 4248 2857 4302 τοῦτο
2882 4248 3313 4320 τεκμηριούνται
3363 4248 3428 4298 ὲκ
3483 4245 3582 4299 τοῦ
3611 4246 3672 4299 τὸ

390 4360 549 4430 σῶμα
598 4359 683 4430 ἐφ’
707 4360 922 4430 ἡμέρας
951 4358 1203 4422 πλείονας
1242 4357 1503 4426 κείμενον
1532 4357 1591 4409 ὲν
1615 4352 1806 4417 τόποις
1871 4352 2099 4424 θερμοῖς
2165 4348 2536 4421 ἀτημέλητον,
2598 4344 2708 4399 τῶν
2738 4344 3028 4414 ἡγεμόνων
3061 4344 3195 4412 πρὸς
3216 4339 3484 4413 ἀλλήλους
3539 4357 3672 4393 στα-

390 4456 715 4515 σιασάιντων,
778 4448 948 4518 μηδὲν
995 4448 1240 4518 ἐμφῆναι
1293 4446 1557 4517 τοιαύτης
1608 4444 1819 4515 φθορᾶς
1873 4447 2123 4512 σημεῖον.
2192 4442 2330 4495 ἀλλὰ
2396 4439 2641 4510 καθαρὸν
2669 4436 2965 4504 διαμεῖναι,
3031 4440 3124 4488 καί
3169 4434 3350 4486 δοκεῖν
3411 4433 3670 4501 πρόσφα-

388 4560 502 4597 τον.
552 4544 790 4612 Λέγεται
818 4543 897 4607 δὲ,
934 4542 1012 4606 ὡς
1046 4541 1213 4610 γνοὺς
1246 4542 1349 4612 ήδη
1392 4542 1671 4593 ἐκλείπειν
1699 4538 1849 4607 αὐτῷ
1905 4539 1966 4590 τὸ
2011 4537 2295 4606 βιώσιμον,
2366 4535 2646 4605 ἠδουλήθη
2703 4534 2761 4595 ἐς
2821 4530 2916 4583 τὸν
2971 4527 3267 4597 Εὐφράτην
3307 4529 3671 4581 καταποντῶ-

393 4650 486 4687 σαι
505 4635 770 4704 λαθρηδδν
794 4633 1115 4698 ἑαυτδν,ῖνα
1135 4637 1429 4703 γενόμενος
1452 4633 1687 4702 ἀφανὴς,
1708 4633 1971 4701 παράσχῃ
1995 4629 2156 4693 δόξαν
2214 4630 2290 4693 ὡς
2350 4630 2431 4692 είς
2468 4629 2625 4689 θεοὺς
2689 4623 3079 4696 μετελήλυθεν,
3136 4622 3196 4685 ἐξ
3228 4622 3457 4675 ἐκείνων
3513 4621 3670 4691 γενό·

394 4744 574 4798 μενος.
619 4727 682 4784 ’Β
715 4727 773 4779 δι
805 4726 1050 4797 Ῥωξάνη
1081 4726 1242 4779 τοῦτο
1264 4724 1495 4792 γνοῦσα,
1518 4722 1705 4795 εἶργεν
1738 4723 1889 4792 αὐτῷ
1939 4724 2001 4774 τὸ
2036 4724 2375 4793 ἐγχείρημα.
2439 4721 2502 4776 '0
2528 4720 2585 4773 δὲ
2646 4719 2765 4789 μετ’
2798 4719 3048 4788 οίμωγῆς
3077 4717 3204 4789 ἔφη,
3255 4718 3332 4781 ὡς
3379 4718 3672 4786 Ἑςςθόνη-

389 4840 507 4890 σας
536 4822 669 4891 ἄρα,
707 4821 907 4889 γύναι,
940 4835 1043 4888 μοι
1081 4817 1267 4884 δόξης
1299 4816 1402 4870 τοῦ
1442 4814 1757 4883 θεωθῆναι,
1792 4814 1887 4867 καὶ
1926 4813 2013 4883 μὴ
2055 4814 2301 4879 ﬂat-air;
2346 4813 2407 4866 '0
2475 4813 2575 4884 μὲν
2604 4808 2696 4866 οὖν
2759 4809 3109 4881 Ἀλέξανδρος
3155 4810 3330 4870 οὕτως
3390 4811 3475 4875 εἰς
3528 4815 3672 4884 μέγα

389 4913 559 4984 τύχης
594 4909 909 4981 προαχθεὶς,
934 4905 1190 4975 ὲτελεύτη
1200 4923 1309 4959 σεν.
2490 4912 2501 4939 ι

461 5005 577 5060 ιν.
613 5004 712 5059 llic
747 5018 915 5074 porro
944 5001 1076 5056 dum
1109 4999 1314 5073 Tyrum
1350 4999 1667 5066 obsidebat,
1702 5016 1803 5072 per
1823 5000 1974 5057 litte-

2152 4997 2254 5053 lE'.
2283 4998 2414 5050 Ὅτε
2453 4995 2508 5048 δὲ
2542 4995 2642 5067 τὴν
2675 4992 2853 5063 Τύρον
2875 4991 3209 5061 ἐπολιόρκει,
3249 4992 3570 5059 ἐπιστείλας
3592 4994 3670 5066 τῷ

396 5115 486 5154 ras
514 5115 542 5152 a
570 5097 834 5166 pontiﬁce
864 5094 1179 5150 Judaeorutn
1209 5093 1392 5164 petiit,
1425 5092 1628 5147 auxilia
1666 5092 1773 5148 sibi
1807 5094 1973 5158 mitti,

2077 5094 2184 5147 τῶν
2221 5090 2493 5145 Ἰουδαίων
2521 5089 2793 5159 ἀρχιερεῖ,
2817 5085 2972 5155 ἠξίου
2998 5086 3319 5157 συμμαχίαν
3339 5088 3497 5160 αύτῷ
3528 5090 3672 5159 πέμ-

392 5202 448 5247 ct
477 5191 655 5245 lorum
687 5187 918 5259 praeberi
954 5186 1250 5249 exercitui,
1312 5184 1530 5254 sibique
1565 5199 1630 5239 ea
1658 5184 1801 5250 dari,
1854 5200 1976 5256 quae

395 5284 673 5356 pensitare
702 5278 863 5334 Dario
900 5278 1047 5332 soliti
1070 5287 1279 5331 essent.
1309 5274 1448 5330 Cum
1485 5284 1671 5330 autem
1722 5277 1968 5346 pontifex

394 5374 455 5434 se
497 5374 863 5449 jurejurando
933 5370 1267 5425 obstrictum
1319 5384 1442 5423 esse
1499 5368 1685 5434 Dario,
1708 5384 1777 5423 ne
1824 5384 1975 5423 arma

394 5483 587 5527 contra
645 5470 797 5523 illum
858 5465 1054 5526 ferret,
1109 5464 1361 5525 dixisset,
1417 5461 1583 5532 idque
1628 5461 1851 5517 vivente
1882 5462 1977 5517 illo

395 5562 729 5618 violaturum
761 5567 1062 5630 negasset:
1118 5553 1431 5611 Alexander
1464 5553 1662 5620 iratus,
1715 5569 1775 5609 se
1834 5555 1976 5609 bello

400 5655 698 5725 petiturum
771 5651 1150 5722 Hierosolyma
1209 5646 1619 5710 comminatur,
1709 5656 1979 5717 captaque

412 5743 562 5814 l‘yro,
592 5755 781 5800 contra
816 5745 1010 5800 urbem
1042 5739 1434 5809 proﬁciscitur.
1459 5739 1530 5794 At
1563 5738 1809 5810 pontifex
1847 5740 1976 5796 Joa-

424 5851 499 5890 us
528 5837 598 5893 ob
630 5839 775 5907 regis
799 5839 935 5912 iram
957 5836 1176 5904 anxius,
1204 5834 1377 5890 Deum
1413 5838 1556 5901 orat,
1587 5847 1658 5887 ne
1710 5834 1975 5904 populum

2076 5203 2221 5250 πειν,
2260 5184 2353 5239 καὶ
2389 5182 2597 5254 ἀγορὰν
2639 5180 2718 5251 τῷ
2746 5180 3142 5251 στρατεύματι,
3179 5180 3272 5234 καὶ
3317 5181 3422 5235 ὅσα
3451 5183 3669 5253 Δαρείῳ

2077 5276 2490 5348 ὲδασμοφόρουν
2539 5271 2690 5343 αὐτῷ
2726 5271 2956 5326 διδόναι.
2996 5270 3105 5324 Τοῦ
3145 5266 3209 5324 δὲ’
3227 5271 3540 5343 ἀρχιερέως
3570 5274 3669 5343 ὄρ-

2078 5388 2208 5426 κους
2237 5369 2449 5441 Δαρείῳ
2491 5368 2676 5420 δοῦναι
2717 5367 3015 5436 φήσαντος,
3064 5365 3140 5436 μὴ
3182 5360 3316 5436 ἆραι
3348 5367 3476 5419 κατ’
3499 5364 3669 5421 αὐτού

2076 5464 2237 5525 ὅπλα,
2263 5462 2360 5516 καὶ
2377 5460 2600 5523 τούτους
2625 5459 2825 5523 ζῶντος
2848 5458 3079 5528 Δαρείου
3110 5458 3185 5529 μὴ
3210 5458 3668 5529 παραδήσεσθαιο

2075 5556 2307 5628 όργίσθη
2331 5554 2702 5623 Ἀλέξανδρος,
2746 5552 2841 5605 καὶ
2865 5552 3136 5623 ἠπείλησε
3169 5551 3503 5623 στρατεύειν
3524 5549 3670 5607 κατὰ

2076 5652 2173 5721 τῆς
2207 5649 2495 5702 Ἰουδαίαη.
2541 5648 2605 5699 Ἀ
2619 5662 2704 5716 ρτι
2737 5645 2795 5698 δὲ
2822 5646 2922 5716 τὴν
2947 5645 3127 5715 Τύρον
3156 5643 3546 5717 παρειληφὼς,
3575 5644 3672 5698 ἐπὶ

2078 5745 2145 5797 τὰ
2181 5742 2532 5810 Ἰεροσόλυμα
2577 5739 2861 5809 ὥρμησεν.
2907 5738 2970 5790 '0
3001 5737 3060 5790 δὲ
3087 5737 3382 5808 ἀρχιερεὺς
3407 5737 3571 5791 Ὶωὰδ
3610 5738 3672 5788 ἑν

2080 5834 2290 5905 ἀγωνίᾳ
2345 5828 2412 5904 ἦν
2450 5831 2538 5885 διὰ
2570 5832 2669 5903 τὴν
2731 5830 2828 5885 τοῦ
2884 5829 3148 5909 βασιλέως
3205 5827 3399 5901 ὀργὴν,
3434 5831 3532 5885 καὶ
3569 5826 3669 5882 τοῦ
