3868 6198
343 311 443 373 367
1617 304 1937 368 JOAN'NIS

2039 305 2298 368 )ΝΑΒᾸ⁴1

3496 315 3592 377 368

346 431 521 482 εἰκοσι
580 421 679 492 τῆς
727 422 986 495 εὐτυχίας
1020 421 1228 490 ταύτης
1268 418 1575 489 ἀπήλαυσε.
1628 419 1851 485 Γυναιξὶ
1910 417 1968 473 δὲ
2009 418 2158 475 δυεῖν
2217 419 2570 490 συνοικήσας,
2630 418 2694 472 ἐκ
2728 419 2826 489 μὲν
2880 420 2978 492 τῆς
3022 423 3150 491 μιᾶς
3201 424 3395 489 παῖδας
3457 428 3600 498 ἔσχεν

344 532 508 589 air-:1,
543 527 608 577 ἐκ
644 521 703 574 δὲ
726 521 823 592 τῆς
850 519 1047 590 λοιπῆς
1073 518 1171 570 ἕνα
1339 513 1384 566 δ’
1419 512 1562 584 αὕτη
1592 513 1930 583 ἀδελφόπαις
1969 514 2194 580 αὐτοῦ),
2237 509 2381 589 ᾗπερ
2407 514 2579 576 οὕτως
2612 513 2920 585 συνῴκησε.

412 620 598 677 XVIII.
649 617 786 673 Cum
826 610 1221 668 saltatriculam
1274 608 1572 680 quamdam
1626 607 1927 678 deperiret,

2105 608 2213 663 IH’.
2261 608 2650 680 Ὀρχηστρίδος
2688 608 2907 678 ἠράσθη
2944 608 3114 674 τινὸς,
3159 610 3257 663 καὶ
3294 610 3374 679 τῷ
3409 615 3603 683 ταύτης

345 729 509 787 atque
543 710 711 767 animi
738 703 1117 777 aegritudinem
1165 700 1322 755 l‘ratri
1368 699 1708 770 aperuisset;
1744 697 1832 752 ille
1866 710 1925 751 se

345 807 552 866 amoris
578 803 889 858 ministrum
915 797 1032 853 fore
1050 794 1353 867 pollicitus,
1376 801 1542 847 noctu
1575 792 1741 845 tiliam
1767 799 1924 844 snam

347 906 413 960 ad
460 914 587 956 eum
620 894 871 951 deduxit.
906 892 1027 958 Quo
1062 890 1264 959 saepius
1308 887 1453 940 facto
1476 925 1490 949 ,
1535 893 1701 954 atque
1740 898 1929 937 amore

348 1004 534 1053 aucto,
567 1000 884 1063 arcanoque
914 981 1136 1053 cognito
1159 1020 1175 1045 ,
1207 977 1396 1034 l’ratris
1429 976 1597 1031 ﬁliam
1643 974 1931 1029 matrimo-

350 1090 442 1144 nio
472 1084 578 1139 sibi
603 1080 808 1154 junxit,
839 1093 904 1132 ex
923 1088 1099 1145 eaque
1123 1071 1296 1127 ﬁlium
1330 1070 1640 1141 Hyrcanum
1665 1066 1930 1136 suscepit.

349 1179 455 1246 Qui
482 1189 655 1231 annos
691 1167 956 1227 tredecim
984 1174 1169 1229 natus,
1209 1169 1266 1218 ct
1296 1160 1647 1232 prudentiam
1685 1168 1742 1213 et
1787 1155 1933 1211 acri-

352 1271 592 1327 moniam
642 1280 796 1321 suam
837 1256 1255 1316 demonstravit.
1292 1254 1428 1311 Nam
1477 1254 1676 1307 missus
1706 1266 1736 1305 a
1779 1258 1934 1321 patre

352 1551 430 1605 ris
464 1560 574 1602 non
608 1539 851 1610 acceptis
881 1553 896 1592 :
928 1550 1052 1589 cum
1094 1530 1319 1587 bulbuci
1354 1529 1735 1587 hortarentur,
1782 1531 1934 1579 utea

349 1658 451 1714 per
483 1636 741 1693 nuntium
786 1649 818 1686 a
847 1637 1001 1701 patre
1037 1632 1283 1696 peteret,
1317 1635 1512 1677 eorum
1558 1617 1793 1674 consilio
1825 1630 1933 1670 non

350 1711 648 1805 acquievit,
667 1725 762 1783 sed
794 1741 828 1778 ι
855 1724 1024 1779 boum
1049 1719 1197 1791 jugis
1226 1714 1544 1781 immolatis,
1567 1726 1763 1767 carnes
1790 1711 1935 1765 inter

350 1826 637 1901 operarios
678 1817 986 1882 distribuit,
1033 1824 1090 1870 et
1139 1811 1456 1885 tergoribus
1485 1806 1724 1863 concisis
1765 1804 1935 1859 boves

349 1896 594 1991 alligavit
637 1933 651 1970 :
687 1923 855 1982 atque
882 1909 960 1963 ita
991 1921 1161 1978 opere
1205 1903 1460 1961 conlecto
1486 1900 1711 1955 domum
1746 1896 1930 1952 rediit.

2031 696 2271 769 ἔκαμνεν
2298 697 2485 769 ἔρωτι.
2518 698 2734 770 Μηνύει
2775 699 2834 752 δὲ
2871 702 2932 752 τὸ
2974 698 3148 764 πάθος
3176 701 3253 770 τῷ
3294 703 3514 775 ἀδελφῷ
3534 722 3547 737 ·
3579 707 3605 759 6

2030 792 2089 846 δὲ
2120 792 2556 863 διακονήσασθαί
2587 794 2635 845 oi
2673 793 2811 862 πρὸς
2856 793 2951 846 τὸν
2988 792 3168 863 ἔρωτα
3203 795 3600 863 ἐπηγγείλατο·

2031 884 2127 935 καὶ
2158 882 2355 947 νυκτὸς
2406 882 2506 954 τὴν
2539 882 2737 938 ἑαυτοῦ
2769 883 3051 954 θυγατέρα
3085 885 3223 956 πρὸς
3261 887 3352 940 τὸν
3385 889 3605 958 ἀδελφὸν

2031 973 2258 1043 ἀγαγὼν
2303 975 2721 1043 συγκατέκλινε.
2759 977 2871 1030 Καὶ
2901 979 3092 1031 τούτου
3135 982 3436 1047 γενομένου
3481 983 3609 1034 πολ-

2031 1063 2212 1129 λάκις,
2246 1065 2354 1136 ῆρα
2388 1065 2772 1137 σφοδρότερον.
2794 1065 2902 1119 Τοῦ
2931 1068 2988 1121 δὲ
3018 1068 3254 1137 ἀδελφοῦ
3284 1068 3343 1122 τὸ
3376 1086 3612 1140 κεκρυμ-

2036 1159 2196 1230 μένον
2241 1158 2391 1230 αύτῷ
2433 1158 2876 1231 φανερώσαντος,
2916 1159 3201 1231 συνῴκησε
3233 1165 3300 1233 τῇ
3332 1162 3607 1232 ἀδελφιδῇ,

2034 1250 2127 1304 καὶ
2164 1249 2225 1315 ἐξ
2251 1251 2423 1318 αὐτῆς
2463 1251 2580 1305 υίὸν
2609 1251 2790 1328 ἔσχεν,
2840 1251 3111 1324 Ὑρκανὸν
3149 1254 3393 1317 καλέσας
3425 1255 3610 1310 αὐτόν.

1888 1336 1934 1392 i-
2033 1343 2402 1413 Τρισκαίδεκα
2429 1344 2487 1398 δέ
2524 1344 2769 1413 γεγονὼς
2803 1345 2943 1399 ἐτῶν
2971 1341 3150 1411 οὗτος,
3179 1346 3282 1418 τήν
3305 1363 3366 1400 τε
3395 1345 3614 1401 advectu:

1913 1460 1938 1473 -
2034 1436 2247 1490 ἐδείκνυ
2290 1438 2384 1492 καὶ
2414 1438 2514 1510 τὴν
2553 1439 2888 1511 ἐντρέχειαν.
2944 1441 3082 1502 Aab;
3113 1441 3223 1511 γὰρ
3251 1439 3403 1512 αὐτῷ
3439 1443 3468 1493 6
3506 1457 3614 1494 πασ-

2033 1529 2139 1599 τὴρ
2184 1527 2355 1600 ζεύγη
2406 1528 2548 1600 βοῶν
2599 1532 2912 1602 τριακόσια,
2945 1533 3256 1604 ἐξέπεμψεν
3305 1536 3386 1597 είς
3428 1532 3612 1605 χώραν

2033 1621 2180 1675 δυεῖν
2205 1623 2442 1693 ἡμέραιν
2495 1624 2828 1696 ἀπέχουσαν,
2888 1625 2990 1699 τὴν
3052 1628 3158 1698 γῆν
3217 1626 3610 1698 ἐργασόμενον,

2033 1716 2160 1777 τοὺς
2188 1717 2203 1768 ί
2213 1716 2419 1786 μάντας
2441 1715 2551 1772 τῶν
2576 1716 2759 1784 ζυγῶν
2784 1719 3257 1789 παρακατασχὼν.
3274 1719 3335 1772 '0
3354 1719 3437 1784 δὲ,
3462 1718 3616 1785 γενό-

2039 1826 2199 1879 μενος
2240 1810 2394 1873 ἐκεῖ,
2445 1811 2543 1863 καὶ
2589 1811 2665 1881 μὴ
2703 1809 2845 1880 ἔχων
2879 1811 3135 1881 ἱμάντας,
3184 1809 3294 1865 τῶν
3334 1809 3618 1882 βοηλατῶν

2037 1902 2280 1957 στέλλειν
2319 1901 2457 1974 πρὸς
2488 1902 2583 1955 τὸν
2618 1903 2836 1974 πατέρα
2879 1904 3007 1968 τοὺς
3049 1905 3375 1976 αἰτήσοντας
3415 1904 3619 1969 αὐτοὺς

350 2020 419 2072 At
447 1982 603 2084 pater
629 2022 750 2064 eam
769 2002 1124 2060 calliditatem
1148 1998 1478 2061 admiratus,
1504 1994 1659 2049 illum
1688 2005 1801 2062 prae
1825 2004 1930 2044 cae-

2039 1996 2145 2050 δείν
2178 1993 2473 2063 λεγόντων,
2504 1998 2571 2065 τῇ
2617 1996 2717 2066 μὲν
2749 1997 2975 2050 ἐκείνων
3004 1997 3283 2068 συμϐουλῇ
3339 1997 3400 2049 οὐ
3444 2013 3619 2067 προσ·

351 2081 487 2163 teris
517 2100 667 2166 ﬁliis,
708 2112 853 2168 aegre
881 2095 934 2152 id
967 2092 1307 2155 ferentibus,
1346 2097 1402 2144 et
1436 2086 1641 2142 amavit
1668 2093 1722 2139 cl
1748 2081 1933 2155 magni

352 2199 503 2256 fecit.
549 2196 691 2252 Nato
728 2198 913 2245 autem
953 2186 1067 2241 tilio
1119 2184 1436 2243 Ptolemaeo,
1474 2179 1755 2250 principes
1805 2190 1933 2247 pro.

352 2291 662 2346 vinciarum
711 2284 791 2338 illi
848 2279 1163 2352 parentium
1216 2273 1601 2330 Alexandriam
1659 2271 1814 2324 ibant
1865 2267 1932 2322 ad

353 2383 513 2455 203
561 2377 870 2435 natalitiutn
916 2374 1117 2428 festum
1185 2366 1599 2423 celebrandum.
1662 2361 1935 2433 Iosephus

352 2449 538 2528 autem
569 2467 642 2523 ob
676 2473 894 2522 aatatcm
938 2460 1162 2525 tardus,
1206 2456 1445 2527 aliquem
1474 2470 1541 2509 ex
1574 2452 1700 2507 liliis
1743 2466 1810 2505 eo
1855 2449 1933 2504 ire

348 2560 597 2634 iubebat.
629 2553 858 2613 Caeteris
895 2560 1078 2607 autem
1116 2544 1526 2610 recusantibus,
1560 2543 1844 2614 Hyrcanus
1876 2552 1935 2594 se

355 2631 561 2709 iturum
602 2647 821 2718 recipit,
851 2660 915 2700 ac
944 2642 1082 2715 patri
1115 2651 1309 2695 auctor
1336 2645 1442 2703 est,
1476 2651 1544 2691 ne
1572 2647 1799 2688 munera
1838 2631 1935 2686 illo

357 2748 555 2808 mittat,
586 2740 683 2797 sed
711 2733 1083 2794 Alexandrino
1107 2727 1457 2802 procuratori
1490 2725 1719 2789 scribat,
1754 2732 1814 2777 ut
1834 2737 1935 2776 an-

356 2855 479 2896 rum
503 2835 610 2893 sibi
634 2833 749 2895 det,
770 2844 881 2901 quo
908 2838 1138 2882 munera
1161 2832 1460 2893 comparet.
1490 2819 1606 2882 llle,
1626 2815 1936 2872 collaudato

355 2932 452 2989 ﬁlii
508 2926 768 2988 consilio,
816 2917 1165 2993 procuratori
1208 2913 1434 2977 scribit,
1470 2911 1568 2983 qui
1599 2924 1708 2965 non
1752 2907 1938 2963 minus

356 3025 534 3081 tribus
581 3017 829 3075 millibus
873 3014 1139 3069 talentum
1193 3005 1661 3065 administrabat,
1734 3008 1796 3056 ut
1843 2999 1935 3055 det

356 3118 468 3173 lilio
505 3123 775 3187 quantum
803 3108 854 3165 ei
898 3121 1040 3178 opus
1069 3104 1165 3160 sit.
1194 3101 1381 3173 Neque
1416 3113 1550 3154 vero
1584 3095 1814 3168 putabat
1850 3092 1937 3146 ul-

2034 2087 2400 2158 έσχεν,αὺτὸς
2421 2086 2477 2140 δὲ
2509 2086 2647 2142 δέκα
2669 2086 2841 2159 ζεύγη
2871 2089 3210 2152 καταθύσας,
3244 2088 3314 2143 τά
3348 2089 3452 2160 μὲν
3480 2089 3620 2160 κρέα

2033 2185 2145 2246 τοῖς
2192 2182 2458 2251 ἐργάταις
2506 2181 2773 2252 διένειμε,
2826 2183 2929 2245 τὰς
2977 2183 3036 2236 δὲ
3076 2183 3239 2254 δορὰς
3287 2184 3620 2255 κατατεμὼν

2032 2275 2246 2338 τούτοις
2277 2274 2579 2347 προσέδησε
2608 2277 2736 2338 τοὺς
2765 2275 2988 2345 ζυγοὺς,
3016 2275 3111 2330 καὶ
3146 2277 3293 2331 οὕτω
3324 2277 3425 2346 τὴν
3449 2282 3619 2348 ἐργα-

2037 2372 2160 2426 σίαν
2200 2372 2437 2441 ποιήσας
2486 2371 2908 2443 ἐπανελήλυθεν.
2956 2373 3017 2428 ’0
3045 2374 3103 2428 δὲ
3129 2374 3335 2445 πατὴρ,
3361 2373 3465 2445 τὴν
3500 2374 3624 2427 ἐπί-

2034 2481 2185 2519 νοιαν
2231 2463 2400 2518 αὐτοῦ
2446 2464 2632 2533 γνοὺς,
2665 2466 2760 2518 καὶ
2798 2464 3116 2536 ἐθαύμασεν
3149 2467 3317 2521 aut?»
3342 2468 3441 2521 καὶ
3484 2466 3626 2539 ἠγά-

2036 2572 2202 2625 πησε,
2244 2556 2473 2611 καὶιτῶν
2504 2556 2681 2612 ἄλλων
2715 2559 2988 2630 προετίμα
3020 2560 3178 2613 υἱῶνο
3203 2561 3251 2613 οί
3276 2559 3336 2613 δὲ
3364 2559 3620 2631 ἤχθοντο.

2035 2646 2127 2717 Τῷ
2151 2647 2206 2701 δέ
2241 2649 2571 2719 Πτολεμαίῳ
2602 2648 2964 2720 γεννηθέντος
3003 2650 3145 2717 υίοΰ,
3184 2652 3234 2704 oi
3266 2651 3479 2723 πρῶτοι
3511 2652 3625 2707 τῶν

2036 2738 2130 2793 ὑπ’
2162 2740 2325 2793 αὑτὸν
2373 2741 2571 2811 χωρῶν
2613 2740 2894 2812 ἑώρταζον
2936 2742 3007 2797 τά
3047 2743 3321 2812 γενέθλια,
3363 2743 3626 2808 ἀπιόντες

2035 2834 2119 2896 είς
2158 2832 2613 2899 ι’Δλεζάνδρειαν.
2676 2835 2878 2907 Ἰωσὴφ
2911 2834 2990 2902 δέ,
3038 2835 3118 2906 τῷ
3167 2836 3314 2908 γήρᾳ
3358 2835 3627 2907 δυσκόμιο

2038 2941 2162 2989 στος
2198 2925 2313 2997 (50)
2346 2927 2610 2995 γεγονὼς,
2655 2928 2766 2981 τῶν
2799 2929 3009 2982 παίδων
3050 2929 3150 2984 ἕνα
3203 2930 3323 2983 ἐκεῖ
3358 2929 3625 2984 ἀπελθεῖν

2036 3019 2433 3089 προετρέπετο.
2457 3017 2580 3073 Τῶν
2604 3019 2660 3073 δέ
2699 3021 3092 3092 πρεσϐυτέρων
3130 3024 3623 3095 παραιτουμένων,

2035 3114 2065 3167 6
2112 3112 2382 3183 Ὑρκανὸς
2426 3114 2694 3167 κατέθετο
2749 3114 3034 3183 ἀπελθεῖν,
3082 3116 3179 3169 καὶ
3229 3115 3625 3171 συνεϐούλευσε

356 3222 440 3268 tra
469 3226 503 3264 ι
534 3208 734 3263 talenta
768 3203 1069 3274 petiturum
1112 3196 1178 3252 ad
1210 3210 1442 3251 munera
1479 3191 1593 3261 regi
1629 3188 1934 3245 oll'erenda.

356 3304 413 3310 _.-
704 3299 736 3310 ,.
824 3296 903 3310 .-..
982 3295 1024 3310 ι-
1104 3287 1480 3310 ιι--ᾼ..,ι..ε-...
1524 3293 1686 3310 -..ηιμ
1739 3280 1935 3310 -.ὶιζηιιῖ

2041 3202 2120 3310 τῷ
2177 3202 2348 3310 πατρὶ
2507 3204 2766 3306 ’πέμπειν
2816 3206 3047 3262 αὐτόθεν
3072 3206 3221 3282 δῶρα
3266 3207 3348 3278 τῷ
3385 3208 3623 3279 βασιλεῖ,

356 3304 476 3365 lllo.
526 3299 770 3369 acceptis
823 3295 1050 3359 litteris,
1092 3287 1482 3346 Alexandriam
1521 3293 1709 3348 eunte,
1739 3280 1937 3352 reliqui

2042 3293 2344 3346 ἐπιστεῖλαι
2375 3291 2433 3347 δὲ
2464 3293 2543 3364 τῷ
2572 3296 2633 3347 ἐν
2678 3296 3060 3370 Ἀλεξανδρείᾳ
3114 3277 3393 3372 οίκονόμῳ
3439 3318 3629 3373 παρα-

356 3392 583 3465 Josephi
618 3388 778 3445 liberi
819 3384 1065 3457 paternis
1095 3381 1289 3437 amicis
1318 3378 1602 3443 scribunt,
1639 3384 1701 3431 ut
1735 3375 1942 3446 Hyrca-

355 3463 498 3541 num
522 3499 620 3556 per
646 3478 877 3535 insidias
906 3473 1140 3531 e‘inedio
1166 3471 1383 3526 tollant.
1411 3466 1517 3523 Sed
1556 3482 1695 3537 puer
1723 3463 1939 3519 reddita

356 3571 703 3649 procuratori
731 3566 987 3640 cpistola,
1016 3571 1152 3635 quot
1188 3559 1409 3617 talentis
1444 3573 1585 3630 opus
1616 3565 1798 3619 esset,
1846 3569 1941 3608 ro-

355 3647 537 3740 iratus,
572 3681 696 3721 cum
733 3661 882 3717 mille
904 3658 1173 3731 petiisset,
1212 3670 1276 3710 ac
1305 3669 1340 3708 χ
1370 3662 1581 3708 tantum
1609 3647 1936 3718 accepisset,

357 3763 537 3817 iratus
557 3758 835 3814 hominem
864 3754 919 3808 in
942 3750 1162 3807 vincula
1186 3746 1429 3817 conjicit.
1463 3742 1792 3798 Ptolemaeus
1806 3753 1940 3794 vero

358 3855 511 3909 misit
559 3851 625 3908 ad
680 3864 833 3911 eum,
879 3859 1049 3916 seque
1099 3839 1289 3897 mirari
1336 3836 1494 3901 dixit,
1547 3850 1647 3890 cur
1693 3833 1750 3888 in
1804 3846 1941 3887 con-

355 3958 606 4019 spectum
629 3958 791 4000 81111111
818 3954 930 3995 non
965 3936 1229 3999 venisset,
1275 3946 1340 3988 ac
1362 3939 1654 4002 paternum
1676 3939 1941 3995 procura-

357 4056 531 4099 torem
569 4034 881 4095 vinxisset?
922 4032 1019 4088 lllo
1056 4026 1466 4100 respondente,
1517 4037 1577 4078 se
1605 4020 1798 4076 venire
1836 4032 1941 4073 no-

354 4136 523 4189 luisse
553 4132 732 4187 donec
766 4139 998 4182 munera
1033 4126 1287 4193 parasset
1307 4161 1320 4183 ,
1351 4131 1418 4171 ac
1447 4129 1670 4170 servum
1699 4112 1772 4166 ob
1800 4126 1938 4165 con-

354 4224 652 4283 tumaciam
696 4220 959 4277 multasse
1005 4234 1019 4271 :
1066 4213 1189 4269 risit
1229 4226 1348 4275 rex,
1376 4206 1537 4279 pueri
1576 4201 1940 4276 magnanimi-

355 4329 525 4375 tatem
573 4315 898 4372 admiratus.
952 4307 1252 4365 Enimvero
1294 4308 1642 4375 procurator,
1683 4310 1810 4352 cum
1856 4294 1940 4348 in-

356 4411 636 4480 telligeret
666 4422 829 4478 opem
862 4402 969 4460 sibi
995 4400 1129 4458 ferri
1169 4415 1200 4453 a
1234 4397 1477 4463 nemine,
1505 4392 1651 4449 datis
1678 4390 1828 4446 mille
1853 4397 1937 4443 ta-

356 4505 543 4563 lentis.
568 4500 810 4555 vinculis
840 4497 1132 4552 liberatur.
1156 4491 1441 4565 llyrcanus
1461 4496 1646 4543 autem
1676 4501 1706 4541 c
1731 4495 1937 4555 pueros

2042 3387 2193 3455 σχεῖν
2235 3385 2387 3456 αὑτῷ
2455 3387 2698 3458 χρυσίον,
2745 3389 2837 3443 ἵνα
2865 3390 2934 3443 δι’
2965 3390 3134 3444 αὐτοῦ
3170 3392 3401 3463 πρίηται
3451 3394 3625 3466 δῶρα.

2051 3476 2112 3529 '0
2155 3477 2235 3542 δέ,
2272 3477 2366 3533 τὸν
2408 3479 2526 3534 υίδν
2569 3481 2866 3544 ἐπαινέσας
2907 3482 3010 3554 τῆς
3043 3484 3379 3555 συμϐουλῆς,
3417 3487 3627 3557 γράφει

2039 3566 2119 3637 τῷ
2156 3568 2450 3641 οἰκονόμῳ,
2487 3572 2599 3627 τῶν
2645 3574 2705 3625 ἐν
2757 3573 3143 3648 ’Λλεξανδρείᾳ
3178 3581 3485 3649 χρημάτων
3521 3581 3625 3634 οὐκ

2039 3658 2340 3715 ἐλαττόνων
2385 3662 2559 3718 ὄντων
2604 3665 2929 3737 τρισχιλίων
2984 3668 3290 3736 ταλάντων,
3323 3670 3510 3726 δοῦναι
3545 3670 3628 3743 τῷ

2042 3750 2142 3821 υἱῷ
2185 3752 2444 3824 χρήματα
2488 3754 2634 3809 ὅσων
2681 3756 2747 3811 ἂν
2791 3758 2984 3831 δεηθῇ,
3039 3760 3270 3826 ἐλπίσας
3326 3763 3404 3834 μὴ
3453 3763 3630 3817 πλείω

2041 3843 2174 3898 δέκα
2211 3844 2434 3901 ἔσεσθαι
2458 3848 2744 3904 ταλάντων
2774 3852 2875 3927 τὴν
2905 3851 3000 3906 ἐπὶ
3032 3856 3100 3925 τῇ
3137 3853 3319 3927 δωρεᾷ
3345 3854 3444 3909 τοῦ
3473 3856 3632 3927 βασις

2040 3938 2179 4002 λέως
2201 3938 2472 4011 δαπάνην.
2526 3941 2722 3997 Λαϐὼν
2747 3926 2842 3998 οὖν
2867 3942 2967 4017 τὴν
2994 3947 3291 4020 ἐπιστολὴν
3330 3926 3624 4020 Ὑρκανὸς,

2040 4031 2209 4103 ἀπῄει
2237 4031 2377 4103 πρὸς
2414 4031 2851 4106 Ἀλεξάνδρειαν·
2891 4038 2940 4090 oi
2978 4037 3038 4092 δέ
3074 4037 3255 4093 λοιποὶ
3282 4039 3379 4094 τοῦ
3421 4041 3626 4112 Ἰωσὴφ

2043 4123 2234 4186 παῖδες
2264 4123 2539 4193 γράφουσι
2575 4128 2689 4190 τοῖς
2715 4130 3007 4201 πατρικοῖς
3027 4129 3269 4200 ἑταίροις
3309 4129 3629 4184 ἐπιϐουλεῦ·

2045 4232 2135 4269 σαι
2167 4214 2247 4284 τῷ
2290 4215 2566 4287 Ὑρκανῷ,
2619 4219 2714 4274 καὶ
2746 4218 3059 4291 διαφθεῖραι
3100 4222 3287 4276 αὐτόν.
3328 4220 3628 4293 Γενόμενος

2041 4306 2086 4359 δ’
2113 4309 2170 4361 ἐν
2215 4307 2620 4380 Ἀλεξανδρεία,
2674 4311 2776 4382 τὴν
2823 4313 3122 4384 ἐπιστολὴν
3158 4313 3253 4367 τοῦ
3300 4314 3510 4383 πατρὸς
3546 4312 3629 4382 τῷ

2043 4399 2314 4471 οἰκονόμῳ
2345 4400 2624 4455 ἐπέδωκεν
2649 4417 2661 4432 ·
2704 4405 2733 4456 ὁ
2762 4402 2819 4457 δὲ
2858 4405 3027 4476 ἦρετο
3066 4404 3252 4457 πόσων
3286 4405 3483 4475 χρῄζει
3527 4420 3629 4455 τα-

2044 4493 2275 4560 λάντων,
2330 4499 2425 4548 καὶ
2472 4494 2552 4560 ὃς,
2604 4495 2843 4550 Χιλίων·
2888 4499 2917 4551 6
2957 4496 3305 4569 δ’σίκονόμος
3349 4500 3412 4551 οὐ
3462 4494 3631 4549 πλείω

357 4590 775 4650 robustissimos
812 4598 869 4643 et
902 4587 1214 4642 litterarum
1255 4596 1453 4652 gnaros
1489 4579 1696 4634 talento
1743 4575 1936 4645 singu-

2044 4585 2176 4638 δέκα
2221 4589 2522 4660 παρεῖχεν
2553 4588 2835 4659 ὀργισθεὶς
2865 4589 2923 4643 δέ
2949 4589 2979 4641 6
3015 4593 3167 4659 παῖς,
3212 4593 3306 4646 τὸν
3342 4592 3629 4661 οίκοόμςν

359 4688 446 4742 les
469 4684 627 4744 emit,
661 4690 715 4737 et
751 4680 980 4736 totidem
1012 4675 1255 4746 virgines
1285 4672 1576 4728 tantidem.
1601 4668 1740 4724 Aliis
1774 4666 1943 4734 igitur

365 4780 505 4832 dena
531 4775 732 4829 talenta
767 4771 886 4843 regi
918 4765 1307 4829 offerentibus,
1344 4764 1414 4821 iis
1440 4777 1574 4819 vero
1598 4761 1693 4831 qui
1723 4757 1947 4814 muniti-

360 4866 636 4923 centiores
664 4877 786 4919 esse
810 4859 1128 4922 studebant,
1162 4855 1352 4912 vicena
1383 4870 1493 4910 non
1524 4848 1901 4923 supergressis
1926 4867 1940 4903 :

358 4961 645 5033 Hyrcanus
677 4969 881 5027 pueros
905 4963 963 5010 et
1009 4950 1251 5022 virgines
1281 4948 1395 5020 regi
1424 4955 1482 5003 et
1504 4945 1809 5016 Cleopatrae
1839 4942 1942 4997 ob-

358 5054 506 5114 tulit,
553 5064 790 5122 quorum
838 5047 1075 5119 quilibet
1124 5042 1343 5115 singula
1391 5041 1597 5096 talenta
1651 5036 1940 5094 afferrent.

358 5145 545 5220 Regiis
583 5160 748 5217 porro
798 5141 991 5198 amicis
1023 5150 1078 5195 et
1109 5136 1379 5194 ministris
1423 5134 1721 5189 multorum
1767 5133 1946 5187 talen-

357 5246 473 5298 tum
507 5253 740 5296 munera
784 5235 958 5293 dedit.
989 5233 1318 5290 Ptolemaeus
1357 5239 1543 5284 autem
1584 5242 1814 5298 puerum
1846 5226 1943 5281 ad.

354 5337 605 5397 miratus,
631 5334 884 5387 hortatus
905 5337 1009 5392 est,
1033 5336 1095 5383 ut
1125 5333 1341 5397 peteret
1380 5337 1500 5394 qum
1534 5321 1716 5377 vellet.
1742 5321 1792 5377 Is
1814 5334 1947 5375 vero

355 5445 465 5486 non
518 5427 668 5484 aliud
717 5424 899 5498 petiit,
930 5421 1037 5476 nisi
1087 5429 1149 5475 ut
1190 5418 1335 5489 patri
1381 5425 1439 5472 et
1478 5414 1746 5471 fratribus
1785 5414 1855 5470 de
1885 5427 1947 5468 se

358 5522 647 5577 scriberet.
678 5521 736 5576 ld
767 5517 897 5576 fecit
925 5513 1276 5580 Ptolemaeus,
1300 5524 1540 5580 eumque
1561 5507 1820 5579 regaliter
1844 5505 1947 5561 do-

2047 4677 2340 4748 ἐδέσμησε.
2373 4679 2485 4733 Καὶ
2513 4680 2543 4733 6
2587 4680 2947 4752 Πτολεμαῖος,
2987 4684 3205 4749 στείλας
3241 4685 3379 4755 πρὸς
3421 4685 3631 4755 ’Υρκα-

2048 4770 2161 4834 νὸν,
2196 4770 2504 4841 θαυμάζειν
2528 4772 2705 4840 ἔλεγε,
2742 4774 2859 4838 πῶς
2886 4775 3009 4829 οὕτε
3030 4776 3187 4846 ὤφθη
3213 4778 3384 4848 αὐτῷ,
3417 4782 3508 4831 καὶ
3529 4791 3555 4829 τ

2049 4859 2144 4913 τοῦ
2200 4862 2410 4933 πατρὸς
2467 4862 2656 4935 ἔδησεν
2728 4867 3042 4937 οἰκονόμον.
3095 4870 3156 4922 Ὀ
3207 4868 3266 4922 δέ
3322 4869 3397 4940 μὴ
3450 4868 3632 4921 ἐλθεῖν

2050 4948 2179 5022 ἔφη,
2225 4955 2537 5025 περιμένων
2569 4957 2860 5027 ἑτοιμάσαι
2899 4961 2971 5014 τὰ
3021 4960 3173 5032 δῶρα
3192 4978 3206 4991 ο
3236 4963 3331 5015 τὸν
3357 4963 3411 5016 δέ
3441 4960 3630 5015 δοῦλον

2050 5044 2304 5112 κολάσαι,
2343 5040 2427 5109 οἷς
2466 5048 2733 5116 ἐπέταξεν
2776 5050 3194 5120 ἀπειθήσανταο
3228 5052 3317 5105 sta
3371 5050 3536 5106 ταῦτα
3598 5051 3632 5102 δ

2045 5133 2303 5206 βασιλεὺς
2342 5136 2436 5190 καὶ
2488 5139 2743 5207 ἐγέλασε,
2778 5143 2872 5195 καὶ
2904 5142 3004 5211 τὴν
3033 5141 3130 5195 τοῦ
3160 5142 3351 5206 παιδὸς
3392 5141 3631 5213 μεγαὶο-

2047 5225 2324 5298 φροσύνην
2368 5227 2705 5300 ἐθαύμασεν.
2771 5228 2832 5289 '0
2886 5232 2944 5286 δὲ
3000 5233 3205 5305 Ἀρίων
3252 5236 3282 5288 6
3316 5232 3625 5301 οἰκονόμος.

2046 5320 2207 5388 γνοὺς
2238 5319 2314 5383 ὡς
2342 5320 2445 5374 οὐκ
2478 5320 2631 5376 ἐστιν
2661 5324 2810 5395 αὐτῷ
2843 5326 3062 5396 ἀρωγὴ,
3084 5324 3210 5389 δοὺς
3249 5326 3320 5379 τὰ
3349 5324 3489 5396 χίλια
3514 5322 3628 5372 τάο

2054 5412 2247 5480 λαντα,
2297 5413 2407 5468 τῶν
2452 5414 2670 5487 δεσμῶν
2715 5418 2904 5491 ἐλύθη.
2941 5419 3001 5474 Ὀ
3041 5419 3388 5492 Ὑρκανὸςδὲ
3425 5414 3633 5479 παῖδας

2047 5507 2246 5561 ἑκατὸν
2288 5507 2696 5579 ἀκμαιοτάτους
2740 5515 2836 5570 καὶ
2870 5514 3182 5589 γράμματα
3210 5514 3418 5577 είδότας
3462 5510 3625 5580 ὠνή-

1234 5736 1239 5739 ,
1550 5671 1752 5736 Variis
1781 5670 2089 5737 lectiones
2135 5682 2197 5737 et
2230 5682 2421 5739 notae.

440 5774 550 5841 ('50)
577 5778 1012 5848 Δυσκόμιστος.
1067 5776 1291 5835 Phrasis
1350 5773 1557 5832 nostris
1608 5774 1831 5842 usitata,
1860 5776 1952 5845 qui
1992 5774 2201 5831 n‘esloit
2237 5791 2334 5847 pas
2357 5776 2599 5848 portalif.
