3918 6200
316 261 430 323 369

1566 265 1976 329 ANNALIUM
2010 265 2157 326 LIB.
2208 265 2305 327 IV.

3494 266 3599 327 3‘36

320 396 480 437 σατο.
531 376 804 433 ταλάντου
836 379 1142 450 πριάμενος
1168 378 1421 444 ἕκαστον,
1465 381 1562 435 καί⁸
1596 381 1912 454 παρθένους

2017 390 2204 436 natum
2243 375 2537 450 ablegavit.
2585 377 2805 433 Fratres
2849 393 2985 433 vero
3024 379 3246 448 cognito
3291 379 3600 437 honoriﬁm

323 473 597 537 τοσαύτας
626 473 984 527 ἰσοταλάντου
1009 475 1196 545 τιμῆς.
1214 474 1337 528 Τῶν
1372 474 1504 542 γοῦν
1531 474 1712 531 ἀλλων
1732 476 1914 531 ἀπάν-

315 583 431 618 των
475 565 586 619 τῶν
633 566 736 635 μὲν
779 566 887 622 ἀνά
924 566 1058 620 δέκα
1091 566 1333 622 τάλαντα
1387 570 1782 636 προσαγόντων
1833 567 1913 639 τῷ

318 657 559 726 βασιλεῖ,
606 657 720 712 τῶν
766 658 826 711 δὲ
868 659 1046 726 μείζω
1075 660 1440 730 δωρουμένων
1495 661 1598 730 οὐχ
1632 660 1910 731 ὑπερσάνρ

316 767 432 803 των
475 751 546 803 τά
595 751 826 811 είκοσιν.
878 752 908 804 6
958 751 1227 823 Ὑρκανὸς,
1270 754 1400 816 τοὺς
1429 753 1628 816 παῖδας
1667 752 1766 806 καὶ
1812 751 1914 816 τὰς

316 840 637 912 παρθένους
668 842 747 912 τῷ
774 843 994 914 βασιλεῖ
1020 845 1116 898 καὶ
1147 847 1215 915 τῇ
1243 844 1576 916 Κλεοπάτρᾳ
1604 846 1918 916 προσήνεγ-

317 951 443 999 κεν,
473 927 551 988 ὧν
573 935 808 1001 ἕκαστος
835 938 931 991 καὶ
952 936 1223 993 τάλαντον
1242 938 1336 1008 ἕφε
1349 956 1430 1008 ρε.
1457 938 1571 993 Καὶ
1595 941 1713 1002 τοῖς
1742 938 1917 1007 φίλοις

314 1028 379 1083 δὲ
431 1028 530 1083 τοῦ
586 1029 878 1117 βασιλέως,
926 1033 1022 1087 καὶ
1082 1034 1196 1096 τοῖς
1260 1035 1394 1105 περὶ
1453 1034 1556 1104 τὴν
1614 1033 1918 1105 θεραπείαν

315 1121 491 1176 αὐτοῦ
527 1124 741 1177 πολλῶν
768 1126 1048 1180 ταλάντων
1074 1126 1229 1198 δῶρα
1261 1127 1589 1198 παρέσχετο.
1609 1125 1916 1196 Θαυμάσας

312 1213 375 1267 δὲ
422 1214 769 1285 Πτολεμαῖος
816 1219 910 1271 τὸν
947 1218 1136 1285 παῖδα,
1182 1220 1359 1272 αἰτεῖν
1394 1219 1432 1274 ἃ.
1486 1218 1739 1289 βούλεται
1779 1235 1916 1289 προ-

312 1309 610 1379 ετρέπετο.
649 1311 711 1367 '0
754 1311 811 1366 δὲ
849 1312 1003 1366 οὐδὲν
1035 1312 1238 1384 ᾔτησεν
1282 1312 1314 1383 ἢ
1347 1312 1425 1382 τῷ
1465 1312 1635 1381 πατρῖ
1665 1311 1762 1364 καὶ
1798 1312 1913 1374 τοῖς

312 1400 577 1472 ἀδελφοῖς
607 1400 822 1473 γράψαι
854 1405 985 1473 περὶ
1009 1403 1203 1458 αὐτοῦ.
1225 1405 1291 1458 Ὃ
1319 1404 1553 1475 ποιήσας
1577 1402 1606 1456 6
1630 1400 1906 1474 βασιλεὺς,

310 1494 416 1546 καὶ
466 1494 768 1564 βασιλικῶς
814 1496 966 1568 αὐτῷ
1001 1497 1420 1570 δωρησάμενος,
1451 1494 1787 1566 ἐξέπεμψεν.
1843 1494 1908 1548 Οἱ

2020 472 2144 542 ejus
2187 471 2403 534 reditu,
2439 470 2660 527 obviam
2704 471 2911 541 egressi
2947 485 3097 537 sunt,
3143 474 3264 542 ejus
3293 476 3599 543 perimendi

2020 579 2187 621 causa
2208 606 2223 630 ,
2258 580 2325 618 ne
2358 575 2513 635 patre
2543 564 2766 634 quidem
2808 565 3083 635 refragato
3117 582 3184 619 ex
3217 565 3497 624 iracundia
3531 570 3601 623 ob

2023 654 2355 725 insumptam
2385 654 2698 725 pecuniam.
2734 654 3015 710 Fratribus
3041 670 3169 710 cum
3210 655 3444 720 adortis,
3477 674 3601 712 cum

2019 762 2088 803 ex
2121 762 2315 803 eorum
2356 746 2686 804 satellitibus
2716 748 2899 814 multi,
2937 757 3052 802 tum
3090 748 3336 817 ipsorum
3370 748 3482 803 duo
3510 764 3597 804 ce-

2018 839 2297 895 ciderunt.
2340 837 2712 906 Quamobrem
2748 840 2995 905 territus,
3038 846 3095 892 et
3127 840 3270 894 ultra
3304 839 3602 896 Jordanem

2019 933 2322 1003 profectus,
2359 933 2562 988 bellum
2606 932 2886 989 Arabibus
2916 933 3081 1005 205
3113 932 3298 988 intulit
3332 952 3344 988 :
3375 944 3431 989 et
3453 949 3601 988 sum-

2020 1034 2220 1096 ptuoso
2256 1025 2486 1080 caslello
2524 1036 2828 1087 exstructo.
2880 1034 3065 1096 partes
3098 1026 3218 1081 illas
3252 1040 3351 1096 per
3393 1036 3530 1094 septi
3552 1041 3602 1079 m

2019 1135 2196 1175 annos
2243 1120 2455 1182 tenuit,
2494 1120 2737 1190 quandiu
2791 1120 2969 1191 Magni
3009 1120 3267 1175 Antiochi
3312 1118 3458 1173 filius
3501 1119 3602 1175 Se-

2019 1213 2218 1268 leucus
2256 1212 2427 1285 Syriae
2460 1215 2668 1284 potitus
2704 1223 2807 1269 est.
2855 1213 2955 1270 Cui
3005 1230 3130 1269 cum
3177 1214 3345 1268 frater
3408 1213 3599 1269 Antio;

2019 1306 2159 1362 chus
2179 1306 2496 1377 Epiphanes
2524 1311 2886 1364 successisset
2916 1326 2930 1362 :
2979 1322 3092 1378 pra:
3129 1315 3277 1362 metu
3305 1307 3473 1371 illius,
3511 1322 3600 1362 nco

2016 1390 2140 1456 cem
2184 1400 2293 1456 sibi
2335 1400 2625 1462 conscivit.
2660 1402 2818 1472 cujus
2849 1402 3139 1472 pecuniam
3185 1401 3493 1458 Antiochus
3520 1416 3597 1456 ac.

2017 1493 2188 1564 cepit.

306 1585 373 1639 δὲ
405 1584 658 1655 ἀδελφοὶ,
692 1587 962 1658 μαθόντες
991 1589 1290 1644 ἐπανιόντα
1316 1589 1461 1659 μετά
1514 1588 1708 1660 τιμῆς,
1746 1585 1971 1657 ἐξῆλθον
2006 1586 2417 1657 ὑπαντήσαντες
2462 1587 2614 1659 αὐτῷ
2661 1588 2759 1641 καὶ
2821 1588 3267 1660 διαφθεροῦντες,
3325 1586 3465 1657 μηδὲ
3512 1585 3603 1638 τοῦ

308 1678 537 1748 πατρὸς
590 1680 942 1747 κωλύσαντος
1002 1684 1097 1737 ὑπ’
1126 1683 1300 1754 ὀργῆς
1339 1686 1440 1754 τῆς
1495 1681 1585 1736 διά
1646 1681 1744 1753 τὴν
1800 1682 1911 1734 τῶν
1950 1679 2256 1751 χρημάτων
2299 1681 2572 1753 δαπάνην.

2655 1684 3027 1754 Ἐπιθεμὲνων
3073 1682 3132 1736 δέ
3169 1684 3220 1736 οί
3294 1681 3404 1736 τῶν
3450 1680 3600 1734 ἀδελ-

306 1769 464 1838 φῶν,
487 1771 677 1824 πολλοί
704 1789 763 1826 τε
793 1772 903 1825 τῶν
932 1774 1032 1827 σὺν
1057 1773 1248 1838 αὐτοῖς
1272 1773 1608 1840 ἔπεσον,καὶ
1668 1773 1728 1840 ἐξ
1791 1773 1976 1826 αὐτῶν
2014 1773 2130 1829 δύο.
2181 1774 2378 1837 Δείσας
2417 1769 2512 1829 οὖν
2557 1773 2649 1829 διὰ
2696 1774 2897 1839 ταῦτα,
2943 1776 3025 1838 εἰς
3073 1775 3136 1828 τὸ
3170 1773 3346 1844 πέραν
3385 1772 3602 1843 ἀπῆλθε

303 1863 416 1917 τοῦ
456 1864 751 1935 Ἰορδάνου,
780 1868 879 1920 καὶ
909 1867 1171 1938 ἐπολέμει
1202 1869 1320 1932 τοῖς
1354 1865 1584 1936 Ἄραψι.
1620 1866 1713 1920 καὶ
1744 1866 1905 1937 βάριν
1939 1869 2060 1922 ἐκεῖ
2121 1866 2395 1936 πολυτελῆ
2458 1867 2919 1938 ᾠκοδόμησε,καὶ
2942 1868 3180 1939 κατέσχε
3209 1868 3277 1921 τὰ
3314 1869 3433 1920 ἐκεῖ
3460 1867 3602 1936 μέρη

301 1957 415 2010 ἐπὶ
463 1956 562 2028 ἔτη
615 1957 779 2024 ama,
823 1959 909 2028 ἐφ’
943 1960 1071 2013 ὅσον
1117 1961 1147 2014 6
1190 1959 1288 2014 τοῦ
1339 1959 1581 2030 μεγάλου
1630 1960 1911 2030 Ἀντιόχου
1951 1961 2069 2023 υίὸς
2140 1960 2408 2024 Σέλευκος
2447 1962 2547 2031 τῆς
2583 1959 2789 2034 Σιρίας
2856 1962 3155 2034 ἐκράτησε.
3184 1961 3390 2015 Τούτου
3418 1960 3476 2014 δὲ
3506 1958 3601 2012 θα-

301 2048 526 2113 νόντος,
564 2050 662 2103 καὶ
688 2048 787 2103 τοῦ
818 2049 1051 2120 ἀδελφοῦ
1082 2050 1252 2104 αὐτοῦ
1295 2050 1576 2121 Ἀντιόχου
1601 2049 1700 2121 τὴν
1728 2052 1907 2122 ἀρχὴν
1946 2052 2364 2124 διαδεξαμένου,
2386 2053 2479 2108 τού
2550 2055 2882 2125 Ἐπιφανοῦς
2911 2056 3273 2127 καλουμένου,
3323 2053 3600 2125 ,φοσηθεὶς

299 2145 344 2198 ὃ
393 2146 666 2217 Ὑρκανὸς
697 2147 887 2213 αὑτὸν,
927 2147 1187 2218 αὐτόχειρ
1221 2148 1418 2202 ἑαυτοῦ
1444 2148 1683 2218 γίνεται.
1727 2147 1822 2200 καὶ
1846 2146 1915 2200 τὰ
1954 2148 2219 2220 χρήματα
2253 2149 2423 2202 αὐτοῦ
2459 2151 2488 2202 6
2525 2149 2802 2222 Ἀντίοχος
2828 2149 3017 2204 ἔλαϐε.

386 2260 495 2318 ιϐ’.
537 2262 787 2334 Τελευτᾷ
816 2262 876 2316 δὲ
917 2264 1017 2318 καὶ
1056 2265 1085 2317 6
1139 2261 1446 2336 Ἐπιφανὴς
1481 2262 1845 2334 Πτολεμαῖος,
1888 2265 1912 2316 6

2091 2262 2232 2319 XIX.
2286 2265 2579 2321 Ptolemaeo
2612 2281 2833 2336 quoque
2884 2266 3170 2339 Epiphane
3218 2266 3440 2341 Egypti
3481 2283 3603 2340 rege

301 2357 416 2428 τῆς
463 2355 751 2425 Αἰγύπτου
795 2358 1036 2430 κρατῶν,
1069 2358 1166 2413 δύο
1201 2358 1402 2422 παῖδας
1430 2358 1740 2421 νεωτάτους
1768 2358 1912 2413 πάνυ

2017 2369 2259 2426 mortuo,
2289 2358 2508 2415 duobus
2553 2358 2801 2429 parvulis
2841 2358 3026 2416 filiolis
3083 2361 3314 2426 relictis,
3365 2375 3603 2431 quorum

306 2448 671 2504 καταλιπῶνο
704 2443 781 2505 ὧν
817 2454 845 2504 6
870 2451 971 2522 μὲν
1002 2451 1337 2524 Φιλομήτωρ
1362 2452 1652 2523 ἐκέκλητο,
1684 2450 1913 2505 Φύσκων

300 2547 363 2599 δέ
424 2560 495 2613 γε
550 2545 581 2597 ό
631 2543 859 2614 ἕτερος⁸
895 2544 1104 2599 τούτων
1165 2545 1594 2616 καταφρονήσας
1639 2543 1915 2616 Ἀντίοχος

305 2634 615 2710 στρατεύει
671 2635 758 2689 ἐπ’
786 2635 1092 2704 Αίγυπτον·
1135 2634 1254 2689 ἀλλ’
1281 2633 1641 2707 ἀπεκρούσθη
1682 2632 1911 2706 ταύτης,

233 2767 237 2769 -
302 2732 425 2785 τῶν
471 2729 767 2800 Ῥωμαίων
795 2727 1103 2799 ἀπέχεσθαι
1135 2728 1238 2799 τῆς
1273 2726 1463 2799 χώρας
1507 2727 1913 2797 ἐντειλαμένων

304 2822 497 2890 αὐτῷ.
566 2820 814 2875 Ἐκεῖθεν
859 2821 905 2874 δ’
945 2818 1210 2887 ἰπανιὼν,
1267 2820 1364 2874 ἐπὶ
1425 2817 1492 2872 τά
1556 2818 1911 2890 Ἰεροσόλυμα

306 2916 577 2987 ὥρμησε,
626 2914 722 2967 καὶ
761 2912 994 2984 κατέσχε
1034 2912 1135 2984 τὴν
1169 2913 1326 2966 πόλιν
1361 2911 1634 2983 ἀμαχητὶ,
1668 2911 1916 2978 ἀνοιξάν-

304 3026 427 3062 των
483 3005 641 3076 αὐτῷ
691 3004 794 3070 τὰς
846 3005 1048 3071 πύλας,
1104 3006 1222 3060 ὅσοι
1259 3005 1359 3075 τῆς
1415 3005 1631 3059 ἐκείνου
1686 3003 1916 3075 γνώμης

303 3101 648 3173 ἐτύγχανον.
689 3100 960 3164 Θανόντος
986 3102 1096 3171 γὰρ
1137 3099 1317 3154 Ὀνίου
1345 3098 1440 3154 τού
1468 3099 1801 3172 ἀρχιερέως,
1833 3098 1910 3167 τῷ

305 3193 544 3264 ἁδελφῷ
587 3191 754 3247 αὐτοῦ
819 3191 998 3261 Ἰησοῦ
1064 3184 1339 3263 ’Δντίδχος
1394 3190 1497 3263 τὴν
1546 3191 1716 3262 τιμὴν
1771 3207 1915 3261 παρ-

306 3289 518 3360 ίσχενυ
561 3285 844 3358 ὀργισθεὶς
882 3284 939 3338 δὲ
977 3284 1153 3352 αὐτῷ,
1190 3283 1349 3349 αὖθις
1399 3283 1478 3356 τῷ
1510 3284 1770 3357 νεωτέρῳ
1814 3284 1915 3354 τὴν

305 3379 751 3454 ἄρχιερωσύνην
808 3378 1117 3449 ἀπένειμεν
1179 3377 1418 3449 ἀδελφῷ,
1495 3378 1648 3449 Ὀνίᾳ
1709 3378 1913 3432 καλου-

308 3481 491 3550 μένῳ.
520 3477 731 3548 Σίμωνι
761 3474 872 3545 γὰρ
906 3474 1078 3546 τριῶν
1111 3475 1425 3545 γενομένων
1453 3474 1684 3536 παίδων,
1711 3474 1807 3528 καὶ
1833 3476 1914 3538 εἰς

2016 2454 2157 2507 alter
2176 2451 2539 2516 Philometor,
2564 2453 2708 2507 alter
2740 2452 2988 2524 Physcon
3027 2454 3333 2509 vocabatur
3364 2470 3378 2506 :
3411 2453 3602 2510 Antio-

2016 2545 2180 2610 chus,
2210 2555 2377 2601 aetate
2404 2561 2702 2616 puerorum
2730 2556 3069 2616 contempta,
3103 2546 3402 2627 Egyptum
3460 2548 3604 2603 bello

2017 2636 2178 2707 petit,
2211 2636 2282 2691 ab
2309 2650 2483 2707 eaque
2506 2637 2763 2707 repulsus
2800 2646 2908 2702 est,
2940 2637 3206 2693 Romanis
3228 2640 3601 2699 etliccntibus.
3704 2702 3713 2713 ο

2018 2737 2079 2783 ut
2108 2728 2199 2782 illa
2234 2729 2517 2798 provincia
2558 2728 2881 2785 abstineret.
2916 2730 3047 2785 Inde
3077 2732 3319 2799 rediens.
3345 2733 3600 2788 Iiieroso«

2016 2820 2160 2894 lyma
2181 2822 2490 2888 contendit,
2515 2823 2918 2893 urbequecitra
2937 2824 3350 2881 dimicationem
3376 2828 3601 2897 potitur,

2016 2915 2226 2981 apertis
2248 2915 2425 2984 portis
2459 2930 2560 2985 per
2590 2915 2766 2986 ipsius
2815 2916 3097 2972 studiosos
3153 2930 3426 2988 receptus.
3465 2919 3599 2974 Nam

2016 3015 2141 3076 post
2170 3007 2385 3063 obitum
2423 3008 2579 3065 Onias
2606 3010 2903 3080 pontificis,
2939 3011 3249 3067 Antiochus
3275 3011 3598 3082 dignitatem

2018 3100 2166 3156 illam
2214 3100 2272 3156 in
2316 3101 2505 3158 Jesnm
2563 3103 2787 3159 fratrem
2846 3104 2996 3159 illius
3051 3106 3603 3178 contuleraneique

2018 3192 2212 3258 iratus,
2254 3193 2413 3249 fratri
2444 3196 2565 3266 ejus
2585 3196 2784 3251 minori
2821 3196 3145 3263 tradiderat,
3170 3200 3396 3255 nomine
3424 3197 3600 3256 Onite.

2016 3285 2151 3340 Nam
2180 3301 2304 3341 cum
2336 3286 2525 3343 Simon
2552 3297 2665 3344 tres
2686 3288 2828 3344 filios
2844 3290 3200 3361 suscepisset,
3231 3293 3600 3349 sacerdotium

2017 3378 2085 3435 ad
2117 3395 2245 3436 eum
2271 3396 2467 3438 omnes
2487 3383 2738 3452 pervenit
2766 3398 2778 3434 :
2815 3398 2878 3439 ac
2898 3384 3066 3459 .Jesus
3097 3401 3156 3441 se
3178 3385 3438 3442 Iasonem
3493 3403 3598 3443 no-

2020 3473 2271 3535 minavit.
2304 3472 2472 3529 Onias
2496 3474 2827 3538 Menelaum,
2885 3486 3118 3545 ortoque
3179 3478 3413 3534 dissidio
3458 3479 3602 3535 inter

304 3575 445 3636 τοὺς
485 3572 642 3642 τρεῖς
682 3571 715 3640 ἡ
754 3566 1140 3641 ἀρχιερωσύνη
1170 3566 1533 3638 περιελήλυθε
1557 3582 1573 3598 ·
1614 3567 1710 3621 καὶ
1750 3567 1778 3619 6
1813 3567 1912 3635 μὲν

2023 3564 2141 3631 hos,
2171 3565 2361 3635 populi
2376 3582 2595 3636 quoque
2620 3568 2932 3632 secessione
2953 3566 3119 3632 facta,
3146 3570 3335 3638 plures
3354 3585 3383 3623 a
3398 3568 3599 3625 Jasonc

319 3663 545 3738 Ἰησοῦς
596 3662 823 3716 Ἰἀσωνα
877 3662 1285 3730 μετωνόμασεν
1316 3658 1529 3725 ἑαυτὸν,
1562 3660 1589 3711 6
1629 3657 1687 3711 δὲ
1734 3658 1913 3721 Ὀνίας

304 3758 642 3815 Μενέλαον
685 3754 1085 3816 στασιάσαντος
1120 3748 1215 3805 οὖν
1269 3752 1364 3806 τοῦ
1412 3749 1589 3821 Ἰησοῦ
1635 3751 1772 3821 πρὸς
1822 3751 1914 3804 τὸν

318 3852 541 3915 Ὀνίαν,
576 3850 670 3901 τὸν
695 3850 791 3901 καὶ
820 3847 1122 3909 Μενέλαον,
1141 3846 1239 3898 καὶ
1272 3846 1300 3898 6
1323 3844 1452 3906 λαὸς
1491 3843 1757 3913 ἐμερίσθη
1775 3859 1789 3872 ’
1821 3842 1915 3895 καὶ

304 3947 365 3998 οἵ
393 3944 505 4012 μὲν
537 3941 761 4005 πλείους
789 3940 866 4009 τῷ
910 3939 1124 3992 Ἰάσωνι
1158 3937 1571 4008 προσετίθεντο,
1604 3937 1654 3989 ol
1686 3936 1731 3989 δ’
1763 3935 1915 3989 ἄλλοι

304 4037 391 4107 τῷ
424 4029 774 4106 Με·.ελάῳ,ᾧ
804 4036 899 4086 καὶ
922 4036 971 4086 οἱ
1004 4033 1215 4085 Τωδῗου
1241 4033 1434 4096 παῖδες
1461 4029 1602 4101 ἦσαν
1638 4048 1914 4100 συνεπαρ-

307 4130 576 4199 ήγοντες.
609 4126 1101 4196 Καταπονούμενοι
1128 4126 1185 4178 δὲ
1222 4129 1339 4189 τοῖς
1382 4126 1647 4190 πλείοσιν,
1676 4121 1823 4179 οὗτοί
1853 4143 1912 4179 τε

304 4226 413 4277 καὶ
466 4225 497 4277 ὁ
551 4222 835 4284 Μενέλαος
871 4222 1009 4292 πρὸς
1051 4220 1330 4289 Ἀντίοχον
1382 4218 1764 4289 ἀνεχώρησαν,
1817 4220 1915 4274 καὶ

305 4317 452 4378 τοὺς
509 4317 777 4378 πατρίους
830 4305 1033 4382 νόμους
1106 4312 1380 4375 λιπόντες,
1441 4311 1760 4381 ἠλλήνισαν,
1814 4313 1914 4367 καὶ

304 4411 420 4480 τὴν
441 4410 559 4462 τῶν
588 4410 806 4462 αἰδοίων
840 4407 1146 4478 περιτομὴν
1177 4405 1533 4473 ἐπεκάλυψαν
1570 4406 1914 4459 ἐπισπάσαν-

304 4522 430 4570 τες.
467 4505 595 4558 τῶν
643 4501 777 4573 γοῦν
820 4501 924 4572 τῆς
956 4501 1166 4554 τούτων
1199 4499 1396 4571 μοίρας
1431 4498 1768 4563 ἀνοιξάντων
1812 4502 1913 4563 τὰς

306 4600 503 4662 πύλας
549 4595 653 4665 τῆς
696 4595 907 4657 πόλεως
941 4594 1022 4666 τῷ
1064 4594 1358 4661 Ἐπιφανεῖ
1390 4591 1675 4662 Ἀντιόχῳ,
1701 4592 1912 4663 ἐγκρα-

303 4695 418 4767 τὴς
472 4693 686 4753 ἐκεῖνος
719 4689 820 4757 τῆς
877 4687 1089 4750 πόλεως
1139 4687 1363 4753 γέγονε.
1393 4684 1488 4738 καὶ
1525 4684 1756 4749 πολλοὺς
1811 4685 1911 4755 μὲν

301 4787 643 4845 ἀπέκτεινε,
678 4782 941 4853 χρήματα
974 4779 1032 4832 δὲ
1065 4778 1236 4831 πολλὰ
1289 4778 1552 4848 συλήσας,
1585 4779 1666 4837 εἰς
1702 4778 1911 4831 Ἀντιό-

301 4896 474 4949 χειαν
504 4874 865 4940 ἐπανέςευξε.
905 4872 1061 4926 Μετὰ
1091 4871 1149 4925 δὲ
1178 4870 1272 4925 δύο
1293 4871 1388 4943 ἔτη
1426 4866 1584 4935 αὖθις
1622 4873 1704 4935 εἰς
1747 4871 1913 4943 Ἱερο-

2018 3666 2313 3722 steterunt,
2345 3659 2883 3723 cmteriaMenelao,
2937 3662 3024 3715 cui
3079 3671 3138 3716 et
3188 3661 3383 3717 Tobiae
3437 3662 3599 3718 liberi

2017 3764 2180 3819 opem
2209 3749 2476 3805 tulerunt.
2509 3749 2616 3806 Sed
2639 3766 2765 3806 cum
2805 3767 2835 3806 a
2869 3753 3063 3822 majori
3117 3762 3272 3822 parte
3323 3754 3602 3825 opprime-

2017 3855 2228 3906 rentur,
2262 3841 2331 3898 ad
2378 3840 2710 3897 Antiochum
2770 3858 2829 3897 se
2891 3844 3273 3910 contulerunt,
3313 3857 3371 3902 et
3404 3848 3601 3917 patriis

2020 3935 2294 3990 institutis
2322 3936 2580 3998 desertis,
2607 3934 2922 3991 Graecorum
2943 3952 3127 3994 mores
3148 3947 3279 3993 sunt
3308 3942 3545 4010 amplexi
3582 3960 3595 3995 :

2017 4032 2302 4097 ascitoque
2342 4028 2631 4098 przeputio,
2684 4029 3070 4099 pudendorum
3121 4032 3598 4091 circutncisionem

2018 4122 2202 4177 velare
2234 4121 2588 4177 studuerunt.
2618 4121 2704 4178 Ab
2736 4126 2935 4178 horum
2962 4124 3130 4196 igitur
3158 4125 3397 4181 factione
3426 4127 3601 4197 portis

2016 4216 2242 4286 apertis.
2277 4216 2417 4271 urbe
2437 4217 2647 4285 potitus
2670 4216 2977 4273 Antiochus
3021 4218 3358 4288 Epiphanes,
3409 4222 3600 4277 multis

2016 4308 2234 4369 recisis,
2270 4322 2463 4379 magna
2491 4310 2722 4377 pecunia
2776 4320 2951 4378 rapta,
3005 4311 3355 4368 Antiochiam
3407 4315 3591 4371 rediit.

2018 4400 2249 4454 Biennio
2271 4407 2396 4470 post
2415 4400 2598 4455 denuo
2631 4399 3006 4472 Hierosolyma
3037 4404 3309 4472 ascendit,
3356 4417 3414 4462 et
3460 4408 3596 4464 urbe

2017 4492 2146 4547 dolo
2181 4501 2469 4563 occupata,
2505 4509 2576 4548 ne
2630 4493 2697 4549 iis
2739 4494 2965 4564 quidem
3028 4499 3298 4568 pepercit,
3334 4516 3365 4556 a
3397 4502 3600 4573 quibus

2018 4595 2275 4657 receptus
2306 4587 2483 4642 fuerat
2510 4604 2523 4641 :
2559 4587 2653 4641 sed
2680 4597 2737 4643 et
2765 4589 2969 4659 templo
2988 4592 3247 4660 spoliato,
3275 4604 3332 4650 et
3366 4597 3599 4653 abscon-

2016 4678 2150 4734 ditis
2183 4680 2461 4736 thesauris
2482 4680 2703 4748 ablatis,
2734 4688 2791 4736 et
2815 4682 3077 4753 legitimis
3112 4686 3404 4743 sacriﬁciis
3428 4690 3599 4744 inter—

2017 4772 2219 4835 dictis,
2253 4783 2314 4829 et
2359 4773 2497 4829 urbe
2526 4774 2767 4845 direpta,
2828 4786 2885 4831 et
2931 4780 3135 4849 populo
3181 4782 3382 4850 partim
3432 4799 3593 4846 caeso;

2015 4863 2219 4934 partim
2249 4872 2434 4935 capto,
2461 4873 2517 4920 et
2551 4866 2925 4935 pulcherrima
2953 4870 3106 4927 urbis
3136 4880 3291 4940 parte
3347 4873 3593 4938 incensa,

301 4973 535 5042 σόλυμα
582 4966 752 5039 ἀνέϐη
797 4967 1092 5037 Ἀντίοχος,
1124 4965 1218 5018 καὶ
1251 4964 1439 5036 ἀπάτῃ
1489 4965 1775 5036 κρατήσας
1806 4967 1906 5037 τῆς

2017 4967 2069 5014 ct
2089 4958 2270 5029 porcis
2299 4959 2354 5014 in
2389 4961 2597 5031 templo
2622 4962 2937 5027 immolatis,
2974 4964 3195 5019 tandem
3226 4966 3430 5021 muenia
3460 4982 3598 5036 quo-

301 5062 559 5127 πόλεως,
612 5058 737 5112 οὐδὲ
789 5059 901 5113 τῶν
953 5054 1361 5126 εἰσδεξαμένων
1412 5056 1577 5110 αὐτὸν
1623 5057 1905 5127 ἐφείσατο,

297 5155 458 5212 ἀλλὰ
502 5152 603 5206 καὶ
648 5152 742 5206 τὸν
781 5152 908 5206 ναὸν
960 5151 1227 5222 σύλησας,
1261 5148 1358 5203 καὶ
1389 5150 1515 5212 τοὺς
1549 5149 1906 5220 ἀποκρύφους

300 5246 637 5319 θησαυροὺς
688 5245 1065 5315 ἀφελόμενος,
1124 5243 1224 5308 τάς
1270 5260 1333 5297 τε
1390 5244 1659 5314 νομίμους
1713 5243 1909 5308 θυσίας

298 5340 599 5403 κωλύσας,
640 5341 736 5392 καὶ
778 5337 879 5408 τὴν
925 5337 1082 5391 πόλιν
1128 5336 1462 5407 διαρπάσας,
1500 5338 1595 5390 καὶ
1642 5339 1772 5399 τοὺς
1809 5337 1909 5404 μὲν

299 5434 421 5486 τοῦ
459 5432 594 5486 λαοῦ
638 5433 881 5496 κτείνας.
914 5433 1043 5495 τοὺς
1071 5432 1117 5486 δ’
1150 5429 1539 5501 αἰχμαλώτους
1578 5428 1910 5499 ἀπαγαγὼν,

2016 5067 2126 5121 que
2166 5052 2340 5109 diruit
2372 5075 2388 5109 :
2429 5064 2821 5126 exstructaqne
2854 5071 2978 5111 arce
3023 5057 3303 5112 inferioris
3331 5058 3506 5123 urbis,
3539 5068 3597 5112 et

2016 5144 2374 5205 Macedonico
2429 5148 2690 5219 praesidio
2754 5149 3033 5220 imposuo,
3090 5152 3353 5221 populum
3413 5153 3592 5223 coegit

2018 5257 2151 5300 suos
2176 5243 2312 5300 deos
2352 5245 2556 5309 colere,
2585 5257 2639 5300 et
2673 5245 3098 5302 circumcisione
3138 5262 3436 5317 puerorum
3472 5248 3597 5301 abs—

2020 5339 2217 5402 tinere,
2263 5337 2470 5396 relictis
2511 5338 2609 5403 ibi,
2643 5339 2736 5410 qui
2781 5341 2847 5393 ad
2889 5341 2987 5393 ista
3033 5339 3281 5394 facienda
3336 5338 3485 5391 cives
3541 5338 3593 5389 vi

2012 5429 2431 5499 compellerent.
2489 5429 2610 5497 Quo
2652 5441 2902 5499 tempore
2963 5430 3258 5483 Eleazarus
3313 5425 3589 5485 sacerdos.

299 5526 423 5581 aeui.
471 5526 769 5596 ἐμπρήσας
814 5525 886 5579 τὰ
918 5526 1018 5595 τῆς
1051 5525 1264 5588 πόλεως
1315 5523 1599 5586 κάλλιστα,
1636 5525 1733 5577 καὶ
1777 5522 1912 5590 σύας

2017 5524 2243 5594 ejusque
2271 5524 2532 5593 discipuli
2561 5523 2882 5583 Machabrei,
2936 5537 3060 5576 eum
3115 5529 3289 5573 matre
3334 5532 3431 5572 sua
3492 5534 3591 5588 pro

298 5619 497 5680 θύσας
543 5619 602 5670 ἐν
626 5618 708 5687 τῷ
750 5617 886 5687 ναῷ,
921 5618 1072 5682 τέλος
1113 5618 1210 5672 καὶ
1239 5617 1307 5672 τὰ
1339 5616 1498 5687 τείχη
1530 5616 1774 5681 καθεῖλε,
1816 5620 1912 5673 καὶ

2017 5618 2326 5673 divinarum
2355 5616 2516 5687 205
2534 5617 2715 5687 legum
2740 5614 3092 5669 observantia
3113 5628 3193 5666 ce:
3211 5611 3415 5666 lamina
3441 5612 3590 5666 obie-

294 5711 421 5767 τὴν
454 5708 513 5765 ὲν
540 5709 615 5778 τῇ
643 5708 795 5763 κάτω
833 5708 988 5763 πόλει
1016 5709 1193 5766 ἄκραν
1235 5708 1625 5775 οἰκοδομήσας,
1664 5708 1912 5773 φρουοὰν

2017 5719 2159 5764 ι·υηιΔ
2193 5707 2271 5763 Ac
2308 5707 2343 5762 ii
2376 5707 2469 5771 qui
2495 5707 2603 5761 vim
2641 5706 2915 5762 susti..ere
2958 5718 3067 5759 non
3107 5708 3381 5768 poterant,
3416 5702 3595 5769 impeo
