3918 6200
332 267 449 328 3ἷ3

1611 264 2015 341 ANNALIUM
2062 267 2205 327 Lm.
2252 269 2347 337 tv.

3466 266 3628 349 “3.74
3672 354 3677 355 ,

334 399 430 430 ναι
463 378 563 442 τὰς
592 377 823 451 ἐλπίδας
875 379 1111 452 παρῄνει
1167 381 1281 443 τοῖς
1310 380 1431 450 μετ’
1474 379 1663 435 αὐτοῦ.
1696 383 1801 435 Καὶ
1831 380 1911 435 δει

2048 383 2366 456 magnisque
2399 383 2598 452 opibus
2629 383 2825 452 partis,
2859 383 3015 435 lzetus
3045 380 3268 434 dmnmn
3302 398 3359 436 se
3393 382 3623 454 recepit.

332 472 551 541 κνήσας
592 469 859 541 ἑσπέρας,
902 474 1051 543 πυρά
1082 489 1139 524 τε
1175 471 1347 525 πολλά
1382 473 1437 526 ἐν
1470 471 1545 542 τῷ
1578 475 1932 545 στρατοπέδῳ

328 562 528 626 λιπὼν,
552 563 640 616 διὰ
670 565 767 633 τῆς
811 564 1006 628 νυκτὸς
1055 565 1305 630 ὁδεύσας,
1350 565 1655 620 ἐπιτίθεται
1693 568 1805 631 τοῖς
1838 569 1932 624 τοῦ

329 658 613 726 Ἀντιόχου
646 657 771 727 περὶ
804 658 894 709 τδν
928 658 1134 729 ὄρθρον
1158 676 1172 690 ⁶
1201 661 1295 710 καὶ
1330 659 1555 722 πολλοὺς
1607 661 1707 730 μὲν
1752 661 1928 731 μαχὸς

328 766 495 818 μενος
553 742 868 813 ἀπέκτεινε,
898 752 1022 814 τοὺς
1052 748 1107 801 δὲ
1157 749 1382 813 λοιποὺς
1429 750 1757 817 δὼκωηιμῖις
1790 752 1930 824 ύπέρ

328 839 662 912 τίισχιλίους
742 841 952 896 πεσεῖν.
1024 840 1136 895 Καὶ
1218 841 1356 912 μετὰ
1434 839 1533 913 τὴν
1604 838 1774 916 ἧτταν
1825 842 1934 897 τῶν

325 931 591 985 ἐναντίων
642 931 958 986 ἐπανελθὼν
996 935 1024 987 6
1050 932 1277 998 Ἰούδας,
1311 933 1611 988 ἐσκύλευσε
1639 935 1700 989 τὸ
1727 935 1933 992 τούτων

324 1025 723 1096 στρατόπεδον,
775 1026 869 1081 καὶ
914 1025 1067 1080 λείαν
1117 1026 1320 1098 πολλὴν
1376 1026 1608 1081 πλοῦτόν
1646 1048 1703 1086 τε
1749 1028 1934 1084 λαϐὼν

326 1117 599 1187 ἄφθονον,
626 1118 707 1182 εἰς
738 1118 836 1184 τὴν
862 1120 1080 1172 οἰκείαν
1134 1119 1443 1190 ὑπέστρεφε
1488 1120 1716 1192 χαίρων.
1750 1121 1840 1193 Τῷ
1887 1122 1933 1175 δ’

321 1206 541 1259 ἐπιόντι
595 1205 826 1278 ἐνιαυτῷ
871 1209 1191 1280 στράτευμα
1228 1209 1414 1264 πλεῖον
1446 1212 1472 1263 ό
1498 1211 1703 1274 Λυσίας
1741 1211 1930 1284 ἀθροί-

320 1315 451 1366 σας,
484 1299 740 1354 ἐνέϐαλεν
769 1303 850 1366 είς
874 1302 973 1374 τὴν
1004 1302 1294 1360 Ἰουδαίαν.
1322 1303 1433 1358 Καὶ
1465 1308 1580 1370 τοῖς
1598 1304 1931 1379 προδρόμοις

318 1390 525 1445 τούτου
578 1392 859 1465 συμμίξας
889 1396 916 1448 6
963 1394 1191 1460 Ἰούδας,
1250 1395 1396 1467 νικᾷ.
1446 1395 1539 1451 Διδ
1587 1396 1687 1469 τὴν
1736 1399 1930 1471 λοιπὴν

316 1483 564 1555 δύναμιν
593 1486 621 1538 6
652 1472 861 1552 Λύσίας
904 1487 1217 1554 ἀναλαϐὼν,
1242 1489 1324 1553 είς
1351 1487 1691 1561 Ἀντιόχειαν
1723 1491 1894 1545 ἐπανὲ
1913 1522 1925 1533 -

2038 474 2300 544 Sequenti
2354 489 2497 529 anno
2546 472 2756 544 Lysias,
2799 471 3055 541 pluribus
3097 471 3269 541 copiis
3322 472 3535 531 accitis.
3575 475 3629 529 in

2037 562 2279 618 Julia-am
2301 563 2722 634 impressionem
2746 562 2897 625 iecit,
2924 576 3162 630 quorum
3192 560 3631 631 prtecursoribus

2040 666 2068 709 a
2094 655 2233 709 Juda
2272 656 2571 726 superatis,
2605 650 2879 726 reliquum
2926 642 3231 710 exercitum
3276 655 3628 711 Antiochiam

2037 748 2278 811 reduxit,
2318 759 2377 805 ut
2406 764 2530 802 cum
2556 749 2767 820 majori
2797 746 3296 803 uumcroiludream
3328 757 3627 817 repeteret.

2036 841 2207 897 Iudas
2227 850 2412 897 autem
2431 840 2495 896 ad
2526 842 2933 911 repurgandum
2960 840 3224 909 templum
3248 834 3627 911 Hierosolyma

2038 935 2340 1009 profectus,
2368 944 2492 991 cuin
2526 935 2581 991 id
2614 932 2893 991 desertum
2931 942 2987 990 et
3055 933 3255 989 alicubi
3323 942 3627 988 crematum

2039 1027 2362 1100 reperisset,
2383 1028 2554 1094 licvit,
2581 1044 2760 1100 eoque
2784 1036 3105 1101 repurgato,
3142 1042 3273 1082 vasa
3298 1042 3435 1082 nova
3462 1042 3625 1082 aurea

2039 1121 2247 1187 intulit,
2279 1116 2632 1187 candelabra,
2656 1136 2926 1188 mensam,
2963 1114 3113 1175 aram
3145 1136 3160 1176 :
3205 1128 3261 1175 et
3304 1136 3508 1174 novum
3545 1134 3633 1175 sa-

1992 1206 1999 1211 ’
2037 1215 2280 1269 orarium
2314 1212 2381 1270 ex
2411 1216 2686 1286 lapidibus
2732 1214 2880 1270 ferro
2927 1230 3036 1269 non
3089 1212 3291 1269 excisis
3330 1214 3625 1275 exstruxit,

2034 1307 2224 1371 sutliit.
2259 1309 2573 1363 holocausm
2605 1308 2827 1371 obtulit,
2859 1312 3029 1380 panes
3060 1308 3318 1362 inmensa
3345 1307 3623 1377 apposuit.

2035 1397 2161 1454 litec
2222 1399 2414 1459 eadem
2472 1399 2561 1456 die
2603 1399 2741 1454 facta
2789 1412 2939 1464 sunt,
2986 1415 3100 1470 quo
3158 1399 3424 1470 templum
3508 1401 3628 1469 pol-

2029 1490 2210 1547 lutum
2298 1492 2527 1559 fuerat,
2586 1501 2643 1549 et
2696 1494 2880 1549 cultus
2969 1492 3321 1564 profanatus,
3377 1490 3624 1546 triennio

316 1574 507 1642 ζευξε,
540 1577 636 1630 καὶ
696 1578 1145 1648 παρεσκευάζετο
1189 1581 1327 1650 μετά
1375 1580 1622 1652 μείζονος
1675 1586 1916 1656 στρατιᾶς

2033 1585 2241 1656 elapso,
2272 1587 2576 1642 secundum
2612 1582 2855 1642 Daniclis
2907 1588 3218 1651 oraculum,
3274 1585 3435 1640 annis
3497 1592 3626 1639 ante

315 1669 410 1731 εἰς
464 1669 569 1741 τὴν
606 1668 875 1725 Ἰουδαίαν
906 1668 1188 1741 ἐμϐαλεῖν.
1233 1670 1302 1726 "0
1327 1689 1390 1742 γε
1430 1669 1537 1744 μὴν
1567 1671 1797 1738 Ἰούδας,
1837 1675 1920 1737 εἰς

2033 1691 2161 1731 cccc
2193 1683 2250 1731 et
2281 1692 2376 1731 vin
2418 1677 2651 1733 editum.
2682 1679 2764 1733 Ab
2794 1694 2860 1733 eo
2912 1687 3159 1749 tempore
3207 1676 3407 1734 festum
3457 1666 3627 1749 agunt

320 1752 693 1833 Ἰεροσόλυμα
723 1762 1117 1828 ἀναϐὰς,ῶστε
1164 1764 1255 1818 τὸν
1292 1763 1420 1819 ναὸν
1466 1764 1797 1837 ἐκκαθᾶραι,
1834 1767 1916 1821 καῖ

2034 1767 2208 1823 Judwi
2239 1768 2556 1825 instauratae
2597 1762 2901 1841 religionis.
2936 1770 3083 1842 quod
3118 1768 3347 1839 Lumina
3394 1776 3620 1841 vocant.

308 1851 534 1925 ἔρημον
577 1853 741 1910 αὐτὸν
773 1854 1052 1928 εὑρηκὼς,
1085 1855 1181 1909 καὶ
1208 1854 1264 1909 ἐν
1303 1873 1414 1911 τισι
1453 1859 1920 1931 καταπεπρησμέ-

308 1962 431 2012 νον,
448 1945 750 2018 ἐθρήνησε.
774 1946 1043 2020 Καθάρας
1063 1947 1116 2003 δέ
1137 1948 1323 2013 αὑτὸν,
1352 1949 1523 2021 σκεύη
1546 1950 1708 2005 καινά
1727 1951 1929 2004 είσεκό⁴

306 2054 474 2107 μισι,
507 2037 756 2110 λυχνίαν,
786 2039 1087 2111 τράπεζαν,
1122 2039 1328 2112 βωμὸν,
1348 2043 1577 2114 χρύσεα,
1597 2044 1691 2096 καὶ
1740 2042 1929 2098 θυσια-

304 2132 545 2201 στήριον
572 2132 760 2187 καινὸν
787 2135 850 2188 ἐκ
865 2133 1053 2200 λίθων,
1075 2136 1138 2189 ού
1163 2134 1386 2208 σιδήρῳ,
1401 2136 1745 2207 τετμημένον
1771 2136 1915 2209 ἀνῳ-

307 2222 656 2295 κοδόμησεν,
684 2224 957 2297 ἐθυμίασέ
1007 2245 1067 2280 τε
1106 2227 1202 2282 καὶ
1256 2226 1647 2294 ὡλοκαύτωσε,
1676 2228 1771 2282 καὶ
1822 2229 1926 2301 ἄρ-

304 2329 449 2379 τους
488 2317 585 2370 ἐπὶ
644 2316 744 2389 τὴν
801 2318 1087 2391 τράπεζαν
1150 2319 1340 2392 ἔθηκε.
1395 2320 1594 2387 Γέγονε
1638 2320 1695 2375 δέ
1751 2320 1925 2377 ταῦτα

305 2408 468 2463 κατὰ
526 2410 629 2481 τὴν
686 2410 924 2483 ἡμέραν,
976 2412 1101 2468 καθ’
1143 2414 1208 2486 ἢν
1240 2416 1268 2468 6
1304 2414 1432 2476 ναὸς
1464 2414 1725 2485 ἐμιάνθη,
1757 2416 1851 2470 καὶ
1888 2418 1922 2489 ἡ

304 2497 599 2570 θρησκεία
634 2502 979 2576 ἐδεὸηλὼθη,
1012 2504 1182 2578 τριῶν
1233 2504 1625 2578 παρελθόντων
1658 2507 1923 2563 ἐνιαυτῶν

306 2594 469 2647 κατά
506 2595 609 2665 τὴν
649 2595 745 2649 τοῦ
787 2599 988 2670 Δανιὴλ
1043 2598 1372 2672 πρόρρησιν,
1407 2600 1515 2672 πρὸ
1547 2604 1921 2673 τετρακοσίων

310 2684 421 2737 καὶ
460 2684 609 2739 ὀκτὼ
641 2693 945 2761 γενομένην
973 2688 1135 2745 ἐτῶν.
1172 2676 1284 2745 Καὶ
1335 2690 1525 2745 ἔκτοτε
1572 2686 1921 2764 ἑορτάζουσιν

302 2777 361 2830 οῖ
393 2775 656 2834 Ἰουδαῖοι
685 2781 787 2853 τὴν
818 2782 1124 2855 ἀνάκτησιν
1151 2783 1263 2855 τῆς
1281 2784 1608 2856 θρησκείας,
1633 2784 1796 2838 Φῶτα
1823 2800 1924 2838 κα-

304 2868 544 2933 λοῦντες
572 2873 766 2945 αὐτήν.
791 2875 1049 2946 Τειχίσας
1084 2874 1141 2929 δὲ
1182 2877 1282 2947 τὴν
1319 2875 1499 2939 πόλιν,
1531 2876 1780 2945 φύλακας
1827 2877 1922 2946 ἐγ-

304 2960 687 3030 κατέστησεν.
725 2964 811 3030 Ὠς
845 2966 901 3019 δέ
927 2969 995 3020 τὰ
1032 2967 1195 3039 πέριξ
1227 2967 1355 3041 έθνη
1388 2966 1619 3033 πολλοὺς
1649 2967 1760 3023 τῶν
1782 2967 1920 3022 Ἰου-

299 3049 488 3105 δαίων
524 3052 858 3127 διέφθειρεν,
888 3057 1242 3129 ἐνεδρεύοντα
1275 3059 1363 3113 διὰ
1400 3059 1726 3132 βασκανίαν,
1759 3058 1917 3114 πολέ-

306 3160 448 3212 μοις
472 3144 675 3209 αύτοὺς
702 3149 728 3201 6
760 3148 969 3214 Ἰούδας
1010 3150 1254 3223 ἠμύνετο
1287 3152 1386 3207 καὶ
1413 3152 1757 3209 ἀνέστελλεν.
1793 3153 1850 3207 Ὀ
1873 3154 1918 3207 δ’

297 3232 627 3308 Ἀντίοχος,
666 3241 858 3310 μαθὼν
896 3244 1055 3299 πόλιν
1087 3239 1235 3299 εἶναι
1267 3248 1325 3300 ἐν
1350 3249 1417 3319 τῇ
1450 3245 1675 3318 Περσίδι
1702 3244 1921 3317 πλούτῳ

299 3327 586 3399 κομῶσαν
616 3331 921 3405 Ἐλυμαΐδα
950 3335 1376 3409 ὠνομασμένην,
1407 3339 1500 3393 καὶ
1541 3339 1693 3411 ἱερὸν
1728 3337 1923 3410 Ἀρτέ-

300 3421 473 3490 μιδος
504 3423 565 3475 ἐν
593 3425 734 3498 αὐτῇ
772 3427 982 3500 πλῆρες
1004 3430 1381 3503 ἀναθημάτων
1429 3430 1774 3494 πολυτελῶν,
1799 3430 1915 3503 ὥρ-

296 3528 495 3583 μησεν
524 3514 615 3569 ἐπ’
643 3519 815 3592 αὐτὴν
850 3522 945 3573 καὶ
1000 3522 1334 3594 ἐπολιόρκει.
1368 3521 1808 3594 Ἀποκρονσθεὶς
1857 3521 1918 3576 δέ

294 3607 471 3677 παρὰ
498 3609 613 3661 τῶν
654 3612 712 3664 ἐν
737 3614 802 3685 τῇ
834 3614 988 3668 πόλει
1052 3613 1476 3681 ἐπεξελθόντων,
1504 3617 1726 3688 φεύγων
1780 3610 1917 3688 ἧκεν

2032 1858 2300 1916 Praeterea
2334 1862 2524 1917 urbem
2556 1863 2833 1919 mamilius
2868 1848 3259 1931 eiscumdedit,
3288 1854 3623 1934 etbrzrs’dio

2033 1949 2249 2004 muniit.
2277 1942 2395 2007 Iam
2416 1951 2546 2022 quia
2575 1948 2819 2007 ﬁnitima:
2847 1950 3041 2025 gentes
3067 1940 3145 2009 cf
3162 1938 3387 2031 ἳῂῧίξδίά
3404 1940 3621 2006 “multos

2028 2038 2251 2097 Judaeos
2285 2059 2385 2113 per
2410 2018 2643 2099 insidias
2664 2018 2948 2100 caedebant
2983 2058 3000 2100 :
3032 2058 3127 2100 eas
3150 2018 3620 2123 Ὶδσξψέιιῖςυι-

2028 2133 2341 2190 ciscebatur
2362 2152 2428 2192 ac
2458 2136 2815 2205 reprimebat.
2853 2136 3128 2193 Caeterum
3154 2126 3469 2191 Ktﬁ'ib‘élms
3490 2146 3618 2189 cum

2028 2224 2332 2282 audivisset
2367 2226 2561 2282 urbem
2595 2228 2650 2281 in
2684 2228 2871 2283 Persia
2903 2242 3026 2284 esse
3052 2220 3395 2299 Elymaide'm
3418 2224 3621 2297 opibus

2026 2317 2425 2384 abundantem,
2451 2329 2509 2375 et
2540 2320 2726 2375 fanum
2764 2319 2819 2374 in
2873 2335 2938 2376 ea
2982 2318 3172 2375 Dianae
3210 2318 3471 2389 pretiosis
3517 2317 3620 2372 do-

2025 2410 2200 2466 nariis
2239 2408 2505 2466 refertum
2544 2427 2557 2463 :
2592 2420 2784 2467 contra
2829 2422 2951 2466 eam
2998 2404 3392 2482 proﬁciscitur.
3445 2408 3553 2463 Sed
3587 2424 3618 2463 a

2025 2501 2241 2558 civibus
2268 2503 2322 2558 in
2354 2503 2528 2558 aciem
2581 2504 2820 2574 egressis
2869 2503 2939 2559 ab
2987 2503 3283 2580 obsidione
3336 2500 3616 2572 repulsus,

2026 2594 2151 2667 fuga
2212 2611 2272 2651 se
2328 2594 2665 2668 Babylonem
2736 2595 2967 2665 recepit,
3024 2595 3284 2668 plurimis
3345 2594 3618 2650 militibus

2028 2689 2263 2743 amissis.
2301 2688 2437 2744 Eam
2465 2689 2676 2744 cladem
2727 2688 2962 2754 dolenti,
3002 2698 3064 2744 ut
3102 2687 3188 2743 sui
3229 2686 3400 2743 duces
3447 2685 3614 2742 etiam

2027 2793 2056 2833 a
2106 2778 2310 2835 Judaais
2363 2778 2491 2834 victi
2537 2787 2748 2843 essent,
2808 2781 3115 2833 nuntiatur.
3168 2777 3328 2833 Unde
3374 2790 3617 2831 maerore
3712 2838 3713 2841 η

2026 2880 2188 2928 aucto
2212 2870 2266 2926 in
2302 2871 2554 2927 morbum
2592 2870 2809 2933 incidit,
2847 2877 2913 2925 ex
2941 2884 3051 2938 quo
3085 2884 3209 2925 cum
3238 2868 3344 2924 sibi
3374 2869 3617 2924 morien-

2023 2961 2154 3018 dum
2176 2976 2299 3019 esse
2320 2961 2555 3027 videret,
2582 2962 2697 3018 suis
2729 2963 3000 3017 ministris
3027 2961 3346 3017 convocatis
3381 2959 3434 3014 id
3494 2958 3607 3015 sibi

2022 3054 2279 3111 accidere
2300 3055 2442 3110 dixit
2476 3055 2636 3126 207
2663 3054 2735 3110 ob
2764 3064 2983 3126 gentem
3034 3052 3323 3109 Iudaicam
3382 3052 3611 3108 infesta—

2024 3156 2153 3212 tam,
2185 3155 2246 3202 et
2277 3146 2548 3219 templum
2581 3146 2897 3217 spoliatum.
2947 3145 3046 3201 liis
3074 3144 3242 3200 dictis
3283 3142 3609 3214 exspiravit,

2019 3240 2174 3312 regni
2210 3248 2469 3295 curatore
2502 3239 2697 3295 relicto
2734 3237 2991 3308 Philippo
3018 3235 3258 3309 quodam
3288 3251 3355 3291 ex
3393 3236 3608 3302 amicis,

2016 3332 2108 3389 cui
2148 3332 2413 3388 annulum
2451 3341 2507 3389 et
2533 3332 2810 3398 diadema,
2838 3331 2950 3387 filio
2979 3346 3079 3387 suo
3103 3329 3378 3386 Antiocho
3403 3344 3606 3401 appor-

2017 3423 2203 3491 tanda,
2241 3423 2416 3480 dedit.
2451 3423 2529 3479 De
2558 3425 2716 3495 cujus
2749 3423 2905 3478 obitu
2938 3421 3133 3494 Lysias
3160 3422 3369 3478 certior
3420 3418 3610 3476 reddi-

2015 3527 2124 3581 tus,
2159 3515 2331 3572 filium
2352 3516 2476 3589 eius
2502 3530 2688 3587 regem
2712 3514 3034 3580 declaravit,
3060 3513 3360 3586 Eupatoria
3380 3513 3608 3571 nomine

2015 3612 2214 3667 indito.
3522 3604 3547 3632 '

295 3701 384 3765 εις
404 3701 846 3771 Βαϐυλῶνα,καὶ
877 3710 978 3780 τῆς
1005 3712 1265 3781 στρατιᾶς
1294 3712 1585 3777 πλείστους
1647 3710 1950 3767 ἀπέὸαλεν.
1990 3705 2276 3776 Ἀλγοῦντι
2322 3704 2376 3758 δὲ
2421 3704 2512 3759 διὰ
2545 3699 2705 3756 τοῦτο
2741 3701 2821 3773 τῷ
2886 3701 3148 3771 Ἀντιόχῳ
3195 3699 3521 3768 ἀγγέλλεται
3569 3702 3603 3770 ἡ

293 3794 417 3850 τῶν
455 3800 783 3871 στρατηγῶν
806 3794 970 3874 ἦττα,
999 3805 1033 3875 η
1065 3804 1176 3858 ὑπὸ
1202 3805 1501 3861 Ἰουδαίων.
1544 3806 1656 3860 Καὶ
1687 3804 1781 3858 τοῦ
1838 3800 2158 3872 ἀλγήματος
2225 3798 2643 3869 προστεθέντος,
2700 3795 2964 3866 ἐνόσησε’
3001 3795 3097 3848 καὶ
3153 3795 3318 3864 γνοὺς
3363 3795 3438 3859 ὡς
3464 3795 3603 3847 ἀπο..

297 3885 607 3958 Βιὼσεται,
644 3894 767 3958 τοὺς
802 3894 893 3948 ὑπ’
938 3896 1103 3951 αὐτὸν
1152 3898 1508 3965 συνεκάλεσε,
1561 3898 1656 3952 καὶ
1708 3899 1940 3965 πάσχειν
1978 3891 2155 3954 οὕτως
2197 3886 2375 3954 εἶπεν,
2436 3890 2518 3941 δτι
2551 3889 2608 3941 τὸ
2639 3887 2751 3941 τῶν
2794 3886 3072 3942 Ἰουδαίων
3122 3886 3275 3952 ἔθνος
3317 3887 3597 3942 ἐκάκωσε»

295 3988 406 4042 καὶ
434 3987 675 4060 ἐσύλησε
710 3989 801 4043 τὸν
835 3991 986 4046 ναόν.
1040 3992 1229 4047 Ταῦτα
1288 3993 1486 4062 λέγων,
1559 3992 1877 4061 ἐξέπνευσε,
1937 3989 2209 4042 Φίλιππον
2258 3982 2370 4039 τῶν
2425 3981 2595 4051 φίλων
2644 3981 2741 4034 ἐνα
2809 3977 3128 4035 καταλιπὼν
3170 3980 3274 4050 τῆς
3326 3980 3601 4051 βασιλείας

295 4080 641 4151 ἐπίτροπον,
673 4082 769 4135 καὶ
791 4081 917 4146 δοὺς
943 4082 1092 4153 αὐτῷ
1122 4085 1181 4137 τὸ
1210 4084 1451 4157 διάδημα
1487 4086 1583 4138 καὶ
1637 4085 1729 4140 τὸν
1765 4080 2076 4144 δακτύλιον,
2108 4076 2196 4130 ἵνα
2242 4073 2419 4128 ταῦτα
2474 4072 2681 4146 κομίσῃ
2727 4071 2806 4142 τῷ
2874 4073 2977 4142 υίῷ
3043 4071 3329 4143 Ἀντιόχῳ.
3409 4072 3467 4125 ’0
3538 4072 3600 4126 δὲ

296 4173 553 4238 Λυσίας,
606 4171 841 4226 θανόντα
899 4174 1090 4244 μαθὼν
1125 4177 1216 4231 τὸν
1248 4178 1548 4252 ’Λντίοχον,
1578 4180 1668 4233 τὸν
1724 4178 1934 4232 ἐκείνου
1975 4173 2092 4228 υῐδν
2123 4169 2372 4234 ἀπέδειξε
2404 4167 2651 4239 βασιλέα,
2686 4167 2923 4231 καλέσας
2959 4167 3271 4237 Εὐπάτορα.

370 4267 515 4322 KA'.
542 4269 604 4320 0i
642 4266 688 4320 δ’
735 4268 791 4321 ἐν
833 4272 900 4340 τῇ
949 4269 1097 4343 ἄκρᾳ
1126 4272 1234 4325 τῶν
1268 4272 1661 4344 Ἰεροσολύμων
1702 4274 1901 4328 Μακε-

294 4362 464 4423 δόνες
496 4360 739 4415 ἐκάκουν
779 4365 906 4427 τοὺς
929 4362 1247 4430 Ἰουδαίους,
1270 4366 1520 4429 ἀνιόντας
1554 4367 1635 4429 εἰς
1657 4365 1717 4419 τὸ
1752 4362 1899 4435 ἱερὸν

2084 4261 2229 4319 XXI.
2255 4261 2526 4319 Caeterum
2563 4259 2957 4316 Macedonibus
2985 4262 3076 4332 qui
3112 4258 3507 4331 Hierosolymis
3541 4260 3598 4314 in

2008 4355 2266 4428 praesidio
2298 4354 2477 4410 relicti
2508 4361 2687 4415 erant,
2725 4352 2947 4409 Judzeos
2972 4354 3067 4426 qui
3094 4353 3149 4409 in
3211 4355 3473 4424 templum
3506 4368 3596 4407 sa-

292 4454 400 4521 ὲπὶ
419 4451 499 4521 τῷ
532 4449 711 4504 θῦσαι.
732 4451 824 4505 Aab
842 4448 1046 4516 ἐξελεῖν
1068 4454 1297 4509 ἔσπευδε
1330 4455 1429 4526 τὴν
1455 4458 1701 4527 φρουρὰν
1718 4456 1747 4509 6
1767 4453 1904 4507 Ἰού-

2022 4447 2295 4505 :rificandi
2332 4462 2465 4516 ergo
2506 4445 2903 4511 ascendebant,
2958 4444 3369 4510 infestantibus,
3427 4444 3600 4500 Judas

292 4544 426 4607 δας.
492 4541 591 4596 καὶ
639 4543 928 4613 καρτερῶς
987 4544 1297 4617 ἐπολιόρκει
1343 4545 1537 4616 αὐτήν.
1595 4545 1661 4598 Ὀ
1717 4543 1905 4616 μαθὼν

289 4638 324 4691 ὁ
346 4637 485 4699 παῖς
500 4634 778 4703 Ἀντίοχος
796 4634 1066 4706 ὠργίσθη,
1082 4638 1174 4690 καὶ
1195 4637 1334 4708 μετὰ
1360 4636 1600 4709 μεγάλης
1620 4636 1905 4706 δυνάμεως

290 4727 597 4799 ἐξώρμησε
623 4723 763 4779 κατα
790 4726 1166 4797 τῆςἸουδαίας
1195 4730 1289 4783 καὶ
1306 4730 1470 4802 Ἰερου
1483 4728 1904 4801 σαλήμ.”1ούδας

285 4821 379 4887 δὲ,
416 4819 742 4889 ἀπαντήσας
766 4819 937 4889 αύτῷ,
963 4819 1072 4874 τῶν
1094 4820 1418 4894 προδρόμων
1440 4826 1567 4895 περὶ
1584 4822 1903 4889 ἑξακοσίους

287 4911 548 4982 ἀναιρεῖ.
589 4911 703 4966 Καὶ
733 4910 1000 4983 Ἐλεάζαρ
1051 4915 1080 4967 6
1113 4912 1207 4967 τοῦ
1248 4913 1421 4969 Ἰούδα
1451 4916 1725 4988 ὁμαίμων,
1745 4916 1773 4968 6
1807 4914 1904 4969 καὶ

287 4999 492 5071 Αὖραν
524 4998 886 5072 καλούμενος,
918 5000 1032 5056 τῶν
1088 5003 1400 5074 ἐλεφάντων
1437 5004 1530 5061 τὸν
1569 5005 1902 5077 ὑψηλότατον

290 5089 435 5146 ἰδὼν
477 5089 830 5162 ὡπλισμένον
886 5093 1094 5166 θώραξι
1158 5095 1486 5166 βασιλικοῖς,
1540 5099 1634 5153 καὶ
1694 5097 1902 5169 οἰηθεὶς

284 5185 452 5255 αὐτῷ
487 5184 809 5256 ἐποχεῖσθαι
860 5187 954 5240 τὸν
1014 5187 1263 5260 βασιλέα,
1310 5192 1451 5260 μετὰ
1500 5190 1737 5261 σφοδρᾶς
1802 5191 1896 5261 δρ-

289 5276 668 5350 μῆςέπῆλθεν
706 5279 878 5349 αὐτῷ,
898 5281 994 5334 καὶ
1030 5281 1135 5335 ὑπὸ
1180 5280 1279 5354 τὴν
1316 5263 1573 5356 γαστέρα.
1591 5285 1686 5339 τοῦ
1705 5285 1896 5357 θηρίου

281 5369 858 5440 γενόμενος,ἕπληξεν
875 5373 1058 5436 αὐτὸν,
1074 5373 1169 5427 καὶ
1188 5373 1533 5430 ἀπέκτεινεν.
1563 5376 1625 5429 Ὀ
1641 5375 1688 5430 δ’
1708 5377 1900 5430 ἐπικα-

282 5462 613 5526 τασεισθεὶς
641 5463 721 5534 τῷ
739 5462 1074 5536 Ἐλεαζάρῳ,
1108 5460 1200 5520 καὶ
1232 5469 1428 5531 πιέσας
1449 5468 1610 5523 αύτδν
1629 5471 1708 5541 τῷ
1736 5468 1895 5541 βάρει

279 5546 401 5611 κοῦ
435 5556 712 5627 σώματος,
732 5557 1006 5629 ἔφθειρεν.
1037 5558 1216 5630 Ὀρῶν
1245 5560 1303 5614 δὲ
1334 5564 1432 5631 τὴν
1461 5561 1571 5615 τῶν
1614 5563 1895 5634 πολεμίων

286 5648 467 5720 ἰσχὺν
487 5651 514 5702 6
544 5650 776 5715 Ἰούδας,
805 5654 882 5712 εἰς
928 5651 1281 5723 Ἱεροσόλυμα
1312 5656 1607 5725 ἐπανῆλθε,
1630 5657 1724 5710 καὶ
1755 5657 1894 5726 πρὸς

286 5737 625 5810 πολιορκίαν
656 5743 1119 5812 παρεσκευάζετο.
1140 5744 1419 5815 Ἀντίοχος
1453 5747 1508 5802 δὲ
1536 5750 1617 5812 εἰς
1660 5746 1890 5819 Ἰεροσό-

2012 4539 2242 4598 toilendi
2285 4538 2524 4608 praesidii
2568 4537 2824 4608 cupidus,
2885 4538 3171 4592 castellum
3211 4538 3435 4592 fortiter
3487 4550 3597 4606 op.-

2008 4630 2309 4704 pugnabat.
2363 4628 2444 4684 Eo
2500 4643 2638 4699 puer
2702 4628 3011 4684 Antiochus
3063 4628 3321 4684 nuntiato
3397 4629 3595 4690 iratus,

2006 4723 2258 4794 ingentes
2311 4719 2501 4790 copias
2559 4730 2751 4776 contra
2804 4718 3048 4776 Iudaeam
3106 4728 3162 4775 et
3213 4719 3593 4792 Hierosolyma

2006 4816 2327 4874 ducitzeui
2387 4816 2558 4872 Judas
2629 4812 2847 4871 obviam
2902 4815 3205 4884 profectus,
3260 4830 3328 4870 ex
3382 4830 3601 4886 propu‘

2004 4911 2332 4984 gnatoribus
2385 4911 2453 4966 ad
2508 4925 2573 4966 nc
2646 4894 2898 4967 occidit.‘
2935 4908 3234 4964 Eleazarus
3299 4926 3431 4965 vero
3496 4924 3592 4965 co—

2002 5018 2299 5082 gnomento
2347 5007 2518 5072 Aura,
2566 5004 2721 5062 Judze
2764 5007 2950 5072 frater,
3007 5004 3062 5061 in
3110 5006 3438 5062 altissimum
3479 5009 3593 5063 ele-

2003 5106 2294 5177 phantum,
2361 5103 2527 5174 regiis
2590 5103 2914 5158 thoracibus
2976 5112 3271 5171 armatum,
3336 5112 3490 5159 ratus
3536 5103 3631 5158 ei

2002 5215 2185 5270 regem
2242 5198 2509 5264 insidere,
2569 5212 2766 5269 magno
2806 5197 3015 5267 impetu
3066 5197 3343 5264 invectus,
3391 5198 3589 5254 bellua:

2000 5300 2249 5347 ventrem
2288 5292 2483 5356 subiit,
2543 5292 2704 5362 cujus
2758 5291 3064 5348 interfectae
3122 5293 3294 5347 ruina
3359 5304 3583 5361 oppres-

2000 5401 2112 5451 sus,
2168 5395 2225 5440 et
2272 5386 2388 5456 ipse
2448 5384 2904 5442 interiit.‘Judas
2972 5399 3157 5440 autem
3220 5383 3435 5439 viribus
3485 5381 3587 5436 ito-

2000 5478 2167 5531 stium
2231 5476 2386 5542 visis,
2446 5475 2825 5547 ilierosolyma
2885 5476 3071 5539 rediit,
3122 5475 3189 5531 ad
3247 5473 3583 5530 tolerandam

1999 5567 2346 5624 obsidionem
2412 5583 2472 5623 se
2527 5577 2842 5639 paraturus.
2903 5567 3176 5623 Antiocho
3258 5567 3426 5639 igitur
3494 5582 3587 5622 ur-

1999 5660 2121 5715 bem
2161 5667 2536 5731 oppugnante,
2576 5669 2632 5715 et
2675 5658 3065 5715 defensoribus
3097 5659 3310 5713 hostem
3360 5667 3586 5715 strenue

2000 5752 2494 5824 prepulsantibus,
2578 5751 2647 5807 ob
2721 5759 3061 5805 commeatus
3124 5750 3367 5822 inopiam
3424 5753 3583 5809 multi
