3868 6198
455 277 564 341 375

1738 277 2062 353 JOANNIS
2098 279 2420 342 ZONARJ’.
3550 284 3638 349 376

457 387 838 461 diﬁ‘ugiebant.
888 390 994 448 Sed
1033 406 1158 448 eum
1211 391 1402 463 Lysias
1445 392 1554 450 dux
1614 405 1670 452 et
1728 393 2021 450 Antiochus

2139 391 2284 463 λυμα
2318 390 2511 459 ἐλθὼν,
2534 392 2846 463 ἐπολιόρκει
2884 389 3074 462 αὐτὴν,
3098 393 3354 463 καρτερῶς
3386 393 3484 449 τῶν
3515 397 3635 454 ἔῦδυν

456 481 882 550 intellexissent,
936 483 1271 556 Philippum,
1322 501 1488 557 quem
1536 487 1782 543 moriens
1839 486 2035 542 Antio-

418 567 595 628 'ehus
645 574 799 645 regni
849 585 1160 632 curatorem
1212 577 1535 648 reliquerat,
1601 579 1895 652 imperium
1928 580 2033 637 sibi

453 665 738 721 vindicare
780 683 795 720 :
850 667 919 723 iis
955 669 1371 727 conditionibus
1408 687 1533 728 cum
1592 673 1834 730 obsessis
1878 672 2034 744 pepi-

451 767 673 826 gerunt,
724 769 784 815 ut
839 762 926 817 eis
982 763 1176 834 patriis
1230 763 1446 836 legibus
1494 765 1574 821 uti
1627 766 1842 822 liceret.
1923 766 2034 822 An-

453 849 674 908 tiochus
703 869 834 908 vero
885 855 940 909 in
985 855 1178 912 urbem
1234 869 1513 929 receptus,
1578 873 1705 915 eum
1763 860 2030 932 templum

453 946 884 1000 munitissimum
924 963 1045 1004 esse
1103 949 1351 1016 vidisset,
1411 960 1598 1023 spreto
1647 953 2028 1026 jurejurando.

449 1051 641 1092 everso
686 1053 871 1098 muro.
935 1039 1289 1112 abductoque
1332 1042 1472 1100 Onia
1528 1043 1811 1114 pontiﬁce,
1851 1046 2032 1116 quiet

455 1130 732 1189 fdenelaus
765 1133 1075 1202 dicebatur,
1113 1135 1210 1206 qui
1237 1137 1382 1206 patri
1420 1153 1522 1193 suo
1552 1139 1783 1210 cogendi
1811 1141 2033 1198 Iudaeos

447 1222 516 1278 ad
541 1227 716 1294 patria
758 1226 1011 1283 instituta
1044 1229 1303 1284 violanda
1331 1240 1526 1286 auctor
1552 1231 1774 1295 fuisset.
1809 1234 2031 1290 multis-

445 1331 554 1386 que
587 1316 746 1372 malis
777 1333 999 1374 causam
1052 1321 1399 1390 praebuisset,
1441 1322 1698 1381 discessit
1731 1344 1745 1380 :
1789 1340 2031 1397 eumque

447 1409 726 1465 llerroaam
764 1412 992 1467 missum
1025 1413 1266 1484 denique
1299 1416 1548 1482 sustulit,
1591 1416 1874 1473 hominem
1929 1420 2032 1473 im-

448 1499 622 1569 pium,
655 1516 780 1556 cum
807 1518 986 1558 anuos
1016 1520 1046 1557 x
1079 1505 1392 1561 sacerdotio
1437 1510 1660 1564 functus
1687 1520 1854 1566 esset.
1890 1512 2032 1567 Pon-

446 1593 648 1648 tiﬁcem
686 1611 821 1650 vero
848 1597 1156 1667 designavit
1181 1599 1478 1664 Alcimum,
1509 1601 1604 1671 qui
1631 1612 1686 1657 et
1710 1602 2030 1662 Joachimus

443 1681 758 1738 dicebatur.
786 1683 1101 1756 Philippum
1127 1703 1349 1758 quoque
1378 1700 1696 1760 superatum
1723 1701 1778 1747 et
1804 1705 2023 1764 captum

444 1775 671 1831 occidit.
702 1775 974 1832 Caeterum
1004 1781 1191 1848 Unias,
1223 1782 1466 1838 Simonis
1489 1783 1632 1840 Justi
1661 1785 1826 1854 ﬁlius,
1863 1804 2024 1858 quem

446 1875 604 1936 pater
628 1871 896 1936 moriens,
925 1871 1215 1928 utdictum
1267 1885 1370 1940 est,
1407 1891 1639 1946 puerum
1706 1880 2025 1951 reliquerat,

443 1977 568 2014 eum
597 1961 908 2018 Antiochus
931 1965 1312 2035 pontiﬁcatum
1344 1969 1558 2025 Alcimo
1587 1986 1616 2024 a
1636 1969 1850 2026 familia
1887 1990 2030 2044 pou-

442 2054 611 2111 tiﬁcia
647 2056 830 2112 alieno
859 2057 1126 2125 dedisset,
1170 2061 1222 2114 in
1270 2060 1563 2134 Egyptum
1623 2065 1888 2136 confugit,
1947 2075 2030 2120 at-

441 2161 549 2216 que
571 2162 601 2203 a
638 2146 938 2204 Ptolemaeo
968 2149 1272 2207 honoriﬁce
1303 2165 1614 2223 susceptus,
1637 2156 1762 2212 loco
1786 2158 1839 2212 in
1863 2159 2030 2229 208

443 2237 853 2310 Heliopolitana
886 2241 1109 2314 regione
1144 2255 1326 2314 capto,
1364 2246 1629 2316 templum
1671 2247 1844 2304 instar
1896 2249 2028 2304 Hie-

441 2331 819 2403 rosolymitani
882 2335 1153 2392 condidit.
1220 2338 1532 2396 Demetrius
1589 2356 1756 2411 porro
1808 2343 2024 2400 Seleuci

441 2420 611 2485 ﬁlius,
650 2438 776 2478 cum
813 2425 989 2480 Roma
1019 2426 1072 2479 in
1123 2426 1296 2498 Syria:
1351 2428 1615 2498 Tripolim
1669 2431 2022 2502 profugisset,

437 2513 713 2570 Antiocho
736 2527 793 2572 et
825 2517 982 2588 Lysia
1011 2520 1452 2590 comprehensis,
1481 2532 1780 2592 utrumque
1797 2525 2022 2590 occidit,

438 2607 686 2662 secundo
720 2623 866 2663 anno
901 2611 1054 2681 regni
1111 2612 1398 2667 Antiochi.
1442 2613 1600 2683 Apud
1643 2615 1795 2671 hunc
1826 2617 2025 2672 Deme-

437 2700 606 2755 trium
671 2700 922 2759 Alcimus
979 2705 1272 2774 pontifex,
1334 2716 1390 2761 et
1444 2707 1761 2763 Judaeorum
1802 2710 2025 2766 exsules

437 2808 503 2848 ac
526 2793 921 2865 improbissimi
947 2797 1176 2868 quique,
1203 2798 1401 2854 Judam
1429 2800 1801 2857 Machabaeum
1843 2812 1900 2859 et
1935 2813 2024 2859 to-

436 2898 548 2944 tam
588 2899 806 2960 gentem
829 2889 898 2946 de
925 2891 1234 2948 interfectis
1268 2894 1411 2964 regis
1444 2895 1635 2951 amicis
1665 2910 2020 2956 accusarunt.

435 2982 554 3050 Qua
613 2983 998 3040 criminatione
1049 2984 1330 3052 irritatus,
1376 2988 1701 3044 Bacchidem
1766 2990 2022 3046 intimum

2138 484 2524 554 ἀμυνομένων.
2551 483 2715 538 Ἀλλὰ
2745 482 2956 555 τροφῆς
2981 479 3320 554 ιπιλιπούσης
3341 485 3519 551 αὐτοῖς,
3535 489 3642 541 πολ-

2136 571 2219 624 λοὶ
2244 571 2659 642 ἀπεδίδρασκον.
2681 570 2787 624 Τοῦ
2819 571 3005 640 μέντοι
3021 570 3362 636 Φιλίππου,δν
3396 575 3643 646 ἐπίτροπον

2135 663 2234 735 τῆς
2265 664 2544 736 βασιλείας
2588 665 2838 735 θνήσκων
2872 665 2900 716 δ
2927 664 3198 736 Ἀντίοχος
3238 666 3397 730 εἴασε,
3436 685 3645 739 σφετερι-

2136 757 2368 828 ζομινου
2394 756 2493 828 τὴν
2525 756 2829 828 βασιλείαν,
2851 755 3057 819 Λυσίας
3088 758 3116 810 δ
3143 761 3424 826 στρατηγὸς
3451 763 3532 814 καὶ
3558 760 3647 816 Ἀν.

2134 853 2338 924 τίοχος,
2366 852 2588 920 γνόντες
2621 850 2806 912 τοῦτο,
2841 850 2956 913 τοῖς
3012 849 3460 920 πολιορκουμένοις
3501 853 3650 906 tonsi.

2136 962 2320 1012 σαντα,
2340 944 2480 999 ὥστε
2517 943 2714 1005 αὐτοὺς
2743 944 2859 1006 τοῖς
2886 940 3160 1013 πατρῴοις
3179 942 3458 1013 κεχρῆσθαι
3479 945 3649 1014 νόμοις.

2134 1037 2446 1108 Είσδεχθεὶς
2473 1034 2569 1090 οὖν
2595 1037 2676 1100 είς
2709 1037 2808 1107 τὴν
2828 1035 2986 1088 πόλιν
3020 1035 3309 1106 Ἀντίοχος,
3334 1037 3422 1088 καὶ
3454 1036 3559 1089 ίδὼν
3583 1038 3655 1089 tim

2133 1130 2262 1185 ναὸν
2284 1128 2658 1201 ὀχυρώτατον,
2701 1127 2832 1189 τοὺς
2862 1127 3058 1196 ὅρκους
3108 1125 3357 1197 ήθέτησε,
3381 1128 3467 1180 καὶ
3491 1128 3544 1180 τὸ
3569 1131 3657 1181 τεῖ-

2133 1241 2230 1296 χος
2284 1222 2631 1293 κατέσκαψε,
2662 1222 2758 1275 καὶ
2787 1219 2959 1285 οὕτως
2993 1220 3297 1290 ὑπέστρεψε
3319 1237 3334 1252 ·
3359 1221 3445 1274 καὶ
3475 1221 3554 1274 τὶν
3578 1221 3660 1291 ἀρε

2134 1333 2218 1387 χιε
2229 1315 2328 1388 ρέα
2354 1314 2543 1370 Ὀνίαν
2569 1313 2941 1384 ἐπαγόμενος,
2958 1313 3016 1377 ὃς
3040 1314 3135 1367 καὶ
3153 1312 3416 1374 Μενέλαος
3435 1312 3659 1375 ἐκαλεῖτο,

2132 1409 2207 1471 ὡς
2261 1406 2528 1460 πείσαντα
2594 1405 2688 1459 τὸν
2745 1405 2961 1475 πατέρα
3019 1405 3188 1459 αὐτοῦ
3250 1404 3372 1468 τοὺς
3419 1404 3662 1466 Ἰουδαίους

2135 1500 2421 1572 βιάζεσθαι
2445 1499 2766 1569 παραϐῆναι
2795 1498 2862 1552 τὰ
2888 1497 2987 1568 ἔθη
3027 1498 3098 1552 τὰ
3131 1498 3353 1571 πάτρια,
3381 1499 3467 1550 καὶ
3491 1495 3666 1550 πολλῶν

2133 1592 2320 1647 κακῶν
2355 1594 2648 1663 γενόμενον
2676 1592 2872 1656 αἴτιον,
2899 1592 2960 1648 ὃν
2988 1593 3085 1645 καὶ
3105 1591 3323 1661 πέμψας
3340 1593 3414 1654 είς
3441 1590 3665 1662 Βέρροιαν

2133 1685 2232 1755 τῆς
2262 1685 2463 1756 Συρίας
2487 1683 2817 1755 διέφθειρεν,
2860 1684 2958 1755 ἔτη
2999 1684 3134 1738 δέκα
3167 1685 3264 1754 τῆς
3304 1681 3668 1755 ἀρχιερωσύνης

2133 1779 2506 1846 κρατήσαντα,
2530 1777 2793 1845 γεγονότα
2809 1775 2866 1829 δὲ
2879 1775 3072 1848 ἀσεϐῆ.
3094 1778 3152 1828 Ἀ
3163 1793 3274 1845 ρχιε
3287 1776 3406 1846 ρεὺς
3419 1775 3471 1828 δὲ
3487 1773 3668 1844 γέγονεν

2135 1869 2426 1936 Ἄλκιμος,
2449 1868 2508 1932 ὃς
2538 1868 2632 1922 καὶ
2660 1868 2922 1940 Ἰωακεὶμ
2950 1870 3227 1925 ἐκαλεῖτο.
3261 1869 3320 1922 Ὀ
3349 1869 3392 1921 δ’
3417 1867 3673 1937 Ἀντίοχος,

2129 1962 2452 2033 πολεμήσας
2487 1963 2623 2032 πρὸς
2642 1963 2935 2027 Φίλιππον,
2962 1965 3059 2018 καὶ
3085 1965 3490 2034 χειρωσάμενος
3520 1961 3675 2023 αὑτὸν,

2130 2056 2391 2109 ἔκτεινεν.
2421 2053 2570 2108 Ἰδὼν
2599 2055 2655 2108 δὲ
2691 2055 2719 2107 ὁ
2753 2055 2848 2108 τοῦ
2879 2055 3189 2129 ἀρχιερέως
3237 2056 3472 2126 Σίμωνος
3497 2053 3579 2107 τοῦ
3603 2057 3677 2105 Δι-

2129 2150 2284 2204 καίου
2315 2150 2432 2213 υίὸς
2459 2148 2663 2213 Ὀνίας,
2695 2147 2754 2201 ὃν
2802 2148 3017 2201 παιδίον
3050 2150 3076 2201 ό
3113 2147 3300 2220 πατὴρ
3330 2146 3596 2208 τελευτῶν,
3618 2142 3676 2204 ὡς

2127 2245 2366 2316 εῐρηται,
2387 2242 2809 2308 καταλέλοιπεν,
2835 2241 2918 2296 ὄτι
2949 2241 3050 2313 τὴν
3082 2240 3502 2314 ἀρχιερωσύνην
3527 2235 3682 2292 Ἀλκί-

2131 2355 2217 2409 μῳ
2257 2338 2491 2392 δέδωκεν
2519 2338 2546 2390 δ
2572 2337 2866 2408 ⁹Λντίοχος,
2895 2337 2969 2408 μὴ
3027 2335 3110 2406 τῷ
3141 2336 3295 2406 γένει
3329 2336 3406 2406 τῷ
3455 2334 3680 2404 ἀρχιεραο

2127 2429 2266 2501 τικῷ
2321 2430 2693 2501 προσήκοντι,
2733 2428 2930 2500 φεύγει
2967 2428 3113 2498 πρὸς
3151 2429 3485 2498 Πτολεμαῖον
3514 2426 3583 2488 είς
3613 2423 3687 2476 Δί-

2127 2539 2367 2592 γυπτονο
2392 2524 2488 2576 καὶ
2505 2520 2785 2594 τιμηθεὶς,
2809 2521 3081 2593 λαμϐάνει
3115 2521 3289 2576 τόπον
3321 2521 3378 2572 ὲν
3400 2518 3476 2587 τῷ
3507 2516 3686 2570 Ἠλιου·

2129 2613 2328 2686 πολίτῃ
2359 2612 2535 2686 νομῷ,
2593 2615 2690 2667 καὶ
2726 2613 2874 2685 ἱερὸν
2903 2615 3022 2667 ἐκεῖ
3067 2613 3400 2685 ᾠκοδόμησε
3427 2609 3502 2680 τῷ
3529 2609 3580 2660 ὲν
3609 2607 3690 2660 'it-

2130 2705 2454 2778 ροσολύμοις
2504 2705 2884 2778 παρεμφερές.
2938 2707 3260 2778 Δημήτριος
3301 2706 3380 2772 δὲ,
3410 2707 3585 2771 φυγὼν
3638 2699 3690 2749 ὲκ

2141 2796 2389 2870 Ῥώμης,
2453 2799 2482 2852 δ
2543 2797 2812 2852 Σελεύκου
2861 2798 2997 2864 υίὸς,
3056 2800 3159 2852 καὶ
3220 2796 3566 2866 καταντήσας
3611 2790 3691 2860 τῖς

2127 2891 2328 2963 Συρίας
2363 2893 2445 2954 είς
2477 2891 2763 2964 Τρίπολιν,
2805 2891 2898 2945 τόν
2947 2908 3007 2944 τε
3038 2890 3331 2962 Ἀντίοχον
3367 2891 3462 2943 καὶ
3491 2889 3573 2940 τὸν
3603 2885 3692 2938 Au-

2129 2984 2252 3037 σίαν
2281 2983 2580 3047 συλλαϐὼν,
2602 2984 2696 3037 καὶ
2726 2984 2895 3054 ἄμφω
2925 2983 3269 3054 διέφθειρεν,
3297 2983 3394 3036 ἐπὶ
3423 2980 3514 3035 δύο
3539 2983 3695 3032 ὲνιαυ·

435 3077 675 3131 amicum
701 3093 825 3133 cum
869 3079 1125 3134 maximis
1155 3080 1332 3148 copiis
1391 3082 1565 3146 misit,
1626 3084 2021 3154 mandavitque

2127 3078 2254 3141 τοὺς
2280 3077 2376 3130 τοῦ
2415 3076 2696 3148 ’Λντιόχου
2722 3076 3182 3147 βασιλεύσαντος.
3210 3076 3409 3147 Τούτῳ
3439 3076 3512 3144 τῷ
3538 3077 3697 3140 Δημηο

439 3177 499 3222 ut
531 3169 729 3224 ludam
762 3181 819 3226 et
851 3187 982 3226 suos
1012 3173 1312 3228 occideret.
1343 3174 1393 3228 ls
1426 3175 1481 3229 in
1528 3175 1771 3232 J-udzeam
1836 3177 2021 3248 profe-

435 3271 579 3328 ctus,
615 3261 810 3318 ludam
842 3273 898 3320 et
927 3265 1155 3322 fratrem
1188 3267 1308 3335 ejus
1332 3267 1398 3321 ad
1443 3283 1632 3336 pacem
1676 3270 2016 3339 provocavit.

439 3353 547 3410 Sed
591 3354 702 3410 illis
722 3355 884 3411 ﬁdem
912 3357 962 3411 ei
989 3373 1098 3412 non
1127 3358 1484 3421 habentibus,
1547 3360 1771 3428 quidam
1818 3361 2017 3431 plebeii

445 3448 702 3503 homines
729 3450 1088 3520 jurejurando
1112 3461 1361 3522 accepto,
1395 3451 1462 3506 ad
1497 3451 1650 3508 illum
1705 3454 2020 3526 transfuge-

433 3551 588 3606 runt,
618 3542 712 3610 qui
742 3551 926 3610 spreta
961 3543 1248 3614 religione,
1305 3561 1370 3599 ιχ
1429 3562 1622 3600 eorum
1678 3547 2018 3610 interfectis,

437 3640 667 3687 caeteros
686 3647 717 3686 a
754 3633 1063 3705 transfugio
1089 3634 1364 3690 deterruit
1389 3655 1405 3692 :
1427 3647 1485 3691 et
1513 3638 1580 3693 iis
1609 3638 1704 3708 qui
1741 3638 2016 3709 regionem

434 3723 769 3789 incolebant,
806 3724 1020 3782 Alcimo
1061 3727 1524 3799 pootiﬁciparere
1578 3731 1770 3799 jussis,
1826 3733 2023 3786 Antio-

433 3816 615 3873 chiam
646 3817 831 3892 rediit.
870 3819 1117 3876 Alcimus
1142 3837 1275 3878 vero
1320 3823 1567 3894 singulos
1615 3824 1817 3880 blande
1874 3825 2018 3879 allo-

431 3910 678 3982 quendo,
703 3919 761 3966 et
808 3911 1069 3968 omnibus
1088 3913 1198 3968 sibi
1235 3915 1568 3980 conciliatis,
1623 3917 1880 3972 celeriter
1904 3935 2018 3972 ma-

431 4017 600 4074 gnum
627 4003 931 4059 etercitum
955 4004 1207 4060 exsulum
1240 4006 1434 4079 majori
1476 4023 1542 4061 ex
1583 4017 1760 4078 parte.
1805 4020 1860 4065 et
1914 4009 2016 4063 itu-

431 4096 653 4163 piorum
683 4094 997 4162 hominum,
1024 4096 1320 4162 contraxit,
1346 4099 1548 4168 quibus
1579 4100 1644 4153 ad
1696 4099 1851 4155 Judae
1893 4109 2013 4154 stu-

430 4185 618 4242 diosos
636 4187 996 4243 trucidandos
1025 4188 1306 4243 utebatur.
1343 4189 1501 4254 Quod
1545 4193 1858 4261 exemplum
1885 4209 2009 4247 eum

428 4275 600 4334 Judas
626 4277 680 4334 in
705 4279 995 4336 adversam
1027 4280 1320 4336 factionem
1366 4289 1738 4352 retorqueret,
1767 4283 2012 4338 Alcimus

430 4370 770 4426 Demetrium
797 4373 1057 4441 perpulit,
1103 4373 1510 4428 utNicanorem
1535 4390 1659 4428 cum
1697 4377 2012 4445 ingentibus

429 4463 608 4532 c0piis
647 4474 839 4519 contra
898 4465 1095 4518 Judam
1151 4467 1410 4530 mitteret,
1472 4468 1890 4539 mandaretque,
1944 4488 2010 4526 ne

429 4554 581 4623 genti
615 4562 888 4623 parceret.
919 4555 969 4610 is
999 4556 1052 4610 in
1080 4556 1322 4611 Judaeum
1361 4559 1662 4628 profectus,
1694 4561 1888 4615 ludam
1918 4580 2014 4631 per

426 4645 672 4715 speciem
706 4645 1108 4716 paciﬁcationis
1140 4647 1268 4704 dolo
1285 4664 1482 4718 capere
1515 4651 1756 4705 instituit
1797 4675 1806 4707 :
1846 4670 1878 4707 a
1905 4671 2014 4723 quo

428 4737 542 4795 ﬁde
571 4737 700 4793 data
735 4747 1092 4808 acceptaque,
1129 4755 1254 4795 cum
1281 4741 1456 4810 ecpiis
1508 4743 1560 4796 in
1607 4744 1798 4800 urbem
1858 4763 2013 4802 rece-

429 4830 754 4903 ptus,intcr
792 4829 1146 4886 salutandum
1209 4843 1265 4888 et
1315 4834 1742 4905 colloquendum
1796 4839 2011 4908 signum

433 4924 527 4980 dat
552 4924 692 4990 suis,
727 4922 984 4977 utvirum
1019 4925 1515 4994 comprehendant.
1564 4927 1634 4981 At
1678 4929 1768 4982 ille
1803 4931 2016 4985 insidiis

425 5015 850 5082 animadversis,
880 5015 946 5070 ad
965 5015 1183 5072 Judzeos
1207 5019 1520 5087 prosiliens,
1540 5019 1754 5089 effugit.
1776 5021 2015 5076 Nicanor

429 5107 599 5178 igitur
628 5120 694 5161 eo
732 5117 932 5161 conatu
965 5107 1283 5175 frustratus,
1316 5110 1427 5178 jam
1456 5123 1647 5179 aperto
1691 5112 1863 5166 Marte
1898 5127 2011 5166 rem

425 5217 646 5274 gerens,
671 5201 925 5271 superior
959 5201 1154 5266 factus,
1179 5202 1319 5257 Juda
1353 5204 1406 5256 in
1453 5217 1638 5257 arcem
1696 5202 2013 5276 Hierosoly-

427 5296 695 5351 mitanam
747 5294 1056 5364 compulso,
1088 5294 1331 5350 minatur
1368 5295 1594 5364 populo,
1628 5297 1682 5350 ni
1733 5298 1885 5352 illum
1913 5299 2012 5353 de-

427 5387 581 5454 dant,
615 5403 674 5443 se
713 5389 978 5458 templum
1028 5404 1377 5445 eversurum.
1415 5389 1584 5445 Jutlas
1623 5407 1754 5448 vero
1806 5410 1935 5448 suos
1977 5411 2012 5448 ιι

429 5481 580 5537 viros
604 5481 672 5537 ad
701 5498 816 5536 rem
852 5481 1069 5536 fortiter
1101 5482 1395 5553 gerendam
1459 5484 1800 5550 cohortatus,
1838 5487 2014 5557 impe-

428 5583 547 5627 tum
573 5576 628 5630 in
658 5576 845 5630 hostes
875 5575 1028 5638 facit.
1083 5578 1285 5633 multos
1338 5577 1518 5643 euadit,
1572 5595 1635 5634 ac
1684 5580 1827 5636 inter
1871 5581 2009 5636 alios

432 5661 610 5728 ipsum
642 5681 852 5736 quoque
887 5668 1212 5724 Nicanorem
1249 5686 1263 5725 :
1304 5669 1503 5740 reliqui
1535 5672 1587 5725 in
1643 5671 1763 5742 fuga
1818 5688 2007 5729 omnes

2123 3170 2260 3242 τρίῳ
2288 3171 2318 3225 δ
2345 3171 2638 3240 ἀρχιερεὺς
2665 3168 2931 3240 ⁸’Λλκιμος
2961 3169 3317 3241 προσελθὼν,
3346 3168 3562 3222 καὶτῶν
3585 3163 3698 3216 ἰουι

2122 3264 2290 3319 δαίων
2354 3263 2543 3317 πολλοὶ
2601 3263 2842 3333 φυγάδες
2899 3263 2994 3317 καὶ
3043 3265 3312 3335 πονηροὶ,
3389 3261 3698 3328 κατηγόρουν

2123 3357 2299 3410 Ἰούδα
2346 3354 2441 3411 τοῦ
2478 3357 2870 3420 Μακκαϐαίου,
2916 3357 3012 3410 καὶ
3043 3357 3144 3410 τοῦ
3177 3357 3374 3420 ἔθνους
3409 3351 3616 3415 παντὸς,
3640 3347 3700 3409 ὡς

2121 3455 2247 3516 τοὺς
2279 3453 2447 3508 αὑτοῦ
2477 3454 2668 3524 φίλους
2701 3453 3106 3515 ἀπεκτονότων,
3138 3455 3204 3507 '0
3231 3454 3314 3521 δὲ,
3349 3447 3703 3522 παροξυνθεὶςν

2123 3545 2336 3615 πέμπει
2362 3546 2636 3615 Βακχίδην
2681 3544 2830 3616 αὐτῷ
2860 3545 3214 3599 οἰκειότατον
3273 3546 3417 3614 μετὰ
3469 3541 3704 3613 μεγίστης

2120 3637 2428 3707 δυνάμεως,
2448 3637 2829 3709 ἐντειλάμενος
2851 3638 3002 3708 αὒτῷ
3024 3640 3248 3691 κτεῖναι
3274 3638 3373 3691 καὶ
3390 3638 3482 3689 τὸν
3506 3632 3704 3690 Ἰούδαν.

2123 3729 2218 3781 καὶ
2269 3729 2396 3792 τοὺς
2439 3728 2538 3781 σὺν
2586 3729 2758 3799 αὐτῷ.
2787 3730 2906 3792 Ὃς,
2946 3729 3027 3791 είς
3075 3729 3182 3801 τὴν
3219 3729 3496 3782 Ἰουδαίαν
3542 3719 3706 3784 ἐλθὼν.

2121 3818 2338 3890 ἔπεμψε
2375 3819 2512 3891 πρὸς
2544 3818 2637 3872 τὸν
2660 3818 2866 3872 Ἰούδαν
2911 3819 3006 3872 καὶ
3049 3821 3187 3884 τοὺς
3243 3820 3421 3874 αὑτοῦ
3457 3816 3708 3884 ἀδελφοὺς.

2120 3914 2213 3965 ἐπὶ
2261 3913 2487 3981 εἰρήνην
2547 3911 2746 3975 αὐτοὺς
2794 3911 2998 3966 καλῶν.
3033 3913 3099 3966 Οἱ
3143 3913 3207 3968 δὲ
3241 3914 3348 3966 οὐκ
3409 3913 3710 3965 ἐπίστευσαν

2120 4001 2290 4073 αὐτῷ.
2320 4001 2476 4066 Τινὲς
2505 4003 2560 4056 δὲ
2581 4003 2690 4055 τῶν
2705 4002 2803 4056 τοῦ
2830 4004 2890 4073 δή
2902 4021 3030 4072 μου,
3056 4005 3341 4069 λαϐόντες
3364 4007 3561 4076 ὅρκους
3586 3999 3712 4069 παρὰ

2121 4093 2416 4163 Βακχίδου,
2449 4091 2760 4162 προσῆλθον
2781 4092 2950 4164 αὐτῷ.
2970 4093 3054 4158 ὃς,
3085 4096 3205 4148 τῶν
3236 4096 3432 4166 ὅρκων
3461 4107 3712 4160 καταφρα-

2117 4187 2307 4256 νήσας,
2355 4184 2622 4256 ἐξήκοντα
2670 4185 2879 4239 τούτων
2927 4186 3262 4252 ἀπέκτεινε,
3305 4191 3407 4244 καὶ
3462 4188 3601 4242 οὕτω
3629 4184 3718 4238 τῶν

2116 4276 2322 4330 λοιπῶν
2381 4277 2478 4348 τὴν
2528 4277 2704 4348 ὁρμὴν
2752 4278 2846 4332 τοῦ
2905 4278 3056 4349 αὐτῷ
3102 4285 3418 4349 προσιέναι
3478 4277 3712 4345 ἀνέκαιε.

2122 4369 2246 4433 Τοῖς
2277 4369 2323 4422 δ⁹
2357 4371 2416 4423 ὲν
2442 4371 2509 4440 τῇ
2548 4368 2702 4441 χώρᾳ
2737 4371 2872 4422 πᾶσι
2903 4371 3259 4441 προσέταξεν
3303 4376 3612 4429 ὑπακούειν
3641 4368 3719 4422 τοῦ

2120 4462 2427 4535 ἀρχιερέως
2456 4462 2744 4532 Ἀλκίμου.
2777 4465 2885 4517 Καὶ
2913 4465 3092 4518 ταῦτα
3120 4465 3618 4538 διαπραξάμενος,
3650 4462 3719 4521 εἰς

2120 4555 2453 4626 Ἀντιόχειαν
2483 4554 2809 4623 ἐπανῆλθεν.
2833 4557 3102 4626 ’Ἄλκιμος
3139 4559 3229 4625 δὲ,
3258 4560 3408 4631 πρὸς
3435 4561 3596 4632 χάριν
3614 4558 3719 4625 δμιο

2119 4649 2226 4701 λῶν
2245 4649 2480 4716 ἑκάστῳ,
2513 4648 2607 4700 καὶ
2626 4648 2834 4712 πάντας
2863 4649 3346 4722 ὑποποιούμενος,
3372 4655 3516 4723 ταχὺ
3545 4647 3723 4716 πολλὴν

2123 4740 2374 4805 συνέλεξε
2433 4738 2688 4808 δύναμιν,
2714 4733 2789 4792 ὧν
2827 4741 2876 4792 οί
2933 4742 3161 4806 πλείους
3199 4746 3273 4798 ὲκ
3305 4745 3429 4798 τῶν
3492 4743 3725 4816 φυγάδων

2119 4826 2259 4900 ἦσαν
2302 4833 2396 4884 καὶ
2430 4831 2663 4890 ἀσεϐῶν,
2695 4831 2761 4883 δι’
2792 4824 2868 4884 ὧν
2896 4833 3024 4896 τοὺς
3052 4837 3119 4886 τὰ
3157 4834 3358 4891 Ἰούδα
3403 4836 3724 4906 φρονοῦντας

2119 4924 2394 4976 ὲκτίννυεο
2429 4924 2522 4976 καὶ
2555 4922 2756 4986 Ἰούδας
2796 4922 2841 4974 δ’
2871 4924 3144 4994 ἑτέρωθεν
3190 4930 3336 4990 τοὺς
3365 4931 3441 4985 τὰ
3477 4926 3726 4996 Ἀλκίμου

2118 5016 2462 5086 πράττοντας
2488 5014 2818 5083 διέφθειρεν,
2851 5014 2876 5066 ὁ
2910 5013 2966 5066 δὲ
2992 5015 3082 5067 τὸν
3105 5016 3461 5091 Δημήτρςον
3489 5013 3728 5072 κατὰτοῦ

2117 5109 2290 5163 Ἰούδα
2310 5109 2556 5180 ήρέθιζε.
2590 5108 2806 5178 Πέμπει
2839 5108 3020 5161 τοίνυν
3049 5107 3221 5173 αὖθις
3256 5113 3288 5164 ὀ
3329 5113 3598 5183 βασιλεὺς
3646 5109 3730 5164 Νι·

2118 5203 2344 5271 κάνωρα
2409 5201 2549 5270 μετὰ
2603 5200 2870 5270 μεγίστης
2922 5200 3124 5270 χειρὸς,
3186 5205 3608 5276 ἐντειλάμενος
3649 5199 3729 5254 τοῦ

2116 5294 2305 5356 ἔθνους
2351 5293 2424 5362 μὴ
2454 5293 2769 5361 φείσασθαι.
2801 5293 3091 5357 Κάκεῖνος,
3125 5293 3446 5362 ἀπελθὼν,
3469 5297 3608 5367 δόλῳ
3645 5309 3732 5346 κα-

2115 5389 2341 5457 τασχεῖν
2396 5385 2722 5456 ἐπεχείρησε
2765 5385 2857 5436 τὸν
2913 5384 3138 5448 Ἰούδαν,
3165 5391 3277 5441 καὶ
3337 5391 3489 5462 πρὸς
3523 5389 3734 5459 εἰρήνην

2116 5478 2476 5550 προεκαλεῖτο
2509 5478 2694 5532 αὐτόν’
2717 5480 2744 5530 ὁ
2771 5477 2850 5542 δὲ,
2872 5478 3085 5541 πίστεις
3104 5478 3246 5542 δοὺς
3285 5487 3394 5536 καὶ
3420 5483 3629 5547 λαϐὼν,
3651 5478 3732 5532 τὸν

2115 5575 2415 5645 Νικάνωρα
2453 5574 2593 5644 μετὰ
2617 5574 2714 5643 τῆς
2733 5575 3018 5642 δυνάμεως
3043 5573 3416 5645 εἰσεδέξατο,
3441 5579 3541 5632 καὶ
3574 5578 3737 5629 dcit:-

2119 5674 2353 5743 σάμενος
2406 5671 2567 5741 αὐτὸν
2603 5673 2630 5724 ὁ
2656 5671 2917 5742 Νικάνωρ
2944 5672 3036 5724 καὶ
3067 5663 3491 5744 προσομιλῶν,
3521 5669 3738 5744 σημεῖον
