3918 6200
255 305 362 366 377
1521 319 1924 385 ANNALIUM
1963 325 2111 389 LIB.
2159 328 2260 392 IV.
3418 343 3528 403 3η

256 423 374 484 τοϊς
409 421 607 476 ἐαυτοῦ
637 422 838 478 δέδωκε
875 421 1162 478 συλλαϐεῖν
1209 423 1301 478 τδν
1330 426 1554 485 Ἰούδαν.
1598 432 1765 496 Γνοὺς
1791 434 1848 488 δὲ

1952 437 2181 494 cadunt.
2214 440 2306 498 Sic
2331 441 2538 498 Judaei:
2554 443 2955 518 aliquantisper
2979 464 3007 503 a
3030 448 3192 504 bellis
3212 451 3366 518 quies
3381 465 3532 520 parta

257 513 363 582 τὴν
392 515 696 586 ἐπιϐουλὴν
734 515 764 567 6
796 514 958 587 ἀνὴρ,
986 515 1124 584 πρὸς
1173 518 1300 580 τοὺς
1334 518 1625 586 Ἰουδαίους
1669 526 1841 596 ἐκπη-
1947 539 2056 585 est.

253 604 736 708 fjaacl-tﬁiguvs.
768 609 1112 708 Γνωσθιίσης
1133 611 1190 665 δὲ
1220 616 1358 708 τῆς.
1380 616 1620 687 ἐνέδρας,
1673 620 1919 690 φανερὰν
1961 624 2145 695 μάχην
2224 628 2628 700 συνεκρότησεν
2658 632 2685 684 6
2717 630 2998 706 Νικάνωρ,
3053 654 3149 691 και
3224 639 3511 708 νενίκηκεν

259 697 559 800 ,ξι-πύθευ
578 701 904 800 ’.Ιούδαςείς
946 703 1048 774 τὴν
1119 708 1230 759 τῶν
1309 707 1701 779 Ἰεροσολύμων
1775 713 2074 784 ἀκρόπολιν
2125 697 2426 789 κατέφυγε.
2475 723 2736 799 Νικάνωρ
2799 729 2857 782 δὲ
2901 697 3169 800 ἠπείλησε
3205 732 3282 798 τῷ
3325 697 3537 800 nifus!

259 797 342 865 μὴ
679 799 828 900 αξιτῷ
852 802 1553 900 Ατδν-’1ούδαν,ῃκαταξαλε⁴ίν
1612 807 1704 860 τὸν
1767 810 1916 863 ναόν.
1967 812 2026 866 ⁸0
2056 816 2112 869 δὲ
2141 817 2343 883 Ἰούδας
2378 823 2488 882 τοῖς
2515 826 2634 892 μετ’
2658 795 2822 879 αύτοῦ
2845 795 3039 897 χιλίοις
3061 795 3180 882 ούσι
3209 795 3535 900 διαλεχθεὶς,

255 889 611 986 ξτρῷρμησι
819 895 898 986 εἷς
921 896 1232 967 ἀλκὴνοκαὶ
1267 899 1566 967 συμσιλὼν
1627 903 1743 965 τοῖς
1810 904 2115 975 πολεμίοις,
2175 913 2422 984 ἐνίκησε,
2488 889 2702 972 πολλῶν
2748 889 3046 986 πεσόντων,
3077 923 3172 976 καὶ
3228 889 3396 977 αὐτού
3438 889 3537 976 τού

253 982 701 1082 Νικάνωρος.οί
725 985 782 1040 δέ
824 985 1006 1040 λοιποὶ
1069 987 1323 1057 ἔφευγον,
1384 993 1482 1045 καὶ
1523 993 1726 1057 πάντες
1788 995 2110 1068 ἐφθάρησαν
2170 982 2760 1080 καταλαμϐανόμενοι·
2825 1014 2922 1066 καὶ
2981 982 3126 1067 ούτω
3175 1013 3312 1082 πρὸς
3357 1011 3539 1080 ὀλίγον

256 1077 512 1133 Ἰουδαῖοι
541 1082 605 1133 ἐκ
634 1079 744 1134 τῶν
777 1082 1036 1152 πολέμων
1061 1084 1465 1141 ἀνεπαύσαντο.

332 1170 467 1226 KB’.
495 1172 610 1227 Τοῦ
640 1172 707 1227 δέ
729 1175 1037 1246 ἀρχιερέως
1079 1177 1374 1249 Ἀλκίμου,
1427 1180 1523 1233 τοῦ
1566 1183 1660 1234 καὶ
1697 1183 1848 1238 Ἰωα-

2019 1189 2187 1246 XXII.
2226 1193 2495 1250 Pontiﬂce
2530 1196 2765 1262 Alcime,
2798 1196 2915 1253 sive
2939 1197 3249 1261 Joaehimo,
3285 1212 3350 1250 ex
3383 1195 3536 1265 plaga

254 1267 416 1335 κεὶμ,
445 1268 699 1340 θεηλάτῳ
721 1269 1012 1341 βληθέντος
1037 1273 1245 1344 πληγῇ,
1283 1275 1377 1327 καὶ
1405 1275 1551 1328 οὕτω
1575 1277 1674 1346 τὴν
1701 1277 1848 1348 ζωὴν

1950 1281 2218 1338 divinitus
2268 1283 2512 1340 immissa
2549 1297 2671 1357 post
2707 1300 2964 1358 quartum
2994 1288 3290 1342 sacerdotii
3325 1301 3532 1341 annum

253 1361 689 1432 ἀπορῤἠξαντος
713 1363 852 1434 μετά
875 1363 969 1436 ἐτη
996 1365 1242 1438 τέσσαρα
1269 1368 1364 1420 τοῦ
1388 1371 1845 1441 ἀρχιερατεῦσαι,

251 1452 336 1520 τῷ
394 1455 574 1525 Ἰοίδᾳ
631 1455 733 1523 τὴν
798 1457 1217 1531 ἀρχιερωσύνην
1267 1461 1564 1530 ἀπένειμεν
1615 1464 1644 1516 6
1692 1463 1843 1529 λαός.

263 1545 547 1611 ’Δκούσας
574 1547 631 1600 δὲ
663 1547 871 1612 Ἰούδας
893 1549 1037 1619 μέγα
1061 1551 1322 1606 δλᾶνασθαι
1351 1556 1477 1618 τοὺς
1518 1555 1844 1626 Ῥωμαίους,

248 1639 352 1691 καὶ
385 1639 761 1709 χειρώσασθαι
793 1639 1062 1708 Γαλάτας,
1091 1645 1184 1696 καὶ
1215 1643 1434 1715 Ἰϐηρας
1476 1647 1571 1700 καὶ
1618 1648 1844 1720 Καρχη-

246 1730 487 1795 δονίους,
527 1733 622 1783 καὶ
685 1732 909 1798 Λίϐυας,
955 1736 1049 1787 καὶ
1081 1736 1181 1805 τὴν
1234 1735 1461 1791 Ἐλλάδα
1501 1741 1704 1806 πᾶσαν,
1752 1742 1848 1795 καὶ⁹

246 1824 386 1885 τοὺς
423 1822 672 1892 βασιλεῖς
707 1825 926 1894 Περσέα
956 1827 1054 1879 καὶ
1080 1825 1372 1890 Φίλιππον,
1419 1831 1514 1882 καὶ
1546 1831 1843 1902 Ἀντίοχον,

247 1915 477 1987 ἔπεμψε
513 1916 698 1985 φιλίαν
747 1918 935 1974 αίτῶν.
972 1920 1084 1973 Καὶ
1113 1921 1411 1992 Δημητρίῳ
1452 1923 1658 1994 γράψαι
1691 1925 1844 1994 ἠξίου

246 2007 330 2078 μὴ
355 2008 627 2078 πολεμεῖν
659 2007 958 2074 Ἰουδαίοις.
1011 2011 1072 2064 Ἠ
1101 2012 1156 2065 δὲ
1202 2014 1508 2085 σύγκλητος
1540 2018 1636 2068 καὶ
1663 2018 1845 2088 φιλίαν

243 2102 604 2172 ὡμολόγησε,
623 2105 721 2158 καὶ
747 2109 1070 2178 συμμαχεῖν,
1089 2109 1373 2174 Ἰουδαίοις
1401 2113 1715 2168 κατένευσε.
1738 2116 1846 2185 Δη-

248 2198 495 2268 μήτριος
527 2198 607 2264 δέ,
640 2197 730 2251 τὸν
758 2197 992 2252 θάνατον
1018 2200 1205 2269 μαθὼν
1234 2203 1328 2256 τοῦ
1363 2205 1706 2274 Νικάνωρος,
1753 2210 1848 2262 καὶ

243 2292 349 2358 τῆς
387 2292 658 2362 στρατιᾶς
710 2289 811 2361 τὴν
859 2291 1161 2359 ἀπώλειαν,
1213 2295 1378 2349 πάλιν
1425 2297 1518 2349 τὸν
1575 2298 1846 2367 Βακχίδην

241 2384 602 2440 ἀπέστειλεν.
645 2384 706 2438 Ὀ
738 2384 794 2438 δέ
818 2385 952 2454 πρὸς
981 2386 1073 2440 τὸν
1087 2387 1292 2442 Ἰούδαν
1327 2389 1612 2458 ἠπείγετο,
1653 2393 1845 2464 ἐστρα-

244 2477 631 2531 τοπεδευκότα
658 2478 716 2530 ἐν
742 2495 852 2532 τινι
879 2478 1042 2551 κώμη
1079 2480 1217 2550 μετά
1256 2481 1467 2551 χιλίων.
1509 2483 1574 2537 Οί
1612 2483 1674 2536 τὸ
1707 2487 1845 2554 μετὰ

242 2569 534 2640 Βακχίδου
583 2569 865 2632 δείσαντες
910 2573 1251 2643 στράτευμα,
1279 2574 1676 2629 συνεϐούλευον
1697 2577 1846 2648 αύτῷ

241 2665 571 2733 ἀναχωρεῖν
593 2663 686 2716 καὶ
721 2662 1014 2728 σώζεσθαι.
1057 2666 1143 2728 Ὠς
1174 2666 1219 2719 δ’
1251 2668 1482 2731 ἐκεῖνος,
1515 2667 1612 2736 Μὴ
1643 2668 1842 2738 τοῦτο,

241 2753 434 2817 εἶπεν,
466 2754 586 2809 τδοι
627 2757 944 2825 γινόμενον
959 2757 1149 2826 ἥλιος,
1171 2757 1328 2814 ὥστε
1454 2759 1612 2817 νῶτα
1636 2763 1846 2819 δοῦναι

240 2845 381 2915 τοῖς
437 2847 764 2916 ἐναντίοις,
815 2851 996 2904 πολλοὶ
1052 2853 1163 2908 «ὒν
1221 2855 1341 2926 μετ’
1394 2856 1562 2909 αὐτοῦ
1618 2857 1844 2925 ἔφυγον.

1948 1384 2189 1440 mortuo,
2231 1379 2467 1447 populus
2501 1380 2656 1434 Juda:
2697 1381 3078 1451 pontiﬁcatum
3125 1381 3287 1450 209
3339 1380 3536 1434 decre-

1949 1469 2045 1522 vit.
2089 1467 2190 1536 Qui
2241 1486 2365 1525 cum
2401 1471 2667 1534 audisset,
2704 1487 2956 1542 magnam
3000 1487 3121 1526 esse
3156 1473 3532 1526 Romanorum

1879 1562 2274 1646 Bpotcntiam,
2330 1578 2535 1633 eosque
2585 1563 2868 1634 subegisse
2923 1561 3173 1628 Galatas,
3232 1560 3532 1631 Hispanos,

1950 1654 2432 1726 Carthaginenses,
2484 1655 2736 1728 Libyam,
2789 1665 2956 1710 totam
2985 1655 3273 1720 Grmciam,
3303 1665 3360 1711 et
3397 1655 3532 1710 Per-

1948 1763 2126 1811 seum,
2161 1748 2477 1820 Philippum
2506 1761 2672 1819 atque
2705 1748 3040 1802 Antiochum
3076 1762 3266 1818 rcges:
3323 1747 3536 1816 legatos

1946 1841 2230 1896 societatis
2251 1842 2502 1910 petendae
2524 1857 2687 1896 causa
2711 1842 2883 1903 misit,
2909 1839 3230 1910 rogavitque
3255 1847 3314 1893 ut
3341 1839 3506 1893 Deme
3528 1872 3533 1875 -

1951 1935 2057 1990 trio
2085 1935 2414 2000 scriberent,
2449 1952 2516 1990 ne
2551 1935 2756 1991 Judwis
2785 1933 2991 1988 bellum
3026 1933 3274 1988 inferret.
3316 1935 3392 1986 Ac
3427 1931 3534 1985 Ro-

1948 2025 2095 2080 mani
2148 2025 2370 2096 quidem
2422 2034 2475 2081 et
2527 2026 2826 2080 amicitiam
2872 2035 2927 2080 et
2977 2026 3297 2079 societatem
3329 2022 3533 2077 Judazis

1947 2119 2339 2188 promiserunt.
2399 2117 2713 2174 Demetrius
2754 2127 2936 2172 autem
2988 2127 3162 2171 morte
3223 2114 3530 2175 Nicanoris,

1946 2224 1998 2267 et
2036 2211 2416 2268 internecione
2442 2213 2720 2266 exercitus
2735 2209 2975 2281 cognita,
3002 2209 3184 2264 denuo
3203 2207 3531 2264 Bacchidem

1947 2305 2133 2360 misit:
2167 2303 2263 2374 qui
2296 2320 2424 2360 cum
2469 2303 2537 2358 ad
2573 2303 2769 2360 ludam
2807 2310 3150 2372 properaret,
3190 2300 3243 2354 in
3293 2298 3532 2368 quodam

1947 2398 2070 2452 vico
2114 2411 2238 2451 cum
2287 2397 2403 2451 suis
2445 2395 2593 2451 mille
2625 2395 2763 2450 viris
2792 2401 3273 2456 castrametatum,
3316 2390 3351 2444 ii
3384 2397 3532 2443 metu

1947 2488 2231 2559 copiarum
2267 2489 2437 2553 illius,
2470 2487 2624 2544 Iuda:
2651 2486 2943 2542 recedendi
2972 2494 3026 2540 ct
3051 2484 3248 2539 salutis
3278 2496 3534 2552 (μιαν-οη-

1949 2580 2030 2634 da:
2066 2590 2324 2635 auctores
2368 2579 2612 2634 fuerunt.
2649 2579 2766 2649 Ipse
2810 2594 2942 2633 vero
2973 2577 3152 2631 dixit:
3194 2575 3337 2629 Absit
3365 2581 3420 2625 ut
3454 2569 3536 2625 sol

1947 2675 2121 2729 videat
2148 2690 2230 2727 me
2260 2681 2463 2744 tergum
2494 2673 2624 2725 dare
2649 2673 2898 2726 hostibus.
2935 2672 3004 2725 Et
3035 2669 3286 2739 quamvis
3315 2666 3468 2720 multi
3503 2680 3534 2720 c

1951 2765 2068 2821 suis
2091 2765 2485 2836 profugissem,
2513 2776 2693 2820 tamen
2720 2765 2812 2818 diu
2835 2779 2993 2833 aequo
3019 2763 3191 2816 Marte
3221 2775 3344 2815 cum
3377 2759 3534 2813 hoste

1951 2857 2220 2911 certavit:
2257 2867 2312 2911 et
2347 2857 2494 2911 circa
2527 2856 2660 2911 solis
2687 2870 2968 2919 occasum,
2999 2869 3123 2909 cum
3153 2850 3536 2909 audacissimis

242 2937 564 3007 Συμϐαλὼν
590 2937 646 2991 δὲ
676 2939 754 3008 τῷ
781 2939 1048 3014 Βακχίδῃ,
1088 2944 1250 3016 μέχρι
1279 2944 1477 3000 πολλοῦ
1500 2948 1846 3019 ἀγχωμάλως

1952 2949 2159 3018 impetu
2213 2947 2268 3002 in
2299 2963 2471 3002 cornu
2520 2948 2775 3002 dextrum
2804 2945 2972 3009 iacto,
3006 2945 3060 2998 in
3093 2960 3203 3014 quo
3233 2941 3537 2998 Bacchides

243 3031 524 3102 ἐμάχετο.
582 3033 720 3104 Περὶ
753 3033 811 3086 δέ
843 3051 907 3102 γε
950 3035 1167 3108 δυσμὰς
1211 3039 1504 3108 ἐπιϐρίσας
1564 3043 1702 3108 μετά
1739 3040 1849 3095 τῶν

241 3124 649 3196 ιωυχοτάτων
677 3127 736 3180 ἐν
763 3126 840 3198 τῷ
868 3127 1026 3202 δεξιῷ
1057 3131 1275 3201 κέρατι,
1319 3133 1456 3187 ὅπου
1515 3138 1611 3188 καὶ
1650 3135 1677 3188 6
1703 3135 1849 3188 Βακ-

242 3218 416 3289 χίδης
441 3213 536 3290 ἦν,
567 3218 667 3290 τὴν
702 3221 964 3290 φάλαγγα
1029 3223 1260 3296 διασπᾷ,
1309 3227 1406 3280 καὶ
1455 3225 1724 3298 ἐτρέψατο
1770 3228 1850 3293 είς

241 3310 466 3376 φυγήν
515 3307 840 3372 ἐπελθόντες
890 3310 938 3362 δ’
989 3312 1038 3365 oi
1083 3315 1226 3368 κατά
1253 3314 1314 3369 τὸ
1365 3315 1668 3388 εὐώνυμον,
1722 3317 1852 3372 ἐκύ-

241 3399 482 3452 κλωσαν
502 3399 598 3452 τὸν
644 3399 873 3456 Ἰούδαν.
909 3402 967 3456 Ὀ
1000 3403 1058 3456 δέ
1096 3405 1226 3470 στὰς
1255 3407 1495 3478 ἐμάχετο
1558 3409 1696 3478 μετά
1740 3410 1849 3466 τῶν

248 3495 359 3547 σὺν
385 3494 561 3561 αύτῷ.
597 3492 694 3546 καὶ
761 3495 992 3559 πολλοὺς
1029 3497 1270 3564 κτείνας,
1322 3499 1476 3562 τέλος
1538 3501 1633 3554 καὶ
1688 3503 1850 3566 αὐτὸς

243 3588 484 3640 ἔπεσεν·
507 3578 570 3639 οὖ
610 3587 892 3651 πεσόντος,
927 3588 977 3640 oi
1004 3588 1104 3640 crint
1135 3588 1284 3659 αύτῷ
1317 3589 1540 3660 ἔφυγον.
1583 3592 1706 3647 Ἐπὶ
1733 3594 1848 3663 τρία

245 3696 354 3733 ’τον
397 3679 446 3733 δ’
474 3678 596 3744 ἔτος
623 3682 690 3751 τῇ
721 3681 1106 3754 ἀρχιερωσύνη
1134 3682 1448 3756 ἐμπρέψας,
1491 3687 1585 3739 καὶ
1605 3689 1852 3754 γεννιϊος

246 3770 404 3842 ἀνὴρ
441 3770 706 3839 γεγονὼς,
761 3772 855 3824 καὶ
885 3771 1027 3842 ὑπὲρ
1048 3775 1148 3843 τῆς
1183 3773 1503 3843 ἐλευθερίας
1522 3774 1618 3828 τοῦ
1660 3775 1852 3839 ἔθνους

247 3865 442 3920 πάντα
492 3864 586 3916 καὶ
647 3863 848 3934 δρᾶσαι
897 3863 991 3916 καὶ
1046 3864 1244 3918 παθεῖν
1302 3866 1520 3935 ἕτοιμος
1587 3866 1850 3934 γεγονὼς,

246 3959 528 4012 ἀπέθανε.
578 3957 848 4023 Θανόντος
877 3959 926 4013 δ’
964 3960 1202 4028 ἐκείνου,
1241 3963 1354 4025 τοῖς
1383 3962 1693 4032 ἀσεϐήσασι
1741 3963 1852 4018 τῶν

246 4050 544 4105 Ἰουδαίων
611 4051 706 4102 καὶ
753 4041 1182 4120 “παραϐεϐηκόσι
1225 4053 1294 4106 τὰ
1347 4053 1555 4126 πάτρια
1602 4054 1699 4125 τὴν
1753 4055 1852 4125 τῆς

248 4141 450 4214 χώρας
489 4140 812 4211 ἐπιμέλειαν
839 4141 868 4192 6
896 4141 1170 4212 Βακχίδης
1200 4141 1448 4196 ἀνέθετο.
1497 4143 1560 4196 Οί
1595 4142 1653 4195 δὲ
1707 4159 1854 4194 παν-

248 4232 423 4295 τοίως
467 4231 597 4295 τοὺς
666 4229 976 4300 ὁμοφύλους
1021 4231 1282 4296 ἐκάκουν,
1333 4234 1432 4286 καὶ
1510 4234 1636 4296 τοὺς
1675 4231 1848 4286 Ἰούδα

248 4323 580 4394 ὁμόφρονας
631 4323 1127 4393 συλλαμϐάνοντες,
1159 4323 1238 4394 τῷ
1270 4323 1509 4395 Βακχίδῃ
1545 4326 1847 4396 προσῆγον,

250 4415 358 4470 καὶ
401 4415 461 4479 δς
499 4413 733 4479 αίκίζων
757 4416 963 4481 αὐτοὺς
1013 4416 1306 4487 πρότερον,
1361 4411 1483 4469 εἶτα
1523 4416 1850 4486 διέφθειρεν.

251 4509 322 4562 οι
371 4507 434 4562 δέ
496 4523 563 4576 γε
623 4506 932 4579 περίλοιποι
959 4506 1069 4560 τῶν
1107 4508 1343 4578 ἑταίρων
1373 4506 1546 4560 Ἰούδα
1591 4507 1852 4578 Ἰωνάθην

251 4602 351 4654 τὸν
382 4599 620 4668 ἀδελφὸν
670 4599 880 4653 ἐκείνου
925 4599 1211 4663 πείσαντες
1243 4599 1354 4652 τῶν
1396 4598 1672 4653 Ἰουδαίων
1706 4601 1849 4653 ἀπο-

252 4691 581 4746 δεικνύουσι
615 4692 944 4762 στρατηγόν.
978 4692 1090 4746 Καὶ
1115 4694 1144 4745 6
1194 4691 1470 4763 Βακχίδης
1529 4693 1852 4747 ἀποκτεῖναι

252 4784 398 4856 δόλῳ
425 4785 522 4838 τὸν
542 4783 805 4857 Ἰωνάθην
837 4783 1045 4854 ἐζήτειο
1082 4785 1110 4837 6
1173 4784 1231 4837 δὲ
1286 4785 1427 4854 μετά
1469 4784 1565 4838 τοῦ
1615 4784 1850 4854 ἀδελφοῦ

253 4876 513 4946 Σίμωνος
562 4877 660 4929 καὶ
713 4877 822 4928 τῶν
847 4875 1086 4946 ἑταίρων
1119 4877 1199 4939 είς
1251 4877 1462 4948 ἔρημον
1523 4875 1715 4945 ἔφυγε,
1757 4876 1853 4930 καὶ¹

256 4967 348 5022 ἐπ’
387 4968 594 5032 αὐτοὺς
640 4968 970 5040 ὁΒακχίδης
1037 4969 1316 5040 ὡρμήκει.
1375 4969 1434 5022 '0
1493 4968 1537 5022 δ’
1591 4969 1850 5040 Ἰωνάθης

256 5061 355 5115 τδν
382 5061 618 5129 ἀδελφὸν
656 5059 912 5132 Ἰωάννην
955 5061 1093 5131 πρὸς
1140 5064 1267 5124 τοὺς
1290 5061 1634 5125 Ναϐαταίους
1657 5062 1850 5131 ’Ἄρα-

260 5150 362 5213 ϐας
395 5150 650 5222 ἐπεμψεν
696 5147 858 5224 (ἦσαν
886 5153 996 5223 γὰρ
1050 5152 1220 5224 φίλοι)
1257 5154 1712 5222 παραθησόμενον
1755 5153 1853 5206 αύ-

259 5245 374 5306 τοῖς
405 5243 506 5314 τὴν
558 5247 896 5314 ἀποσκευήν.
957 5245 1218 5299 ’Δπιόντα
1249 5246 1306 5298 δὲ
1350 5245 1542 5300 τοῦτον
1570 5248 1620 5300 oi
1672 5247 1850 5318 Ἀμα-

265 5335 416 5404 ρείου
447 5337 661 5400 παῖδες,
693 5329 1048 5407 λοχῆσαντες,
1081 5339 1352 5390 κτείνουσι
1389 5337 1488 5390 σὺν
1508 5341 1622 5401 τοῖς
1649 5339 1850 5407 ἐπομέ-

263 5444 402 5491 νοις,
437 5430 534 5482 καὶ
570 5432 638 5485 τὰ
665 5431 1003 5500 νομιζόμενα
1051 5431 1410 5503 διηρπάκασι.
1472 5429 1745 5500 Βακχίδης
1791 5431 1848 5484 δὲ

261 5520 324 5573 ιν
353 5521 622 5593 Σαϐϐάτῳ
651 5526 743 5579 τὸν
769 5524 1030 5579 Ἰωνάθαν
1062 5523 1269 5596 ἐζήτει,
1309 5527 1406 5578 καὶ⁴
1464 5523 1702 5593 ἐπῆλθεν
1733 5523 1842 5594 (51)

1877 4273 1929 4332 D

1953 3041 2204 3108 curabat,
2251 3042 2571 3113 phalangem
2615 3040 2901 3111 disjectam
2942 3040 2998 3094 in
3031 3037 3210 3106 fugam
3247 3032 3532 3104 compulit.

1951 3135 2056 3202 Qui
2097 3144 2280 3190 autem
2310 3133 2366 3188 in
2407 3135 2631 3189 siniStro
2665 3149 2838 3188 cornu
2870 3139 3051 3191 erant,
3077 3127 3271 3184 Judam
3298 3126 3535 3180 circum-

1951 3234 2262 3280 venerunt:
2296 3225 2390 3295 qui
2424 3225 2554 3279 dum
2603 3238 2839 3294 pugnam
2865 3237 2989 3276 cum
3029 3222 3143 3276 suis
3177 3218 3304 3282 ciet,
3347 3215 3536 3270 multis

1951 3316 2128 3382 cassis,
2166 3316 2386 3372 tandem
2424 3325 2480 3371 et
2515 3316 2630 3386 ipse
2671 3315 2838 3369 cadit.
2897 3314 3028 3368 Post
3061 3311 3220 3366 ducis
3251 3309 3534 3365 interitum

1952 3410 2156 3466 milites
2183 3425 2404 3481 quoque
2447 3409 2726 3480 fugerunt.
2765 3407 2915 3464 Obiit
2977 3406 3142 3462 tertio
3186 3403 3538 3474 pontiﬁcatus

1953 3504 2216 3575 praeclare
2246 3503 2384 3572 gesti
2427 3517 2596 3567 anno,
2621 3516 2746 3556 cum
2773 3499 2998 3570 quidem
3037 3513 3096 3554 se
3127 3497 3305 3551 virum
3337 3495 3532 3549 fortem

1954 3595 2321 3666 prrestitisset,
2371 3609 2470 3664 pro
2504 3593 2758 3649 libertate
2796 3593 2989 3663 patria;
3021 3590 3243 3661 quidvis
3267 3597 3322 3644 et
3353 3587 3537 3640 facere

1954 3696 2010 3742 et
2037 3686 2252 3756 perpeti
2305 3695 2550 3754 paratus.
2601 3686 2731 3740 Post
2781 3685 2928 3740 illius
2977 3682 3283 3742 interitum,
3332 3677 3538 3733 ludatis

1956 3776 2142 3846 impiis
2170 3783 2226 3830 et
2257 3775 2560 3846 patriorum
2603 3774 2785 3845 legum
2836 3772 3204 3828 violatoribus
3237 3765 3537 3822 Bacchides

1955 3867 2252 3938 provinciae
2282 3865 2819 3920 administrationem
2863 3861 3185 3916 mandavit:
3223 3857 3316 3928 qui
3363 3871 3537 3927 popu-

1953 3958 2098 4012 lares
2141 3972 2271 4011 suos
2319 3956 2488 4010 variis
2523 3955 2703 4010 modis
2743 3953 3006 4018 alllixere,
3051 3961 3106 4007 et
3144 3950 3298 4006 Juda:
3330 3946 3538 4002 amicos

1955 4049 2386 4118 comprehensos
2413 4049 2479 4101 ad
2509 4045 2838 4101 Bacchidem
2872 4046 3242 4106 adduxerunt,
3275 4056 3414 4112 quos
3447 4041 3536 4094 ille

1956 4141 2114 4210 prius
2138 4139 2489 4194 excruciatos
2532 4137 2769 4192 necavit.
2818 4136 2924 4192 Sed
2973 4151 3098 4190 cum
3130 4133 3372 4202 reliquiae
3397 4132 3536 4186 ami-

1956 4249 2146 4288 corum
2202 4232 2378 4298 Judaa,
2433 4232 2586 4286 fratri
2644 4233 2764 4303 ejus
2810 4231 3060 4286 Jonathze
3107 4227 3534 4298 persuasissent,

1958 4337 2019 4381 ut
2049 4327 2363 4382 luela-orum
2420 4326 2531 4379 dux
2575 4340 2698 4380 esse
2730 4325 2892 4380 vellet
2921 4341 2936 4377 :
2979 4319 3278 4376 Bacchides
3310 4317 3536 4373 insidias

1953 4419 2003 4473 ci
2070 4417 2326 4482 tetendit,
2377 4430 2586 4472 etcum
2636 4416 2802 4472 sociis
2838 4417 2892 4471 in
2923 4415 3200 4470 desertum
3245 4411 3534 4481 profugum

1951 4511 2209 4582 persequi
2257 4511 2574 4565 maturavit.
2624 4509 2890 4566 Jonathas
2934 4522 3066 4561 vero
3111 4505 3338 4559 fratrem
3367 4503 3536 4558 Joan-

1951 4619 2102 4668 nem,
2159 4603 2226 4657 ad
2281 4603 2607 4659 Nabathreos
2659 4601 2873 4656 Arabes
2925 4599 3156 4662 amicos,
3206 4605 3267 4650 ut
3299 4594 3534 4665 impedi-

1951 4707 2136 4750 menta
2187 4696 2404 4749 illorum
2467 4697 2592 4750 lidei
2647 4694 2930 4757 crederet,
2990 4691 3184 4745 misit:
3219 4706 3383 4760 quem
3429 4705 3533 4741 una

1952 4805 2078 4844 cum
2124 4789 2421 4844 eomitilms
2472 4788 2704 4842 Ληιστιεί
2755 4785 2915 4841 liberi
2951 4784 3007 4837 in
3044 4785 3244 4838 itinere
3295 4781 3535 4836 sarcinis

1951 4883 2205 4953 direptis,
2261 4897 2360 4952 per
2409 4881 2637 4935 insidias
2671 4877 3015 4933 occiderunt.
3069 4874 3372 4930 Bacchides
3402 4887 3535 4926 vero

1953 4991 2078 5030 cum
2123 4975 2412 5031 Jonatham
2464 4973 2706 5026 Sabbato
2737 4976 3031 5040 quaereret,
3099 4975 3254 5022 ratus
3308 4976 3534 5036 propter

1952 5067 2149 5122 festum
2186 5081 2294 5119 non
2341 5072 2734 5133 pugnaturum,
2783 5059 3051 5129 deceptus
3089 5067 3194 5115 est.
3236 5058 3372 5112 Nam
3403 5069 3531 5111 cum

1949 5155 2182 5210 salutem
2211 5153 2412 5206 civium
2443 5151 2528 5219 agi
2560 5149 2793 5209 diceret,
2844 5149 2964 5203 acie
3021 5149 3312 5208 instructa,
3343 5144 3532 5198 multis

1951 5247 2167 5304 occisis.
2195 5245 2388 5300 stricto
2421 5258 2556 5298 ense
2599 5244 2866 5312 impetum
2914 5241 2968 5294 in
3013 5239 3340 5295 Bacchidem
3381 5237 3530 5291 fecit.

1951 5337 2057 5392 Sed
2088 5337 2251 5408 κιο
2275 5351 2400 5389 cum
2435 5335 2767 5398 aberrasset,
2799 5347 2927 5387 cum
2965 5333 3081 5387 suis
3123 5331 3288 5385 sociis
3328 5330 3381 5382 in
3416 5343 3530 5380 am-

1949 5444 2074 5483 nem
2115 5427 2358 5486 desiluit.
2397 5441 2636 5496 eumque
2691 5427 2950 5481 tranavit.
3002 5423 3302 5478 Bacchides
3343 5420 3395 5472 in
3441 5435 3533 5471 ea-

1948 5520 2166 5575 stellum
2200 5518 2752 5590 Hierosolymitanum
2788 5532 3064 5582 reversus,
3095 5514 3403 5584 principum
3434 5511 3531 5566 Ju-

1467 5637 1666 5698 V’ariaa
1701 5635 2012 5698 lectiones
2043 5644 2105 5696 et
2142 5639 2332 5696 notae.

339 5764 454 5835 (51)
498 5766 602 5821 Ἑν
646 5764 926 5830 Σαϐϐάτῳ
977 5765 1082 5822 τὸν
1128 5766 1416 5824 Ἰωνὰθαν
1462 5763 1668 5832 ἐζήτει,
1732 5763 1828 5821 καί
1865 5763 2152 5832 ἐπῆλθεν.
2199 5761 2335 5819 Cod.
2371 5762 2443 5818 al.
2477 5763 2534 5816 ἐν
2578 5761 2844 5829 Σαϐϐάτῳ
2891 5760 2964 5814 τῶ
3004 5757 3228 5819 Ίωνὰθᾳ
3262 5754 3513 5814 mica».
