3918 6200
364 294 475 355 379

1636 283 1965 348 JOANNIS
1998 280 2320 344 ZONARIE

3536 280 3647 344 3%

360 406 617 457 dreorum
659 399 805 457 ﬁlios
844 396 1075 455 obsides
1119 404 1375 467 sumptos
1404 394 1461 451 in
1492 409 1626 451 arce
1660 393 1950 451 conclusit.

2062 389 2237 461 αὐτῷ,
2264 390 2342 455 ὥς
2371 389 2515 462 τάχα
2551 391 2639 447 διὰ
2685 391 2776 445 τὸν
2801 390 2971 462 νόμον
3006 389 3085 462 μὴ
3106 392 3429 463 μαχομένῳ.
3471 394 3535 447 '0
3590 392 3649 447 δὲ

363 492 624 548 lonathas
654 505 820 562 porro
845 489 1049 545 caedem
1082 488 1271 543 fratris
1294 485 1522 542 Joannis
1553 487 1792 550 ulturus,
1822 500 1948 540 cuiu

361 584 593 639 Δηιοτιεί
626 580 1378 651 ﬁlii.nuptiascelcbrantes,
1411 593 1677 648 sponsum
1701 586 1759 632 et
1784 592 1953 647 spon-

354 692 475 731 sam
517 691 643 728 eum
692 685 1021 742 sumptuoso
1073 672 1340 726 comitatu
1384 685 1454 724 ex
1503 668 1642 725 urbe
1674 670 1727 722 in
1756 668 1951 723 urbem

354 765 667 820 ducerent:
724 762 943 817 insidiis
1000 762 1053 815 in
1107 770 1294 816 monte
1345 759 1585 829 quodam
1643 756 1948 822 collocatis,

352 872 553 912 onmes
581 856 865 920 interﬁcit,
909 863 964 909 et
993 866 1057 907 ea
1089 869 1211 923 quzt'
1241 852 1496 909 ferebant
1528 850 1740 920 diripit.
1775 851 1951 920 Degeo

356 949 450 1004 bat
478 956 664 1004 autem
705 963 831 1003 eum
866 947 1036 1001 fratre
1070 947 1122 999 in
1178 945 1420 1000 ﬂuminis
1463 944 1779 1015 paludibus.
1817 942 1952 997 Bac-

352 1041 552 1097 chides
592 1051 775 1095 autem
804 1039 999 1093 relicto
1032 1039 1084 1091 in
1113 1037 1302 1093 Judma
1339 1038 1616 1107 prmsidio,
1651 1037 1717 1091 ad
1758 1036 1952 1090 Deme-

356 1135 523 1189 trium
546 1142 631 1187 est
663 1146 935 1185 reversus.
972 1129 1052 1184 Ab
1081 1144 1147 1182 eo
1174 1137 1443 1199 tempore,
1473 1128 1678 1199 populo
1697 1128 1765 1183 ad
1798 1128 1950 1181 bien-

360 1226 512 1278 nium
540 1223 727 1291 quiete
754 1238 1041 1284 concessa,
1070 1222 1334 1279 .lonathas
1358 1231 1411 1275 ct
1434 1221 1521 1276 sui
1552 1232 1732 1277 metus
1756 1237 1951 1290 exper-

357 1328 441 1374 tes
505 1318 559 1371 in
607 1316 795 1371 .ludaea
842 1316 1045 1370 versati
1097 1324 1247 1372 sunt.
1296 1313 1411 1381 Qua
1457 1315 1524 1369 de
1564 1329 1728 1369 causa
1773 1313 1948 1370 Judzei

356 1407 670 1462 desertores
701 1406 809 1475 regi
841 1404 1116 1459 Demetrio
1144 1403 1479 1472 significant.
1516 1403 1561 1458 si
1596 1403 1723 1473 quis
1752 1412 1947 1456 contra

355 1498 646 1553 Ionatham
688 1496 960 1557 mittatur,
996 1494 1276 1548 hominem
1309 1494 1428 1547 sine
1461 1493 1652 1547 labore
1692 1507 1945 1561 compre-

358 1593 587 1644 hensum
628 1588 712 1642 iri.
772 1585 1074 1639 Bacchides
1116 1584 1285 1656 igitur
1333 1584 1387 1639 in
1441 1584 1687 1638 Judmam
1721 1584 1946 1646 missus,

355 1697 481 1737 cum
513 1681 661 1734 omni
715 1677 965 1733 adhibito
994 1677 1179 1731 studio
1209 1692 1334 1731 cum
1379 1691 1577 1745 capere
1602 1690 1712 1730 non
1741 1684 1947 1745 posst-t,

2056 482 2185 552 περὶ
2213 482 2402 552 ψυχῶν
2448 477 2589 535 εἶναι
2620 482 2801 552 φήσας
2842 482 2933 536 τὸν
2970 482 3241 549 κίνδυνον,
3285 483 3649 551 ἀντετάξατο,

2055 578 2152 632 καὶ
2179 574 2413 640 πολλοὺς
2474 576 2826 643 ἀποκτείνας,
2861 575 3127 632 καὶκατὰ
3159 577 3428 649 Βακχίδου
3468 580 3651 648 ὁρμή-

2056 684 2157 730 σας
2185 668 2262 732 ὠς
2309 666 2527 739 πλήξων
2550 668 2738 732 αὐτὸν,
2776 669 2871 722 καὶ
2920 666 3241 739 ἀποτυχὼν.
3294 670 3378 732 εἰς
3414 670 3515 723 τὸν
3549 680 3653 724 m-

2053 761 2229 830 ταμὸν
2284 761 2456 831 ἥλατο
2510 762 2651 833 μετά
2708 762 2817 816 τῶν
2859 762 3117 830 ἑταίρων,
3188 760 3284 815 καὶ
3336 761 3651 833 διενήξατο.

2058 853 2165 907 Kal
2219 856 2248 905 6
2279 852 2550 924 Βακχίδης
2596 854 2679 916 είς
2739 854 2841 922 τὴν
2878 855 2943 906 ὲν
3002 852 3404 921 Ἰεροσολύμοις
3466 853 3653 924 ἄκραν

2054 945 2384 1017 ὑπέστρεψε,
2420 946 2514 999 καὶ
2566 946 2675 1000 τῶν
2727 945 2960 1013 πρώτων
2998 945 3099 1013 τῆς
3128 944 3393 1007 Ἰουδαίας
3443 945 3645 1008 παῖδας

2052 1039 2296 1108 ὁμήρους
2324 1037 2523 1103 λαϐὼν,
2564 1041 2644 1102 είς
2682 1040 2781 1108 τὴν
2803 1040 2988 1108 ἄκραν
3021 1036 3353 1091 ἐνέκλεισεν.
3422 1034 3654 1105 Ἰωνάθῃ

2051 1131 2096 1185 δ’
2128 1131 2366 1202 ἐμέλησε
2397 1131 2488 1183 τὸν
2516 1129 2676 1198 φόνον
2702 1130 3013 1200 τιμωρῆσαι
3037 1127 3135 1181 τοῦ
3164 1127 3399 1196 ἀδελφοῦ
3451 1126 3651 1180 Ἰωάνε-

2054 1241 2168 1277 νου.
2197 1223 2383 1296 Γάμον
2400 1223 2457 1276 δὲ
2481 1222 2591 1276 τῶν
2623 1221 2716 1276 τοῦ
2740 1221 3051 1293 ’Δμαραίου
3081 1219 3289 1274 παίδων
3313 1218 3649 1282 τελούντων.

2054 1317 2149 1369 καὶ
2198 1319 2264 1370 ὲκ
2314 1316 2524 1379 πόλεως
2571 1315 2653 1378 είς
2700 1314 2899 1384 ἑτέραν
2962 1312 3056 1366 τὸν
3113 1313 3350 1384 νυμφίον
3403 1311 3504 1364 καὶ
3551 1311 3653 1385 τὴν

2052 1408 2275 1478 νύμφην
2312 1407 2561 1476 ἀγόντων
2590 1406 2733 1477 μετά
2762 1405 3097 1469 πολυτελοῦς
3130 1404 3499 1475 προπομπῆς,
3524 1406 3654 1459 ἐνε-

2050 1499 2283 1570 δρεύσας
2317 1501 2528 1563 ἐκεῖνος
2558 1501 2615 1553 ὲν
2645 1498 2763 1568 ὄρει
2815 1497 2959 1568 μετά
2992 1496 3101 1551 τῶν
3148 1498 3277 1568 περὶ
3301 1495 3491 1561 αὑτὸν,
3531 1497 3656 1550 ἐπι-

2051 1592 2256 1646 τίθεται
2293 1594 2404 1653 τοῖς
2438 1592 2495 1644 ὲν
2545 1593 2610 1662 τῇ
2646 1592 2864 1661 πομπῇ.
2900 1588 2993 1642 καὶ
3025 1587 3335 1658 διέφθειρεν
3372 1586 3655 1652 ἅπαντας.

2054 1686 2150 1737 καὶ
2181 1683 2218 1738 ἃ.
2242 1684 2438 1755 ἔφερον
2466 1682 2738 1754 διήρπαξε
2771 1680 3086 1751 ξύμπαντα.
3129 1679 3336 1750 Διῆγον
3388 1678 3437 1732 δ’
3461 1679 3658 1733 Ἰωνάο

356 1790 387 1828 ι.
427 1772 663 1829 selectos
722 1788 791 1827 ex
829 1773 896 1826 iis
936 1772 1031 1841 qui
1085 1785 1197 1824 rem
1235 1769 1372 1824 falso
1423 1743 1488 1824 ad
1544 1743 1755 1841 regemi
1791 1770 1950 1824 detu-

2056 1776 2156 1848 θης
2190 1743 2503 1848 καὶνὶίίμων
2539 1743 2991 1845 μετάντών-περὶ
3029 1743 3260 1836 αὐτοὺς-
3291 1773 3375 1836 είς
3437 1775 3505 1825 τά
3556 1770 3655 1841 ἒλη

357 1866 572 1933 lissent,
626 1866 855 1921 occidit.
918 1864 1184 1920 Jonathas
1240 1880 1371 1919 vero
1425 1880 1556 1918 cum
1620 1864 1845 1919 Simone
1894 1871 1951 1920 et

356 1956 526 2011 sociis
576 1956 631 2011 in
673 1955 924 2011 turribus
966 1971 1107 2026 quas
1158 1954 1213 2010 in
1273 1954 1499 2011 deserto
1541 1964 1839 2022 struxerat,
1894 1972 1953 2012 se

363 2046 609 2102 tenebat.
639 2047 788 2113 Quas
818 2046 950 2101 dum
983 2046 1284 2102 Bacchides
1328 2054 1633 2119 oppugnat,
1662 2046 1832 2104 fratre
1861 2049 1951 2103 Si-

360 2153 525 2192 mone
559 2137 617 2191 in
644 2138 868 2192 castello
898 2137 1111 2203 relicto,
1144 2137 1284 2192 clam
1318 2137 1640 2208 egreditur:
1677 2147 1733 2193 et
1760 2139 1950 2193 mults

357 2244 425 2284 ex
469 2244 603 2298 agro
635 2228 946 2289 conductis.
977 2237 1141 2282 noctu
1184 2227 1236 2282 in
1274 2227 1463 2283 hostes
1498 2228 1764 2299 impetum
1797 2227 1949 2292 facit,

360 2334 426 2374 ac
457 2320 662 2375 multos
693 2319 833 2390 ipse,
883 2320 1090 2374 multos
1124 2318 1311 2374 Simon
1344 2320 1527 2384 ca:dit,
1572 2321 1715 2376 clam
1746 2328 1802 2375 et
1834 2321 1951 2391 ipse

355 2412 585 2468 castello
631 2427 911 2483 egressus,
963 2411 1407 2468 obsidionalibus
1457 2410 1729 2469 machinis
1762 2414 1952 2471 incen-

356 2500 457 2557 sis.
512 2502 587 2557 Ea
617 2501 773 2558 clade
819 2503 1151 2559 Bacchidem
1183 2514 1441 2560 moestum
1489 2505 1786 2561 recedendi
1821 2520 1953 2562 cau—

356 2608 474 2648 sam
506 2593 796 2650 honestam
825 2612 1075 2667 quaerere
1102 2611 1229 2652 cum
1263 2595 1627 2654 intellexisset
1659 2597 1948 2663 Jonatbas,

356 2702 459 2756 per
493 2687 703 2759 legatos
726 2688 876 2746 illius
907 2690 1205 2747 amicitiam
1249 2693 1405 2764 petit.
1448 2690 1621 2759 Quam
1656 2707 1780 2746 cum
1812 2691 1949 2747 Bac-

357 2780 551 2838 chides
579 2798 643 2838 ea
678 2785 1000 2842 conditione
1028 2788 1357 2858 accepisset,
1405 2795 1467 2842 ut
1501 2788 1736 2858 captivis
1769 2787 1951 2844 utrin-

357 2890 468 2945 que
511 2875 780 2943 redditis,
848 2879 1215 2950 jurejurando
1261 2879 1633 2946 aflirmarent,
1692 2891 1949 2936 neutrum

354 2967 515 3022 alteri
553 2968 814 3041 deinceps
867 2988 1018 3027 arma
1071 2972 1355 3028 illaturum
1401 2985 1416 3026 :
1465 2972 1776 3045 digressus,
1838 2988 1948 3027 non

2053 1869 2147 1924 τοῦ
2181 1868 2452 1940 ποταμοῦ.
2488 1868 2764 1940 Βακχίδης
2803 1866 2886 1933 δὲ,
2939 1866 3187 1937 φρουρὰν
3237 1865 3320 1928 εἰς
3377 1863 3657 1920 Ἰουδαίαν

2054 1963 2398 2028 καταλιπὼν,
2432 1963 2570 2035 πρὸς
2601 1961 2696 2016 τὸν
2746 1962 3067 2033 Δημήτριον
3114 1959 3455 2030 ἐπανῆλθεν.
3489 1960 3661 2028 ’Βρε-

2054 2057 2286 2127 peiuro;
2336 2054 2382 2109 δ’
2413 2054 2602 2110 ἔκτοτε
2626 2054 2719 2109 τοῦ
2748 2054 2940 2119 ἔθνους
2992 2055 3082 2108 ἐπ’
3118 2054 3213 2125 ἔτη
3237 2053 3357 2117 δύο,
3391 2052 3659 2124 Ἰωνάθης

2053 2151 2150 2202 καὶ
2198 2148 2249 2201 οἱ
2293 2148 2426 2217 περὶ
2463 2146 2629 2200 αὐτὸν
2668 2145 2766 2198 σὺν
2797 2145 2953 2216 ἀδείᾳ
2980 2147 3037 2199 ὲν
3074 2148 3138 2217 τῇ
3167 2142 3327 2216 χώρᾳ
3354 2138 3657 2215 διέτριϐον.

2054 2241 2116 2294 Ol
2153 2236 2248 2294 οὖν
2277 2237 2659 2308 ἀσεϐήσαντες
2696 2238 2950 2290 Ἰουδαῖοι
2988 2237 3124 2305 πρὸς
3156 2237 3247 2290 τὸν
3288 2235 3522 2306 βασιλέα
3552 2236 3661 2303 Δη-

2056 2331 2287 2400 μήτριον
2314 2328 2620 2398 πέμπουσι,
2652 2327 2940 2398 δηλοῦντες
2994 2328 3209 2390 ἀπόνως
3235 2326 3328 2380 τὸν
3366 2326 3658 2397 Ἰωνάθην,

2053 2423 2101 2476 εί
2132 2421 2410 2494 πεμφθείη
2465 2438 2552 2485 τις
2614 2419 2702 2475 ἐπ’
2757 2420 2946 2488 αὐτὸν,
3004 2418 3511 2492 συλληφθήσεσθαι.
3544 2418 3661 2473 Kal

2052 2514 2262 2583 πέμπει
2292 2514 2384 2567 τὸν
2415 2511 2690 2581 Βακχίδην
2717 2512 2746 2564 6
2774 2510 3052 2582 βασιλεύς.
3097 2511 3157 2564 Ὀ
3179 2510 3261 2577 δὲ,
3279 2512 3357 2573 είς
3383 2509 3484 2579 τὴν
3513 2509 3660 2561 Ἰου-

2050 2606 2209 2662 δαίαν
2243 2605 2436 2670 ἐλθὼν,
2482 2606 2577 2659 καὶ
2609 2604 2971 2661 συλλαϐέσθαι
3014 2604 3106 2658 τὸν
3136 2602 3424 2671 Ἰωνάθην,
3472 2600 3661 2654 καίτοι

2054 2699 2379 2763 σπουδάσας,
2408 2699 2507 2767 οὐχ
2539 2690 2649 2758 οἷός
2675 2714 2734 2751 τε
2769 2694 2869 2761 ὢν,
2901 2696 3249 2767 πεντήκοντα
3286 2697 3354 2747 ὲκ
3379 2692 3492 2747 τῶν
3526 2692 3660 2763 περὶΙ

2052 2791 2311 2860 Ἰωνάθην
2342 2788 2419 2860 τῷ
2448 2788 2661 2859 βασιλεῖ
2694 2789 2791 2857 τὴν
2823 2789 3106 2858 ἀναφοράν
3142 2784 3493 2856 ποιησάντων
3528 2785 3659 2848 τοὺς

2055 2876 2394 2950 προκρίτους
2421 2877 2500 2941 ώς
2556 2876 2964 2947 ψευσαμένους,
3002 2877 3354 2931 ἀπέκτεινεν.
3391 2874 3659 2943 Ἰωνάθης

2052 2969 2110 3024 δὲ
2140 2969 2234 3024 καὶ
2273 2967 2455 3039 Σίμων
2488 2970 2583 3022 καὶ
2612 2968 2661 3022 οί
2714 2966 2843 3038 περὶ
2889 2968 3112 3035 αὐτοὺς,
3144 2968 3223 3031 είς
3278 2968 3378 3036 τὴν
3440 2966 3660 3039 ἔρημον

354 3060 598 3130 amplius
629 3062 852 3119 Judzuos
882 3064 1103 3120 invasit.
1140 3063 1409 3121 Jonathas
1436 3081 1568 3121 vero
1595 3065 1947 3136 popularium

2055 3059 2436 3132 ἀνεχώρησαν,
2470 3057 2596 3113 ἔνθα
2626 3058 2870 3131 πύργους
2892 3060 3283 3132 οἰκοδομήσας,
3316 3059 3656 3129 προσέμενε·

355 3156 758 3227 rempublicam
789 3174 1020 3214 securus
1051 3158 1486 3226 administravit,
1518 3173 1583 3214 ac
1612 3158 1948 3227 SUppllClum

2057 3153 2153 3208 καὶ
2184 3152 2213 3205 6
2241 3152 2519 3224 Βακχίδης
2559 3152 2750 3215 ἐλθὼν,
2781 3152 3100 3225 ἐπολιόρκει
3149 3152 3337 3211 αὐτόν.
3390 3151 3659 3219 Ἰωνάθης

356 3244 425 3299 tle
459 3245 644 3316 impiis
678 3248 939 3316 sumpsit.

2059 3244 2257 3311 δὲ,τδν
2288 3243 2518 3313 ἀδελφὸν
2547 3245 2664 3297 ἐκεῖ
2715 3243 2894 3299 λιπὼν
2943 3246 3190 3316 Σίμωνα,
3246 3244 3414 3308 αὐτὸς
3475 3244 3661 3314 λάθρα

354 3339 614 3408 ἐξελθὼν,
647 3344 742 3398 καὶ
776 3345 1007 3410 πολλοὺς
1061 3347 1126 3401 εκ
1178 3345 1279 3414 τῆς
1345 3346 1533 3417 χώρας
1596 3344 1945 3414 συναγαγὼν.
1989 3345 2209 3416 νύκτωρ
2264 3343 2343 3415 τῷ
2410 3342 2654 3415 Βακχίδῃ
2682 3344 2775 3398 καὶ
2826 3347 2893 3415 τῇ
2926 3344 3095 3399 αὐτοῦ
3147 3341 3460 3416 προσέϐαλε
3492 3358 3661 3411 etpa-

355 3432 470 3503 τιᾷ.
499 3433 613 3488 Kal
641 3435 877 3499 πολλοὺς
913 3436 1012 3508 μὲν
1058 3436 1223 3501 αὐτὸς
1256 3437 1456 3501 ἀνεῖλε,
1500 3436 1746 3501 πολλούς,
1799 3438 1855 3492 δὲ
1890 3438 1986 3491 καὶ
2023 3438 2051 3492 6
2084 3436 2292 3508 Σίμων,
2360 3434 2676 3502 ὑπεξελθὼν
2730 3437 2989 3500 κάκεῖνος
3024 3436 3135 3490 ἀπὶ)
3190 3435 3300 3491 τῶν
3337 3434 3655 3507 ἐρυμάτων,

357 3524 748 3595 ἐμπρήσαντες
783 3529 881 3582 καλ⁵
910 3530 1009 3594 τὰς
1041 3530 1470 3602 πολιορκητικάς
1502 3531 1780 3603 μηχανάς.
1817 3530 2140 3604 ’Δθυμήσας
2177 3530 2236 3584 δὲ
2268 3528 2358 3583 διά
2388 3528 2563 3585 ταῦτα
2590 3529 2620 3583 6
2679 3528 2950 3601 Βακχίδης
2972 3569 2988 3596 ,
3052 3528 3252 3600 ἡθελεν
3325 3528 3654 3595 ἀναζεῦξαι.

357 3615 576 3690 Ἐζήτει
603 3619 650 3674 δ’
681 3620 864 3675 αἰτίαν
891 3620 992 3691 τῆς
1017 3622 1301 3693 ἀναζυγῆς
1345 3623 1622 3695 εὐπρεπῆ.
1687 3624 1799 3678 Kal
1852 3625 1881 3679 6
1915 3622 2200 3695 Ἰωνάθης,
2225 3621 2385 3677 τοῦτο
2426 3621 2636 3692 μαθὼν,
2680 3623 3043 3695 πρεσϐεύεται
3088 3623 3218 3695 περὶ
3274 3623 3484 3694 φιλίας,
3554 3623 3645 3676 ἵνα

358 3710 612 3782 ἑκάτεροι
675 3712 929 3784 ἀλλήλοις
987 3713 1294 3782 ἀντιδῶσιν,
1360 3715 1456 3779 οὓς
1510 3711 1700 3786 εἶχον,
1765 3714 2175 3789 αἰχμαλώτους.
2238 3713 2548 3786 Δεξάμενος
2599 3714 2694 3770 οὖν
2760 3715 2863 3785 τὴν
2921 3714 3226 3786 πρεσϐείαν
3274 3716 3304 3769 6
3350 3715 3651 3787 Βακχίδης.

361 3808 670 3863 σπένδεται.
708 3811 818 3865 Καὶ
854 3810 1077 3883 ὤμοσαν
1115 3812 1319 3884 μηκέτι
1386 3815 1511 3869 κατ’
1567 3814 1820 3884 ἀλλήλων
1889 3813 2233 3885 στρατεύειν,
2286 3814 2384 3868 καὶ
2447 3813 2577 3876 τοὺς
2630 3810 3017 3882 αἰχμαλώτους
3086 3810 3412 3882 ἠλλάξαντο.
3469 3811 3582 3865 Kal
3626 3810 3655 3862 6

361 3900 462 3971 μὲν
506 3902 803 3976 Βακχίδης,
842 3906 1213 3979 ὑποστρέψας,
1272 3908 1459 3962 οὐκέτι
1503 3914 1645 3962 κατὰ
1700 3910 1801 3980 τῆς
1879 3908 2142 3972 Ἰουδαίας
2209 3906 2478 3979 ἐπῆλθενο
2534 3907 2563 3960 6
2631 3905 2686 3959 δὲ
2745 3905 3007 3977 Ἰωνάθης
3062 3904 3251 3968 ἀδείας
3311 3903 3518 3974 τυχὼν,
3580 3900 3649 3956 τὰ

432 4093 629 4151 ΧΧΙΙΙ.
674 4095 947 4153 Caeterum
994 4098 1305 4154 Alexander
1345 4100 1605 4155 Antiochi
1644 4099 1947 4170 Epiphania

362 4182 529 4251 ﬁlius,
559 4184 894 4243 Ptolemaida
923 4203 1021 4258 per
1044 4189 1414 4258 proditionem
1437 4200 1725 4260 occupata,
1757 4191 1948 4245 Deme-

359 4276 529 4343 trium
562 4278 925 4346 perturbavit,
962 4288 1023 4336 ut
1078 4283 1266 4353 copias
1297 4284 1671 4349 contraheret,
1695 4292 1752 4339 et
1777 4283 1947 4339 Jona-

248 4029 253 4033 -
359 3994 473 4048 τῶν
501 3996 779 4064 ὁμοεθνῶν
812 3997 1020 4053 διίθυνε
1054 4002 1379 4071 πράγματα,
1437 4001 1668 4067 ἐκόλαζέ
1700 4019 1761 4055 τε
1819 4002 1946 4064 τοὺς
1986 4000 2386 4069 ἀσεϐήσαντας.

2129 4094 2257 4152 KI".
2276 4094 2630 4166 Ἀλέξανδρος
2652 4094 2711 4148 δὲ
2726 4093 2821 4149 τοῦ
2850 4093 3182 4164 Ἐπιφανοῦς
3198 4092 3482 4163 Ἀντιοχου
3509 4094 3647 4158 υίὸς,

2054 4192 2153 4259 τὴν
2181 4188 2534 4259 Πτολεμαΐδα
2559 4187 2625 4241 ἐκ
2660 4186 2957 4259 προδοσίας
3001 4184 3387 4257 παρειληφὼς,
3414 4184 3649 4253 ἐτάραξε

2053 4284 2146 4337 τὸν
2177 4282 2512 4355 Δημήτριον,
2558 4280 2703 4334 ὥστε
2752 4280 2849 4333 καὶ
2889 4281 2990 4344 τὰς
3041 4278 3302 4349 δυνάμεις
3364 4278 3648 4351 ἀθροίζειν

363 4368 473 4424 tbae
505 4369 806 4425 amicitiam
844 4372 1277 4445 societatemque
1324 4385 1630 4445 expeteret,
1677 4383 1948 4445 potestate

2057 4376 2153 4430 καὶ
2179 4372 2398 4444 πέμψαι
2423 4372 2560 4445 πρὸς
2602 4372 2863 4440 Ἰωνάθην
2887 4373 3019 4443 περὶ
3047 4371 3260 4436 εὐνοίας
3291 4372 3386 4426 καὶ
3418 4388 3646 4443 συμμα-

364 4460 491 4522 data
523 4463 801 4520 exercitus
847 4468 1268 4535 conscribendi,
1317 4480 1376 4524 et
1416 4485 1622 4539 pueros
1664 4468 1893 4523 obsides
1920 4485 1950 4522 a

366 4550 640 4606 Bacchide
672 4553 727 4607 in
751 4556 977 4611 castello
1001 4559 1295 4615 conclusos
1325 4561 1658 4630 recipiendi.
1684 4561 1952 4625 Jonathas

366 4641 534 4711 igitur
561 4642 939 4715 Hierosolyma
976 4647 1279 4714 profectus,
1314 4650 1458 4720 regis
1484 4650 1716 4719 epistola
1745 4651 1951 4720 popqu

363 4738 422 4784 et
451 4729 731 4786 militibus
749 4732 1109 4801 praesidiariis
1133 4737 1490 4795 audientibus
1514 4739 1762 4805 recitata,
1787 4740 1947 4810 2],],

364 4836 571 4892 pueros
627 4836 697 4877 ex
781 4838 911 4879 arce
970 4837 1222 4897 receptos
1293 4830 1620 4899 parentibus
1686 4832 1949 4896 restituit,

362 4922 533 4982 atque
560 4912 755 4969 urbem
787 4924 1036 4982 renovat,
1071 4919 1275 4974 mcenia
1302 4920 1597 4978 instaurat.
1639 4921 1952 4977 Alexandro

366 5018 590 5074 quoque
641 5005 964 5062 societatem
1013 5009 1135 5080 ejus
1181 5020 1499 5079 expetente,
1547 5020 1604 5067 et
1650 5012 1950 5068 amicitiam

363 5110 521 5150 suam
548 5112 674 5152 cum
699 5099 1041 5168 pontificatu,
1070 5103 1395 5158 muneribus
1412 5102 1615 5169 missis,
1652 5104 1950 5163 oliereute:

364 5188 648 5258 pontificis
694 5190 837 5247 stola
888 5192 943 5247 iu
996 5192 1135 5247 festo
1182 5193 1715 5264 Tabernaculorum,
1754 5209 1952 5269 quarto

364 5290 493 5355 post
514 5282 670 5338 Judze
700 5284 887 5339 fratris
921 5284 1205 5341 interitum
1238 5301 1385 5342 anno
1414 5286 1631 5353 induta,
1660 5290 1864 5347 milites
1897 5300 1954 5347 et

363 5391 519 5432 arma
554 5387 732 5446 parat.
776 5377 1090 5433 Alexander
1140 5394 1271 5434 vero
1315 5380 1596 5437 Demetrio
1643 5383 1760 5439 acie
1805 5384 1953 5439 victo

340 5465 519 5537 ‘(uatn
566 5468 612 5523 is
671 5471 722 5522 in
782 5469 1083 5538 palustrem
1114 5471 1299 5527 locum
1351 5487 1475 5528 cum
1524 5488 1669 5543 equo
1701 5475 1950 5545 illapsus,

368 5560 518 5615 unde
559 5577 845 5634 emergere
888 5563 1033 5619 haud
1091 5566 1251 5621 facile
1304 5577 1544 5638 poterat,
1600 5568 1668 5624 ab
1699 5568 1954 5625 hostibus

367 5652 803 5723 circumventus,
832 5659 1231 5715 ctvulneribus
1248 5662 1551 5728 confectus,
1583 5661 1771 5716 multis
1798 5661 1954 5731 prius

368 5741 676 5804 interfectis
706 5788 721 5815 ,
778 5765 923 5807 anno
973 5753 1128 5824 regni
1175 5769 1229 5809 XI
1282 5754 1513 5824 interiit)
1570 5769 1738 5823 regno
1783 5754 1954 5825 Syria:

2056 4467 2202 4538 χίας.
2260 4466 2568 4538 Ἐπέτρεπέ
2594 4482 2656 4518 τε
2705 4466 2859 4535 αὐτῷ
2881 4466 3206 4535 στράτευμα
3235 4465 3519 4535 συνιστᾷν,
3553 4462 3647 4519 καὶ

2053 4559 2148 4624 οὓς
2172 4560 2232 4613 ὲν
2271 4561 2339 4629 τῇ
2379 4559 2528 4629 ἄκρᾳ
2554 4557 2958 4612 κατέκλεισενὸ
2996 4555 3269 4628 Βακχίδης
3304 4558 3507 4618 παῖδας
3572 4556 3646 4617 ὡς

2052 4632 2456 4722 ὁμηρεύοντας,
2491 4645 2807 4718 παρεχώρει
2828 4645 3150 4699 ἀπολαϐεῖν.
3183 4643 3497 4713 Δεξάμενος
3555 4638 3647 4696 οὖν

2052 4747 2154 4817 τὴν
2182 4744 2477 4814 ἐπιστολὴν
2518 4743 2780 4813 Ἰωνάθης
2824 4741 2919 4796 τοῦ
2961 4739 3250 4813 βασιλέως,
3291 4740 3373 4803 είς
3413 4737 3648 4808 Ἰεροσό-

2053 4839 2203 4907 λυμα
2222 4836 2594 4908 παραγέγονεν
2633 4835 2729 4890 καὶ
2751 4832 2961 4905 ταύτην
2999 4833 3081 4896 είς
3109 4833 3349 4904 ἐπήκοον
3370 4830 3469 4885 τοῦ
3518 4828 3648 4883 λαβῦ

2053 4928 2152 4983 καὶ
2181 4928 2293 4983 τῶν
2322 4927 2584 4998 φυλάκων
2615 4926 2850 4995 ἀνέγνω,
2891 4926 2989 4980 καὶ
3042 4926 3170 4990 τοὺς
3231 4924 3432 4986 παῖδας
3467 4922 3649 4977 λαϐὼν

2052 5022 2120 5077 ἐκ
2149 5020 2252 5091 τῆς
2281 5019 2638 5091 ἀκροπόλεως
2667 5019 2781 5082 τοῖς
2810 5016 3064 5087 γονεῦσιν
3094 5017 3401 5075 ἀπέδωκεν.
3427 5017 3647 5086 ἑκάστῳ

2053 5111 2147 5166 τὸν
2197 5111 2352 5166 ἴδιον.
2424 5111 2536 5163 Καὶ
2592 5109 2758 5173 αὐτὸς
2816 5111 2875 5162 ὲν
2921 5107 3326 5180 Ἰεροσολύμοις
3381 5106 3643 5179 διέτριϐε.

2055 5203 2318 5267 καινίζων
2339 5203 2441 5274 τὴν
2470 5202 2651 5268 πόλιν,
2700 5202 2796 5256 καὶ
2835 5201 2904 5255 τὰ
2944 5202 3102 5272 τείχη
3151 5201 3323 5272 αὐτῆς
3359 5200 3643 5255 ἀνοικοδο-

2059 5297 2198 5370 μῶν.
2228 5296 2441 5367 Γράφει
2471 5296 2527 5350 δὲ
2552 5297 2647 5350 καὶ⁹
2688 5296 3047 5367 Ἀλέξανδρος
3088 5296 3340 5369 Ἰωνάθῃ,
3378 5296 3463 5359 είς
3515 5311 3646 5373 συμ-

2060 5389 2265 5460 μαχίαν
2291 5387 2478 5441 καλῶν
2516 5388 2705 5453 αὐτὸν,
2748 5389 2845 5440 καὶ
2880 5388 3036 5457 φίλον
3062 5387 3415 5458 ποιούμενος,
3439 5387 3539 5440 καὶ
3553 5384 3644 5456 τὴν

2055 5481 2481 5554 ἀρχιερωσύνην
2532 5481 2685 5552 αὐτῷ
2726 5481 3056 5553 παρασχὼν,
3103 5483 3198 5537 καὶ
3233 5482 3391 5554 δῶρα
3431 5499 3643 5551 rumpo

2057 5573 2193 5644 φώς.
2232 5576 2292 5627 '0
2321 5573 2403 5639 δὲ,
2437 5574 2732 5644 δεξάμενος
2756 5572 2857 5645 τὴν
2901 5574 3216 5646 επιστολὴν,
3244 5575 3344 5646 τὴν
3377 5576 3642 5646 άρχεεραο

2057 5664 2215 5735 τικὴν
2250 5662 2447 5734 στολὴν
2477 5664 2870 5735 περιϐάλλεται
2904 5666 3046 5719 κατά
3073 5666 3173 5735 τὴν
3208 5666 3311 5738 τῆς
3358 5667 3642 5737 Σκηνοπη-

2056 5757 2181 5825 γίας
2242 5756 2456 5826 ἑορτὴν,
2506 5757 2789 5827 τεσσάρων
2836 5756 3290 5828 ὲκμετρηθέντων
3349 5757 3635 5820 ἐνιαυτῶν,
