3918 6200
361 290 470 355 387
1654 283 1973 364 manus
2011 282 2335 344 zoxana
3529 279 3638 346 ais

354 401 513 466 lani".
542 403 652 458 τῶν
687 405 883 476 τειχῶν
910 405 1236 477 ἐπεμελεῖτο
1259 402 1357 471 τῆς
1399 399 1630 462 πόλεως,
1671 400 1765 452 καὶ
1796 398 1997 460 παντδς
2060 397 2156 451 τοῦ
2209 400 2344 468 πρὸς
2374 399 2676 469 ἀσφάλειαν
2726 399 2833 450 τῶν
2863 399 3205 469 πραγμάτων
3279 401 3628 467 ἐφρόντιζεν.

365 504 428 555 '0
458 503 558 572 μέν
581 520 665 554 τοι
701 502 943 570 Τρύφων
981 503 1059 562 είς
1091 499 1360 552 Ἰουδαίαν
1409 496 1660 562 ἀφίκετο,
1705 495 1803 546 καὶ
1839 495 1931 547 τὸν
1971 495 2233 565 Ἰωνάθην
2292 494 2515 564 δέσμιον
2542 495 2712 562 ἄγων,
2775 496 2868 547 καὶ
2891 496 2920 545 ὀ
2942 495 3133 563 Σίμων
3159 496 3310 565 αὐτῷ
3344 498 3442 550 σὺν
3473 497 3646 550 δυνά.-

362 611 453 662 μει
482 593 820 661 ἀπήντησεν.
865 591 925 643 '0
949 591 1006 642 δὲ
1033 589 1170 658 πρὸς
1191 585 1355 641 αὐτὸν
1382 583 1618 654 ἔπεμψε,
1640 584 1819 654 δηλῶν
1839 584 2036 636 ἑκατὸν
2064 585 2326 654 ἀργυρίου
2350 585 2589 638 τάλαντα
2614 584 2818 644 δοῦναι,
2841 585 2934 638 καὶ
2976 585 3070 638 δύο
3091 586 3200 638 τῶν
3229 587 3491 640 Ἰωνάθου
3515 588 3644 642 παί-

360 687 471 741 δων
494 686 760 754 ὁμήρους,
793 686 842 736 εί
898 681 1153 752 βούλεται
1205 679 1440 749 λυθῆναι
1463 677 1554 728 τὸν
1585 675 1838 746 ἀδελφόν.
1879 677 1940 729 'O
1981 678 2165 746 Σίμων
2195 678 2252 730 δέ
2294 679 2503 747 συνῆκε
2559 678 2658 746 μὲν
2686 677 2785 746 τὴν
2811 679 3157 746 κακουργίαν
3179 679 3272 730 τοῦ
3293 680 3636 746 Τρύφωνος,

360 779 443 828 ἵνα
471 778 528 829 δὲ
565 775 640 844 μὴ
670 773 853 826 αἰτίαν
878 773 1053 842 σχοίη.
1077 772 1145 824 ὼ,
1181 769 1257 840 μὴ
1277 768 1447 823 θέλων
1477 767 1652 820 σῶσαι
1716 767 1810 820 τὸν
1871 768 2123 834 ἀδελφὸν,
2166 770 2262 821 καὶ
2322 769 2391 820 τὰ
2446 768 2712 837 χρήματα
2744 767 2983 836 ἔπεμψε,
3020 769 3268 831 καὶτοὺς
3307 770 3529 831 παῖδας.
3567 771 3636 820 ’Λ

355 865 536 919 λαϐὼν
567 868 595 917 ό
631 865 886 934 Τρύφων,
920 866 1022 915 οΒκ
1049 861 1285 932 ἐφύλαξε
1335 862 1436 920 τάς
1502 857 1799 929 συνθήκας,
1868 859 2005 912 ἀλλά
2047 859 2186 928 μετά
2234 862 2332 929 τῆς
2382 861 2649 930 στρατιᾶς
2698 859 2854 930 ἀνῄει
2915 861 3059 931 πρὸς
3120 862 3190 913 τὰ
3247 862 3634 936 Ἰεροσόλυμα.

362 958 735 1028 Παρωμάρτει
758 957 814 1009 δὲ
848 957 942 1008 καὶ
973 958 1000 1008 ὁ
1024 956 1231 1025 Σίμων,
1283 953 1372 1007 ἀεὶ
1429 952 1676 1005 ἐναντίον
1741 953 2476 1024 καταστρατοπεδευόμενος.
2509 952 2658 1006 Χιὼν
2685 952 2742 1005 δὲ
2775 950 2945 1022 πολλὴ
2995 953 3238 1008 πεσοῦσα
3291 954 3524 1007 διεκώλυ
3538 973 3628 1007 τεν

357 1050 509 1120 αύτῷ
548 1048 644 1118 τὴν
669 1049 749 1110 είς
787 1047 1141 1118 Ἰεροσόλυμα
1190 1043 1400 1115 ἄφιξιν,
1440 1043 1537 1096 καὶ
1566 1043 1646 1104 είς
1685 1043 1886 1114 Συρίαν
1926 1043 2198 1113 ἐτράπετο
2246 1060 2261 1075 ·
2296 1046 2392 1098 καὶ
2441 1043 2617 1098 ἀπιὼν
2647 1041 2740 1095 τὸν
2774 1041 3036 1112 Ἰωνάθην
3077 1046 3393 1098 ἀπέκτεινε.
3443 1046 3638 1112 Σίμων

360 1145 416 1195 δὲ
439 1142 690 1206 θανόντος
720 1145 813 1197 τοῦ
840 1144 1074 1212 ἀδελφοῦ
1099 1143 1379 1206 Ἰωνάθου,
1411 1139 1550 1212 μετὰ
1573 1137 1820 1212 τριετίαν
1853 1136 1952 1206 τῆς
1976 1135 2392 1208 ἀρχιερωσύνης
2414 1138 2574 1201 αὐτὸς
2599 1139 2890 1208 ἀρχιερεὺς
2923 1140 3029 1193 ὑπὸ
3055 1139 3151 1192 τοῦ
3183 1140 3424 1211 πλήθους
3461 1139 3642 1208 προύο

363 1239 616 1303 ϐέϐλητο,
651 1239 744 1292 καὶ
764 1239 950 1290 οὐκέτι
983 1238 1186 1307 φόρους
1213 1239 1326 1300 τοῖς
1351 1233 1629 1288 Μακεδόσι
1663 1228 1994 1299 παρέσχετο.
2033 1229 2316 1300 Εὐτύχησε
2337 1229 2395 1283 δὲ
2427 1231 2488 1284 τὸ
2525 1229 2678 1293 ἔθνος
2709 1233 2797 1282 ἐπ’
2832 1232 2998 1285 αὑτοῦ
3024 1233 3254 1302 σφόδρα,
3291 1235 3384 1285 καὶ
3420 1235 3533 1286 τῶν
3577 1250 3642 1284 τε

366 1331 666 1400 περιοίκων
691 1331 865 1384 ἐθνῶν
891 1331 1244 1400 ἐκυρίευσαν,
1272 1328 1366 1381 καὶ
1399 1326 1602 1390 πολλὰς
1645 1324 1754 1381 τῶν
1789 1323 1999 1376 πόλεων
2037 1322 2505 1394 κατεστρέψαντο,
2549 1324 2636 1377 ῐνα
2667 1323 2743 1396 μὴ
2773 1319 2883 1378 εἷεν
2904 1328 3017 1388 τοῖς
3044 1325 3260 1396 ἐχθροῖς
3290 1328 3638 1398 ὁρμητήρια.

365 1426 475 1477 Καὶ
505 1424 564 1476 τὸ
597 1423 745 1493 ὅρος,
783 1424 865 1490 ἐφ’
897 1417 957 1474 οὗ
991 1420 1342 1492 ἡὰκρόπολις
1369 1419 1712 1490 ᾠκοδόμητο,
1733 1415 1855 1468 λίαν
1878 1413 1940 1467 δν
1981 1413 2210 1484 ὑψηλὸν,
2244 1415 2304 1470 ἐν
2367 1415 2552 1487 τρισὶν
2613 1416 2794 1470 ἔτεσιν
2856 1417 3149 1490 ἐνδελεχῶς
3196 1420 3510 1486 πονοῦντες,
3557 1425 3644 1488 είς

362 1516 593 1570 πεδιάδα
635 1515 1002 1584 μετήνεγκαν,
1032 1515 1108 1577 ὡς
1158 1512 1224 1567 ἂν
1270 1514 1356 1583 εἴη
1383 1512 1445 1565 τὸ
1497 1512 1644 1584 ἱερὸν
1691 1509 2118 1579 ὑπερκείμενον.

1477 1859 1834 1948 LIBER
1925 1855 2508 1962 QUINTUS.

439 2062 480 2116 l.
516 2059 774 2131 Tryphon
796 2065 980 2114 autem
997 2055 1331 2112 Antiochum
1361 2061 1728 2124 cognomento
1750 2051 1948 2116 Deum,

2125 2050 2205 2105 A'.
2246 2050 2306 2104 '0
2331 2049 2388 2104 δι
2428 2065 2492 2116 γε
2527 2047 2765 2118 Τρύφων
2797 2046 2888 2100 τὸν
2932 2045 3232 2117 ’Δντίοχον,
3269 2049 3330 2112 ὃς
3364 2050 3464 2105 καὶ
3501 2051 3644 2111 Gavi;

363 2154 527 2223 cujus
554 2161 707 2206 tutor
732 2159 874 2214 erat,
905 2158 1103 2219 quarto
1134 2149 1288 2218 regni
1337 2161 1484 2202 anno
1527 2145 1830 2206 interfecit,
1888 2149 1947 2196 et

365 2261 491 2298 eum
534 2259 657 2300 esse
702 2255 982 2298 mortuum
1032 2240 1325 2310 vulgabat:
1358 2248 1415 2294 ct
1466 2238 1737 2293 militibus
1779 2249 1948 2306 pecu-

365 2338 512 2391 niam
548 2335 933 2404 pollicebatur,
963 2334 1008 2388 si
1041 2348 1100 2388 se
1149 2347 1334 2402 regem
1368 2337 1674 2392 creassent,
1710 2328 1803 2398 qui
1848 2340 1948 2396 spe

365 2428 546 2498 magni
578 2427 716 2481 lucri
758 2425 1008 2495 impulsi,
1052 2424 1324 2480 voluntati
1363 2423 1487 2492 eius
1533 2420 1943 2477 satisfecerunt.

365 2520 474 2574 Sed
509 2517 772 2588 Tryphon
797 2516 907 2568 voti
936 2529 1162 2584 compos
1212 2514 1414 2576 factus.
1466 2511 1819 2568 simulatione
1852 2509 1947 2564 de-

367 2621 532 2675 tecta,
568 2610 804 2664 militum
830 2609 1048 2662 animos
1077 2621 1106 2660 a
1139 2621 1200 2661 se
1231 2604 1522 2670 alienavit,
1550 2615 1694 2659 uteo
1721 2602 1946 2658 deserto

366 2707 434 2760 ad
465 2704 856 2774 Cleopatram,
913 2697 1180 2754 Demetrii
1231 2710 1500 2761 uxorem,
1544 2695 1810 2751 Seleuciae
1859 2694 1947 2748 iu-

365 2798 573 2852 clusam
625 2796 789 2849 irent.
839 2792 971 2858 Qua:
1014 2789 1351 2846 Antiochum
1405 2787 1797 2850 obcrrantem,
1847 2784 1946 2854 qui

366 2887 630 2943 Servatur
666 2884 992 2946 vocabatur,
1041 2882 1304 2937 Demetrii
1367 2879 1620 2942 fratrem,
1677 2892 1844 2948 atque
1873 2876 1946 2932 ob

366 2979 718 3051 Tryphonem
770 2976 973 3048 passim
1023 2975 1346 3040 exclusum,
1399 2987 1497 3042 spe
1544 2971 1864 3040 nuptiarum
1891 2978 1951 3025 et

365 3071 518 3141 regni
574 3069 642 3124 ad
699 3085 758 3133 se
807 3066 1152 3124 accersivit:
1207 3065 1418 3129 verita,
1496 3079 1566 3119 ne
1633 3061 1947 3141 Seleuciani

367 3139 560 3218 urbem
613 3159 894 3232 Tryphoni
949 3143 1251 3213 traderent.
1299 3155 1400 3222 Qui
1451 3169 1575 3210 cum
1639 3139 1946 3209 Seleuciam

366 3253 634 3317 venisset,
664 3261 856 3306 contra
887 3251 1240 3322 Tryphonem
1277 3247 1668 3319 proficiscitur,
1707 3260 1948 3316 eumque

367 3346 601 3411 victum,
657 3352 716 3398 et
747 3343 905 3415 Syria
952 3341 1241 3414 superiore
1285 3341 1547 3411 ejectum,
1605 3339 1660 3393 in
1718 3339 1946 3395 castello

366 3438 642 3507 quodam,
693 3452 804 3506 quo
849 3435 1209 3506 confugerat,
1249 3434 1496 3499 obsidet,
1541 3432 1768 3488 Simone
1809 3448 1947 3503 pon-

367 3529 516 3582 tifice
575 3527 640 3582 ad
703 3526 1006 3580 amicitiam
1077 3539 1232 3580 suam
1294 3525 1560 3590 invitato,
1631 3539 1795 3595 quam
1857 3525 1948 3580 ille

367 3618 700 3686 amplexus,
779 3614 992 3671 cibaria
1073 3613 1346 3670 militibus
1421 3614 1760 3684 suppeditat.
1841 3613 1948 3670 Sed

368 3706 657 3776 Tryphon,
715 3721 840 3760 cum
883 3704 1012 3760 inde
1059 3704 1361 3775 Apameam
1408 3705 1764 3776 profugisset.
1812 3705 1951 3761 urbe

371 3809 707 3869 expugnata,
744 3803 940 3868 captus
988 3795 1289 3859 occiditur,
1335 3809 1460 3850 cum
1512 3797 1810 3850 triennium
1863 3810 1952 3850 re-

370 3898 614 3959 gnasset.
634 3889 940 3944 Antiochus
958 3902 1088 3943 vero
1115 3887 1440 3942 meritorum
1465 3885 1706 3942 Simonis
1721 3886 1948 3952 oblitus,

370 3981 736 4036 Ccndcbaeum
764 3982 832 4036 ad
864 3981 1188 4038 vastandam
1236 3981 1481 4038 Iudaeam
1505 4021 1520 4045 ,
1559 3989 1617 4036 et
1666 3978 1948 4035 Simonem

371 4073 955 4144 comprehendendum
1019 4073 1229 4128 mittit:
1271 4087 1384 4142 quo
1449 4069 1640 4127 Simon
1698 4069 1947 4135 devicto,

372 4169 647 4236 reliquum
677 4166 858 4221 aetatis
906 4176 1100 4235 pacate
1127 4165 1329 4236 exigit,
1371 4179 1496 4220 cum
1525 4163 1729 4219 ludam
1776 4178 1952 4218 annos

369 4277 468 4314 vtzi
526 4258 858 4330 praefuisset.
921 4257 1089 4312 Periit
1138 4267 1323 4312 autem
1383 4255 1602 4310 insidiis
1672 4253 1952 4309 Ptolemaei

371 4350 560 4423 generi
596 4350 705 4416 sui,
735 4365 904 4404 uxore
940 4357 996 4403 et
1039 4349 1259 4404 duobus
1298 4348 1428 4404 ﬁliis
1474 4349 1530 4402 in
1556 4346 1774 4401 vincula
1819 4361 1952 4402 con-

371 4442 551 4512 iectis.
585 4443 720 4496 Nam
745 4443 944 4497 tertius
979 4441 1257 4508 Joannes,
1316 4441 1412 4512 qui
1447 4441 1614 4496 etiam
1663 4439 1950 4510 Hyrcanus

373 4534 700 4598 vocabatur,
747 4534 1057 4605 effugerat:
1109 4543 1167 4590 et
1196 4533 1269 4588 ob
1311 4543 1540 4604 paterna
1575 4530 1846 4586 beneficia
1882 4531 1950 4584 ab

373 4625 814 4696 Hicrosolymitis
835 4634 1090 4694 receptus
1112 4635 1220 4688 est,
1244 4625 1536 4679 Ptolemaeo
1553 4640 1661 4677 non
1685 4622 1948 4676 admisso.

2051 2143 2349 2214 ἐπεκλήθη,
2396 2143 2640 2211 τέσσαρα
2679 2140 3083 2211 βασιλεύσαντα
3122 2145 3243 2215 ἐτη.
3300 2145 3641 2215 διέφθειρεν,

2050 2233 2433 2305 ἐπιτροπεύων
2454 2232 2645 2288 αὑτοῦ.
2682 2233 2792 2286 Καὶ
2818 2233 2911 2286 τὸν
2949 2234 3049 2304 μὲν
3072 2235 3148 2298 ὡς
3185 2236 3455 2289 ἀποθάνοι
3477 2237 3643 2306 διήγ-

2050 2327 2232 2395 γελλε,
2263 2329 2377 2391 τοῖς
2415 2327 2471 2381 δὲ
2520 2325 2889 2395 στρατιώταις
2930 2327 3310 2398 ἐπηγγέλλετο
3349 2332 3644 2399 χρήματα,

2048 2420 2098 2473 εί
2129 2419 2292 2472 αὐτὸν
2323 2419 2759 2490 βασιλεύσουσιν.
2796 2419 2884 2486 Οἳ,
2919 2420 3184 2490 κερδῆσαι
3207 2421 3378 2474 πολλά
3410 2423 3644 2491 ἠλπικό-

2050 2530 2164 2579 τες,
2194 2513 2399 2567 εἴλοντο
2422 2514 2586 2567 αύτλιν
2616 2514 2880 2582 ἄρχοντα.
2908 2513 3104 2566 Λαϐὼν
3138 2514 3196 2567 δὲ
3221 2515 3322 2584 τὴν
3353 2515 3644 2585 βασιλείαν

2049 2606 2082 2658 ὁ
2106 2604 2360 2676 Τρύφων,
2401 2603 2712 2658 ἀπεδύσατο
2741 2604 2839 2675 τὴν
2894 2605 3210 2678 ὑπόκρισιν,
3237 2606 3334 2659 καὶ
3385 2609 3642 2676 μισῆσαν

2051 2699 2214 2750 αὐτὸν
2239 2697 2301 2749 τὸ
2334 2697 2752 2767 στρατιωτικὸν,
2783 2695 2919 2767 πρὸς
2949 2697 3313 2768 Κλεοπάτραν
3336 2699 3636 2766 ἀφίστατο,

2049 2789 2148 2859 τὴν
2202 2786 2296 2842 τοῦ
2353 2789 2674 2856 Δημητρίου
2733 2789 2997 2855 γυναῖκα,
3057 2787 3533 2858 ἐγκεκλεισμένην
3577 2790 3641 2842 ἐν

2049 2881 2342 2952 Σελευκείᾳ
2367 2881 2766 2951 τυγχάνουσαν.
2811 2879 3124 2950 Ἀλωμὲνου
3147 2880 3204 2933 δὲ
3236 2879 3540 2953 ’Δντιόχου,
3575 2881 3644 2944 ὃς

2050 2971 2298 3026 ἐκαλεῖτο
2335 2971 2547 3041 Σωτὴρ,
2572 2970 2891 3042 Δημητρίου
2939 2971 2996 3026 δὲ
3027 2965 3096 3044 ἦν
3122 2972 3382 3043 ἀδελφὸς,
3414 2975 3511 3027 καὶ
3542 2976 3646 3026 ἐκ-

2051 3063 2368 3135 κλειομίνου
2426 3063 2693 3119 πάντοθεν
2745 3063 2836 3118 διὰ
2874 3063 3172 3134 Τρύφωνα,
3223 3065 3436 3135 πέμπει
3498 3066 3642 3136 πρὶς

2053 3157 2214 3211 αὺτὸν
2242 3157 2275 3226 ὴ
2306 3155 2660 3224 Κλεοπάτρα,
2689 3153 2936 3210 καλοῦσα
2967 3157 3064 3211 ἐτι)⁵
3113 3156 3278 3227 γάμῳ
3318 3157 3418 3210 καὶ
3475 3156 3642 3226 βασι-

2049 3247 2190 3318 λείᾳ.
2247 3247 2472 3300 Ἐδεδίει
2520 3249 2626 3317 γὰρ
2676 3246 2751 3318 μὴ
2785 3246 2886 3316 τὴν
2934 3245 3089 3301 πόλιν
3139 3248 3190 3301 οί
3235 3248 3529 3312 Σελευκεῖς
3561 3248 3648 3316 τῷ

2062 3339 2311 3410 Τρύφωνι
2341 3338 2596 3394 δώσουσι.
2640 3338 2938 3409 Γενόμενος
2981 3335 3076 3392 οὖν
3127 3340 3190 3394 ἐν
3227 3342 3293 3412 τῇ
3341 3339 3644 3412 Σελευκείᾳ

2051 3434 2079 3486 ό
2113 3421 2406 3504 Ἀντίοχος,
2448 3431 2590 3486 κατά
2616 3432 2710 3487 τοῦ
2752 3433 3050 3504 Τρύφωνος
3089 3434 3354 3506 ὥρμησεο
3407 3437 3508 3490 καὶ⁸
3556 3454 3640 3490 νιο

2053 3525 2228 3594 κήσας
2262 3523 2446 3590 αὐτὸν,
2480 3524 2582 3594 τῆς
2613 3525 2726 3579 ἀνω
2782 3527 2988 3596 Συρίας
3031 3525 3283 3591 ἐξέϐαλε,
3328 3530 3428 3581 καὶ
3472 3529 3556 3591 er,-
3583 3547 3644 3582 τι

2052 3617 2313 3687 φρούριον
2337 3617 2723 3684 καταφυγόντα
2769 3617 3102 3689 ἐπολιόρκει,
3129 3618 3336 3672 καὶτὸν
3372 3620 3647 3690 ἀρχιερέα

2052 3707 2274 3778 Σίμωνα
2307 3708 2388 3772 είς
2436 3708 2620 3778 φιλίαν
2659 3710 3040 3781 προεκαλεῖτο.
3091 3711 3150 3766 ’0
3182 3710 3240 3764 δὲ
3291 3711 3512 3776 ἐδέξατο
3539 3711 3646 3782 τὴν

2051 3799 2376 3872 πρόκλησιν,
2404 3799 2500 3854 καὶ
2526 3801 2642 3863 τοῖς
2670 3801 3028 3872 πολιορκοῦσι
3079 3803 3176 3855 τὸν
3207 3803 3486 3874 Τρύφωνα
3513 3822 3646 3875 τρο-

2052 3891 2161 3961 φάς
2180 3892 2510 3963 ἐχορήγησε.
2531 3892 2727 3960 ⁴Ιιυγιῖυν
2759 3892 2804 3948 δ’
2829 3894 3044 3947 ἐκεῖθεν
3069 3896 3098 3948 ό
3121 3895 3381 3967 Τρύφων,
3415 3899 3513 3950 καὶ
3540 3915 3644 3966 γε-

2052 3983 2279 4052 νόμενος
2316 3984 2398 4045 είς
2450 3983 2778 4053 Ἀπάμειαν,
2832 3986 3221 4056 πολιορκηθεὶς
3277 3989 3518 4059 ἐλήφθη,
3548 3992 3646 4045 καὶ

2051 4074 2339 4144 διεφθάρη,
2363 4076 2449 4128 ἐπ’
2474 4075 2623 4130 ἔτεσι
2649 4075 2985 4146 βασιλεύσας
3041 4079 3246 4150 τρισίν.
3263 4081 3322 4134 '0
3359 4082 3643 4154 Ἀντίοχος

2052 4166 2131 4232 δὲ,
2163 4165 2334 4237 λήθην
2363 4166 2472 4220 τῶν
2495 4167 2604 4221 ὑπὸ
2635 4168 2881 4238 Σίμωνος
2913 4170 3066 4240 αύτῷ
3107 4173 3425 4242 γενομένων
3481 4193 3646 4244 ποιηο

2056 4256 2313 4326 σάμενος,
2346 4257 2558 4312 στέλλει
2599 4259 2933 4315 Κενδεϐαῖον
2971 4263 3072 4333 τὴν
3116 4262 3380 4319 Ἰουδαίαν
3433 4269 3646 4338 πορθῆ-

2057 4369 2167 4415 σαι,
2193 4351 2288 4404 κα“ι
2313 4350 2404 4403 τὸν
2429 4351 2651 4422 Σίμωνα
2673 4356 2968 4424 κατασχεῖν
2995 4357 3402 4428 ἐντειλάμενος.
3452 4361 3641 4430 Σίμων

2053 4443 2111 4496 δὲ
2141 4442 2290 4513 αύτῷ
2316 4445 2744 4510 ἀντααταστάς,
2775 4448 2926 4516 νικᾷ.
2963 4449 3074 4502 Καὶ
3100 4449 3403 4520 εἰρηνικῶς
3437 4451 3510 4504 τὸ.
3533 4453 3644 4504 λοι-

2057 4536 2157 4590 πὸν
2187 4536 2418 4607 διήγαγε
2454 4537 2556 4608 τῆς
2609 4539 2778 4610 ζωῆς,
2825 4540 3000 4611 ἄρξας
3061 4545 3146 4614 τῆς
3226 4543 3493 4608 Ἰουδαίας
3545 4545 3643 4615 ἐτη

2055 4628 2220 4684 ὀκτώ.
2252 4631 2492 4702 Τελευτᾷ
2540 4631 2598 4685 δὲ
2659 4632 2812 4703 παρά
2872 4633 3214 4704 Πτολεμαίου
3245 4635 3340 4688 τοῦ
3377 4637 3644 4710 γαμϐροῦ

374 4717 425 4772 Is
461 4725 696 4787 paterno
740 4717 1056 4772 sacerdotio
1110 4717 1341 4787 potitus,
1398 4715 1695 4770 Ptolemaeo
1745 4713 1948 4768 bellum

2057 4719 2486 4785 ἐπιϐουλευθείς.
2525 4723 2637 4776 Καὶ
2669 4724 2701 4793 ἡ
2729 4725 2867 4795 γυνὴ
2899 4725 2996 4779 τοῦ
3021 4726 3290 4795 Σίμωνος,
3335 4730 3432 4782 καὶ
3463 4732 3518 4782 οἱ
3549 4731 3648 4784 δύο

375 4808 583 4871 intulit,
613 4809 667 4862 iu
694 4808 923 4863 castello
953 4808 1173 4878 Dagoue
1201 4806 1382 4877 agenti
1419 4823 1432 4859 :
1477 4816 1534 4860 at
1569 4814 1628 4860 ut
1659 4805 1948 4860 obsidione

2062 4810 2279 4877 παῖδες,
2313 4812 2736 4882 συλληφθέντες,
2765 4815 3052 4886 ἐδέθησαν.
3071 4819 3131 4871 '0
3161 4820 3343 4889 τρίτος
3378 4820 3645 4892 Ἰωάννης

375 4899 739 4968 ιπιενοιοὺιιι,
797 4902 876 4953 sic
939 4897 1319 4952 misericordia
1374 4897 1566 4952 matris
1608 4906 1666 4952 et
1710 4895 1944 4950 fratrum

2052 4901 2328 4971 διέφυγεν,
2360 4903 2418 4968 ὃς
2445 4907 2536 4958 καὶ
2563 4905 2830 4975 Ὑρκανὸς
2858 4908 3126 4962 ἐκαλεῖτο.
3156 4912 3270 4964 Καὶ
3293 4912 3642 4985 προσεδέχθη

375 4993 720 5048 vincebatur.
770 4993 880 5048 llos
908 4992 1233 5046 Ptolemaeus
1269 4991 1326 5046 in
1358 5006 1576 5045 murum
1626 4988 1948 5059 productos,

2055 4994 2205 5065 παρᾶ
2228 4994 2336 5046 τῶν
2387 4995 2839 5066 Ἱεροσολυμιτῶν
2871 4999 2958 5052 διὰ
2985 5003 3081 5062 τὰς
3105 4999 3197 5052 τοῦ
3229 5003 3444 5072 πατρὸς
3478 5005 3630 5074 εὐερ-

376 5085 433 5139 in
487 5095 789 5156 conspectu
845 5085 995 5139 illius
1058 5083 1394 5138 cruciabat:
1461 5082 1716 5153 quamvis
1778 5086 1948 5137 matre

2053 5087 2265 5154 γεσίας,
2299 5089 2681 5158 ἀπωσαμένων
2703 5091 2930 5144 ἐλθόντα
2958 5092 3048 5145 τὸν
3082 5093 3443 5164 Πτολεμαῖον.
3480 5096 3646 5151 ἐἴποι

375 5176 716 5242 obtestante,
778 5193 846 5232 nc
913 5192 1013 5232 sua
1063 5191 1230 5232 causa
1277 5177 1500 5248 segnius
1552 5184 1761 5245 ageret.
1813 5175 1948 5227 Dum

2055 5177 2234 5232 λαϐὼν
2261 5177 2317 5231 δὲ
2339 5179 2436 5250 τὴν
2465 5180 2694 5251 πάτριον
2727 5183 3031 5254 ἱερωσύνην
3054 5185 3082 5236 ὁ
3121 5185 3388 5256 Ὑρκανὸς
3424 5187 3521 5236 ἐπὶ
3553 5189 3635 5238 tbi

375 5269 592 5324 obsidio
621 5268 695 5324 ita
746 5270 1010 5333 trahitur,
1060 5269 1327 5337 septimus
1365 5281 1546 5321 annus
1586 5266 1790 5329 instat,
1843 5280 1948 5334 quo

2061 5271 2390 5340 Πτολεμαῖνν
2427 5271 2816 5343 ἐστράτευσεν,
2846 5276 2925 5338 είς
2960 5276 3142 5346 ἔρυμά
3173 5295 3223 5329 τι
3247 5277 3449 5344 Δαγὼν
3480 5280 3640 5345 λεγά-

372 5359 580 5415 Judazis
607 5360 781 5413 otium
815 5375 976 5430 agere
1028 5359 1251 5414 solitum
1296 5367 1381 5414 est
1411 5375 1425 5411 :
1464 5373 1641 5426 eaque
1669 5358 1738 5412 de
1787 5373 1948 5412 causa

2062 5380 2221 5433 μενον
2255 5363 2403 5419 ὄντα.
2436 5366 2544 5418 Καὶ
2564 5367 2786 5437 ἐκράτει
2837 5367 2937 5437 μὲν
2966 5372 3034 5440 τῇ
3082 5369 3398 5440 πολιορκία,
3434 5373 3644 5441 ἡττᾶτο

381 5455 522 5508 bello
556 5455 896 5518 intermisso,
937 5453 1264 5507 Ptolenueus
1306 5452 1488 5507 occisa
1519 5460 1694 5506 matre
1735 5460 1792 5506 et
1843 5452 1948 5504 fra-

2059 5458 2115 5509 δὲ
2142 5457 2220 5528 τῷ
2251 5460 2386 5526 πρὸς
2423 5459 2524 5530 τὴν
2584 5461 2799 5529 μητέρα
2849 5464 2943 5514 καὶ
2973 5464 3100 5518 τοὺς
3147 5462 3418 5532 ἀδελφοὺς
3445 5466 3639 5534 οἴκτῳ.

381 5545 560 5614 tribus
585 5545 843 5616 Hyrcani,
876 5545 943 5599 ad
979 5545 1256 5601 Zenonem
1295 5543 1541 5616 Cotylam
1560 5543 1948 5611 Philadelphia:

2071 5544 2130 5595 Ὀ
2163 5544 2271 5613 γὰρ
2307 5547 2655 5615 Πτολεμαῖος,
2691 5549 2910 5617 ἀνάγων
2954 5551 3046 5603 ἐπὶ
3084 5551 3144 5603 τὸ
3182 5554 3362 5622 τεῖχος
3412 5555 3639 5619 αὐτοὺς,

381 5639 545 5709 216
572 5649 862 5710 tyrannum
899 5639 1165 5710 confugit.
1217 5639 1527 5694 Antiochus
1584 5653 1715 5693 vero
1745 5636 1948 5692 Simoni

2063 5635 2118 5698 ἐξ
2147 5635 2395 5687 ἀπόπτου
2442 5635 2698 5707 ᾐκίζετο·
2739 5643 2770 5710 ὴ
2818 5641 3003 5710 μέντοι
3064 5645 3248 5712 μήτηρ
3289 5642 3509 5697 ἱκέτευε
3567 5647 3640 5714 μὴ

382 5731 454 5783 ob
499 5742 775 5800 acceptam
829 5733 1040 5789 cladem
1075 5735 1280 5800 iratus,
1331 5731 1576 5789 Judaeam
1634 5730 1871 5787 invasit:
1906 5741 1948 5785 e1

2069 5729 2462 5798 μαλακίζεσθαι
2486 5731 2553 5782 δι’
2616 5733 2805 5804 αὑτήν.
2861 5733 3200 5806 Τριϐομένης
3261 5735 3306 5788 δ’
3363 5735 3513 5789 οὕτω
3544 5735 3642 5803 τῆς
