  <div class='ocr_page' id='page_1' title='image "/cluster/home/n/w/nwhite01/storage/ocr_20150623/134/hvd.32044073502510/203.png"; bbox 0 0 3918 6200; ppageno 0'>
   <div class='ocr_carea' id='block_1_1' title="bbox 347 272 447 339">
    <p class='ocr_par' dir='ltr' id='par_1_1' title="bbox 347 272 447 339">
     <span class='ocr_line' id='line_1_1' title="bbox 347 272 447 339; baseline -0.05 0"><span class='ocrx_word' id='word_1_1' title='bbox 347 272 447 339; x_wconf 85' lang='grc'>391</span> 
     </span>
    </p>
   </div>
   <div class='ocr_carea' id='block_1_2' title="bbox 1625 265 2318 332">
    <p class='ocr_par' dir='ltr' id='par_1_2' title="bbox 1625 265 2318 332">
     <span class='ocr_line' id='line_1_2' title="bbox 1625 265 2318 332; baseline -0.006 0"><span class='ocrx_word' id='word_1_2' title='bbox 1625 267 1952 332; x_wconf 81' lang='lat' dir='ltr'><strong>JOANNIS</strong></span> <span class='ocrx_word' id='word_1_3' title='bbox 1991 265 2318 330; x_wconf 69' lang='lat' dir='ltr'>ZONARA!</span> 
     </span>
    </p>
   </div>
   <div class='ocr_carea' id='block_1_3' title="bbox 3520 254 3628 320">
    <p class='ocr_par' dir='ltr' id='par_1_3' title="bbox 3520 254 3628 320">
     <span class='ocr_line' id='line_1_3' title="bbox 3520 254 3628 320; baseline -0.019 0"><span class='ocrx_word' id='word_1_4' title='bbox 3520 254 3628 320; x_wconf 81' lang='lat'>392</span> 
     </span>
    </p>
   </div>
   <div class='ocr_carea' id='block_1_4' title="bbox 347 368 1937 452">
    <p class='ocr_par' dir='ltr' id='par_1_4' title="bbox 347 384 1932 452">
     <span class='ocr_line' id='line_1_4' title="bbox 347 384 1932 452; baseline -0.004 -8"><span class='ocrx_word' id='word_1_5' title='bbox 347 388 568 446; x_wconf 82' lang='lat' dir='ltr'><strong>Parthis</strong></span> <span class='ocrx_word' id='word_1_6' title='bbox 594 387 896 449; x_wconf 83' lang='lat' dir='ltr'><strong>interfecti.</strong></span> <span class='ocrx_word' id='word_1_7' title='bbox 928 386 1196 443; x_wconf 87' lang='lat' dir='ltr'><strong>Demetrii</strong></span> <span class='ocrx_word' id='word_1_8' title='bbox 1228 385 1439 452; x_wconf 75' lang='lat' dir='ltr'>fratris,</span> <span class='ocrx_word' id='word_1_9' title='bbox 1478 384 1644 451; x_wconf 82' lang='lat' dir='ltr'><strong>ﬁlius,</strong></span> <span class='ocrx_word' id='word_1_10' title='bbox 1677 384 1932 439; x_wconf 88' lang='lat' dir='ltr'><strong>uterinus</strong></span> 
     </span>
    </p>
   </div>
   <div class='ocr_carea' id='block_1_5' title="bbox 2041 368 3631 452">
    <p class='ocr_par' dir='ltr' id='par_1_5' title="bbox 2041 368 3631 452">
     <span class='ocr_line' id='line_1_5' title="bbox 2041 368 3631 452; baseline -0.009 -16"><span class='ocrx_word' id='word_1_11' title='bbox 2041 383 2062 436; x_wconf 72' lang='grc' dir='ltr'>δ</span> <span class='ocrx_word' id='word_1_12' title='bbox 2101 382 2376 452; x_wconf 78' lang='grc' dir='ltr'>Ἀντίοχος</span> <span class='ocrx_word' id='word_1_13' title='bbox 2409 373 2565 446; x_wconf 70' lang='grc' dir='ltr'>οὗτος</span> <span class='ocrx_word' id='word_1_14' title='bbox 2601 379 2919 452; x_wconf 85' lang='grc' dir='ltr'>γενόμενος,</span> <span class='ocrx_word' id='word_1_15' title='bbox 2941 375 3033 429; x_wconf 72' lang='grc' dir='ltr'>ἐπὶ</span> <span class='ocrx_word' id='word_1_16' title='bbox 3064 374 3280 438; x_wconf 75' lang='grc' dir='ltr'>πολλοῖς</span> <span class='ocrx_word' id='word_1_17' title='bbox 3305 373 3451 426; x_wconf 69' lang='grc' dir='ltr'>ἔτεσι</span> <span class='ocrx_word' id='word_1_18' title='bbox 3485 368 3631 442; x_wconf 65' lang='grc' dir='ltr'>μετὰ</span> 
     </span>
    </p>
   </div>
   <div class='ocr_carea' id='block_1_6' title="bbox 347 477 1929 554">
    <p class='ocr_par' dir='ltr' id='par_1_6' title="bbox 347 477 1929 554">
     <span class='ocr_line' id='line_1_6' title="bbox 347 477 1929 554; baseline -0.003 -18"><span class='ocrx_word' id='word_1_19' title='bbox 347 481 604 536; x_wconf 78' lang='lat' dir='ltr'>Antiochi</span> <span class='ocrx_word' id='word_1_20' title='bbox 663 481 831 554; x_wconf 84' lang='lat' dir='ltr'><strong>Grypi</strong></span> <span class='ocrx_word' id='word_1_21' title='bbox 894 481 1087 536; x_wconf 92' lang='lat' dir='ltr'><strong>frater.</strong></span> <span class='ocrx_word' id='word_1_22' title='bbox 1156 479 1292 534; x_wconf 87' lang='lat' dir='ltr'>Nam</span> <span class='ocrx_word' id='word_1_23' title='bbox 1354 479 1658 549; x_wconf 64' lang='lat' dir='ltr'><strong>Cleopatra;</strong></span> <span class='ocrx_word' id='word_1_24' title='bbox 1708 477 1929 532; x_wconf 87' lang='lat' dir='ltr'><strong>duobus</strong></span> 
     </span>
    </p>
   </div>
   <div class='ocr_carea' id='block_1_7' title="bbox 347 568 1929 645">
    <p class='ocr_par' dir='ltr' id='par_1_7' title="bbox 347 568 1929 645">
     <span class='ocr_line' id='line_1_7' title="bbox 347 568 1929 645; baseline -0.004 -16"><span class='ocrx_word' id='word_1_25' title='bbox 347 574 613 630; x_wconf 77' lang='lat' dir='ltr'>fratribus</span> <span class='ocrx_word' id='word_1_26' title='bbox 664 585 830 645; x_wconf 89' lang='lat' dir='ltr'><strong>nupta</strong></span> <span class='ocrx_word' id='word_1_27' title='bbox 881 574 985 629; x_wconf 88' lang='lat' dir='ltr'><strong>fuit</strong></span> <span class='ocrx_word' id='word_1_28' title='bbox 1027 592 1040 628; x_wconf 93' lang='lat'><strong>:</strong></span> <span class='ocrx_word' id='word_1_29' title='bbox 1085 574 1326 644; x_wconf 89' lang='lat' dir='ltr'><strong>primum</strong></span> <span class='ocrx_word' id='word_1_30' title='bbox 1381 572 1680 635; x_wconf 86' lang='lat' dir='ltr'><strong>Demetrio,</strong></span> <span class='ocrx_word' id='word_1_31' title='bbox 1724 568 1929 625; x_wconf 88' lang='lat' dir='ltr'><strong>deinde</strong></span> 
     </span>
    </p>
   </div>
   <div class='ocr_carea' id='block_1_8' title="bbox 346 662 1932 736">
    <p class='ocr_par' dir='ltr' id='par_1_8' title="bbox 346 662 1932 736">
     <span class='ocr_line' id='line_1_8' title="bbox 346 662 1932 736; baseline -0.006 -12"><span class='ocrx_word' id='word_1_32' title='bbox 346 668 646 732; x_wconf 77' lang='lat' dir='ltr'>Antiocho,</span> <span class='ocrx_word' id='word_1_33' title='bbox 684 677 743 721; x_wconf 90' lang='lat' dir='ltr'>ut</span> <span class='ocrx_word' id='word_1_34' title='bbox 775 676 904 721; x_wconf 82' lang='lat' dir='ltr'><strong>ante</strong></span> <span class='ocrx_word' id='word_1_35' title='bbox 947 667 1294 736; x_wconf 88' lang='lat' dir='ltr'>scripsimus.</span> <span class='ocrx_word' id='word_1_36' title='bbox 1327 666 1404 719; x_wconf 87' lang='lat' dir='ltr'>Ac</span> <span class='ocrx_word' id='word_1_37' title='bbox 1443 681 1474 718; x_wconf 90' lang='lat' dir='ltr'>e</span> <span class='ocrx_word' id='word_1_38' title='bbox 1505 663 1788 718; x_wconf 75' lang='lat' dir='ltr'>Demetrio</span> <span class='ocrx_word' id='word_1_39' title='bbox 1820 662 1932 716; x_wconf 79' lang='lat' dir='ltr'><strong>An-</strong></span> 
     </span>
    </p>
   </div>
   <div class='ocr_carea' id='block_1_9' title="bbox 350 752 1935 830">
    <p class='ocr_par' dir='ltr' id='par_1_9' title="bbox 350 752 1935 830">
     <span class='ocr_line' id='line_1_9' title="bbox 350 752 1935 830; baseline -0.006 -14"><span class='ocrx_word' id='word_1_40' title='bbox 350 762 596 816; x_wconf 89' lang='lat' dir='ltr'><strong>tiochum</strong></span> <span class='ocrx_word' id='word_1_41' title='bbox 629 759 874 830; x_wconf 80' lang='lat' dir='ltr'><strong>Grypum</strong></span> <span class='ocrx_word' id='word_1_42' title='bbox 912 775 926 812; x_wconf 88' lang='lat'><strong>:</strong></span> <span class='ocrx_word' id='word_1_43' title='bbox 965 774 1032 812; x_wconf 81' lang='lat' dir='ltr'><strong>ex</strong></span> <span class='ocrx_word' id='word_1_44' title='bbox 1071 756 1346 812; x_wconf 86' lang='lat' dir='ltr'><strong>Antiocho</strong></span> <span class='ocrx_word' id='word_1_45' title='bbox 1391 755 1706 818; x_wconf 75' lang='lat' dir='ltr'><strong>Servatore,</strong></span> <span class='ocrx_word' id='word_1_46' title='bbox 1740 752 1935 806; x_wconf 86' lang='lat' dir='ltr'><strong>Deme-</strong></span> 
     </span>
    </p>
   </div>
   <div class='ocr_carea' id='block_1_10' title="bbox 349 843 1934 922">
    <p class='ocr_par' dir='ltr' id='par_1_10' title="bbox 349 843 1934 922">
     <span class='ocr_line' id='line_1_10' title="bbox 349 843 1934 922; baseline -0.008 -15"><span class='ocrx_word' id='word_1_47' title='bbox 349 853 442 908; x_wconf 91' lang='lat' dir='ltr'><strong>trii</strong></span> <span class='ocrx_word' id='word_1_48' title='bbox 467 854 656 918; x_wconf 80' lang='lat' dir='ltr'><strong>fratre,</strong></span> <span class='ocrx_word' id='word_1_49' title='bbox 675 850 1005 922; x_wconf 76' lang='lat' dir='ltr'><strong>Cyzicenutn</strong></span> <span class='ocrx_word' id='word_1_50' title='bbox 1029 848 1362 904; x_wconf 85' lang='lat' dir='ltr'><strong>Antiochum</strong></span> <span class='ocrx_word' id='word_1_51' title='bbox 1387 846 1649 915; x_wconf 85' lang='lat' dir='ltr'><strong>suscepit.</strong></span> <span class='ocrx_word' id='word_1_52' title='bbox 1675 844 1776 910; x_wconf 84' lang='lat' dir='ltr'>Qui</span> <span class='ocrx_word' id='word_1_53' title='bbox 1803 843 1934 896; x_wconf 87' lang='lat' dir='ltr'>dum</span> 
     </span>
    </p>
   </div>
   <div class='ocr_carea' id='block_1_11' title="bbox 348 937 1930 1014">
    <p class='ocr_par' dir='ltr' id='par_1_11' title="bbox 348 937 1930 1014">
     <span class='ocr_line' id='line_1_11' title="bbox 348 937 1930 1014; baseline -0.008 -13"><span class='ocrx_word' id='word_1_54' title='bbox 348 946 495 1000; x_wconf 89' lang='lat' dir='ltr'><strong>inter</strong></span> <span class='ocrx_word' id='word_1_55' title='bbox 528 959 647 999; x_wconf 84' lang='lat' dir='ltr'><strong>sese</strong></span> <span class='ocrx_word' id='word_1_56' title='bbox 695 943 1088 1014; x_wconf 75' lang='lat' dir='ltr'><strong>digladientur,</strong></span> <span class='ocrx_word' id='word_1_57' title='bbox 1135 942 1421 1012; x_wconf 80' lang='lat' dir='ltr'><strong>Hyrcanus</strong></span> <span class='ocrx_word' id='word_1_58' title='bbox 1471 939 1662 1008; x_wconf 81' lang='lat' dir='ltr'><strong>quiete</strong></span> <span class='ocrx_word' id='word_1_59' title='bbox 1713 937 1930 1001; x_wconf 88' lang='lat' dir='ltr'><strong>fruens,</strong></span> 
     </span>
    </p>
   </div>
   <div class='ocr_carea' id='block_1_12' title="bbox 351 1029 1938 1104">
    <p class='ocr_par' dir='ltr' id='par_1_12' title="bbox 351 1029 1938 1104">
     <span class='ocr_line' id='line_1_12' title="bbox 351 1029 1938 1104; baseline -0.006 -15"><span class='ocrx_word' id='word_1_60' title='bbox 351 1043 589 1104; x_wconf 90' lang='lat' dir='ltr'><strong>utroque</strong></span> <span class='ocrx_word' id='word_1_61' title='bbox 616 1041 957 1102; x_wconf 89' lang='lat' dir='ltr'><strong>contempto,</strong></span> <span class='ocrx_word' id='word_1_62' title='bbox 989 1031 1214 1098; x_wconf 85' lang='lat' dir='ltr'><strong>defecit,</strong></span> <span class='ocrx_word' id='word_1_63' title='bbox 1255 1046 1440 1100; x_wconf 86' lang='lat' dir='ltr'><strong>neque</strong></span> <span class='ocrx_word' id='word_1_64' title='bbox 1479 1029 1786 1099; x_wconf 89' lang='lat' dir='ltr'><strong>quidquam</strong></span> <span class='ocrx_word' id='word_1_65' title='bbox 1820 1043 1938 1081; x_wconf 79' lang='lat' dir='ltr'><strong>aln-</strong></span> 
     </span>
    </p>
   </div>
   <div class='ocr_carea' id='block_1_13' title="bbox 350 1121 1936 1198">
    <p class='ocr_par' dir='ltr' id='par_1_13' title="bbox 350 1121 1936 1198">
     <span class='ocr_line' id='line_1_13' title="bbox 350 1121 1936 1198; baseline -0.006 -16"><span class='ocrx_word' id='word_1_66' title='bbox 350 1128 498 1198; x_wconf 87' lang='lat' dir='ltr'><strong>plius</strong></span> <span class='ocrx_word' id='word_1_67' title='bbox 529 1127 613 1181; x_wconf 91' lang='lat' dir='ltr'>eis</span> <span class='ocrx_word' id='word_1_68' title='bbox 641 1126 906 1196; x_wconf 87' lang='lat' dir='ltr'><strong>pependit</strong></span> <span class='ocrx_word' id='word_1_69' title='bbox 932 1144 944 1180; x_wconf 93' lang='lat'>:</span> <span class='ocrx_word' id='word_1_70' title='bbox 987 1141 1051 1180; x_wconf 86' lang='lat' dir='ltr'>ac</span> <span class='ocrx_word' id='word_1_71' title='bbox 1082 1125 1284 1181; x_wconf 60' lang='lat' dir='ltr'><strong>Iudaeae</strong></span> <span class='ocrx_word' id='word_1_72' title='bbox 1326 1123 1603 1178; x_wconf 88' lang='lat' dir='ltr'><strong>fructibus</strong></span> <span class='ocrx_word' id='word_1_73' title='bbox 1627 1137 1725 1192; x_wconf 90' lang='lat' dir='ltr'>per</span> <span class='ocrx_word' id='word_1_74' title='bbox 1757 1121 1936 1177; x_wconf 87' lang='lat' dir='ltr'><strong>otium</strong></span> 
     </span>
    </p>
   </div>
   <div class='ocr_carea' id='block_1_14' title="bbox 350 1215 1937 1290">
    <p class='ocr_par' dir='ltr' id='par_1_14' title="bbox 350 1215 1937 1290">
     <span class='ocr_line' id='line_1_14' title="bbox 350 1215 1937 1290; baseline -0.005 -16"><span class='ocrx_word' id='word_1_75' title='bbox 350 1220 628 1289; x_wconf 85' lang='lat' dir='ltr'><strong>perceptis</strong></span> <span class='ocrx_word' id='word_1_76' title='bbox 658 1259 673 1283; x_wconf 91' lang='lat'>,</span> <span class='ocrx_word' id='word_1_77' title='bbox 706 1219 978 1273; x_wconf 90' lang='lat' dir='ltr'><strong>infinitam</strong></span> <span class='ocrx_word' id='word_1_78' title='bbox 1013 1220 1304 1290; x_wconf 83' lang='lat' dir='ltr'><strong>pecuniam</strong></span> <span class='ocrx_word' id='word_1_79' title='bbox 1341 1216 1544 1288; x_wconf 79' lang='lat' dir='ltr'><strong>coegit.</strong></span> <span class='ocrx_word' id='word_1_80' title='bbox 1585 1215 1726 1270; x_wconf 90' lang='lat' dir='ltr'><strong>Cum</strong></span> <span class='ocrx_word' id='word_1_81' title='bbox 1750 1221 1937 1268; x_wconf 84' lang='lat' dir='ltr'><strong>autem</strong></span> 
     </span>
    </p>
   </div>
   <div class='ocr_carea' id='block_1_15' title="bbox 351 1305 1938 1381">
    <p class='ocr_par' dir='ltr' id='par_1_15' title="bbox 351 1305 1938 1381">
     <span class='ocr_line' id='line_1_15' title="bbox 351 1305 1938 1381; baseline -0.007 -14"><span class='ocrx_word' id='word_1_82' title='bbox 351 1313 660 1368; x_wconf 79' lang='lat' dir='ltr'><strong>Samariam</strong></span> <span class='ocrx_word' id='word_1_83' title='bbox 706 1327 803 1381; x_wconf 87' lang='lat' dir='ltr'>per</span> <span class='ocrx_word' id='word_1_84' title='bbox 848 1311 991 1366; x_wconf 87' lang='lat' dir='ltr'><strong>filios</strong></span> <span class='ocrx_word' id='word_1_85' title='bbox 1017 1326 1148 1365; x_wconf 89' lang='lat' dir='ltr'><strong>suos</strong></span> <span class='ocrx_word' id='word_1_86' title='bbox 1182 1309 1565 1364; x_wconf 83' lang='lat' dir='ltr'><strong>Aristobulum</strong></span> <span class='ocrx_word' id='word_1_87' title='bbox 1607 1316 1666 1362; x_wconf 88' lang='lat' dir='ltr'>et</span> <span class='ocrx_word' id='word_1_88' title='bbox 1707 1305 1938 1375; x_wconf 80' lang='lat' dir='ltr'><strong>Antigo-</strong></span> 
     </span>
    </p>
   </div>
   <div class='ocr_carea' id='block_1_16' title="bbox 351 1396 1936 1474">
    <p class='ocr_par' dir='ltr' id='par_1_16' title="bbox 351 1396 1936 1474">
     <span class='ocr_line' id='line_1_16' title="bbox 351 1396 1936 1474; baseline -0.008 -12"><span class='ocrx_word' id='word_1_89' title='bbox 351 1424 483 1462; x_wconf 87' lang='lat' dir='ltr'>num</span> <span class='ocrx_word' id='word_1_90' title='bbox 523 1407 828 1469; x_wconf 83' lang='lat' dir='ltr'><strong>obsideret,</strong></span> <span class='ocrx_word' id='word_1_91' title='bbox 854 1403 1186 1474; x_wconf 87' lang='lat' dir='ltr'><strong>Samaritani</strong></span> <span class='ocrx_word' id='word_1_92' title='bbox 1217 1411 1449 1473; x_wconf 79' lang='lat' dir='ltr'><strong>urgente</strong></span> <span class='ocrx_word' id='word_1_93' title='bbox 1475 1399 1640 1465; x_wconf 89' lang='lat' dir='ltr'><strong>fame,</strong></span> <span class='ocrx_word' id='word_1_94' title='bbox 1676 1396 1936 1453; x_wconf 82' lang='lat' dir='ltr'><strong>Antiochi</strong></span> 
     </span>
    </p>
   </div>
   <div class='ocr_carea' id='block_1_17' title="bbox 349 1490 1938 1570">
    <p class='ocr_par' dir='ltr' id='par_1_17' title="bbox 349 1490 1938 1570">
     <span class='ocr_line' id='line_1_17' title="bbox 349 1490 1938 1570; baseline -0.006 -16"><span class='ocrx_word' id='word_1_95' title='bbox 349 1497 603 1570; x_wconf 79' lang='lat' dir='ltr'><strong>Cyziceni</strong></span> <span class='ocrx_word' id='word_1_96' title='bbox 652 1511 810 1566; x_wconf 82' lang='lat' dir='ltr'><strong>Opem</strong></span> <span class='ocrx_word' id='word_1_97' title='bbox 856 1495 1260 1564; x_wconf 87' lang='lat' dir='ltr'><strong>implorarunt,</strong></span> <span class='ocrx_word' id='word_1_98' title='bbox 1301 1494 1398 1564; x_wconf 92' lang='lat' dir='ltr'>qui</span> <span class='ocrx_word' id='word_1_99' title='bbox 1452 1508 1579 1548; x_wconf 89' lang='lat' dir='ltr'>eum</span> <span class='ocrx_word' id='word_1_100' title='bbox 1621 1490 1938 1548; x_wconf 88' lang='lat' dir='ltr'><strong>Aristobulo</strong></span> 
     </span>
    </p>
   </div>
   <div class='ocr_carea' id='block_1_18' title="bbox 351 1580 1939 1658">
    <p class='ocr_par' dir='ltr' id='par_1_18' title="bbox 351 1580 1939 1658">
     <span class='ocr_line' id='line_1_18' title="bbox 351 1580 1939 1658; baseline -0.006 -14"><span class='ocrx_word' id='word_1_101' title='bbox 351 1603 685 1658; x_wconf 80' lang='lat' dir='ltr'><strong>congressus</strong></span> <span class='ocrx_word' id='word_1_102' title='bbox 734 1587 1001 1641; x_wconf 86' lang='lat' dir='ltr'><strong>vincitur.</strong></span> <span class='ocrx_word' id='word_1_103' title='bbox 1056 1585 1268 1640; x_wconf 87' lang='lat' dir='ltr'><strong>Deinde</strong></span> <span class='ocrx_word' id='word_1_104' title='bbox 1323 1581 1716 1654; x_wconf 72' lang='lat' dir='ltr'><strong>redintegratis</strong></span> <span class='ocrx_word' id='word_1_105' title='bbox 1761 1580 1939 1653; x_wconf 87' lang='lat' dir='ltr'><strong>copiis</strong></span> 
     </span>
    </p>
   </div>
   <div class='ocr_carea' id='block_1_19' title="bbox 353 1673 1938 1751">
    <p class='ocr_par' dir='ltr' id='par_1_19' title="bbox 353 1673 1938 1751">
     <span class='ocr_line' id='line_1_19' title="bbox 353 1673 1938 1751; baseline -0.005 -17"><span class='ocrx_word' id='word_1_106' title='bbox 353 1678 592 1751; x_wconf 82' lang='lat' dir='ltr'><strong>Hyrcani</strong></span> <span class='ocrx_word' id='word_1_107' title='bbox 645 1694 806 1749; x_wconf 81' lang='lat' dir='ltr'><strong>agros</strong></span> <span class='ocrx_word' id='word_1_108' title='bbox 849 1687 1052 1743; x_wconf 81' lang='lat' dir='ltr'><strong>vastat,</strong></span> <span class='ocrx_word' id='word_1_109' title='bbox 1113 1687 1175 1731; x_wconf 90' lang='lat' dir='ltr'>ut</span> <span class='ocrx_word' id='word_1_110' title='bbox 1208 1693 1272 1732; x_wconf 88' lang='lat' dir='ltr'>ca</span> <span class='ocrx_word' id='word_1_111' title='bbox 1324 1679 1540 1732; x_wconf 85' lang='lat' dir='ltr'><strong>ratione</strong></span> <span class='ocrx_word' id='word_1_112' title='bbox 1586 1673 1938 1730; x_wconf 89' lang='lat' dir='ltr'><strong>obsidionem</strong></span> 
     </span>
    </p>
   </div>
   <div class='ocr_carea' id='block_1_20' title="bbox 2038 460 3628 546">
    <p class='ocr_par' dir='ltr' id='par_1_20' title="bbox 2038 460 3628 546">
     <span class='ocr_line' id='line_1_20' title="bbox 2038 460 3628 546; baseline -0.007 -17"><span class='ocrx_word' id='word_1_113' title='bbox 2038 474 2136 529; x_wconf 88' lang='grc' dir='ltr'>τοῦ</span> <span class='ocrx_word' id='word_1_114' title='bbox 2159 473 2389 546; x_wconf 84' lang='grc' dir='ltr'>ἀδελφοῦ</span> <span class='ocrx_word' id='word_1_115' title='bbox 2418 474 2718 544; x_wconf 78' lang='grc' dir='ltr'>Ἀντιόχου,</span> <span class='ocrx_word' id='word_1_116' title='bbox 2747 473 2843 526; x_wconf 87' lang='grc' dir='ltr'>τοῦ</span> <span class='ocrx_word' id='word_1_117' title='bbox 2866 469 3254 539; x_wconf 78' lang='grc' dir='ltr'>ἐπικληθέντος</span> <span class='ocrx_word' id='word_1_118' title='bbox 3286 460 3628 537; x_wconf 55' lang='grc' dir='ltr'>Κυζικηήῖοῧ,</span> 
     </span>
    </p>
   </div>
   <div class='ocr_carea' id='block_1_21' title="bbox 2037 559 3630 637">
    <p class='ocr_par' dir='ltr' id='par_1_21' title="bbox 2037 559 3630 637">
     <span class='ocr_line' id='line_1_21' title="bbox 2037 559 3630 637; baseline -0.006 -16"><span class='ocrx_word' id='word_1_119' title='bbox 2037 567 2120 622; x_wconf 82' lang='grc' dir='ltr'>ὃτι</span> <span class='ocrx_word' id='word_1_120' title='bbox 2146 569 2203 621; x_wconf 74' lang='grc' dir='ltr'>ὲν</span> <span class='ocrx_word' id='word_1_121' title='bbox 2230 566 2456 637; x_wconf 76' lang='grc' dir='ltr'>Κυζίκῳ</span> <span class='ocrx_word' id='word_1_122' title='bbox 2484 566 2718 636; x_wconf 73' lang='grc' dir='ltr'>ἐτράφη,</span> <span class='ocrx_word' id='word_1_123' title='bbox 2763 564 2895 633; x_wconf 73' lang='grc' dir='ltr'>περὶ</span> <span class='ocrx_word' id='word_1_124' title='bbox 2921 565 3020 630; x_wconf 77' lang='grc' dir='ltr'>τῆς</span> <span class='ocrx_word' id='word_1_125' title='bbox 3057 559 3338 631; x_wconf 74' lang='grc' dir='ltr'>βασιλείας</span> <span class='ocrx_word' id='word_1_126' title='bbox 3366 559 3630 629; x_wconf 84' lang='grc' dir='ltr'>ἐμάχετο.</span> 
     </span>
    </p>
   </div>
   <div class='ocr_carea' id='block_1_22' title="bbox 2036 651 3632 728">
    <p class='ocr_par' dir='ltr' id='par_1_22' title="bbox 2036 651 3632 728">
     <span class='ocr_line' id='line_1_22' title="bbox 2036 651 3632 728; baseline -0.007 -14"><span class='ocrx_word' id='word_1_127' title='bbox 2036 655 2146 714; x_wconf 84' lang='grc' dir='ltr'>Ἦν</span> <span class='ocrx_word' id='word_1_128' title='bbox 2174 661 2230 714; x_wconf 84' lang='grc' dir='ltr'>δὲ</span> <span class='ocrx_word' id='word_1_129' title='bbox 2259 655 2413 723; x_wconf 79' lang='grc' dir='ltr'>οὗτος</span> <span class='ocrx_word' id='word_1_130' title='bbox 2436 658 2552 722; x_wconf 70' lang='grc' dir='ltr'>υἱὸς</span> <span class='ocrx_word' id='word_1_131' title='bbox 2576 657 2856 728; x_wconf 80' lang='grc' dir='ltr'>Ἀντιόχου</span> <span class='ocrx_word' id='word_1_132' title='bbox 2883 655 2978 709; x_wconf 87' lang='grc' dir='ltr'>τοῦ</span> <span class='ocrx_word' id='word_1_133' title='bbox 2999 655 3252 718; x_wconf 82' lang='grc' dir='ltr'>θανόντος</span> <span class='ocrx_word' id='word_1_134' title='bbox 3275 656 3332 707; x_wconf 83' lang='grc' dir='ltr'>ὲν</span> <span class='ocrx_word' id='word_1_135' title='bbox 3363 651 3632 723; x_wconf 85' lang='grc' dir='ltr'>Πάρθοις,</span> 
     </span>
    </p>
   </div>
   <div class='ocr_carea' id='block_1_23' title="bbox 2039 745 3634 822">
    <p class='ocr_par' dir='ltr' id='par_1_23' title="bbox 2039 745 3634 822">
     <span class='ocr_line' id='line_1_23' title="bbox 2039 745 3634 822; baseline -0.008 -15"><span class='ocrx_word' id='word_1_136' title='bbox 2039 753 2134 807; x_wconf 89' lang='grc' dir='ltr'>τοῦ</span> <span class='ocrx_word' id='word_1_137' title='bbox 2185 752 2416 822; x_wconf 86' lang='grc' dir='ltr'>ἀδελφοῦ</span> <span class='ocrx_word' id='word_1_138' title='bbox 2479 751 2823 822; x_wconf 76' lang='grc' dir='ltr'>Δημητρίου,</span> <span class='ocrx_word' id='word_1_139' title='bbox 2883 749 2959 813; x_wconf 85' lang='grc' dir='ltr'>ὡς</span> <span class='ocrx_word' id='word_1_140' title='bbox 3013 746 3349 819; x_wconf 74' lang='grc' dir='ltr'>ἑτεροθαλὴς</span> <span class='ocrx_word' id='word_1_141' title='bbox 3396 745 3634 814; x_wconf 69' lang='grc' dir='ltr'>ἁδελφὶς</span> 
     </span>
    </p>
   </div>
   <div class='ocr_carea' id='block_1_24' title="bbox 2040 839 3632 915">
    <p class='ocr_par' dir='ltr' id='par_1_24' title="bbox 2040 839 3632 915">
     <span class='ocr_line' id='line_1_24' title="bbox 2040 839 3632 915; baseline -0.005 -16"><span class='ocrx_word' id='word_1_142' title='bbox 2040 845 2302 915; x_wconf 79' lang='grc' dir='ltr'>ὑπάρχων</span> <span class='ocrx_word' id='word_1_143' title='bbox 2336 843 2432 898; x_wconf 83' lang='grc' dir='ltr'>τοῦ</span> <span class='ocrx_word' id='word_1_144' title='bbox 2460 843 2676 914; x_wconf 73' lang='grc' dir='ltr'>Γρυποῦ</span> <span class='ocrx_word' id='word_1_145' title='bbox 2715 842 3017 912; x_wconf 78' lang='grc' dir='ltr'>Ἀντιόχου.</span> <span class='ocrx_word' id='word_1_146' title='bbox 3053 842 3117 894; x_wconf 84' lang='grc' dir='ltr'><strong>Ἠ</strong></span> <span class='ocrx_word' id='word_1_147' title='bbox 3156 841 3262 910; x_wconf 86' lang='grc' dir='ltr'>γὰρ</span> <span class='ocrx_word' id='word_1_148' title='bbox 3297 839 3632 906; x_wconf 85' lang='grc' dir='ltr'>Κλεοπάτρα</span> 
     </span>
    </p>
   </div>
   <div class='ocr_carea' id='block_1_25' title="bbox 2039 928 3635 1006">
    <p class='ocr_par' dir='ltr' id='par_1_25' title="bbox 2039 928 3635 1006">
     <span class='ocr_line' id='line_1_25' title="bbox 2039 928 3635 1006; baseline -0.007 -15"><span class='ocrx_word' id='word_1_149' title='bbox 2039 942 2151 1000; x_wconf 87' lang='grc' dir='ltr'>τοῖς</span> <span class='ocrx_word' id='word_1_150' title='bbox 2185 937 2304 990; x_wconf 81' lang='grc' dir='ltr'>δυσὶ</span> <span class='ocrx_word' id='word_1_151' title='bbox 2333 935 2649 1006; x_wconf 79' lang='grc' dir='ltr'>συνῴκησεν</span> <span class='ocrx_word' id='word_1_152' title='bbox 2683 933 2956 1002; x_wconf 77' lang='grc' dir='ltr'>ἀδελφοῖς,</span> <span class='ocrx_word' id='word_1_153' title='bbox 2979 932 3057 1002; x_wconf 86' lang='grc' dir='ltr'>τῷ</span> <span class='ocrx_word' id='word_1_154' title='bbox 3087 930 3388 1005; x_wconf 73' lang='grc' dir='ltr'>Δημητρίῳ</span> <span class='ocrx_word' id='word_1_155' title='bbox 3413 929 3471 982; x_wconf 82' lang='grc' dir='ltr'>δὲ</span> <span class='ocrx_word' id='word_1_156' title='bbox 3501 928 3635 999; x_wconf 81' lang='grc' dir='ltr'>πρό-</span> 
     </span>
    </p>
   </div>
   <div class='ocr_carea' id='block_1_26' title="bbox 2037 1022 3633 1100">
    <p class='ocr_par' dir='ltr' id='par_1_26' title="bbox 2037 1022 3633 1100">
     <span class='ocr_line' id='line_1_26' title="bbox 2037 1022 3633 1100; baseline -0.006 -17"><span class='ocrx_word' id='word_1_157' title='bbox 2037 1045 2218 1100; x_wconf 89' lang='grc' dir='ltr'>τερον,</span> <span class='ocrx_word' id='word_1_158' title='bbox 2257 1029 2357 1083; x_wconf 82' lang='grc' dir='ltr'>καὶ</span> <span class='ocrx_word' id='word_1_159' title='bbox 2399 1029 2478 1099; x_wconf 79' lang='grc' dir='ltr'>τῷ</span> <span class='ocrx_word' id='word_1_160' title='bbox 2505 1027 2770 1098; x_wconf 81' lang='grc' dir='ltr'>Ἀντιόχῳ</span> <span class='ocrx_word' id='word_1_161' title='bbox 2812 1027 3132 1094; x_wconf 84' lang='grc' dir='ltr'>μετέπειτα⁹</span> <span class='ocrx_word' id='word_1_162' title='bbox 3193 1024 3269 1086; x_wconf 86' lang='grc' dir='ltr'>ὼς</span> <span class='ocrx_word' id='word_1_163' title='bbox 3311 1022 3633 1094; x_wconf 83' lang='grc' dir='ltr'>προγέγρα-</span> 
     </span>
    </p>
   </div>
   <div class='ocr_carea' id='block_1_27' title="bbox 2039 1113 3634 1189">
    <p class='ocr_par' dir='ltr' id='par_1_27' title="bbox 2039 1113 3634 1189">
     <span class='ocr_line' id='line_1_27' title="bbox 2039 1113 3634 1189; baseline -0.006 -16"><span class='ocrx_word' id='word_1_164' title='bbox 2039 1137 2192 1173; x_wconf 87' lang='grc' dir='ltr'>πται.</span> <span class='ocrx_word' id='word_1_165' title='bbox 2219 1120 2330 1173; x_wconf 77' lang='grc' dir='ltr'>Καὶ</span> <span class='ocrx_word' id='word_1_166' title='bbox 2361 1121 2425 1172; x_wconf 84' lang='grc' dir='ltr'>ὲκ</span> <span class='ocrx_word' id='word_1_167' title='bbox 2466 1119 2566 1189; x_wconf 81' lang='grc' dir='ltr'>μὲν</span> <span class='ocrx_word' id='word_1_168' title='bbox 2599 1117 2920 1188; x_wconf 77' lang='grc' dir='ltr'>Δημητρίου</span> <span class='ocrx_word' id='word_1_169' title='bbox 2956 1116 3048 1169; x_wconf 73' lang='grc' dir='ltr'>τὸν</span> <span class='ocrx_word' id='word_1_170' title='bbox 3105 1115 3322 1184; x_wconf 59' lang='grc' dir='ltr'>Γρυπξν</span> <span class='ocrx_word' id='word_1_171' title='bbox 3349 1113 3634 1182; x_wconf 74' lang='grc' dir='ltr'>’Λντίςχον</span> 
     </span>
    </p>
   </div>
   <div class='ocr_carea' id='block_1_28' title="bbox 2038 1205 3636 1281">
    <p class='ocr_par' dir='ltr' id='par_1_28' title="bbox 2038 1205 3636 1281">
     <span class='ocr_line' id='line_1_28' title="bbox 2038 1205 3636 1281; baseline -0.004 -17"><span class='ocrx_word' id='word_1_172' title='bbox 2038 1211 2256 1266; x_wconf 75' lang='grc' dir='ltr'>ἔτεκεν·</span> <span class='ocrx_word' id='word_1_173' title='bbox 2289 1210 2350 1278; x_wconf 74' lang='grc' dir='ltr'>ἐξ</span> <span class='ocrx_word' id='word_1_174' title='bbox 2381 1211 2662 1281; x_wconf 83' lang='grc' dir='ltr'>Ἀντιόχου</span> <span class='ocrx_word' id='word_1_175' title='bbox 2695 1210 2753 1262; x_wconf 80' lang='grc' dir='ltr'>δὲ</span> <span class='ocrx_word' id='word_1_176' title='bbox 2791 1208 2888 1261; x_wconf 89' lang='grc' dir='ltr'>τοῦ</span> <span class='ocrx_word' id='word_1_177' title='bbox 2931 1208 3184 1278; x_wconf 83' lang='grc' dir='ltr'>Σωτῆρος</span> <span class='ocrx_word' id='word_1_178' title='bbox 3242 1206 3338 1261; x_wconf 85' lang='grc' dir='ltr'>τοῦ</span> <span class='ocrx_word' id='word_1_179' title='bbox 3390 1205 3636 1270; x_wconf 80' lang='grc' dir='ltr'>ἀδελφοῦ</span> 
     </span>
    </p>
   </div>
   <div class='ocr_carea' id='block_1_29' title="bbox 2039 1299 3637 1377">
    <p class='ocr_par' dir='ltr' id='par_1_29' title="bbox 2039 1299 3637 1377">
     <span class='ocr_line' id='line_1_29' title="bbox 2039 1299 3637 1377; baseline -0.006 -18"><span class='ocrx_word' id='word_1_180' title='bbox 2039 1305 2352 1377; x_wconf 81' lang='grc' dir='ltr'>Δημητρίου</span> <span class='ocrx_word' id='word_1_181' title='bbox 2400 1304 2493 1358; x_wconf 81' lang='grc' dir='ltr'>τὸν</span> <span class='ocrx_word' id='word_1_182' title='bbox 2543 1302 2856 1373; x_wconf 79' lang='grc' dir='ltr'>Κυζικηνὸν</span> <span class='ocrx_word' id='word_1_183' title='bbox 2902 1300 3179 1368; x_wconf 79' lang='grc' dir='ltr'>Ἀντίοχον</span> <span class='ocrx_word' id='word_1_184' title='bbox 3208 1299 3485 1367; x_wconf 70' lang='grc' dir='ltr'>ἐγείνατο.</span> <span class='ocrx_word' id='word_1_185' title='bbox 3539 1299 3637 1352; x_wconf 83' lang='grc' dir='ltr'>Ἐν</span> 
     </span>
    </p>
   </div>
   <div class='ocr_carea' id='block_1_30' title="bbox 2040 1388 3637 1467">
    <p class='ocr_par' dir='ltr' id='par_1_30' title="bbox 2040 1388 3637 1467">
     <span class='ocr_line' id='line_1_30' title="bbox 2040 1388 3637 1467; baseline -0.005 -16"><span class='ocrx_word' id='word_1_186' title='bbox 2040 1397 2149 1467; x_wconf 83' lang='grc' dir='ltr'>ὅσῳ</span> <span class='ocrx_word' id='word_1_187' title='bbox 2179 1395 2237 1448; x_wconf 84' lang='grc' dir='ltr'>δὲ</span> <span class='ocrx_word' id='word_1_188' title='bbox 2266 1388 2412 1450; x_wconf 76' lang='grc' dir='ltr'>οὗτοι</span> <span class='ocrx_word' id='word_1_189' title='bbox 2455 1395 2594 1465; x_wconf 78' lang='grc' dir='ltr'>πρὸς</span> <span class='ocrx_word' id='word_1_190' title='bbox 2651 1393 2923 1464; x_wconf 79' lang='grc' dir='ltr'>ἀλλήλους</span> <span class='ocrx_word' id='word_1_191' title='bbox 2977 1392 3320 1462; x_wconf 74' lang='grc' dir='ltr'>ιμάχοντο,ό</span> <span class='ocrx_word' id='word_1_192' title='bbox 3379 1391 3637 1461; x_wconf 74' lang='grc' dir='ltr'>Υρκανδς</span> 
     </span>
    </p>
   </div>
   <div class='ocr_carea' id='block_1_31' title="bbox 2039 1482 3636 1560">
    <p class='ocr_par' dir='ltr' id='par_1_31' title="bbox 2039 1482 3636 1560">
     <span class='ocr_line' id='line_1_31' title="bbox 2039 1482 3636 1560; baseline -0.003 -20"><span class='ocrx_word' id='word_1_193' title='bbox 2039 1487 2264 1560; x_wconf 80' lang='grc' dir='ltr'>ἠρέμει,</span> <span class='ocrx_word' id='word_1_194' title='bbox 2293 1492 2390 1540; x_wconf 75' lang='grc' dir='ltr'>καὶ</span> <span class='ocrx_word' id='word_1_195' title='bbox 2416 1486 2844 1558; x_wconf 77' lang='grc' dir='ltr'>καταφρονήσας</span> <span class='ocrx_word' id='word_1_196' title='bbox 2871 1482 2984 1538; x_wconf 88' lang='grc' dir='ltr'>τῶν</span> <span class='ocrx_word' id='word_1_197' title='bbox 3035 1483 3334 1554; x_wconf 82' lang='grc' dir='ltr'>’Δντιόχων</span> <span class='ocrx_word' id='word_1_198' title='bbox 3386 1483 3636 1554; x_wconf 78' lang='grc' dir='ltr'>ἀπέστη,</span> 
     </span>
    </p>
   </div>
   <div class='ocr_carea' id='block_1_32' title="bbox 2041 1576 3639 1651">
    <p class='ocr_par' dir='ltr' id='par_1_32' title="bbox 2041 1576 3639 1651">
     <span class='ocr_line' id='line_1_32' title="bbox 2041 1576 3639 1651; baseline -0.001 -18"><span class='ocrx_word' id='word_1_199' title='bbox 2041 1579 2212 1650; x_wconf 87' lang='grc' dir='ltr'>μηδὲν</span> <span class='ocrx_word' id='word_1_200' title='bbox 2236 1579 2317 1634; x_wconf 77' lang='grc' dir='ltr'>ἔτι</span> <span class='ocrx_word' id='word_1_201' title='bbox 2347 1581 2608 1649; x_wconf 79' lang='grc' dir='ltr'>παρέχων</span> <span class='ocrx_word' id='word_1_202' title='bbox 2640 1578 2828 1642; x_wconf 78' lang='grc' dir='ltr'>αὐτοῖς</span> <span class='ocrx_word' id='word_1_203' title='bbox 2855 1593 2870 1608; x_wconf 82' lang='lat'><strong><em>°</em></strong></span> <span class='ocrx_word' id='word_1_204' title='bbox 2923 1576 3022 1632; x_wconf 80' lang='grc' dir='ltr'>καὶ</span> <span class='ocrx_word' id='word_1_205' title='bbox 3055 1577 3198 1630; x_wconf 76' lang='grc' dir='ltr'>κατὰ</span> <span class='ocrx_word' id='word_1_206' title='bbox 3235 1576 3436 1651; x_wconf 74' lang='grc' dir='ltr'>σχολὴν</span> <span class='ocrx_word' id='word_1_207' title='bbox 3463 1578 3639 1649; x_wconf 78' lang='grc' dir='ltr'>ἐκαρ-</span> 
     </span>
    </p>
   </div>
   <div class='ocr_carea' id='block_1_33' title="bbox 2040 1669 3641 1742">
    <p class='ocr_par' dir='ltr' id='par_1_33' title="bbox 2040 1669 3641 1742">
     <span class='ocr_line' id='line_1_33' title="bbox 2040 1669 3641 1742; baseline -0.001 -18"><span class='ocrx_word' id='word_1_208' title='bbox 2040 1670 2209 1725; x_wconf 87' lang='grc' dir='ltr'>ποῦτο</span> <span class='ocrx_word' id='word_1_209' title='bbox 2239 1671 2341 1742; x_wconf 77' lang='grc' dir='ltr'>τὴν</span> <span class='ocrx_word' id='word_1_210' title='bbox 2369 1670 2659 1739; x_wconf 81' lang='grc' dir='ltr'>Ἰουδαίαν,</span> <span class='ocrx_word' id='word_1_211' title='bbox 2691 1671 2768 1735; x_wconf 82' lang='grc' dir='ltr'>ὡς</span> <span class='ocrx_word' id='word_1_212' title='bbox 2793 1671 3024 1742; x_wconf 78' lang='grc' dir='ltr'>ἄπειρόν</span> <span class='ocrx_word' id='word_1_213' title='bbox 3068 1687 3122 1724; x_wconf 91' lang='grc' dir='ltr'>τι</span> <span class='ocrx_word' id='word_1_214' title='bbox 3155 1669 3364 1741; x_wconf 82' lang='grc' dir='ltr'>πλῆθος</span> <span class='ocrx_word' id='word_1_215' title='bbox 3411 1671 3641 1742; x_wconf 69' lang='grc' dir='ltr'>χρημά-</span> 
     </span>
    </p>
   </div>
   <div class='ocr_carea' id='block_1_34' title="bbox 353 1763 1937 1842">
    <p class='ocr_par' dir='ltr' id='par_1_34' title="bbox 353 1768 1937 1842">
     <span class='ocr_line' id='line_1_34' title="bbox 353 1768 1937 1842; baseline -0.003 -15"><span class='ocrx_word' id='word_1_216' title='bbox 353 1773 568 1827; x_wconf 78' lang='lat' dir='ltr'><strong>solvere</strong></span> <span class='ocrx_word' id='word_1_217' title='bbox 592 1779 904 1842; x_wconf 80' lang='lat' dir='ltr'><strong>cogeretur.</strong></span> <span class='ocrx_word' id='word_1_218' title='bbox 945 1769 1054 1826; x_wconf 90' lang='lat' dir='ltr'><strong>Sed</strong></span> <span class='ocrx_word' id='word_1_219' title='bbox 1082 1771 1212 1825; x_wconf 78' lang='lat' dir='ltr'><strong>dutn</strong></span> <span class='ocrx_word' id='word_1_220' title='bbox 1249 1771 1436 1826; x_wconf 82' lang='lat' dir='ltr'><strong>multis</strong></span> <span class='ocrx_word' id='word_1_221' title='bbox 1458 1784 1687 1824; x_wconf 88' lang='lat' dir='ltr'><strong>suorum</strong></span> <span class='ocrx_word' id='word_1_222' title='bbox 1717 1768 1937 1824; x_wconf 88' lang='lat' dir='ltr'><strong>amissis</strong></span> 
     </span>
    </p>
   </div>
   <div class='ocr_carea' id='block_1_35' title="bbox 2041 1763 3637 1842">
    <p class='ocr_par' dir='ltr' id='par_1_35' title="bbox 2041 1763 3637 1834">
     <span class='ocr_line' id='line_1_35' title="bbox 2041 1763 3637 1834; baseline 0 -16"><span class='ocrx_word' id='word_1_223' title='bbox 2041 1782 2151 1820; x_wconf 90' lang='grc' dir='ltr'>των</span> <span class='ocrx_word' id='word_1_224' title='bbox 2180 1765 2535 1833; x_wconf 85' lang='grc' dir='ltr'>συναγαγεῖν.</span> <span class='ocrx_word' id='word_1_225' title='bbox 2569 1763 2919 1833; x_wconf 84' lang='grc' dir='ltr'>Στρατεύσας</span> <span class='ocrx_word' id='word_1_226' title='bbox 2947 1763 3004 1818; x_wconf 80' lang='grc' dir='ltr'>δὲ</span> <span class='ocrx_word' id='word_1_227' title='bbox 3035 1765 3132 1818; x_wconf 75' lang='grc' dir='ltr'>καὶ</span> <span class='ocrx_word' id='word_1_228' title='bbox 3161 1765 3256 1818; x_wconf 75' lang='grc' dir='ltr'>ἐπὶ</span> <span class='ocrx_word' id='word_1_229' title='bbox 3285 1765 3637 1834; x_wconf 83' lang='grc' dir='ltr'>Σαμάρειαν.</span> 
     </span>
    </p>
   </div>
   <div class='ocr_carea' id='block_1_36' title="bbox 351 1863 1938 1935">
    <p class='ocr_par' dir='ltr' id='par_1_36' title="bbox 351 1863 1938 1935">
     <span class='ocr_line' id='line_1_36' title="bbox 351 1863 1938 1935; baseline 0 -17"><span class='ocrx_word' id='word_1_230' title='bbox 351 1864 617 1934; x_wconf 83' lang='lat' dir='ltr'><strong>Tripolim</strong></span> <span class='ocrx_word' id='word_1_231' title='bbox 649 1863 880 1930; x_wconf 84' lang='lat' dir='ltr'><strong>recedit,</strong></span> <span class='ocrx_word' id='word_1_232' title='bbox 910 1863 1198 1935; x_wconf 82' lang='lat' dir='ltr'><strong>Hyrcanus</strong></span> <span class='ocrx_word' id='word_1_233' title='bbox 1239 1863 1548 1919; x_wconf 88' lang='lat' dir='ltr'><strong>Samariam</strong></span> <span class='ocrx_word' id='word_1_234' title='bbox 1589 1870 1808 1933; x_wconf 86' lang='lat' dir='ltr'><strong>captam</strong></span> <span class='ocrx_word' id='word_1_235' title='bbox 1836 1877 1938 1934; x_wconf 90' lang='lat' dir='ltr'><strong>pe-</strong></span> 
     </span>
    </p>
   </div>
   <div class='ocr_carea' id='block_1_37' title="bbox 350 1954 1940 2026">
    <p class='ocr_par' dir='ltr' id='par_1_37' title="bbox 350 1954 1940 2026">
     <span class='ocr_line' id='line_1_37' title="bbox 350 1954 1940 2026; baseline 0.002 -18"><span class='ocrx_word' id='word_1_236' title='bbox 350 1954 502 2009; x_wconf 90' lang='lat' dir='ltr'><strong>nitus</strong></span> <span class='ocrx_word' id='word_1_237' title='bbox 555 1954 727 2010; x_wconf 89' lang='lat' dir='ltr'><strong>delct.</strong></span> <span class='ocrx_word' id='word_1_238' title='bbox 771 1955 970 2010; x_wconf 86' lang='lat' dir='ltr'><strong>Fertur</strong></span> <span class='ocrx_word' id='word_1_239' title='bbox 1015 1966 1226 2021; x_wconf 88' lang='lat' dir='ltr'><strong>autem,</strong></span> <span class='ocrx_word' id='word_1_240' title='bbox 1275 1971 1342 2010; x_wconf 90' lang='lat' dir='ltr'>eo</span> <span class='ocrx_word' id='word_1_241' title='bbox 1377 1955 1468 2010; x_wconf 89' lang='lat' dir='ltr'>die</span> <span class='ocrx_word' id='word_1_242' title='bbox 1510 1971 1621 2026; x_wconf 91' lang='lat' dir='ltr'>quo</span> <span class='ocrx_word' id='word_1_243' title='bbox 1667 1958 1780 2010; x_wconf 88' lang='lat' dir='ltr'>duo</span> <span class='ocrx_word' id='word_1_244' title='bbox 1819 1954 1940 2026; x_wconf 84' lang='lat' dir='ltr'><strong>ejus</strong></span> 
     </span>
    </p>
   </div>
   <div class='ocr_carea' id='block_1_38' title="bbox 352 2047 1938 2118">
    <p class='ocr_par' dir='ltr' id='par_1_38' title="bbox 352 2047 1938 2118">
     <span class='ocr_line' id='line_1_38' title="bbox 352 2047 1938 2118; baseline -0.001 -17"><span class='ocrx_word' id='word_1_245' title='bbox 352 2047 448 2102; x_wconf 85' lang='lat' dir='ltr'><strong>filii</strong></span> <span class='ocrx_word' id='word_1_246' title='bbox 483 2063 608 2102; x_wconf 92' lang='lat' dir='ltr'>cum</span> <span class='ocrx_word' id='word_1_247' title='bbox 642 2047 914 2102; x_wconf 88' lang='lat' dir='ltr'><strong>Antiocho</strong></span> <span class='ocrx_word' id='word_1_248' title='bbox 947 2057 1285 2118; x_wconf 80' lang='lat' dir='ltr'><strong>pugnarunt,</strong></span> <span class='ocrx_word' id='word_1_249' title='bbox 1321 2047 1452 2103; x_wconf 88' lang='lat' dir='ltr'>dum</span> <span class='ocrx_word' id='word_1_250' title='bbox 1481 2048 1636 2103; x_wconf 86' lang='lat' dir='ltr'><strong>solus</strong></span> <span class='ocrx_word' id='word_1_251' title='bbox 1663 2054 1724 2102; x_wconf 91' lang='lat' dir='ltr'>ut</span> <span class='ocrx_word' id='word_1_252' title='bbox 1751 2047 1938 2117; x_wconf 86' lang='lat' dir='ltr'><strong>ponti-</strong></span> 
     </span>
    </p>
   </div>
   <div class='ocr_carea' id='block_1_39' title="bbox 351 2139 1938 2210">
    <p class='ocr_par' dir='ltr' id='par_1_39' title="bbox 351 2139 1938 2210">
     <span class='ocr_line' id='line_1_39' title="bbox 351 2139 1938 2210; baseline 0 -16"><span class='ocrx_word' id='word_1_253' title='bbox 351 2141 439 2196; x_wconf 83' lang='lat' dir='ltr'><strong>fex</strong></span> <span class='ocrx_word' id='word_1_254' title='bbox 467 2141 522 2195; x_wconf 91' lang='lat' dir='ltr'><strong>in</strong></span> <span class='ocrx_word' id='word_1_255' title='bbox 562 2141 805 2196; x_wconf 88' lang='lat' dir='ltr'><strong>sacrario</strong></span> <span class='ocrx_word' id='word_1_256' title='bbox 842 2139 1078 2206; x_wconf 80' lang='lat' dir='ltr'><strong>sufliret,</strong></span> <span class='ocrx_word' id='word_1_257' title='bbox 1111 2139 1334 2195; x_wconf 85' lang='lat' dir='ltr'><strong>audisse</strong></span> <span class='ocrx_word' id='word_1_258' title='bbox 1379 2156 1596 2203; x_wconf 85' lang='lat' dir='ltr'><strong>vocem,</strong></span> <span class='ocrx_word' id='word_1_259' title='bbox 1630 2155 1755 2210; x_wconf 59' lang='lat' dir='ltr'><strong>quae</strong></span> <span class='ocrx_word' id='word_1_260' title='bbox 1781 2139 1938 2195; x_wconf 85' lang='lat' dir='ltr'><strong>dice-</strong></span> 
     </span>
    </p>
   </div>
   <div class='ocr_carea' id='block_1_40' title="bbox 353 2231 1937 2298">
    <p class='ocr_par' dir='ltr' id='par_1_40' title="bbox 353 2231 1937 2298">
     <span class='ocr_line' id='line_1_40' title="bbox 353 2231 1937 2298; baseline 0 -11"><span class='ocrx_word' id='word_1_261' title='bbox 353 2243 458 2298; x_wconf 87' lang='lat' dir='ltr'><strong>ret,</strong></span> <span class='ocrx_word' id='word_1_262' title='bbox 516 2233 852 2287; x_wconf 89' lang='lat' dir='ltr'><strong>Antiochum</strong></span> <span class='ocrx_word' id='word_1_263' title='bbox 909 2231 1075 2287; x_wconf 87' lang='lat' dir='ltr'><strong>modo</strong></span> <span class='ocrx_word' id='word_1_264' title='bbox 1121 2248 1151 2286; x_wconf 90' lang='lat' dir='ltr'>a</span> <span class='ocrx_word' id='word_1_265' title='bbox 1202 2233 1320 2288; x_wconf 75' lang='lat' dir='ltr'><strong>suis</strong></span> <span class='ocrx_word' id='word_1_266' title='bbox 1367 2231 1494 2287; x_wconf 88' lang='lat' dir='ltr'><strong>filiis</strong></span> <span class='ocrx_word' id='word_1_267' title='bbox 1538 2247 1660 2289; x_wconf 89' lang='lat' dir='ltr'><strong>esse</strong></span> <span class='ocrx_word' id='word_1_268' title='bbox 1704 2231 1937 2296; x_wconf 87' lang='lat' dir='ltr'><strong>victum,</strong></span> 
     </span>
    </p>
   </div>
   <div class='ocr_carea' id='block_1_41' title="bbox 352 2321 1940 2394">
    <p class='ocr_par' dir='ltr' id='par_1_41' title="bbox 352 2321 1940 2394">
     <span class='ocr_line' id='line_1_41' title="bbox 352 2321 1940 2394; baseline -0.001 -17"><span class='ocrx_word' id='word_1_269' title='bbox 352 2322 518 2393; x_wconf 88' lang='lat' dir='ltr'><strong>idque</strong></span> <span class='ocrx_word' id='word_1_270' title='bbox 563 2338 821 2394; x_wconf 82' lang='lat' dir='ltr'><strong>egressus</strong></span> <span class='ocrx_word' id='word_1_271' title='bbox 864 2322 1153 2378; x_wconf 86' lang='lat' dir='ltr'><strong>nuntiasse</strong></span> <span class='ocrx_word' id='word_1_272' title='bbox 1214 2323 1421 2393; x_wconf 86' lang='lat' dir='ltr'><strong>pepulo</strong></span> <span class='ocrx_word' id='word_1_273' title='bbox 1466 2339 1479 2376; x_wconf 91' lang='lat'><strong>:</strong></span> <span class='ocrx_word' id='word_1_274' title='bbox 1535 2337 1639 2377; x_wconf 92' lang='lat' dir='ltr'>nec</span> <span class='ocrx_word' id='word_1_275' title='bbox 1667 2321 1940 2391; x_wconf 86' lang='lat' dir='ltr'><strong>deceptus</strong></span> 
     </span>
    </p>
   </div>
   <div class='ocr_carea' id='block_1_42' title="bbox 350 2413 1938 2486">
    <p class='ocr_par' dir='ltr' id='par_1_42' title="bbox 350 2413 1938 2486">
     <span class='ocr_line' id='line_1_42' title="bbox 350 2413 1938 2486; baseline 0 -17"><span class='ocrx_word' id='word_1_276' title='bbox 350 2424 454 2469; x_wconf 91' lang='lat' dir='ltr'><strong>est.</strong></span> <span class='ocrx_word' id='word_1_277' title='bbox 499 2414 607 2470; x_wconf 89' lang='lat' dir='ltr'>Sed</span> <span class='ocrx_word' id='word_1_278' title='bbox 657 2414 789 2469; x_wconf 92' lang='lat' dir='ltr'>dum</span> <span class='ocrx_word' id='word_1_279' title='bbox 837 2413 1122 2486; x_wconf 87' lang='lat' dir='ltr'><strong>prosperis</strong></span> <span class='ocrx_word' id='word_1_280' title='bbox 1185 2413 1425 2469; x_wconf 73' lang='lat' dir='ltr'><strong>fortuna:</strong></span> <span class='ocrx_word' id='word_1_281' title='bbox 1471 2413 1695 2470; x_wconf 89' lang='lat' dir='ltr'><strong>flatibus</strong></span> <span class='ocrx_word' id='word_1_282' title='bbox 1737 2414 1938 2478; x_wconf 85' lang='lat' dir='ltr'><strong>utitur,</strong></span> 
     </span>
    </p>
   </div>
   <div class='ocr_carea' id='block_1_43' title="bbox 352 2505 1939 2578">
    <p class='ocr_par' dir='ltr' id='par_1_43' title="bbox 352 2505 1939 2578">
     <span class='ocr_line' id='line_1_43' title="bbox 352 2505 1939 2578; baseline 0.001 -18"><span class='ocrx_word' id='word_1_283' title='bbox 352 2505 614 2561; x_wconf 79' lang='lat' dir='ltr'><strong>invidiam</strong></span> <span class='ocrx_word' id='word_1_284' title='bbox 641 2505 961 2561; x_wconf 68' lang='lat' dir='ltr'><strong>Iudaeorum</strong></span> <span class='ocrx_word' id='word_1_285' title='bbox 985 2507 1232 2578; x_wconf 68' lang='lat' dir='ltr'><strong>effugere</strong></span> <span class='ocrx_word' id='word_1_286' title='bbox 1262 2521 1375 2562; x_wconf 86' lang='lat' dir='ltr'>non</span> <span class='ocrx_word' id='word_1_287' title='bbox 1409 2507 1612 2577; x_wconf 91' lang='lat' dir='ltr'><strong>potuit,</strong></span> <span class='ocrx_word' id='word_1_288' title='bbox 1645 2506 1939 2562; x_wconf 67' lang='lat' dir='ltr'><strong>Pbarisaeis</strong></span> 
     </span>
    </p>
   </div>
   <div class='ocr_carea' id='block_1_44' title="bbox 353 2595 1935 2666">
    <p class='ocr_par' dir='ltr' id='par_1_44' title="bbox 353 2595 1935 2666">
     <span class='ocr_line' id='line_1_44' title="bbox 353 2595 1935 2666; baseline 0 -16"><span class='ocrx_word' id='word_1_289' title='bbox 353 2595 591 2650; x_wconf 74' lang='lat' dir='ltr'><strong>maxime</strong></span> <span class='ocrx_word' id='word_1_290' title='bbox 642 2595 899 2660; x_wconf 84' lang='lat' dir='ltr'><strong>invisus,</strong></span> <span class='ocrx_word' id='word_1_291' title='bbox 960 2596 1056 2666; x_wconf 89' lang='lat' dir='ltr'>qui</span> <span class='ocrx_word' id='word_1_292' title='bbox 1101 2605 1326 2652; x_wconf 80' lang='lat' dir='ltr'><strong>suntex</strong></span> <span class='ocrx_word' id='word_1_293' title='bbox 1379 2595 1560 2651; x_wconf 90' lang='lat' dir='ltr'><strong>tribus</strong></span> <span class='ocrx_word' id='word_1_294' title='bbox 1614 2596 1935 2652; x_wconf 59' lang='lat' dir='ltr'><strong>Judeeorutu</strong></span> 
     </span>
    </p>
   </div>
   <div class='ocr_carea' id='block_1_45' title="bbox 353 2687 1935 2758">
    <p class='ocr_par' dir='ltr' id='par_1_45' title="bbox 353 2687 1935 2758">
     <span class='ocr_line' id='line_1_45' title="bbox 353 2687 1935 2758; baseline 0.001 -16"><span class='ocrx_word' id='word_1_295' title='bbox 353 2688 524 2743; x_wconf 85' lang='lat' dir='ltr'><strong>sectis</strong></span> <span class='ocrx_word' id='word_1_296' title='bbox 553 2703 570 2742; x_wconf 88' lang='lat'><strong>:</strong></span> <span class='ocrx_word' id='word_1_297' title='bbox 603 2696 659 2742; x_wconf 88' lang='lat' dir='ltr'>et</span> <span class='ocrx_word' id='word_1_298' title='bbox 688 2703 814 2742; x_wconf 90' lang='lat' dir='ltr'>cum</span> <span class='ocrx_word' id='word_1_299' title='bbox 845 2687 1015 2742; x_wconf 88' lang='lat' dir='ltr'><strong>fatum</strong></span> <span class='ocrx_word' id='word_1_300' title='bbox 1046 2687 1339 2750; x_wconf 75' lang='lat' dir='ltr'><strong>affirmant,</strong></span> <span class='ocrx_word' id='word_1_301' title='bbox 1382 2696 1568 2743; x_wconf 88' lang='lat' dir='ltr'><strong>tamen</strong></span> <span class='ocrx_word' id='word_1_302' title='bbox 1598 2688 1848 2758; x_wconf 62' lang='lat' dir='ltr'><strong>quaedam</strong></span> <span class='ocrx_word' id='word_1_303' title='bbox 1881 2689 1935 2744; x_wconf 90' lang='lat' dir='ltr'>in</span> 
     </span>
    </p>
   </div>
   <div class='ocr_carea' id='block_1_46' title="bbox 353 2778 1941 2850">
    <p class='ocr_par' dir='ltr' id='par_1_46' title="bbox 353 2778 1941 2850">
     <span class='ocr_line' id='line_1_46' title="bbox 353 2778 1941 2850; baseline 0.002 -18"><span class='ocrx_word' id='word_1_304' title='bbox 353 2789 543 2832; x_wconf 89' lang='lat' dir='ltr'><strong>nostra</strong></span> <span class='ocrx_word' id='word_1_305' title='bbox 601 2794 724 2834; x_wconf 90' lang='lat' dir='ltr'><strong>csse</strong></span> <span class='ocrx_word' id='word_1_306' title='bbox 791 2788 1087 2850; x_wconf 89' lang='lat' dir='ltr'><strong>potestate,</strong></span> <span class='ocrx_word' id='word_1_307' title='bbox 1143 2795 1206 2834; x_wconf 88' lang='lat' dir='ltr'>ac</span> <span class='ocrx_word' id='word_1_308' title='bbox 1257 2778 1486 2835; x_wconf 92' lang='lat' dir='ltr'><strong>fortuito</strong></span> <span class='ocrx_word' id='word_1_309' title='bbox 1538 2780 1786 2845; x_wconf 87' lang='lat' dir='ltr'><strong>evenire,</strong></span> <span class='ocrx_word' id='word_1_310' title='bbox 1836 2795 1941 2835; x_wconf 87' lang='lat' dir='ltr'>nec</span> 
     </span>
    </p>
   </div>
   <div class='ocr_carea' id='block_1_47' title="bbox 353 2869 1938 2927">
    <p class='ocr_par' dir='ltr' id='par_1_47' title="bbox 353 2869 1938 2927">
     <span class='ocr_line' id='line_1_47' title="bbox 353 2869 1938 2927; baseline 0.001 -3"><span class='ocrx_word' id='word_1_311' title='bbox 353 2871 542 2924; x_wconf 89' lang='lat' dir='ltr'><strong>omnia</strong></span> <span class='ocrx_word' id='word_1_312' title='bbox 602 2869 722 2925; x_wconf 86' lang='lat' dir='ltr'><strong>fieri</strong></span> <span class='ocrx_word' id='word_1_313' title='bbox 773 2871 1096 2926; x_wconf 84' lang='lat' dir='ltr'><strong>necessario</strong></span> <span class='ocrx_word' id='word_1_314' title='bbox 1141 2880 1416 2927; x_wconf 78' lang='lat' dir='ltr'><strong>statuunt.</strong></span> <span class='ocrx_word' id='word_1_315' title='bbox 1484 2871 1686 2927; x_wconf 86' lang='lat' dir='ltr'><strong>Esseni</strong></span> <span class='ocrx_word' id='word_1_316' title='bbox 1745 2883 1938 2927; x_wconf 89' lang='lat' dir='ltr'><strong>contra</strong></span> 
     </span>
    </p>
   </div>
   <div class='ocr_carea' id='block_1_48' title="bbox 354 2961 1940 3028">
    <p class='ocr_par' dir='ltr' id='par_1_48' title="bbox 354 2961 1940 3028">
     <span class='ocr_line' id='line_1_48' title="bbox 354 2961 1940 3028; baseline 0.003 -13"><span class='ocrx_word' id='word_1_317' title='bbox 354 2961 531 3015; x_wconf 84' lang='lat' dir='ltr'><strong>fatum</strong></span> <span class='ocrx_word' id='word_1_318' title='bbox 590 2975 778 3015; x_wconf 90' lang='lat' dir='ltr'><strong>rerum</strong></span> <span class='ocrx_word' id='word_1_319' title='bbox 822 2962 1070 3016; x_wconf 86' lang='lat' dir='ltr'><strong>omnium</strong></span> <span class='ocrx_word' id='word_1_320' title='bbox 1117 2963 1405 3019; x_wconf 85' lang='lat' dir='ltr'><strong>dominum</strong></span> <span class='ocrx_word' id='word_1_321' title='bbox 1457 2963 1828 3028; x_wconf 87' lang='lat' dir='ltr'><strong>constituunt,</strong></span> <span class='ocrx_word' id='word_1_322' title='bbox 1882 2972 1940 3019; x_wconf 88' lang='lat' dir='ltr'>et</span> 
     </span>
    </p>
   </div>
   <div class='ocr_carea' id='block_1_49' title="bbox 362 3051 1937 3122">
    <p class='ocr_par' dir='ltr' id='par_1_49' title="bbox 362 3051 1937 3122">
     <span class='ocr_line' id='line_1_49' title="bbox 362 3051 1937 3122; baseline 0.001 -16"><span class='ocrx_word' id='word_1_323' title='bbox 362 3051 688 3107; x_wconf 89' lang='lat' dir='ltr'><strong>hominibus</strong></span> <span class='ocrx_word' id='word_1_324' title='bbox 719 3053 902 3108; x_wconf 89' lang='lat' dir='ltr'><strong>omnia</strong></span> <span class='ocrx_word' id='word_1_325' title='bbox 937 3054 1048 3108; x_wconf 90' lang='lat' dir='ltr'><strong>fato</strong></span> <span class='ocrx_word' id='word_1_326' title='bbox 1076 3055 1399 3122; x_wconf 75' lang='lat' dir='ltr'><strong>contingere</strong></span> <span class='ocrx_word' id='word_1_327' title='bbox 1431 3063 1683 3110; x_wconf 85' lang='lat' dir='ltr'><strong>censent.</strong></span> <span class='ocrx_word' id='word_1_328' title='bbox 1717 3053 1937 3109; x_wconf 85' lang='lat' dir='ltr'><strong>Saddu-</strong></span> 
     </span>
    </p>
   </div>
   <div class='ocr_carea' id='block_1_50' title="bbox 2040 1855 3640 1940">
    <p class='ocr_par' dir='ltr' id='par_1_50' title="bbox 2040 1855 3640 1940">
     <span class='ocr_line' id='line_1_50' title="bbox 2040 1855 3640 1940; baseline 0.001 -30"><span class='ocrx_word' id='word_1_329' title='bbox 2040 1856 2354 1930; x_wconf 71' lang='grc' dir='ltr'>ιπολιόρκει</span> <span class='ocrx_word' id='word_1_330' title='bbox 2401 1857 2576 1929; x_wconf 82' lang='grc' dir='ltr'>αὐτὴν</span> <span class='ocrx_word' id='word_1_331' title='bbox 2614 1856 2704 1912; x_wconf 79' lang='grc' dir='ltr'>διὰ</span> <span class='ocrx_word' id='word_1_332' title='bbox 2735 1856 3016 1940; x_wconf 45' lang='grc' dir='ltr'>τῶν.υἱῶν</span> <span class='ocrx_word' id='word_1_333' title='bbox 3054 1855 3224 1912; x_wconf 77' lang='grc' dir='ltr'>αὐτοῦ</span> <span class='ocrx_word' id='word_1_334' title='bbox 3273 1857 3640 1929; x_wconf 78' lang='grc' dir='ltr'>Ἀριστοϐού-</span> 
     </span>
    </p>
   </div>
   <div class='ocr_carea' id='block_1_51' title="bbox 2039 1947 3638 2021">
    <p class='ocr_par' dir='ltr' id='par_1_51' title="bbox 2039 1947 3638 2021">
     <span class='ocr_line' id='line_1_51' title="bbox 2039 1947 3638 2021; baseline -0.001 -17"><span class='ocrx_word' id='word_1_335' title='bbox 2039 1949 2134 2004; x_wconf 85' lang='grc' dir='ltr'>λου</span> <span class='ocrx_word' id='word_1_336' title='bbox 2159 1949 2255 2004; x_wconf 71' lang='lat' dir='ltr'>ml</span> <span class='ocrx_word' id='word_1_337' title='bbox 2279 1949 2616 2020; x_wconf 78' lang='grc' dir='ltr'>’Δντιγόνου.</span> <span class='ocrx_word' id='word_1_338' title='bbox 2644 1947 2824 2020; x_wconf 83' lang='grc' dir='ltr'>Λιμοῦ</span> <span class='ocrx_word' id='word_1_339' title='bbox 2843 1949 2902 2003; x_wconf 76' lang='grc' dir='ltr'>δὲ</span> <span class='ocrx_word' id='word_1_340' title='bbox 2927 1949 3030 2021; x_wconf 77' lang='grc' dir='ltr'>τὴν</span> <span class='ocrx_word' id='word_1_341' title='bbox 3064 1948 3221 2003; x_wconf 89' lang='grc' dir='ltr'>πόλιν</span> <span class='ocrx_word' id='word_1_342' title='bbox 3244 1947 3556 2015; x_wconf 75' lang='grc' dir='ltr'>πιέζοντος,</span> <span class='ocrx_word' id='word_1_343' title='bbox 3585 1949 3638 2002; x_wconf 81' lang='grc' dir='ltr'>οἱ</span> 
     </span>
    </p>
   </div>
   <div class='ocr_carea' id='block_1_52' title="bbox 2041 2041 3634 2116">
    <p class='ocr_par' dir='ltr' id='par_1_52' title="bbox 2041 2041 3634 2116">
     <span class='ocr_line' id='line_1_52' title="bbox 2041 2041 3634 2116; baseline -0.001 -20"><span class='ocrx_word' id='word_1_344' title='bbox 2041 2043 2319 2116; x_wconf 84' lang='grc' dir='ltr'>Σαμαρεῖς</span> <span class='ocrx_word' id='word_1_345' title='bbox 2351 2041 2431 2106; x_wconf 83' lang='grc' dir='ltr'>είς</span> <span class='ocrx_word' id='word_1_346' title='bbox 2463 2042 2788 2114; x_wconf 81' lang='grc' dir='ltr'>συμμαχίαν</span> <span class='ocrx_word' id='word_1_347' title='bbox 2821 2041 3268 2112; x_wconf 81' lang='grc' dir='ltr'>μετεκαλέσαντο</span> <span class='ocrx_word' id='word_1_348' title='bbox 3297 2041 3389 2096; x_wconf 86' lang='grc' dir='ltr'>τὸν</span> <span class='ocrx_word' id='word_1_349' title='bbox 3412 2042 3634 2096; x_wconf 78' lang='grc' dir='ltr'>’Δντίο-</span> 
     </span>
    </p>
   </div>
   <div class='ocr_carea' id='block_1_53' title="bbox 2041 2133 3642 2207">
    <p class='ocr_par' dir='ltr' id='par_1_53' title="bbox 2041 2133 3642 2207">
     <span class='ocr_line' id='line_1_53' title="bbox 2041 2133 3642 2207; baseline 0 -19"><span class='ocrx_word' id='word_1_350' title='bbox 2041 2153 2137 2207; x_wconf 91' lang='grc' dir='ltr'>χον</span> <span class='ocrx_word' id='word_1_351' title='bbox 2161 2135 2255 2190; x_wconf 79' lang='grc' dir='ltr'>τὸν</span> <span class='ocrx_word' id='word_1_352' title='bbox 2288 2133 2626 2206; x_wconf 78' lang='grc' dir='ltr'>Κυζικηνὸν,</span> <span class='ocrx_word' id='word_1_353' title='bbox 2656 2134 2716 2199; x_wconf 78' lang='grc' dir='ltr'>ὃς</span> <span class='ocrx_word' id='word_1_354' title='bbox 2742 2137 2855 2200; x_wconf 85' lang='grc' dir='ltr'>τοῖς</span> <span class='ocrx_word' id='word_1_355' title='bbox 2880 2135 3010 2206; x_wconf 74' lang='grc' dir='ltr'>περὶ</span> <span class='ocrx_word' id='word_1_356' title='bbox 3035 2134 3455 2206; x_wconf 78' lang='grc' dir='ltr'>Ἀριστόϐουλον</span> <span class='ocrx_word' id='word_1_357' title='bbox 3491 2152 3642 2202; x_wconf 83' lang='grc' dir='ltr'>συμ-</span> 
     </span>
    </p>
   </div>
   <div class='ocr_carea' id='block_1_54' title="bbox 2041 2221 3644 2298">
    <p class='ocr_par' dir='ltr' id='par_1_54' title="bbox 2041 2221 3644 2298">
     <span class='ocr_line' id='line_1_54' title="bbox 2041 2221 3644 2298; baseline -0.001 -17"><span class='ocrx_word' id='word_1_358' title='bbox 2041 2227 2223 2283; x_wconf 87' lang='grc' dir='ltr'>ϐαλὼν</span> <span class='ocrx_word' id='word_1_359' title='bbox 2249 2228 2502 2298; x_wconf 80' lang='grc' dir='ltr'>ἡττᾶται.</span> <span class='ocrx_word' id='word_1_360' title='bbox 2561 2221 2675 2280; x_wconf 77' lang='grc' dir='ltr'>Εἶτ’</span> <span class='ocrx_word' id='word_1_361' title='bbox 2735 2224 2895 2290; x_wconf 80' lang='grc' dir='ltr'>αὖθις</span> <span class='ocrx_word' id='word_1_362' title='bbox 2949 2225 3212 2291; x_wconf 77' lang='grc' dir='ltr'>συλλέξας</span> <span class='ocrx_word' id='word_1_363' title='bbox 3272 2225 3504 2294; x_wconf 78' lang='grc' dir='ltr'>πλῆθος,</span> <span class='ocrx_word' id='word_1_364' title='bbox 3539 2226 3644 2297; x_wconf 76' lang='grc' dir='ltr'>τὴν</span> 
     </span>
    </p>
   </div>
   <div class='ocr_carea' id='block_1_55' title="bbox 2041 2316 3644 2393">
    <p class='ocr_par' dir='ltr' id='par_1_55' title="bbox 2041 2316 3644 2393">
     <span class='ocr_line' id='line_1_55' title="bbox 2041 2316 3644 2393; baseline -0.003 -18"><span class='ocrx_word' id='word_1_365' title='bbox 2041 2321 2226 2393; x_wconf 82' lang='grc' dir='ltr'>χώραν</span> <span class='ocrx_word' id='word_1_366' title='bbox 2256 2320 2480 2391; x_wconf 74' lang='grc' dir='ltr'>ἐπόρθει</span> <span class='ocrx_word' id='word_1_367' title='bbox 2505 2319 2601 2374; x_wconf 86' lang='grc' dir='ltr'>τοῦ</span> <span class='ocrx_word' id='word_1_368' title='bbox 2640 2319 2937 2390; x_wconf 80' lang='grc' dir='ltr'>Ὑρκανοῦ,</span> <span class='ocrx_word' id='word_1_369' title='bbox 2995 2318 3063 2372; x_wconf 81' lang='grc' dir='ltr'>ἵν’</span> <span class='ocrx_word' id='word_1_370' title='bbox 3107 2316 3282 2383; x_wconf 77' lang='grc' dir='ltr'>οὕτως</span> <span class='ocrx_word' id='word_1_371' title='bbox 3338 2320 3644 2392; x_wconf 70' lang='grc' dir='ltr'>ἀναγκάσῃ</span> 
     </span>
    </p>
   </div>
   <div class='ocr_carea' id='block_1_56' title="bbox 2041 2405 3640 2485">
    <p class='ocr_par' dir='ltr' id='par_1_56' title="bbox 2041 2405 3640 2485">
     <span class='ocr_line' id='line_1_56' title="bbox 2041 2405 3640 2485; baseline -0.002 -17"><span class='ocrx_word' id='word_1_372' title='bbox 2041 2413 2208 2469; x_wconf 72' lang='grc' dir='ltr'>αὐτὸν</span> <span class='ocrx_word' id='word_1_373' title='bbox 2257 2414 2420 2468; x_wconf 84' lang='grc' dir='ltr'>λῦσαι</span> <span class='ocrx_word' id='word_1_374' title='bbox 2475 2415 2575 2485; x_wconf 74' lang='grc' dir='ltr'>τὴν</span> <span class='ocrx_word' id='word_1_375' title='bbox 2613 2411 2956 2483; x_wconf 71' lang='grc' dir='ltr'>πολιορκίαν.</span> <span class='ocrx_word' id='word_1_376' title='bbox 3009 2405 3244 2474; x_wconf 81' lang='grc' dir='ltr'>Πολλοὺς</span> <span class='ocrx_word' id='word_1_377' title='bbox 3299 2409 3357 2464; x_wconf 81' lang='grc' dir='ltr'>δὲ</span> <span class='ocrx_word' id='word_1_378' title='bbox 3388 2411 3502 2463; x_wconf 88' lang='grc' dir='ltr'>τῶν</span> <span class='ocrx_word' id='word_1_379' title='bbox 3537 2413 3640 2465; x_wconf 68' lang='grc' dir='ltr'>σὺν</span> 
     </span>
    </p>
   </div>
   <div class='ocr_carea' id='block_1_57' title="bbox 2041 2502 3641 2578">
    <p class='ocr_par' dir='ltr' id='par_1_57' title="bbox 2041 2502 3641 2578">
     <span class='ocr_line' id='line_1_57' title="bbox 2041 2502 3641 2578; baseline -0.003 -18"><span class='ocrx_word' id='word_1_380' title='bbox 2041 2507 2192 2578; x_wconf 81' lang='grc' dir='ltr'>αὐτῷ</span> <span class='ocrx_word' id='word_1_381' title='bbox 2247 2506 2597 2571; x_wconf 77' lang='grc' dir='ltr'>ἀποϐάλλων,</span> <span class='ocrx_word' id='word_1_382' title='bbox 2650 2506 2866 2576; x_wconf 76' lang='grc' dir='ltr'>ἀπῆρεν</span> <span class='ocrx_word' id='word_1_383' title='bbox 2897 2505 2979 2570; x_wconf 88' lang='grc' dir='ltr'>είς</span> <span class='ocrx_word' id='word_1_384' title='bbox 3028 2503 3311 2576; x_wconf 87' lang='grc' dir='ltr'>Τρίπολιν.</span> <span class='ocrx_word' id='word_1_385' title='bbox 3359 2502 3641 2574; x_wconf 78' lang='grc' dir='ltr'>Ὑρκανὸς</span> 
     </span>
    </p>
   </div>
   <div class='ocr_carea' id='block_1_58' title="bbox 2039 2594 3642 2669">
    <p class='ocr_par' dir='ltr' id='par_1_58' title="bbox 2039 2594 3642 2669">
     <span class='ocr_line' id='line_1_58' title="bbox 2039 2594 3642 2669; baseline -0.002 -17"><span class='ocrx_word' id='word_1_386' title='bbox 2039 2598 2119 2663; x_wconf 82' lang='grc' dir='ltr'>δὲ,</span> <span class='ocrx_word' id='word_1_387' title='bbox 2148 2597 2246 2669; x_wconf 83' lang='grc' dir='ltr'>τὴν</span> <span class='ocrx_word' id='word_1_388' title='bbox 2271 2597 2591 2668; x_wconf 83' lang='grc' dir='ltr'>Σαμάρειαν</span> <span class='ocrx_word' id='word_1_389' title='bbox 2623 2595 2782 2662; x_wconf 74' lang='grc' dir='ltr'>ἑλὼν,</span> <span class='ocrx_word' id='word_1_390' title='bbox 2813 2598 2994 2650; x_wconf 86' lang='grc' dir='ltr'>πᾶσαν</span> <span class='ocrx_word' id='word_1_391' title='bbox 3020 2596 3278 2665; x_wconf 82' lang='grc' dir='ltr'>ἠφάνισε.</span> <span class='ocrx_word' id='word_1_392' title='bbox 3308 2594 3549 2662; x_wconf 78' lang='grc' dir='ltr'>Λέγεται</span> <span class='ocrx_word' id='word_1_393' title='bbox 3581 2596 3642 2648; x_wconf 74' lang='grc' dir='ltr'>δὲ</span> 
     </span>
    </p>
   </div>
   <div class='ocr_carea' id='block_1_59' title="bbox 2042 2688 3638 2763">
    <p class='ocr_par' dir='ltr' id='par_1_59' title="bbox 2042 2688 3638 2763">
     <span class='ocr_line' id='line_1_59' title="bbox 2042 2688 3638 2763; baseline -0.002 -18"><span class='ocrx_word' id='word_1_394' title='bbox 2042 2691 2165 2745; x_wconf 81' lang='grc' dir='ltr'>καθ’</span> <span class='ocrx_word' id='word_1_395' title='bbox 2192 2690 2260 2763; x_wconf 76' lang='grc' dir='ltr'>ἢν</span> <span class='ocrx_word' id='word_1_396' title='bbox 2288 2690 2504 2762; x_wconf 74' lang='grc' dir='ltr'>ἡμέραν</span> <span class='ocrx_word' id='word_1_397' title='bbox 2524 2691 2575 2743; x_wconf 90' lang='grc' dir='ltr'>οἱ</span> <span class='ocrx_word' id='word_1_398' title='bbox 2608 2689 2716 2743; x_wconf 83' lang='grc' dir='ltr'>υίοὶ</span> <span class='ocrx_word' id='word_1_399' title='bbox 2739 2688 2907 2742; x_wconf 75' lang='grc' dir='ltr'>αὐτοῦ</span> <span class='ocrx_word' id='word_1_400' title='bbox 2929 2689 3007 2759; x_wconf 81' lang='grc' dir='ltr'>τῷ</span> <span class='ocrx_word' id='word_1_401' title='bbox 3031 2689 3298 2759; x_wconf 75' lang='grc' dir='ltr'>Ἀντιόχῳ</span> <span class='ocrx_word' id='word_1_402' title='bbox 3332 2689 3638 2758; x_wconf 78' lang='grc' dir='ltr'>ἐμάχοντο,</span> 
     </span>
    </p>
   </div>
   <div class='ocr_carea' id='block_1_60' title="bbox 2041 2780 3634 2854">
    <p class='ocr_par' dir='ltr' id='par_1_60' title="bbox 2041 2780 3634 2854">
     <span class='ocr_line' id='line_1_60' title="bbox 2041 2780 3634 2854; baseline -0.003 -17"><span class='ocrx_word' id='word_1_403' title='bbox 2041 2782 2205 2848; x_wconf 77' lang='grc' dir='ltr'>αὐτὸς</span> <span class='ocrx_word' id='word_1_404' title='bbox 2251 2782 2328 2847; x_wconf 85' lang='grc' dir='ltr'>ὡς</span> <span class='ocrx_word' id='word_1_405' title='bbox 2393 2783 2688 2854; x_wconf 75' lang='grc' dir='ltr'>ἀρχιερεὺς</span> <span class='ocrx_word' id='word_1_406' title='bbox 2757 2783 2919 2851; x_wconf 80' lang='grc' dir='ltr'>μόνος</span> <span class='ocrx_word' id='word_1_407' title='bbox 2971 2784 3030 2834; x_wconf 79' lang='grc' dir='ltr'>ἱν</span> <span class='ocrx_word' id='word_1_408' title='bbox 3093 2781 3173 2851; x_wconf 79' lang='grc' dir='ltr'>τῷ</span> <span class='ocrx_word' id='word_1_409' title='bbox 3221 2780 3337 2852; x_wconf 81' lang='grc' dir='ltr'>ναῷ</span> <span class='ocrx_word' id='word_1_410' title='bbox 3391 2780 3634 2850; x_wconf 85' lang='grc' dir='ltr'>θυμιῶν,</span> 
     </span>
    </p>
   </div>
   <div class='ocr_carea' id='block_1_61' title="bbox 2040 2873 3634 2946">
    <p class='ocr_par' dir='ltr' id='par_1_61' title="bbox 2040 2873 3634 2946">
     <span class='ocr_line' id='line_1_61' title="bbox 2040 2873 3634 2946; baseline -0.003 -16"><span class='ocrx_word' id='word_1_411' title='bbox 2040 2874 2274 2930; x_wconf 81' lang='grc' dir='ltr'>ἀκοῦσαι</span> <span class='ocrx_word' id='word_1_412' title='bbox 2310 2873 2519 2945; x_wconf 81' lang='grc' dir='ltr'>φωνῆς,</span> <span class='ocrx_word' id='word_1_413' title='bbox 2551 2874 2627 2938; x_wconf 86' lang='grc' dir='ltr'>ὡς</span> <span class='ocrx_word' id='word_1_414' title='bbox 2650 2875 2699 2927; x_wconf 81' lang='lat' dir='ltr'><strong>oi</strong></span> <span class='ocrx_word' id='word_1_415' title='bbox 2728 2875 2922 2939; x_wconf 80' lang='grc' dir='ltr'>παῖδες</span> <span class='ocrx_word' id='word_1_416' title='bbox 2947 2874 3120 2929; x_wconf 83' lang='grc' dir='ltr'>αὐτοῦ</span> <span class='ocrx_word' id='word_1_417' title='bbox 3149 2875 3276 2946; x_wconf 79' lang='grc' dir='ltr'>ἄρτι</span> <span class='ocrx_word' id='word_1_418' title='bbox 3303 2877 3634 2946; x_wconf 74' lang='grc' dir='ltr'>νενικήκασι</span> 
     </span>
    </p>
   </div>
   <div class='ocr_carea' id='block_1_62' title="bbox 2039 2965 3636 3040">
    <p class='ocr_par' dir='ltr' id='par_1_62' title="bbox 2039 2965 3636 3040">
     <span class='ocr_line' id='line_1_62' title="bbox 2039 2965 3636 3040; baseline 0.001 -18"><span class='ocrx_word' id='word_1_419' title='bbox 2039 2968 2131 3022; x_wconf 63' lang='grc' dir='ltr'>τὸν</span> <span class='ocrx_word' id='word_1_420' title='bbox 2162 2967 2439 3038; x_wconf 82' lang='grc' dir='ltr'>’Δντίοχον</span> <span class='ocrx_word' id='word_1_421' title='bbox 2461 2983 2476 2999; x_wconf 91' lang='grc'><strong>·</strong></span> <span class='ocrx_word' id='word_1_422' title='bbox 2510 2968 2606 3022; x_wconf 74' lang='grc' dir='ltr'>καὶ</span> <span class='ocrx_word' id='word_1_423' title='bbox 2635 2965 2873 3032; x_wconf 74' lang='grc' dir='ltr'>ἐξελθὼν</span> <span class='ocrx_word' id='word_1_424' title='bbox 2894 2967 3203 3040; x_wconf 80' lang='grc' dir='ltr'>ἀπήγγειλε</span> <span class='ocrx_word' id='word_1_425' title='bbox 3229 2969 3311 3039; x_wconf 83' lang='grc' dir='ltr'>τῷ</span> <span class='ocrx_word' id='word_1_426' title='bbox 3341 2967 3546 3039; x_wconf 78' lang='grc' dir='ltr'>πλήθει</span> <span class='ocrx_word' id='word_1_427' title='bbox 3573 2969 3636 3023; x_wconf 77' lang='grc' dir='ltr'>τδ</span> 
     </span>
    </p>
   </div>
   <div class='ocr_carea' id='block_1_63' title="bbox 2041 3060 3635 3136">
    <p class='ocr_par' dir='ltr' id='par_1_63' title="bbox 2041 3060 3635 3136">
     <span class='ocr_line' id='line_1_63' title="bbox 2041 3060 3635 3136; baseline 0.001 -20"><span class='ocrx_word' id='word_1_428' title='bbox 2041 3060 2332 3118; x_wconf 84' lang='grc' dir='ltr'>ἀκουσθέν.</span> <span class='ocrx_word' id='word_1_429' title='bbox 2361 3060 2473 3116; x_wconf 83' lang='grc' dir='ltr'>Καὶ</span> <span class='ocrx_word' id='word_1_430' title='bbox 2495 3061 2724 3130; x_wconf 78' lang='grc' dir='ltr'>γέγονεν</span> <span class='ocrx_word' id='word_1_431' title='bbox 2755 3061 2950 3127; x_wconf 80' lang='grc' dir='ltr'>οὕτως.</span> <span class='ocrx_word' id='word_1_432' title='bbox 3000 3062 3380 3136; x_wconf 77' lang='grc' dir='ltr'>Εὑπραγήσας</span> <span class='ocrx_word' id='word_1_433' title='bbox 3402 3063 3460 3118; x_wconf 75' lang='grc' dir='ltr'>δδ</span> <span class='ocrx_word' id='word_1_434' title='bbox 3502 3064 3635 3135; x_wconf 71' lang='grc' dir='ltr'>’Υρο</span> 
     </span>
    </p>
   </div>
   <div class='ocr_carea' id='block_1_64' title="bbox 353 3130 1937 3228">
    <p class='ocr_par' dir='ltr' id='par_1_64' title="bbox 353 3147 1937 3220">
     <span class='ocr_line' id='line_1_64' title="bbox 353 3147 1937 3220; baseline -0.001 -17"><span class='ocrx_word' id='word_1_435' title='bbox 353 3149 451 3203; x_wconf 69' lang='grc' dir='ltr'>αεὶ</span> <span class='ocrx_word' id='word_1_436' title='bbox 493 3147 603 3203; x_wconf 85' lang='lat' dir='ltr'><strong>fato</strong></span> <span class='ocrx_word' id='word_1_437' title='bbox 650 3148 962 3220; x_wconf 88' lang='lat' dir='ltr'><strong>repudiato,</strong></span> <span class='ocrx_word' id='word_1_438' title='bbox 999 3149 1165 3218; x_wconf 73' lang='lat'>218</span> <span class='ocrx_word' id='word_1_439' title='bbox 1208 3161 1409 3205; x_wconf 64' lang='lat' dir='ltr'><strong>nostra:</strong></span> <span class='ocrx_word' id='word_1_440' title='bbox 1451 3149 1726 3205; x_wconf 79' lang='lat' dir='ltr'><strong>voluntati</strong></span> <span class='ocrx_word' id='word_1_441' title='bbox 1761 3147 1937 3204; x_wconf 81' lang='lat' dir='ltr'><strong>ascri-</strong></span> 
     </span>
    </p>
   </div>
   <div class='ocr_carea' id='block_1_65' title="bbox 2041 3130 3632 3228">
    <p class='ocr_par' dir='ltr' id='par_1_65' title="bbox 2046 3130 3632 3228">
     <span class='ocr_line' id='line_1_65' title="bbox 2046 3130 3632 3228; baseline 0.004 -22"><span class='ocrx_word' id='word_1_442' title='bbox 2046 3155 2239 3216; x_wconf 81' lang='grc' dir='ltr'>κανδς,</span> <span class='ocrx_word' id='word_1_443' title='bbox 2270 3152 2550 3228; x_wconf 73' lang='grc' dir='ltr'>ὶφθονηθη</span> <span class='ocrx_word' id='word_1_444' title='bbox 2599 3156 2752 3226; x_wconf 77' lang='grc' dir='ltr'>παρὰ</span> <span class='ocrx_word' id='word_1_445' title='bbox 2797 3154 2908 3208; x_wconf 89' lang='grc' dir='ltr'>τῶν</span> <span class='ocrx_word' id='word_1_446' title='bbox 2940 3130 3268 3221; x_wconf 36' lang='grc' dir='ltr'>Ἰουδαίων,-</span> <span class='ocrx_word' id='word_1_447' title='bbox 3299 3157 3547 3226; x_wconf 84' lang='grc' dir='ltr'>μάλιστα</span> <span class='ocrx_word' id='word_1_448' title='bbox 3575 3130 3632 3212; x_wconf 37' lang='grc' dir='ltr'>’δ’</span> 
     </span>
    </p>
   </div>
   <div class='ocr_carea' id='block_1_66' title="bbox 353 3239 1934 3310">
    <p class='ocr_par' dir='ltr' id='par_1_66' title="bbox 353 3239 1934 3310">
     <span class='ocr_line' id='line_1_66' title="bbox 353 3239 1934 3310; baseline -0.001 -17"><span class='ocrx_word' id='word_1_449' title='bbox 353 3239 497 3294; x_wconf 88' lang='lat' dir='ltr'><strong>bunt</strong></span> <span class='ocrx_word' id='word_1_450' title='bbox 529 3239 735 3305; x_wconf 88' lang='lat' dir='ltr'><strong>omnia,</strong></span> <span class='ocrx_word' id='word_1_451' title='bbox 774 3249 830 3295; x_wconf 90' lang='lat' dir='ltr'>et</span> <span class='ocrx_word' id='word_1_452' title='bbox 861 3255 1058 3294; x_wconf 86' lang='lat' dir='ltr'><strong>causas</strong></span> <span class='ocrx_word' id='word_1_453' title='bbox 1104 3240 1379 3294; x_wconf 89' lang='lat' dir='ltr'><strong>bonorum</strong></span> <span class='ocrx_word' id='word_1_454' title='bbox 1414 3255 1445 3294; x_wconf 91' lang='lat' dir='ltr'>a</span> <span class='ocrx_word' id='word_1_455' title='bbox 1468 3239 1631 3295; x_wconf 87' lang='lat' dir='ltr'><strong>nobis</strong></span> <span class='ocrx_word' id='word_1_456' title='bbox 1666 3240 1934 3310; x_wconf 83' lang='lat' dir='ltr'><strong>pendere,</strong></span> 
     </span>
    </p>
   </div>
   <div class='ocr_carea' id='block_1_67' title="bbox 353 3331 1938 3403">
    <p class='ocr_par' dir='ltr' id='par_1_67' title="bbox 353 3331 1938 3403">
     <span class='ocr_line' id='line_1_67' title="bbox 353 3331 1938 3403; baseline 0.001 -18"><span class='ocrx_word' id='word_1_457' title='bbox 353 3339 412 3385; x_wconf 91' lang='lat' dir='ltr'>et</span> <span class='ocrx_word' id='word_1_458' title='bbox 450 3347 552 3387; x_wconf 90' lang='lat' dir='ltr'>nos</span> <span class='ocrx_word' id='word_1_459' title='bbox 594 3333 906 3388; x_wconf 89' lang='lat' dir='ltr'><strong>temeritate</strong></span> <span class='ocrx_word' id='word_1_460' title='bbox 938 3341 1128 3388; x_wconf 88' lang='lat' dir='ltr'><strong>nostra</strong></span> <span class='ocrx_word' id='word_1_461' title='bbox 1163 3333 1312 3388; x_wconf 92' lang='lat' dir='ltr'><strong>ultro</strong></span> <span class='ocrx_word' id='word_1_462' title='bbox 1349 3331 1610 3403; x_wconf 83' lang='lat' dir='ltr'><strong>amplecti</strong></span> <span class='ocrx_word' id='word_1_463' title='bbox 1655 3331 1938 3387; x_wconf 83' lang='lat' dir='ltr'><strong>deteriora</strong></span> 
     </span>
    </p>
   </div>
   <div class='ocr_carea' id='block_1_68' title="bbox 353 3422 1936 3496">
    <p class='ocr_par' dir='ltr' id='par_1_68' title="bbox 353 3422 1936 3496">
     <span class='ocr_line' id='line_1_68' title="bbox 353 3422 1936 3496; baseline 0.002 -20"><span class='ocrx_word' id='word_1_464' title='bbox 353 3422 691 3478; x_wconf 81' lang='lat' dir='ltr'><strong>existimant.</strong></span> <span class='ocrx_word' id='word_1_465' title='bbox 736 3423 998 3479; x_wconf 65' lang='lat' dir='ltr'><strong>Pharisaei</strong></span> <span class='ocrx_word' id='word_1_466' title='bbox 1043 3440 1233 3494; x_wconf 90' lang='lat' dir='ltr'><strong>porro,</strong></span> <span class='ocrx_word' id='word_1_467' title='bbox 1281 3441 1519 3496; x_wconf 91' lang='lat' dir='ltr'><strong>quorum</strong></span> <span class='ocrx_word' id='word_1_468' title='bbox 1557 3441 1752 3496; x_wconf 79' lang='lat' dir='ltr'><strong>magna</strong></span> <span class='ocrx_word' id='word_1_469' title='bbox 1813 3434 1936 3480; x_wconf 86' lang='lat' dir='ltr'><strong>erat</strong></span> 
     </span>
    </p>
   </div>
   <div class='ocr_carea' id='block_1_69' title="bbox 355 3515 1940 3586">
    <p class='ocr_par' dir='ltr' id='par_1_69' title="bbox 355 3515 1940 3586">
     <span class='ocr_line' id='line_1_69' title="bbox 355 3515 1940 3586; baseline 0.002 -18"><span class='ocrx_word' id='word_1_470' title='bbox 355 3515 502 3584; x_wconf 83' lang='lat' dir='ltr'><strong>apud</strong></span> <span class='ocrx_word' id='word_1_471' title='bbox 535 3515 800 3585; x_wconf 85' lang='lat' dir='ltr'><strong>pepulum</strong></span> <span class='ocrx_word' id='word_1_472' title='bbox 827 3516 1147 3581; x_wconf 87' lang='lat' dir='ltr'><strong>auctoritas,</strong></span> <span class='ocrx_word' id='word_1_473' title='bbox 1173 3531 1298 3571; x_wconf 87' lang='lat' dir='ltr'>cum</span> <span class='ocrx_word' id='word_1_474' title='bbox 1324 3516 1538 3586; x_wconf 89' lang='lat' dir='ltr'><strong>pridem</strong></span> <span class='ocrx_word' id='word_1_475' title='bbox 1566 3515 1728 3571; x_wconf 83' lang='lat' dir='ltr'><strong>amici</strong></span> <span class='ocrx_word' id='word_1_476' title='bbox 1753 3523 1940 3571; x_wconf 86' lang='lat' dir='ltr'><strong>essent</strong></span> 
     </span>
    </p>
   </div>
   <div class='ocr_carea' id='block_1_70' title="bbox 354 3604 1937 3679">
    <p class='ocr_par' dir='ltr' id='par_1_70' title="bbox 354 3604 1937 3679">
     <span class='ocr_line' id='line_1_70' title="bbox 354 3604 1937 3679; baseline 0.002 -20"><span class='ocrx_word' id='word_1_477' title='bbox 354 3604 654 3677; x_wconf 80' lang='lat' dir='ltr'><strong>Hyrcano,</strong></span> <span class='ocrx_word' id='word_1_478' title='bbox 713 3607 921 3677; x_wconf 86' lang='lat' dir='ltr'><strong>quippe</strong></span> <span class='ocrx_word' id='word_1_479' title='bbox 987 3623 1152 3678; x_wconf 89' lang='lat' dir='ltr'><strong>quem</strong></span> <span class='ocrx_word' id='word_1_480' title='bbox 1216 3609 1551 3679; x_wconf 88' lang='lat' dir='ltr'><strong>discipulum</strong></span> <span class='ocrx_word' id='word_1_481' title='bbox 1603 3609 1937 3676; x_wconf 89' lang='lat' dir='ltr'><strong>habuerant,</strong></span> 
     </span>
    </p>
   </div>
   <div class='ocr_carea' id='block_1_71' title="bbox 354 3699 1942 3770">
    <p class='ocr_par' dir='ltr' id='par_1_71' title="bbox 354 3699 1942 3770">
     <span class='ocr_line' id='line_1_71' title="bbox 354 3699 1942 3770; baseline 0.003 -18"><span class='ocrx_word' id='word_1_482' title='bbox 354 3707 482 3770; x_wconf 85' lang='lat' dir='ltr'><strong>post</strong></span> <span class='ocrx_word' id='word_1_483' title='bbox 531 3699 718 3755; x_wconf 83' lang='lat' dir='ltr'><strong>nescio</strong></span> <span class='ocrx_word' id='word_1_484' title='bbox 768 3715 876 3770; x_wconf 84' lang='lat' dir='ltr'>qua</span> <span class='ocrx_word' id='word_1_485' title='bbox 922 3700 992 3755; x_wconf 89' lang='lat' dir='ltr'>de</span> <span class='ocrx_word' id='word_1_486' title='bbox 1043 3716 1208 3756; x_wconf 90' lang='lat' dir='ltr'><strong>causa</strong></span> <span class='ocrx_word' id='word_1_487' title='bbox 1253 3711 1372 3757; x_wconf 90' lang='lat' dir='ltr'><strong>orta</strong></span> <span class='ocrx_word' id='word_1_488' title='bbox 1421 3702 1723 3769; x_wconf 87' lang='lat' dir='ltr'><strong>simultate,</strong></span> <span class='ocrx_word' id='word_1_489' title='bbox 1770 3702 1942 3757; x_wconf 77' lang='lat' dir='ltr'><strong>abiis</strong></span> 
     </span>
    </p>
   </div>
   <div class='ocr_carea' id='block_1_72' title="bbox 355 3789 1940 3858">
    <p class='ocr_par' dir='ltr' id='par_1_72' title="bbox 355 3789 1940 3858">
     <span class='ocr_line' id='line_1_72' title="bbox 355 3789 1940 3858; baseline 0.003 -15"><span class='ocrx_word' id='word_1_490' title='bbox 355 3789 604 3854; x_wconf 76' lang='lat' dir='ltr'><strong>avulsus,</strong></span> <span class='ocrx_word' id='word_1_491' title='bbox 630 3789 686 3844; x_wconf 91' lang='lat' dir='ltr'>in</span> <span class='ocrx_word' id='word_1_492' title='bbox 723 3789 1156 3848; x_wconf 71' lang='lat' dir='ltr'><strong>Sadducazorum</strong></span> <span class='ocrx_word' id='word_1_493' title='bbox 1185 3793 1516 3848; x_wconf 87' lang='lat' dir='ltr'><strong>sententiam</strong></span> <span class='ocrx_word' id='word_1_494' title='bbox 1537 3793 1847 3858; x_wconf 77' lang='lat' dir='ltr'><strong>concessit,</strong></span> <span class='ocrx_word' id='word_1_495' title='bbox 1874 3807 1940 3847; x_wconf 89' lang='lat' dir='ltr'>ac</span> 
     </span>
    </p>
   </div>
   <div class='ocr_carea' id='block_1_73' title="bbox 355 3880 1939 3940">
    <p class='ocr_par' dir='ltr' id='par_1_73' title="bbox 355 3880 1939 3940">
     <span class='ocr_line' id='line_1_73' title="bbox 355 3880 1939 3940; baseline 0.003 -7"><span class='ocrx_word' id='word_1_496' title='bbox 355 3880 499 3934; x_wconf 87' lang='lat' dir='ltr'><strong>ritus</strong></span> <span class='ocrx_word' id='word_1_497' title='bbox 527 3881 597 3934; x_wconf 89' lang='lat' dir='ltr'>ab</span> <span class='ocrx_word' id='word_1_498' title='bbox 630 3881 740 3936; x_wconf 88' lang='lat' dir='ltr'><strong>illis</strong></span> <span class='ocrx_word' id='word_1_499' title='bbox 778 3882 1012 3938; x_wconf 89' lang='lat' dir='ltr'><strong>traditos</strong></span> <span class='ocrx_word' id='word_1_500' title='bbox 1055 3883 1277 3940; x_wconf 87' lang='lat' dir='ltr'><strong>abolere</strong></span> <span class='ocrx_word' id='word_1_501' title='bbox 1330 3881 1593 3938; x_wconf 89' lang='lat' dir='ltr'><strong>instituit.</strong></span> <span class='ocrx_word' id='word_1_502' title='bbox 1621 3882 1760 3938; x_wconf 87' lang='lat' dir='ltr'>Nam</span> <span class='ocrx_word' id='word_1_503' title='bbox 1795 3881 1939 3939; x_wconf 85' lang='lat' dir='ltr'><strong>Sad-</strong></span> 
     </span>
    </p>
   </div>
   <div class='ocr_carea' id='block_1_74' title="bbox 352 3971 1938 4048">
    <p class='ocr_par' dir='ltr' id='par_1_74' title="bbox 352 3971 1938 4048">
     <span class='ocr_line' id='line_1_74' title="bbox 352 3971 1938 4048; baseline 0.002 -20"><span class='ocrx_word' id='word_1_504' title='bbox 352 3971 530 4028; x_wconf 71' lang='lat' dir='ltr'><strong>ducaai</strong></span> <span class='ocrx_word' id='word_1_505' title='bbox 570 3989 637 4028; x_wconf 88' lang='lat' dir='ltr'>ea</span> <span class='ocrx_word' id='word_1_506' title='bbox 685 3991 786 4045; x_wconf 90' lang='lat' dir='ltr'>pro</span> <span class='ocrx_word' id='word_1_507' title='bbox 817 3976 1033 4048; x_wconf 75' lang='lat' dir='ltr'><strong>legibus</strong></span> <span class='ocrx_word' id='word_1_508' title='bbox 1081 3976 1336 4034; x_wconf 89' lang='lat' dir='ltr'><strong>habenda</strong></span> <span class='ocrx_word' id='word_1_509' title='bbox 1384 3975 1766 4040; x_wconf 83' lang='lat' dir='ltr'><strong>affirmabant,</strong></span> <span class='ocrx_word' id='word_1_510' title='bbox 1817 3992 1938 4046; x_wconf 62' lang='lat' dir='ltr'><strong>quae</strong></span> 
     </span>
    </p>
   </div>
   <div class='ocr_carea' id='block_1_75' title="bbox 354 4064 1939 4139">
    <p class='ocr_par' dir='ltr' id='par_1_75' title="bbox 354 4064 1939 4139">
     <span class='ocr_line' id='line_1_75' title="bbox 354 4064 1939 4139; baseline 0.002 -20"><span class='ocrx_word' id='word_1_511' title='bbox 354 4064 414 4120; x_wconf 89' lang='lat' dir='ltr'>in</span> <span class='ocrx_word' id='word_1_512' title='bbox 443 4065 650 4136; x_wconf 81' lang='lat' dir='ltr'><strong>scripta</strong></span> <span class='ocrx_word' id='word_1_513' title='bbox 680 4068 848 4122; x_wconf 86' lang='lat' dir='ltr'><strong>relata</strong></span> <span class='ocrx_word' id='word_1_514' title='bbox 878 4079 1063 4124; x_wconf 83' lang='lat' dir='ltr'><strong>essent</strong></span> <span class='ocrx_word' id='word_1_515' title='bbox 1092 4087 1107 4123; x_wconf 90' lang='lat'><strong>:</strong></span> <span class='ocrx_word' id='word_1_516' title='bbox 1139 4085 1262 4139; x_wconf 67' lang='lat' dir='ltr'><strong>quas</strong></span> <span class='ocrx_word' id='word_1_517' title='bbox 1278 4084 1408 4124; x_wconf 86' lang='lat' dir='ltr'><strong>vero</strong></span> <span class='ocrx_word' id='word_1_518' title='bbox 1433 4071 1591 4139; x_wconf 88' lang='lat' dir='ltr'><strong>quasi</strong></span> <span class='ocrx_word' id='word_1_519' title='bbox 1619 4085 1718 4139; x_wconf 87' lang='lat' dir='ltr'>per</span> <span class='ocrx_word' id='word_1_520' title='bbox 1742 4083 1939 4124; x_wconf 87' lang='lat' dir='ltr'><strong>manus</strong></span> 
     </span>
    </p>
   </div>
   <div class='ocr_carea' id='block_1_76' title="bbox 355 4157 1941 4226">
    <p class='ocr_par' dir='ltr' id='par_1_76' title="bbox 355 4157 1941 4226">
     <span class='ocr_line' id='line_1_76' title="bbox 355 4157 1941 4226; baseline 0.003 -14"><span class='ocrx_word' id='word_1_521' title='bbox 355 4157 734 4226; x_wconf 89' lang='lat' dir='ltr'><strong>traderentur,</strong></span> <span class='ocrx_word' id='word_1_522' title='bbox 781 4176 846 4214; x_wconf 88' lang='lat' dir='ltr'>ea</span> <span class='ocrx_word' id='word_1_523' title='bbox 897 4177 1006 4217; x_wconf 90' lang='lat' dir='ltr'>non</span> <span class='ocrx_word' id='word_1_524' title='bbox 1039 4161 1388 4217; x_wconf 84' lang='lat' dir='ltr'><strong>observanda</strong></span> <span class='ocrx_word' id='word_1_525' title='bbox 1420 4176 1564 4216; x_wconf 85' lang='lat' dir='ltr'><strong>esse.</strong></span> <span class='ocrx_word' id='word_1_526' title='bbox 1612 4161 1681 4216; x_wconf 88' lang='lat' dir='ltr'><strong>Et</strong></span> <span class='ocrx_word' id='word_1_527' title='bbox 1732 4161 1837 4217; x_wconf 89' lang='lat' dir='ltr'>hac</span> <span class='ocrx_word' id='word_1_528' title='bbox 1871 4162 1941 4217; x_wconf 88' lang='lat' dir='ltr'>de</span> 
     </span>
    </p>
   </div>
   <div class='ocr_carea' id='block_1_77' title="bbox 355 4253 1942 4326">
    <p class='ocr_par' dir='ltr' id='par_1_77' title="bbox 355 4253 1942 4326">
     <span class='ocr_line' id='line_1_77' title="bbox 355 4253 1942 4326; baseline 0.001 -20"><span class='ocrx_word' id='word_1_529' title='bbox 355 4266 526 4306; x_wconf 88' lang='lat' dir='ltr'><strong>causa</strong></span> <span class='ocrx_word' id='word_1_530' title='bbox 555 4253 865 4321; x_wconf 59' lang='lat' dir='ltr'><strong>,Pharisaeis</strong></span> <span class='ocrx_word' id='word_1_531' title='bbox 908 4254 1121 4311; x_wconf 90' lang='lat' dir='ltr'><strong>invisus</strong></span> <span class='ocrx_word' id='word_1_532' title='bbox 1153 4255 1258 4311; x_wconf 86' lang='lat' dir='ltr'><strong>fuit</strong></span> <span class='ocrx_word' id='word_1_533' title='bbox 1305 4272 1321 4310; x_wconf 86' lang='lat'><strong>:</strong></span> <span class='ocrx_word' id='word_1_534' title='bbox 1377 4255 1473 4326; x_wconf 88' lang='lat' dir='ltr'>qui</span> <span class='ocrx_word' id='word_1_535' title='bbox 1517 4253 1682 4309; x_wconf 85' lang='lat' dir='ltr'><strong>annis</strong></span> <span class='ocrx_word' id='word_1_536' title='bbox 1725 4269 1838 4309; x_wconf 90' lang='lat' dir='ltr'>uno</span> <span class='ocrx_word' id='word_1_537' title='bbox 1885 4260 1942 4308; x_wconf 92' lang='lat' dir='ltr'>et</span> 
     </span>
    </p>
   </div>
   <div class='ocr_carea' id='block_1_78' title="bbox 361 4344 1942 4414">
    <p class='ocr_par' dir='ltr' id='par_1_78' title="bbox 361 4344 1942 4414">
     <span class='ocr_line' id='line_1_78' title="bbox 361 4344 1942 4414; baseline 0.002 -16"><span class='ocrx_word' id='word_1_538' title='bbox 361 4344 586 4414; x_wconf 75' lang='lat' dir='ltr'><strong>triginta</strong></span> <span class='ocrx_word' id='word_1_539' title='bbox 620 4345 860 4402; x_wconf 84' lang='lat' dir='ltr'><strong>feliciter</strong></span> <span class='ocrx_word' id='word_1_540' title='bbox 898 4347 1110 4404; x_wconf 77' lang='lat' dir='ltr'><strong>exactis</strong></span> <span class='ocrx_word' id='word_1_541' title='bbox 1137 4349 1280 4404; x_wconf 88' lang='lat' dir='ltr'><strong>obiit</strong></span> <span class='ocrx_word' id='word_1_542' title='bbox 1317 4348 1479 4404; x_wconf 76' lang='lat' dir='ltr'><strong>filios</strong></span> <span class='ocrx_word' id='word_1_543' title='bbox 1507 4356 1642 4403; x_wconf 91' lang='lat' dir='ltr'><strong>natu</strong></span> <span class='ocrx_word' id='word_1_544' title='bbox 1673 4346 1942 4402; x_wconf 73' lang='lat' dir='ltr'><strong>maximos</strong></span> 
     </span>
    </p>
   </div>
   <div class='ocr_carea' id='block_1_79' title="bbox 358 4433 1164 4505">
    <p class='ocr_par' dir='ltr' id='par_1_79' title="bbox 358 4433 1164 4505">
     <span class='ocr_line' id='line_1_79' title="bbox 358 4433 1164 4505; baseline 0.012 -18"><span class='ocrx_word' id='word_1_545' title='bbox 358 4433 655 4505; x_wconf 86' lang='lat' dir='ltr'><strong>imperium</strong></span> <span class='ocrx_word' id='word_1_546' title='bbox 687 4441 994 4496; x_wconf 88' lang='lat' dir='ltr'><strong>amissuros</strong></span> <span class='ocrx_word' id='word_1_547' title='bbox 1018 4457 1164 4497; x_wconf 85' lang='lat' dir='ltr'><strong>esse.</strong></span> 
     </span>
    </p>
   </div>
   <div class='ocr_carea' id='block_1_80' title="bbox 2039 3244 3634 3318">
    <p class='ocr_par' dir='ltr' id='par_1_80' title="bbox 2039 3244 3634 3318">
     <span class='ocr_line' id='line_1_80' title="bbox 2039 3244 3634 3318; baseline 0.004 -22"><span class='ocrx_word' id='word_1_548' title='bbox 2039 3244 2284 3314; x_wconf 70' lang='grc' dir='ltr'>ἐμισεῖτο</span> <span class='ocrx_word' id='word_1_549' title='bbox 2312 3245 2464 3318; x_wconf 77' lang='grc' dir='ltr'>παρὰ</span> <span class='ocrx_word' id='word_1_550' title='bbox 2488 3245 2598 3299; x_wconf 90' lang='grc' dir='ltr'>τῶν</span> <span class='ocrx_word' id='word_1_551' title='bbox 2647 3246 2968 3317; x_wconf 78' lang='grc' dir='ltr'>Φαρισαίων</span> <span class='ocrx_word' id='word_1_552' title='bbox 2987 3262 3002 3278; x_wconf 87' lang='grc'><strong>·</strong></span> <span class='ocrx_word' id='word_1_553' title='bbox 3031 3249 3081 3301; x_wconf 87' lang='grc' dir='ltr'>οἱ</span> <span class='ocrx_word' id='word_1_554' title='bbox 3132 3248 3182 3302; x_wconf 78' lang='grc' dir='ltr'>δ’</span> <span class='ocrx_word' id='word_1_555' title='bbox 3211 3248 3322 3302; x_wconf 76' lang='grc' dir='ltr'>είσὶ</span> <span class='ocrx_word' id='word_1_556' title='bbox 3379 3250 3484 3318; x_wconf 86' lang='grc' dir='ltr'>μία</span> <span class='ocrx_word' id='word_1_557' title='bbox 3524 3249 3634 3303; x_wconf 86' lang='grc' dir='ltr'>τῶν</span> 
     </span>
    </p>
   </div>
   <div class='ocr_carea' id='block_1_81' title="bbox 2042 3335 3634 3412">
    <p class='ocr_par' dir='ltr' id='par_1_81' title="bbox 2042 3335 3634 3412">
     <span class='ocr_line' id='line_1_81' title="bbox 2042 3335 3634 3412; baseline 0.003 -20"><span class='ocrx_word' id='word_1_558' title='bbox 2042 3338 2194 3410; x_wconf 81' lang='grc' dir='ltr'>παρὰ</span> <span class='ocrx_word' id='word_1_559' title='bbox 2219 3337 2500 3404; x_wconf 77' lang='grc' dir='ltr'>Ἰουδαίοις</span> <span class='ocrx_word' id='word_1_560' title='bbox 2539 3337 2838 3411; x_wconf 73' lang='grc' dir='ltr'>αἱρέσεων,</span> <span class='ocrx_word' id='word_1_561' title='bbox 2879 3340 3048 3411; x_wconf 86' lang='grc' dir='ltr'>τριῶν</span> <span class='ocrx_word' id='word_1_562' title='bbox 3094 3340 3297 3396; x_wconf 82' lang='grc' dir='ltr'>οὐσῶν.</span> <span class='ocrx_word' id='word_1_563' title='bbox 3331 3335 3501 3396; x_wconf 77' lang='grc' dir='ltr'>Οὗτοι</span> <span class='ocrx_word' id='word_1_564' title='bbox 3532 3343 3634 3412; x_wconf 72' lang='grc' dir='ltr'>μὲν</span> 
     </span>
    </p>
   </div>
   <div class='ocr_carea' id='block_1_82' title="bbox 2041 3429 3635 3502">
    <p class='ocr_par' dir='ltr' id='par_1_82' title="bbox 2041 3429 3635 3502">
     <span class='ocr_line' id='line_1_82' title="bbox 2041 3429 3635 3502; baseline 0.002 -20"><span class='ocrx_word' id='word_1_565' title='bbox 2041 3429 2135 3483; x_wconf 83' lang='grc' dir='ltr'>οὖν</span> <span class='ocrx_word' id='word_1_566' title='bbox 2166 3430 2216 3482; x_wconf 90' lang='grc' dir='ltr'>οἱ</span> <span class='ocrx_word' id='word_1_567' title='bbox 2241 3430 2528 3500; x_wconf 80' lang='grc' dir='ltr'>Φαρισαῖοι</span> <span class='ocrx_word' id='word_1_568' title='bbox 2558 3430 2912 3502; x_wconf 86' lang='grc' dir='ltr'>εἱμαρμένην</span> <span class='ocrx_word' id='word_1_569' title='bbox 2941 3429 3255 3496; x_wconf 77' lang='grc' dir='ltr'>δοξάζουσι,</span> <span class='ocrx_word' id='word_1_570' title='bbox 3283 3429 3410 3484; x_wconf 81' lang='grc' dir='ltr'>τινὰ</span> <span class='ocrx_word' id='word_1_571' title='bbox 3433 3430 3493 3484; x_wconf 82' lang='grc' dir='ltr'>δὲ</span> <span class='ocrx_word' id='word_1_572' title='bbox 3534 3431 3635 3486; x_wconf 73' lang='grc' dir='ltr'>καὶ</span> 
     </span>
    </p>
   </div>
   <div class='ocr_carea' id='block_1_83' title="bbox 2042 3515 3636 3594">
    <p class='ocr_par' dir='ltr' id='par_1_83' title="bbox 2042 3515 3636 3594">
     <span class='ocr_line' id='line_1_83' title="bbox 2042 3515 3636 3594; baseline 0.001 -20"><span class='ocrx_word' id='word_1_573' title='bbox 2042 3521 2130 3591; x_wconf 69' lang='grc' dir='ltr'>ἐφ’</span> <span class='ocrx_word' id='word_1_574' title='bbox 2151 3519 2285 3592; x_wconf 72' lang='grc' dir='ltr'>ἡμῖν</span> <span class='ocrx_word' id='word_1_575' title='bbox 2313 3515 2477 3584; x_wconf 72' lang='grc' dir='ltr'>εἶναι,</span> <span class='ocrx_word' id='word_1_576' title='bbox 2516 3522 2844 3592; x_wconf 84' lang='grc' dir='ltr'>συμϐαίνειν</span> <span class='ocrx_word' id='word_1_577' title='bbox 2880 3539 2936 3576; x_wconf 91' lang='grc' dir='ltr'>τε</span> <span class='ocrx_word' id='word_1_578' title='bbox 2967 3522 3062 3577; x_wconf 75' lang='grc' dir='ltr'>καὶ</span> <span class='ocrx_word' id='word_1_579' title='bbox 3090 3521 3167 3594; x_wconf 73' lang='grc' dir='ltr'>μὴ</span> <span class='ocrx_word' id='word_1_580' title='bbox 3191 3521 3468 3590; x_wconf 84' lang='grc' dir='ltr'>γίνεσθαι.</span> <span class='ocrx_word' id='word_1_581' title='bbox 3506 3523 3636 3576; x_wconf 84' lang='grc' dir='ltr'>Ἐσ-</span> 
     </span>
    </p>
   </div>
   <div class='ocr_carea' id='block_1_84' title="bbox 2043 3611 3634 3685">
    <p class='ocr_par' dir='ltr' id='par_1_84' title="bbox 2043 3611 3634 3685">
     <span class='ocr_line' id='line_1_84' title="bbox 2043 3611 3634 3685; baseline 0.001 -20"><span class='ocrx_word' id='word_1_582' title='bbox 2043 3615 2198 3682; x_wconf 75' lang='grc' dir='ltr'>σηνοὶ</span> <span class='ocrx_word' id='word_1_583' title='bbox 2223 3611 2280 3666; x_wconf 87' lang='grc' dir='ltr'>δὲ</span> <span class='ocrx_word' id='word_1_584' title='bbox 2311 3613 2534 3668; x_wconf 84' lang='grc' dir='ltr'>πάντων</span> <span class='ocrx_word' id='word_1_585' title='bbox 2567 3613 2770 3684; x_wconf 83' lang='grc' dir='ltr'>κυρίαν</span> <span class='ocrx_word' id='word_1_586' title='bbox 2799 3613 2900 3685; x_wconf 75' lang='grc' dir='ltr'>τὴν</span> <span class='ocrx_word' id='word_1_587' title='bbox 2929 3615 3280 3685; x_wconf 74' lang='grc' dir='ltr'>εἱμαρμένην</span> <span class='ocrx_word' id='word_1_588' title='bbox 3309 3614 3634 3682; x_wconf 79' lang='grc' dir='ltr'>νομίζουσιν</span> 
     </span>
    </p>
   </div>
   <div class='ocr_carea' id='block_1_85' title="bbox 2044 3701 3630 3777">
    <p class='ocr_par' dir='ltr' id='par_1_85' title="bbox 2044 3701 3630 3777">
     <span class='ocr_line' id='line_1_85' title="bbox 2044 3701 3630 3777; baseline 0.001 -18"><span class='ocrx_word' id='word_1_589' title='bbox 2044 3701 2209 3772; x_wconf 80' lang='grc' dir='ltr'>εἶναι,</span> <span class='ocrx_word' id='word_1_590' title='bbox 2238 3709 2334 3760; x_wconf 78' lang='grc' dir='ltr'>καὶ</span> <span class='ocrx_word' id='word_1_591' title='bbox 2393 3707 2574 3760; x_wconf 78' lang='grc' dir='ltr'>πάντα</span> <span class='ocrx_word' id='word_1_592' title='bbox 2607 3709 2721 3771; x_wconf 82' lang='grc' dir='ltr'>τοῖς</span> <span class='ocrx_word' id='word_1_593' title='bbox 2771 3705 3086 3777; x_wconf 82' lang='grc' dir='ltr'>ἀνθρώποις</span> <span class='ocrx_word' id='word_1_594' title='bbox 3132 3707 3192 3773; x_wconf 77' lang='grc' dir='ltr'><strong>ἐξ</strong></span> <span class='ocrx_word' id='word_1_595' title='bbox 3237 3708 3455 3777; x_wconf 68' lang='grc' dir='ltr'>ἐκείνης</span> <span class='ocrx_word' id='word_1_596' title='bbox 3493 3723 3630 3776; x_wconf 77' lang='grc' dir='ltr'>συμ-</span> 
     </span>
    </p>
   </div>
   <div class='ocr_carea' id='block_1_86' title="bbox 2043 3798 3634 3871">
    <p class='ocr_par' dir='ltr' id='par_1_86' title="bbox 2043 3798 3634 3871">
     <span class='ocr_line' id='line_1_86' title="bbox 2043 3798 3634 3871; baseline -0.002 -19"><span class='ocrx_word' id='word_1_597' title='bbox 2043 3798 2276 3853; x_wconf 85' lang='grc' dir='ltr'>ϐαίνειν.</span> <span class='ocrx_word' id='word_1_598' title='bbox 2316 3799 2674 3854; x_wconf 75' lang='grc' dir='ltr'>Σαδδουκαῖοι</span> <span class='ocrx_word' id='word_1_599' title='bbox 2695 3799 2752 3853; x_wconf 82' lang='grc' dir='ltr'>δὲ</span> <span class='ocrx_word' id='word_1_600' title='bbox 2781 3798 2881 3870; x_wconf 74' lang='grc' dir='ltr'>τὴν</span> <span class='ocrx_word' id='word_1_601' title='bbox 2914 3798 3015 3870; x_wconf 78' lang='grc' dir='ltr'>μὲν</span> <span class='ocrx_word' id='word_1_602' title='bbox 3041 3799 3398 3871; x_wconf 78' lang='grc' dir='ltr'>εἱμαρμένην</span> <span class='ocrx_word' id='word_1_603' title='bbox 3428 3799 3634 3853; x_wconf 69' lang='grc' dir='ltr'>ἐκϐάλ-</span> 
     </span>
    </p>
   </div>
   <div class='ocr_carea' id='block_1_87' title="bbox 2041 3889 3633 3970">
    <p class='ocr_par' dir='ltr' id='par_1_87' title="bbox 2041 3889 3633 3970">
     <span class='ocr_line' id='line_1_87' title="bbox 2041 3889 3633 3970; baseline -0.001 -28"><span class='ocrx_word' id='word_1_604' title='bbox 2041 3889 2216 3955; x_wconf 74' lang='grc' dir='ltr'>λουσι,</span> <span class='ocrx_word' id='word_1_605' title='bbox 2254 3891 2435 3944; x_wconf 79' lang='grc' dir='ltr'>πάντα</span> <span class='ocrx_word' id='word_1_606' title='bbox 2460 3891 2516 3943; x_wconf 84' lang='grc' dir='ltr'>δὲ</span> <span class='ocrx_word' id='word_1_607' title='bbox 2545 3889 2632 3961; x_wconf 77' lang='grc' dir='ltr'>ἐφ’</span> <span class='ocrx_word' id='word_1_608' title='bbox 2663 3892 2800 3960; x_wconf 84' lang='grc' dir='ltr'>ἡμῖν</span> <span class='ocrx_word' id='word_1_609' title='bbox 2832 3889 3096 3956; x_wconf 83' lang='grc' dir='ltr'>τίθενται,</span> <span class='ocrx_word' id='word_1_610' title='bbox 3131 3890 3368 3970; x_wconf 24' lang='grc' dir='ltr'>καὶ-τῶν</span> <span class='ocrx_word' id='word_1_611' title='bbox 3407 3890 3633 3958; x_wconf 82' lang='grc' dir='ltr'>ἀγαθῶν</span> 
     </span>
    </p>
   </div>
   <div class='ocr_carea' id='block_1_88' title="bbox 2040 3967 3634 4053">
    <p class='ocr_par' dir='ltr' id='par_1_88' title="bbox 2040 3967 3634 4053">
     <span class='ocr_line' id='line_1_88' title="bbox 2040 3967 3634 4053; baseline -0.001 -18"><span class='ocrx_word' id='word_1_612' title='bbox 2040 3982 2189 4053; x_wconf 80' lang='grc' dir='ltr'>ἡμᾶς</span> <span class='ocrx_word' id='word_1_613' title='bbox 2207 3983 2422 4045; x_wconf 78' lang='grc' dir='ltr'>ἑαυτοῖς</span> <span class='ocrx_word' id='word_1_614' title='bbox 2450 3981 2660 4044; x_wconf 88' lang='grc' dir='ltr'>αἱτίους</span> <span class='ocrx_word' id='word_1_615' title='bbox 2681 3975 2824 4036; x_wconf 85' lang='grc' dir='ltr'>εῖναι</span> <span class='ocrx_word' id='word_1_616' title='bbox 2847 3981 3214 4044; x_wconf 81' lang='grc' dir='ltr'>διδάσκοντες,</span> <span class='ocrx_word' id='word_1_617' title='bbox 3235 3967 3339 4036; x_wconf 67' lang='grc' dir='ltr'>’καὶ</span> <span class='ocrx_word' id='word_1_618' title='bbox 3368 3982 3437 4035; x_wconf 76' lang='grc' dir='ltr'>τὰ</span> <span class='ocrx_word' id='word_1_619' title='bbox 3464 3986 3634 4053; x_wconf 81' lang='grc' dir='ltr'>χείρω</span> 
     </span>
    </p>
   </div>
   <div class='ocr_carea' id='block_1_89' title="bbox 2041 4072 3632 4146">
    <p class='ocr_par' dir='ltr' id='par_1_89' title="bbox 2041 4072 3632 4146">
     <span class='ocr_line' id='line_1_89' title="bbox 2041 4072 3632 4146; baseline -0.002 -17"><span class='ocrx_word' id='word_1_620' title='bbox 2041 4073 2109 4129; x_wconf 80' lang='grc' dir='ltr'>δι’</span> <span class='ocrx_word' id='word_1_621' title='bbox 2143 4073 2404 4126; x_wconf 83' lang='grc' dir='ltr'>ἀϐουλίαν</span> <span class='ocrx_word' id='word_1_622' title='bbox 2433 4073 2528 4141; x_wconf 74' lang='grc' dir='ltr'>ἀφ’</span> <span class='ocrx_word' id='word_1_623' title='bbox 2557 4072 2770 4127; x_wconf 74' lang='grc' dir='ltr'>ἑαυτῶν</span> <span class='ocrx_word' id='word_1_624' title='bbox 2792 4075 3093 4146; x_wconf 85' lang='grc' dir='ltr'>αἱρεῖσθαι.</span> <span class='ocrx_word' id='word_1_625' title='bbox 3122 4075 3246 4129; x_wconf 86' lang='grc' dir='ltr'>Τῶν</span> <span class='ocrx_word' id='word_1_626' title='bbox 3283 4074 3418 4143; x_wconf 86' lang='grc' dir='ltr'>γοῦν</span> <span class='ocrx_word' id='word_1_627' title='bbox 3457 4077 3632 4146; x_wconf 76' lang='grc' dir='ltr'>Φαρι·</span> 
     </span>
    </p>
   </div>
   <div class='ocr_carea' id='block_1_90' title="bbox 2045 4165 3632 4237">
    <p class='ocr_par' dir='ltr' id='par_1_90' title="bbox 2045 4165 3632 4237">
     <span class='ocr_line' id='line_1_90' title="bbox 2045 4165 3632 4237; baseline 0 -19"><span class='ocrx_word' id='word_1_628' title='bbox 2045 4166 2215 4218; x_wconf 89' lang='grc' dir='ltr'>σαίων</span> <span class='ocrx_word' id='word_1_629' title='bbox 2255 4167 2526 4236; x_wconf 82' lang='grc' dir='ltr'>πρότερον</span> <span class='ocrx_word' id='word_1_630' title='bbox 2583 4165 2782 4234; x_wconf 83' lang='grc' dir='ltr'>φιλίως</span> <span class='ocrx_word' id='word_1_631' title='bbox 2838 4166 3079 4237; x_wconf 76' lang='grc' dir='ltr'>ἐχόντων</span> <span class='ocrx_word' id='word_1_632' title='bbox 3134 4167 3273 4237; x_wconf 82' lang='grc' dir='ltr'>πρὸς</span> <span class='ocrx_word' id='word_1_633' title='bbox 3337 4167 3632 4237; x_wconf 76' lang='grc' dir='ltr'>Ὑρκανὸν,</span> 
     </span>
    </p>
   </div>
   <div class='ocr_carea' id='block_1_91' title="bbox 2045 4255 3631 4329">
    <p class='ocr_par' dir='ltr' id='par_1_91' title="bbox 2045 4255 3631 4329">
     <span class='ocr_line' id='line_1_91' title="bbox 2045 4255 3631 4329; baseline 0.001 -20"><span class='ocrx_word' id='word_1_634' title='bbox 2045 4255 2321 4327; x_wconf 78' lang='grc' dir='ltr'>(μαθητὴς</span> <span class='ocrx_word' id='word_1_635' title='bbox 2363 4257 2472 4327; x_wconf 84' lang='grc' dir='ltr'>γὰρ</span> <span class='ocrx_word' id='word_1_636' title='bbox 2541 4255 2727 4309; x_wconf 83' lang='grc' dir='ltr'>αὐτῶν</span> <span class='ocrx_word' id='word_1_637' title='bbox 2776 4257 3048 4328; x_wconf 76' lang='grc' dir='ltr'>ἐγεγόνει)</span> <span class='ocrx_word' id='word_1_638' title='bbox 3095 4258 3302 4329; x_wconf 83' lang='grc' dir='ltr'>συνέϐη</span> <span class='ocrx_word' id='word_1_639' title='bbox 3331 4259 3392 4325; x_wconf 78' lang='grc' dir='ltr'>ἐξ</span> <span class='ocrx_word' id='word_1_640' title='bbox 3445 4259 3631 4319; x_wconf 74' lang='grc' dir='ltr'>αἰτίας</span> 
     </span>
    </p>
   </div>
   <div class='ocr_carea' id='block_1_92' title="bbox 2041 4349 3633 4422">
    <p class='ocr_par' dir='ltr' id='par_1_92' title="bbox 2041 4349 3633 4422">
     <span class='ocr_line' id='line_1_92' title="bbox 2041 4349 3633 4422; baseline 0.001 -20"><span class='ocrx_word' id='word_1_641' title='bbox 2041 4349 2188 4413; x_wconf 78' lang='grc' dir='ltr'>τινὸς</span> <span class='ocrx_word' id='word_1_642' title='bbox 2218 4349 2424 4420; x_wconf 71' lang='grc' dir='ltr'>ἔχθραν</span> <span class='ocrx_word' id='word_1_643' title='bbox 2459 4349 2770 4420; x_wconf 81' lang='grc' dir='ltr'>κτήσασθαι</span> <span class='ocrx_word' id='word_1_644' title='bbox 2826 4351 2964 4422; x_wconf 76' lang='grc' dir='ltr'>πρὸς</span> <span class='ocrx_word' id='word_1_645' title='bbox 3005 4351 3195 4406; x_wconf 81' lang='grc' dir='ltr'>αὐτόν.</span> <span class='ocrx_word' id='word_1_646' title='bbox 3239 4352 3553 4406; x_wconf 80' lang='grc' dir='ltr'>Ἦδύναντο</span> <span class='ocrx_word' id='word_1_647' title='bbox 3575 4351 3633 4404; x_wconf 80' lang='grc' dir='ltr'>δέ</span> 
     </span>
    </p>
   </div>
   <div class='ocr_carea' id='block_1_93' title="bbox 2043 4436 3636 4515">
    <p class='ocr_par' dir='ltr' id='par_1_93' title="bbox 2043 4436 3636 4515">
     <span class='ocr_line' id='line_1_93' title="bbox 2043 4436 3636 4515; baseline 0.001 -22"><span class='ocrx_word' id='word_1_648' title='bbox 2043 4436 2191 4495; x_wconf 75' lang='grc' dir='ltr'>οὗτοι</span> <span class='ocrx_word' id='word_1_649' title='bbox 2227 4442 2379 4513; x_wconf 80' lang='grc' dir='ltr'>παρᾶ</span> <span class='ocrx_word' id='word_1_650' title='bbox 2406 4441 2484 4509; x_wconf 80' lang='grc' dir='ltr'>τῷ</span> <span class='ocrx_word' id='word_1_651' title='bbox 2509 4441 2710 4512; x_wconf 80' lang='grc' dir='ltr'>πλήθει</span> <span class='ocrx_word' id='word_1_652' title='bbox 2737 4444 2966 4513; x_wconf 87' lang='grc' dir='ltr'>σφόδρα.</span> <span class='ocrx_word' id='word_1_653' title='bbox 3001 4443 3270 4515; x_wconf 72' lang='grc' dir='ltr'>Ὑρκανὸς</span> <span class='ocrx_word' id='word_1_654' title='bbox 3319 4445 3378 4498; x_wconf 83' lang='grc' dir='ltr'>δὲ</span> <span class='ocrx_word' id='word_1_655' title='bbox 3412 4448 3482 4514; x_wconf 82' lang='grc' dir='ltr'>τῇ</span> <span class='ocrx_word' id='word_1_656' title='bbox 3527 4444 3636 4497; x_wconf 84' lang='grc' dir='ltr'>τῶν</span> 
     </span>
    </p>
   </div>
   <div class='ocr_carea' id='block_1_94' title="bbox 357 4528 3634 4610">
    <p class='ocr_par' dir='ltr' id='par_1_94' title="bbox 357 4528 3634 4610">
     <span class='ocr_line' id='line_1_94' title="bbox 357 4528 3634 4610; baseline 0.003 -30"><span class='ocrx_word' id='word_1_657' title='bbox 357 4528 736 4584; x_wconf 82' lang='grc' dir='ltr'>Σαδδουκαίων</span> <span class='ocrx_word' id='word_1_658' title='bbox 816 4535 1136 4604; x_wconf 80' lang='grc' dir='ltr'>προσετίθει</span> <span class='ocrx_word' id='word_1_659' title='bbox 1187 4534 1376 4606; x_wconf 81' lang='grc' dir='ltr'>μοίρᾳ,</span> <span class='ocrx_word' id='word_1_660' title='bbox 1435 4535 1550 4589; x_wconf 89' lang='grc' dir='ltr'>τῶν</span> <span class='ocrx_word' id='word_1_661' title='bbox 1617 4533 1934 4604; x_wconf 74' lang='grc' dir='ltr'>Φαρισαίων</span> <span class='ocrx_word' id='word_1_662' title='bbox 1971 4534 2338 4604; x_wconf 73' lang='grc' dir='ltr'>ἀπορῤαγεὶς,</span> <span class='ocrx_word' id='word_1_663' title='bbox 2414 4534 2622 4588; x_wconf 75' lang='grc' dir='ltr'>καὶτὰ</span> <span class='ocrx_word' id='word_1_664' title='bbox 2681 4536 2775 4588; x_wconf 73' lang='grc' dir='ltr'>ὑπ’</span> <span class='ocrx_word' id='word_1_665' title='bbox 2803 4536 2988 4590; x_wconf 84' lang='grc' dir='ltr'>αὐτῶν</span> <span class='ocrx_word' id='word_1_666' title='bbox 3014 4537 3399 4610; x_wconf 81' lang='grc' dir='ltr'>παραδοθέντα</span> <span class='ocrx_word' id='word_1_667' title='bbox 3422 4539 3634 4609; x_wconf 84' lang='grc' dir='ltr'>νόμιμα</span> 
     </span>
    </p>
   </div>
   <div class='ocr_carea' id='block_1_95' title="bbox 357 4627 3637 4706">
    <p class='ocr_par' dir='ltr' id='par_1_95' title="bbox 357 4627 3637 4706">
     <span class='ocr_line' id='line_1_95' title="bbox 357 4627 3637 4706; baseline 0.003 -25"><span class='ocrx_word' id='word_1_668' title='bbox 357 4627 668 4682; x_wconf 84' lang='grc' dir='ltr'>καταλῦσαι</span> <span class='ocrx_word' id='word_1_669' title='bbox 699 4632 984 4702; x_wconf 77' lang='grc' dir='ltr'>προέθετο.</span> <span class='ocrx_word' id='word_1_670' title='bbox 1010 4633 1072 4686; x_wconf 77' lang='lat' dir='ltr'><strong>Ol</strong></span> <span class='ocrx_word' id='word_1_671' title='bbox 1095 4632 1450 4685; x_wconf 78' lang='grc' dir='ltr'>Σαδδουκαῖοι</span> <span class='ocrx_word' id='word_1_672' title='bbox 1475 4633 1585 4703; x_wconf 83' lang='grc' dir='ltr'>γὰρ</span> <span class='ocrx_word' id='word_1_673' title='bbox 1609 4633 1794 4684; x_wconf 74' lang='grc' dir='ltr'>ἐκεῖνα</span> <span class='ocrx_word' id='word_1_674' title='bbox 1824 4630 1938 4682; x_wconf 83' lang='grc' dir='ltr'>δεῖν</span> <span class='ocrx_word' id='word_1_675' title='bbox 1975 4629 2240 4699; x_wconf 83' lang='grc' dir='ltr'>ἡγεῖσθαι</span> <span class='ocrx_word' id='word_1_676' title='bbox 2297 4629 2508 4701; x_wconf 87' lang='grc' dir='ltr'>νόμιμα</span> <span class='ocrx_word' id='word_1_677' title='bbox 2539 4631 2750 4700; x_wconf 76' lang='grc' dir='ltr'>ἔλεγον,</span> <span class='ocrx_word' id='word_1_678' title='bbox 2812 4634 2880 4687; x_wconf 73' lang='grc' dir='ltr'>τὰ</span> <span class='ocrx_word' id='word_1_679' title='bbox 2924 4636 3294 4706; x_wconf 75' lang='grc' dir='ltr'>γεγραμμένα</span> <span class='ocrx_word' id='word_1_680' title='bbox 3315 4650 3329 4664; x_wconf 84' lang='grc'><strong><em>⁸</em></strong></span> <span class='ocrx_word' id='word_1_681' title='bbox 3357 4640 3429 4691; x_wconf 80' lang='grc' dir='ltr'>τὰ</span> <span class='ocrx_word' id='word_1_682' title='bbox 3463 4637 3524 4692; x_wconf 77' lang='grc' dir='ltr'>δὲ</span> <span class='ocrx_word' id='word_1_683' title='bbox 3572 4639 3637 4692; x_wconf 80' lang='grc' dir='ltr'>ὲκ</span> 
     </span>
    </p>
   </div>
   <div class='ocr_carea' id='block_1_96' title="bbox 357 4719 3631 4799">
    <p class='ocr_par' dir='ltr' id='par_1_96' title="bbox 357 4719 3631 4799">
     <span class='ocr_line' id='line_1_96' title="bbox 357 4719 3631 4799; baseline 0.003 -27"><span class='ocrx_word' id='word_1_684' title='bbox 357 4720 710 4791; x_wconf 72' lang='grc' dir='ltr'>παραδόσεως</span> <span class='ocrx_word' id='word_1_685' title='bbox 753 4723 827 4792; x_wconf 82' lang='grc' dir='ltr'>μὴ</span> <span class='ocrx_word' id='word_1_686' title='bbox 860 4726 1069 4792; x_wconf 79' lang='grc' dir='ltr'>τηρεῖν.</span> <span class='ocrx_word' id='word_1_687' title='bbox 1102 4723 1201 4776; x_wconf 69' lang='grc' dir='ltr'>Διὰ</span> <span class='ocrx_word' id='word_1_688' title='bbox 1246 4722 1418 4775; x_wconf 85' lang='grc' dir='ltr'>ταῦτα</span> <span class='ocrx_word' id='word_1_689' title='bbox 1468 4722 1742 4793; x_wconf 89' lang='grc' dir='ltr'>μεμίσητο</span> <span class='ocrx_word' id='word_1_690' title='bbox 1780 4721 1934 4792; x_wconf 81' lang='grc' dir='ltr'>παρᾶ</span> <span class='ocrx_word' id='word_1_691' title='bbox 1966 4719 2076 4773; x_wconf 86' lang='grc' dir='ltr'>τῶν</span> <span class='ocrx_word' id='word_1_692' title='bbox 2141 4721 2457 4790; x_wconf 79' lang='grc' dir='ltr'>Φαρισαίων</span> <span class='ocrx_word' id='word_1_693' title='bbox 2484 4723 2514 4774; x_wconf 85' lang='grc' dir='ltr'>ὁ</span> <span class='ocrx_word' id='word_1_694' title='bbox 2587 4723 2878 4793; x_wconf 78' lang='grc' dir='ltr'>Ὑρκανός.</span> <span class='ocrx_word' id='word_1_695' title='bbox 2931 4723 3146 4789; x_wconf 85' lang='grc' dir='ltr'>Βιὼσας</span> <span class='ocrx_word' id='word_1_696' title='bbox 3170 4725 3228 4780; x_wconf 82' lang='grc' dir='ltr'>δὲ</span> <span class='ocrx_word' id='word_1_697' title='bbox 3257 4727 3506 4799; x_wconf 77' lang='grc' dir='ltr'>εὐτυχῶς</span> <span class='ocrx_word' id='word_1_698' title='bbox 3537 4732 3631 4784; x_wconf 71' lang='grc' dir='ltr'>ἐπὶ</span> 
     </span>
    </p>
   </div>
   <div class='ocr_carea' id='block_1_97' title="bbox 356 4813 3634 4891">
    <p class='ocr_par' dir='ltr' id='par_1_97' title="bbox 356 4813 3634 4891">
     <span class='ocr_line' id='line_1_97' title="bbox 356 4813 3634 4891; baseline 0.002 -25"><span class='ocrx_word' id='word_1_699' title='bbox 356 4813 454 4884; x_wconf 65' lang='grc' dir='ltr'>ἔτη</span> <span class='ocrx_word' id='word_1_700' title='bbox 479 4814 774 4885; x_wconf 85' lang='grc' dir='ltr'>τριάκοντα</span> <span class='ocrx_word' id='word_1_701' title='bbox 794 4815 927 4890; x_wconf 84' lang='grc' dir='ltr'>πρὸ;</span> <span class='ocrx_word' id='word_1_702' title='bbox 957 4817 1060 4881; x_wconf 77' lang='grc' dir='ltr'>ἑνὶ,</span> <span class='ocrx_word' id='word_1_703' title='bbox 1088 4815 1451 4886; x_wconf 65' lang='grc' dir='ltr'>ἐτελεύτησεν</span> <span class='ocrx_word' id='word_1_704' title='bbox 1476 4815 1562 4885; x_wconf 76' lang='grc' dir='ltr'>ἐφ’</span> <span class='ocrx_word' id='word_1_705' title='bbox 1584 4817 1724 4879; x_wconf 86' lang='grc' dir='ltr'>υἱοῖς</span> <span class='ocrx_word' id='word_1_706' title='bbox 1753 4815 1940 4869; x_wconf 86' lang='grc' dir='ltr'>πέντε.</span> <span class='ocrx_word' id='word_1_707' title='bbox 1974 4816 2212 4882; x_wconf 80' lang='grc' dir='ltr'>Λέγεται</span> <span class='ocrx_word' id='word_1_708' title='bbox 2241 4815 2301 4868; x_wconf 73' lang='grc' dir='ltr'>δὲ</span> <span class='ocrx_word' id='word_1_709' title='bbox 2354 4815 2448 4868; x_wconf 69' lang='grc' dir='ltr'>καὶ</span> <span class='ocrx_word' id='word_1_710' title='bbox 2488 4815 2826 4886; x_wconf 78' lang='grc' dir='ltr'>προφητείας</span> <span class='ocrx_word' id='word_1_711' title='bbox 2856 4816 3177 4888; x_wconf 80' lang='grc' dir='ltr'>ἀξιωθῆναι,</span> <span class='ocrx_word' id='word_1_712' title='bbox 3211 4821 3306 4871; x_wconf 78' lang='grc' dir='ltr'>καὶ</span> <span class='ocrx_word' id='word_1_713' title='bbox 3342 4824 3634 4891; x_wconf 80' lang='grc' dir='ltr'>προειπεῖν</span> 
     </span>
    </p>
   </div>
   <div class='ocr_carea' id='block_1_98' title="bbox 357 4909 2966 4985">
    <p class='ocr_par' dir='ltr' id='par_1_98' title="bbox 357 4909 2966 4985">
     <span class='ocr_line' id='line_1_98' title="bbox 357 4909 2966 4985; baseline 0.001 -21"><span class='ocrx_word' id='word_1_714' title='bbox 357 4913 490 4982; x_wconf 76' lang='grc' dir='ltr'>περὶ</span> <span class='ocrx_word' id='word_1_715' title='bbox 518 4913 627 4964; x_wconf 89' lang='grc' dir='ltr'>τῶν</span> <span class='ocrx_word' id='word_1_716' title='bbox 654 4911 748 4965; x_wconf 80' lang='grc' dir='ltr'>δύο</span> <span class='ocrx_word' id='word_1_717' title='bbox 767 4911 930 4965; x_wconf 68' lang='grc' dir='ltr'>αὑτιῦ</span> <span class='ocrx_word' id='word_1_718' title='bbox 960 4912 1166 4965; x_wconf 87' lang='grc' dir='ltr'>παίδων</span> <span class='ocrx_word' id='word_1_719' title='bbox 1192 4912 1302 4966; x_wconf 89' lang='grc' dir='ltr'>τῶν</span> <span class='ocrx_word' id='word_1_720' title='bbox 1333 4913 1747 4985; x_wconf 88' lang='grc' dir='ltr'>πρεσϐυτέρων,</span> <span class='ocrx_word' id='word_1_721' title='bbox 1775 4911 1849 4976; x_wconf 88' lang='grc' dir='ltr'>ὡς</span> <span class='ocrx_word' id='word_1_722' title='bbox 1879 4912 1941 4964; x_wconf 83' lang='grc' dir='ltr'>οὐ</span> <span class='ocrx_word' id='word_1_723' title='bbox 1979 4910 2206 4983; x_wconf 86' lang='grc' dir='ltr'>μενοῦσι</span> <span class='ocrx_word' id='word_1_724' title='bbox 2237 4909 2346 4964; x_wconf 87' lang='grc' dir='ltr'>τῶν</span> <span class='ocrx_word' id='word_1_725' title='bbox 2375 4913 2728 4982; x_wconf 74' lang='grc' dir='ltr'>πραγμάτιον</span> <span class='ocrx_word' id='word_1_726' title='bbox 2760 4912 2966 4981; x_wconf 86' lang='grc' dir='ltr'>κύριοι.</span> 
     </span>
    </p>
   </div>
   <div class='ocr_carea' id='block_1_99' title="bbox 430 5003 1937 5078">
    <p class='ocr_par' dir='ltr' id='par_1_99' title="bbox 430 5004 1937 5078">
     <span class='ocr_line' id='line_1_99' title="bbox 430 5004 1937 5078; baseline -0.001 -17"><span class='ocrx_word' id='word_1_727' title='bbox 430 5005 519 5061; x_wconf 84' lang='grc'><strong>111.</strong></span> <span class='ocrx_word' id='word_1_728' title='bbox 588 5005 839 5075; x_wconf 81' lang='lat' dir='ltr'><strong>Hyrcano</strong></span> <span class='ocrx_word' id='word_1_729' title='bbox 897 5004 1204 5070; x_wconf 87' lang='lat' dir='ltr'><strong>defuncto,</strong></span> <span class='ocrx_word' id='word_1_730' title='bbox 1261 5008 1633 5078; x_wconf 87' lang='lat' dir='ltr'><strong>principatum</strong></span> <span class='ocrx_word' id='word_1_731' title='bbox 1696 5008 1937 5078; x_wconf 86' lang='lat' dir='ltr'><strong>suscepit</strong></span> 
     </span>
    </p>
   </div>
   <div class='ocr_carea' id='block_1_100' title="bbox 2041 5003 3636 5078">
    <p class='ocr_par' dir='ltr' id='par_1_100' title="bbox 2117 5003 3636 5078">
     <span class='ocr_line' id='line_1_100' title="bbox 2117 5003 3636 5078; baseline 0.003 -22"><span class='ocrx_word' id='word_1_732' title='bbox 2117 5003 2191 5057; x_wconf 70' lang='lat' dir='ltr'>I&quot;.</span> <span class='ocrx_word' id='word_1_733' title='bbox 2233 5005 2671 5074; x_wconf 81' lang='grc' dir='ltr'>Τελευτήσαντος</span> <span class='ocrx_word' id='word_1_734' title='bbox 2727 5005 2782 5058; x_wconf 77' lang='grc' dir='ltr'>δὲ</span> <span class='ocrx_word' id='word_1_735' title='bbox 2859 5005 3164 5075; x_wconf 84' lang='grc' dir='ltr'>Ὑρκανοῦ,</span> <span class='ocrx_word' id='word_1_736' title='bbox 3217 5009 3636 5078; x_wconf 65' lang='grc' dir='ltr'>Ἀριστόϐιυλος</span> 
     </span>
    </p>
   </div>
   <div class='ocr_carea' id='block_1_101' title="bbox 357 5096 1937 5172">
    <p class='ocr_par' dir='ltr' id='par_1_101' title="bbox 357 5099 1937 5169">
     <span class='ocr_line' id='line_1_101' title="bbox 357 5099 1937 5169; baseline -0.001 -14"><span class='ocrx_word' id='word_1_737' title='bbox 357 5099 712 5156; x_wconf 86' lang='lat' dir='ltr'><strong>Aristobulus</strong></span> <span class='ocrx_word' id='word_1_738' title='bbox 741 5116 753 5152; x_wconf 94' lang='lat'>:</span> <span class='ocrx_word' id='word_1_739' title='bbox 800 5113 964 5168; x_wconf 88' lang='lat' dir='ltr'><strong>quem</strong></span> <span class='ocrx_word' id='word_1_740' title='bbox 999 5114 1126 5153; x_wconf 89' lang='lat' dir='ltr'>cum</span> <span class='ocrx_word' id='word_1_741' title='bbox 1162 5099 1217 5152; x_wconf 93' lang='lat' dir='ltr'>in</span> <span class='ocrx_word' id='word_1_742' title='bbox 1255 5115 1483 5169; x_wconf 80' lang='lat' dir='ltr'><strong>regnum</strong></span> <span class='ocrx_word' id='word_1_743' title='bbox 1515 5109 1859 5154; x_wconf 82' lang='lat' dir='ltr'><strong>commutare</strong></span> <span class='ocrx_word' id='word_1_744' title='bbox 1887 5099 1937 5153; x_wconf 88' lang='lat' dir='ltr'>ci</span> 
     </span>
    </p>
   </div>
   <div class='ocr_carea' id='block_1_102' title="bbox 2041 5096 3633 5172">
    <p class='ocr_par' dir='ltr' id='par_1_102' title="bbox 2041 5096 3633 5172">
     <span class='ocr_line' id='line_1_102' title="bbox 2041 5096 3633 5172; baseline 0.004 -23"><span class='ocrx_word' id='word_1_745' title='bbox 2041 5096 2137 5168; x_wconf 85' lang='grc' dir='ltr'>τὴν</span> <span class='ocrx_word' id='word_1_746' title='bbox 2176 5098 2350 5167; x_wconf 77' lang='grc' dir='ltr'>ἀρχὴν</span> <span class='ocrx_word' id='word_1_747' title='bbox 2387 5097 2684 5164; x_wconf 77' lang='grc' dir='ltr'>διεδέξατο,</span> <span class='ocrx_word' id='word_1_748' title='bbox 2721 5101 2818 5152; x_wconf 78' lang='grc' dir='ltr'>καὶ</span> <span class='ocrx_word' id='word_1_749' title='bbox 2867 5101 2950 5162; x_wconf 85' lang='grc' dir='ltr'>εἰς</span> <span class='ocrx_word' id='word_1_750' title='bbox 2998 5100 3278 5170; x_wconf 85' lang='grc' dir='ltr'>βασιλείαν</span> <span class='ocrx_word' id='word_1_751' title='bbox 3314 5105 3633 5172; x_wconf 80' lang='grc' dir='ltr'>μεταθεῖναι</span> 
     </span>
    </p>
   </div>
   <div class='ocr_carea' id='block_1_103' title="bbox 358 5187 1937 5267">
    <p class='ocr_par' dir='ltr' id='par_1_103' title="bbox 358 5191 1937 5264">
     <span class='ocr_line' id='line_1_103' title="bbox 358 5191 1937 5264; baseline -0.001 -17"><span class='ocrx_word' id='word_1_752' title='bbox 358 5193 676 5264; x_wconf 87' lang='lat' dir='ltr'><strong>placuisset,</strong></span> <span class='ocrx_word' id='word_1_753' title='bbox 711 5191 962 5246; x_wconf 89' lang='lat' dir='ltr'><strong>diadema</strong></span> <span class='ocrx_word' id='word_1_754' title='bbox 1007 5191 1247 5261; x_wconf 89' lang='lat' dir='ltr'><strong>sumpsit</strong></span> <span class='ocrx_word' id='word_1_755' title='bbox 1302 5207 1597 5246; x_wconf 77' lang='lat' dir='ltr'><strong>ccccuxxr</strong></span> <span class='ocrx_word' id='word_1_756' title='bbox 1631 5192 1790 5246; x_wconf 90' lang='lat' dir='ltr'><strong>annis</strong></span> <span class='ocrx_word' id='word_1_757' title='bbox 1817 5201 1937 5261; x_wconf 85' lang='lat' dir='ltr'><strong>post</strong></span> 
     </span>
    </p>
   </div>
   <div class='ocr_carea' id='block_1_104' title="bbox 2041 5187 3634 5267">
    <p class='ocr_par' dir='ltr' id='par_1_104' title="bbox 2041 5187 3634 5267">
     <span class='ocr_line' id='line_1_104' title="bbox 2041 5187 3634 5267; baseline 0.004 -25"><span class='ocrx_word' id='word_1_758' title='bbox 2041 5187 2244 5258; x_wconf 84' lang='grc' dir='ltr'>ταύτην</span> <span class='ocrx_word' id='word_1_759' title='bbox 2294 5188 2451 5255; x_wconf 82' lang='grc' dir='ltr'>δόξαν</span> <span class='ocrx_word' id='word_1_760' title='bbox 2502 5190 2689 5260; x_wconf 75' lang='grc' dir='ltr'>αὐτῷ,</span> <span class='ocrx_word' id='word_1_761' title='bbox 2748 5189 2988 5262; x_wconf 84' lang='grc' dir='ltr'>διάδημα</span> <span class='ocrx_word' id='word_1_762' title='bbox 3062 5193 3431 5263; x_wconf 83' lang='grc' dir='ltr'>περιτίθεται,</span> <span class='ocrx_word' id='word_1_763' title='bbox 3499 5199 3634 5267; x_wconf 73' lang='grc' dir='ltr'>μετὰ</span> 
     </span>
    </p>
   </div>
   <div class='ocr_carea' id='block_1_105' title="bbox 357 5281 1942 5354">
    <p class='ocr_par' dir='ltr' id='par_1_105' title="bbox 357 5281 1942 5354">
     <span class='ocr_line' id='line_1_105' title="bbox 357 5281 1942 5354; baseline -0.001 -17"><span class='ocrx_word' id='word_1_764' title='bbox 357 5297 521 5353; x_wconf 82' lang='lat' dir='ltr'><strong>quam</strong></span> <span class='ocrx_word' id='word_1_765' title='bbox 555 5284 799 5352; x_wconf 87' lang='lat' dir='ltr'><strong>populus</strong></span> <span class='ocrx_word' id='word_1_766' title='bbox 833 5283 1107 5354; x_wconf 86' lang='lat' dir='ltr'><strong>Babylone</strong></span> <span class='ocrx_word' id='word_1_767' title='bbox 1140 5281 1518 5353; x_wconf 83' lang='lat' dir='ltr'><strong>Hierosolyma</strong></span> <span class='ocrx_word' id='word_1_768' title='bbox 1551 5281 1796 5336; x_wconf 82' lang='lat' dir='ltr'><strong>redierat</strong></span> <span class='ocrx_word' id='word_1_769' title='bbox 1829 5299 1843 5335; x_wconf 89' lang='lat'><strong>:</strong></span> <span class='ocrx_word' id='word_1_770' title='bbox 1878 5288 1942 5336; x_wconf 85' lang='lat' dir='ltr'><strong>a&#39;c</strong></span> 
     </span>
    </p>
   </div>
   <div class='ocr_carea' id='block_1_106' title="bbox 355 5374 1936 5444">
    <p class='ocr_par' dir='ltr' id='par_1_106' title="bbox 355 5374 1936 5444">
     <span class='ocr_line' id='line_1_106' title="bbox 355 5374 1936 5444; baseline -0.003 -13"><span class='ocrx_word' id='word_1_771' title='bbox 355 5385 587 5431; x_wconf 78' lang='lat' dir='ltr'><strong>caeteros</strong></span> <span class='ocrx_word' id='word_1_772' title='bbox 636 5375 836 5430; x_wconf 80' lang='lat' dir='ltr'><strong>fratres</strong></span> <span class='ocrx_word' id='word_1_773' title='bbox 884 5385 938 5429; x_wconf 86' lang='lat' dir='ltr'>et</span> <span class='ocrx_word' id='word_1_774' title='bbox 983 5385 1215 5429; x_wconf 87' lang='lat' dir='ltr'><strong>matrem</strong></span> <span class='ocrx_word' id='word_1_775' title='bbox 1247 5374 1316 5428; x_wconf 90' lang='lat' dir='ltr'>de</span> <span class='ocrx_word' id='word_1_776' title='bbox 1347 5376 1665 5444; x_wconf 89' lang='lat' dir='ltr'><strong>principatu</strong></span> <span class='ocrx_word' id='word_1_777' title='bbox 1703 5383 1936 5429; x_wconf 84' lang='lat' dir='ltr'><strong>conten-</strong></span> 
     </span>
    </p>
   </div>
   <div class='ocr_carea' id='block_1_107' title="bbox 356 5467 1936 5538">
    <p class='ocr_par' dir='ltr' id='par_1_107' title="bbox 356 5467 1936 5538">
     <span class='ocr_line' id='line_1_107' title="bbox 356 5467 1936 5538; baseline -0.001 -16"><span class='ocrx_word' id='word_1_778' title='bbox 356 5469 603 5534; x_wconf 90' lang='lat' dir='ltr'><strong>dentem,</strong></span> <span class='ocrx_word' id='word_1_779' title='bbox 662 5469 718 5522; x_wconf 91' lang='lat' dir='ltr'>in</span> <span class='ocrx_word' id='word_1_780' title='bbox 768 5469 987 5523; x_wconf 86' lang='lat' dir='ltr'><strong>vincula</strong></span> <span class='ocrx_word' id='word_1_781' title='bbox 1040 5469 1305 5538; x_wconf 89' lang='lat' dir='ltr'><strong>conjecit,</strong></span> <span class='ocrx_word' id='word_1_782' title='bbox 1355 5467 1688 5538; x_wconf 78' lang='lat' dir='ltr'><strong>Antigonum</strong></span> <span class='ocrx_word' id='word_1_783' title='bbox 1753 5474 1936 5521; x_wconf 85' lang='lat' dir='ltr'><strong>autem</strong></span> 
     </span>
    </p>
   </div>
   <div class='ocr_carea' id='block_1_108' title="bbox 354 5560 1936 5632">
    <p class='ocr_par' dir='ltr' id='par_1_108' title="bbox 354 5560 1936 5632">
     <span class='ocr_line' id='line_1_108' title="bbox 354 5560 1936 5632; baseline 0.003 -19"><span class='ocrx_word' id='word_1_784' title='bbox 354 5570 514 5614; x_wconf 70' lang='lat' dir='ltr'><strong>aetate</strong></span> <span class='ocrx_word' id='word_1_785' title='bbox 542 5562 647 5615; x_wconf 88' lang='lat' dir='ltr'><strong>sibi</strong></span> <span class='ocrx_word' id='word_1_786' title='bbox 682 5563 994 5632; x_wconf 77' lang='lat' dir='ltr'><strong>proximum</strong></span> <span class='ocrx_word' id='word_1_787' title='bbox 1019 5561 1232 5627; x_wconf 83' lang='lat' dir='ltr'><strong>dilexit,</strong></span> <span class='ocrx_word' id='word_1_788' title='bbox 1267 5561 1381 5630; x_wconf 88' lang='lat' dir='ltr'><strong>pari</strong></span> <span class='ocrx_word' id='word_1_789' title='bbox 1420 5561 1630 5615; x_wconf 89' lang='lat' dir='ltr'><strong>honore</strong></span> <span class='ocrx_word' id='word_1_790' title='bbox 1657 5560 1936 5629; x_wconf 83' lang='lat' dir='ltr'><strong>dignatus.</strong></span> 
     </span>
    </p>
   </div>
   <div class='ocr_carea' id='block_1_109' title="bbox 357 5651 1937 5722">
    <p class='ocr_par' dir='ltr' id='par_1_109' title="bbox 357 5651 1937 5722">
     <span class='ocr_line' id='line_1_109' title="bbox 357 5651 1937 5722; baseline 0.001 -20"><span class='ocrx_word' id='word_1_791' title='bbox 357 5651 600 5705; x_wconf 84' lang='lat' dir='ltr'><strong>Tandem</strong></span> <span class='ocrx_word' id='word_1_792' title='bbox 629 5665 855 5708; x_wconf 84' lang='lat' dir='ltr'><strong>matrem</strong></span> <span class='ocrx_word' id='word_1_793' title='bbox 887 5653 1028 5707; x_wconf 88' lang='lat' dir='ltr'><strong>fame</strong></span> <span class='ocrx_word' id='word_1_794' title='bbox 1062 5651 1302 5706; x_wconf 86' lang='lat' dir='ltr'><strong>necavit.</strong></span> <span class='ocrx_word' id='word_1_795' title='bbox 1336 5651 1556 5722; x_wconf 84' lang='lat' dir='ltr'><strong>Adjecit</strong></span> <span class='ocrx_word' id='word_1_796' title='bbox 1585 5659 1644 5705; x_wconf 89' lang='lat' dir='ltr'>et</span> <span class='ocrx_word' id='word_1_797' title='bbox 1677 5651 1937 5720; x_wconf 76' lang='lat' dir='ltr'><strong>Antigoni</strong></span> 
     </span>
    </p>
   </div>
   <div class='ocr_carea' id='block_1_110' title="bbox 357 5743 1937 5820">
    <p class='ocr_par' dir='ltr' id='par_1_110' title="bbox 357 5743 1937 5820">
     <span class='ocr_line' id='line_1_110' title="bbox 357 5743 1937 5820; baseline 0.004 -25"><span class='ocrx_word' id='word_1_798' title='bbox 357 5743 586 5810; x_wconf 59' lang='lat' dir='ltr'><strong>eadem,</strong></span> <span class='ocrx_word' id='word_1_799' title='bbox 628 5746 918 5802; x_wconf 82' lang='lat' dir='ltr'><strong>calumniis</strong></span> <span class='ocrx_word' id='word_1_800' title='bbox 960 5745 1252 5818; x_wconf 83' lang='lat' dir='ltr'><strong>impulsus.</strong></span> <span class='ocrx_word' id='word_1_801' title='bbox 1283 5745 1420 5803; x_wconf 82' lang='lat' dir='ltr'><strong>Nam</strong></span> <span class='ocrx_word' id='word_1_802' title='bbox 1451 5760 1578 5801; x_wconf 87' lang='lat' dir='ltr'>cum</span> <span class='ocrx_word' id='word_1_803' title='bbox 1603 5745 1725 5820; x_wconf 78' lang='lat' dir='ltr'><strong>his,</strong></span> <span class='ocrx_word' id='word_1_804' title='bbox 1761 5759 1937 5817; x_wconf 62' lang='lat' dir='ltr'><strong>agro-</strong></span> 
     </span>
    </p>
   </div>
   <div class='ocr_carea' id='block_1_111' title="bbox 2040 5281 3635 5354">
    <p class='ocr_par' dir='ltr' id='par_1_111' title="bbox 2040 5281 3635 5354">
     <span class='ocr_line' id='line_1_111' title="bbox 2040 5281 3635 5354; baseline 0.004 -20"><span class='ocrx_word' id='word_1_805' title='bbox 2040 5281 2370 5354; x_wconf 76' lang='grc' dir='ltr'>τετρακόσια</span> <span class='ocrx_word' id='word_1_806' title='bbox 2402 5281 2496 5353; x_wconf 82' lang='grc' dir='ltr'>έτη</span> <span class='ocrx_word' id='word_1_807' title='bbox 2531 5283 2628 5335; x_wconf 73' lang='grc' dir='ltr'>καὶ</span> <span class='ocrx_word' id='word_1_808' title='bbox 2665 5281 2998 5353; x_wconf 84' lang='grc' dir='ltr'>ὀγδοήκοντα</span> <span class='ocrx_word' id='word_1_809' title='bbox 3046 5286 3185 5354; x_wconf 81' lang='grc' dir='ltr'>πρὸς</span> <span class='ocrx_word' id='word_1_810' title='bbox 3217 5286 3319 5349; x_wconf 80' lang='grc' dir='ltr'>ἑνὶ,</span> <span class='ocrx_word' id='word_1_811' title='bbox 3351 5287 3544 5352; x_wconf 79' lang='grc' dir='ltr'>ὲξότου</span> <span class='ocrx_word' id='word_1_812' title='bbox 3571 5291 3635 5340; x_wconf 81' lang='grc' dir='ltr'>ὲκ</span> 
     </span>
    </p>
   </div>
   <div class='ocr_carea' id='block_1_112' title="bbox 2049 5373 3634 5448">
    <p class='ocr_par' dir='ltr' id='par_1_112' title="bbox 2049 5373 3634 5448">
     <span class='ocr_line' id='line_1_112' title="bbox 2049 5373 3634 5448; baseline 0.004 -20"><span class='ocrx_word' id='word_1_813' title='bbox 2049 5373 2370 5437; x_wconf 81' lang='grc' dir='ltr'>Βαϐυλῶνος</span> <span class='ocrx_word' id='word_1_814' title='bbox 2395 5377 2423 5428; x_wconf 84' lang='grc' dir='ltr'>ό</span> <span class='ocrx_word' id='word_1_815' title='bbox 2451 5375 2576 5438; x_wconf 80' lang='grc' dir='ltr'>λαὸς</span> <span class='ocrx_word' id='word_1_816' title='bbox 2600 5376 2677 5438; x_wconf 90' lang='grc' dir='ltr'>εἰς</span> <span class='ocrx_word' id='word_1_817' title='bbox 2713 5375 3073 5448; x_wconf 81' lang='grc' dir='ltr'>Ἰερουσαλὴμ</span> <span class='ocrx_word' id='word_1_818' title='bbox 3098 5378 3428 5447; x_wconf 74' lang='grc' dir='ltr'>ἐπανῆλθεν.</span> <span class='ocrx_word' id='word_1_819' title='bbox 3465 5381 3634 5442; x_wconf 78' lang='grc' dir='ltr'>Οὗτος</span> 
     </span>
    </p>
   </div>
   <div class='ocr_carea' id='block_1_113' title="bbox 2046 5467 3635 5542">
    <p class='ocr_par' dir='ltr' id='par_1_113' title="bbox 2046 5467 3635 5542">
     <span class='ocr_line' id='line_1_113' title="bbox 2046 5467 3635 5542; baseline 0.004 -22"><span class='ocrx_word' id='word_1_820' title='bbox 2046 5468 2174 5532; x_wconf 79' lang='grc' dir='ltr'>τοὺς</span> <span class='ocrx_word' id='word_1_821' title='bbox 2210 5469 2310 5537; x_wconf 75' lang='grc' dir='ltr'>μὲν</span> <span class='ocrx_word' id='word_1_822' title='bbox 2343 5467 2536 5530; x_wconf 76' lang='grc' dir='ltr'>ἄλλους</span> <span class='ocrx_word' id='word_1_823' title='bbox 2560 5467 2670 5521; x_wconf 87' lang='grc' dir='ltr'>τῶν</span> <span class='ocrx_word' id='word_1_824' title='bbox 2696 5467 2966 5536; x_wconf 83' lang='grc' dir='ltr'>ἀδελφῶν,</span> <span class='ocrx_word' id='word_1_825' title='bbox 3001 5472 3096 5523; x_wconf 72' lang='grc' dir='ltr'>καὶ</span> <span class='ocrx_word' id='word_1_826' title='bbox 3119 5471 3218 5541; x_wconf 74' lang='grc' dir='ltr'>τὴν</span> <span class='ocrx_word' id='word_1_827' title='bbox 3257 5473 3477 5542; x_wconf 85' lang='grc' dir='ltr'>μητέρα</span> <span class='ocrx_word' id='word_1_828' title='bbox 3511 5473 3635 5542; x_wconf 82' lang='grc' dir='ltr'>περὶ</span> 
     </span>
    </p>
   </div>
   <div class='ocr_carea' id='block_1_114' title="bbox 2047 5561 3631 5634">
    <p class='ocr_par' dir='ltr' id='par_1_114' title="bbox 2047 5561 3631 5634">
     <span class='ocr_line' id='line_1_114' title="bbox 2047 5561 3631 5634; baseline 0.004 -21"><span class='ocrx_word' id='word_1_829' title='bbox 2047 5562 2145 5631; x_wconf 84' lang='grc' dir='ltr'>τῆς</span> <span class='ocrx_word' id='word_1_830' title='bbox 2167 5562 2344 5632; x_wconf 81' lang='grc' dir='ltr'>ἀρχῆς</span> <span class='ocrx_word' id='word_1_831' title='bbox 2373 5561 2523 5632; x_wconf 82' lang='grc' dir='ltr'>αὒτῷ</span> <span class='ocrx_word' id='word_1_832' title='bbox 2549 5561 2940 5631; x_wconf 87' lang='grc' dir='ltr'>διενεχθεῖσαν,</span> <span class='ocrx_word' id='word_1_833' title='bbox 2967 5563 3218 5634; x_wconf 81' lang='grc' dir='ltr'>καθεῖρξε</span> <span class='ocrx_word' id='word_1_834' title='bbox 3244 5579 3262 5598; x_wconf 77' lang='grc' dir='ltr'><strong>ο</strong></span> <span class='ocrx_word' id='word_1_835' title='bbox 3297 5565 3392 5617; x_wconf 79' lang='grc' dir='ltr'>τὸν</span> <span class='ocrx_word' id='word_1_836' title='bbox 3419 5566 3475 5619; x_wconf 78' lang='grc' dir='ltr'>δὲ</span> <span class='ocrx_word' id='word_1_837' title='bbox 3517 5565 3631 5634; x_wconf 82' lang='grc' dir='ltr'>μετ’</span> 
     </span>
    </p>
   </div>
   <div class='ocr_carea' id='block_1_115' title="bbox 2047 5653 3634 5727">
    <p class='ocr_par' dir='ltr' id='par_1_115' title="bbox 2047 5653 3634 5727">
     <span class='ocr_line' id='line_1_115' title="bbox 2047 5653 3634 5727; baseline 0.001 -20"><span class='ocrx_word' id='word_1_838' title='bbox 2047 5655 2211 5707; x_wconf 77' lang='grc' dir='ltr'>αὑτὸν</span> <span class='ocrx_word' id='word_1_839' title='bbox 2236 5653 2546 5722; x_wconf 81' lang='grc' dir='ltr'>’Δντίγονον</span> <span class='ocrx_word' id='word_1_840' title='bbox 2575 5653 2792 5722; x_wconf 79' lang='grc' dir='ltr'>ἠγάπα,</span> <span class='ocrx_word' id='word_1_841' title='bbox 2821 5653 2919 5707; x_wconf 82' lang='grc' dir='ltr'>καὶ</span> <span class='ocrx_word' id='word_1_842' title='bbox 2952 5653 3061 5708; x_wconf 93' lang='grc' dir='ltr'>τῶν</span> <span class='ocrx_word' id='word_1_843' title='bbox 3087 5654 3491 5727; x_wconf 79' lang='grc' dir='ltr'>ὀμοίων.ὴξίου.</span> <span class='ocrx_word' id='word_1_844' title='bbox 3522 5658 3634 5726; x_wconf 80' lang='grc' dir='ltr'>Τὴν</span> 
     </span>
    </p>
   </div>
   <div class='ocr_carea' id='block_1_116' title="bbox 2052 5745 3626 5820">
    <p class='ocr_par' dir='ltr' id='par_1_116' title="bbox 2052 5745 3626 5820">
     <span class='ocr_line' id='line_1_116' title="bbox 2052 5745 3626 5820; baseline 0 -20"><span class='ocrx_word' id='word_1_845' title='bbox 2052 5747 2152 5818; x_wconf 81' lang='grc' dir='ltr'>μὲν</span> <span class='ocrx_word' id='word_1_846' title='bbox 2182 5745 2275 5804; x_wconf 80' lang='grc' dir='ltr'>οὖν</span> <span class='ocrx_word' id='word_1_847' title='bbox 2308 5748 2527 5820; x_wconf 85' lang='grc' dir='ltr'>μητέρα</span> <span class='ocrx_word' id='word_1_848' title='bbox 2568 5745 2716 5819; x_wconf 88' lang='grc' dir='ltr'>λιμῷ</span> <span class='ocrx_word' id='word_1_849' title='bbox 2750 5745 3050 5819; x_wconf 81' lang='grc' dir='ltr'>διέφθειρε.</span> <span class='ocrx_word' id='word_1_850' title='bbox 3084 5749 3394 5819; x_wconf 79' lang='grc' dir='ltr'>Προσέθετο</span> <span class='ocrx_word' id='word_1_851' title='bbox 3428 5750 3487 5805; x_wconf 84' lang='grc' dir='ltr'>δὲ</span> <span class='ocrx_word' id='word_1_852' title='bbox 3539 5750 3626 5804; x_wconf 73' lang='grc' dir='ltr'>καὶ</span> 
     </span>
    </p>
   </div>
  </div>
