3868 6198
215 233 330 297 313

1493 232 1899 296 ANNALIUM
1944 232 2091 293 LIB.
2138 235 2210 294 V.
3371 243 3482 306 39$

210 348 312 401 τὸν
359 345 588 417 ἀδελφὸν
637 346 731 400 τὸν
781 348 1110 417 ’Δντίγονον,
1158 346 1431 412 διαϐολαῖς
1476 345 1797 407 πιστεύσας.

1908 351 2057 398 tante
2102 343 2445 411 Aristobulo,
2478 346 2655 401 victor
2696 345 2767 400 ab
2800 348 3151 418 expeditione
3204 367 3479 419 reversus,

212 434 508 505 Λαμπρῶς
557 435 669 505 γάρ
709 435 878 491 αὑτοῦ
910 437 1019 491 ἀπὸ
1055 437 1346 507 στρατείας
1385 436 1801 500 ἐπανελθόντος,

213 526 397 580 ἐνόσει
420 529 450 581 ὁ
481 526 924 599 Ἀριστόϐουλος.
967 530 1400 602 Ἐορταζομένης
1431 529 1488 582 δὲ
1523 529 1622 599 τῆς
1662 528 1807 599 Σκη-

210 620 510 688 νοττηγίας,
543 618 714 690 ἀνέϐη
745 621 827 684 είς
857 622 918 675 τὸ
968 621 1114 692 ίερὸν
1143 623 1172 677 6
1202 619 1507 689 Ἀντίγονος
1536 619 1675 691 μετὰ
1696 620 1807 673 τῶν

211 710 353 780 περὶ
384 710 551 766 αὐτὸν
581 712 840 776 ὁπλιτῶν,
875 711 1296 784 κεκοσμημένος
1326 711 1615 783 λαμπρῶς.
1652 711 1717 764 υἱ
1749 710 1808 765 δὲ

213 800 412 856 τοῦτον
438 804 574 873 πρὸς
596 806 691 859 τὸν
715 804 945 875 ἀδελφόν
971 805 1380 870 διαϐάλλοντες,
1409 805 1486 876 μὴ
1509 804 1631 858 κατ’
1664 802 1809 857 ἰδιώ-

211 911 321 965 την
361 896 528 950 αὐτὸν
573 897 764 966 ελεγον
793 897 970 953 ἐλθεῖν
999 899 1078 962 είς
1107 898 1206 970 τὴν
1236 896 1453 969 ἑορτὴν,
1482 896 1623 950 ἀλλά
1648 893 1808 961 βασι·
1833 946 1862 976 .

211 987 345 1060 λικῇ
370 991 715 1059 κεχρημένον
738 990 1090 1062 λαμπρότητι
1109 1008 1122 1022 ’
1145 992 1240 1044 καὶ
1264 992 1347 1044 ὅτι
1373 990 1515 1060 μετά
1535 991 1807 1057 τοσαύτης

204 1079 549 1155 δορυφορίας
585 1083 940 1153 στρατιωτῶν
987 1083 1268 1147 ἀνελθὼν,
1324 1082 1642 1153 βουλεύεται
1687 1085 1806 1136 κατ’

206 1175 411 1229 αὐτοῦ.
450 1176 869 1246 Ἀριστόϐουλος
890 1177 970 1240 δὲ,
1013 1176 1106 1230 καὶ
1139 1177 1238 1248 τῆς
1266 1177 1471 1241 οἰκείας
1501 1176 1807 1245 ἀσφαλείας

206 1267 545 1336 φροντίζων,
586 1268 809 1322 καὶτοῦ
856 1268 1089 1338 ἀδελφοῦ
1134 1268 1405 1342 προνοῶν,
1454 1267 1511 1320 ἕν
1558 1284 1663 1320 τινι
1697 1267 1806 1318 τῶν

206 1357 493 1424 ὑπογείων
539 1359 777 1428 ἀφεγγεί
832 1360 959 1422 τοὺς
1025 1357 1506 1426 σωματοφύλακας
1566 1357 1804 1417 ἵστησιν,

204 1449 601 1519 ἐντειλάμενος
649 1450 858 1504 ἀόπλου
919 1450 1019 1523 μὲν
1062 1451 1160 1504 τοῦ
1205 1452 1441 1520 ἀδελφοῦ
1500 1451 1803 1521 φείδεσθαι,

205 1543 452 1595 κτείνειν
483 1544 542 1596 δὲ
576 1545 743 1597 αὑτὸν
768 1545 912 1614 μετά
941 1544 1051 1598 τῶν
1075 1545 1259 1599 ὅπλων
1301 1545 1621 1615 ἐρχόμενον.
1658 1545 1807 1614 Πέμ-

1910 433 2413 490 'l‘abernaculorum
2462 435 2603 492 festo
2637 437 2925 508 magniﬁce
2954 451 3184 496 ornatus
3213 458 3339 499 eum
3368 448 3485 502 suis

1908 527 2241 583 satellitibus
2266 529 2320 583 in
2356 530 2623 600 templum
2662 530 3003 589 ascendisset
3034 552 3047 585 :
3079 533 3132 588 id
3161 534 3366 591 factum
3397 558 3484 594 ca-

1908 621 2270 679 lumniatorcs
2318 622 2394 678 ita
2439 622 2968 693 interpretabantur,
3008 640 3136 680 eum
3179 626 3246 681 ad
3280 628 3482 685 festum

1909 730 2021 768 non
2074 730 2226 769 inore
2270 714 2489 785 plebeio
2538 716 2772 780 venisse,
2833 716 2930 771 sed
2989 718 3139 788 regio
3189 718 3485 789 splendore

1911 822 2072 861 usum
2103 822 2247 872 esse,
2279 815 2335 862 et
2357 808 2486 878 quia
2512 823 2638 862 cum
2666 816 2815 863 tanta
2838 808 3076 864 militum
3105 827 3267 866 manu
3298 828 3488 869 ascen-

1909 897 2073 962 derit,
2108 899 2337 955 consilia
2377 910 2568 955 contra
2606 917 2788 973 regem
2827 902 3059 972 agitare.
3103 892 3482 971 Aristobulus,

1910 992 2003 1061 qui
2035 1000 2091 1045 et
2119 1007 2235 1047 sua:
2264 992 2550 1048 securitati
2579 1002 2636 1047 et
2678 991 2869 1048 fratris
2920 995 3231 1067 rationibus
3263 1002 3487 1056 consul—

1912 1092 2026 1137 tum
2075 1083 2262 1149 vellet,
2315 1084 2649 1139 satellitibus
2688 1086 2829 1148 suis,
2880 1084 2933 1141 in
2967 1088 3205 1158 quodam
3245 1090 3488 1148 obscuro

1909 1174 2275 1229 subterraneo
2333 1175 2454 1229 loco
2505 1177 2860 1242 constitutis,
2918 1180 3160 1244 mandat,
3214 1192 3274 1237 ιιι
3332 1182 3486 1239 fratri

1912 1266 2102 1321 inermi
2153 1274 2404 1336 parcant,
2464 1277 2736 1323 armatum
2782 1270 3053 1326 occidant.
3108 1272 3273 1328 Mittit
3329 1284 3386 1330 et
3419 1276 3488 1331 ad

1909 1356 2268 1427 Antigonum,
2314 1372 2550 1427 cumque
2596 1358 2865 1413 inermem
2920 1362 3107 1417 venire
3150 1364 3332 1435 jubet.
3381 1364 3489 1421 Sed

1909 1452 2030 1523 ejus
2059 1466 2218 1512 uxor,
2251 1461 2307 1506 ct
2338 1452 2434 1520 qui
2472 1466 2596 1505 cum
2629 1467 2694 1506 ea
2726 1463 2919 1507 contra
2979 1454 3317 1526 Antigonum
3353 1475 3487 1513 con-

1910 1545 2207 1614 spirarant,
2254 1544 2451 1598 nuntio
2476 1559 2879 1614 persuaserunt
2900 1558 2954 1603 ut
2976 1548 3208 1616 diceret,
3238 1551 3487 1620 fratrem,

206 1652 302 1686 πει
324 1635 385 1687 δὲ
412 1634 511 1689 καὶ
533 1637 672 1707 πρὸς
696 1638 789 1690 τὸν
808 1638 1138 1707 Ἀντίγονον,
1163 1638 1361 1691 ἄοπλον
1384 1638 1548 1691 αὑτὸν
1570 1637 1803 1692 κελεύων

1911 1638 2057 1708 quod
2089 1637 2331 1692 audierit
2378 1653 2505 1693 eum
2557 1655 2699 1693 nova
2745 1656 2898 1694 arma
2932 1657 3176 1712 parasse,
3214 1654 3398 1715 petere
3432 1658 3493 1703 ut

201 1726 394 1795 ἣκειν.
446 1727 512 1782 'll
541 1729 603 1782 δὲ
628 1730 724 1784 τοῦ
761 1730 1179 1803 Ἀριστοϐούλου
1232 1731 1368 1802 γυνὴ
1405 1730 1498 1785 καὶ
1538 1731 1588 1784 οί
1629 1730 1801 1803 ταύτῃ

203 1821 660 1891 συμφρονοῦντες
711 1823 856 1877 κατά
907 1822 1002 1876 τοῦ
1049 1823 1383 1891 ’Λντιγόνου,
1431 1823 1662 1877 ἔπεισαν
1711 1825 1802 1877 τὸν

204 1914 486 1969 σταλέντα
513 1914 697 1983 λέγειν
744 1915 824 1987 τῷ
852 1915 1167 1988 Ἀντιγόνῳ.
1194 1917 1268 1979 ὡς
1296 1916 1563 1981 Ἀκούσας
1588 1920 1616 1971 ὀ
1644 1917 1804 1971 ἀδελ-

206 2009 306 2075 φός
334 2024 459 2069 σου,
487 2009 570 2059 ὅτι
603 2008 744 2061 ὅπλα
775 2006 940 2061 καινά
980 2008 1418 2074 κατεσκεύασας,
1467 2010 1606 2075 ἀξιοῖ
1629 2009 1801 2062 ὠπλι-

204 2101 411 2169 σμένον
452 2099 634 2153 ἐλθεῖν
674 2118 758 2164 σε,
792 2101 857 2154 ἵν’
889 2101 989 2156 ἴδοι
1034 2102 1196 2157 αὑτά.
1229 2102 1289 2156 '0
1331 2103 1410 2169 δὲ,
1455 2103 1624 2174 μηδὲν
1668 2104 1803 2157 ὑπο-

203 2190 479 2255 πτεύσας,
526 2192 880 2263 ἐνδεδυμένος
930 2195 1031 2266 τὴν
1069 2195 1403 2261 πανοπλίαν,
1449 2197 1639 2268 ἀπῄει.
1692 2198 1802 2251 Καὶ

202 2285 505 2355 γενόμενος
561 2287 705 2340 κατά
759 2287 853 2341 τὸν
913 2287 1233 2360 Στράτωνος
1292 2291 1525 2363 πύργον,
1575 2291 1711 2344 ὅπου
1772 2291 1802 2341 ὁ

199 2378 369 2441 τύπος
395 2376 712 2447 ἀφώτιστος
734 2376 826 2453 ἦν,
856 2380 1128 2437 κτείνεται
1162 2383 1315 2456 παρά
1336 2383 1445 2437 τῶν
1473 2399 1802 2454 σωματοφυ-

201 2469 412 2525 λάκων.
446 2470 653 2536 Ἰούδας
680 2473 737 2526 δέ
765 2490 849 2537 τις
881 2474 1134 2538 Ἐσσαῖος
1169 2475 1231 2529 τὸ
1257 2476 1432 2545 γένος,
1472 2476 1644 2531 πολλὰ
1669 2495 1803 2547 προ-

200 2562 379 2630 λέγων
440 2564 541 2618 καὶ
599 2564 922 2633 ἀληθεύων,
987 2564 1112 2621 ίδὼν
1163 2568 1286 2620 τότε
1342 2568 1434 2621 τὸν
1496 2568 1801 2637 Ἀντίγονον

202 2658 483 2726 παριόντα
527 2655 592 2709 τὸ
627 2657 796 2726 ἱερὸν,
849 2656 1174 2729 ἀνεϐόησεν,
1221 2658 1520 2713 ἀποθανεῖν
1572 2661 1802 2731 ἐπευχό-

204 2763 391 2817 μενος,
421 2748 504 2810 ὡς
547 2745 939 2819 διεψευσμένος
970 2765 982 2777 ·
1014 2751 1246 2821 προεῖπε
1272 2751 1380 2820 γὰρ
1405 2749 1567 2804 αύτὶν
1598 2750 1800 2816 ζῶντος

200 2839 298 2892 τοῦ
332 2842 659 2908 Ἀντιγόνου
718 2842 841 2897 κατ’
892 2842 1110 2914 ἐκείνην
1165 2842 1498 2914 θανούμενον
1533 2844 1634 2915 τὴν
1665 2844 1803 2915 img-

205 2950 305 3004 ραν
334 2934 396 2987 ιν
438 2934 521 3004 τῷ
575 2935 890 3006 Στράτωνος
936 2935 1133 3009 πύργῳ
1164 2954 1180 2969 ο
1210 2937 1302 2990 τὸν
1333 2937 1390 2991 δὲ
1418 2937 1667 3000 σταδίους
1694 2939 1800 2990 ἀπ-

1907 1740 2157 1785 armatus
2197 1745 2256 1785 se
2288 1730 2653 1801 spectandum
2693 1731 2795 1802 ipsi
2824 1733 3087 1803 prmbeat.
3128 1735 3196 1790 At
3227 1736 3316 1792 ille
3353 1738 3489 1793 nihil

1908 1827 2036 1881 mali
2079 1826 2390 1895 suspicans,
2427 1826 2741 1895 panopliam
2780 1825 3006 1882 indutus
3045 1827 3160 1881 abit
3189 1844 3206 1883 :
3239 1838 3295 1883 et
3326 1830 3493 1902 219

1904 1936 2033 1977 cum
2080 1919 2149 1974 ad
2197 1918 2477 1989 Stratonis
2523 1919 2721 1974 turrim
2761 1920 3026 1984 venisset,
3084 1920 3176 1976 ubi
3220 1922 3491 1980 obscurus

1907 2015 1997 2070 ille
2017 2015 2174 2070 locus
2204 2023 2345 2079 erat,
2397 2028 2427 2067 a
2474 2013 2813 2069 satellitibus
2842 2013 3139 2069 occiditur.
3163 2015 3335 2071 Judas
3360 2036 3492 2073 vero

1905 2106 2129 2177 quidam
2165 2104 2400 2170 Essaeus,
2428 2104 2600 2159 multa
2627 2120 2757 2160 vere
2797 2105 3092 2175 prtedicere
3115 2107 3336 2171 solitus,
3363 2124 3488 2164 cum

1906 2200 2242 2270 Antigonum
2278 2198 2546 2268 templum
2579 2197 2864 2268 praeterire
2897 2208 3011 2254 tum
3038 2199 3274 2267 videret,
3309 2202 3492 2259 excla«

1907 2294 2098 2358 ntavit,
2131 2300 2363 2347 mortem
2395 2291 2502 2346 sibi
2530 2292 2633 2361 ipsi
2666 2290 3021 2361 imprecatus,
3050 2293 3198 2364 quod
3222 2294 3315 2349 ille
3347 2293 3491 2349 vive-

1907 2396 2030 2450 ret,
2074 2400 2237 2456 quem
2276 2400 2350 2440 eo
2388 2384 2479 2439 die
2528 2385 2580 2437 in
2635 2382 2914 2441 Stratonis
2968 2386 3107 2440 turri
3157 2386 3489 2444 moriturum

1902 2473 2042 2529 falso
2080 2474 2313 2528 dixisset
2346 2491 2358 2526 :
2393 2487 2515 2542 quae
2542 2487 2668 2526 cum
2708 2474 2985 2531 sexcentis
3018 2475 3213 2531 stadiis
3243 2476 3486 2541 abesset,

1905 2583 2017 2623 non
2070 2581 2231 2636 posse
2280 2565 2655 2636 Antigonum,
2701 2564 2790 2620 die
2824 2567 2935 2635 jam
2996 2566 3323 2634 inclinante,
3359 2569 3491 2624 illuc

1907 2660 2216 2731 pervenire.
2252 2658 2384 2725 Qua:
2413 2657 2544 2712 dum
2576 2657 2748 2712 ludas
2779 2657 3012 2722 diceret,
3056 2661 3344 2716 nuntiatur
3375 2662 3491 2716 Ati-

1907 2755 2129 2825 tigonus
2160 2752 2215 2806 in
2255 2752 2350 2807 illo
2379 2766 2570 2820 specu,
2606 2750 2700 2821 qui
2751 2760 2804 2805 et
2844 2750 2983 2820 ipse,
3024 2753 3490 2821 quemadmodum

1906 2846 2183 2901 maritima
2225 2845 2498 2908 Caesarea,
2526 2843 2804 2900 Stratonis
2838 2844 3011 2899 turris
3047 2845 3370 2912 vocabatur,
3408 2847 3493 2902 iii-

1909 2939 2195 2995 terfectus.
2244 2938 2324 2993 Eo
2377 2938 2444 2991 ad
2484 2937 2633 2992 hunc
2688 2936 2911 2991 modum
2957 2937 3195 3002 sublato,
3245 2939 3491 2997 vindicta

202 3028 350 3096 ἐχειν
372 3025 724 3093 ἑξακοσίους,
761 3027 837 3092 ὡς
870 3027 1134 3082 ἀδύνατον
1169 3023 1311 3082 εἶναι
1344 3029 1434 3083 τὸν
1492 3028 1801 3098 ’Λντίγονον

1908 3034 2093 3091 statim
2126 3032 2387 3088 fraternae
2418 3030 2584 3087 Caedis
2617 3044 2809 3101 pinnas
2841 3030 3022 3102 exegit
3048 3030 3118 3085 ab
3145 3028 3489 3089 Aristobulo.

203 3122 323 3173 ἐκεῖ
348 3120 712 3193 γενήσεσθαι,
745 3123 845 3193 ἤδη
893 3123 989 3193 τῆς
1020 3122 1231 3192 ἡμέρας
1269 3122 1576 3196 κλινούτης.
1608 3123 1797 3178 Ταῦτα

202 3214 461 3285 λέγοντος
492 3214 592 3269 τοῦ
625 3215 824 3281 Ἰούδα,
852 3216 1180 3285 ἀγγέλλεται
1209 3216 1460 3281 κτανθεὶς
1489 3216 1799 3287 Ἀντίγονος

203 3312 261 3362 ἑν
312 3309 396 3380 τῷ
448 3308 721 3379 ὑπογείῳ,
780 3308 809 3362 δ
839 3309 933 3363 καὶ
958 3309 1092 3363 αὐτὸ
1138 3310 1452 3381 Στράτωνος
1511 3311 1799 3381 ὼνόμαστο

203 3401 418 3475 πύργος
448 3402 765 3474 ὁμωνύμως
794 3407 865 3475 τῇ
903 3403 1161 3476 παραλίῳ
1205 3404 1536 3475 Καισαρείᾳ.
1571 3404 1663 3474 Τῷ
1698 3403 1799 3474 μὲν

204 3495 297 3553 οὖν
324 3501 631 3569 Ἀντιγόνῳ
662 3498 873 3553 τοιοῦτο
899 3501 1092 3569 γέγονε
1122 3500 1275 3563 τέλος
1297 3516 1311 3530 ·
1344 3499 1437 3553 τὸν
1459 3499 1516 3551 δὲ
1550 3500 1798 3569 Ἀριστόο

206 3590 398 3646 ϐουλον
456 3592 624 3655 εὐθὺς
681 3592 877 3664 ήδὶκη
929 3592 1167 3662 μετῆλθε
1200 3594 1300 3663 τῆς
1352 3591 1794 3661 ἀδελφοκτονίας,

207 3687 302 3742 καὶ
322 3685 749 3757 διαφθαρέντων
775 3686 928 3757 αύτῷ
960 3689 1069 3740 τῶν
1101 3687 1277 3751 ἐντὸς,
1329 3682 1471 3757 αἷμα
1510 3686 1799 3758 ἀνέφερεν,

206 3780 237 3833 ὃ
255 3796 341 3845 τις
363 3781 485 3835 τῶν
509 3780 713 3851 ἐκείνῳ
750 3779 1181 3852 ὑπηρετούντων
1206 3779 1543 3849 ὲκκομίζων,
1570 3779 1801 3835 ὤλισθεν

1903 3129 2040 3184 Nam
2071 3143 2197 3183 cum
2243 3142 2309 3181 ex
2347 3125 2626 3182 intestinis
2659 3125 2942 3196 corruptis
2983 3125 3306 3197 sanguinein
3349 3130 3493 3201 reje-

1912 3222 2107 3284 cisset,
2142 3235 2268 3275 eum
2302 3218 2557 3273 minister
2581 3216 2845 3281 efferens,
2879 3216 2932 3271 in
2959 3231 3026 3272 eo
3053 3217 3172 3272 loco
3208 3217 3303 3274 ubi
3336 3217 3493 3273 Atili-

1903 3329 2083 3383 gonus
2105 3327 2280 3368 caesus
2308 3320 2450 3375 erat,
2477 3324 2677 3365 cruore
2715 3309 2898 3366 adhuc
2942 3325 3266 3380 conspezso,
3301 3311 3493 3381 lapsus

1902 3405 2121 3469 etl'udit,
2159 3415 2216 3458 ut
2243 3419 2369 3458 cum
2400 3402 2495 3456 illo
2524 3400 2872 3457 misceretur.
2899 3402 3020 3469 Quo
3046 3402 3399 3458 Aristobuius
3424 3417 3492 3457 ex

1901 3517 2096 3557 eorum
2115 3499 2210 3569 qui
2248 3498 2300 3552 id
2333 3497 2589 3551 viderant
2617 3497 2861 3552 clamore
2888 3498 3130 3568 cognito,
3158 3498 3490 3569 lacrymans.

1902 3605 2102 3664 praeter
2138 3591 2243 3646 alia
2291 3589 2424 3643 illud
2470 3605 2695 3659 quoque
2737 3588 2960 3655 eﬂ‘atus,
2994 3590 3163 3659 impia
3208 3606 3306 3645 sua
3347 3589 3492 3644 facta

1906 3689 2098 3758 utique
2141 3686 2314 3741 Deum
2366 3684 2542 3738 latere
2595 3698 2704 3736 non
2759 3683 3027 3752 potuisse,
3081 3681 3338 3748 moritur,
3365 3696 3493 3736 cum

1907 3796 2078 3836 unum
2116 3785 2401 3847 regnasset
2430 3790 2661 3829 annum.

205 3875 284 3937 είς
317 3873 417 3927 τὸν
467 3872 662 3940 τόπον,
718 3868 782 3929 οὗ
837 3874 866 3926 ὀ
922 3871 1227 3940 Ἀντίγονος
1282 3870 1522 3943 ἐσφάγη,
1580 3870 1662 3924 ἐτι
1707 3873 1804 3926 τοῦ
1874 3875 2108 3943 αἵματος
2154 3867 2369 3922 ἐκείνου
2414 3866 2609 3936 ἔχοντα
2658 3862 2904 3929 σπίλους,
2978 3864 3075 3917 καὶ
3142 3862 3382 3935 ἐξέχεεν,
3416 3866 3496 3925 ὡς

204 3967 587 4039 ἀναμεμίχθαι
615 3969 950 4039 ἀμφοτέρων
1000 3968 1070 4021 τα
1120 3968 1354 4037 αἵματα.
1406 3968 1713 4040 Γενομένης
1779 3967 1837 4023 δὲ
1881 3969 2010 4039 βοῆς
2033 3965 2187 4036 παρὰ
2217 3964 2329 4016 τῶν
2363 3962 2606 4022 ἰδόντων,
2642 3957 2832 4027 μαθὼν
2861 3958 2922 4012 τὸ
2960 3959 3178 4030 συμϐὰν
3246 3961 3496 4031 Ἀριστό-

204 4061 417 4126 ϐουλος,
451 4061 701 4132 οἰμώξας
753 4061 1004 4131 προήχθη
1044 4063 1125 4126 εἰς
1166 4063 1399 4135 δάκρυα,
1438 4064 1533 4117 καὶ
1593 4062 1710 4116 Οὐκ
1776 4063 1885 4132 ἄρα
1917 4062 2127 4133 λήσειν,
2160 4054 2340 4121 εἶπεν,
2390 4052 2617 4125 ἔμελλον
2642 4052 2733 4106 τὸν
2766 4051 2901 4106 Θεὸν
2928 4053 3014 4105 ἐπ’
3058 4053 3313 4107 ἀσεϐέσιν
3349 4053 3494 4110 οὕτω

206 4157 550 4229 τολμήμασι.
594 4156 708 4210 Καὶ
743 4157 882 4211 ἄλλα
909 4156 966 4210 δὲ
992 4155 1257 4222 ἐπειπὼν,
1296 4157 1659 4227 ἀποθνήσκει,
1704 4157 2031 4225 βασιλεύσας
2065 4152 2333 4207 ἐνιαυτόν.

274 4257 348 4309 Δ⁹.
381 4252 630 4322 Σαλώμη
658 4252 715 4305 δὲ
744 4253 777 4323 ἡ
809 4252 1025 4308 ἐκείνου
1073 4252 1235 4322 γυνὴ,
1269 4252 1304 4322 ἢ
1352 4254 1449 4305 καὶ
1474 4252 1806 4326 Ἀλεξάνδρα

206 4345 496 4417 ἐκέκλητο,
523 4344 738 4400 λύσασα
758 4346 883 4409 τοὺς
918 4344 1184 4412 ἀδελφοὺς
1216 4345 1313 4398 τοῦ
1337 4344 1532 4417 ἀνδρὸς
1563 4345 1807 4416 (δεδεμέ-

207 4455 328 4501 νους
382 4438 500 4509 γὰρ
563 4433 709 4508 εἶχεν
767 4438 968 4500 αὐτοὺς

212 4530 539 4600 καθίστησιν
561 4528 826 4595 Ἰαννέαν,
845 4530 939 4582 τὸν
965 4530 1060 4582 καὶ
1082 4527 1464 4600 Ἀλέξανδρον,
1487 4530 1798 4600 προύχοντα

210 4625 328 4678 καθ’
360 4623 612 4696 ἠλικίαν,
651 4621 751 4677 καὶ
789 4620 1184 4693 μετριώτατον.
1238 4623 1340 4685 Ὃς
1384 4622 1485 4693 τὴν
1520 4622 1803 4693 βασιλείαν

214 4716 577 4787 παραλαϐὼν,
606 4716 812 4769 κτείνει
850 4715 949 4785 μὲν
983 4713 1378 4785 νεωτερίζοντα
1416 4714 1513 4768 τὸν
1554 4714 1652 4768 ἕνα
1694 4716 1803 4770 τῶν

213 4811 462 4882 ἀδελφῶν
489 4826 506 4842 ·
534 4810 628 4863 τὸν
653 4809 702 4863 δ’
736 4807 927 4879 ἓτερον
974 4806 1356 4878 ἀπραγμόνως
1388 4808 1570 4872 ζῶντα
1615 4807 1799 4877 ἐτίμα.

218 4903 490 4975 “animo;
504 4901 565 4956 δέ
581 4918 739 4965 τινας
753 4901 1129 4971 ποιησάμενος
1145 4902 1281 4973 πρός
1299 4917 1475 4965 τινας,
1495 4899 1589 4953 καὶ
1608 4900 1686 4971 πῆ
1706 4900 1805 4967 μὲν

215 5001 522 5066 κρατήσας,
565 4991 683 5046 ἐστι
706 4991 753 5044 δ’
782 4992 920 5045 ὅπου
948 4993 1040 5044 καὶ
1061 4989 1337 5061 ἡττηθεὶς.
1362 4988 1517 5053 τέλος
1545 4988 1638 5043 καὶ
1668 4987 1806 5059 πρὸς

212 5089 333 5150 τοὺς
353 5084 667 5158 ὁμοφύλους
687 5079 824 5155 ἦρεν
845 5082 1012 5147 ὅπλα,
1044 5081 1165 5135 κατ’
1192 5080 1361 5136 αὑτοῦ
1380 5081 1800 5141 στασιάσαντας.

225 5178 450 5250 ἐορτῆς
471 5179 585 5249 γὰρ
616 5176 809 5247 οὔσης,
840 5173 1047 5229 καύτοῦ
1078 5174 1172 5226 ἰπὶ
1209 5172 1306 5227 τοῦ
1340 5172 1529 5243 βωμοῦ
1554 5169 1806 5239 ἀνελθόνο

213 5288 305 5336 τος
343 5273 419 5336 ὡς
470 5270 755 5337 θύσοντος,
784 5268 1200 5342 κιτρίοιςαύτὸν
1222 5268 1284 5320 τὸ
1323 5267 1528 5336 πλῆθος
1579 5263 1806 5319 ἔϐαλλον

218 5364 394 5435 (lucu;
418 5365 577 5428 δντος
603 5366 662 5418 ἒν
686 5366 755 5434 τῇ
783 5360 1140 5432 Σκηνοπηγίᾳ
1160 5359 1393 5431 θύρσους
1424 5357 1685 5428 φοινίκων
1712 5357 1807 5410 καὶ

217 5454 442 5527 κιτρίων
488 5459 550 5511 ιν
607 5458 795 5528 χεροῖν
840 5452 1033 5524 ἔχειν),
1064 5454 1159 5506 καὶ
1193 5451 1384 5522 ὕϐρεις
1411 5450 1579 5504 αὑτοῦ
1639 5449 1805 5503 xari-

218 5569 367 5623 χεον.
403 5545 507 5606 Οἷα
531 5545 900 5619 παροξυνθεὶς
935 5547 965 5598 ὁ
991 5544 1371 5615 Ἀλέξανδρος,
1424 5544 1629 5596 κτείνει
1676 5539 1806 5611 περὶ

223 5641 623 5714 ἑξαγασχιλὶους
676 5637 881 5693 αὐτῶν.
917 5632 1051 5691 Εἶτα
1113 5636 1362 5703 συνάψας
1428 5636 1609 5707 μάχην
1670 5638 1805 5706 πρδις

224 5736 490 5809 ολραϐας,
540 5737 636 5788 καὶ
690 5730 989 5804 ἡττηθεὶς,
1039 5729 1259 5799 φεύγων
1309 5732 1391 5792 εἰς
1454 5728 1805 5803 Ἱεροσόλυμα

540 5831 811 5893 Panos.
860 5826 976 5888 Gn.
1029 5823 1348 5885 CXXXW.

1974 4249 2063 4303 IV.
2129 4246 2346 4303 Salome
2411 4256 2597 4302 autem
2620 4286 2634 4312 ,
2671 4260 2792 4316 qua:
2824 4253 2883 4297 et
2915 4243 3228 4300 Alexandra
3255 4246 3491 4302 vocaba-

1905 4346 2091 4406 batur,
2115 4341 2317 4396 fratres
2348 4340 2533 4394 mariti
2583 4338 2822 4393 vinculis
2867 4337 3053 4402 solvit,
3092 4348 3150 4390 et
3196 4337 3489 4404 Janneam,

1052 4436 1492 4509 Ἀριστόϐουλος)
1582 4438 1803 4507 βασιλέα

1911 4435 2007 4506 qui
2066 4443 2120 4489 et
2170 4431 2499 4495 Alexander,
2548 4430 2897 4502 grandiorem
2958 4440 3016 4485 et
3061 4429 3491 4485 moderatiorem

1901 4527 2151 4591 caeteris,
2194 4540 2379 4596 regem
2426 4522 2715 4579 constituit
2762 4543 2775 4579 :
2818 4524 2914 4594 qui
2957 4538 3132 4595 regno
3188 4532 3491 4595 suscepto,

1903 4624 2140 4674 alterum
2157 4632 2226 4673 ex
2255 4615 2522 4671 fratribus
2541 4616 2708 4671 rebus
2733 4616 2897 4670 novis
2921 4615 3237 4671 studentem
3265 4615 3492 4683 occidit,

1907 4714 2186 4776 alterum,
2254 4710 2430 4782 quieti
2503 4709 2708 4780 ingenii
2779 4708 3097 4789 hominem,
3170 4710 3489 4766 honoravit.

1905 4804 2072 4860 Bellis
2121 4811 2313 4858 contra
2368 4803 2637 4872 quosdam
2692 4803 2885 4872 gestis,
2936 4801 3078 4857 alias
3119 4801 3322 4867 victor,
3354 4801 3492 4858 alias

1907 4898 2084 4953 vietus
2117 4934 2132 4960 ,
2196 4894 2418 4950 tandem
2478 4893 2552 4949 ob
2615 4903 2818 4947 motam
2899 4891 3232 4947 seditionem
3264 4931 3283 4957 ,
3349 4906 3489 4947 con-

1909 4999 1990 5044 tra
2055 4989 2347 5059 populares
2412 5001 2635 5057 quoque
2694 5000 2849 5041 arma
2915 4987 3084 5055 cepit.
3150 4984 3290 5041 Nam
3359 5001 3487 5041 cum

1911 5080 1964 5133 in
1996 5080 2136 5135 festo
2179 5078 2567 5134 immolaturus
2589 5091 2739 5130 aram
2778 5077 3211 5139 conscendisset,
3252 5077 3490 5148 populus

1907 5188 2034 5228 eum
2076 5171 2279 5242 thyrsis
2306 5169 2601 5225 cedrorum
2636 5168 2797 5239 petiit
2836 5168 3031 5238 (moris
3064 5169 3217 5223 enim
3260 5178 3400 5231 erat,
3429 5177 3490 5222 ut

1911 5264 1964 5318 in
1997 5263 2141 5319 festo
2170 5261 2681 5317 Tabernaculorum
2710 5260 2931 5332 thyrsos
2966 5260 3277 5330 palmarum
3309 5267 3366 5315 et
3389 5276 3486 5313 ce-

1909 5357 2137 5411 drorum
2185 5355 2239 5410 in
2286 5355 2542 5411 manibus
2580 5353 2884 5426 gestarent)
2912 5363 2971 5410 et
3016 5351 3277 5409 eonvitiis
3304 5352 3488 5405 inres-

1909 5450 1981 5503 sit
2029 5466 2043 5503 :
2097 5446 2303 5517 quibus
2351 5458 2700 5519 commotus,
2748 5446 2997 5502 circiter“
3029 5459 3083 5498 Vl
3133 5441 3305 5496 millia
3339 5442 3502 5507 oeci:

1909 5542 2011 5596 dit.
2046 5540 2254 5596 Deinde
2279 5541 2466 5610 przelio
2489 5540 2670 5595 victus
2695 5538 2765 5594 ab
2784 5537 3083 5600 Arabibus,
3114 5533 3488 5605 Hierosolyma

1912 5632 2134 5704 refugit.
2196 5633 2275 5688 Ad
2324 5648 2450 5688 eam
2496 5631 2711 5687 cladem
2751 5628 2987 5684 accessit
3032 5625 3221 5698 populi
3263 5626 3488 5692 seditio,

1913 5740 2039 5781 cum
2084 5741 2196 5783 ouo
2230 5740 2329 5795 per
2373 5738 2557 5779 annos
2596 5740 2647 5779 vi
2689 5717 3032 5783 dimicando,
3065 5733 3165 5787 per
3193 5715 3489 5791 stipenilin-

3106 5810 3177 5874 l3
