  <div class='ocr_page' id='page_1' title='image "/cluster/home/n/w/nwhite01/storage/ocr_20150623/134/hvd.32044073502510/209.png"; bbox 0 0 3918 6200; ppageno 0'>
   <div class='ocr_carea' id='block_1_1' title="bbox 382 317 490 380">
    <p class='ocr_par' dir='ltr' id='par_1_1' title="bbox 382 317 490 380">
     <span class='ocr_line' id='line_1_1' title="bbox 382 317 490 380; baseline 0.037 -4"><span class='ocrx_word' id='word_1_1' title='bbox 382 317 490 380; x_wconf 70' lang='lat'><strong>603</strong></span> 
     </span>
    </p>
   </div>
   <div class='ocr_carea' id='block_1_2' title="bbox 1653 318 2342 382">
    <p class='ocr_par' dir='ltr' id='par_1_2' title="bbox 1653 318 2342 382">
     <span class='ocr_line' id='line_1_2' title="bbox 1653 318 2342 382; baseline -0.004 0"><span class='ocrx_word' id='word_1_2' title='bbox 1653 318 1977 382; x_wconf 78' lang='lat' dir='ltr'><strong>JOANNIS</strong></span> <span class='ocrx_word' id='word_1_3' title='bbox 2018 321 2211 381; x_wconf 74' lang='grc' dir='ltr'><strong>ΖΟΝΑ</strong></span> <span class='ocrx_word' id='word_1_4' title='bbox 2223 321 2342 380; x_wconf 68' lang='lat' dir='ltr'><strong>[LE</strong></span> 
     </span>
    </p>
   </div>
   <div class='ocr_carea' id='block_1_3' title="bbox 3547 316 3646 380">
    <p class='ocr_par' dir='ltr' id='par_1_3' title="bbox 3547 316 3646 380">
     <span class='ocr_line' id='line_1_3' title="bbox 3547 316 3646 380; baseline 0 0"><span class='ocrx_word' id='word_1_5' title='bbox 3547 316 3646 380; x_wconf 76' lang='grc' dir='ltr'><strong>ιοι</strong></span> 
     </span>
    </p>
   </div>
   <div class='ocr_carea' id='block_1_4' title="bbox 379 434 1963 512">
    <p class='ocr_par' dir='ltr' id='par_1_4' title="bbox 379 435 1963 512">
     <span class='ocr_line' id='line_1_4' title="bbox 379 435 1963 512; baseline 0.001 -20"><span class='ocrx_word' id='word_1_6' title='bbox 379 435 664 492; x_wconf 85' lang='lat' dir='ltr'><strong>contulit:</strong></span> <span class='ocrx_word' id='word_1_7' title='bbox 701 451 768 493; x_wconf 88' lang='lat' dir='ltr'><strong>ac</strong></span> <span class='ocrx_word' id='word_1_8' title='bbox 813 436 984 493; x_wconf 80' lang='lat' dir='ltr'><strong>biduo</strong></span> <span class='ocrx_word' id='word_1_9' title='bbox 1034 447 1156 510; x_wconf 88' lang='lat' dir='ltr'><strong>post</strong></span> <span class='ocrx_word' id='word_1_10' title='bbox 1196 441 1476 496; x_wconf 81' lang='lat' dir='ltr'><strong>sauciatus</strong></span> <span class='ocrx_word' id='word_1_11' title='bbox 1505 452 1562 496; x_wconf 89' lang='lat' dir='ltr'><strong>et</strong></span> <span class='ocrx_word' id='word_1_12' title='bbox 1601 453 1816 512; x_wconf 87' lang='lat' dir='ltr'><strong>captus,</strong></span> <span class='ocrx_word' id='word_1_13' title='bbox 1854 456 1963 495; x_wconf 90' lang='lat' dir='ltr'><strong>una</strong></span> 
     </span>
    </p>
   </div>
   <div class='ocr_carea' id='block_1_5' title="bbox 2068 434 3647 512">
    <p class='ocr_par' dir='ltr' id='par_1_5' title="bbox 2068 434 3647 509">
     <span class='ocr_line' id='line_1_5' title="bbox 2068 434 3647 509; baseline -0.003 -15"><span class='ocrx_word' id='word_1_14' title='bbox 2068 441 2284 496; x_wconf 69' lang='grc' dir='ltr'><strong>ἑαυτοῦ.</strong></span> <span class='ocrx_word' id='word_1_15' title='bbox 2309 437 2421 493; x_wconf 74' lang='grc' dir='ltr'><strong>Καὶ</strong></span> <span class='ocrx_word' id='word_1_16' title='bbox 2440 437 2619 509; x_wconf 84' lang='grc' dir='ltr'><strong>μάχης</strong></span> <span class='ocrx_word' id='word_1_17' title='bbox 2645 435 2830 499; x_wconf 82' lang='grc' dir='ltr'><strong>αὐτοῖς</strong></span> <span class='ocrx_word' id='word_1_18' title='bbox 2855 434 2987 508; x_wconf 66' lang='grc' dir='ltr'><strong>πρὸς</strong></span> <span class='ocrx_word' id='word_1_19' title='bbox 3019 434 3328 506; x_wconf 83' lang='grc' dir='ltr'><strong>Ῥωμαίους</strong></span> <span class='ocrx_word' id='word_1_20' title='bbox 3350 453 3647 508; x_wconf 80' lang='grc' dir='ltr'><strong>συγκροτηο</strong></span> 
     </span>
    </p>
   </div>
   <div class='ocr_carea' id='block_1_6' title="bbox 378 531 1967 604">
    <p class='ocr_par' dir='ltr' id='par_1_6' title="bbox 378 531 1967 604">
     <span class='ocr_line' id='line_1_6' title="bbox 378 531 1967 604; baseline 0 -17"><span class='ocrx_word' id='word_1_21' title='bbox 378 546 506 588; x_wconf 87' lang='lat' dir='ltr'><strong>cum</strong></span> <span class='ocrx_word' id='word_1_22' title='bbox 531 531 810 603; x_wconf 79' lang='lat' dir='ltr'><strong>Antigono</strong></span> <span class='ocrx_word' id='word_1_23' title='bbox 839 533 952 587; x_wconf 83' lang='lat' dir='ltr'><strong>lilio</strong></span> <span class='ocrx_word' id='word_1_24' title='bbox 982 533 1124 602; x_wconf 66' lang='lat' dir='ltr'><strong>fugae</strong></span> <span class='ocrx_word' id='word_1_25' title='bbox 1165 534 1320 590; x_wconf 91' lang='lat' dir='ltr'><strong>socio</strong></span> <span class='ocrx_word' id='word_1_26' title='bbox 1345 534 1412 588; x_wconf 88' lang='lat' dir='ltr'><strong>ad</strong></span> <span class='ocrx_word' id='word_1_27' title='bbox 1441 534 1735 590; x_wconf 80' lang='lat' dir='ltr'><strong>Gabinium</strong></span> <span class='ocrx_word' id='word_1_28' title='bbox 1765 534 1967 604; x_wconf 85' lang='lat' dir='ltr'><strong>perdu—</strong></span> 
     </span>
    </p>
   </div>
   <div class='ocr_carea' id='block_1_7' title="bbox 379 623 1968 694">
    <p class='ocr_par' dir='ltr' id='par_1_7' title="bbox 379 623 1968 694">
     <span class='ocr_line' id='line_1_7' title="bbox 379 623 1968 694; baseline 0.001 -16"><span class='ocrx_word' id='word_1_29' title='bbox 379 623 548 687; x_wconf 88' lang='lat' dir='ltr'><strong>citur,</strong></span> <span class='ocrx_word' id='word_1_30' title='bbox 577 635 635 679; x_wconf 92' lang='lat' dir='ltr'><strong>et</strong></span> <span class='ocrx_word' id='word_1_31' title='bbox 665 626 852 680; x_wconf 89' lang='lat' dir='ltr'><strong>denuo</strong></span> <span class='ocrx_word' id='word_1_32' title='bbox 902 625 1133 680; x_wconf 93' lang='lat' dir='ltr'><strong>Romam</strong></span> <span class='ocrx_word' id='word_1_33' title='bbox 1178 627 1404 694; x_wconf 86' lang='lat' dir='ltr'><strong>missus,</strong></span> <span class='ocrx_word' id='word_1_34' title='bbox 1441 627 1496 682; x_wconf 90' lang='lat' dir='ltr'><strong>in</strong></span> <span class='ocrx_word' id='word_1_35' title='bbox 1537 627 1772 681; x_wconf 72' lang='lat' dir='ltr'><strong>vinculis</strong></span> <span class='ocrx_word' id='word_1_36' title='bbox 1813 637 1968 681; x_wconf 79' lang='lat' dir='ltr'><strong>tene-</strong></span> 
     </span>
    </p>
   </div>
   <div class='ocr_carea' id='block_1_8' title="bbox 381 717 1966 787">
    <p class='ocr_par' dir='ltr' id='par_1_8' title="bbox 381 717 1966 787">
     <span class='ocr_line' id='line_1_8' title="bbox 381 717 1966 787; baseline 0.002 -17"><span class='ocrx_word' id='word_1_37' title='bbox 381 726 497 782; x_wconf 86' lang='lat' dir='ltr'><strong>tur,</strong></span> <span class='ocrx_word' id='word_1_38' title='bbox 529 735 698 787; x_wconf 83' lang='lat' dir='ltr'><strong>regno</strong></span> <span class='ocrx_word' id='word_1_39' title='bbox 722 727 779 772; x_wconf 92' lang='lat' dir='ltr'><strong>et</strong></span> <span class='ocrx_word' id='word_1_40' title='bbox 810 717 1138 787; x_wconf 79' lang='lat' dir='ltr'><strong>pontificatu</strong></span> <span class='ocrx_word' id='word_1_41' title='bbox 1172 719 1474 774; x_wconf 87' lang='lat' dir='ltr'><strong>triennium</strong></span> <span class='ocrx_word' id='word_1_42' title='bbox 1516 718 1762 776; x_wconf 69' lang='lat' dir='ltr'><strong>functus.</strong></span> <span class='ocrx_word' id='word_1_43' title='bbox 1800 719 1966 774; x_wconf 85' lang='lat' dir='ltr'><strong>Gabi-</strong></span> 
     </span>
    </p>
   </div>
   <div class='ocr_carea' id='block_1_9' title="bbox 379 810 1962 883">
    <p class='ocr_par' dir='ltr' id='par_1_9' title="bbox 379 810 1962 883">
     <span class='ocr_line' id='line_1_9' title="bbox 379 810 1962 883; baseline 0.001 -18"><span class='ocrx_word' id='word_1_44' title='bbox 379 810 510 865; x_wconf 80' lang='lat' dir='ltr'><strong>nius</strong></span> <span class='ocrx_word' id='word_1_45' title='bbox 527 826 659 866; x_wconf 79' lang='lat' dir='ltr'><strong>vero</strong></span> <span class='ocrx_word' id='word_1_46' title='bbox 681 810 978 882; x_wconf 62' lang='lat' dir='ltr'><strong>Egyptum</strong></span> <span class='ocrx_word' id='word_1_47' title='bbox 1009 810 1308 882; x_wconf 74' lang='lat' dir='ltr'><strong>prolectus,</strong></span> <span class='ocrx_word' id='word_1_48' title='bbox 1336 822 1503 883; x_wconf 85' lang='lat' dir='ltr'><strong>atque</strong></span> <span class='ocrx_word' id='word_1_49' title='bbox 1531 811 1660 867; x_wconf 89' lang='lat' dir='ltr'><strong>inde</strong></span> <span class='ocrx_word' id='word_1_50' title='bbox 1686 827 1962 880; x_wconf 76' lang='lat' dir='ltr'><strong>reversus,</strong></span> 
     </span>
    </p>
   </div>
   <div class='ocr_carea' id='block_1_10' title="bbox 381 888 1962 978">
    <p class='ocr_par' dir='ltr' id='par_1_10' title="bbox 381 888 1962 978">
     <span class='ocr_line' id='line_1_10' title="bbox 381 888 1962 978; baseline 0.001 -19"><span class='ocrx_word' id='word_1_51' title='bbox 381 905 592 974; x_wconf 84' lang='lat' dir='ltr'><strong>reperit</strong></span> <span class='ocrx_word' id='word_1_52' title='bbox 631 888 1008 960; x_wconf 76' lang='lat' dir='ltr'><strong>Alexandrum</strong></span> <span class='ocrx_word' id='word_1_53' title='bbox 1054 921 1180 960; x_wconf 90' lang='lat' dir='ltr'><strong>cum</strong></span> <span class='ocrx_word' id='word_1_54' title='bbox 1213 922 1413 978; x_wconf 79' lang='lat' dir='ltr'><strong>magno</strong></span> <span class='ocrx_word' id='word_1_55' title='bbox 1445 907 1692 961; x_wconf 79' lang='lat' dir='ltr'><strong>exercitu</strong></span> <span class='ocrx_word' id='word_1_56' title='bbox 1718 905 1962 962; x_wconf 73' lang='lat' dir='ltr'><strong>Judacam</strong></span> 
     </span>
    </p>
   </div>
   <div class='ocr_carea' id='block_1_11' title="bbox 379 995 1965 1068">
    <p class='ocr_par' dir='ltr' id='par_1_11' title="bbox 379 995 1965 1068">
     <span class='ocr_line' id='line_1_11' title="bbox 379 995 1965 1068; baseline 0.001 -18"><span class='ocrx_word' id='word_1_57' title='bbox 379 995 704 1061; x_wconf 83' lang='lat' dir='ltr'><strong>obeuntem,</strong></span> <span class='ocrx_word' id='word_1_58' title='bbox 738 1006 795 1050; x_wconf 92' lang='lat' dir='ltr'><strong>et</strong></span> <span class='ocrx_word' id='word_1_59' title='bbox 837 997 1032 1052; x_wconf 82' lang='lat' dir='ltr'><strong>obvios</strong></span> <span class='ocrx_word' id='word_1_60' title='bbox 1079 1013 1329 1068; x_wconf 90' lang='lat' dir='ltr'><strong>quosque</strong></span> <span class='ocrx_word' id='word_1_61' title='bbox 1371 1000 1650 1054; x_wconf 89' lang='lat' dir='ltr'><strong>Romanos</strong></span> <span class='ocrx_word' id='word_1_62' title='bbox 1681 999 1965 1054; x_wconf 82' lang='lat' dir='ltr'><strong>trucidan-</strong></span> 
     </span>
    </p>
   </div>
   <div class='ocr_carea' id='block_1_12' title="bbox 380 1085 1962 1162">
    <p class='ocr_par' dir='ltr' id='par_1_12' title="bbox 380 1085 1962 1162">
     <span class='ocr_line' id='line_1_12' title="bbox 380 1085 1962 1162; baseline 0.002 -21"><span class='ocrx_word' id='word_1_63' title='bbox 380 1095 515 1142; x_wconf 88' lang='lat' dir='ltr'><strong>tem.</strong></span> <span class='ocrx_word' id='word_1_64' title='bbox 564 1085 706 1142; x_wconf 82' lang='lat' dir='ltr'><strong>Cum</strong></span> <span class='ocrx_word' id='word_1_65' title='bbox 744 1105 812 1144; x_wconf 88' lang='lat' dir='ltr'><strong>eo</strong></span> <span class='ocrx_word' id='word_1_66' title='bbox 857 1089 1023 1160; x_wconf 84' lang='lat' dir='ltr'><strong>igitur</strong></span> <span class='ocrx_word' id='word_1_67' title='bbox 1054 1090 1278 1162; x_wconf 87' lang='lat' dir='ltr'><strong>triginta</strong></span> <span class='ocrx_word' id='word_1_68' title='bbox 1308 1091 1623 1146; x_wconf 67' lang='lat' dir='ltr'><strong>Judseorum</strong></span> <span class='ocrx_word' id='word_1_69' title='bbox 1652 1090 1821 1146; x_wconf 83' lang='lat' dir='ltr'><strong>millia</strong></span> <span class='ocrx_word' id='word_1_70' title='bbox 1855 1090 1962 1144; x_wconf 86' lang='lat' dir='ltr'><strong>dn-</strong></span> 
     </span>
    </p>
   </div>
   <div class='ocr_carea' id='block_1_13' title="bbox 311 1182 1966 1258">
    <p class='ocr_par' dir='ltr' id='par_1_13' title="bbox 311 1182 1966 1258">
     <span class='ocr_line' id='line_1_13' title="bbox 311 1182 1966 1258; baseline 0.004 -25"><span class='ocrx_word' id='word_1_71' title='bbox 311 1240 320 1250; x_wconf 38' lang='lat'>‘</span> <span class='ocrx_word' id='word_1_72' title='bbox 379 1188 563 1246; x_wconf 87' lang='lat' dir='ltr'><strong>cente,</strong></span> <span class='ocrx_word' id='word_1_73' title='bbox 593 1182 749 1252; x_wconf 76' lang='lat' dir='ltr'><strong>juxta</strong></span> <span class='ocrx_word' id='word_1_74' title='bbox 772 1195 1015 1240; x_wconf 80' lang='lat' dir='ltr'><strong>montem</strong></span> <span class='ocrx_word' id='word_1_75' title='bbox 1037 1184 1333 1257; x_wconf 84' lang='lat' dir='ltr'><strong>ltabyriutn</strong></span> <span class='ocrx_word' id='word_1_76' title='bbox 1365 1202 1716 1258; x_wconf 83' lang='lat' dir='ltr'><strong>congressus,</strong></span> <span class='ocrx_word' id='word_1_77' title='bbox 1739 1187 1966 1244; x_wconf 88' lang='lat' dir='ltr'><strong>circiter</strong></span> 
     </span>
    </p>
   </div>
   <div class='ocr_carea' id='block_1_14' title="bbox 379 1272 1964 1352">
    <p class='ocr_par' dir='ltr' id='par_1_14' title="bbox 379 1272 1964 1352">
     <span class='ocr_line' id='line_1_14' title="bbox 379 1272 1964 1352; baseline 0.005 -24"><span class='ocrx_word' id='word_1_78' title='bbox 379 1272 575 1330; x_wconf 83' lang='lat' dir='ltr'><strong>decem</strong></span> <span class='ocrx_word' id='word_1_79' title='bbox 625 1277 794 1332; x_wconf 85' lang='lat' dir='ltr'><strong>millia</strong></span> <span class='ocrx_word' id='word_1_80' title='bbox 839 1277 1061 1343; x_wconf 87' lang='lat' dir='ltr'><strong>occidit,</strong></span> <span class='ocrx_word' id='word_1_81' title='bbox 1119 1286 1176 1332; x_wconf 87' lang='lat' dir='ltr'><strong>et</strong></span> <span class='ocrx_word' id='word_1_82' title='bbox 1229 1279 1744 1352; x_wconf 80' lang='lat' dir='ltr'><strong>Hierosolymitanis</strong></span> <span class='ocrx_word' id='word_1_83' title='bbox 1796 1281 1964 1336; x_wconf 82' lang='lat' dir='ltr'><strong>rebus</strong></span> 
     </span>
    </p>
   </div>
   <div class='ocr_carea' id='block_1_15' title="bbox 377 1370 1962 1448">
    <p class='ocr_par' dir='ltr' id='par_1_15' title="bbox 377 1370 1962 1448">
     <span class='ocr_line' id='line_1_15' title="bbox 377 1370 1962 1448; baseline 0.006 -26"><span class='ocrx_word' id='word_1_84' title='bbox 377 1382 450 1423; x_wconf 78' lang='lat' dir='ltr'><strong>ex</strong></span> <span class='ocrx_word' id='word_1_85' title='bbox 497 1370 777 1441; x_wconf 82' lang='lat' dir='ltr'><strong>Antipatri</strong></span> <span class='ocrx_word' id='word_1_86' title='bbox 809 1373 1086 1428; x_wconf 78' lang='lat' dir='ltr'><strong>sententia</strong></span> <span class='ocrx_word' id='word_1_87' title='bbox 1131 1375 1473 1442; x_wconf 88' lang='lat' dir='ltr'><strong>constitutis,</strong></span> <span class='ocrx_word' id='word_1_88' title='bbox 1521 1385 1579 1431; x_wconf 91' lang='lat' dir='ltr'><strong>et</strong></span> <span class='ocrx_word' id='word_1_89' title='bbox 1627 1376 1751 1431; x_wconf 86' lang='lat' dir='ltr'><strong>aliis</strong></span> <span class='ocrx_word' id='word_1_90' title='bbox 1782 1376 1962 1448; x_wconf 85' lang='lat' dir='ltr'><strong>magni</strong></span> 
     </span>
    </p>
   </div>
   <div class='ocr_carea' id='block_1_16' title="bbox 379 1462 1968 1538">
    <p class='ocr_par' dir='ltr' id='par_1_16' title="bbox 379 1462 1968 1538">
     <span class='ocr_line' id='line_1_16' title="bbox 379 1462 1968 1538; baseline 0.006 -22"><span class='ocrx_word' id='word_1_91' title='bbox 379 1462 736 1533; x_wconf 83' lang='lat' dir='ltr'><strong>imperatoris</strong></span> <span class='ocrx_word' id='word_1_92' title='bbox 785 1465 1048 1537; x_wconf 82' lang='lat' dir='ltr'><strong>Operibus</strong></span> <span class='ocrx_word' id='word_1_93' title='bbox 1087 1467 1271 1534; x_wconf 82' lang='lat' dir='ltr'><strong>editis,</strong></span> <span class='ocrx_word' id='word_1_94' title='bbox 1310 1469 1596 1538; x_wconf 80' lang='lat' dir='ltr'><strong>provincia</strong></span> <span class='ocrx_word' id='word_1_95' title='bbox 1626 1470 1825 1526; x_wconf 87' lang='lat' dir='ltr'><strong>Crasso</strong></span> <span class='ocrx_word' id='word_1_96' title='bbox 1854 1479 1968 1526; x_wconf 85' lang='lat' dir='ltr'><strong>tra-</strong></span> 
     </span>
    </p>
   </div>
   <div class='ocr_carea' id='block_1_17' title="bbox 379 1553 1962 1618">
    <p class='ocr_par' dir='ltr' id='par_1_17' title="bbox 379 1553 1962 1618">
     <span class='ocr_line' id='line_1_17' title="bbox 379 1553 1962 1618; baseline 0.005 -11"><span class='ocrx_word' id='word_1_97' title='bbox 379 1553 517 1618; x_wconf 87' lang='lat' dir='ltr'><strong>dita,</strong></span> <span class='ocrx_word' id='word_1_98' title='bbox 576 1555 804 1610; x_wconf 80' lang='lat' dir='ltr'><strong>Romam</strong></span> <span class='ocrx_word' id='word_1_99' title='bbox 857 1557 1134 1614; x_wconf 88' lang='lat' dir='ltr'><strong>discessit.</strong></span> <span class='ocrx_word' id='word_1_100' title='bbox 1193 1560 1424 1616; x_wconf 84' lang='lat' dir='ltr'><strong>Crassus</strong></span> <span class='ocrx_word' id='word_1_101' title='bbox 1480 1570 1666 1616; x_wconf 91' lang='lat' dir='ltr'><strong>autem</strong></span> <span class='ocrx_word' id='word_1_102' title='bbox 1718 1559 1962 1617; x_wconf 70' lang='lat' dir='ltr'><strong>Judzeam</strong></span> 
     </span>
    </p>
   </div>
   <div class='ocr_carea' id='block_1_18' title="bbox 379 1645 1966 1724">
    <p class='ocr_par' dir='ltr' id='par_1_18' title="bbox 379 1645 1966 1724">
     <span class='ocr_line' id='line_1_18' title="bbox 379 1645 1966 1724; baseline 0.006 -24"><span class='ocrx_word' id='word_1_103' title='bbox 379 1645 682 1715; x_wconf 83' lang='lat' dir='ltr'><strong>ingressus,</strong></span> <span class='ocrx_word' id='word_1_104' title='bbox 740 1649 927 1718; x_wconf 87' lang='lat' dir='ltr'><strong>templi</strong></span> <span class='ocrx_word' id='word_1_105' title='bbox 975 1647 1458 1723; x_wconf 82' lang='lat' dir='ltr'><strong>Ilierosolymitani</strong></span> <span class='ocrx_word' id='word_1_106' title='bbox 1493 1655 1807 1723; x_wconf 88' lang='lat' dir='ltr'><strong>pecuniam,</strong></span> <span class='ocrx_word' id='word_1_107' title='bbox 1844 1670 1966 1724; x_wconf 77' lang='lat' dir='ltr'><strong>qua:</strong></span> 
     </span>
    </p>
   </div>
   <div class='ocr_carea' id='block_1_19' title="bbox 379 1737 1960 1817">
    <p class='ocr_par' dir='ltr' id='par_1_19' title="bbox 379 1737 1960 1817">
     <span class='ocr_line' id='line_1_19' title="bbox 379 1737 1960 1817; baseline 0.006 -25"><span class='ocrx_word' id='word_1_108' title='bbox 379 1737 466 1793; x_wconf 85' lang='lat' dir='ltr'><strong>bis</strong></span> <span class='ocrx_word' id='word_1_109' title='bbox 515 1737 665 1795; x_wconf 80' lang='lat' dir='ltr'><strong>mille</strong></span> <span class='ocrx_word' id='word_1_110' title='bbox 721 1743 926 1796; x_wconf 84' lang='lat' dir='ltr'><strong>talenta</strong></span> <span class='ocrx_word' id='word_1_111' title='bbox 981 1754 1162 1810; x_wconf 84' lang='lat' dir='ltr'><strong>erant,</strong></span> <span class='ocrx_word' id='word_1_112' title='bbox 1211 1745 1462 1809; x_wconf 83' lang='lat' dir='ltr'><strong>abstulit,</strong></span> <span class='ocrx_word' id='word_1_113' title='bbox 1518 1757 1684 1817; x_wconf 88' lang='lat' dir='ltr'><strong>atque</strong></span> <span class='ocrx_word' id='word_1_114' title='bbox 1739 1763 1960 1803; x_wconf 89' lang='lat' dir='ltr'><strong>omnem</strong></span> 
     </span>
    </p>
   </div>
   <div class='ocr_carea' id='block_1_20' title="bbox 379 1833 1963 1910">
    <p class='ocr_par' dir='ltr' id='par_1_20' title="bbox 379 1833 1963 1910">
     <span class='ocr_line' id='line_1_20' title="bbox 379 1833 1963 1910; baseline 0.008 -25"><span class='ocrx_word' id='word_1_115' title='bbox 379 1833 569 1902; x_wconf 84' lang='lat' dir='ltr'><strong>templi</strong></span> <span class='ocrx_word' id='word_1_116' title='bbox 597 1846 856 1890; x_wconf 88' lang='lat' dir='ltr'><strong>ornatum</strong></span> <span class='ocrx_word' id='word_1_117' title='bbox 878 1838 1157 1907; x_wconf 85' lang='lat' dir='ltr'><strong>spoliavit.</strong></span> <span class='ocrx_word' id='word_1_118' title='bbox 1181 1839 1275 1910; x_wconf 93' lang='lat' dir='ltr'><strong>qui</strong></span> <span class='ocrx_word' id='word_1_119' title='bbox 1304 1840 1370 1894; x_wconf 87' lang='lat' dir='ltr'><strong>ad</strong></span> <span class='ocrx_word' id='word_1_120' title='bbox 1406 1839 1611 1896; x_wconf 87' lang='lat' dir='ltr'><strong>talenta</strong></span> <span class='ocrx_word' id='word_1_121' title='bbox 1643 1843 1763 1895; x_wconf 85' lang='lat' dir='ltr'><strong>auri</strong></span> <span class='ocrx_word' id='word_1_122' title='bbox 1789 1842 1963 1897; x_wconf 88' lang='lat' dir='ltr'><strong>octies</strong></span> 
     </span>
    </p>
   </div>
   <div class='ocr_carea' id='block_1_21' title="bbox 379 1925 1965 2002">
    <p class='ocr_par' dir='ltr' id='par_1_21' title="bbox 379 1925 1965 2002">
     <span class='ocr_line' id='line_1_21' title="bbox 379 1925 1965 2002; baseline 0.008 -24"><span class='ocrx_word' id='word_1_123' title='bbox 379 1925 529 1981; x_wconf 86' lang='lat' dir='ltr'><strong>mille</strong></span> <span class='ocrx_word' id='word_1_124' title='bbox 557 1927 952 1995; x_wconf 70' lang='lat' dir='ltr'><strong>aestimabatur,</strong></span> <span class='ocrx_word' id='word_1_125' title='bbox 986 1931 1192 2002; x_wconf 78' lang='lat' dir='ltr'><strong>Rapuit</strong></span> <span class='ocrx_word' id='word_1_126' title='bbox 1243 1941 1299 1988; x_wconf 90' lang='lat' dir='ltr'><strong>et</strong></span> <span class='ocrx_word' id='word_1_127' title='bbox 1354 1932 1562 1988; x_wconf 88' lang='lat' dir='ltr'><strong>trabem</strong></span> <span class='ocrx_word' id='word_1_128' title='bbox 1601 1950 1668 1988; x_wconf 81' lang='lat' dir='ltr'><strong>ex</strong></span> <span class='ocrx_word' id='word_1_129' title='bbox 1717 1935 1836 1989; x_wconf 89' lang='lat' dir='ltr'><strong>auri</strong></span> <span class='ocrx_word' id='word_1_130' title='bbox 1868 1951 1965 1991; x_wconf 89' lang='lat' dir='ltr'><strong>ccc</strong></span> 
     </span>
    </p>
   </div>
   <div class='ocr_carea' id='block_1_22' title="bbox 377 2015 1966 2092">
    <p class='ocr_par' dir='ltr' id='par_1_22' title="bbox 377 2015 1966 2092">
     <span class='ocr_line' id='line_1_22' title="bbox 377 2015 1966 2092; baseline 0.005 -20"><span class='ocrx_word' id='word_1_131' title='bbox 377 2015 548 2072; x_wconf 85' lang='lat' dir='ltr'><strong>minis</strong></span> <span class='ocrx_word' id='word_1_132' title='bbox 577 2017 955 2074; x_wconf 78' lang='lat' dir='ltr'><strong>fabrefactam.</strong></span> <span class='ocrx_word' id='word_1_133' title='bbox 981 2021 1125 2076; x_wconf 81' lang='lat' dir='ltr'><strong>Mina</strong></span> <span class='ocrx_word' id='word_1_134' title='bbox 1151 2037 1319 2092; x_wconf 88' lang='lat' dir='ltr'><strong>porro</strong></span> <span class='ocrx_word' id='word_1_135' title='bbox 1347 2021 1577 2078; x_wconf 87' lang='lat' dir='ltr'><strong>Judaiea</strong></span> <span class='ocrx_word' id='word_1_136' title='bbox 1607 2023 1782 2079; x_wconf 89' lang='lat' dir='ltr'><strong>libras</strong></span> <span class='ocrx_word' id='word_1_137' title='bbox 1809 2025 1966 2080; x_wconf 89' lang='lat' dir='ltr'><strong>binas</strong></span> 
     </span>
    </p>
   </div>
   <div class='ocr_carea' id='block_1_23' title="bbox 377 2111 1966 2186">
    <p class='ocr_par' dir='ltr' id='par_1_23' title="bbox 377 2111 1966 2186">
     <span class='ocr_line' id='line_1_23' title="bbox 377 2111 1966 2186; baseline 0.006 -21"><span class='ocrx_word' id='word_1_138' title='bbox 377 2119 434 2166; x_wconf 83' lang='lat' dir='ltr'><strong>ct</strong></span> <span class='ocrx_word' id='word_1_139' title='bbox 470 2111 759 2167; x_wconf 74' lang='lat' dir='ltr'><strong>semissem</strong></span> <span class='ocrx_word' id='word_1_140' title='bbox 799 2113 1009 2183; x_wconf 88' lang='lat' dir='ltr'><strong>pendit.</strong></span> <span class='ocrx_word' id='word_1_141' title='bbox 1054 2113 1152 2170; x_wconf 84' lang='lat' dir='ltr'><strong>His</strong></span> <span class='ocrx_word' id='word_1_142' title='bbox 1193 2118 1455 2186; x_wconf 79' lang='lat' dir='ltr'><strong>acceptis.</strong></span> <span class='ocrx_word' id='word_1_143' title='bbox 1503 2127 1695 2172; x_wconf 89' lang='lat' dir='ltr'><strong>contra</strong></span> <span class='ocrx_word' id='word_1_144' title='bbox 1731 2117 1966 2174; x_wconf 84' lang='lat' dir='ltr'><strong>Parthos</strong></span> 
     </span>
    </p>
   </div>
   <div class='ocr_carea' id='block_1_24' title="bbox 377 2205 1964 2278">
    <p class='ocr_par' dir='ltr' id='par_1_24' title="bbox 377 2205 1964 2278">
     <span class='ocr_line' id='line_1_24' title="bbox 377 2205 1964 2278; baseline 0.004 -20"><span class='ocrx_word' id='word_1_145' title='bbox 377 2205 680 2275; x_wconf 74' lang='lat' dir='ltr'><strong>profectus,</strong></span> <span class='ocrx_word' id='word_1_146' title='bbox 702 2221 825 2260; x_wconf 88' lang='lat' dir='ltr'><strong>cum</strong></span> <span class='ocrx_word' id='word_1_147' title='bbox 847 2207 1095 2262; x_wconf 83' lang='lat' dir='ltr'><strong>exercitu</strong></span> <span class='ocrx_word' id='word_1_148' title='bbox 1137 2207 1372 2263; x_wconf 87' lang='lat' dir='ltr'><strong>interiit.</strong></span> <span class='ocrx_word' id='word_1_149' title='bbox 1413 2208 1565 2265; x_wconf 89' lang='lat' dir='ltr'><strong>Unde</strong></span> <span class='ocrx_word' id='word_1_150' title='bbox 1590 2209 1814 2266; x_wconf 79' lang='lat' dir='ltr'><strong>Cassius</strong></span> <span class='ocrx_word' id='word_1_151' title='bbox 1839 2209 1964 2278; x_wconf 81' lang='lat' dir='ltr'><strong>fuga</strong></span> 
     </span>
    </p>
   </div>
   <div class='ocr_carea' id='block_1_25' title="bbox 377 2294 1966 2370">
    <p class='ocr_par' dir='ltr' id='par_1_25' title="bbox 377 2294 1966 2370">
     <span class='ocr_line' id='line_1_25' title="bbox 377 2294 1966 2370; baseline 0.003 -21"><span class='ocrx_word' id='word_1_152' title='bbox 377 2294 622 2364; x_wconf 75' lang='lat' dir='ltr'><strong>elapsus,</strong></span> <span class='ocrx_word' id='word_1_153' title='bbox 672 2294 728 2349; x_wconf 90' lang='lat' dir='ltr'><strong>in</strong></span> <span class='ocrx_word' id='word_1_154' title='bbox 779 2295 1023 2352; x_wconf 69' lang='lat' dir='ltr'><strong>Judazam</strong></span> <span class='ocrx_word' id='word_1_155' title='bbox 1070 2298 1340 2354; x_wconf 89' lang='lat' dir='ltr'><strong>ascendit.</strong></span> <span class='ocrx_word' id='word_1_156' title='bbox 1387 2299 1545 2369; x_wconf 83' lang='lat' dir='ltr'><strong>Apud</strong></span> <span class='ocrx_word' id='word_1_157' title='bbox 1579 2317 1765 2370; x_wconf 87' lang='lat' dir='ltr'><strong>quem,</strong></span> <span class='ocrx_word' id='word_1_158' title='bbox 1805 2313 1865 2356; x_wconf 91' lang='lat' dir='ltr'><strong>ut</strong></span> <span class='ocrx_word' id='word_1_159' title='bbox 1909 2311 1966 2356; x_wconf 88' lang='lat' dir='ltr'><strong>et</strong></span> 
     </span>
    </p>
   </div>
   <div class='ocr_carea' id='block_1_26' title="bbox 376 2387 1964 2463">
    <p class='ocr_par' dir='ltr' id='par_1_26' title="bbox 376 2387 1964 2463">
     <span class='ocr_line' id='line_1_26' title="bbox 376 2387 1964 2463; baseline 0.005 -23"><span class='ocrx_word' id='word_1_160' title='bbox 376 2387 523 2458; x_wconf 88' lang='lat' dir='ltr'><strong>apud</strong></span> <span class='ocrx_word' id='word_1_161' title='bbox 569 2387 858 2454; x_wconf 60' lang='lat' dir='ltr'><strong>ldumaos,</strong></span> <span class='ocrx_word' id='word_1_162' title='bbox 901 2391 1133 2444; x_wconf 91' lang='lat' dir='ltr'><strong>multum</strong></span> <span class='ocrx_word' id='word_1_163' title='bbox 1183 2392 1364 2461; x_wconf 88' lang='lat' dir='ltr'><strong>potuit</strong></span> <span class='ocrx_word' id='word_1_164' title='bbox 1402 2393 1737 2463; x_wconf 82' lang='lat' dir='ltr'><strong>Antipater:</strong></span> <span class='ocrx_word' id='word_1_165' title='bbox 1776 2393 1964 2463; x_wconf 86' lang='lat' dir='ltr'><strong>ibique</strong></span> 
     </span>
    </p>
   </div>
   <div class='ocr_carea' id='block_1_27' title="bbox 377 2481 1966 2555">
    <p class='ocr_par' dir='ltr' id='par_1_27' title="bbox 377 2481 1966 2555">
     <span class='ocr_line' id='line_1_27' title="bbox 377 2481 1966 2555; baseline 0.003 -21"><span class='ocrx_word' id='word_1_166' title='bbox 377 2495 550 2536; x_wconf 79' lang='lat' dir='ltr'><strong>uxore</strong></span> <span class='ocrx_word' id='word_1_167' title='bbox 581 2481 814 2536; x_wconf 78' lang='lat' dir='ltr'><strong>Arabica</strong></span> <span class='ocrx_word' id='word_1_168' title='bbox 855 2481 1042 2546; x_wconf 85' lang='lat' dir='ltr'><strong>ducta,</strong></span> <span class='ocrx_word' id='word_1_169' title='bbox 1073 2484 1296 2538; x_wconf 90' lang='lat' dir='ltr'><strong>nomine</strong></span> <span class='ocrx_word' id='word_1_170' title='bbox 1323 2483 1522 2555; x_wconf 84' lang='lat' dir='ltr'><strong>Cypro,</strong></span> <span class='ocrx_word' id='word_1_171' title='bbox 1566 2495 1804 2554; x_wconf 88' lang='lat' dir='ltr'><strong>quatuor</strong></span> <span class='ocrx_word' id='word_1_172' title='bbox 1842 2501 1966 2539; x_wconf 89' lang='lat' dir='ltr'><strong>sus-</strong></span> 
     </span>
    </p>
   </div>
   <div class='ocr_carea' id='block_1_28' title="bbox 378 2574 1960 2650">
    <p class='ocr_par' dir='ltr' id='par_1_28' title="bbox 378 2574 1960 2650">
     <span class='ocr_line' id='line_1_28' title="bbox 378 2574 1960 2650; baseline 0.006 -21"><span class='ocrx_word' id='word_1_173' title='bbox 378 2575 528 2645; x_wconf 84' lang='lat' dir='ltr'><strong>cepit</strong></span> <span class='ocrx_word' id='word_1_174' title='bbox 585 2574 765 2638; x_wconf 79' lang='lat' dir='ltr'><strong>lilios,</strong></span> <span class='ocrx_word' id='word_1_175' title='bbox 830 2576 1191 2642; x_wconf 84' lang='lat' dir='ltr'><strong>Pbasaelum,</strong></span> <span class='ocrx_word' id='word_1_176' title='bbox 1256 2578 1567 2645; x_wconf 73' lang='lat' dir='ltr'><strong>Herodem,</strong></span> <span class='ocrx_word' id='word_1_177' title='bbox 1633 2580 1960 2650; x_wconf 83' lang='lat' dir='ltr'><strong>Josepltum.</strong></span> 
     </span>
    </p>
   </div>
   <div class='ocr_carea' id='block_1_29' title="bbox 378 2666 1965 2742">
    <p class='ocr_par' dir='ltr' id='par_1_29' title="bbox 378 2666 1965 2742">
     <span class='ocr_line' id='line_1_29' title="bbox 378 2666 1965 2742; baseline 0.003 -20"><span class='ocrx_word' id='word_1_178' title='bbox 378 2666 701 2733; x_wconf 84' lang='lat' dir='ltr'><strong>Pheroram,</strong></span> <span class='ocrx_word' id='word_1_179' title='bbox 735 2679 789 2724; x_wconf 89' lang='lat' dir='ltr'><strong>et</strong></span> <span class='ocrx_word' id='word_1_180' title='bbox 816 2667 981 2723; x_wconf 83' lang='lat' dir='ltr'><strong>ﬁliam</strong></span> <span class='ocrx_word' id='word_1_181' title='bbox 1013 2668 1293 2724; x_wconf 83' lang='lat' dir='ltr'><strong>Salomen.</strong></span> <span class='ocrx_word' id='word_1_182' title='bbox 1325 2669 1623 2742; x_wconf 77' lang='lat' dir='ltr'><strong>Aliquanto</strong></span> <span class='ocrx_word' id='word_1_183' title='bbox 1655 2681 1778 2741; x_wconf 90' lang='lat' dir='ltr'><strong>post</strong></span> <span class='ocrx_word' id='word_1_184' title='bbox 1801 2671 1965 2726; x_wconf 76' lang='lat' dir='ltr'><strong>Caius</strong></span> 
     </span>
    </p>
   </div>
   <div class='ocr_carea' id='block_1_30' title="bbox 376 2759 1963 2834">
    <p class='ocr_par' dir='ltr' id='par_1_30' title="bbox 376 2759 1963 2834">
     <span class='ocr_line' id='line_1_30' title="bbox 376 2759 1963 2834; baseline 0.005 -23"><span class='ocrx_word' id='word_1_185' title='bbox 376 2759 557 2814; x_wconf 83' lang='lat' dir='ltr'><strong>Julius</strong></span> <span class='ocrx_word' id='word_1_186' title='bbox 585 2759 784 2824; x_wconf 82' lang='lat' dir='ltr'><strong>Caesar,</strong></span> <span class='ocrx_word' id='word_1_187' title='bbox 817 2771 942 2831; x_wconf 87' lang='lat' dir='ltr'><strong>post</strong></span> <span class='ocrx_word' id='word_1_188' title='bbox 969 2761 1212 2834; x_wconf 88' lang='lat' dir='ltr'><strong>Pompeii</strong></span> <span class='ocrx_word' id='word_1_189' title='bbox 1247 2773 1303 2819; x_wconf 92' lang='lat' dir='ltr'><strong>et</strong></span> <span class='ocrx_word' id='word_1_190' title='bbox 1327 2764 1577 2819; x_wconf 77' lang='lat' dir='ltr'><strong>maxima:</strong></span> <span class='ocrx_word' id='word_1_191' title='bbox 1607 2764 1776 2834; x_wconf 82' lang='lat' dir='ltr'><strong>partis</strong></span> <span class='ocrx_word' id='word_1_192' title='bbox 1799 2778 1963 2819; x_wconf 87' lang='lat' dir='ltr'><strong>sena-</strong></span> 
     </span>
    </p>
   </div>
   <div class='ocr_carea' id='block_1_31' title="bbox 378 2852 1961 2924">
    <p class='ocr_par' dir='ltr' id='par_1_31' title="bbox 378 2852 1961 2924">
     <span class='ocr_line' id='line_1_31' title="bbox 378 2852 1961 2924; baseline 0.004 -19"><span class='ocrx_word' id='word_1_193' title='bbox 378 2863 471 2907; x_wconf 83' lang='lat' dir='ltr'><strong>tus</strong></span> <span class='ocrx_word' id='word_1_194' title='bbox 535 2852 738 2924; x_wconf 81' lang='lat' dir='ltr'><strong>fugam,</strong></span> <span class='ocrx_word' id='word_1_195' title='bbox 795 2854 1176 2911; x_wconf 82' lang='lat' dir='ltr'><strong>Aristobulum</strong></span> <span class='ocrx_word' id='word_1_196' title='bbox 1238 2857 1474 2913; x_wconf 78' lang='lat' dir='ltr'><strong>vinculis</strong></span> <span class='ocrx_word' id='word_1_197' title='bbox 1528 2859 1769 2912; x_wconf 88' lang='lat' dir='ltr'><strong>solutum</strong></span> <span class='ocrx_word' id='word_1_198' title='bbox 1836 2873 1961 2913; x_wconf 91' lang='lat' dir='ltr'><strong>cum</strong></span> 
     </span>
    </p>
   </div>
   <div class='ocr_carea' id='block_1_32' title="bbox 377 2945 1966 3022">
    <p class='ocr_par' dir='ltr' id='par_1_32' title="bbox 377 2945 1966 3022">
     <span class='ocr_line' id='line_1_32' title="bbox 377 2945 1966 3022; baseline 0.003 -22"><span class='ocrx_word' id='word_1_199' title='bbox 377 2946 626 3002; x_wconf 83' lang='lat' dir='ltr'><strong>exercitu</strong></span> <span class='ocrx_word' id='word_1_200' title='bbox 659 2945 714 3001; x_wconf 90' lang='lat' dir='ltr'><strong>iu</strong></span> <span class='ocrx_word' id='word_1_201' title='bbox 747 2947 960 3021; x_wconf 78' lang='lat' dir='ltr'><strong>Syriam</strong></span> <span class='ocrx_word' id='word_1_202' title='bbox 997 2950 1208 3006; x_wconf 85' lang='lat' dir='ltr'><strong>mittit:</strong></span> <span class='ocrx_word' id='word_1_203' title='bbox 1237 2951 1329 3021; x_wconf 87' lang='lat' dir='ltr'><strong>qui</strong></span> <span class='ocrx_word' id='word_1_204' title='bbox 1359 2961 1652 3022; x_wconf 86' lang='lat' dir='ltr'><strong>antequam</strong></span> <span class='ocrx_word' id='word_1_205' title='bbox 1679 2967 1746 3006; x_wconf 89' lang='lat' dir='ltr'><strong>eo</strong></span> <span class='ocrx_word' id='word_1_206' title='bbox 1784 2951 1966 3006; x_wconf 80' lang='lat' dir='ltr'><strong>venis-</strong></span> 
     </span>
    </p>
   </div>
   <div class='ocr_carea' id='block_1_33' title="bbox 375 3037 1965 3110">
    <p class='ocr_par' dir='ltr' id='par_1_33' title="bbox 375 3037 1965 3110">
     <span class='ocr_line' id='line_1_33' title="bbox 375 3037 1965 3110; baseline 0.003 -18"><span class='ocrx_word' id='word_1_207' title='bbox 375 3046 483 3101; x_wconf 83' lang='lat' dir='ltr'><strong>set,</strong></span> <span class='ocrx_word' id='word_1_208' title='bbox 513 3053 544 3092; x_wconf 88' lang='lat' dir='ltr'><strong>a</strong></span> <span class='ocrx_word' id='word_1_209' title='bbox 577 3037 928 3110; x_wconf 85' lang='lat' dir='ltr'><strong>Pompeianis</strong></span> <span class='ocrx_word' id='word_1_210' title='bbox 965 3055 1179 3095; x_wconf 87' lang='lat' dir='ltr'><strong>veneno</strong></span> <span class='ocrx_word' id='word_1_211' title='bbox 1209 3041 1464 3096; x_wconf 89' lang='lat' dir='ltr'><strong>sublatus</strong></span> <span class='ocrx_word' id='word_1_212' title='bbox 1499 3054 1606 3108; x_wconf 88' lang='lat' dir='ltr'><strong>est,</strong></span> <span class='ocrx_word' id='word_1_213' title='bbox 1653 3043 1965 3098; x_wconf 81' lang='lat' dir='ltr'><strong>Alexander</strong></span> 
     </span>
    </p>
   </div>
   <div class='ocr_carea' id='block_1_34' title="bbox 2070 529 3651 604">
    <p class='ocr_par' dir='ltr' id='par_1_34' title="bbox 2070 529 3651 604">
     <span class='ocr_line' id='line_1_34' title="bbox 2070 529 3651 604; baseline -0.002 -17"><span class='ocrx_word' id='word_1_214' title='bbox 2070 534 2278 603; x_wconf 83' lang='grc' dir='ltr'><strong>θείσης,</strong></span> <span class='ocrx_word' id='word_1_215' title='bbox 2301 531 2584 604; x_wconf 65' lang='grc' dir='ltr'><strong>ἡττῶνται(</strong></span> <span class='ocrx_word' id='word_1_216' title='bbox 2607 530 2877 588; x_wconf 73' lang='grc' dir='ltr'><strong>Ἰουδαῖοι.</strong></span> <span class='ocrx_word' id='word_1_217' title='bbox 2895 530 2992 584; x_wconf 70' lang='grc' dir='ltr'><strong>καὶ</strong></span> <span class='ocrx_word' id='word_1_218' title='bbox 3015 529 3313 599; x_wconf 67' lang='grc' dir='ltr'><strong>φεύγουσιν</strong></span> <span class='ocrx_word' id='word_1_219' title='bbox 3342 533 3440 584; x_wconf 73' lang='grc' dir='ltr'><strong>καὶ</strong></span> <span class='ocrx_word' id='word_1_220' title='bbox 3470 533 3519 584; x_wconf 79' lang='lat' dir='ltr'><strong>oi</strong></span> <span class='ocrx_word' id='word_1_221' title='bbox 3553 532 3651 600; x_wconf 74' lang='grc' dir='ltr'><strong>μὲν</strong></span> 
     </span>
    </p>
   </div>
   <div class='ocr_carea' id='block_1_35' title="bbox 2070 624 3651 697">
    <p class='ocr_par' dir='ltr' id='par_1_35' title="bbox 2070 624 3651 697">
     <span class='ocr_line' id='line_1_35' title="bbox 2070 624 3651 697; baseline -0.003 -14"><span class='ocrx_word' id='word_1_222' title='bbox 2070 630 2394 693; x_wconf 73' lang='grc' dir='ltr'><strong>κτείνονται,</strong></span> <span class='ocrx_word' id='word_1_223' title='bbox 2417 627 2796 681; x_wconf 81' lang='grc' dir='ltr'><strong>σκεδάννυνται</strong></span> <span class='ocrx_word' id='word_1_224' title='bbox 2813 625 2868 679; x_wconf 83' lang='grc' dir='ltr'><strong>δὲ</strong></span> <span class='ocrx_word' id='word_1_225' title='bbox 2886 625 2936 678; x_wconf 75' lang='lat' dir='ltr'><strong>si</strong></span> <span class='ocrx_word' id='word_1_226' title='bbox 2954 624 3152 678; x_wconf 83' lang='grc' dir='ltr'><strong>λοιποί.</strong></span> <span class='ocrx_word' id='word_1_227' title='bbox 3171 625 3225 677; x_wconf 78' lang='lat' dir='ltr'><strong>&#39;A</strong></span> <span class='ocrx_word' id='word_1_228' title='bbox 3235 625 3580 697; x_wconf 79' lang='grc' dir='ltr'><strong>ριστύϐουλος</strong></span> <span class='ocrx_word' id='word_1_229' title='bbox 3595 626 3651 679; x_wconf 70' lang='grc' dir='ltr'><strong>δὲ</strong></span> 
     </span>
    </p>
   </div>
   <div class='ocr_carea' id='block_1_36' title="bbox 2072 717 3650 793">
    <p class='ocr_par' dir='ltr' id='par_1_36' title="bbox 2072 717 3650 793">
     <span class='ocr_line' id='line_1_36' title="bbox 2072 717 3650 793; baseline -0.004 -17"><span class='ocrx_word' id='word_1_230' title='bbox 2072 723 2208 793; x_wconf 83' lang='grc' dir='ltr'><strong>μετά</strong></span> <span class='ocrx_word' id='word_1_231' title='bbox 2234 722 2421 791; x_wconf 78' lang='grc' dir='ltr'><strong>χιλίων</strong></span> <span class='ocrx_word' id='word_1_232' title='bbox 2480 722 2560 784; x_wconf 85' lang='grc' dir='ltr'><strong>είς</strong></span> <span class='ocrx_word' id='word_1_233' title='bbox 2596 717 2989 790; x_wconf 76' lang='grc' dir='ltr'><strong>Μαχαιροῦντα</strong></span> <span class='ocrx_word' id='word_1_234' title='bbox 3036 717 3307 786; x_wconf 80' lang='grc' dir='ltr'><strong>συνέφυγε</strong></span> <span class='ocrx_word' id='word_1_235' title='bbox 3363 719 3504 788; x_wconf 85' lang='grc' dir='ltr'><strong>μετὰ</strong></span> <span class='ocrx_word' id='word_1_236' title='bbox 3550 718 3650 771; x_wconf 78' lang='grc' dir='ltr'><strong>τοῦ</strong></span> 
     </span>
    </p>
   </div>
   <div class='ocr_carea' id='block_1_37' title="bbox 2069 809 3650 881">
    <p class='ocr_par' dir='ltr' id='par_1_37' title="bbox 2069 809 3650 881">
     <span class='ocr_line' id='line_1_37' title="bbox 2069 809 3650 881; baseline -0.003 -13"><span class='ocrx_word' id='word_1_237' title='bbox 2069 815 2258 877; x_wconf 78' lang='grc' dir='ltr'><strong>παιδὸς</strong></span> <span class='ocrx_word' id='word_1_238' title='bbox 2287 811 2621 881; x_wconf 66' lang='grc' dir='ltr'><strong>Ἀντιγόνου,</strong></span> <span class='ocrx_word' id='word_1_239' title='bbox 2647 811 3091 881; x_wconf 81' lang='grc' dir='ltr'><strong>συναποδράντος</strong></span> <span class='ocrx_word' id='word_1_240' title='bbox 3121 811 3185 862; x_wconf 71' lang='grc' dir='ltr'><strong>ἐκ</strong></span> <span class='ocrx_word' id='word_1_241' title='bbox 3217 809 3441 879; x_wconf 80' lang='grc' dir='ltr'><strong>Ῥώμης</strong></span> <span class='ocrx_word' id='word_1_242' title='bbox 3473 810 3650 879; x_wconf 77' lang='grc' dir='ltr'><strong>αὐτῷ.</strong></span> 
     </span>
    </p>
   </div>
   <div class='ocr_carea' id='block_1_38' title="bbox 2067 903 3655 976">
    <p class='ocr_par' dir='ltr' id='par_1_38' title="bbox 2067 903 3655 976">
     <span class='ocr_line' id='line_1_38' title="bbox 2067 903 3655 976; baseline -0.003 -14"><span class='ocrx_word' id='word_1_243' title='bbox 2067 907 2225 962; x_wconf 80' lang='grc' dir='ltr'><strong>Μετά</strong></span> <span class='ocrx_word' id='word_1_244' title='bbox 2250 907 2306 960; x_wconf 79' lang='grc' dir='ltr'><strong>δὲ</strong></span> <span class='ocrx_word' id='word_1_245' title='bbox 2335 906 2448 959; x_wconf 80' lang='grc' dir='ltr'><strong>δύω</strong></span> <span class='ocrx_word' id='word_1_246' title='bbox 2500 905 2718 976; x_wconf 76' lang='grc' dir='ltr'><strong>ἡμέρας</strong></span> <span class='ocrx_word' id='word_1_247' title='bbox 2743 903 3182 974; x_wconf 70' lang='grc' dir='ltr'><strong>τραυματισθείς</strong></span> <span class='ocrx_word' id='word_1_248' title='bbox 3222 903 3390 967; x_wconf 75' lang='grc' dir='ltr'><strong>ἑάλω,</strong></span> <span class='ocrx_word' id='word_1_249' title='bbox 3422 903 3521 957; x_wconf 74' lang='grc' dir='ltr'><strong>καὶ</strong></span> <span class='ocrx_word' id='word_1_250' title='bbox 3551 904 3655 957; x_wconf 72' lang='grc' dir='ltr'><strong>σὺν</strong></span> 
     </span>
    </p>
   </div>
   <div class='ocr_carea' id='block_1_39' title="bbox 2067 996 3656 1073">
    <p class='ocr_par' dir='ltr' id='par_1_39' title="bbox 2067 996 3656 1073">
     <span class='ocr_line' id='line_1_39' title="bbox 2067 996 3656 1073; baseline -0.004 -17"><span class='ocrx_word' id='word_1_251' title='bbox 2067 1001 2148 1073; x_wconf 80' lang='grc' dir='ltr'><strong>τῷ</strong></span> <span class='ocrx_word' id='word_1_252' title='bbox 2177 1001 2278 1072; x_wconf 85' lang='grc' dir='ltr'><strong>υίῷ</strong></span> <span class='ocrx_word' id='word_1_253' title='bbox 2318 1000 2614 1070; x_wconf 77' lang='grc' dir='ltr'><strong>Ἀντιγόνῳ</strong></span> <span class='ocrx_word' id='word_1_254' title='bbox 2643 999 2994 1069; x_wconf 85' lang='grc' dir='ltr'><strong>αίχμάλωτος</strong></span> <span class='ocrx_word' id='word_1_255' title='bbox 3026 997 3165 1069; x_wconf 72' lang='grc' dir='ltr'><strong>πρὸς</strong></span> <span class='ocrx_word' id='word_1_256' title='bbox 3197 996 3467 1068; x_wconf 79' lang='grc' dir='ltr'><strong>Γαϐήνιον</strong></span> <span class='ocrx_word' id='word_1_257' title='bbox 3513 997 3656 1064; x_wconf 80' lang='grc' dir='ltr'><strong>ἆγε-</strong></span> 
     </span>
    </p>
   </div>
   <div class='ocr_carea' id='block_1_40' title="bbox 2067 1088 3656 1162">
    <p class='ocr_par' dir='ltr' id='par_1_40' title="bbox 2067 1088 3656 1162">
     <span class='ocr_line' id='line_1_40' title="bbox 2067 1088 3656 1162; baseline -0.006 -13"><span class='ocrx_word' id='word_1_258' title='bbox 2067 1113 2181 1157; x_wconf 87' lang='grc' dir='ltr'><strong>ται,</strong></span> <span class='ocrx_word' id='word_1_259' title='bbox 2214 1095 2308 1148; x_wconf 68' lang='grc' dir='ltr'><strong>καὶ</strong></span> <span class='ocrx_word' id='word_1_260' title='bbox 2334 1092 2726 1162; x_wconf 79' lang='grc' dir='ltr'><strong>ἀναπέμπεται</strong></span> <span class='ocrx_word' id='word_1_261' title='bbox 2764 1088 2922 1154; x_wconf 74' lang='grc' dir='ltr'><strong>αὖθις</strong></span> <span class='ocrx_word' id='word_1_262' title='bbox 2962 1090 3042 1154; x_wconf 84' lang='grc' dir='ltr'><strong>είς</strong></span> <span class='ocrx_word' id='word_1_263' title='bbox 3071 1088 3314 1161; x_wconf 81' lang='grc' dir='ltr'><strong>Ῥώμην,</strong></span> <span class='ocrx_word' id='word_1_264' title='bbox 3352 1091 3448 1143; x_wconf 80' lang='grc' dir='ltr'><strong>καὶ</strong></span> <span class='ocrx_word' id='word_1_265' title='bbox 3474 1089 3656 1154; x_wconf 64' lang='grc' dir='ltr'><strong>δεθεὶς</strong></span> 
     </span>
    </p>
   </div>
   <div class='ocr_carea' id='block_1_41' title="bbox 2067 1180 3655 1258">
    <p class='ocr_par' dir='ltr' id='par_1_41' title="bbox 2067 1180 3655 1258">
     <span class='ocr_line' id='line_1_41' title="bbox 2067 1180 3655 1258; baseline -0.004 -17"><span class='ocrx_word' id='word_1_266' title='bbox 2067 1187 2381 1258; x_wconf 78' lang='grc' dir='ltr'><strong>κατείχετο,</strong></span> <span class='ocrx_word' id='word_1_267' title='bbox 2415 1185 2746 1256; x_wconf 76' lang='grc' dir='ltr'><strong>βασιλεύσας</strong></span> <span class='ocrx_word' id='word_1_268' title='bbox 2770 1183 2866 1236; x_wconf 72' lang='grc' dir='ltr'><strong>καὶ</strong></span> <span class='ocrx_word' id='word_1_269' title='bbox 2899 1181 3335 1254; x_wconf 79' lang='grc' dir='ltr'><strong>ἀρχιερατεύσας</strong></span> <span class='ocrx_word' id='word_1_270' title='bbox 3373 1180 3471 1250; x_wconf 78' lang='grc' dir='ltr'><strong>ἐτη</strong></span> <span class='ocrx_word' id='word_1_271' title='bbox 3497 1183 3655 1247; x_wconf 80' lang='grc' dir='ltr'><strong>τρία.</strong></span> 
     </span>
    </p>
   </div>
   <div class='ocr_carea' id='block_1_42' title="bbox 2066 1271 3661 1352">
    <p class='ocr_par' dir='ltr' id='par_1_42' title="bbox 2066 1271 3661 1352">
     <span class='ocr_line' id='line_1_42' title="bbox 2066 1271 3661 1352; baseline -0.004 -19"><span class='ocrx_word' id='word_1_272' title='bbox 2066 1278 2336 1352; x_wconf 79' lang='grc' dir='ltr'><strong>Γαϐήνιος</strong></span> <span class='ocrx_word' id='word_1_273' title='bbox 2387 1278 2445 1332; x_wconf 85' lang='grc' dir='ltr'><strong>δὲ</strong></span> <span class='ocrx_word' id='word_1_274' title='bbox 2504 1277 2672 1349; x_wconf 70' lang='grc' dir='ltr'><strong>ἀπῄει</strong></span> <span class='ocrx_word' id='word_1_275' title='bbox 2726 1277 2805 1339; x_wconf 87' lang='grc' dir='ltr'><strong>είς</strong></span> <span class='ocrx_word' id='word_1_276' title='bbox 2836 1273 3136 1343; x_wconf 77' lang='grc' dir='ltr'><strong>Αἴγυπτον.</strong></span> <span class='ocrx_word' id='word_1_277' title='bbox 3201 1271 3551 1328; x_wconf 74' lang='grc' dir='ltr'><strong>’Ἐπανελθὼν</strong></span> <span class='ocrx_word' id='word_1_278' title='bbox 3600 1275 3661 1328; x_wconf 57' lang='grc' dir='ltr'><strong>δὴ</strong></span> 
     </span>
    </p>
   </div>
   <div class='ocr_carea' id='block_1_43' title="bbox 2066 1361 3662 1440">
    <p class='ocr_par' dir='ltr' id='par_1_43' title="bbox 2066 1361 3662 1440">
     <span class='ocr_line' id='line_1_43' title="bbox 2066 1361 3662 1440; baseline -0.006 -15"><span class='ocrx_word' id='word_1_279' title='bbox 2066 1372 2300 1434; x_wconf 77' lang='grc' dir='ltr'><strong>ἐκεῖθεν,</strong></span> <span class='ocrx_word' id='word_1_280' title='bbox 2339 1361 2466 1440; x_wconf 65' lang='grc' dir='ltr'><strong>εὗρε</strong></span> <span class='ocrx_word' id='word_1_281' title='bbox 2496 1369 2588 1422; x_wconf 69' lang='grc' dir='ltr'>τὸν</span> <span class='ocrx_word' id='word_1_282' title='bbox 2637 1366 3053 1440; x_wconf 79' lang='grc' dir='ltr'><strong>Ἀριστοϐούλου</strong></span> <span class='ocrx_word' id='word_1_283' title='bbox 3074 1366 3241 1420; x_wconf 84' lang='grc' dir='ltr'><strong>παῖδα</strong></span> <span class='ocrx_word' id='word_1_284' title='bbox 3277 1364 3662 1436; x_wconf 74' lang='grc' dir='ltr'><strong>Ἀλέξανδρον,</strong></span> 
     </span>
    </p>
   </div>
   <div class='ocr_carea' id='block_1_44' title="bbox 2068 1458 3662 1533">
    <p class='ocr_par' dir='ltr' id='par_1_44' title="bbox 2068 1458 3662 1533">
     <span class='ocr_line' id='line_1_44' title="bbox 2068 1458 3662 1533; baseline -0.004 -17"><span class='ocrx_word' id='word_1_285' title='bbox 2068 1462 2446 1533; x_wconf 78' lang='grc' dir='ltr'><strong>στρατεύματι</strong></span> <span class='ocrx_word' id='word_1_286' title='bbox 2498 1461 2721 1532; x_wconf 84' lang='grc' dir='ltr'><strong>μεγάλῳ</strong></span> <span class='ocrx_word' id='word_1_287' title='bbox 2770 1461 2869 1531; x_wconf 81' lang='grc' dir='ltr'><strong>τὴν</strong></span> <span class='ocrx_word' id='word_1_288' title='bbox 2895 1458 3081 1532; x_wconf 80' lang='grc' dir='ltr'><strong>χώραν</strong></span> <span class='ocrx_word' id='word_1_289' title='bbox 3112 1459 3362 1524; x_wconf 72' lang='grc' dir='ltr'><strong>ἐπιόντα,</strong></span> <span class='ocrx_word' id='word_1_290' title='bbox 3387 1459 3485 1512; x_wconf 86' lang='grc' dir='ltr'><strong>καὶ</strong></span> <span class='ocrx_word' id='word_1_291' title='bbox 3506 1459 3662 1522; x_wconf 83' lang='grc' dir='ltr'><strong>ὅσοις</strong></span> 
     </span>
    </p>
   </div>
   <div class='ocr_carea' id='block_1_45' title="bbox 2067 1548 3654 1630">
    <p class='ocr_par' dir='ltr' id='par_1_45' title="bbox 2067 1548 3654 1630">
     <span class='ocr_line' id='line_1_45' title="bbox 2067 1548 3654 1630; baseline -0.006 -19"><span class='ocrx_word' id='word_1_292' title='bbox 2067 1557 2281 1630; x_wconf 69' lang='grc' dir='ltr'><strong>ἐντύχοι</strong></span> <span class='ocrx_word' id='word_1_293' title='bbox 2299 1557 2411 1610; x_wconf 84' lang='grc' dir='ltr'><strong>τῶν</strong></span> <span class='ocrx_word' id='word_1_294' title='bbox 2439 1554 2732 1625; x_wconf 86' lang='grc' dir='ltr'><strong>Ῥωμαίων</strong></span> <span class='ocrx_word' id='word_1_295' title='bbox 2751 1553 2961 1616; x_wconf 79' lang='grc' dir='ltr'><strong>πάντας</strong></span> <span class='ocrx_word' id='word_1_296' title='bbox 2985 1549 3325 1606; x_wconf 84' lang='grc' dir='ltr'><strong>κτιννύοντα.</strong></span> <span class='ocrx_word' id='word_1_297' title='bbox 3348 1548 3654 1621; x_wconf 66' lang='grc' dir='ltr'><strong>Συμϐαλὺι</strong></span> 
     </span>
    </p>
   </div>
   <div class='ocr_carea' id='block_1_46' title="bbox 2067 1645 3663 1722">
    <p class='ocr_par' dir='ltr' id='par_1_46' title="bbox 2067 1645 3663 1722">
     <span class='ocr_line' id='line_1_46' title="bbox 2067 1645 3663 1722; baseline -0.004 -15"><span class='ocrx_word' id='word_1_298' title='bbox 2067 1651 2160 1707; x_wconf 78' lang='grc' dir='ltr'><strong>οὖν</strong></span> <span class='ocrx_word' id='word_1_299' title='bbox 2185 1651 2361 1722; x_wconf 85' lang='grc' dir='ltr'><strong>τούτῳ</strong></span> <span class='ocrx_word' id='word_1_300' title='bbox 2405 1651 2532 1721; x_wconf 66' lang='grc' dir='ltr'><strong>περὶ</strong></span> <span class='ocrx_word' id='word_1_301' title='bbox 2562 1649 2623 1702; x_wconf 85' lang='grc' dir='ltr'><strong>τὸ</strong></span> <span class='ocrx_word' id='word_1_302' title='bbox 2685 1647 2987 1716; x_wconf 61' lang='grc' dir='ltr'><strong>Ἰταϐύριον</strong></span> <span class='ocrx_word' id='word_1_303' title='bbox 3015 1646 3162 1718; x_wconf 84' lang='grc' dir='ltr'><strong>δρος,</strong></span> <span class='ocrx_word' id='word_1_304' title='bbox 3191 1647 3558 1718; x_wconf 69' lang='grc' dir='ltr'><strong>τρισμυρίους</strong></span> <span class='ocrx_word' id='word_1_305' title='bbox 3593 1645 3663 1700; x_wconf 77' lang='grc' dir='ltr'><strong>ἀ-</strong></span> 
     </span>
    </p>
   </div>
   <div class='ocr_carea' id='block_1_47' title="bbox 2066 1739 3658 1817">
    <p class='ocr_par' dir='ltr' id='par_1_47' title="bbox 2066 1739 3658 1817">
     <span class='ocr_line' id='line_1_47' title="bbox 2066 1739 3658 1817; baseline -0.006 -15"><span class='ocrx_word' id='word_1_306' title='bbox 2066 1765 2219 1817; x_wconf 87' lang='grc' dir='ltr'><strong>γοντι</strong></span> <span class='ocrx_word' id='word_1_307' title='bbox 2260 1744 2574 1806; x_wconf 84' lang='grc' dir='ltr'><strong>Ἰουδαίους,</strong></span> <span class='ocrx_word' id='word_1_308' title='bbox 2605 1758 2807 1796; x_wconf 64' lang='grc' dir='ltr'><strong>κτειι-ει</strong></span> <span class='ocrx_word' id='word_1_309' title='bbox 2847 1747 2978 1814; x_wconf 74' lang='grc' dir='ltr'><strong>περὶ</strong></span> <span class='ocrx_word' id='word_1_310' title='bbox 3011 1739 3262 1812; x_wconf 79' lang='grc' dir='ltr'><strong>μυρίους.</strong></span> <span class='ocrx_word' id='word_1_311' title='bbox 3289 1741 3658 1810; x_wconf 80' lang='grc' dir='ltr'><strong>Καταστησά-</strong></span> 
     </span>
    </p>
   </div>
   <div class='ocr_carea' id='block_1_48' title="bbox 2073 1832 3667 1910">
    <p class='ocr_par' dir='ltr' id='par_1_48' title="bbox 2073 1832 3667 1910">
     <span class='ocr_line' id='line_1_48' title="bbox 2073 1832 3667 1910; baseline -0.005 -17"><span class='ocrx_word' id='word_1_312' title='bbox 2073 1855 2231 1910; x_wconf 82' lang='grc' dir='ltr'><strong>μενος</strong></span> <span class='ocrx_word' id='word_1_313' title='bbox 2261 1839 2318 1893; x_wconf 80' lang='grc' dir='ltr'><strong>δὲ</strong></span> <span class='ocrx_word' id='word_1_314' title='bbox 2352 1837 2418 1890; x_wconf 85' lang='grc' dir='ltr'><strong>τά</strong></span> <span class='ocrx_word' id='word_1_315' title='bbox 2457 1838 2513 1889; x_wconf 79' lang='grc' dir='ltr'><strong>ὲν</strong></span> <span class='ocrx_word' id='word_1_316' title='bbox 2559 1833 2982 1906; x_wconf 85' lang='grc' dir='ltr'><strong>Ἰεροσολύμοις,</strong></span> <span class='ocrx_word' id='word_1_317' title='bbox 3014 1833 3092 1892; x_wconf 84' lang='grc' dir='ltr'><strong>ὡς</strong></span> <span class='ocrx_word' id='word_1_318' title='bbox 3136 1834 3164 1886; x_wconf 98' lang='lat'><strong>6</strong></span> <span class='ocrx_word' id='word_1_319' title='bbox 3203 1832 3572 1905; x_wconf 82' lang='grc' dir='ltr'><strong>Ἀντίπατρος</strong></span> <span class='ocrx_word' id='word_1_320' title='bbox 3601 1834 3667 1904; x_wconf 65' lang='grc' dir='ltr'><strong>ἦ.</strong></span> 
     </span>
    </p>
   </div>
   <div class='ocr_carea' id='block_1_49' title="bbox 2070 1922 3667 1998">
    <p class='ocr_par' dir='ltr' id='par_1_49' title="bbox 2070 1922 3667 1998">
     <span class='ocr_line' id='line_1_49' title="bbox 2070 1922 3667 1998; baseline -0.007 -12"><span class='ocrx_word' id='word_1_321' title='bbox 2070 1932 2214 1996; x_wconf 85' lang='grc' dir='ltr'><strong>οελε,</strong></span> <span class='ocrx_word' id='word_1_322' title='bbox 2266 1931 2359 1985; x_wconf 81' lang='grc' dir='ltr'><strong>καὶ</strong></span> <span class='ocrx_word' id='word_1_323' title='bbox 2404 1929 2540 1982; x_wconf 78' lang='grc' dir='ltr'><strong>ἄλλα</strong></span> <span class='ocrx_word' id='word_1_324' title='bbox 2575 1927 2631 1982; x_wconf 84' lang='grc' dir='ltr'><strong>δὲ</strong></span> <span class='ocrx_word' id='word_1_325' title='bbox 2683 1927 3078 1998; x_wconf 69' lang='grc' dir='ltr'><strong>στρατηγήσας</strong></span> <span class='ocrx_word' id='word_1_326' title='bbox 3126 1923 3266 1994; x_wconf 82' lang='grc' dir='ltr'><strong>ἔργα</strong></span> <span class='ocrx_word' id='word_1_327' title='bbox 3305 1922 3543 1994; x_wconf 75' lang='grc' dir='ltr'><strong>μεγάλα,</strong></span> <span class='ocrx_word' id='word_1_328' title='bbox 3583 1925 3667 1986; x_wconf 85' lang='grc' dir='ltr'><strong>εἰς</strong></span> 
     </span>
    </p>
   </div>
   <div class='ocr_carea' id='block_1_50' title="bbox 2076 2007 3667 2093">
    <p class='ocr_par' dir='ltr' id='par_1_50' title="bbox 2076 2007 3667 2093">
     <span class='ocr_line' id='line_1_50' title="bbox 2076 2007 3667 2093; baseline -0.006 -17"><span class='ocrx_word' id='word_1_329' title='bbox 2076 2023 2298 2093; x_wconf 82' lang='grc' dir='ltr'><strong>Ῥώμην</strong></span> <span class='ocrx_word' id='word_1_330' title='bbox 2326 2022 2532 2092; x_wconf 82' lang='grc' dir='ltr'><strong>ἀπῆρε,</strong></span> <span class='ocrx_word' id='word_1_331' title='bbox 2558 2018 2764 2090; x_wconf 82' lang='grc' dir='ltr'><strong>Κράσῳ</strong></span> <span class='ocrx_word' id='word_1_332' title='bbox 2813 2016 3090 2088; x_wconf 71' lang='grc' dir='ltr'><strong>παραδοὺς</strong></span> <span class='ocrx_word' id='word_1_333' title='bbox 3111 2016 3214 2088; x_wconf 75' lang='grc' dir='ltr'><strong>την</strong></span> <span class='ocrx_word' id='word_1_334' title='bbox 3236 2016 3438 2086; x_wconf 77' lang='grc' dir='ltr'><strong>ἀρχήν.</strong></span> <span class='ocrx_word' id='word_1_335' title='bbox 3481 2007 3667 2079; x_wconf 70' lang='grc' dir='ltr'><strong>Οὗτος</strong></span> 
     </span>
    </p>
   </div>
   <div class='ocr_carea' id='block_1_51' title="bbox 2067 2107 3669 2186">
    <p class='ocr_par' dir='ltr' id='par_1_51' title="bbox 2067 2107 3669 2186">
     <span class='ocr_line' id='line_1_51' title="bbox 2067 2107 3669 2186; baseline -0.006 -16"><span class='ocrx_word' id='word_1_336' title='bbox 2067 2115 2168 2171; x_wconf 75' lang='grc' dir='ltr'><strong>δὲὸ</strong></span> <span class='ocrx_word' id='word_1_337' title='bbox 2197 2114 2436 2186; x_wconf 82' lang='grc' dir='ltr'><strong>Κράσος,</strong></span> <span class='ocrx_word' id='word_1_338' title='bbox 2458 2114 2538 2176; x_wconf 86' lang='grc' dir='ltr'><strong>είς</strong></span> <span class='ocrx_word' id='word_1_339' title='bbox 2566 2112 2666 2182; x_wconf 80' lang='grc' dir='ltr'><strong>τὴν</strong></span> <span class='ocrx_word' id='word_1_340' title='bbox 2702 2109 2964 2164; x_wconf 73' lang='grc' dir='ltr'><strong>Ἰουδαίαν</strong></span> <span class='ocrx_word' id='word_1_341' title='bbox 2999 2108 3194 2171; x_wconf 79' lang='grc' dir='ltr'><strong>ἐλθὼν,</strong></span> <span class='ocrx_word' id='word_1_342' title='bbox 3227 2110 3296 2162; x_wconf 73' lang='grc' dir='ltr'><strong>τὰ</strong></span> <span class='ocrx_word' id='word_1_343' title='bbox 3326 2111 3387 2161; x_wconf 86' lang='grc' dir='ltr'><strong>ὲν</strong></span> <span class='ocrx_word' id='word_1_344' title='bbox 3407 2107 3490 2180; x_wconf 83' lang='grc' dir='ltr'><strong>τῷ</strong></span> <span class='ocrx_word' id='word_1_345' title='bbox 3522 2107 3669 2179; x_wconf 69' lang='grc' dir='ltr'><strong>ίεῖῷ</strong></span> 
     </span>
    </p>
   </div>
   <div class='ocr_carea' id='block_1_52' title="bbox 2067 2197 3662 2282">
    <p class='ocr_par' dir='ltr' id='par_1_52' title="bbox 2067 2197 3662 2282">
     <span class='ocr_line' id='line_1_52' title="bbox 2067 2197 3662 2282; baseline -0.009 -14"><span class='ocrx_word' id='word_1_346' title='bbox 2067 2212 2355 2282; x_wconf 84' lang='grc' dir='ltr'><strong>χρήματα,</strong></span> <span class='ocrx_word' id='word_1_347' title='bbox 2388 2202 2463 2262; x_wconf 79' lang='grc' dir='ltr'><strong>ὧν</strong></span> <span class='ocrx_word' id='word_1_348' title='bbox 2490 2207 2586 2275; x_wconf 81' lang='grc' dir='ltr'><strong>οὐχ</strong></span> <span class='ocrx_word' id='word_1_349' title='bbox 2614 2204 2789 2276; x_wconf 67' lang='grc' dir='ltr'><strong>ἥψατο</strong></span> <span class='ocrx_word' id='word_1_350' title='bbox 2816 2203 2844 2258; x_wconf 94' lang='lat'><strong>6</strong></span> <span class='ocrx_word' id='word_1_351' title='bbox 2865 2203 3156 2273; x_wconf 79' lang='grc' dir='ltr'><strong>Πομπήϊος</strong></span> <span class='ocrx_word' id='word_1_352' title='bbox 3210 2197 3372 2275; x_wconf 81' lang='grc' dir='ltr'><strong>(ἦσαν</strong></span> <span class='ocrx_word' id='word_1_353' title='bbox 3400 2201 3460 2256; x_wconf 84' lang='grc' dir='ltr'><strong>δὲ</strong></span> <span class='ocrx_word' id='word_1_354' title='bbox 3485 2200 3662 2272; x_wconf 79' lang='grc' dir='ltr'><strong>δισχί·</strong></span> 
     </span>
    </p>
   </div>
   <div class='ocr_carea' id='block_1_53' title="bbox 2068 2292 3665 2371">
    <p class='ocr_par' dir='ltr' id='par_1_53' title="bbox 2068 2292 3665 2371">
     <span class='ocr_line' id='line_1_53' title="bbox 2068 2292 3665 2371; baseline -0.006 -15"><span class='ocrx_word' id='word_1_355' title='bbox 2068 2304 2157 2358; x_wconf 79' lang='grc' dir='ltr'><strong>λια</strong></span> <span class='ocrx_word' id='word_1_356' title='bbox 2189 2300 2472 2371; x_wconf 80' lang='grc' dir='ltr'><strong>τάλαντα),</strong></span> <span class='ocrx_word' id='word_1_357' title='bbox 2509 2299 2691 2352; x_wconf 85' lang='grc' dir='ltr'><strong>πάντα</strong></span> <span class='ocrx_word' id='word_1_358' title='bbox 2717 2295 2991 2368; x_wconf 80' lang='grc' dir='ltr'><strong>ἀφείλετο,</strong></span> <span class='ocrx_word' id='word_1_359' title='bbox 3028 2296 3124 2350; x_wconf 75' lang='grc' dir='ltr'><strong>καὶ</strong></span> <span class='ocrx_word' id='word_1_360' title='bbox 3152 2294 3230 2350; x_wconf 67' lang='grc' dir='ltr'><strong>τοι</strong></span> <span class='ocrx_word' id='word_1_361' title='bbox 3273 2294 3402 2348; x_wconf 66' lang='grc' dir='ltr'><strong>ναὸν</strong></span> <span class='ocrx_word' id='word_1_362' title='bbox 3433 2292 3665 2350; x_wconf 55' lang='lat' dir='ltr'><strong>noto-.3-</strong></span> 
     </span>
    </p>
   </div>
   <div class='ocr_carea' id='block_1_54' title="bbox 2069 2387 3663 2462">
    <p class='ocr_par' dir='ltr' id='par_1_54' title="bbox 2069 2387 3663 2462">
     <span class='ocr_line' id='line_1_54' title="bbox 2069 2387 3663 2462; baseline -0.006 -13"><span class='ocrx_word' id='word_1_363' title='bbox 2069 2413 2170 2459; x_wconf 86' lang='grc' dir='ltr'><strong>σας</strong></span> <span class='ocrx_word' id='word_1_364' title='bbox 2202 2394 2292 2448; x_wconf 76' lang='grc' dir='ltr'><strong>τὸν</strong></span> <span class='ocrx_word' id='word_1_365' title='bbox 2324 2394 2528 2462; x_wconf 81' lang='grc' dir='ltr'><strong>κόσμον</strong></span> <span class='ocrx_word' id='word_1_366' title='bbox 2583 2391 2764 2445; x_wconf 87' lang='grc' dir='ltr'><strong>πάντα</strong></span> <span class='ocrx_word' id='word_1_367' title='bbox 2800 2388 3097 2460; x_wconf 74' lang='grc' dir='ltr'><strong>ἐσύλησεν,</strong></span> <span class='ocrx_word' id='word_1_368' title='bbox 3130 2391 3213 2452; x_wconf 88' lang='grc' dir='ltr'><strong>είς</strong></span> <span class='ocrx_word' id='word_1_369' title='bbox 3249 2387 3496 2441; x_wconf 87' lang='grc' dir='ltr'><strong>τάλαντα</strong></span> <span class='ocrx_word' id='word_1_370' title='bbox 3527 2405 3663 2459; x_wconf 82' lang='grc' dir='ltr'><strong>χρυ·</strong></span> 
     </span>
    </p>
   </div>
   <div class='ocr_carea' id='block_1_55' title="bbox 2068 2481 3671 2558">
    <p class='ocr_par' dir='ltr' id='par_1_55' title="bbox 2068 2481 3671 2558">
     <span class='ocr_line' id='line_1_55' title="bbox 2068 2481 3671 2558; baseline -0.007 -14"><span class='ocrx_word' id='word_1_371' title='bbox 2068 2490 2164 2544; x_wconf 71' lang='grc' dir='ltr'><strong>σοῦ</strong></span> <span class='ocrx_word' id='word_1_372' title='bbox 2199 2487 2586 2558; x_wconf 80' lang='grc' dir='ltr'><strong>ὀκτακισχίλια</strong></span> <span class='ocrx_word' id='word_1_373' title='bbox 2613 2483 3044 2556; x_wconf 76' lang='grc' dir='ltr'><strong>ἀριθμούμενον.</strong></span> <span class='ocrx_word' id='word_1_374' title='bbox 3079 2483 3282 2537; x_wconf 86' lang='grc' dir='ltr'><strong>Ἐλαϐε</strong></span> <span class='ocrx_word' id='word_1_375' title='bbox 3311 2481 3366 2536; x_wconf 79' lang='grc' dir='ltr'><strong>δὲ</strong></span> <span class='ocrx_word' id='word_1_376' title='bbox 3385 2482 3484 2535; x_wconf 77' lang='grc' dir='ltr'><strong>καὶ</strong></span> <span class='ocrx_word' id='word_1_377' title='bbox 3501 2481 3671 2536; x_wconf 78' lang='grc' dir='ltr'><strong>δοκὸν</strong></span> 
     </span>
    </p>
   </div>
   <div class='ocr_carea' id='block_1_56' title="bbox 2069 2575 3670 2653">
    <p class='ocr_par' dir='ltr' id='par_1_56' title="bbox 2069 2575 3670 2653">
     <span class='ocr_line' id='line_1_56' title="bbox 2069 2575 3670 2653; baseline -0.004 -18"><span class='ocrx_word' id='word_1_378' title='bbox 2069 2581 2436 2653; x_wconf 80' lang='grc' dir='ltr'><strong>σφυρήλατον,</strong></span> <span class='ocrx_word' id='word_1_379' title='bbox 2471 2581 2535 2632; x_wconf 81' lang='grc' dir='ltr'><strong>ὲκ</strong></span> <span class='ocrx_word' id='word_1_380' title='bbox 2562 2576 2767 2649; x_wconf 80' lang='grc' dir='ltr'><strong>χρυσοῦ</strong></span> <span class='ocrx_word' id='word_1_381' title='bbox 2797 2577 2949 2647; x_wconf 83' lang='grc' dir='ltr'><strong>μνῶν</strong></span> <span class='ocrx_word' id='word_1_382' title='bbox 2987 2575 3319 2648; x_wconf 73' lang='grc' dir='ltr'><strong>τριακοσίων</strong></span> <span class='ocrx_word' id='word_1_383' title='bbox 3349 2575 3670 2644; x_wconf 74' lang='grc' dir='ltr'><strong>πεποιημέο</strong></span> 
     </span>
    </p>
   </div>
   <div class='ocr_carea' id='block_1_57' title="bbox 2067 2668 3670 2748">
    <p class='ocr_par' dir='ltr' id='par_1_57' title="bbox 2067 2668 3670 2748">
     <span class='ocr_line' id='line_1_57' title="bbox 2067 2668 3670 2748; baseline -0.006 -18"><span class='ocrx_word' id='word_1_384' title='bbox 2067 2694 2186 2748; x_wconf 88' lang='grc' dir='ltr'><strong>νην.</strong></span> <span class='ocrx_word' id='word_1_385' title='bbox 2245 2675 2313 2728; x_wconf 82' lang='grc' dir='ltr'><em>Ἢ</em></span> <span class='ocrx_word' id='word_1_386' title='bbox 2345 2674 2402 2727; x_wconf 81' lang='grc' dir='ltr'><strong>δὲ</strong></span> <span class='ocrx_word' id='word_1_387' title='bbox 2451 2673 2561 2744; x_wconf 75' lang='grc' dir='ltr'><strong>μνᾶ</strong></span> <span class='ocrx_word' id='word_1_388' title='bbox 2605 2669 2737 2742; x_wconf 82' lang='grc' dir='ltr'><strong>παρ’</strong></span> <span class='ocrx_word' id='word_1_389' title='bbox 2781 2670 3064 2733; x_wconf 84' lang='grc' dir='ltr'><strong>Ἰουδαίοις</strong></span> <span class='ocrx_word' id='word_1_390' title='bbox 3115 2669 3267 2722; x_wconf 72' lang='grc' dir='ltr'><strong>ἕλκει</strong></span> <span class='ocrx_word' id='word_1_391' title='bbox 3315 2668 3514 2739; x_wconf 87' lang='grc' dir='ltr'><strong>λίτρας</strong></span> <span class='ocrx_word' id='word_1_392' title='bbox 3549 2669 3670 2720; x_wconf 83' lang='grc' dir='ltr'><strong>δύω</strong></span> 
     </span>
    </p>
   </div>
   <div class='ocr_carea' id='block_1_58' title="bbox 2067 2760 3665 2840">
    <p class='ocr_par' dir='ltr' id='par_1_58' title="bbox 2067 2760 3665 2840">
     <span class='ocr_line' id='line_1_58' title="bbox 2067 2760 3665 2840; baseline -0.008 -15"><span class='ocrx_word' id='word_1_393' title='bbox 2067 2772 2164 2825; x_wconf 72' lang='grc' dir='ltr'><strong>καὶ</strong></span> <span class='ocrx_word' id='word_1_394' title='bbox 2188 2768 2472 2840; x_wconf 79' lang='grc' dir='ltr'><strong>ἡμίσειαν.</strong></span> <span class='ocrx_word' id='word_1_395' title='bbox 2498 2765 2683 2820; x_wconf 82' lang='grc' dir='ltr'><strong>Ταῦτα</strong></span> <span class='ocrx_word' id='word_1_396' title='bbox 2703 2762 2906 2826; x_wconf 87' lang='grc' dir='ltr'><strong>λαϐὼν,</strong></span> <span class='ocrx_word' id='word_1_397' title='bbox 2932 2763 3024 2815; x_wconf 72' lang='grc' dir='ltr'><strong>ἐπὶ</strong></span> <span class='ocrx_word' id='word_1_398' title='bbox 3055 2761 3304 2833; x_wconf 82' lang='grc' dir='ltr'><strong>Πάρθους</strong></span> <span class='ocrx_word' id='word_1_399' title='bbox 3334 2760 3569 2831; x_wconf 76' lang='grc' dir='ltr'><strong>ἐξώρμη</strong></span> <span class='ocrx_word' id='word_1_400' title='bbox 3582 2778 3665 2822; x_wconf 83' lang='grc' dir='ltr'><strong>σε,</strong></span> 
     </span>
    </p>
   </div>
   <div class='ocr_carea' id='block_1_59' title="bbox 2067 2853 3666 2933">
    <p class='ocr_par' dir='ltr' id='par_1_59' title="bbox 2067 2853 3666 2933">
     <span class='ocr_line' id='line_1_59' title="bbox 2067 2853 3666 2933; baseline -0.008 -15"><span class='ocrx_word' id='word_1_401' title='bbox 2067 2865 2161 2919; x_wconf 74' lang='grc' dir='ltr'><strong>καὶ</strong></span> <span class='ocrx_word' id='word_1_402' title='bbox 2189 2862 2406 2933; x_wconf 68' lang='grc' dir='ltr'><strong>ἐφθάρη</strong></span> <span class='ocrx_word' id='word_1_403' title='bbox 2443 2860 2539 2914; x_wconf 74' lang='grc' dir='ltr'><strong>σὺν</strong></span> <span class='ocrx_word' id='word_1_404' title='bbox 2590 2859 2668 2929; x_wconf 82' lang='grc' dir='ltr'><strong>τῷ</strong></span> <span class='ocrx_word' id='word_1_405' title='bbox 2698 2856 3096 2929; x_wconf 78' lang='grc' dir='ltr'><strong>στρατεύματι.</strong></span> <span class='ocrx_word' id='word_1_406' title='bbox 3132 2855 3379 2916; x_wconf 79' lang='grc' dir='ltr'><strong>Κάσσιος</strong></span> <span class='ocrx_word' id='word_1_407' title='bbox 3432 2853 3515 2915; x_wconf 81' lang='grc' dir='ltr'><strong>δὲ,</strong></span> <span class='ocrx_word' id='word_1_408' title='bbox 3581 2855 3666 2917; x_wconf 81' lang='grc' dir='ltr'><strong>είς</strong></span> 
     </span>
    </p>
   </div>
   <div class='ocr_carea' id='block_1_60' title="bbox 2067 2948 3663 3028">
    <p class='ocr_par' dir='ltr' id='par_1_60' title="bbox 2067 2948 3663 3028">
     <span class='ocr_line' id='line_1_60' title="bbox 2067 2948 3663 3028; baseline -0.004 -20"><span class='ocrx_word' id='word_1_409' title='bbox 2067 2955 2267 3028; x_wconf 82' lang='grc' dir='ltr'><strong>Συρίαν</strong></span> <span class='ocrx_word' id='word_1_410' title='bbox 2325 2953 2538 3009; x_wconf 80' lang='grc' dir='ltr'><strong>ἐκεῖθεν</strong></span> <span class='ocrx_word' id='word_1_411' title='bbox 2588 2950 2799 3020; x_wconf 78' lang='grc' dir='ltr'><strong>φυγὼν,</strong></span> <span class='ocrx_word' id='word_1_412' title='bbox 2838 2951 2919 3013; x_wconf 85' lang='grc' dir='ltr'><strong>εἰς</strong></span> <span class='ocrx_word' id='word_1_413' title='bbox 2965 2949 3065 3014; x_wconf 77' lang='grc' dir='ltr'><strong>τὴν</strong></span> <span class='ocrx_word' id='word_1_414' title='bbox 3130 2948 3397 3003; x_wconf 85' lang='grc' dir='ltr'><strong>Ἰουδαίαν</strong></span> <span class='ocrx_word' id='word_1_415' title='bbox 3453 2949 3663 3018; x_wconf 80' lang='grc' dir='ltr'><strong>ἀνέϐη.</strong></span> 
     </span>
    </p>
   </div>
   <div class='ocr_carea' id='block_1_61' title="bbox 2066 3041 3670 3116">
    <p class='ocr_par' dir='ltr' id='par_1_61' title="bbox 2066 3041 3670 3116">
     <span class='ocr_line' id='line_1_61' title="bbox 2066 3041 3670 3116; baseline -0.004 -14"><span class='ocrx_word' id='word_1_416' title='bbox 2066 3049 2226 3116; x_wconf 74' lang='grc' dir='ltr'><strong>Μέγα</strong></span> <span class='ocrx_word' id='word_1_417' title='bbox 2256 3046 2391 3115; x_wconf 73' lang='grc' dir='ltr'><strong>γοῦν</strong></span> <span class='ocrx_word' id='word_1_418' title='bbox 2429 3045 2560 3116; x_wconf 91' lang='grc' dir='ltr'><strong>παρ’</strong></span> <span class='ocrx_word' id='word_1_419' title='bbox 2602 3043 2755 3116; x_wconf 70' lang='grc' dir='ltr'><strong>αὐτῷ</strong></span> <span class='ocrx_word' id='word_1_420' title='bbox 2780 3042 3035 3113; x_wconf 66' lang='grc' dir='ltr'><strong>δεῶῦνητο</strong></span> <span class='ocrx_word' id='word_1_421' title='bbox 3065 3044 3093 3097; x_wconf 91' lang='lat'><strong>6</strong></span> <span class='ocrx_word' id='word_1_422' title='bbox 3137 3042 3526 3114; x_wconf 79' lang='grc' dir='ltr'><strong>Ἀντίπατρος,</strong></span> <span class='ocrx_word' id='word_1_423' title='bbox 3563 3041 3670 3095; x_wconf 73' lang='grc' dir='ltr'><strong>καὶ</strong></span> 
     </span>
    </p>
   </div>
   <div class='ocr_carea' id='block_1_62' title="bbox 375 3129 1963 3211">
    <p class='ocr_par' dir='ltr' id='par_1_62' title="bbox 375 3130 1961 3204">
     <span class='ocr_line' id='line_1_62' title="bbox 375 3130 1961 3204; baseline 0.003 -20"><span class='ocrx_word' id='word_1_424' title='bbox 375 3131 500 3202; x_wconf 87' lang='lat' dir='ltr'><strong>ejus</strong></span> <span class='ocrx_word' id='word_1_425' title='bbox 539 3130 706 3196; x_wconf 81' lang='lat' dir='ltr'><strong>illius,</strong></span> <span class='ocrx_word' id='word_1_426' title='bbox 750 3133 904 3202; x_wconf 86' lang='lat' dir='ltr'><strong>jussu</strong></span> <span class='ocrx_word' id='word_1_427' title='bbox 956 3131 1226 3201; x_wconf 82' lang='lat' dir='ltr'><strong>Pompeii.</strong></span> <span class='ocrx_word' id='word_1_428' title='bbox 1257 3148 1287 3186; x_wconf 70' lang='grc' dir='ltr'><strong>τι</strong></span> <span class='ocrx_word' id='word_1_429' title='bbox 1318 3132 1578 3202; x_wconf 80' lang='lat' dir='ltr'><strong>Scipione</strong></span> <span class='ocrx_word' id='word_1_430' title='bbox 1618 3137 1801 3189; x_wconf 89' lang='lat' dir='ltr'><strong>securi</strong></span> <span class='ocrx_word' id='word_1_431' title='bbox 1836 3150 1961 3204; x_wconf 87' lang='lat' dir='ltr'><strong>per-</strong></span> 
     </span>
    </p>
   </div>
   <div class='ocr_carea' id='block_1_63' title="bbox 2068 3129 3670 3211">
    <p class='ocr_par' dir='ltr' id='par_1_63' title="bbox 2068 3129 3670 3210">
     <span class='ocr_line' id='line_1_63' title="bbox 2068 3129 3670 3210; baseline -0.005 -17"><span class='ocrx_word' id='word_1_432' title='bbox 2068 3137 2222 3210; x_wconf 86' lang='grc' dir='ltr'><strong>παρά</strong></span> <span class='ocrx_word' id='word_1_433' title='bbox 2268 3137 2615 3207; x_wconf 81' lang='grc' dir='ltr'><strong>Ἰδουμαίοις,</strong></span> <span class='ocrx_word' id='word_1_434' title='bbox 2653 3136 2782 3206; x_wconf 81' lang='grc' dir='ltr'><strong>παρ’</strong></span> <span class='ocrx_word' id='word_1_435' title='bbox 2815 3129 2895 3199; x_wconf 74' lang='grc' dir='ltr'><strong>οἷς</strong></span> <span class='ocrx_word' id='word_1_436' title='bbox 2931 3135 3127 3201; x_wconf 82' lang='grc' dir='ltr'><strong>ἄγεται</strong></span> <span class='ocrx_word' id='word_1_437' title='bbox 3162 3135 3277 3196; x_wconf 77' lang='lat'><strong>(55)</strong></span> <span class='ocrx_word' id='word_1_438' title='bbox 3325 3137 3578 3203; x_wconf 78' lang='grc' dir='ltr'><strong>γυναῖκα</strong></span> <span class='ocrx_word' id='word_1_439' title='bbox 3607 3135 3670 3199; x_wconf 81' lang='grc' dir='ltr'>ἐξ</span> 
     </span>
    </p>
   </div>
   <div class='ocr_carea' id='block_1_64' title="bbox 377 3223 1963 3296">
    <p class='ocr_par' dir='ltr' id='par_1_64' title="bbox 377 3223 1963 3296">
     <span class='ocr_line' id='line_1_64' title="bbox 377 3223 1963 3296; baseline 0.003 -18"><span class='ocrx_word' id='word_1_440' title='bbox 377 3237 595 3278; x_wconf 85' lang='lat' dir='ltr'><strong>cussus.</strong></span> <span class='ocrx_word' id='word_1_441' title='bbox 650 3223 779 3277; x_wconf 84' lang='lat' dir='ltr'><strong>Post</strong></span> <span class='ocrx_word' id='word_1_442' title='bbox 824 3224 1071 3293; x_wconf 85' lang='lat' dir='ltr'><strong>Pompeii</strong></span> <span class='ocrx_word' id='word_1_443' title='bbox 1116 3224 1403 3280; x_wconf 87' lang='lat' dir='ltr'><strong>interitum</strong></span> <span class='ocrx_word' id='word_1_444' title='bbox 1439 3227 1726 3296; x_wconf 76' lang='lat' dir='ltr'><strong>Antipater</strong></span> <span class='ocrx_word' id='word_1_445' title='bbox 1756 3225 1963 3282; x_wconf 66' lang='lat' dir='ltr'><strong>Caesari</strong></span> 
     </span>
    </p>
   </div>
   <div class='ocr_carea' id='block_1_65' title="bbox 377 3314 1964 3389">
    <p class='ocr_par' dir='ltr' id='par_1_65' title="bbox 377 3314 1964 3389">
     <span class='ocr_line' id='line_1_65' title="bbox 377 3314 1964 3389; baseline 0.006 -20"><span class='ocrx_word' id='word_1_446' title='bbox 377 3315 435 3369; x_wconf 84' lang='lat' dir='ltr'><strong>in</strong></span> <span class='ocrx_word' id='word_1_447' title='bbox 459 3314 694 3387; x_wconf 70' lang='lat' dir='ltr'><strong>Egypto</strong></span> <span class='ocrx_word' id='word_1_448' title='bbox 720 3320 933 3386; x_wconf 79' lang='lat' dir='ltr'><strong>gerenti</strong></span> <span class='ocrx_word' id='word_1_449' title='bbox 961 3318 1189 3383; x_wconf 81' lang='lat' dir='ltr'><strong>bellum,</strong></span> <span class='ocrx_word' id='word_1_450' title='bbox 1221 3329 1506 3374; x_wconf 87' lang='lat' dir='ltr'><strong>strenuam</strong></span> <span class='ocrx_word' id='word_1_451' title='bbox 1542 3337 1764 3389; x_wconf 71' lang='lat' dir='ltr'><strong>operam</strong></span> <span class='ocrx_word' id='word_1_452' title='bbox 1794 3324 1964 3379; x_wconf 83' lang='lat' dir='ltr'><strong>totius</strong></span> 
     </span>
    </p>
   </div>
   <div class='ocr_carea' id='block_1_66' title="bbox 380 3410 1962 3488">
    <p class='ocr_par' dir='ltr' id='par_1_66' title="bbox 380 3410 1962 3488">
     <span class='ocr_line' id='line_1_66' title="bbox 380 3410 1962 3488; baseline 0.006 -26"><span class='ocrx_word' id='word_1_453' title='bbox 380 3410 510 3465; x_wconf 91' lang='lat' dir='ltr'><strong>lelli</strong></span> <span class='ocrx_word' id='word_1_454' title='bbox 545 3419 792 3480; x_wconf 85' lang='lat' dir='ltr'><strong>tempore</strong></span> <span class='ocrx_word' id='word_1_455' title='bbox 827 3412 1066 3476; x_wconf 86' lang='lat' dir='ltr'><strong>navavit,</strong></span> <span class='ocrx_word' id='word_1_456' title='bbox 1119 3414 1210 3467; x_wconf 92' lang='lat' dir='ltr'><strong>ubi</strong></span> <span class='ocrx_word' id='word_1_457' title='bbox 1257 3417 1424 3468; x_wconf 91' lang='lat' dir='ltr'><strong>etiam</strong></span> <span class='ocrx_word' id='word_1_458' title='bbox 1477 3415 1678 3470; x_wconf 88' lang='lat' dir='ltr'><strong>vulnus</strong></span> <span class='ocrx_word' id='word_1_459' title='bbox 1709 3417 1962 3488; x_wconf 77' lang='lat' dir='ltr'><strong>accepit:</strong></span> 
     </span>
    </p>
   </div>
   <div class='ocr_carea' id='block_1_67' title="bbox 377 3504 1961 3576">
    <p class='ocr_par' dir='ltr' id='par_1_67' title="bbox 377 3504 1961 3576">
     <span class='ocr_line' id='line_1_67' title="bbox 377 3504 1961 3576; baseline 0.003 -16"><span class='ocrx_word' id='word_1_460' title='bbox 377 3512 434 3560; x_wconf 81' lang='lat' dir='ltr'><strong>et</strong></span> <span class='ocrx_word' id='word_1_461' title='bbox 491 3519 618 3558; x_wconf 89' lang='lat' dir='ltr'><strong>cum</strong></span> <span class='ocrx_word' id='word_1_462' title='bbox 687 3504 996 3576; x_wconf 79' lang='lat' dir='ltr'><strong>Antigonus</strong></span> <span class='ocrx_word' id='word_1_463' title='bbox 1053 3521 1273 3576; x_wconf 88' lang='lat' dir='ltr'><strong>quoque</strong></span> <span class='ocrx_word' id='word_1_464' title='bbox 1333 3509 1634 3563; x_wconf 86' lang='lat' dir='ltr'><strong>Aristobuli</strong></span> <span class='ocrx_word' id='word_1_465' title='bbox 1699 3510 1844 3565; x_wconf 88' lang='lat' dir='ltr'><strong>lilius</strong></span> <span class='ocrx_word' id='word_1_466' title='bbox 1895 3511 1961 3565; x_wconf 82' lang='lat' dir='ltr'><strong>ad</strong></span> 
     </span>
    </p>
   </div>
   <div class='ocr_carea' id='block_1_68' title="bbox 377 3595 1963 3674">
    <p class='ocr_par' dir='ltr' id='par_1_68' title="bbox 377 3595 1963 3674">
     <span class='ocr_line' id='line_1_68' title="bbox 377 3595 1963 3674; baseline 0.004 -21"><span class='ocrx_word' id='word_1_467' title='bbox 377 3595 651 3654; x_wconf 65' lang='lat' dir='ltr'><strong>Caesarem</strong></span> <span class='ocrx_word' id='word_1_468' title='bbox 681 3599 938 3659; x_wconf 79' lang='lat' dir='ltr'><strong>venisset.</strong></span> <span class='ocrx_word' id='word_1_469' title='bbox 973 3610 1169 3674; x_wconf 82' lang='lat' dir='ltr'><strong>petens</strong></span> <span class='ocrx_word' id='word_1_470' title='bbox 1201 3610 1261 3656; x_wconf 86' lang='lat' dir='ltr'><strong>ut</strong></span> <span class='ocrx_word' id='word_1_471' title='bbox 1295 3603 1380 3658; x_wconf 91' lang='lat' dir='ltr'><strong>sui</strong></span> <span class='ocrx_word' id='word_1_472' title='bbox 1421 3602 1780 3658; x_wconf 89' lang='lat' dir='ltr'><strong>misereretur</strong></span> <span class='ocrx_word' id='word_1_473' title='bbox 1809 3605 1963 3674; x_wconf 90' lang='lat' dir='ltr'><strong>prin-</strong></span> 
     </span>
    </p>
   </div>
   <div class='ocr_carea' id='block_1_69' title="bbox 377 3681 1963 3763">
    <p class='ocr_par' dir='ltr' id='par_1_69' title="bbox 377 3681 1963 3763">
     <span class='ocr_line' id='line_1_69' title="bbox 377 3681 1963 3763; baseline 0.004 -18"><span class='ocrx_word' id='word_1_474' title='bbox 377 3693 562 3762; x_wconf 86' lang='lat' dir='ltr'><strong>cipatu</strong></span> <span class='ocrx_word' id='word_1_475' title='bbox 607 3691 832 3763; x_wconf 88' lang='lat' dir='ltr'><strong>dejecti.</strong></span> <span class='ocrx_word' id='word_1_476' title='bbox 885 3701 948 3748; x_wconf 77' lang='lat' dir='ltr'><strong>et</strong></span> <span class='ocrx_word' id='word_1_477' title='bbox 985 3681 1158 3763; x_wconf 77' lang='lat' dir='ltr'><strong>patris</strong></span> <span class='ocrx_word' id='word_1_478' title='bbox 1201 3694 1286 3749; x_wconf 90' lang='lat' dir='ltr'><strong>sui</strong></span> <span class='ocrx_word' id='word_1_479' title='bbox 1338 3695 1659 3750; x_wconf 90' lang='lat' dir='ltr'><strong>memoriam</strong></span> <span class='ocrx_word' id='word_1_480' title='bbox 1692 3697 1763 3753; x_wconf 85' lang='lat' dir='ltr'><strong>ob</strong></span> <span class='ocrx_word' id='word_1_481' title='bbox 1810 3698 1963 3752; x_wconf 83' lang='lat' dir='ltr'><strong>illum</strong></span> 
     </span>
    </p>
   </div>
   <div class='ocr_carea' id='block_1_70' title="bbox 381 3786 1962 3859">
    <p class='ocr_par' dir='ltr' id='par_1_70' title="bbox 381 3786 1962 3859">
     <span class='ocr_line' id='line_1_70' title="bbox 381 3786 1962 3859; baseline 0.003 -19"><span class='ocrx_word' id='word_1_482' title='bbox 381 3786 660 3842; x_wconf 79' lang='lat' dir='ltr'><strong>interfecti</strong></span> <span class='ocrx_word' id='word_1_483' title='bbox 686 3796 1016 3842; x_wconf 75' lang='lat' dir='ltr'><strong>renovaret:</strong></span> <span class='ocrx_word' id='word_1_484' title='bbox 1051 3788 1361 3859; x_wconf 80' lang='lat' dir='ltr'><strong>Antipater,</strong></span> <span class='ocrx_word' id='word_1_485' title='bbox 1383 3788 1479 3859; x_wconf 89' lang='lat' dir='ltr'><strong>qui</strong></span> <span class='ocrx_word' id='word_1_486' title='bbox 1513 3799 1625 3845; x_wconf 92' lang='lat' dir='ltr'><strong>tum</strong></span> <span class='ocrx_word' id='word_1_487' title='bbox 1651 3789 1724 3845; x_wconf 92' lang='lat' dir='ltr'><strong>ibi</strong></span> <span class='ocrx_word' id='word_1_488' title='bbox 1749 3790 1962 3853; x_wconf 88' lang='lat' dir='ltr'><strong>aderat.</strong></span> 
     </span>
    </p>
   </div>
   <div class='ocr_carea' id='block_1_71' title="bbox 377 3879 1963 3955">
    <p class='ocr_par' dir='ltr' id='par_1_71' title="bbox 377 3879 1963 3955">
     <span class='ocr_line' id='line_1_71' title="bbox 377 3879 1963 3955; baseline 0.004 -24"><span class='ocrx_word' id='word_1_489' title='bbox 377 3895 476 3933; x_wconf 85' lang='lat' dir='ltr'><strong>sua</strong></span> <span class='ocrx_word' id='word_1_490' title='bbox 502 3879 825 3936; x_wconf 78' lang='lat' dir='ltr'><strong>defensione</strong></span> <span class='ocrx_word' id='word_1_491' title='bbox 877 3880 930 3935; x_wconf 92' lang='lat' dir='ltr'><strong>id</strong></span> <span class='ocrx_word' id='word_1_492' title='bbox 976 3880 1182 3946; x_wconf 85' lang='lat' dir='ltr'><strong>ell&#39;ecit,</strong></span> <span class='ocrx_word' id='word_1_493' title='bbox 1218 3892 1278 3937; x_wconf 92' lang='lat' dir='ltr'><strong>ut</strong></span> <span class='ocrx_word' id='word_1_494' title='bbox 1317 3881 1498 3938; x_wconf 66' lang='lat' dir='ltr'><strong>Caesar</strong></span> <span class='ocrx_word' id='word_1_495' title='bbox 1538 3881 1811 3955; x_wconf 80' lang='lat' dir='ltr'><strong>llyrcano,</strong></span> <span class='ocrx_word' id='word_1_496' title='bbox 1868 3886 1963 3954; x_wconf 91' lang='lat' dir='ltr'><strong>qui</strong></span> 
     </span>
    </p>
   </div>
   <div class='ocr_carea' id='block_1_72' title="bbox 375 3972 1966 4039">
    <p class='ocr_par' dir='ltr' id='par_1_72' title="bbox 375 3972 1966 4039">
     <span class='ocr_line' id='line_1_72' title="bbox 375 3972 1966 4039; baseline 0.004 -14"><span class='ocrx_word' id='word_1_497' title='bbox 375 3986 543 4026; x_wconf 86' lang='lat' dir='ltr'><strong>causa</strong></span> <span class='ocrx_word' id='word_1_498' title='bbox 580 3972 809 4027; x_wconf 90' lang='lat' dir='ltr'><strong>meliore</strong></span> <span class='ocrx_word' id='word_1_499' title='bbox 854 3973 955 4028; x_wconf 90' lang='lat' dir='ltr'><strong>niti</strong></span> <span class='ocrx_word' id='word_1_500' title='bbox 994 3973 1312 4039; x_wconf 87' lang='lat' dir='ltr'><strong>videretur,</strong></span> <span class='ocrx_word' id='word_1_501' title='bbox 1345 3975 1717 4031; x_wconf 88' lang='lat' dir='ltr'><strong>sacerdotium</strong></span> <span class='ocrx_word' id='word_1_502' title='bbox 1756 3976 1966 4032; x_wconf 83' lang='lat' dir='ltr'><strong>conﬁr-</strong></span> 
     </span>
    </p>
   </div>
   <div class='ocr_carea' id='block_1_73' title="bbox 381 4065 1962 4138">
    <p class='ocr_par' dir='ltr' id='par_1_73' title="bbox 381 4065 1962 4138">
     <span class='ocr_line' id='line_1_73' title="bbox 381 4065 1962 4138; baseline 0.004 -19"><span class='ocrx_word' id='word_1_503' title='bbox 381 4076 578 4130; x_wconf 89' lang='lat' dir='ltr'><strong>maret,</strong></span> <span class='ocrx_word' id='word_1_504' title='bbox 630 4076 686 4122; x_wconf 92' lang='lat' dir='ltr'><strong>et</strong></span> <span class='ocrx_word' id='word_1_505' title='bbox 731 4069 845 4137; x_wconf 88' lang='lat' dir='ltr'><strong>ipse</strong></span> <span class='ocrx_word' id='word_1_506' title='bbox 883 4065 1088 4124; x_wconf 66' lang='lat' dir='ltr'><strong>Iudaea:</strong></span> <span class='ocrx_word' id='word_1_507' title='bbox 1137 4079 1467 4138; x_wconf 84' lang='lat' dir='ltr'><strong>procurator</strong></span> <span class='ocrx_word' id='word_1_508' title='bbox 1501 4072 1962 4126; x_wconf 75' lang='lat' dir='ltr'><strong>constitueretur.</strong></span> 
     </span>
    </p>
   </div>
   <div class='ocr_carea' id='block_1_74' title="bbox 387 4159 1967 4236">
    <p class='ocr_par' dir='ltr' id='par_1_74' title="bbox 387 4159 1967 4236">
     <span class='ocr_line' id='line_1_74' title="bbox 387 4159 1967 4236; baseline 0.006 -24"><span class='ocrx_word' id='word_1_509' title='bbox 387 4161 574 4230; x_wconf 86' lang='lat' dir='ltr'><strong>Itaque</strong></span> <span class='ocrx_word' id='word_1_510' title='bbox 630 4159 846 4216; x_wconf 63' lang='lat' dir='ltr'><strong>Caesare</strong></span> <span class='ocrx_word' id='word_1_511' title='bbox 901 4160 1132 4215; x_wconf 83' lang='lat' dir='ltr'><strong>Romam</strong></span> <span class='ocrx_word' id='word_1_512' title='bbox 1185 4160 1448 4226; x_wconf 88' lang='lat' dir='ltr'><strong>abeunte,</strong></span> <span class='ocrx_word' id='word_1_513' title='bbox 1499 4174 1754 4233; x_wconf 89' lang='lat' dir='ltr'><strong>suscepta</strong></span> <span class='ocrx_word' id='word_1_514' title='bbox 1801 4163 1967 4236; x_wconf 75' lang='lat'><strong>226</strong></span> 
     </span>
    </p>
   </div>
   <div class='ocr_carea' id='block_1_75' title="bbox 388 4253 1962 4326">
    <p class='ocr_par' dir='ltr' id='par_1_75' title="bbox 388 4253 1962 4326">
     <span class='ocr_line' id='line_1_75' title="bbox 388 4253 1962 4326; baseline 0.002 -18"><span class='ocrx_word' id='word_1_515' title='bbox 388 4269 571 4309; x_wconf 91' lang='lat' dir='ltr'><strong>rerum</strong></span> <span class='ocrx_word' id='word_1_516' title='bbox 596 4253 798 4310; x_wconf 76' lang='lat' dir='ltr'><strong>Judzea:</strong></span> <span class='ocrx_word' id='word_1_517' title='bbox 826 4269 980 4318; x_wconf 89' lang='lat' dir='ltr'><strong>cura,</strong></span> <span class='ocrx_word' id='word_1_518' title='bbox 1011 4254 1138 4324; x_wconf 89' lang='lat' dir='ltr'><strong>quia</strong></span> <span class='ocrx_word' id='word_1_519' title='bbox 1171 4255 1482 4326; x_wconf 80' lang='lat' dir='ltr'><strong>Hyrcanum</strong></span> <span class='ocrx_word' id='word_1_520' title='bbox 1521 4256 1737 4310; x_wconf 87' lang='lat' dir='ltr'><strong>tardum</strong></span> <span class='ocrx_word' id='word_1_521' title='bbox 1782 4266 1838 4311; x_wconf 94' lang='lat' dir='ltr'><strong>et</strong></span> <span class='ocrx_word' id='word_1_522' title='bbox 1869 4272 1962 4311; x_wconf 89' lang='lat' dir='ltr'><strong>so-</strong></span> 
     </span>
    </p>
   </div>
   <div class='ocr_carea' id='block_1_76' title="bbox 375 4339 1962 4408">
    <p class='ocr_par' dir='ltr' id='par_1_76' title="bbox 375 4339 1962 4408">
     <span class='ocr_line' id='line_1_76' title="bbox 375 4339 1962 4408; baseline 0.006 -16"><span class='ocrx_word' id='word_1_523' title='bbox 375 4339 604 4396; x_wconf 85' lang='lat' dir='ltr'><strong>cordem</strong></span> <span class='ocrx_word' id='word_1_524' title='bbox 653 4358 777 4397; x_wconf 87' lang='lat' dir='ltr'><strong>esse</strong></span> <span class='ocrx_word' id='word_1_525' title='bbox 832 4342 1132 4408; x_wconf 89' lang='lat' dir='ltr'><strong>cernebat,</strong></span> <span class='ocrx_word' id='word_1_526' title='bbox 1194 4339 1524 4398; x_wconf 86' lang='lat' dir='ltr'><strong>Phasaelum</strong></span> <span class='ocrx_word' id='word_1_527' title='bbox 1590 4344 1764 4400; x_wconf 86' lang='lat' dir='ltr'><strong>lilium</strong></span> <span class='ocrx_word' id='word_1_528' title='bbox 1829 4357 1962 4402; x_wconf 90' lang='lat' dir='ltr'><strong>natu</strong></span> 
     </span>
    </p>
   </div>
   <div class='ocr_carea' id='block_1_77' title="bbox 381 4431 1962 4506">
    <p class='ocr_par' dir='ltr' id='par_1_77' title="bbox 381 4431 1962 4506">
     <span class='ocr_line' id='line_1_77' title="bbox 381 4431 1962 4506; baseline 0.006 -22"><span class='ocrx_word' id='word_1_529' title='bbox 381 4432 678 4488; x_wconf 78' lang='lat' dir='ltr'><strong>maximum</strong></span> <span class='ocrx_word' id='word_1_530' title='bbox 728 4431 1236 4506; x_wconf 81' lang='lat' dir='ltr'><strong>Hierosolymorum</strong></span> <span class='ocrx_word' id='word_1_531' title='bbox 1270 4445 1325 4490; x_wconf 89' lang='lat' dir='ltr'><strong>et</strong></span> <span class='ocrx_word' id='word_1_532' title='bbox 1361 4435 1716 4492; x_wconf 82' lang='lat' dir='ltr'><strong>ﬁnitimarum</strong></span> <span class='ocrx_word' id='word_1_533' title='bbox 1767 4439 1962 4493; x_wconf 82' lang='lat' dir='ltr'><strong>civita-</strong></span> 
     </span>
    </p>
   </div>
   <div class='ocr_carea' id='block_1_78' title="bbox 2080 3222 3668 3301">
    <p class='ocr_par' dir='ltr' id='par_1_78' title="bbox 2080 3222 3668 3301">
     <span class='ocr_line' id='line_1_78' title="bbox 2080 3222 3668 3301; baseline -0.005 -17"><span class='ocrx_word' id='word_1_534' title='bbox 2080 3229 2362 3301; x_wconf 68' lang='grc' dir='ltr'><strong>Ἀραϐίας,</strong></span> <span class='ocrx_word' id='word_1_535' title='bbox 2401 3228 2627 3297; x_wconf 80' lang='grc' dir='ltr'><strong>Κύπρον</strong></span> <span class='ocrx_word' id='word_1_536' title='bbox 2647 3227 2844 3297; x_wconf 70' lang='grc' dir='ltr'><strong>ὄνομα,</strong></span> <span class='ocrx_word' id='word_1_537' title='bbox 2879 3225 2940 3290; x_wconf 80' lang='grc' dir='ltr'><strong>ἐξ</strong></span> <span class='ocrx_word' id='word_1_538' title='bbox 2967 3222 3034 3296; x_wconf 76' lang='grc' dir='ltr'><strong>ἧς</strong></span> <span class='ocrx_word' id='word_1_539' title='bbox 3062 3225 3208 3295; x_wconf 82' lang='grc' dir='ltr'><strong>αὐτῷ</strong></span> <span class='ocrx_word' id='word_1_540' title='bbox 3227 3226 3500 3296; x_wconf 76' lang='grc' dir='ltr'><strong>τέσσαρες</strong></span> <span class='ocrx_word' id='word_1_541' title='bbox 3530 3223 3668 3292; x_wconf 78' lang='grc' dir='ltr'><strong>ἐγέ-</strong></span> 
     </span>
    </p>
   </div>
   <div class='ocr_carea' id='block_1_79' title="bbox 2067 3317 3668 3391">
    <p class='ocr_par' dir='ltr' id='par_1_79' title="bbox 2067 3317 3668 3391">
     <span class='ocr_line' id='line_1_79' title="bbox 2067 3317 3668 3391; baseline -0.006 -11"><span class='ocrx_word' id='word_1_542' title='bbox 2067 3341 2222 3380; x_wconf 86' lang='grc' dir='ltr'><strong>νοντο</strong></span> <span class='ocrx_word' id='word_1_543' title='bbox 2249 3322 2377 3390; x_wconf 69' lang='grc' dir='ltr'><strong>υἱοὶ,</strong></span> <span class='ocrx_word' id='word_1_544' title='bbox 2407 3321 2692 3391; x_wconf 74' lang='grc' dir='ltr'><strong>Φασάηλος</strong></span> <span class='ocrx_word' id='word_1_545' title='bbox 2726 3323 2816 3374; x_wconf 70' lang='grc' dir='ltr'><strong>καὶ</strong></span> <span class='ocrx_word' id='word_1_546' title='bbox 2856 3319 3129 3391; x_wconf 79' lang='grc' dir='ltr'><strong>Ἡρώδης,</strong></span> <span class='ocrx_word' id='word_1_547' title='bbox 3174 3319 3375 3389; x_wconf 72' lang='grc' dir='ltr'><strong>Ἰωσὴφ</strong></span> <span class='ocrx_word' id='word_1_548' title='bbox 3415 3319 3512 3372; x_wconf 70' lang='grc' dir='ltr'><strong>καὶ</strong></span> <span class='ocrx_word' id='word_1_549' title='bbox 3557 3317 3668 3371; x_wconf 78' lang='grc' dir='ltr'><strong>Φε-</strong></span> 
     </span>
    </p>
   </div>
   <div class='ocr_carea' id='block_1_80' title="bbox 2069 3411 3667 3489">
    <p class='ocr_par' dir='ltr' id='par_1_80' title="bbox 2069 3411 3667 3489">
     <span class='ocr_line' id='line_1_80' title="bbox 2069 3411 3667 3489; baseline -0.003 -22"><span class='ocrx_word' id='word_1_550' title='bbox 2069 3418 2274 3489; x_wconf 79' lang='grc' dir='ltr'><strong>ρώρας,</strong></span> <span class='ocrx_word' id='word_1_551' title='bbox 2331 3417 2425 3470; x_wconf 75' lang='grc' dir='ltr'><strong>καὶ</strong></span> <span class='ocrx_word' id='word_1_552' title='bbox 2460 3415 2714 3486; x_wconf 78' lang='grc' dir='ltr'><strong>θυγάτηρ</strong></span> <span class='ocrx_word' id='word_1_553' title='bbox 2769 3412 3031 3484; x_wconf 83' lang='grc' dir='ltr'><strong>Σαλώμη.</strong></span> <span class='ocrx_word' id='word_1_554' title='bbox 3065 3412 3258 3484; x_wconf 76' lang='grc' dir='ltr'><strong>Χρόνῳ</strong></span> <span class='ocrx_word' id='word_1_555' title='bbox 3309 3412 3367 3466; x_wconf 75' lang='grc' dir='ltr'><strong>δὲ</strong></span> <span class='ocrx_word' id='word_1_556' title='bbox 3423 3411 3667 3481; x_wconf 79' lang='grc' dir='ltr'><strong>ὕστερον</strong></span> 
     </span>
    </p>
   </div>
   <div class='ocr_carea' id='block_1_81' title="bbox 2068 3505 3668 3582">
    <p class='ocr_par' dir='ltr' id='par_1_81' title="bbox 2068 3505 3668 3582">
     <span class='ocr_line' id='line_1_81' title="bbox 2068 3505 3668 3582; baseline -0.004 -16"><span class='ocrx_word' id='word_1_557' title='bbox 2068 3514 2290 3582; x_wconf 83' lang='grc' dir='ltr'><strong>Καῖσαρ</strong></span> <span class='ocrx_word' id='word_1_558' title='bbox 2333 3508 2552 3571; x_wconf 88' lang='grc' dir='ltr'><strong>Ἰούλιος</strong></span> <span class='ocrx_word' id='word_1_559' title='bbox 2581 3508 2740 3571; x_wconf 85' lang='grc' dir='ltr'><strong>Γάϊος</strong></span> <span class='ocrx_word' id='word_1_560' title='bbox 2762 3505 3059 3577; x_wconf 83' lang='grc' dir='ltr'><strong>κατασχὼν</strong></span> <span class='ocrx_word' id='word_1_561' title='bbox 3087 3506 3188 3578; x_wconf 77' lang='grc' dir='ltr'><strong>τὴν</strong></span> <span class='ocrx_word' id='word_1_562' title='bbox 3228 3505 3477 3578; x_wconf 80' lang='grc' dir='ltr'><strong>Ῥώμην,</strong></span> <span class='ocrx_word' id='word_1_563' title='bbox 3510 3506 3668 3575; x_wconf 83' lang='grc' dir='ltr'><strong>μετά</strong></span> 
     </span>
    </p>
   </div>
   <div class='ocr_carea' id='block_1_82' title="bbox 2067 3598 3669 3672">
    <p class='ocr_par' dir='ltr' id='par_1_82' title="bbox 2067 3598 3669 3672">
     <span class='ocr_line' id='line_1_82' title="bbox 2067 3598 3669 3672; baseline -0.001 -18"><span class='ocrx_word' id='word_1_564' title='bbox 2067 3603 2127 3654; x_wconf 69' lang='grc' dir='ltr'><strong>τὸ</strong></span> <span class='ocrx_word' id='word_1_565' title='bbox 2162 3601 2450 3672; x_wconf 78' lang='grc' dir='ltr'><strong>Πομπήϊον</strong></span> <span class='ocrx_word' id='word_1_566' title='bbox 2508 3601 2606 3654; x_wconf 74' lang='grc' dir='ltr'><strong>καὶ</strong></span> <span class='ocrx_word' id='word_1_567' title='bbox 2653 3598 2714 3653; x_wconf 70' lang='grc' dir='ltr'><strong>τὸ</strong></span> <span class='ocrx_word' id='word_1_568' title='bbox 2737 3599 2899 3653; x_wconf 83' lang='grc' dir='ltr'><strong>πλέον</strong></span> <span class='ocrx_word' id='word_1_569' title='bbox 2940 3599 3038 3668; x_wconf 81' lang='grc' dir='ltr'><strong>τῆς</strong></span> <span class='ocrx_word' id='word_1_570' title='bbox 3085 3598 3398 3669; x_wconf 72' lang='grc' dir='ltr'><strong>συγκλήτου</strong></span> <span class='ocrx_word' id='word_1_571' title='bbox 3443 3598 3669 3652; x_wconf 68' lang='grc' dir='ltr'><strong>ἐκεῖθεν</strong></span> 
     </span>
    </p>
   </div>
   <div class='ocr_carea' id='block_1_83' title="bbox 2068 3689 3666 3762">
    <p class='ocr_par' dir='ltr' id='par_1_83' title="bbox 2068 3689 3666 3762">
     <span class='ocr_line' id='line_1_83' title="bbox 2068 3689 3666 3762; baseline -0.002 -15"><span class='ocrx_word' id='word_1_572' title='bbox 2068 3695 2283 3762; x_wconf 78' lang='grc' dir='ltr'><strong>φυγεῖν,</strong></span> <span class='ocrx_word' id='word_1_573' title='bbox 2315 3691 2486 3755; x_wconf 84' lang='grc' dir='ltr'><strong>λύσας</strong></span> <span class='ocrx_word' id='word_1_574' title='bbox 2513 3691 2606 3745; x_wconf 71' lang='grc' dir='ltr'><strong>τὸν</strong></span> <span class='ocrx_word' id='word_1_575' title='bbox 2641 3689 3077 3762; x_wconf 81' lang='grc' dir='ltr'><strong>Ἀριστόϐουλον,</strong></span> <span class='ocrx_word' id='word_1_576' title='bbox 3098 3693 3178 3753; x_wconf 85' lang='grc' dir='ltr'><strong>εἰς</strong></span> <span class='ocrx_word' id='word_1_577' title='bbox 3207 3689 3412 3762; x_wconf 84' lang='grc' dir='ltr'><strong>Συρίαν</strong></span> <span class='ocrx_word' id='word_1_578' title='bbox 3437 3691 3666 3762; x_wconf 66' lang='grc' dir='ltr'><strong>ἔπεμψε</strong></span> 
     </span>
    </p>
   </div>
   <div class='ocr_carea' id='block_1_84' title="bbox 2069 3782 3664 3856">
    <p class='ocr_par' dir='ltr' id='par_1_84' title="bbox 2069 3782 3664 3856">
     <span class='ocr_line' id='line_1_84' title="bbox 2069 3782 3664 3856; baseline -0.001 -17"><span class='ocrx_word' id='word_1_579' title='bbox 2069 3786 2168 3840; x_wconf 81' lang='grc' dir='ltr'><strong>σὺν</strong></span> <span class='ocrx_word' id='word_1_580' title='bbox 2199 3784 2594 3856; x_wconf 83' lang='grc' dir='ltr'><strong>στρατεύματι.</strong></span> <span class='ocrx_word' id='word_1_581' title='bbox 2644 3783 2808 3838; x_wconf 73' lang='grc' dir='ltr'><strong>Ἀλλά</strong></span> <span class='ocrx_word' id='word_1_582' title='bbox 2837 3782 3147 3852; x_wconf 79' lang='grc' dir='ltr'><strong>φθάσαντες</strong></span> <span class='ocrx_word' id='word_1_583' title='bbox 3183 3783 3232 3836; x_wconf 77' lang='lat' dir='ltr'><strong>oi</strong></span> <span class='ocrx_word' id='word_1_584' title='bbox 3255 3785 3321 3837; x_wconf 73' lang='grc' dir='ltr'><strong>τὰ</strong></span> <span class='ocrx_word' id='word_1_585' title='bbox 3358 3785 3664 3854; x_wconf 78' lang='grc' dir='ltr'><strong>Πομπηΐου</strong></span> 
     </span>
    </p>
   </div>
   <div class='ocr_carea' id='block_1_85' title="bbox 2068 3877 3668 3951">
    <p class='ocr_par' dir='ltr' id='par_1_85' title="bbox 2068 3877 3668 3951">
     <span class='ocr_line' id='line_1_85' title="bbox 2068 3877 3668 3951; baseline -0.001 -19"><span class='ocrx_word' id='word_1_586' title='bbox 2068 3879 2394 3951; x_wconf 75' lang='grc' dir='ltr'><strong>φρονοῦντες</strong></span> <span class='ocrx_word' id='word_1_587' title='bbox 2447 3879 2725 3950; x_wconf 75' lang='grc' dir='ltr'><strong>φαρμάκῳ</strong></span> <span class='ocrx_word' id='word_1_588' title='bbox 2789 3877 2884 3931; x_wconf 74' lang='grc' dir='ltr'><strong>τὸν</strong></span> <span class='ocrx_word' id='word_1_589' title='bbox 2926 3877 3348 3948; x_wconf 77' lang='grc' dir='ltr'><strong>Ἀριστόϐουλον</strong></span> <span class='ocrx_word' id='word_1_590' title='bbox 3404 3878 3668 3946; x_wconf 62' lang='grc' dir='ltr'><strong>διαφθεί-</strong></span> 
     </span>
    </p>
   </div>
   <div class='ocr_carea' id='block_1_86' title="bbox 2071 3969 3665 4043">
    <p class='ocr_par' dir='ltr' id='par_1_86' title="bbox 2071 3969 3665 4043">
     <span class='ocr_line' id='line_1_86' title="bbox 2071 3969 3665 4043; baseline -0.001 -18"><span class='ocrx_word' id='word_1_591' title='bbox 2071 3989 2249 4043; x_wconf 86' lang='grc' dir='ltr'><strong>ρουσι.</strong></span> <span class='ocrx_word' id='word_1_592' title='bbox 2282 3971 2542 4040; x_wconf 82' lang='grc' dir='ltr'><strong>Σκηπίων</strong></span> <span class='ocrx_word' id='word_1_593' title='bbox 2571 3971 2653 4035; x_wconf 68' lang='grc' dir='ltr'><strong>δὲ,</strong></span> <span class='ocrx_word' id='word_1_594' title='bbox 2686 3969 3102 4034; x_wconf 78' lang='grc' dir='ltr'><strong>ἐπιστείλαντος</strong></span> <span class='ocrx_word' id='word_1_595' title='bbox 3136 3969 3288 4035; x_wconf 83' lang='grc' dir='ltr'><strong>αύτῷ</strong></span> <span class='ocrx_word' id='word_1_596' title='bbox 3340 3971 3665 4043; x_wconf 73' lang='grc' dir='ltr'><strong>Πομπηΐου,</strong></span> 
     </span>
    </p>
   </div>
   <div class='ocr_carea' id='block_1_87' title="bbox 2066 4063 3668 4136">
    <p class='ocr_par' dir='ltr' id='par_1_87' title="bbox 2066 4063 3668 4136">
     <span class='ocr_line' id='line_1_87' title="bbox 2066 4063 3668 4136; baseline 0 -16"><span class='ocrx_word' id='word_1_597' title='bbox 2066 4068 2159 4121; x_wconf 68' lang='grc' dir='ltr'><strong>τὸν</strong></span> <span class='ocrx_word' id='word_1_598' title='bbox 2203 4063 2620 4136; x_wconf 74' lang='grc' dir='ltr'><strong>’Δριστοϐούλου</strong></span> <span class='ocrx_word' id='word_1_599' title='bbox 2663 4063 3016 4135; x_wconf 60' lang='grc' dir='ltr'><strong>Ἀλέξανδρον</strong></span> <span class='ocrx_word' id='word_1_600' title='bbox 3048 4064 3357 4118; x_wconf 70' lang='grc' dir='ltr'><strong>ὲτελέκισε.</strong></span> <span class='ocrx_word' id='word_1_601' title='bbox 3404 4065 3571 4120; x_wconf 78' lang='grc' dir='ltr'><strong>Μετά</strong></span> <span class='ocrx_word' id='word_1_602' title='bbox 3609 4065 3668 4120; x_wconf 72' lang='grc' dir='ltr'><strong>δὲ</strong></span> 
     </span>
    </p>
   </div>
   <div class='ocr_carea' id='block_1_88' title="bbox 2068 4157 3665 4230">
    <p class='ocr_par' dir='ltr' id='par_1_88' title="bbox 2068 4157 3665 4230">
     <span class='ocr_line' id='line_1_88' title="bbox 2068 4157 3665 4230; baseline -0.001 -16"><span class='ocrx_word' id='word_1_603' title='bbox 2068 4165 2160 4214; x_wconf 76' lang='grc' dir='ltr'><strong>τὸν</strong></span> <span class='ocrx_word' id='word_1_604' title='bbox 2216 4159 2506 4230; x_wconf 72' lang='grc' dir='ltr'><strong>Πομπηίου</strong></span> <span class='ocrx_word' id='word_1_605' title='bbox 2567 4157 2801 4211; x_wconf 86' lang='grc' dir='ltr'><strong>θάνατον</strong></span> <span class='ocrx_word' id='word_1_606' title='bbox 2852 4157 3097 4228; x_wconf 85' lang='grc' dir='ltr'><strong>Καίσαρι</strong></span> <span class='ocrx_word' id='word_1_607' title='bbox 3137 4157 3473 4228; x_wconf 75' lang='grc' dir='ltr'><strong>πολεμοῦντι</strong></span> <span class='ocrx_word' id='word_1_608' title='bbox 3536 4158 3665 4213; x_wconf 85' lang='grc' dir='ltr'><strong>κατ’</strong></span> 
     </span>
    </p>
   </div>
   <div class='ocr_carea' id='block_1_89' title="bbox 2066 4249 3668 4322">
    <p class='ocr_par' dir='ltr' id='par_1_89' title="bbox 2066 4249 3668 4322">
     <span class='ocr_line' id='line_1_89' title="bbox 2066 4249 3668 4322; baseline -0.001 -16"><span class='ocrx_word' id='word_1_609' title='bbox 2066 4253 2362 4321; x_wconf 75' lang='grc' dir='ltr'><strong>Αἴγυπτον,</strong></span> <span class='ocrx_word' id='word_1_610' title='bbox 2397 4253 2475 4314; x_wconf 89' lang='grc' dir='ltr'><strong>εἰς</strong></span> <span class='ocrx_word' id='word_1_611' title='bbox 2501 4249 2671 4304; x_wconf 73' lang='grc' dir='ltr'><strong>πολλὰ</strong></span> <span class='ocrx_word' id='word_1_612' title='bbox 2696 4251 2970 4322; x_wconf 81' lang='grc' dir='ltr'><strong>χρήσιμον</strong></span> <span class='ocrx_word' id='word_1_613' title='bbox 2995 4250 3190 4302; x_wconf 68' lang='grc' dir='ltr'><strong>ἑαυτὸν</strong></span> <span class='ocrx_word' id='word_1_614' title='bbox 3225 4251 3508 4321; x_wconf 76' lang='grc' dir='ltr'><strong>παρέσχεν</strong></span> <span class='ocrx_word' id='word_1_615' title='bbox 3547 4252 3668 4307; x_wconf 80' lang='grc' dir='ltr'><strong>Ἀν-</strong></span> 
     </span>
    </p>
   </div>
   <div class='ocr_carea' id='block_1_90' title="bbox 2066 4338 3662 4414">
    <p class='ocr_par' dir='ltr' id='par_1_90' title="bbox 2066 4338 3662 4414">
     <span class='ocr_line' id='line_1_90' title="bbox 2066 4338 3662 4414; baseline 0.001 -20"><span class='ocrx_word' id='word_1_616' title='bbox 2066 4342 2354 4413; x_wconf 86' lang='grc' dir='ltr'><strong>τίπατρος,</strong></span> <span class='ocrx_word' id='word_1_617' title='bbox 2386 4338 2527 4394; x_wconf 78' lang='grc' dir='ltr'><strong>ὥστε</strong></span> <span class='ocrx_word' id='word_1_618' title='bbox 2570 4342 2664 4395; x_wconf 75' lang='grc' dir='ltr'><strong>τὸν</strong></span> <span class='ocrx_word' id='word_1_619' title='bbox 2726 4342 2986 4412; x_wconf 79' lang='grc' dir='ltr'><strong>Καίσαρα</strong></span> <span class='ocrx_word' id='word_1_620' title='bbox 3041 4343 3346 4414; x_wconf 81' lang='grc' dir='ltr'><strong>κεχρῆσθαι</strong></span> <span class='ocrx_word' id='word_1_621' title='bbox 3388 4343 3545 4414; x_wconf 79' lang='grc' dir='ltr'><strong>αὐτῷ</strong></span> <span class='ocrx_word' id='word_1_622' title='bbox 3577 4344 3662 4407; x_wconf 85' lang='grc' dir='ltr'><strong>είς</strong></span> 
     </span>
    </p>
   </div>
   <div class='ocr_carea' id='block_1_91' title="bbox 2071 4432 3665 4506">
    <p class='ocr_par' dir='ltr' id='par_1_91' title="bbox 2071 4432 3665 4506">
     <span class='ocr_line' id='line_1_91' title="bbox 2071 4432 3665 4506; baseline 0.001 -18"><span class='ocrx_word' id='word_1_623' title='bbox 2071 4435 2249 4489; x_wconf 79' lang='grc' dir='ltr'><strong>πάντα</strong></span> <span class='ocrx_word' id='word_1_624' title='bbox 2281 4433 2372 4488; x_wconf 77' lang='grc' dir='ltr'><strong>τὸν</strong></span> <span class='ocrx_word' id='word_1_625' title='bbox 2403 4432 2663 4503; x_wconf 81' lang='grc' dir='ltr'><strong>πόλεμον,</strong></span> <span class='ocrx_word' id='word_1_626' title='bbox 2691 4434 2828 4488; x_wconf 82' lang='grc' dir='ltr'><strong>ὅπου</strong></span> <span class='ocrx_word' id='word_1_627' title='bbox 2859 4433 2954 4487; x_wconf 84' lang='grc' dir='ltr'><strong>καί</strong></span> <span class='ocrx_word' id='word_1_628' title='bbox 2980 4434 3260 4506; x_wconf 77' lang='grc' dir='ltr'><strong>τρωθῆναι</strong></span> <span class='ocrx_word' id='word_1_629' title='bbox 3309 4435 3665 4506; x_wconf 80' lang='grc' dir='ltr'><strong>συμϐέϐηκεν</strong></span> 
     </span>
    </p>
   </div>
   <div class='ocr_carea' id='block_1_92' title="bbox 380 4506 1963 4600">
    <p class='ocr_par' dir='ltr' id='par_1_92' title="bbox 380 4528 1961 4600">
     <span class='ocr_line' id='line_1_92' title="bbox 380 4528 1961 4600; baseline 0.003 -20"><span class='ocrx_word' id='word_1_630' title='bbox 380 4537 496 4581; x_wconf 90' lang='lat' dir='ltr'><strong>tum</strong></span> <span class='ocrx_word' id='word_1_631' title='bbox 529 4536 818 4596; x_wconf 56' lang='lat' dir='ltr'><strong>prastorem</strong></span> <span class='ocrx_word' id='word_1_632' title='bbox 843 4529 1095 4598; x_wconf 81' lang='lat' dir='ltr'><strong>designat</strong></span> <span class='ocrx_word' id='word_1_633' title='bbox 1121 4547 1134 4583; x_wconf 91' lang='lat'><strong>:</strong></span> <span class='ocrx_word' id='word_1_634' title='bbox 1161 4528 1454 4595; x_wconf 85' lang='lat' dir='ltr'><strong>Herodem,</strong></span> <span class='ocrx_word' id='word_1_635' title='bbox 1484 4530 1560 4584; x_wconf 89' lang='lat' dir='ltr'><strong>illi</strong></span> <span class='ocrx_word' id='word_1_636' title='bbox 1590 4541 1750 4585; x_wconf 72' lang='lat' dir='ltr'><strong>mtate</strong></span> <span class='ocrx_word' id='word_1_637' title='bbox 1779 4531 1961 4600; x_wconf 82' lang='lat' dir='ltr'><strong>proxi-</strong></span> 
     </span>
    </p>
   </div>
   <div class='ocr_carea' id='block_1_93' title="bbox 2068 4506 3665 4600">
    <p class='ocr_par' dir='ltr' id='par_1_93' title="bbox 2073 4526 3665 4597">
     <span class='ocr_line' id='line_1_93' title="bbox 2073 4526 3665 4597; baseline 0 -16"><span class='ocrx_word' id='word_1_638' title='bbox 2073 4527 2256 4581; x_wconf 80' lang='grc' dir='ltr'><strong>αὐτόν.</strong></span> <span class='ocrx_word' id='word_1_639' title='bbox 2304 4526 2506 4582; x_wconf 83' lang='grc' dir='ltr'><strong>Ἐλθὼν</strong></span> <span class='ocrx_word' id='word_1_640' title='bbox 2533 4528 2590 4581; x_wconf 83' lang='grc' dir='ltr'><strong>δὲ</strong></span> <span class='ocrx_word' id='word_1_641' title='bbox 2615 4529 2710 4581; x_wconf 73' lang='grc' dir='ltr'><strong>καὶ</strong></span> <span class='ocrx_word' id='word_1_642' title='bbox 2756 4528 3066 4596; x_wconf 73' lang='grc' dir='ltr'><strong>Ἀντίγονος</strong></span> <span class='ocrx_word' id='word_1_643' title='bbox 3093 4527 3215 4580; x_wconf 85' lang='grc' dir='ltr'><strong>τότε</strong></span> <span class='ocrx_word' id='word_1_644' title='bbox 3239 4529 3267 4580; x_wconf 93' lang='lat'><strong>6</strong></span> <span class='ocrx_word' id='word_1_645' title='bbox 3307 4528 3665 4597; x_wconf 70' lang='grc' dir='ltr'><strong>Ἀριστοϐού-</strong></span> 
     </span>
    </p>
   </div>
   <div class='ocr_carea' id='block_1_94' title="bbox 381 4618 1959 4693">
    <p class='ocr_par' dir='ltr' id='par_1_94' title="bbox 381 4618 1959 4693">
     <span class='ocr_line' id='line_1_94' title="bbox 381 4618 1959 4693; baseline 0.004 -21"><span class='ocrx_word' id='word_1_646' title='bbox 381 4635 554 4682; x_wconf 90' lang='lat' dir='ltr'><strong>mum,</strong></span> <span class='ocrx_word' id='word_1_647' title='bbox 598 4618 897 4673; x_wconf 90' lang='lat' dir='ltr'><strong>admodum</strong></span> <span class='ocrx_word' id='word_1_648' title='bbox 937 4620 1370 4685; x_wconf 85' lang='lat' dir='ltr'><strong>adolescentem,</strong></span> <span class='ocrx_word' id='word_1_649' title='bbox 1419 4621 1657 4677; x_wconf 65' lang='lat' dir='ltr'><strong>Galil-axe</strong></span> <span class='ocrx_word' id='word_1_650' title='bbox 1706 4623 1959 4693; x_wconf 70' lang='lat' dir='ltr'><strong>praeﬁcit.</strong></span> 
     </span>
    </p>
   </div>
   <div class='ocr_carea' id='block_1_95' title="bbox 377 4709 1956 4783">
    <p class='ocr_par' dir='ltr' id='par_1_95' title="bbox 377 4709 1956 4783">
     <span class='ocr_line' id='line_1_95' title="bbox 377 4709 1956 4783; baseline 0.004 -21"><span class='ocrx_word' id='word_1_651' title='bbox 377 4709 640 4776; x_wconf 82' lang='lat' dir='ltr'><strong>Quicum</strong></span> <span class='ocrx_word' id='word_1_652' title='bbox 696 4725 969 4780; x_wconf 88' lang='lat' dir='ltr'><strong>generoso</strong></span> <span class='ocrx_word' id='word_1_653' title='bbox 1023 4721 1172 4766; x_wconf 87' lang='lat' dir='ltr'><strong>esset</strong></span> <span class='ocrx_word' id='word_1_654' title='bbox 1230 4710 1439 4777; x_wconf 89' lang='lat' dir='ltr'><strong>animo,</strong></span> <span class='ocrx_word' id='word_1_655' title='bbox 1511 4713 1832 4783; x_wconf 85' lang='lat' dir='ltr'><strong>magistratu</strong></span> <span class='ocrx_word' id='word_1_656' title='bbox 1900 4719 1956 4769; x_wconf 90' lang='lat' dir='ltr'><strong>in</strong></span> 
     </span>
    </p>
   </div>
   <div class='ocr_carea' id='block_1_96' title="bbox 379 4803 1961 4870">
    <p class='ocr_par' dir='ltr' id='par_1_96' title="bbox 379 4803 1961 4870">
     <span class='ocr_line' id='line_1_96' title="bbox 379 4803 1961 4870; baseline 0.006 -16"><span class='ocrx_word' id='word_1_657' title='bbox 379 4803 604 4858; x_wconf 76' lang='lat' dir='ltr'><strong>virtutis</strong></span> <span class='ocrx_word' id='word_1_658' title='bbox 658 4803 945 4858; x_wconf 90' lang='lat' dir='ltr'><strong>materiam</strong></span> <span class='ocrx_word' id='word_1_659' title='bbox 995 4819 1286 4870; x_wconf 86' lang='lat' dir='ltr'><strong>converso,</strong></span> <span class='ocrx_word' id='word_1_660' title='bbox 1335 4805 1628 4860; x_wconf 79' lang='lat' dir='ltr'><strong>Ezecliiam</strong></span> <span class='ocrx_word' id='word_1_661' title='bbox 1685 4807 1961 4864; x_wconf 88' lang='lat' dir='ltr'><strong>latronum</strong></span> 
     </span>
    </p>
   </div>
   <div class='ocr_carea' id='block_1_97' title="bbox 379 4898 1960 4971">
    <p class='ocr_par' dir='ltr' id='par_1_97' title="bbox 379 4898 1960 4971">
     <span class='ocr_line' id='line_1_97' title="bbox 379 4898 1960 4971; baseline 0.004 -20"><span class='ocrx_word' id='word_1_662' title='bbox 379 4898 578 4952; x_wconf 90' lang='lat' dir='ltr'><strong>ducem</strong></span> <span class='ocrx_word' id='word_1_663' title='bbox 629 4913 756 4952; x_wconf 90' lang='lat' dir='ltr'><strong>cum</strong></span> <span class='ocrx_word' id='word_1_664' title='bbox 807 4913 1005 4968; x_wconf 82' lang='lat' dir='ltr'><strong>magno</strong></span> <span class='ocrx_word' id='word_1_665' title='bbox 1040 4898 1204 4968; x_wconf 87' lang='lat' dir='ltr'><strong>globo</strong></span> <span class='ocrx_word' id='word_1_666' title='bbox 1233 4898 1446 4971; x_wconf 81' lang='lat' dir='ltr'><strong>Syriam</strong></span> <span class='ocrx_word' id='word_1_667' title='bbox 1491 4899 1778 4956; x_wconf 78' lang='lat' dir='ltr'><strong>ﬁnitimam</strong></span> <span class='ocrx_word' id='word_1_668' title='bbox 1820 4919 1960 4971; x_wconf 72' lang='lat' dir='ltr'><strong>pra:-</strong></span> 
     </span>
    </p>
   </div>
   <div class='ocr_carea' id='block_1_98' title="bbox 379 4989 1964 5064">
    <p class='ocr_par' dir='ltr' id='par_1_98' title="bbox 379 4989 1964 5064">
     <span class='ocr_line' id='line_1_98' title="bbox 379 4989 1964 5064; baseline 0.004 -22"><span class='ocrx_word' id='word_1_669' title='bbox 379 4991 627 5053; x_wconf 84' lang='lat' dir='ltr'><strong>dantem,</strong></span> <span class='ocrx_word' id='word_1_670' title='bbox 675 4989 1162 5060; x_wconf 90' lang='lat' dir='ltr'><strong>comprehensum,</strong></span> <span class='ocrx_word' id='word_1_671' title='bbox 1216 4992 1446 5063; x_wconf 84' lang='lat' dir='ltr'><strong>ejusque</strong></span> <span class='ocrx_word' id='word_1_672' title='bbox 1500 4991 1780 5048; x_wconf 90' lang='lat' dir='ltr'><strong>sociorum</strong></span> <span class='ocrx_word' id='word_1_673' title='bbox 1838 4996 1964 5064; x_wconf 87' lang='lat' dir='ltr'><strong>plu-</strong></span> 
     </span>
    </p>
   </div>
   <div class='ocr_carea' id='block_1_99' title="bbox 377 5079 1958 5153">
    <p class='ocr_par' dir='ltr' id='par_1_99' title="bbox 377 5079 1958 5153">
     <span class='ocr_line' id='line_1_99' title="bbox 377 5079 1958 5153; baseline 0.001 -15"><span class='ocrx_word' id='word_1_674' title='bbox 377 5083 548 5138; x_wconf 86' lang='lat' dir='ltr'><strong>rimos</strong></span> <span class='ocrx_word' id='word_1_675' title='bbox 576 5079 802 5137; x_wconf 86' lang='lat' dir='ltr'><strong>Occidit.</strong></span> <span class='ocrx_word' id='word_1_676' title='bbox 851 5080 1010 5138; x_wconf 87' lang='lat' dir='ltr'><strong>Unde</strong></span> <span class='ocrx_word' id='word_1_677' title='bbox 1051 5079 1202 5153; x_wconf 83' lang='lat' dir='ltr'><strong>Syris</strong></span> <span class='ocrx_word' id='word_1_678' title='bbox 1249 5081 1469 5148; x_wconf 86' lang='lat' dir='ltr'><strong>charus,</strong></span> <span class='ocrx_word' id='word_1_679' title='bbox 1506 5083 1670 5136; x_wconf 89' lang='lat' dir='ltr'><strong>etiam</strong></span> <span class='ocrx_word' id='word_1_680' title='bbox 1719 5084 1771 5137; x_wconf 92' lang='lat' dir='ltr'><strong>in</strong></span> <span class='ocrx_word' id='word_1_681' title='bbox 1806 5084 1958 5140; x_wconf 81' lang='lat' dir='ltr'><strong>Sexti</strong></span> 
     </span>
    </p>
   </div>
   <div class='ocr_carea' id='block_1_100' title="bbox 375 5175 1964 5249">
    <p class='ocr_par' dir='ltr' id='par_1_100' title="bbox 375 5175 1964 5249">
     <span class='ocr_line' id='line_1_100' title="bbox 375 5175 1964 5249; baseline 0.001 -17"><span class='ocrx_word' id='word_1_682' title='bbox 375 5175 629 5238; x_wconf 64' lang='lat' dir='ltr'><strong>Ciesaris,</strong></span> <span class='ocrx_word' id='word_1_683' title='bbox 669 5175 765 5245; x_wconf 88' lang='lat' dir='ltr'><strong>qui</strong></span> <span class='ocrx_word' id='word_1_684' title='bbox 813 5186 1081 5246; x_wconf 82' lang='lat' dir='ltr'><strong>cognatus</strong></span> <span class='ocrx_word' id='word_1_685' title='bbox 1128 5175 1306 5246; x_wconf 79' lang='lat' dir='ltr'><strong>Magni</strong></span> <span class='ocrx_word' id='word_1_686' title='bbox 1353 5175 1588 5233; x_wconf 58' lang='lat' dir='ltr'><strong>Gabaris</strong></span> <span class='ocrx_word' id='word_1_687' title='bbox 1625 5177 1794 5249; x_wconf 81' lang='lat' dir='ltr'><strong>Syria-</strong></span> <span class='ocrx_word' id='word_1_688' title='bbox 1823 5196 1964 5241; x_wconf 75' lang='lat' dir='ltr'><strong>pra:-</strong></span> 
     </span>
    </p>
   </div>
   <div class='ocr_carea' id='block_1_101' title="bbox 375 5263 1965 5336">
    <p class='ocr_par' dir='ltr' id='par_1_101' title="bbox 375 5263 1965 5336">
     <span class='ocr_line' id='line_1_101' title="bbox 375 5263 1965 5336; baseline 0.002 -15"><span class='ocrx_word' id='word_1_689' title='bbox 375 5278 561 5321; x_wconf 89' lang='lat' dir='ltr'><strong>turam</strong></span> <span class='ocrx_word' id='word_1_690' title='bbox 597 5263 845 5336; x_wconf 87' lang='lat' dir='ltr'><strong>gerebat.</strong></span> <span class='ocrx_word' id='word_1_691' title='bbox 877 5265 1132 5320; x_wconf 88' lang='lat' dir='ltr'><strong>notitiam</strong></span> <span class='ocrx_word' id='word_1_692' title='bbox 1159 5267 1430 5335; x_wconf 88' lang='lat' dir='ltr'><strong>pervenit.</strong></span> <span class='ocrx_word' id='word_1_693' title='bbox 1461 5267 1558 5321; x_wconf 84' lang='lat' dir='ltr'><strong>Est</strong></span> <span class='ocrx_word' id='word_1_694' title='bbox 1586 5279 1641 5323; x_wconf 88' lang='lat' dir='ltr'><strong>et</strong></span> <span class='ocrx_word' id='word_1_695' title='bbox 1668 5268 1965 5324; x_wconf 84' lang='lat' dir='ltr'><strong>Phasaelus</strong></span> 
     </span>
    </p>
   </div>
   <div class='ocr_carea' id='block_1_102' title="bbox 375 5357 1967 5432">
    <p class='ocr_par' dir='ltr' id='par_1_102' title="bbox 375 5357 1967 5432">
     <span class='ocr_line' id='line_1_102' title="bbox 375 5357 1967 5432; baseline 0.001 -17"><span class='ocrx_word' id='word_1_696' title='bbox 375 5360 604 5415; x_wconf 79' lang='lat' dir='ltr'><strong>fratrem</strong></span> <span class='ocrx_word' id='word_1_697' title='bbox 633 5359 947 5415; x_wconf 69' lang='lat' dir='ltr'><strong>aemulatus.</strong></span> <span class='ocrx_word' id='word_1_698' title='bbox 968 5357 1102 5425; x_wconf 75' lang='lat' dir='ltr'><strong>Qua:</strong></span> <span class='ocrx_word' id='word_1_699' title='bbox 1131 5375 1219 5415; x_wconf 91' lang='lat' dir='ltr'><strong>res</strong></span> <span class='ocrx_word' id='word_1_700' title='bbox 1244 5360 1575 5426; x_wconf 69' lang='lat' dir='ltr'><strong>effecerunt,</strong></span> <span class='ocrx_word' id='word_1_701' title='bbox 1600 5373 1660 5416; x_wconf 94' lang='lat' dir='ltr'><strong>ut</strong></span> <span class='ocrx_word' id='word_1_702' title='bbox 1679 5364 1967 5432; x_wconf 81' lang='lat' dir='ltr'><strong>Antipater</strong></span> 
     </span>
    </p>
   </div>
   <div class='ocr_carea' id='block_1_103' title="bbox 373 5452 1965 5527">
    <p class='ocr_par' dir='ltr' id='par_1_103' title="bbox 373 5452 1965 5527">
     <span class='ocr_line' id='line_1_103' title="bbox 373 5452 1965 5527; baseline 0.001 -17"><span class='ocrx_word' id='word_1_703' title='bbox 373 5463 432 5510; x_wconf 86' lang='lat' dir='ltr'><strong>et</strong></span> <span class='ocrx_word' id='word_1_704' title='bbox 464 5470 496 5510; x_wconf 87' lang='lat' dir='ltr'><strong>a</strong></span> <span class='ocrx_word' id='word_1_705' title='bbox 526 5462 691 5527; x_wconf 82' lang='lat' dir='ltr'><strong>gente</strong></span> <span class='ocrx_word' id='word_1_706' title='bbox 723 5452 952 5510; x_wconf 69' lang='lat' dir='ltr'><strong>Iudaica</strong></span> <span class='ocrx_word' id='word_1_707' title='bbox 989 5453 1140 5524; x_wconf 88' lang='lat' dir='ltr'><strong>regio</strong></span> <span class='ocrx_word' id='word_1_708' title='bbox 1191 5453 1402 5508; x_wconf 89' lang='lat' dir='ltr'><strong>honore</strong></span> <span class='ocrx_word' id='word_1_709' title='bbox 1432 5455 1732 5519; x_wconf 91' lang='lat' dir='ltr'><strong>coleretur,</strong></span> <span class='ocrx_word' id='word_1_710' title='bbox 1766 5469 1822 5513; x_wconf 93' lang='lat' dir='ltr'><strong>et</strong></span> <span class='ocrx_word' id='word_1_711' title='bbox 1857 5473 1965 5512; x_wconf 89' lang='lat' dir='ltr'><strong>una</strong></span> 
     </span>
    </p>
   </div>
   <div class='ocr_carea' id='block_1_104' title="bbox 376 5545 1966 5619">
    <p class='ocr_par' dir='ltr' id='par_1_104' title="bbox 376 5545 1966 5619">
     <span class='ocr_line' id='line_1_104' title="bbox 376 5545 1966 5619; baseline 0.002 -17"><span class='ocrx_word' id='word_1_712' title='bbox 376 5560 505 5602; x_wconf 88' lang='lat' dir='ltr'><strong>cum</strong></span> <span class='ocrx_word' id='word_1_713' title='bbox 537 5549 664 5603; x_wconf 88' lang='lat' dir='ltr'><strong>liliis</strong></span> <span class='ocrx_word' id='word_1_714' title='bbox 694 5563 988 5619; x_wconf 90' lang='lat' dir='ltr'><strong>procerum</strong></span> <span class='ocrx_word' id='word_1_715' title='bbox 1031 5545 1297 5602; x_wconf 90' lang='lat' dir='ltr'><strong>invidiam</strong></span> <span class='ocrx_word' id='word_1_716' title='bbox 1332 5546 1661 5617; x_wconf 88' lang='lat' dir='ltr'><strong>susciperet,</strong></span> <span class='ocrx_word' id='word_1_717' title='bbox 1708 5559 1966 5605; x_wconf 87' lang='lat' dir='ltr'><strong>metuen-</strong></span> 
     </span>
    </p>
   </div>
   <div class='ocr_carea' id='block_1_105' title="bbox 2069 4617 3664 4694">
    <p class='ocr_par' dir='ltr' id='par_1_105' title="bbox 2069 4617 3664 4694">
     <span class='ocr_line' id='line_1_105' title="bbox 2069 4617 3664 4694; baseline 0.003 -23"><span class='ocrx_word' id='word_1_718' title='bbox 2069 4621 2162 4674; x_wconf 86' lang='grc' dir='ltr'><strong>λου</strong></span> <span class='ocrx_word' id='word_1_719' title='bbox 2203 4619 2342 4691; x_wconf 68' lang='grc' dir='ltr'><strong>πρὸς</strong></span> <span class='ocrx_word' id='word_1_720' title='bbox 2372 4619 2654 4690; x_wconf 81' lang='grc' dir='ltr'><strong>Καίσαρα,</strong></span> <span class='ocrx_word' id='word_1_721' title='bbox 2689 4618 2862 4673; x_wconf 80' lang='grc' dir='ltr'><strong>ἐδεῖτο</strong></span> <span class='ocrx_word' id='word_1_722' title='bbox 2909 4620 3098 4676; x_wconf 85' lang='grc' dir='ltr'><strong>λαϐεῖν</strong></span> <span class='ocrx_word' id='word_1_723' title='bbox 3143 4617 3326 4674; x_wconf 73' lang='grc' dir='ltr'><strong>οἶκτον</strong></span> <span class='ocrx_word' id='word_1_724' title='bbox 3356 4623 3529 4676; x_wconf 79' lang='grc' dir='ltr'><strong>αὐτοῦ</strong></span> <span class='ocrx_word' id='word_1_725' title='bbox 3558 4625 3664 4694; x_wconf 80' lang='grc' dir='ltr'><strong>τῆς</strong></span> 
     </span>
    </p>
   </div>
   <div class='ocr_carea' id='block_1_106' title="bbox 2067 4713 3656 4787">
    <p class='ocr_par' dir='ltr' id='par_1_106' title="bbox 2067 4713 3656 4787">
     <span class='ocr_line' id='line_1_106' title="bbox 2067 4713 3656 4787; baseline 0 -19"><span class='ocrx_word' id='word_1_726' title='bbox 2067 4713 2246 4785; x_wconf 83' lang='grc' dir='ltr'><strong>ἀρχῆς</strong></span> <span class='ocrx_word' id='word_1_727' title='bbox 2277 4713 2712 4785; x_wconf 83' lang='grc' dir='ltr'><strong>ἐκϐεϐλημένου,</strong></span> <span class='ocrx_word' id='word_1_728' title='bbox 2743 4714 2839 4766; x_wconf 72' lang='grc' dir='ltr'><strong>καί</strong></span> <span class='ocrx_word' id='word_1_729' title='bbox 2864 4713 2962 4768; x_wconf 77' lang='grc' dir='ltr'><strong>τοῦ</strong></span> <span class='ocrx_word' id='word_1_730' title='bbox 2999 4714 3208 4784; x_wconf 69' lang='grc' dir='ltr'><strong>πατρὸς</strong></span> <span class='ocrx_word' id='word_1_731' title='bbox 3245 4715 3656 4787; x_wconf 86' lang='grc' dir='ltr'><strong>ἀνεμίμνησκε,</strong></span> 
     </span>
    </p>
   </div>
   <div class='ocr_carea' id='block_1_107' title="bbox 2069 4805 3658 4878">
    <p class='ocr_par' dir='ltr' id='par_1_107' title="bbox 2069 4805 3658 4878">
     <span class='ocr_line' id='line_1_107' title="bbox 2069 4805 3658 4878; baseline 0.003 -20"><span class='ocrx_word' id='word_1_732' title='bbox 2069 4807 2162 4859; x_wconf 75' lang='grc' dir='ltr'><strong>καὶ</strong></span> <span class='ocrx_word' id='word_1_733' title='bbox 2180 4808 2256 4869; x_wconf 84' lang='grc' dir='ltr'><strong>ὡς</strong></span> <span class='ocrx_word' id='word_1_734' title='bbox 2288 4805 2356 4859; x_wconf 79' lang='grc' dir='ltr'><strong>δι’</strong></span> <span class='ocrx_word' id='word_1_735' title='bbox 2381 4805 2546 4859; x_wconf 80' lang='grc' dir='ltr'><strong>αὑτὸν</strong></span> <span class='ocrx_word' id='word_1_736' title='bbox 2575 4805 2862 4862; x_wconf 77' lang='grc' dir='ltr'><strong>ἀποθάνοι.</strong></span> <span class='ocrx_word' id='word_1_737' title='bbox 2894 4806 3093 4878; x_wconf 85' lang='grc' dir='ltr'><strong>Παρὼν</strong></span> <span class='ocrx_word' id='word_1_738' title='bbox 3123 4808 3178 4860; x_wconf 76' lang='grc' dir='ltr'><strong>δὲ</strong></span> <span class='ocrx_word' id='word_1_739' title='bbox 3208 4808 3302 4860; x_wconf 71' lang='grc' dir='ltr'><strong>καὶ</strong></span> <span class='ocrx_word' id='word_1_740' title='bbox 3333 4809 3362 4860; x_wconf 93' lang='lat'><strong>6</strong></span> <span class='ocrx_word' id='word_1_741' title='bbox 3397 4808 3658 4862; x_wconf 81' lang='grc' dir='ltr'><strong>Ἀντίπα-</strong></span> 
     </span>
    </p>
   </div>
   <div class='ocr_carea' id='block_1_108' title="bbox 2067 4899 3658 4970">
    <p class='ocr_par' dir='ltr' id='par_1_108' title="bbox 2067 4899 3658 4970">
     <span class='ocr_line' id='line_1_108' title="bbox 2067 4899 3658 4970; baseline 0.002 -17"><span class='ocrx_word' id='word_1_742' title='bbox 2067 4917 2196 4970; x_wconf 89' lang='grc' dir='ltr'><strong>τρος</strong></span> <span class='ocrx_word' id='word_1_743' title='bbox 2251 4899 2595 4969; x_wconf 75' lang='grc' dir='ltr'><strong>ἀπελογεῖτο.</strong></span> <span class='ocrx_word' id='word_1_744' title='bbox 2645 4901 2926 4966; x_wconf 80' lang='grc' dir='ltr'><strong>Δοξάντων</strong></span> <span class='ocrx_word' id='word_1_745' title='bbox 2999 4901 3057 4954; x_wconf 77' lang='grc' dir='ltr'><strong>δὲ</strong></span> <span class='ocrx_word' id='word_1_746' title='bbox 3109 4900 3219 4954; x_wconf 84' lang='grc' dir='ltr'><strong>τῶν</strong></span> <span class='ocrx_word' id='word_1_747' title='bbox 3269 4901 3445 4970; x_wconf 78' lang='grc' dir='ltr'><strong>λόγων</strong></span> <span class='ocrx_word' id='word_1_748' title='bbox 3487 4904 3658 4956; x_wconf 79' lang='grc' dir='ltr'><strong>αὐτοῦ</strong></span> 
     </span>
    </p>
   </div>
   <div class='ocr_carea' id='block_1_109' title="bbox 2067 4992 3661 5065">
    <p class='ocr_par' dir='ltr' id='par_1_109' title="bbox 2067 4992 3661 5065">
     <span class='ocr_line' id='line_1_109' title="bbox 2067 4992 3661 5065; baseline 0.001 -19"><span class='ocrx_word' id='word_1_749' title='bbox 2067 4992 2572 5064; x_wconf 79' lang='grc' dir='ltr'><strong>ἐπικρατεστέρων,</strong></span> <span class='ocrx_word' id='word_1_750' title='bbox 2615 4994 2641 5046; x_wconf 89' lang='grc' dir='ltr'>ὁ</span> <span class='ocrx_word' id='word_1_751' title='bbox 2690 4994 2913 5064; x_wconf 83' lang='grc' dir='ltr'><strong>Καῖσαρ</strong></span> <span class='ocrx_word' id='word_1_752' title='bbox 2977 4993 3230 5065; x_wconf 82' lang='grc' dir='ltr'><strong>’Υρκανῷ</strong></span> <span class='ocrx_word' id='word_1_753' title='bbox 3271 4997 3372 5064; x_wconf 85' lang='grc' dir='ltr'><strong>μὲν</strong></span> <span class='ocrx_word' id='word_1_754' title='bbox 3408 4994 3513 5064; x_wconf 81' lang='grc' dir='ltr'><strong>τὴν</strong></span> <span class='ocrx_word' id='word_1_755' title='bbox 3559 4998 3661 5063; x_wconf 84' lang='grc' dir='ltr'><strong>ἀρ-</strong></span> 
     </span>
    </p>
   </div>
   <div class='ocr_carea' id='block_1_110' title="bbox 2067 5084 3656 5157">
    <p class='ocr_par' dir='ltr' id='par_1_110' title="bbox 2067 5084 3656 5157">
     <span class='ocr_line' id='line_1_110' title="bbox 2067 5084 3656 5157; baseline 0.003 -21"><span class='ocrx_word' id='word_1_756' title='bbox 2067 5084 2407 5156; x_wconf 67' lang='grc' dir='ltr'><strong>χιερωσύνην</strong></span> <span class='ocrx_word' id='word_1_757' title='bbox 2435 5084 2863 5148; x_wconf 75' lang='grc' dir='ltr'><strong>ἐπεϐεϐαίωσεν,</strong></span> <span class='ocrx_word' id='word_1_758' title='bbox 2913 5085 3275 5157; x_wconf 82' lang='grc' dir='ltr'><strong>Ἀντίπατρον</strong></span> <span class='ocrx_word' id='word_1_759' title='bbox 3307 5086 3363 5140; x_wconf 74' lang='grc' dir='ltr'><strong>δὲ</strong></span> <span class='ocrx_word' id='word_1_760' title='bbox 3395 5088 3656 5152; x_wconf 77' lang='grc' dir='ltr'><strong>ἀπέδειξε</strong></span> 
     </span>
    </p>
   </div>
   <div class='ocr_carea' id='block_1_111' title="bbox 2064 5177 3657 5250">
    <p class='ocr_par' dir='ltr' id='par_1_111' title="bbox 2064 5177 3657 5250">
     <span class='ocr_line' id='line_1_111' title="bbox 2064 5177 3657 5250; baseline 0.003 -20"><span class='ocrx_word' id='word_1_761' title='bbox 2064 5179 2164 5248; x_wconf 79' lang='grc' dir='ltr'><strong>τῆς</strong></span> <span class='ocrx_word' id='word_1_762' title='bbox 2202 5178 2465 5240; x_wconf 81' lang='grc' dir='ltr'><strong>Ἰουδαίας</strong></span> <span class='ocrx_word' id='word_1_763' title='bbox 2484 5177 2802 5248; x_wconf 81' lang='grc' dir='ltr'><strong>ἐπίτροπον.</strong></span> <span class='ocrx_word' id='word_1_764' title='bbox 2845 5179 2932 5241; x_wconf 80' lang='grc' dir='ltr'><strong>Ὧς</strong></span> <span class='ocrx_word' id='word_1_765' title='bbox 2956 5179 3012 5233; x_wconf 79' lang='grc' dir='ltr'><strong>δὲ</strong></span> <span class='ocrx_word' id='word_1_766' title='bbox 3038 5181 3258 5250; x_wconf 82' lang='grc' dir='ltr'><strong>Καῖσαρ</strong></span> <span class='ocrx_word' id='word_1_767' title='bbox 3283 5182 3363 5244; x_wconf 84' lang='grc' dir='ltr'><strong>εἰς</strong></span> <span class='ocrx_word' id='word_1_768' title='bbox 3390 5181 3494 5250; x_wconf 82' lang='grc' dir='ltr'><strong>τὴν</strong></span> <span class='ocrx_word' id='word_1_769' title='bbox 3528 5182 3657 5234; x_wconf 79' lang='grc' dir='ltr'><strong>Ῥὡο</strong></span> 
     </span>
    </p>
   </div>
   <div class='ocr_carea' id='block_1_112' title="bbox 2069 5269 3659 5344">
    <p class='ocr_par' dir='ltr' id='par_1_112' title="bbox 2069 5269 3659 5344">
     <span class='ocr_line' id='line_1_112' title="bbox 2069 5269 3659 5344; baseline 0.003 -22"><span class='ocrx_word' id='word_1_770' title='bbox 2069 5288 2177 5338; x_wconf 89' lang='grc' dir='ltr'><strong>μην</strong></span> <span class='ocrx_word' id='word_1_771' title='bbox 2218 5269 2413 5342; x_wconf 76' lang='grc' dir='ltr'><strong>ἀπῄει,</strong></span> <span class='ocrx_word' id='word_1_772' title='bbox 2448 5273 2477 5324; x_wconf 90' lang='lat'><strong>6</strong></span> <span class='ocrx_word' id='word_1_773' title='bbox 2517 5271 2872 5341; x_wconf 83' lang='grc' dir='ltr'><strong>Ἀντίπατρος</strong></span> <span class='ocrx_word' id='word_1_774' title='bbox 2907 5271 2975 5325; x_wconf 78' lang='grc' dir='ltr'><strong>τὰ</strong></span> <span class='ocrx_word' id='word_1_775' title='bbox 3036 5274 3175 5326; x_wconf 76' lang='grc' dir='ltr'><strong>κατὰ</strong></span> <span class='ocrx_word' id='word_1_776' title='bbox 3239 5273 3338 5344; x_wconf 84' lang='grc' dir='ltr'><strong>τὴν</strong></span> <span class='ocrx_word' id='word_1_777' title='bbox 3386 5273 3659 5328; x_wconf 83' lang='grc' dir='ltr'><strong>Ἰουδαίαν</strong></span> 
     </span>
    </p>
   </div>
   <div class='ocr_carea' id='block_1_113' title="bbox 2065 5352 3657 5435">
    <p class='ocr_par' dir='ltr' id='par_1_113' title="bbox 2065 5352 3657 5435">
     <span class='ocr_line' id='line_1_113' title="bbox 2065 5352 3657 5435; baseline 0 -18"><span class='ocrx_word' id='word_1_778' title='bbox 2065 5363 2323 5418; x_wconf 84' lang='grc' dir='ltr'><strong>καθίστα.</strong></span> <span class='ocrx_word' id='word_1_779' title='bbox 2356 5364 2568 5434; x_wconf 76' lang='grc' dir='ltr'><strong>Βραδὺν</strong></span> <span class='ocrx_word' id='word_1_780' title='bbox 2601 5364 2660 5416; x_wconf 81' lang='grc' dir='ltr'><strong>δὲ</strong></span> <span class='ocrx_word' id='word_1_781' title='bbox 2713 5363 2858 5435; x_wconf 84' lang='grc' dir='ltr'><strong>ὁρῶν</strong></span> <span class='ocrx_word' id='word_1_782' title='bbox 2891 5352 2987 5418; x_wconf 71' lang='grc' dir='ltr'><strong>καὶ</strong></span> <span class='ocrx_word' id='word_1_783' title='bbox 3025 5365 3176 5435; x_wconf 82' lang='grc' dir='ltr'><strong>νωθῆ</strong></span> <span class='ocrx_word' id='word_1_784' title='bbox 3209 5366 3302 5419; x_wconf 75' lang='grc' dir='ltr'><strong>τὸν</strong></span> <span class='ocrx_word' id='word_1_785' title='bbox 3359 5367 3657 5432; x_wconf 72' lang='grc' dir='ltr'><strong>Ὑρκανὸν,</strong></span> 
     </span>
    </p>
   </div>
   <div class='ocr_carea' id='block_1_114' title="bbox 2064 5456 3659 5532">
    <p class='ocr_par' dir='ltr' id='par_1_114' title="bbox 2064 5456 3659 5532">
     <span class='ocr_line' id='line_1_114' title="bbox 2064 5456 3659 5532; baseline 0.002 -22"><span class='ocrx_word' id='word_1_786' title='bbox 2064 5456 2345 5528; x_wconf 76' lang='grc' dir='ltr'><strong>Φασάηλον</strong></span> <span class='ocrx_word' id='word_1_787' title='bbox 2375 5459 2475 5527; x_wconf 79' lang='grc' dir='ltr'><strong>μὲν</strong></span> <span class='ocrx_word' id='word_1_788' title='bbox 2505 5458 2596 5512; x_wconf 78' lang='grc' dir='ltr'><strong>τὸν</strong></span> <span class='ocrx_word' id='word_1_789' title='bbox 2623 5457 3002 5529; x_wconf 81' lang='grc' dir='ltr'><strong>πρεσϐύτατον</strong></span> <span class='ocrx_word' id='word_1_790' title='bbox 3021 5459 3128 5512; x_wconf 88' lang='grc' dir='ltr'><strong>τῶν</strong></span> <span class='ocrx_word' id='word_1_791' title='bbox 3159 5461 3387 5526; x_wconf 82' lang='grc' dir='ltr'><strong>παίδων,</strong></span> <span class='ocrx_word' id='word_1_792' title='bbox 3427 5461 3659 5532; x_wconf 83' lang='grc' dir='ltr'><strong>Ἰεροσο-</strong></span> 
     </span>
    </p>
   </div>
   <div class='ocr_carea' id='block_1_115' title="bbox 2064 5549 3658 5624">
    <p class='ocr_par' dir='ltr' id='par_1_115' title="bbox 2064 5549 3658 5624">
     <span class='ocr_line' id='line_1_115' title="bbox 2064 5549 3658 5624; baseline 0 -21"><span class='ocrx_word' id='word_1_793' title='bbox 2064 5549 2309 5622; x_wconf 84' lang='grc' dir='ltr'><strong>λυμιτῶν</strong></span> <span class='ocrx_word' id='word_1_794' title='bbox 2358 5552 2453 5606; x_wconf 78' lang='grc' dir='ltr'><strong>καὶ</strong></span> <span class='ocrx_word' id='word_1_795' title='bbox 2486 5549 2594 5606; x_wconf 78' lang='grc' dir='ltr'>τῶν</span> <span class='ocrx_word' id='word_1_796' title='bbox 2630 5551 2790 5622; x_wconf 79' lang='grc' dir='ltr'><strong>πέριξ</strong></span> <span class='ocrx_word' id='word_1_797' title='bbox 2827 5553 3138 5624; x_wconf 71' lang='grc' dir='ltr'><strong>στρατηγὸν</strong></span> <span class='ocrx_word' id='word_1_798' title='bbox 3169 5554 3543 5608; x_wconf 69' lang='grc' dir='ltr'><strong>ἀποδείκνυσιο</strong></span> <span class='ocrx_word' id='word_1_799' title='bbox 3566 5551 3658 5605; x_wconf 80' lang='grc' dir='ltr'><strong>τὸν</strong></span> 
     </span>
    </p>
   </div>
   <div class='ocr_carea' id='block_1_116' title="bbox 1575 5705 2462 5771">
    <p class='ocr_par' dir='ltr' id='par_1_116' title="bbox 1575 5705 2462 5771">
     <span class='ocr_line' id='line_1_116' title="bbox 1575 5705 2462 5771; baseline 0 -3"><span class='ocrx_word' id='word_1_800' title='bbox 1575 5705 1776 5768; x_wconf 65' lang='lat' dir='ltr'><strong>Variae</strong></span> <span class='ocrx_word' id='word_1_801' title='bbox 1813 5705 2121 5771; x_wconf 84' lang='lat' dir='ltr'><strong>lectiones</strong></span> <span class='ocrx_word' id='word_1_802' title='bbox 2165 5711 2228 5768; x_wconf 87' lang='lat' dir='ltr'><strong>et</strong></span> <span class='ocrx_word' id='word_1_803' title='bbox 2272 5715 2462 5770; x_wconf 72' lang='lat' dir='ltr'><strong>notm.</strong></span> 
     </span>
    </p>
   </div>
   <div class='ocr_carea' id='block_1_117' title="bbox 449 5828 1963 5907">
    <p class='ocr_par' dir='ltr' id='par_1_117' title="bbox 449 5829 1954 5904">
     <span class='ocr_line' id='line_1_117' title="bbox 449 5829 1954 5904; baseline 0.003 -18"><span class='ocrx_word' id='word_1_804' title='bbox 449 5833 562 5900; x_wconf 77' lang='lat'><strong>(35)</strong></span> <span class='ocrx_word' id='word_1_805' title='bbox 596 5835 738 5902; x_wconf 79' lang='grc' dir='ltr'><strong>Παρ⁹</strong></span> <span class='ocrx_word' id='word_1_806' title='bbox 784 5829 875 5902; x_wconf 78' lang='grc' dir='ltr'><strong>οἷς</strong></span> <span class='ocrx_word' id='word_1_807' title='bbox 930 5835 1156 5902; x_wconf 76' lang='grc' dir='ltr'><strong>ἄγεται.</strong></span> <span class='ocrx_word' id='word_1_808' title='bbox 1206 5833 1284 5889; x_wconf 91' lang='lat' dir='ltr'><strong>lta</strong></span> <span class='ocrx_word' id='word_1_809' title='bbox 1308 5846 1442 5888; x_wconf 82' lang='lat' dir='ltr'><strong>mss.</strong></span> <span class='ocrx_word' id='word_1_810' title='bbox 1472 5840 1528 5889; x_wconf 85' lang='lat' dir='ltr'><strong>et</strong></span> <span class='ocrx_word' id='word_1_811' title='bbox 1554 5831 1828 5904; x_wconf 87' lang='lat' dir='ltr'><strong>.losepbus</strong></span> <span class='ocrx_word' id='word_1_812' title='bbox 1857 5833 1954 5890; x_wconf 86' lang='lat' dir='ltr'><strong>lib.</strong></span> 
     </span>
    </p>
   </div>
   <div class='ocr_carea' id='block_1_118' title="bbox 2068 5828 2406 5907">
    <p class='ocr_par' dir='ltr' id='par_1_118' title="bbox 2068 5828 2406 5907">
     <span class='ocr_line' id='line_1_118' title="bbox 2068 5828 2406 5907; baseline 0.018 -21"><span class='ocrx_word' id='word_1_813' title='bbox 2068 5851 2108 5904; x_wconf 72' lang='grc' dir='ltr'><strong>γ,</strong></span> <span class='ocrx_word' id='word_1_814' title='bbox 2143 5835 2273 5907; x_wconf 85' lang='grc' dir='ltr'><strong>παρ’</strong></span> <span class='ocrx_word' id='word_1_815' title='bbox 2308 5828 2406 5892; x_wconf 81' lang='grc' dir='ltr'><strong>ὧν.</strong></span> 
     </span>
    </p>
   </div>
  </div>
