  <div class='ocr_page' id='page_1' title='image "/cluster/home/n/w/nwhite01/storage/ocr_20150623/134/hvd.32044073502510/212.png"; bbox 0 0 3918 6200; ppageno 0'>
   <div class='ocr_carea' id='block_1_1' title="bbox 185 330 281 394">
    <p class='ocr_par' dir='ltr' id='par_1_1' title="bbox 185 330 281 394">
     <span class='ocr_line' id='line_1_1' title="bbox 185 330 281 394; baseline 0 0"><span class='ocrx_word' id='word_1_1' title='bbox 185 330 281 394; x_wconf 67' lang='grc'><strong>409</strong></span> 
     </span>
    </p>
   </div>
   <div class='ocr_carea' id='block_1_2' title="bbox 1446 319 2162 384">
    <p class='ocr_par' dir='ltr' id='par_1_2' title="bbox 1446 319 2162 384">
     <span class='ocr_line' id='line_1_2' title="bbox 1446 319 2162 384; baseline 0 0"><span class='ocrx_word' id='word_1_2' title='bbox 1446 319 1857 384; x_wconf 77' lang='lat' dir='ltr'><strong>ANNALIUM</strong></span> <span class='ocrx_word' id='word_1_3' title='bbox 1898 321 2051 382; x_wconf 74' lang='lat' dir='ltr'><strong>LIB.</strong></span> <span class='ocrx_word' id='word_1_4' title='bbox 2094 324 2162 384; x_wconf 83' lang='lat' dir='ltr'><strong>V.</strong></span> 
     </span>
    </p>
   </div>
   <div class='ocr_carea' id='block_1_3' title="bbox 3344 318 3459 383">
    <p class='ocr_par' dir='ltr' id='par_1_3' title="bbox 3344 318 3459 383">
     <span class='ocr_line' id='line_1_3' title="bbox 3344 318 3459 383; baseline 0.026 -3"><span class='ocrx_word' id='word_1_5' title='bbox 3344 318 3459 383; x_wconf 76' lang='grc' dir='ltr'>ΗΟ</span> 
     </span>
    </p>
   </div>
   <div class='ocr_carea' id='block_1_4' title="bbox 185 396 1770 512">
    <p class='ocr_par' dir='ltr' id='par_1_4' title="bbox 185 412 1760 512">
     <span class='ocr_line' id='line_1_4' title="bbox 185 412 1760 512; baseline -0.003 -14"><span class='ocrx_word' id='word_1_6' title='bbox 185 412 422 507; x_wconf 54' lang='lat' dir='ltr'><strong>lauant</strong></span> <span class='ocrx_word' id='word_1_7' title='bbox 470 442 570 512; x_wconf 76' lang='grc' dir='ltr'><strong>τῆς</strong></span> <span class='ocrx_word' id='word_1_8' title='bbox 622 440 898 495; x_wconf 75' lang='grc' dir='ltr'>Ἰουδαίων</span> <span class='ocrx_word' id='word_1_9' title='bbox 923 440 1029 511; x_wconf 78' lang='grc' dir='ltr'><strong>γῆς</strong></span> <span class='ocrx_word' id='word_1_10' title='bbox 1055 437 1170 510; x_wconf 81' lang='grc'><strong>(58)</strong></span> <span class='ocrx_word' id='word_1_11' title='bbox 1214 438 1557 511; x_wconf 76' lang='grc' dir='ltr'><strong>ὑπαντήσας,</strong></span> <span class='ocrx_word' id='word_1_12' title='bbox 1612 437 1760 508; x_wconf 82' lang='grc' dir='ltr'><strong>μάχῃ</strong></span> 
     </span>
    </p>
   </div>
   <div class='ocr_carea' id='block_1_5' title="bbox 1873 396 3452 512">
    <p class='ocr_par' dir='ltr' id='par_1_5' title="bbox 1873 438 3452 511">
     <span class='ocr_line' id='line_1_5' title="bbox 1873 438 3452 511; baseline 0.004 -21"><span class='ocrx_word' id='word_1_13' title='bbox 1873 452 2137 507; x_wconf 71' lang='lat' dir='ltr'><strong>gressum,</strong></span> <span class='ocrx_word' id='word_1_14' title='bbox 2185 438 2376 509; x_wconf 69' lang='lat' dir='ltr'><strong>praelio</strong></span> <span class='ocrx_word' id='word_1_15' title='bbox 2422 438 2625 505; x_wconf 82' lang='lat' dir='ltr'><strong>victor,</strong></span> <span class='ocrx_word' id='word_1_16' title='bbox 2674 439 2879 496; x_wconf 85' lang='lat' dir='ltr'><strong>ﬁnibus</strong></span> <span class='ocrx_word' id='word_1_17' title='bbox 2926 439 3171 508; x_wconf 78' lang='lat' dir='ltr'><strong>regionis</strong></span> <span class='ocrx_word' id='word_1_18' title='bbox 3215 444 3452 511; x_wconf 77' lang='lat' dir='ltr'><strong>expulit.</strong></span> 
     </span>
    </p>
   </div>
   <div class='ocr_carea' id='block_1_6' title="bbox 184 530 1758 609">
    <p class='ocr_par' dir='ltr' id='par_1_6' title="bbox 184 530 1758 609">
     <span class='ocr_line' id='line_1_6' title="bbox 184 530 1758 609; baseline -0.007 -16"><span class='ocrx_word' id='word_1_19' title='bbox 184 538 411 609; x_wconf 70' lang='grc' dir='ltr'><strong>ἰνίκησε,</strong></span> <span class='ocrx_word' id='word_1_20' title='bbox 439 536 537 590; x_wconf 72' lang='grc' dir='ltr'><strong>καὶ</strong></span> <span class='ocrx_word' id='word_1_21' title='bbox 564 535 677 589; x_wconf 84' lang='grc' dir='ltr'><strong>τῶν</strong></span> <span class='ocrx_word' id='word_1_22' title='bbox 699 535 869 604; x_wconf 82' lang='grc' dir='ltr'><strong>ὁρίων</strong></span> <span class='ocrx_word' id='word_1_23' title='bbox 910 533 1119 604; x_wconf 79' lang='grc' dir='ltr'><strong>ταύτης</strong></span> <span class='ocrx_word' id='word_1_24' title='bbox 1153 532 1410 598; x_wconf 76' lang='grc' dir='ltr'><strong>ἐξέωσεν.</strong></span> <span class='ocrx_word' id='word_1_25' title='bbox 1444 530 1608 585; x_wconf 86' lang='grc' dir='ltr'><strong>Ὄοεν</strong></span> <span class='ocrx_word' id='word_1_26' title='bbox 1630 530 1758 598; x_wconf 85' lang='grc' dir='ltr'><strong>ἀφι-</strong></span> 
     </span>
    </p>
   </div>
   <div class='ocr_carea' id='block_1_7' title="bbox 185 620 1760 700">
    <p class='ocr_par' dir='ltr' id='par_1_7' title="bbox 185 620 1760 700">
     <span class='ocr_line' id='line_1_7' title="bbox 185 620 1760 700; baseline -0.006 -17"><span class='ocrx_word' id='word_1_27' title='bbox 185 630 403 700; x_wconf 71' lang='grc' dir='ltr'><strong>κόμενον</strong></span> <span class='ocrx_word' id='word_1_28' title='bbox 423 626 507 691; x_wconf 84' lang='grc' dir='ltr'><strong>είς</strong></span> <span class='ocrx_word' id='word_1_29' title='bbox 549 626 919 698; x_wconf 80' lang='grc' dir='ltr'><strong>Ἱεροσόλυμα</strong></span> <span class='ocrx_word' id='word_1_30' title='bbox 955 624 1260 693; x_wconf 72' lang='grc' dir='ltr'><strong>ἐστεφάνου</strong></span> <span class='ocrx_word' id='word_1_31' title='bbox 1294 624 1324 678; x_wconf 84' lang='grc' dir='ltr'><strong>ὃ</strong></span> <span class='ocrx_word' id='word_1_32' title='bbox 1372 639 1433 676; x_wconf 88' lang='grc' dir='ltr'><strong>τε</strong></span> <span class='ocrx_word' id='word_1_33' title='bbox 1462 622 1631 692; x_wconf 84' lang='grc' dir='ltr'><strong>δῆμος</strong></span> <span class='ocrx_word' id='word_1_34' title='bbox 1661 620 1760 675; x_wconf 73' lang='grc' dir='ltr'><strong>καὶ</strong></span> 
     </span>
    </p>
   </div>
   <div class='ocr_carea' id='block_1_8' title="bbox 194 711 1764 791">
    <p class='ocr_par' dir='ltr' id='par_1_8' title="bbox 194 711 1764 791">
     <span class='ocr_line' id='line_1_8' title="bbox 194 711 1764 791; baseline -0.006 -17"><span class='ocrx_word' id='word_1_35' title='bbox 194 719 452 791; x_wconf 78' lang='grc' dir='ltr'><strong>Ὑρκανός</strong></span> <span class='ocrx_word' id='word_1_36' title='bbox 471 736 490 752; x_wconf 78' lang='grc' dir='ltr'><strong><em>ο</em></strong></span> <span class='ocrx_word' id='word_1_37' title='bbox 516 717 887 789; x_wconf 67' lang='grc' dir='ltr'><strong>μνηστεύεσαι</strong></span> <span class='ocrx_word' id='word_1_38' title='bbox 917 716 975 771; x_wconf 84' lang='grc' dir='ltr'><strong>δὲ</strong></span> <span class='ocrx_word' id='word_1_39' title='bbox 1004 718 1100 770; x_wconf 65' lang='grc' dir='ltr'><strong>καὶ</strong></span> <span class='ocrx_word' id='word_1_40' title='bbox 1130 715 1232 789; x_wconf 78' lang='grc' dir='ltr'><strong>τὴν</strong></span> <span class='ocrx_word' id='word_1_41' title='bbox 1279 713 1552 786; x_wconf 80' lang='grc' dir='ltr'><strong>Ὑρκανοῦ</strong></span> <span class='ocrx_word' id='word_1_42' title='bbox 1587 711 1764 780; x_wconf 86' lang='grc' dir='ltr'><strong>θυγα-</strong></span> 
     </span>
    </p>
   </div>
   <div class='ocr_carea' id='block_1_9' title="bbox 183 806 1759 885">
    <p class='ocr_par' dir='ltr' id='par_1_9' title="bbox 183 806 1759 885">
     <span class='ocr_line' id='line_1_9' title="bbox 183 806 1759 885; baseline -0.006 -16"><span class='ocrx_word' id='word_1_43' title='bbox 183 812 382 885; x_wconf 77' lang='grc' dir='ltr'><strong>τριδῆν,</strong></span> <span class='ocrx_word' id='word_1_44' title='bbox 420 810 778 881; x_wconf 76' lang='grc' dir='ltr'><strong>Ἀλεξάνδρου</strong></span> <span class='ocrx_word' id='word_1_45' title='bbox 801 810 862 863; x_wconf 75' lang='grc' dir='ltr'><strong>δὲ</strong></span> <span class='ocrx_word' id='word_1_46' title='bbox 889 810 1189 881; x_wconf 81' lang='grc' dir='ltr'><strong>Θυγατέρα,</strong></span> <span class='ocrx_word' id='word_1_47' title='bbox 1213 809 1306 864; x_wconf 85' lang='grc' dir='ltr'><strong>τοῦ</strong></span> <span class='ocrx_word' id='word_1_48' title='bbox 1342 806 1759 879; x_wconf 75' lang='grc' dir='ltr'><strong>Ἀριστοσούλου</strong></span> 
     </span>
    </p>
   </div>
   <div class='ocr_carea' id='block_1_10' title="bbox 184 897 1760 973">
    <p class='ocr_par' dir='ltr' id='par_1_10' title="bbox 184 897 1760 973">
     <span class='ocr_line' id='line_1_10' title="bbox 184 897 1760 973; baseline -0.005 -16"><span class='ocrx_word' id='word_1_49' title='bbox 184 903 382 966; x_wconf 71' lang='grc' dir='ltr'><strong>παιδός.</strong></span> <span class='ocrx_word' id='word_1_50' title='bbox 432 897 563 973; x_wconf 77' lang='grc' dir='ltr'><strong>Εἶχε</strong></span> <span class='ocrx_word' id='word_1_51' title='bbox 592 901 652 954; x_wconf 74' lang='grc' dir='ltr'><strong>δὲ</strong></span> <span class='ocrx_word' id='word_1_52' title='bbox 702 899 972 972; x_wconf 81' lang='grc' dir='ltr'><strong>πρότερον</strong></span> <span class='ocrx_word' id='word_1_53' title='bbox 1022 900 1219 969; x_wconf 70' lang='grc' dir='ltr'><strong>ἑτέραν</strong></span> <span class='ocrx_word' id='word_1_54' title='bbox 1250 901 1485 969; x_wconf 85' lang='grc' dir='ltr'><strong>γυναῖκα</strong></span> <span class='ocrx_word' id='word_1_55' title='bbox 1511 897 1760 968; x_wconf 79' lang='grc' dir='ltr'><strong>δημότιν,</strong></span> 
     </span>
    </p>
   </div>
   <div class='ocr_carea' id='block_1_11' title="bbox 186 989 1763 1067">
    <p class='ocr_par' dir='ltr' id='par_1_11' title="bbox 186 989 1763 1067">
     <span class='ocr_line' id='line_1_11' title="bbox 186 989 1763 1067; baseline -0.004 -17"><span class='ocrx_word' id='word_1_56' title='bbox 186 995 382 1065; x_wconf 79' lang='grc' dir='ltr'><strong>Δωρίδα</strong></span> <span class='ocrx_word' id='word_1_57' title='bbox 421 993 790 1063; x_wconf 76' lang='grc' dir='ltr'><strong>καλουμένην,</strong></span> <span class='ocrx_word' id='word_1_58' title='bbox 820 992 881 1057; x_wconf 83' lang='grc' dir='ltr'>ὲξ</span> <span class='ocrx_word' id='word_1_59' title='bbox 913 989 988 1067; x_wconf 83' lang='grc' dir='ltr'><strong>ἦς</strong></span> <span class='ocrx_word' id='word_1_60' title='bbox 1014 992 1168 1063; x_wconf 82' lang='grc' dir='ltr'><strong>αὐτῷ</strong></span> <span class='ocrx_word' id='word_1_61' title='bbox 1218 994 1351 1055; x_wconf 84' lang='grc' dir='ltr'><strong>παῖς</strong></span> <span class='ocrx_word' id='word_1_62' title='bbox 1407 990 1763 1062; x_wconf 71' lang='grc' dir='ltr'><strong>Ἀντίπατρος</strong></span> 
     </span>
    </p>
   </div>
   <div class='ocr_carea' id='block_1_12' title="bbox 184 1082 1763 1156">
    <p class='ocr_par' dir='ltr' id='par_1_12' title="bbox 184 1082 1763 1156">
     <span class='ocr_line' id='line_1_12' title="bbox 184 1082 1763 1156; baseline -0.003 -16"><span class='ocrx_word' id='word_1_63' title='bbox 184 1089 406 1156; x_wconf 81' lang='grc' dir='ltr'><strong>γίνεται,</strong></span> <span class='ocrx_word' id='word_1_64' title='bbox 458 1085 572 1139; x_wconf 85' lang='grc' dir='ltr'><strong>τῶν</strong></span> <span class='ocrx_word' id='word_1_65' title='bbox 618 1086 797 1139; x_wconf 81' lang='grc' dir='ltr'><strong>ἄλλων</strong></span> <span class='ocrx_word' id='word_1_66' title='bbox 825 1084 1224 1155; x_wconf 75' lang='grc' dir='ltr'><strong>πρεσϐύτερος.</strong></span> <span class='ocrx_word' id='word_1_67' title='bbox 1256 1083 1550 1138; x_wconf 83' lang='grc' dir='ltr'><strong>Ἀντωνίου</strong></span> <span class='ocrx_word' id='word_1_68' title='bbox 1579 1083 1638 1138; x_wconf 78' lang='grc' dir='ltr'><strong>δὲ</strong></span> <span class='ocrx_word' id='word_1_69' title='bbox 1667 1082 1763 1137; x_wconf 72' lang='grc' dir='ltr'><strong>καὶ</strong></span> 
     </span>
    </p>
   </div>
   <div class='ocr_carea' id='block_1_13' title="bbox 186 1176 1766 1249">
    <p class='ocr_par' dir='ltr' id='par_1_13' title="bbox 186 1176 1766 1249">
     <span class='ocr_line' id='line_1_13' title="bbox 186 1176 1766 1249; baseline -0.003 -15"><span class='ocrx_word' id='word_1_70' title='bbox 186 1179 467 1249; x_wconf 67' lang='grc' dir='ltr'><strong>Καίσαρος</strong></span> <span class='ocrx_word' id='word_1_71' title='bbox 497 1177 742 1232; x_wconf 76' lang='grc' dir='ltr'><strong>Κάσσιον</strong></span> <span class='ocrx_word' id='word_1_72' title='bbox 779 1179 876 1232; x_wconf 77' lang='grc' dir='ltr'><strong>καὶ</strong></span> <span class='ocrx_word' id='word_1_73' title='bbox 910 1176 1149 1248; x_wconf 85' lang='grc' dir='ltr'><strong>Βροῦτον</strong></span> <span class='ocrx_word' id='word_1_74' title='bbox 1185 1178 1314 1248; x_wconf 78' lang='grc' dir='ltr'><strong>περὶ</strong></span> <span class='ocrx_word' id='word_1_75' title='bbox 1343 1177 1647 1241; x_wconf 77' lang='grc' dir='ltr'><strong>Φιλίππους</strong></span> <span class='ocrx_word' id='word_1_76' title='bbox 1677 1194 1766 1230; x_wconf 86' lang='grc' dir='ltr'><strong>νε-</strong></span> 
     </span>
    </p>
   </div>
   <div class='ocr_carea' id='block_1_14' title="bbox 184 1268 1766 1341">
    <p class='ocr_par' dir='ltr' id='par_1_14' title="bbox 184 1268 1766 1341">
     <span class='ocr_line' id='line_1_14' title="bbox 184 1268 1766 1341; baseline -0.002 -17"><span class='ocrx_word' id='word_1_77' title='bbox 184 1270 503 1339; x_wconf 73' lang='grc' dir='ltr'><strong>νικηκότων,</strong></span> <span class='ocrx_word' id='word_1_78' title='bbox 551 1271 581 1323; x_wconf 78' lang='grc' dir='ltr'><strong>ό</strong></span> <span class='ocrx_word' id='word_1_79' title='bbox 610 1270 712 1340; x_wconf 71' lang='grc' dir='ltr'><strong>μὲν</strong></span> <span class='ocrx_word' id='word_1_80' title='bbox 755 1270 849 1323; x_wconf 70' lang='grc' dir='ltr'><strong>ἐπὶ</strong></span> <span class='ocrx_word' id='word_1_81' title='bbox 882 1268 1119 1334; x_wconf 77' lang='grc' dir='ltr'><strong>Γαλλίας</strong></span> <span class='ocrx_word' id='word_1_82' title='bbox 1148 1268 1369 1340; x_wconf 73' lang='grc' dir='ltr'><strong>ἐχώρει,</strong></span> <span class='ocrx_word' id='word_1_83' title='bbox 1420 1268 1558 1341; x_wconf 78' lang='grc' dir='ltr'><strong>πρὸς</strong></span> <span class='ocrx_word' id='word_1_84' title='bbox 1589 1269 1645 1323; x_wconf 75' lang='grc' dir='ltr'><strong>δὲ</strong></span> <span class='ocrx_word' id='word_1_85' title='bbox 1665 1268 1766 1340; x_wconf 84' lang='grc' dir='ltr'><strong>τὴν</strong></span> 
     </span>
    </p>
   </div>
   <div class='ocr_carea' id='block_1_15' title="bbox 192 1361 1768 1434">
    <p class='ocr_par' dir='ltr' id='par_1_15' title="bbox 192 1361 1768 1434">
     <span class='ocr_line' id='line_1_15' title="bbox 192 1361 1768 1434; baseline -0.003 -15"><span class='ocrx_word' id='word_1_86' title='bbox 192 1364 372 1419; x_wconf 78' lang='grc' dir='ltr'><strong>Ἀσίαν</strong></span> <span class='ocrx_word' id='word_1_87' title='bbox 393 1361 709 1425; x_wconf 80' lang='grc' dir='ltr'><strong>Ἀντώνιος.</strong></span> <span class='ocrx_word' id='word_1_88' title='bbox 735 1361 1023 1434; x_wconf 71' lang='grc' dir='ltr'><strong>Γενομένῳ</strong></span> <span class='ocrx_word' id='word_1_89' title='bbox 1052 1362 1099 1416; x_wconf 89' lang='grc' dir='ltr'><strong>δ’</strong></span> <span class='ocrx_word' id='word_1_90' title='bbox 1131 1363 1189 1417; x_wconf 71' lang='grc' dir='ltr'><strong>ἐν</strong></span> <span class='ocrx_word' id='word_1_91' title='bbox 1213 1362 1461 1433; x_wconf 76' lang='grc' dir='ltr'><strong>Βιθυνία,</strong></span> <span class='ocrx_word' id='word_1_92' title='bbox 1492 1362 1768 1432; x_wconf 79' lang='grc' dir='ltr'><strong>πανταχό-</strong></span> 
     </span>
    </p>
   </div>
   <div class='ocr_carea' id='block_1_16' title="bbox 184 1458 1762 1530">
    <p class='ocr_par' dir='ltr' id='par_1_16' title="bbox 184 1458 1762 1530">
     <span class='ocr_line' id='line_1_16' title="bbox 184 1458 1762 1530; baseline 0.001 -17"><span class='ocrx_word' id='word_1_93' title='bbox 184 1460 260 1513; x_wconf 77' lang='grc' dir='ltr'><strong>θεν</strong></span> <span class='ocrx_word' id='word_1_94' title='bbox 287 1459 559 1530; x_wconf 79' lang='grc' dir='ltr'><strong>ἀπήντων</strong></span> <span class='ocrx_word' id='word_1_95' title='bbox 586 1458 898 1529; x_wconf 78' lang='grc' dir='ltr'><strong>πρεσϐεῖαι.</strong></span> <span class='ocrx_word' id='word_1_96' title='bbox 932 1459 1199 1530; x_wconf 78' lang='grc' dir='ltr'><strong>Παρῆσαν</strong></span> <span class='ocrx_word' id='word_1_97' title='bbox 1255 1458 1315 1514; x_wconf 80' lang='grc' dir='ltr'><strong>δὲ</strong></span> <span class='ocrx_word' id='word_1_98' title='bbox 1355 1461 1451 1514; x_wconf 76' lang='grc' dir='ltr'><strong>καὶ</strong></span> <span class='ocrx_word' id='word_1_99' title='bbox 1497 1460 1762 1527; x_wconf 76' lang='grc' dir='ltr'><strong>Ἰουδαῖοι,</strong></span> 
     </span>
    </p>
   </div>
   <div class='ocr_carea' id='block_1_17' title="bbox 184 1548 1768 1624">
    <p class='ocr_par' dir='ltr' id='par_1_17' title="bbox 184 1548 1768 1624">
     <span class='ocr_line' id='line_1_17' title="bbox 184 1548 1768 1624; baseline 0.002 -21"><span class='ocrx_word' id='word_1_100' title='bbox 184 1548 621 1620; x_wconf 82' lang='grc' dir='ltr'><strong>κατηγοροῦντες</strong></span> <span class='ocrx_word' id='word_1_101' title='bbox 652 1548 945 1620; x_wconf 74' lang='grc' dir='ltr'><strong>Φασαήλου</strong></span> <span class='ocrx_word' id='word_1_102' title='bbox 981 1568 1040 1604; x_wconf 89' lang='grc' dir='ltr'><strong>τε</strong></span> <span class='ocrx_word' id='word_1_103' title='bbox 1068 1551 1164 1604; x_wconf 74' lang='grc' dir='ltr'><strong>καὶ</strong></span> <span class='ocrx_word' id='word_1_104' title='bbox 1205 1549 1473 1624; x_wconf 87' lang='grc' dir='ltr'><strong>Ἡρώδου.</strong></span> <span class='ocrx_word' id='word_1_105' title='bbox 1503 1552 1768 1606; x_wconf 81' lang='grc' dir='ltr'><strong>Ἐλθὸντα</strong></span> 
     </span>
    </p>
   </div>
   <div class='ocr_carea' id='block_1_18' title="bbox 181 1636 1767 1713">
    <p class='ocr_par' dir='ltr' id='par_1_18' title="bbox 181 1636 1767 1713">
     <span class='ocr_line' id='line_1_18' title="bbox 181 1636 1767 1713; baseline 0.001 -20"><span class='ocrx_word' id='word_1_106' title='bbox 181 1640 229 1694; x_wconf 67' lang='grc' dir='ltr'><strong>δι</strong></span> <span class='ocrx_word' id='word_1_107' title='bbox 250 1639 352 1693; x_wconf 78' lang='grc' dir='ltr'><strong>τὸν</strong></span> <span class='ocrx_word' id='word_1_108' title='bbox 419 1638 673 1710; x_wconf 68' lang='grc' dir='ltr'><strong>Ἡρώδην</strong></span> <span class='ocrx_word' id='word_1_109' title='bbox 700 1640 795 1693; x_wconf 64' lang='grc' dir='ltr'><strong>επὶ</strong></span> <span class='ocrx_word' id='word_1_110' title='bbox 839 1638 1137 1711; x_wconf 69' lang='grc' dir='ltr'><strong>ἀπολογία,</strong></span> <span class='ocrx_word' id='word_1_111' title='bbox 1161 1640 1253 1695; x_wconf 65' lang='grc' dir='ltr'><strong>διὰ</strong></span> <span class='ocrx_word' id='word_1_112' title='bbox 1291 1641 1460 1712; x_wconf 82' lang='grc' dir='ltr'><strong>τιμῆς</strong></span> <span class='ocrx_word' id='word_1_113' title='bbox 1482 1636 1618 1713; x_wconf 80' lang='grc' dir='ltr'><strong>ἦγεν</strong></span> <span class='ocrx_word' id='word_1_114' title='bbox 1642 1642 1767 1695; x_wconf 73' lang='grc' dir='ltr'><strong>’Δνο</strong></span> 
     </span>
    </p>
   </div>
   <div class='ocr_carea' id='block_1_19' title="bbox 1863 533 3455 608">
    <p class='ocr_par' dir='ltr' id='par_1_19' title="bbox 1863 533 3455 608">
     <span class='ocr_line' id='line_1_19' title="bbox 1863 533 3455 608; baseline -0.001 -17"><span class='ocrx_word' id='word_1_115' title='bbox 1863 534 2021 591; x_wconf 86' lang='lat' dir='ltr'><strong>Unde</strong></span> <span class='ocrx_word' id='word_1_116' title='bbox 2049 534 2428 605; x_wconf 78' lang='lat' dir='ltr'><strong>Hierosolyma</strong></span> <span class='ocrx_word' id='word_1_117' title='bbox 2459 533 2708 599; x_wconf 86' lang='lat' dir='ltr'><strong>veniens,</strong></span> <span class='ocrx_word' id='word_1_118' title='bbox 2738 544 2796 590; x_wconf 90' lang='lat' dir='ltr'><strong>et</strong></span> <span class='ocrx_word' id='word_1_119' title='bbox 2824 551 2854 590; x_wconf 86' lang='lat' dir='ltr'><strong>a</strong></span> <span class='ocrx_word' id='word_1_120' title='bbox 2885 535 3091 608; x_wconf 85' lang='lat' dir='ltr'><strong>populo</strong></span> <span class='ocrx_word' id='word_1_121' title='bbox 3120 545 3178 590; x_wconf 90' lang='lat' dir='ltr'><strong>et</strong></span> <span class='ocrx_word' id='word_1_122' title='bbox 3203 535 3273 590; x_wconf 88' lang='lat' dir='ltr'><strong>ab</strong></span> <span class='ocrx_word' id='word_1_123' title='bbox 3314 535 3455 606; x_wconf 86' lang='lat' dir='ltr'><strong>llyr-</strong></span> 
     </span>
    </p>
   </div>
   <div class='ocr_carea' id='block_1_20' title="bbox 1863 628 3454 699">
    <p class='ocr_par' dir='ltr' id='par_1_20' title="bbox 1863 628 3454 699">
     <span class='ocr_line' id='line_1_20' title="bbox 1863 628 3454 699; baseline 0 -17"><span class='ocrx_word' id='word_1_124' title='bbox 1863 641 2006 682; x_wconf 88' lang='lat' dir='ltr'><strong>cano</strong></span> <span class='ocrx_word' id='word_1_125' title='bbox 2035 637 2335 683; x_wconf 81' lang='lat' dir='ltr'><strong>coronatur</strong></span> <span class='ocrx_word' id='word_1_126' title='bbox 2368 644 2384 680; x_wconf 92' lang='lat'><strong>:</strong></span> <span class='ocrx_word' id='word_1_127' title='bbox 2417 629 2577 699; x_wconf 90' lang='lat' dir='ltr'><strong>cujus</strong></span> <span class='ocrx_word' id='word_1_128' title='bbox 2607 643 2677 683; x_wconf 81' lang='lat' dir='ltr'><strong>ex</strong></span> <span class='ocrx_word' id='word_1_129' title='bbox 2721 628 2832 683; x_wconf 76' lang='lat' dir='ltr'><strong>illia</strong></span> <span class='ocrx_word' id='word_1_130' title='bbox 2877 639 3120 699; x_wconf 77' lang='lat' dir='ltr'><strong>neptem,</strong></span> <span class='ocrx_word' id='word_1_131' title='bbox 3155 628 3454 684; x_wconf 76' lang='lat' dir='ltr'><strong>Alexandri</strong></span> 
     </span>
    </p>
   </div>
   <div class='ocr_carea' id='block_1_21' title="bbox 1865 714 3455 784">
    <p class='ocr_par' dir='ltr' id='par_1_21' title="bbox 1865 714 3455 784">
     <span class='ocr_line' id='line_1_21' title="bbox 1865 714 3455 784; baseline -0.003 -12"><span class='ocrx_word' id='word_1_132' title='bbox 1865 716 2172 772; x_wconf 84' lang='lat' dir='ltr'><strong>Aristobnli</strong></span> <span class='ocrx_word' id='word_1_133' title='bbox 2230 716 2327 771; x_wconf 80' lang='lat' dir='ltr'><strong>ﬁlii</strong></span> <span class='ocrx_word' id='word_1_134' title='bbox 2368 724 2576 781; x_wconf 86' lang='lat' dir='ltr'><strong>natam,</strong></span> <span class='ocrx_word' id='word_1_135' title='bbox 2630 730 2860 771; x_wconf 81' lang='lat' dir='ltr'><strong>uxorem</strong></span> <span class='ocrx_word' id='word_1_136' title='bbox 2902 717 3079 778; x_wconf 85' lang='lat' dir='ltr'><strong>ducit,</strong></span> <span class='ocrx_word' id='word_1_137' title='bbox 3120 731 3248 771; x_wconf 89' lang='lat' dir='ltr'><strong>cum</strong></span> <span class='ocrx_word' id='word_1_138' title='bbox 3298 714 3455 784; x_wconf 91' lang='lat' dir='ltr'><strong>prius</strong></span> 
     </span>
    </p>
   </div>
   <div class='ocr_carea' id='block_1_22' title="bbox 1864 807 3454 880">
    <p class='ocr_par' dir='ltr' id='par_1_22' title="bbox 1864 807 3454 880">
     <span class='ocr_line' id='line_1_22' title="bbox 1864 807 3454 880; baseline -0.004 -16"><span class='ocrx_word' id='word_1_139' title='bbox 1864 811 2033 864; x_wconf 88' lang='lat' dir='ltr'><strong>etiam</strong></span> <span class='ocrx_word' id='word_1_140' title='bbox 2067 809 2327 864; x_wconf 91' lang='lat' dir='ltr'><strong>Doridem</strong></span> <span class='ocrx_word' id='word_1_141' title='bbox 2377 809 2701 880; x_wconf 82' lang='lat' dir='ltr'><strong>popularem</strong></span> <span class='ocrx_word' id='word_1_142' title='bbox 2745 824 2901 865; x_wconf 88' lang='lat' dir='ltr'><strong>suam</strong></span> <span class='ocrx_word' id='word_1_143' title='bbox 2936 823 3164 862; x_wconf 77' lang='lat' dir='ltr'><strong>uxorem</strong></span> <span class='ocrx_word' id='word_1_144' title='bbox 3201 807 3454 870; x_wconf 78' lang='lat' dir='ltr'><strong>haberet,</strong></span> 
     </span>
    </p>
   </div>
   <div class='ocr_carea' id='block_1_23' title="bbox 1864 900 3451 974">
    <p class='ocr_par' dir='ltr' id='par_1_23' title="bbox 1864 900 3451 974">
     <span class='ocr_line' id='line_1_23' title="bbox 1864 900 3451 974; baseline -0.005 -14"><span class='ocrx_word' id='word_1_145' title='bbox 1864 918 1897 960; x_wconf 87' lang='lat' dir='ltr'><strong>c</strong></span> <span class='ocrx_word' id='word_1_146' title='bbox 1926 919 2033 974; x_wconf 85' lang='lat' dir='ltr'><strong>qua</strong></span> <span class='ocrx_word' id='word_1_147' title='bbox 2059 902 2230 957; x_wconf 79' lang='lat' dir='ltr'><strong>lilium</strong></span> <span class='ocrx_word' id='word_1_148' title='bbox 2260 911 2391 957; x_wconf 88' lang='lat' dir='ltr'><strong>natu</strong></span> <span class='ocrx_word' id='word_1_149' title='bbox 2414 903 2715 957; x_wconf 79' lang='lat' dir='ltr'><strong>maximum</strong></span> <span class='ocrx_word' id='word_1_150' title='bbox 2731 900 3084 971; x_wconf 82' lang='lat' dir='ltr'><strong>Antipatrum</strong></span> <span class='ocrx_word' id='word_1_151' title='bbox 3114 908 3451 969; x_wconf 79' lang='lat' dir='ltr'><strong>susceperat.</strong></span> 
     </span>
    </p>
   </div>
   <div class='ocr_carea' id='block_1_24' title="bbox 1863 992 3458 1061">
    <p class='ocr_par' dir='ltr' id='par_1_24' title="bbox 1863 992 3458 1061">
     <span class='ocr_line' id='line_1_24' title="bbox 1863 992 3458 1061; baseline -0.003 -10"><span class='ocrx_word' id='word_1_152' title='bbox 1863 996 2143 1051; x_wconf 89' lang='lat' dir='ltr'><strong>Antonius</strong></span> <span class='ocrx_word' id='word_1_153' title='bbox 2182 1005 2239 1050; x_wconf 90' lang='lat' dir='ltr'><strong>et</strong></span> <span class='ocrx_word' id='word_1_154' title='bbox 2278 996 2462 1051; x_wconf 74' lang='lat' dir='ltr'><strong>Czesar</strong></span> <span class='ocrx_word' id='word_1_155' title='bbox 2489 996 2661 1050; x_wconf 88' lang='lat' dir='ltr'><strong>Bruto</strong></span> <span class='ocrx_word' id='word_1_156' title='bbox 2711 1004 2769 1050; x_wconf 84' lang='lat' dir='ltr'><strong>et</strong></span> <span class='ocrx_word' id='word_1_157' title='bbox 2809 994 3000 1050; x_wconf 85' lang='lat' dir='ltr'><strong>Cassio</strong></span> <span class='ocrx_word' id='word_1_158' title='bbox 3051 992 3119 1047; x_wconf 89' lang='lat' dir='ltr'><strong>ad</strong></span> <span class='ocrx_word' id='word_1_159' title='bbox 3172 992 3458 1061; x_wconf 83' lang='lat' dir='ltr'><strong>Philippos</strong></span> 
     </span>
    </p>
   </div>
   <div class='ocr_carea' id='block_1_25' title="bbox 1865 1078 3455 1155">
    <p class='ocr_par' dir='ltr' id='par_1_25' title="bbox 1865 1078 3455 1155">
     <span class='ocr_line' id='line_1_25' title="bbox 1865 1078 3455 1155; baseline -0.005 -10"><span class='ocrx_word' id='word_1_160' title='bbox 1865 1089 2053 1155; x_wconf 86' lang='lat' dir='ltr'><strong>victis,</strong></span> <span class='ocrx_word' id='word_1_161' title='bbox 2091 1089 2232 1143; x_wconf 83' lang='lat' dir='ltr'><strong>alter</strong></span> <span class='ocrx_word' id='word_1_162' title='bbox 2266 1088 2321 1142; x_wconf 92' lang='lat' dir='ltr'><strong>in</strong></span> <span class='ocrx_word' id='word_1_163' title='bbox 2371 1087 2607 1144; x_wconf 85' lang='lat' dir='ltr'><strong>Galliam</strong></span> <span class='ocrx_word' id='word_1_164' title='bbox 2656 1087 2794 1153; x_wconf 88' lang='lat' dir='ltr'><strong>abit,</strong></span> <span class='ocrx_word' id='word_1_165' title='bbox 2825 1078 3104 1142; x_wconf 81' lang='lat' dir='ltr'><strong>Antonius</strong></span> <span class='ocrx_word' id='word_1_166' title='bbox 3147 1085 3200 1140; x_wconf 88' lang='lat' dir='ltr'><strong>in</strong></span> <span class='ocrx_word' id='word_1_167' title='bbox 3231 1084 3455 1140; x_wconf 81' lang='lat' dir='ltr'><strong>Asiam:</strong></span> 
     </span>
    </p>
   </div>
   <div class='ocr_carea' id='block_1_26' title="bbox 1867 1179 3460 1254">
    <p class='ocr_par' dir='ltr' id='par_1_26' title="bbox 1867 1179 3460 1254">
     <span class='ocr_line' id='line_1_26' title="bbox 1867 1179 3460 1254; baseline -0.003 -16"><span class='ocrx_word' id='word_1_168' title='bbox 1867 1184 1962 1254; x_wconf 91' lang='lat' dir='ltr'><strong>qui</strong></span> <span class='ocrx_word' id='word_1_169' title='bbox 1994 1200 2120 1239; x_wconf 83' lang='lat' dir='ltr'><strong>cum</strong></span> <span class='ocrx_word' id='word_1_170' title='bbox 2158 1183 2471 1254; x_wconf 86' lang='lat' dir='ltr'><strong>Bithyniam</strong></span> <span class='ocrx_word' id='word_1_171' title='bbox 2523 1183 2819 1253; x_wconf 71' lang='lat' dir='ltr'><strong>attigisset,</strong></span> <span class='ocrx_word' id='word_1_172' title='bbox 2868 1180 3115 1251; x_wconf 85' lang='lat' dir='ltr'><strong>undique</strong></span> <span class='ocrx_word' id='word_1_173' title='bbox 3152 1179 3460 1250; x_wconf 80' lang='lat' dir='ltr'><strong>legationes</strong></span> 
     </span>
    </p>
   </div>
   <div class='ocr_carea' id='block_1_27' title="bbox 1867 1270 3458 1336">
    <p class='ocr_par' dir='ltr' id='par_1_27' title="bbox 1867 1270 3458 1336">
     <span class='ocr_line' id='line_1_27' title="bbox 1867 1270 3458 1336; baseline -0.005 -6"><span class='ocrx_word' id='word_1_174' title='bbox 1867 1275 1936 1330; x_wconf 89' lang='lat' dir='ltr'><strong>ad</strong></span> <span class='ocrx_word' id='word_1_175' title='bbox 1972 1292 2098 1331; x_wconf 83' lang='lat' dir='ltr'><strong>eum</strong></span> <span class='ocrx_word' id='word_1_176' title='bbox 2134 1280 2432 1331; x_wconf 81' lang='lat' dir='ltr'><strong>venerunt.</strong></span> <span class='ocrx_word' id='word_1_177' title='bbox 2485 1272 2734 1329; x_wconf 81' lang='lat' dir='ltr'><strong>Aderant</strong></span> <span class='ocrx_word' id='word_1_178' title='bbox 2776 1282 2832 1328; x_wconf 90' lang='lat' dir='ltr'><strong>et</strong></span> <span class='ocrx_word' id='word_1_179' title='bbox 2879 1272 3077 1336; x_wconf 65' lang='lat' dir='ltr'><strong>Judaei,</strong></span> <span class='ocrx_word' id='word_1_180' title='bbox 3132 1270 3458 1326; x_wconf 82' lang='lat' dir='ltr'><strong>Phasaelum</strong></span> 
     </span>
    </p>
   </div>
   <div class='ocr_carea' id='block_1_28' title="bbox 1867 1362 3461 1424">
    <p class='ocr_par' dir='ltr' id='par_1_28' title="bbox 1867 1362 3461 1424">
     <span class='ocr_line' id='line_1_28' title="bbox 1867 1362 3461 1424; baseline -0.004 0"><span class='ocrx_word' id='word_1_181' title='bbox 1867 1379 1924 1424; x_wconf 90' lang='lat' dir='ltr'><strong>et</strong></span> <span class='ocrx_word' id='word_1_182' title='bbox 1970 1367 2244 1423; x_wconf 86' lang='lat' dir='ltr'><strong>llerodem</strong></span> <span class='ocrx_word' id='word_1_183' title='bbox 2308 1366 2645 1422; x_wconf 87' lang='lat' dir='ltr'><strong>accusaturi.</strong></span> <span class='ocrx_word' id='word_1_184' title='bbox 2707 1364 2982 1420; x_wconf 86' lang='lat' dir='ltr'><strong>Herodem</strong></span> <span class='ocrx_word' id='word_1_185' title='bbox 3035 1379 3166 1419; x_wconf 83' lang='lat' dir='ltr'><strong>vero</strong></span> <span class='ocrx_word' id='word_1_186' title='bbox 3219 1364 3307 1419; x_wconf 91' lang='lat' dir='ltr'><strong>sui</strong></span> <span class='ocrx_word' id='word_1_187' title='bbox 3364 1362 3461 1417; x_wconf 89' lang='lat' dir='ltr'><strong>de-</strong></span> 
     </span>
    </p>
   </div>
   <div class='ocr_carea' id='block_1_29' title="bbox 1867 1454 3462 1528">
    <p class='ocr_par' dir='ltr' id='par_1_29' title="bbox 1867 1454 3462 1528">
     <span class='ocr_line' id='line_1_29' title="bbox 1867 1454 3462 1528; baseline -0.004 -13"><span class='ocrx_word' id='word_1_188' title='bbox 1867 1459 2133 1516; x_wconf 79' lang='lat' dir='ltr'><strong>fendendi</strong></span> <span class='ocrx_word' id='word_1_189' title='bbox 2177 1474 2345 1515; x_wconf 87' lang='lat' dir='ltr'><strong>causa</strong></span> <span class='ocrx_word' id='word_1_190' title='bbox 2402 1474 2471 1515; x_wconf 87' lang='lat' dir='ltr'><strong>eo</strong></span> <span class='ocrx_word' id='word_1_191' title='bbox 2531 1456 2866 1528; x_wconf 84' lang='lat' dir='ltr'><strong>profectum,</strong></span> <span class='ocrx_word' id='word_1_192' title='bbox 2920 1464 2975 1511; x_wconf 88' lang='lat' dir='ltr'><strong>et</strong></span> <span class='ocrx_word' id='word_1_193' title='bbox 3032 1471 3265 1512; x_wconf 88' lang='lat' dir='ltr'><strong>munera</strong></span> <span class='ocrx_word' id='word_1_194' title='bbox 3324 1454 3462 1509; x_wconf 86' lang='lat' dir='ltr'><strong>oll‘e-</strong></span> 
     </span>
    </p>
   </div>
   <div class='ocr_carea' id='block_1_30' title="bbox 1868 1546 3458 1621">
    <p class='ocr_par' dir='ltr' id='par_1_30' title="bbox 1868 1546 3458 1621">
     <span class='ocr_line' id='line_1_30' title="bbox 1868 1546 3458 1621; baseline -0.004 -13"><span class='ocrx_word' id='word_1_195' title='bbox 1868 1563 2105 1620; x_wconf 90' lang='lat' dir='ltr'><strong>rentcm,</strong></span> <span class='ocrx_word' id='word_1_196' title='bbox 2136 1552 2412 1608; x_wconf 85' lang='lat' dir='ltr'><strong>Antonius</strong></span> <span class='ocrx_word' id='word_1_197' title='bbox 2463 1551 2772 1607; x_wconf 82' lang='lat' dir='ltr'><strong>honoriﬁce</strong></span> <span class='ocrx_word' id='word_1_198' title='bbox 2826 1551 3064 1621; x_wconf 81' lang='lat' dir='ltr'><strong>excepit,</strong></span> <span class='ocrx_word' id='word_1_199' title='bbox 3114 1565 3185 1606; x_wconf 89' lang='lat' dir='ltr'><strong>ne</strong></span> <span class='ocrx_word' id='word_1_200' title='bbox 3235 1546 3458 1603; x_wconf 82' lang='lat' dir='ltr'><strong>dicendi</strong></span> 
     </span>
    </p>
   </div>
   <div class='ocr_carea' id='block_1_31' title="bbox 1868 1641 3460 1717">
    <p class='ocr_par' dir='ltr' id='par_1_31' title="bbox 1868 1641 3460 1717">
     <span class='ocr_line' id='line_1_31' title="bbox 1868 1641 3460 1717; baseline -0.003 -18"><span class='ocrx_word' id='word_1_201' title='bbox 1868 1647 2092 1717; x_wconf 85' lang='lat' dir='ltr'><strong>quidem</strong></span> <span class='ocrx_word' id='word_1_202' title='bbox 2131 1656 2405 1717; x_wconf 83' lang='lat' dir='ltr'><strong>potestate</strong></span> <span class='ocrx_word' id='word_1_203' title='bbox 2439 1646 2566 1700; x_wconf 82' lang='lat' dir='ltr'><strong>data</strong></span> <span class='ocrx_word' id='word_1_204' title='bbox 2604 1645 3049 1701; x_wconf 86' lang='lat' dir='ltr'><strong>accusatoribus.</strong></span> <span class='ocrx_word' id='word_1_205' title='bbox 3103 1642 3233 1698; x_wconf 89' lang='lat' dir='ltr'><strong>Inde</strong></span> <span class='ocrx_word' id='word_1_206' title='bbox 3276 1641 3460 1711; x_wconf 82' lang='lat' dir='ltr'><strong>Ephe-</strong></span> 
     </span>
    </p>
   </div>
   <div class='ocr_carea' id='block_1_32' title="bbox 180 1731 1770 1832">
    <p class='ocr_par' dir='ltr' id='par_1_32' title="bbox 180 1731 1768 1806">
     <span class='ocr_line' id='line_1_32' title="bbox 180 1731 1768 1806; baseline 0 -20"><span class='ocrx_word' id='word_1_207' title='bbox 180 1733 389 1796; x_wconf 80' lang='grc' dir='ltr'><strong>τώνιος-</strong></span> <span class='ocrx_word' id='word_1_208' title='bbox 415 1733 532 1787; x_wconf 75' lang='grc' dir='ltr'><strong>Καὶ</strong></span> <span class='ocrx_word' id='word_1_209' title='bbox 566 1733 689 1786; x_wconf 72' lang='grc' dir='ltr'><strong>οῦδὲ</strong></span> <span class='ocrx_word' id='word_1_210' title='bbox 713 1733 876 1801; x_wconf 86' lang='grc' dir='ltr'><strong>λόγου</strong></span> <span class='ocrx_word' id='word_1_211' title='bbox 906 1731 1139 1804; x_wconf 81' lang='grc' dir='ltr'><strong>ὴξίωντο</strong></span> <span class='ocrx_word' id='word_1_212' title='bbox 1162 1734 1212 1788; x_wconf 90' lang='grc' dir='ltr'><strong>οί</strong></span> <span class='ocrx_word' id='word_1_213' title='bbox 1248 1736 1573 1806; x_wconf 80' lang='grc' dir='ltr'><strong>κατήγοροι,</strong></span> <span class='ocrx_word' id='word_1_214' title='bbox 1630 1735 1768 1806; x_wconf 87' lang='grc' dir='ltr'><strong>χρή-</strong></span> 
     </span>
    </p>
   </div>
   <div class='ocr_carea' id='block_1_33' title="bbox 1873 1731 3465 1832">
    <p class='ocr_par' dir='ltr' id='par_1_33' title="bbox 1873 1731 3465 1809">
     <span class='ocr_line' id='line_1_33' title="bbox 1873 1731 3465 1809; baseline -0.005 -15"><span class='ocrx_word' id='word_1_215' title='bbox 1873 1754 1991 1794; x_wconf 84' lang='lat' dir='ltr'><strong>sum</strong></span> <span class='ocrx_word' id='word_1_216' title='bbox 2038 1753 2333 1809; x_wconf 81' lang='lat' dir='ltr'><strong>progresso</strong></span> <span class='ocrx_word' id='word_1_217' title='bbox 2394 1738 2659 1803; x_wconf 87' lang='lat' dir='ltr'><strong>Antonio,</strong></span> <span class='ocrx_word' id='word_1_218' title='bbox 2695 1737 2985 1809; x_wconf 86' lang='lat' dir='ltr'><strong>Hyrcanus</strong></span> <span class='ocrx_word' id='word_1_219' title='bbox 3040 1749 3265 1789; x_wconf 83' lang='lat' dir='ltr'><strong>auream</strong></span> <span class='ocrx_word' id='word_1_220' title='bbox 3297 1731 3465 1803; x_wconf 79' lang='lat'><strong>229</strong></span> 
     </span>
    </p>
   </div>
   <div class='ocr_carea' id='block_1_34' title="bbox 183 1824 1763 1898">
    <p class='ocr_par' dir='ltr' id='par_1_34' title="bbox 183 1824 1763 1898">
     <span class='ocr_line' id='line_1_34' title="bbox 183 1824 1763 1898; baseline 0.002 -18"><span class='ocrx_word' id='word_1_221' title='bbox 183 1844 308 1895; x_wconf 83' lang='grc' dir='ltr'><strong>μασι</strong></span> <span class='ocrx_word' id='word_1_222' title='bbox 341 1824 527 1879; x_wconf 84' lang='grc' dir='ltr'><strong>ταῦτα</strong></span> <span class='ocrx_word' id='word_1_223' title='bbox 557 1824 652 1880; x_wconf 86' lang='grc' dir='ltr'><strong>τοῦ</strong></span> <span class='ocrx_word' id='word_1_224' title='bbox 692 1825 937 1897; x_wconf 78' lang='grc' dir='ltr'><strong>Ἡρώδου</strong></span> <span class='ocrx_word' id='word_1_225' title='bbox 964 1828 1270 1898; x_wconf 70' lang='grc' dir='ltr'><strong>πριαμένου</strong></span> <span class='ocrx_word' id='word_1_226' title='bbox 1299 1827 1431 1898; x_wconf 83' lang='grc' dir='ltr'><strong>παρ’</strong></span> <span class='ocrx_word' id='word_1_227' title='bbox 1452 1828 1763 1883; x_wconf 80' lang='grc' dir='ltr'><strong>’Λντωνίσυ.</strong></span> 
     </span>
    </p>
   </div>
   <div class='ocr_carea' id='block_1_35' title="bbox 190 1916 1766 1993">
    <p class='ocr_par' dir='ltr' id='par_1_35' title="bbox 190 1916 1766 1993">
     <span class='ocr_line' id='line_1_35' title="bbox 190 1916 1766 1993; baseline 0.003 -22"><span class='ocrx_word' id='word_1_228' title='bbox 190 1917 429 1971; x_wconf 74' lang='grc' dir='ltr'><strong>ἐλθόντι</strong></span> <span class='ocrx_word' id='word_1_229' title='bbox 489 1916 537 1970; x_wconf 88' lang='grc' dir='ltr'><strong>δ’</strong></span> <span class='ocrx_word' id='word_1_230' title='bbox 567 1917 649 1980; x_wconf 78' lang='grc' dir='ltr'><strong>είς</strong></span> <span class='ocrx_word' id='word_1_231' title='bbox 693 1918 931 1985; x_wconf 80' lang='grc' dir='ltr'><strong>Ἔφεσον</strong></span> <span class='ocrx_word' id='word_1_232' title='bbox 956 1919 1235 1989; x_wconf 80' lang='grc' dir='ltr'><strong>Ἀντωνίῳ</strong></span> <span class='ocrx_word' id='word_1_233' title='bbox 1275 1919 1522 1990; x_wconf 76' lang='grc' dir='ltr'><strong>ἐπεμψεν</strong></span> <span class='ocrx_word' id='word_1_234' title='bbox 1560 1920 1766 1993; x_wconf 82' lang='grc' dir='ltr'><strong>’Υρκα-</strong></span> 
     </span>
    </p>
   </div>
   <div class='ocr_carea' id='block_1_36' title="bbox 1868 1827 3463 1905">
    <p class='ocr_par' dir='ltr' id='par_1_36' title="bbox 1868 1827 3463 1905">
     <span class='ocr_line' id='line_1_36' title="bbox 1868 1827 3463 1905; baseline -0.006 -15"><span class='ocrx_word' id='word_1_235' title='bbox 1868 1850 2131 1890; x_wconf 90' lang='lat' dir='ltr'><strong>coronam</strong></span> <span class='ocrx_word' id='word_1_236' title='bbox 2185 1835 2375 1900; x_wconf 87' lang='lat' dir='ltr'><strong>misit,</strong></span> <span class='ocrx_word' id='word_1_237' title='bbox 2426 1841 2649 1905; x_wconf 88' lang='lat' dir='ltr'><strong>petens,</strong></span> <span class='ocrx_word' id='word_1_238' title='bbox 2705 1842 2766 1888; x_wconf 93' lang='lat' dir='ltr'><strong>ut</strong></span> <span class='ocrx_word' id='word_1_239' title='bbox 2815 1833 3075 1897; x_wconf 66' lang='lat' dir='ltr'><strong>Judazos,</strong></span> <span class='ocrx_word' id='word_1_240' title='bbox 3137 1844 3278 1900; x_wconf 92' lang='lat' dir='ltr'><strong>quos</strong></span> <span class='ocrx_word' id='word_1_241' title='bbox 3328 1827 3463 1883; x_wconf 85' lang='lat' dir='ltr'><strong>Cas-</strong></span> 
     </span>
    </p>
   </div>
   <div class='ocr_carea' id='block_1_37' title="bbox 1866 1922 3463 1995">
    <p class='ocr_par' dir='ltr' id='par_1_37' title="bbox 1866 1922 3463 1995">
     <span class='ocr_line' id='line_1_37' title="bbox 1866 1922 3463 1995; baseline -0.004 -13"><span class='ocrx_word' id='word_1_242' title='bbox 1866 1929 1984 1983; x_wconf 90' lang='lat' dir='ltr'><strong>sius</strong></span> <span class='ocrx_word' id='word_1_243' title='bbox 2039 1938 2232 1984; x_wconf 90' lang='lat' dir='ltr'><strong>contra</strong></span> <span class='ocrx_word' id='word_1_244' title='bbox 2295 1927 2425 1982; x_wconf 86' lang='lat' dir='ltr'><strong>belli</strong></span> <span class='ocrx_word' id='word_1_245' title='bbox 2476 1942 2686 1982; x_wconf 86' lang='lat' dir='ltr'><strong>morem</strong></span> <span class='ocrx_word' id='word_1_246' title='bbox 2727 1925 2992 1995; x_wconf 81' lang='lat' dir='ltr'><strong>cepisset.</strong></span> <span class='ocrx_word' id='word_1_247' title='bbox 3039 1922 3301 1978; x_wconf 79' lang='lat' dir='ltr'><strong>liberaret</strong></span> <span class='ocrx_word' id='word_1_248' title='bbox 3333 1962 3347 1984; x_wconf 94' lang='lat'><strong>,</strong></span> <span class='ocrx_word' id='word_1_249' title='bbox 3404 1928 3463 1976; x_wconf 90' lang='lat' dir='ltr'><strong>et</strong></span> 
     </span>
    </p>
   </div>
   <div class='ocr_carea' id='block_1_38' title="bbox 179 2008 1770 2091">
    <p class='ocr_par' dir='ltr' id='par_1_38' title="bbox 179 2008 1766 2081">
     <span class='ocr_line' id='line_1_38' title="bbox 179 2008 1766 2081; baseline 0.002 -19"><span class='ocrx_word' id='word_1_250' title='bbox 179 2011 258 2073; x_wconf 71' lang='grc' dir='ltr'><strong>νὸς</strong></span> <span class='ocrx_word' id='word_1_251' title='bbox 288 2009 573 2077; x_wconf 78' lang='grc' dir='ltr'><strong>στέφανον</strong></span> <span class='ocrx_word' id='word_1_252' title='bbox 599 2008 863 2079; x_wconf 82' lang='grc' dir='ltr'><strong>χρυσοῦν,</strong></span> <span class='ocrx_word' id='word_1_253' title='bbox 893 2009 990 2063; x_wconf 69' lang='grc' dir='ltr'><strong>καὶ</strong></span> <span class='ocrx_word' id='word_1_254' title='bbox 1017 2010 1171 2081; x_wconf 81' lang='grc' dir='ltr'><strong>ἠξίου</strong></span> <span class='ocrx_word' id='word_1_255' title='bbox 1201 2012 1327 2075; x_wconf 67' lang='grc' dir='ltr'><strong>τοὺς</strong></span> <span class='ocrx_word' id='word_1_256' title='bbox 1364 2011 1651 2076; x_wconf 84' lang='grc' dir='ltr'><strong>Ἰουδαίους</strong></span> <span class='ocrx_word' id='word_1_257' title='bbox 1671 2011 1766 2076; x_wconf 82' lang='grc' dir='ltr'><strong>οὓς</strong></span> 
     </span>
    </p>
   </div>
   <div class='ocr_carea' id='block_1_39' title="bbox 1873 2008 3466 2091">
    <p class='ocr_par' dir='ltr' id='par_1_39' title="bbox 1873 2014 3466 2091">
     <span class='ocr_line' id='line_1_39' title="bbox 1873 2014 3466 2091; baseline -0.005 -16"><span class='ocrx_word' id='word_1_258' title='bbox 1873 2036 2029 2091; x_wconf 85' lang='lat' dir='ltr'><strong>agros</strong></span> <span class='ocrx_word' id='word_1_259' title='bbox 2058 2022 2129 2075; x_wconf 92' lang='lat' dir='ltr'><strong>ab</strong></span> <span class='ocrx_word' id='word_1_260' title='bbox 2157 2020 2351 2076; x_wconf 88' lang='lat' dir='ltr'><strong>eodem</strong></span> <span class='ocrx_word' id='word_1_261' title='bbox 2381 2019 2669 2089; x_wconf 85' lang='lat' dir='ltr'><strong>ademptos</strong></span> <span class='ocrx_word' id='word_1_262' title='bbox 2695 2017 3039 2074; x_wconf 83' lang='lat' dir='ltr'><strong>restitueret.</strong></span> <span class='ocrx_word' id='word_1_263' title='bbox 3071 2014 3244 2087; x_wconf 81' lang='lat' dir='ltr'><strong>Cujus</strong></span> <span class='ocrx_word' id='word_1_264' title='bbox 3274 2022 3466 2084; x_wconf 81' lang='lat' dir='ltr'><strong>posm-</strong></span> 
     </span>
    </p>
   </div>
   <div class='ocr_carea' id='block_1_40' title="bbox 178 2101 1770 2181">
    <p class='ocr_par' dir='ltr' id='par_1_40' title="bbox 178 2101 1769 2175">
     <span class='ocr_line' id='line_1_40' title="bbox 178 2101 1769 2175; baseline 0.001 -19"><span class='ocrx_word' id='word_1_265' title='bbox 178 2101 531 2174; x_wconf 75' lang='grc' dir='ltr'><strong>ᾑχμαλώτισε</strong></span> <span class='ocrx_word' id='word_1_266' title='bbox 556 2103 824 2168; x_wconf 82' lang='grc' dir='ltr'><strong>Κάσσιος,</strong></span> <span class='ocrx_word' id='word_1_267' title='bbox 853 2103 916 2155; x_wconf 82' lang='grc' dir='ltr'><strong>οὐ</strong></span> <span class='ocrx_word' id='word_1_268' title='bbox 959 2103 1110 2175; x_wconf 81' lang='grc' dir='ltr'><strong>νόμῳ</strong></span> <span class='ocrx_word' id='word_1_269' title='bbox 1134 2104 1402 2174; x_wconf 83' lang='grc' dir='ltr'><strong>πολέμου,</strong></span> <span class='ocrx_word' id='word_1_270' title='bbox 1447 2104 1769 2175; x_wconf 72' lang='grc' dir='ltr'><strong>ἐλευθέρους</strong></span> 
     </span>
    </p>
   </div>
   <div class='ocr_carea' id='block_1_41' title="bbox 1873 2101 3464 2181">
    <p class='ocr_par' dir='ltr' id='par_1_41' title="bbox 1873 2103 3464 2181">
     <span class='ocr_line' id='line_1_41' title="bbox 1873 2103 3464 2181; baseline -0.007 -14"><span class='ocrx_word' id='word_1_271' title='bbox 1873 2112 2016 2176; x_wconf 88' lang='lat' dir='ltr'><strong>latis,</strong></span> <span class='ocrx_word' id='word_1_272' title='bbox 2074 2112 2167 2181; x_wconf 90' lang='lat' dir='ltr'><strong>qui</strong></span> <span class='ocrx_word' id='word_1_273' title='bbox 2220 2127 2284 2167; x_wconf 88' lang='lat' dir='ltr'><strong>ea</strong></span> <span class='ocrx_word' id='word_1_274' title='bbox 2334 2126 2489 2181; x_wconf 66' lang='lat' dir='ltr'><strong>aequa</strong></span> <span class='ocrx_word' id='word_1_275' title='bbox 2533 2109 2836 2181; x_wconf 88' lang='lat' dir='ltr'><strong>judicaret,</strong></span> <span class='ocrx_word' id='word_1_276' title='bbox 2880 2107 3158 2162; x_wconf 77' lang='lat' dir='ltr'><strong>Antonius</strong></span> <span class='ocrx_word' id='word_1_277' title='bbox 3202 2103 3464 2161; x_wconf 68' lang='lat' dir='ltr'><strong>satisfieri</strong></span> 
     </span>
    </p>
   </div>
   <div class='ocr_carea' id='block_1_42' title="bbox 180 2193 1770 2277">
    <p class='ocr_par' dir='ltr' id='par_1_42' title="bbox 180 2193 1767 2269">
     <span class='ocr_line' id='line_1_42' title="bbox 180 2193 1767 2269; baseline 0.002 -21"><span class='ocrx_word' id='word_1_278' title='bbox 180 2194 555 2265; x_wconf 72' lang='grc' dir='ltr'><strong>ἀπολυθῆναι,</strong></span> <span class='ocrx_word' id='word_1_279' title='bbox 588 2195 686 2248; x_wconf 79' lang='grc' dir='ltr'><strong>καὶ</strong></span> <span class='ocrx_word' id='word_1_280' title='bbox 736 2196 838 2264; x_wconf 64' lang='grc' dir='ltr'><strong>τὴν</strong></span> <span class='ocrx_word' id='word_1_281' title='bbox 867 2193 1055 2268; x_wconf 86' lang='grc' dir='ltr'><strong>χώραν</strong></span> <span class='ocrx_word' id='word_1_282' title='bbox 1089 2194 1449 2265; x_wconf 80' lang='grc' dir='ltr'><strong>ἀποδοθῆναι,</strong></span> <span class='ocrx_word' id='word_1_283' title='bbox 1475 2197 1544 2269; x_wconf 81' lang='grc' dir='ltr'><strong>ἥν</strong></span> <span class='ocrx_word' id='word_1_284' title='bbox 1568 2197 1767 2263; x_wconf 76' lang='grc' dir='ltr'><strong>αὐτοὺς</strong></span> 
     </span>
    </p>
   </div>
   <div class='ocr_carea' id='block_1_43' title="bbox 1873 2193 3467 2277">
    <p class='ocr_par' dir='ltr' id='par_1_43' title="bbox 1873 2198 3467 2277">
     <span class='ocr_line' id='line_1_43' title="bbox 1873 2198 3467 2277; baseline -0.005 -18"><span class='ocrx_word' id='word_1_285' title='bbox 1873 2205 2048 2276; x_wconf 82' lang='lat' dir='ltr'><strong>iussit.</strong></span> <span class='ocrx_word' id='word_1_286' title='bbox 2082 2204 2290 2260; x_wconf 80' lang='lat' dir='ltr'><strong>Deinde</strong></span> <span class='ocrx_word' id='word_1_287' title='bbox 2326 2205 2379 2258; x_wconf 89' lang='lat' dir='ltr'><strong>in</strong></span> <span class='ocrx_word' id='word_1_288' title='bbox 2422 2204 2633 2277; x_wconf 84' lang='lat' dir='ltr'><strong>Syriam</strong></span> <span class='ocrx_word' id='word_1_289' title='bbox 2684 2202 3015 2274; x_wconf 82' lang='lat' dir='ltr'><strong>profectum.</strong></span> <span class='ocrx_word' id='word_1_290' title='bbox 3069 2210 3126 2256; x_wconf 88' lang='lat' dir='ltr'><strong>et</strong></span> <span class='ocrx_word' id='word_1_291' title='bbox 3161 2198 3467 2269; x_wconf 70' lang='lat' dir='ltr'><strong>Cleopatraa</strong></span> 
     </span>
    </p>
   </div>
   <div class='ocr_carea' id='block_1_44' title="bbox 180 2285 1769 2363">
    <p class='ocr_par' dir='ltr' id='par_1_44' title="bbox 180 2285 1769 2363">
     <span class='ocr_line' id='line_1_44' title="bbox 180 2285 1769 2363; baseline 0.001 -19"><span class='ocrx_word' id='word_1_292' title='bbox 180 2289 441 2358; x_wconf 73' lang='grc' dir='ltr'><strong>ἀφείλετο</strong></span> <span class='ocrx_word' id='word_1_293' title='bbox 471 2288 737 2353; x_wconf 77' lang='grc' dir='ltr'><strong>Κάσσιος.</strong></span> <span class='ocrx_word' id='word_1_294' title='bbox 787 2290 1021 2343; x_wconf 86' lang='grc' dir='ltr'><strong>Δικαίαν</strong></span> <span class='ocrx_word' id='word_1_295' title='bbox 1051 2285 1147 2344; x_wconf 85' lang='grc' dir='ltr'><strong>οῦν</strong></span> <span class='ocrx_word' id='word_1_296' title='bbox 1178 2287 1320 2345; x_wconf 78' lang='grc' dir='ltr'><strong>εἶναι</strong></span> <span class='ocrx_word' id='word_1_297' title='bbox 1350 2291 1626 2361; x_wconf 80' lang='grc' dir='ltr'><strong>κεκρικὼς</strong></span> <span class='ocrx_word' id='word_1_298' title='bbox 1668 2293 1769 2363; x_wconf 79' lang='grc' dir='ltr'><strong>τὴν</strong></span> 
     </span>
    </p>
   </div>
   <div class='ocr_carea' id='block_1_45' title="bbox 180 2380 1769 2453">
    <p class='ocr_par' dir='ltr' id='par_1_45' title="bbox 180 2380 1769 2453">
     <span class='ocr_line' id='line_1_45' title="bbox 180 2380 1769 2453; baseline 0.003 -19"><span class='ocrx_word' id='word_1_299' title='bbox 180 2381 429 2447; x_wconf 76' lang='grc' dir='ltr'><strong>ἀξίωσιν,</strong></span> <span class='ocrx_word' id='word_1_300' title='bbox 468 2381 550 2445; x_wconf 87' lang='grc' dir='ltr'><strong>είς</strong></span> <span class='ocrx_word' id='word_1_301' title='bbox 591 2380 754 2451; x_wconf 75' lang='grc' dir='ltr'><strong>ἔργον</strong></span> <span class='ocrx_word' id='word_1_302' title='bbox 791 2381 1022 2452; x_wconf 70' lang='grc' dir='ltr'><strong>ἐκϐῆναι</strong></span> <span class='ocrx_word' id='word_1_303' title='bbox 1049 2382 1376 2453; x_wconf 77' lang='grc' dir='ltr'><strong>προσέταξε.</strong></span> <span class='ocrx_word' id='word_1_304' title='bbox 1413 2384 1566 2438; x_wconf 84' lang='grc' dir='ltr'><strong>Μετὰ</strong></span> <span class='ocrx_word' id='word_1_305' title='bbox 1595 2383 1769 2439; x_wconf 82' lang='grc' dir='ltr'><strong>ταῦτα</strong></span> 
     </span>
    </p>
   </div>
   <div class='ocr_carea' id='block_1_46' title="bbox 153 2473 1770 2546">
    <p class='ocr_par' dir='ltr' id='par_1_46' title="bbox 153 2473 1770 2546">
     <span class='ocr_line' id='line_1_46' title="bbox 153 2473 1770 2546; baseline 0.002 -18"><span class='ocrx_word' id='word_1_306' title='bbox 153 2491 157 2495; x_wconf 75' lang='lat'><strong>&#39;</strong></span> <span class='ocrx_word' id='word_1_307' title='bbox 181 2476 253 2535; x_wconf 76' lang='lat' dir='ltr'><strong>si;</strong></span> <span class='ocrx_word' id='word_1_308' title='bbox 280 2473 498 2542; x_wconf 80' lang='grc' dir='ltr'><strong>Συρίαν</strong></span> <span class='ocrx_word' id='word_1_309' title='bbox 519 2474 956 2546; x_wconf 71' lang='grc' dir='ltr'><strong>παραγενομένῳ</strong></span> <span class='ocrx_word' id='word_1_310' title='bbox 982 2474 1061 2546; x_wconf 83' lang='grc' dir='ltr'><strong>τῷ</strong></span> <span class='ocrx_word' id='word_1_311' title='bbox 1096 2475 1390 2544; x_wconf 77' lang='grc' dir='ltr'><strong>’Δντωνίῳ,</strong></span> <span class='ocrx_word' id='word_1_312' title='bbox 1418 2479 1513 2531; x_wconf 76' lang='grc' dir='ltr'><strong>καὶ</strong></span> <span class='ocrx_word' id='word_1_313' title='bbox 1537 2475 1640 2529; x_wconf 74' lang='grc' dir='ltr'><strong>ὑπὸ</strong></span> <span class='ocrx_word' id='word_1_314' title='bbox 1660 2477 1770 2531; x_wconf 85' lang='grc' dir='ltr'><strong>τῶν</strong></span> 
     </span>
    </p>
   </div>
   <div class='ocr_carea' id='block_1_47' title="bbox 179 2565 1772 2640">
    <p class='ocr_par' dir='ltr' id='par_1_47' title="bbox 179 2565 1772 2640">
     <span class='ocr_line' id='line_1_47' title="bbox 179 2565 1772 2640; baseline 0.002 -19"><span class='ocrx_word' id='word_1_315' title='bbox 179 2568 270 2638; x_wconf 79' lang='grc' dir='ltr'><strong>τῆς</strong></span> <span class='ocrx_word' id='word_1_316' title='bbox 317 2568 694 2637; x_wconf 76' lang='grc' dir='ltr'><strong>Κλεοπάτρας</strong></span> <span class='ocrx_word' id='word_1_317' title='bbox 747 2565 973 2639; x_wconf 80' lang='grc' dir='ltr'><strong>ἐρώτων</strong></span> <span class='ocrx_word' id='word_1_318' title='bbox 1023 2569 1429 2640; x_wconf 81' lang='grc' dir='ltr'><strong>κεκρατημένῳ</strong></span> <span class='ocrx_word' id='word_1_319' title='bbox 1479 2570 1772 2640; x_wconf 74' lang='grc' dir='ltr'><strong>προσίασιν</strong></span> 
     </span>
    </p>
   </div>
   <div class='ocr_carea' id='block_1_48' title="bbox 180 2657 1774 2730">
    <p class='ocr_par' dir='ltr' id='par_1_48' title="bbox 180 2657 1774 2730">
     <span class='ocr_line' id='line_1_48' title="bbox 180 2657 1774 2730; baseline 0.001 -19"><span class='ocrx_word' id='word_1_320' title='bbox 180 2659 371 2730; x_wconf 73' lang='grc' dir='ltr'><strong>ἄιδρες</strong></span> <span class='ocrx_word' id='word_1_321' title='bbox 432 2658 658 2721; x_wconf 69' lang='grc' dir='ltr'><strong>ἑκατὸν,</strong></span> <span class='ocrx_word' id='word_1_322' title='bbox 703 2657 976 2712; x_wconf 80' lang='grc' dir='ltr'><strong>Ἰουδαίων</strong></span> <span class='ocrx_word' id='word_1_323' title='bbox 1006 2658 1054 2710; x_wconf 86' lang='grc' dir='ltr'><strong>οί</strong></span> <span class='ocrx_word' id='word_1_324' title='bbox 1097 2657 1486 2724; x_wconf 74' lang='grc' dir='ltr'><strong>δυνατώτατοι,</strong></span> <span class='ocrx_word' id='word_1_325' title='bbox 1512 2658 1611 2713; x_wconf 70' lang='grc' dir='ltr'><strong>καὶ</strong></span> <span class='ocrx_word' id='word_1_326' title='bbox 1638 2676 1774 2713; x_wconf 83' lang='grc' dir='ltr'><strong>κατ-</strong></span> 
     </span>
    </p>
   </div>
   <div class='ocr_carea' id='block_1_49' title="bbox 178 2749 1774 2823">
    <p class='ocr_par' dir='ltr' id='par_1_49' title="bbox 178 2749 1774 2823">
     <span class='ocr_line' id='line_1_49' title="bbox 178 2749 1774 2823; baseline 0 -18"><span class='ocrx_word' id='word_1_327' title='bbox 178 2752 419 2823; x_wconf 73' lang='grc' dir='ltr'><strong>ηγόρουν</strong></span> <span class='ocrx_word' id='word_1_328' title='bbox 450 2749 697 2819; x_wconf 79' lang='grc' dir='ltr'><strong>Ἡρώδου</strong></span> <span class='ocrx_word' id='word_1_329' title='bbox 726 2750 822 2804; x_wconf 76' lang='grc' dir='ltr'><strong>καὶ</strong></span> <span class='ocrx_word' id='word_1_330' title='bbox 848 2750 959 2802; x_wconf 85' lang='grc' dir='ltr'><strong>τῶν</strong></span> <span class='ocrx_word' id='word_1_331' title='bbox 989 2750 1119 2821; x_wconf 75' lang='grc' dir='ltr'><strong>περὶ</strong></span> <span class='ocrx_word' id='word_1_332' title='bbox 1147 2751 1335 2816; x_wconf 80' lang='grc' dir='ltr'><strong>αὐτὸν,</strong></span> <span class='ocrx_word' id='word_1_333' title='bbox 1383 2750 1654 2821; x_wconf 76' lang='grc' dir='ltr'><strong>παρόντος</strong></span> <span class='ocrx_word' id='word_1_334' title='bbox 1678 2752 1774 2806; x_wconf 75' lang='grc' dir='ltr'><strong>καὶ</strong></span> 
     </span>
    </p>
   </div>
   <div class='ocr_carea' id='block_1_50' title="bbox 189 2841 1776 2915">
    <p class='ocr_par' dir='ltr' id='par_1_50' title="bbox 189 2841 1776 2915">
     <span class='ocr_line' id='line_1_50' title="bbox 189 2841 1776 2915; baseline 0.001 -19"><span class='ocrx_word' id='word_1_335' title='bbox 189 2843 489 2913; x_wconf 81' lang='grc' dir='ltr'><strong>Ὑρκανοῦ.</strong></span> <span class='ocrx_word' id='word_1_336' title='bbox 531 2841 821 2903; x_wconf 75' lang='grc' dir='ltr'><strong>Ἀντώνιος</strong></span> <span class='ocrx_word' id='word_1_337' title='bbox 855 2842 913 2895; x_wconf 81' lang='grc' dir='ltr'><strong>δὲ</strong></span> <span class='ocrx_word' id='word_1_338' title='bbox 959 2842 1292 2896; x_wconf 85' lang='grc' dir='ltr'><strong>πυνθάνεται</strong></span> <span class='ocrx_word' id='word_1_339' title='bbox 1346 2844 1638 2915; x_wconf 85' lang='grc' dir='ltr'><strong>Ὑρκανοῦ,</strong></span> <span class='ocrx_word' id='word_1_340' title='bbox 1673 2846 1776 2899; x_wconf 71' lang='grc' dir='ltr'><strong>πιε-</strong></span> 
     </span>
    </p>
   </div>
   <div class='ocr_carea' id='block_1_51' title="bbox 179 2934 1775 3008">
    <p class='ocr_par' dir='ltr' id='par_1_51' title="bbox 179 2934 1775 3008">
     <span class='ocr_line' id='line_1_51' title="bbox 179 2934 1775 3008; baseline 0.001 -18"><span class='ocrx_word' id='word_1_341' title='bbox 179 2953 324 3008; x_wconf 85' lang='grc' dir='ltr'><strong>τεροι</strong></span> <span class='ocrx_word' id='word_1_342' title='bbox 354 2934 457 2989; x_wconf 84' lang='grc' dir='ltr'><strong>τοῦ</strong></span> <span class='ocrx_word' id='word_1_343' title='bbox 506 2935 696 2997; x_wconf 71' lang='grc' dir='ltr'><strong>ἔθνους</strong></span> <span class='ocrx_word' id='word_1_344' title='bbox 745 2936 1113 3006; x_wconf 74' lang='grc' dir='ltr'><strong>προΐστανται</strong></span> <span class='ocrx_word' id='word_1_345' title='bbox 1153 2935 1413 3008; x_wconf 79' lang='grc' dir='ltr'><strong>ἄμεινον’</strong></span> <span class='ocrx_word' id='word_1_346' title='bbox 1446 2938 1539 2992; x_wconf 74' lang='grc' dir='ltr'><strong>καὶ</strong></span> <span class='ocrx_word' id='word_1_347' title='bbox 1563 2938 1623 3001; x_wconf 81' lang='grc' dir='ltr'><strong>ὃς</strong></span> <span class='ocrx_word' id='word_1_348' title='bbox 1647 2940 1775 3003; x_wconf 69' lang='grc' dir='ltr'><strong>τοὺς</strong></span> 
     </span>
    </p>
   </div>
   <div class='ocr_carea' id='block_1_52' title="bbox 181 3023 1775 3101">
    <p class='ocr_par' dir='ltr' id='par_1_52' title="bbox 181 3023 1775 3101">
     <span class='ocr_line' id='line_1_52' title="bbox 181 3023 1775 3101; baseline 0.001 -18"><span class='ocrx_word' id='word_1_349' title='bbox 181 3030 308 3101; x_wconf 71' lang='grc' dir='ltr'><strong>περὶ</strong></span> <span class='ocrx_word' id='word_1_350' title='bbox 355 3026 614 3100; x_wconf 82' lang='grc' dir='ltr'><strong>Ἡρώδην</strong></span> <span class='ocrx_word' id='word_1_351' title='bbox 654 3023 834 3091; x_wconf 74' lang='grc' dir='ltr'><strong>εἶπεν,</strong></span> <span class='ocrx_word' id='word_1_352' title='bbox 897 3027 973 3082; x_wconf 84' lang='grc' dir='ltr'><strong>ὣν</strong></span> <span class='ocrx_word' id='word_1_353' title='bbox 1007 3029 1157 3100; x_wconf 79' lang='grc' dir='ltr'><strong>αὐτῷ</strong></span> <span class='ocrx_word' id='word_1_354' title='bbox 1190 3029 1483 3101; x_wconf 84' lang='grc' dir='ltr'><strong>κηδεστής.</strong></span> <span class='ocrx_word' id='word_1_355' title='bbox 1550 3030 1609 3084; x_wconf 88' lang='grc' dir='ltr'><strong>Ὀ</strong></span> <span class='ocrx_word' id='word_1_356' title='bbox 1642 3029 1775 3100; x_wconf 89' lang='grc' dir='ltr'><strong>γοῦν</strong></span> 
     </span>
    </p>
   </div>
   <div class='ocr_carea' id='block_1_53' title="bbox 1870 2290 3464 2366">
    <p class='ocr_par' dir='ltr' id='par_1_53' title="bbox 1870 2290 3464 2366">
     <span class='ocr_line' id='line_1_53' title="bbox 1870 2290 3464 2366; baseline -0.003 -15"><span class='ocrx_word' id='word_1_357' title='bbox 1870 2311 2059 2352; x_wconf 87' lang='lat' dir='ltr'><strong>amore</strong></span> <span class='ocrx_word' id='word_1_358' title='bbox 2110 2306 2356 2366; x_wconf 81' lang='lat' dir='ltr'><strong>captum,</strong></span> <span class='ocrx_word' id='word_1_359' title='bbox 2406 2295 2724 2351; x_wconf 68' lang='lat' dir='ltr'><strong>Judteorum</strong></span> <span class='ocrx_word' id='word_1_360' title='bbox 2779 2303 3003 2350; x_wconf 85' lang='lat' dir='ltr'><strong>centum</strong></span> <span class='ocrx_word' id='word_1_361' title='bbox 3052 2292 3156 2346; x_wconf 86' lang='lat' dir='ltr'><strong>viri</strong></span> <span class='ocrx_word' id='word_1_362' title='bbox 3190 2290 3464 2362; x_wconf 85' lang='lat' dir='ltr'><strong>potentis-</strong></span> 
     </span>
    </p>
   </div>
   <div class='ocr_carea' id='block_1_54' title="bbox 1871 2384 3466 2453">
    <p class='ocr_par' dir='ltr' id='par_1_54' title="bbox 1871 2384 3466 2453">
     <span class='ocr_line' id='line_1_54' title="bbox 1871 2384 3466 2453; baseline -0.004 -9"><span class='ocrx_word' id='word_1_363' title='bbox 1871 2388 1996 2444; x_wconf 88' lang='lat' dir='ltr'><strong>simi</strong></span> <span class='ocrx_word' id='word_1_364' title='bbox 2045 2388 2407 2453; x_wconf 87' lang='lat' dir='ltr'><strong>conveniunt,</strong></span> <span class='ocrx_word' id='word_1_365' title='bbox 2469 2384 2750 2443; x_wconf 85' lang='lat' dir='ltr'><strong>llerodem</strong></span> <span class='ocrx_word' id='word_1_366' title='bbox 2805 2397 2863 2443; x_wconf 90' lang='lat' dir='ltr'><strong>et</strong></span> <span class='ocrx_word' id='word_1_367' title='bbox 2915 2385 3243 2441; x_wconf 76' lang='lat' dir='ltr'><strong>Pliasaelum</strong></span> <span class='ocrx_word' id='word_1_368' title='bbox 3298 2396 3466 2439; x_wconf 84' lang='lat' dir='ltr'><strong>accu-</strong></span> 
     </span>
    </p>
   </div>
   <div class='ocr_carea' id='block_1_55' title="bbox 1872 2476 3468 2553">
    <p class='ocr_par' dir='ltr' id='par_1_55' title="bbox 1872 2476 3468 2553">
     <span class='ocr_line' id='line_1_55' title="bbox 1872 2476 3468 2553; baseline -0.004 -16"><span class='ocrx_word' id='word_1_369' title='bbox 1872 2490 2080 2547; x_wconf 87' lang='lat' dir='ltr'><strong>santes,</strong></span> <span class='ocrx_word' id='word_1_370' title='bbox 2111 2480 2365 2553; x_wconf 85' lang='lat' dir='ltr'><strong>Hyrcano</strong></span> <span class='ocrx_word' id='word_1_371' title='bbox 2398 2480 2563 2536; x_wconf 90' lang='lat' dir='ltr'><strong>etiam</strong></span> <span class='ocrx_word' id='word_1_372' title='bbox 2597 2487 2894 2551; x_wconf 67' lang='lat' dir='ltr'><strong>praesente.</strong></span> <span class='ocrx_word' id='word_1_373' title='bbox 2923 2477 3029 2546; x_wconf 84' lang='lat' dir='ltr'><strong>Qui</strong></span> <span class='ocrx_word' id='word_1_374' title='bbox 3067 2486 3299 2551; x_wconf 78' lang='lat' dir='ltr'><strong>rogante</strong></span> <span class='ocrx_word' id='word_1_375' title='bbox 3349 2476 3468 2532; x_wconf 87' lang='lat' dir='ltr'><strong>An-</strong></span> 
     </span>
    </p>
   </div>
   <div class='ocr_carea' id='block_1_56' title="bbox 1875 2568 3467 2644">
    <p class='ocr_par' dir='ltr' id='par_1_56' title="bbox 1875 2568 3467 2644">
     <span class='ocr_line' id='line_1_56' title="bbox 1875 2568 3467 2644; baseline -0.003 -14"><span class='ocrx_word' id='word_1_376' title='bbox 1875 2576 2047 2638; x_wconf 84' lang='lat' dir='ltr'><strong>tonio,</strong></span> <span class='ocrx_word' id='word_1_377' title='bbox 2090 2574 2199 2630; x_wconf 85' lang='lat' dir='ltr'><strong>utri</strong></span> <span class='ocrx_word' id='word_1_378' title='bbox 2251 2574 2455 2644; x_wconf 82' lang='lat' dir='ltr'><strong>populo</strong></span> <span class='ocrx_word' id='word_1_379' title='bbox 2500 2574 2709 2629; x_wconf 83' lang='lat' dir='ltr'><strong>rectius</strong></span> <span class='ocrx_word' id='word_1_380' title='bbox 2768 2580 3092 2643; x_wconf 64' lang='lat' dir='ltr'><strong>praeessent,</strong></span> <span class='ocrx_word' id='word_1_381' title='bbox 3148 2568 3467 2641; x_wconf 85' lang='lat' dir='ltr'><strong>respondit,</strong></span> 
     </span>
    </p>
   </div>
   <div class='ocr_carea' id='block_1_57' title="bbox 1875 2666 3465 2736">
    <p class='ocr_par' dir='ltr' id='par_1_57' title="bbox 1875 2666 3465 2736">
     <span class='ocr_line' id='line_1_57' title="bbox 1875 2666 3465 2736; baseline -0.002 -15"><span class='ocrx_word' id='word_1_382' title='bbox 1875 2666 2201 2721; x_wconf 83' lang='lat' dir='ltr'><strong>Phasaelum</strong></span> <span class='ocrx_word' id='word_1_383' title='bbox 2255 2675 2311 2721; x_wconf 88' lang='lat' dir='ltr'><strong>et</strong></span> <span class='ocrx_word' id='word_1_384' title='bbox 2366 2666 2666 2731; x_wconf 84' lang='lat' dir='ltr'><strong>llerodem,</strong></span> <span class='ocrx_word' id='word_1_385' title='bbox 2728 2675 2788 2721; x_wconf 88' lang='lat' dir='ltr'><strong>ut</strong></span> <span class='ocrx_word' id='word_1_386' title='bbox 2840 2666 3001 2736; x_wconf 80' lang='lat' dir='ltr'><strong>cujus</strong></span> <span class='ocrx_word' id='word_1_387' title='bbox 3072 2681 3235 2721; x_wconf 88' lang='lat' dir='ltr'><strong>socer</strong></span> <span class='ocrx_word' id='word_1_388' title='bbox 3288 2672 3465 2720; x_wconf 84' lang='lat' dir='ltr'><strong>esset.</strong></span> 
     </span>
    </p>
   </div>
   <div class='ocr_carea' id='block_1_58' title="bbox 1873 2757 3469 2828">
    <p class='ocr_par' dir='ltr' id='par_1_58' title="bbox 1873 2757 3469 2828">
     <span class='ocr_line' id='line_1_58' title="bbox 1873 2757 3469 2828; baseline -0.002 -12"><span class='ocrx_word' id='word_1_389' title='bbox 1873 2761 2113 2816; x_wconf 88' lang='lat' dir='ltr'><strong>Proinde</strong></span> <span class='ocrx_word' id='word_1_390' title='bbox 2172 2758 2469 2824; x_wconf 87' lang='lat' dir='ltr'><strong>Antonius,</strong></span> <span class='ocrx_word' id='word_1_391' title='bbox 2532 2759 2605 2813; x_wconf 91' lang='lat' dir='ltr'><strong>ob</strong></span> <span class='ocrx_word' id='word_1_392' title='bbox 2664 2768 2957 2828; x_wconf 89' lang='lat' dir='ltr'><strong>paternum</strong></span> <span class='ocrx_word' id='word_1_393' title='bbox 3018 2757 3322 2826; x_wconf 84' lang='lat' dir='ltr'><strong>hospitium</strong></span> <span class='ocrx_word' id='word_1_394' title='bbox 3383 2757 3469 2813; x_wconf 84' lang='lat' dir='ltr'><strong>eis</strong></span> 
     </span>
    </p>
   </div>
   <div class='ocr_carea' id='block_1_59' title="bbox 1875 2847 3470 2920">
    <p class='ocr_par' dir='ltr' id='par_1_59' title="bbox 1875 2847 3470 2920">
     <span class='ocr_line' id='line_1_59' title="bbox 1875 2847 3470 2920; baseline -0.001 -14"><span class='ocrx_word' id='word_1_395' title='bbox 1875 2851 2107 2915; x_wconf 86' lang='lat' dir='ltr'><strong>amicus,</strong></span> <span class='ocrx_word' id='word_1_396' title='bbox 2135 2858 2431 2919; x_wconf 90' lang='lat' dir='ltr'><strong>utrumque</strong></span> <span class='ocrx_word' id='word_1_397' title='bbox 2457 2851 2787 2904; x_wconf 88' lang='lat' dir='ltr'><strong>tetrarcham</strong></span> <span class='ocrx_word' id='word_1_398' title='bbox 2810 2849 3129 2920; x_wconf 79' lang='lat' dir='ltr'><strong>appellavit,</strong></span> <span class='ocrx_word' id='word_1_399' title='bbox 3151 2849 3352 2905; x_wconf 64' lang='lat' dir='ltr'><strong>Judaeze</strong></span> <span class='ocrx_word' id='word_1_400' title='bbox 3368 2847 3470 2905; x_wconf 85' lang='lat' dir='ltr'><strong>ad-</strong></span> 
     </span>
    </p>
   </div>
   <div class='ocr_carea' id='block_1_60' title="bbox 1885 2942 3467 2999">
    <p class='ocr_par' dir='ltr' id='par_1_60' title="bbox 1885 2942 3467 2999">
     <span class='ocr_line' id='line_1_60' title="bbox 1885 2942 3467 2999; baseline -0.002 -1"><span class='ocrx_word' id='word_1_401' title='bbox 1885 2943 2299 2999; x_wconf 85' lang='lat' dir='ltr'><strong>ministratione</strong></span> <span class='ocrx_word' id='word_1_402' title='bbox 2327 2943 2436 2999; x_wconf 90' lang='lat' dir='ltr'><strong>illis</strong></span> <span class='ocrx_word' id='word_1_403' title='bbox 2466 2942 2723 2999; x_wconf 88' lang='lat' dir='ltr'><strong>mandata</strong></span> <span class='ocrx_word' id='word_1_404' title='bbox 2756 2959 2771 2996; x_wconf 88' lang='lat'><strong>:</strong></span> <span class='ocrx_word' id='word_1_405' title='bbox 2814 2958 2879 2998; x_wconf 91' lang='lat' dir='ltr'><strong>ac</strong></span> <span class='ocrx_word' id='word_1_406' title='bbox 2910 2943 3096 2997; x_wconf 86' lang='lat' dir='ltr'><strong>decem</strong></span> <span class='ocrx_word' id='word_1_407' title='bbox 3136 2957 3202 2997; x_wconf 80' lang='lat' dir='ltr'><strong>ex</strong></span> <span class='ocrx_word' id='word_1_408' title='bbox 3241 2955 3467 2996; x_wconf 82' lang='lat' dir='ltr'><strong>accusa-</strong></span> 
     </span>
    </p>
   </div>
   <div class='ocr_carea' id='block_1_61' title="bbox 1882 3032 3460 3106">
    <p class='ocr_par' dir='ltr' id='par_1_61' title="bbox 1882 3032 3460 3106">
     <span class='ocr_line' id='line_1_61' title="bbox 1882 3032 3460 3106; baseline 0 -16"><span class='ocrx_word' id='word_1_409' title='bbox 1882 3036 2097 3091; x_wconf 87' lang='lat' dir='ltr'><strong>toribus</strong></span> <span class='ocrx_word' id='word_1_410' title='bbox 2148 3034 2203 3090; x_wconf 88' lang='lat' dir='ltr'><strong>in</strong></span> <span class='ocrx_word' id='word_1_411' title='bbox 2230 3035 2449 3089; x_wconf 89' lang='lat' dir='ltr'><strong>vincula</strong></span> <span class='ocrx_word' id='word_1_412' title='bbox 2472 3035 2757 3106; x_wconf 86' lang='lat' dir='ltr'><strong>conjectos</strong></span> <span class='ocrx_word' id='word_1_413' title='bbox 2778 3033 3098 3099; x_wconf 88' lang='lat' dir='ltr'><strong>occidisset,</strong></span> <span class='ocrx_word' id='word_1_414' title='bbox 3127 3034 3231 3089; x_wconf 92' lang='lat' dir='ltr'><strong>nisi</strong></span> <span class='ocrx_word' id='word_1_415' title='bbox 3264 3032 3460 3090; x_wconf 61' lang='lat' dir='ltr'><strong>fratrea</strong></span> 
     </span>
    </p>
   </div>
   <div class='ocr_carea' id='block_1_62' title="bbox 152 3116 1770 3197">
    <p class='ocr_par' dir='ltr' id='par_1_62' title="bbox 152 3116 1770 3193">
     <span class='ocr_line' id='line_1_62' title="bbox 152 3116 1770 3193; baseline 0.001 -19"><span class='ocrx_word' id='word_1_416' title='bbox 152 3134 153 3141; x_wconf 85' lang='lat'>‘</span> <span class='ocrx_word' id='word_1_417' title='bbox 193 3121 505 3185; x_wconf 64' lang='grc' dir='ltr'><strong>Ἀντώνιος,</strong></span> <span class='ocrx_word' id='word_1_418' title='bbox 543 3120 760 3184; x_wconf 79' lang='grc' dir='ltr'><strong>οίκείως</strong></span> <span class='ocrx_word' id='word_1_419' title='bbox 808 3119 946 3191; x_wconf 81' lang='grc' dir='ltr'><strong>πρὸς</strong></span> <span class='ocrx_word' id='word_1_420' title='bbox 985 3116 1189 3185; x_wconf 75' lang='grc' dir='ltr'><strong>ἀὐτοὺς</strong></span> <span class='ocrx_word' id='word_1_421' title='bbox 1245 3120 1387 3192; x_wconf 78' lang='grc' dir='ltr'><strong>ἔχων</strong></span> <span class='ocrx_word' id='word_1_422' title='bbox 1435 3119 1524 3175; x_wconf 83' lang='grc' dir='ltr'><strong>διὰ</strong></span> <span class='ocrx_word' id='word_1_423' title='bbox 1550 3121 1651 3193; x_wconf 73' lang='grc' dir='ltr'><strong>τὴν</strong></span> <span class='ocrx_word' id='word_1_424' title='bbox 1678 3120 1770 3176; x_wconf 85' lang='grc' dir='ltr'><strong>τοῦ</strong></span> 
     </span>
    </p>
   </div>
   <div class='ocr_carea' id='block_1_63' title="bbox 1873 3116 3462 3197">
    <p class='ocr_par' dir='ltr' id='par_1_63' title="bbox 1882 3124 3462 3197">
     <span class='ocr_line' id='line_1_63' title="bbox 1882 3124 3462 3197; baseline -0.001 -17"><span class='ocrx_word' id='word_1_425' title='bbox 1882 3143 1983 3197; x_wconf 89' lang='lat' dir='ltr'><strong>pro</strong></span> <span class='ocrx_word' id='word_1_426' title='bbox 2015 3126 2097 3182; x_wconf 89' lang='lat' dir='ltr'><strong>eis</strong></span> <span class='ocrx_word' id='word_1_427' title='bbox 2147 3125 2424 3196; x_wconf 81' lang='lat' dir='ltr'><strong>deprecati</strong></span> <span class='ocrx_word' id='word_1_428' title='bbox 2474 3135 2684 3182; x_wconf 88' lang='lat' dir='ltr'><strong>essent.</strong></span> <span class='ocrx_word' id='word_1_429' title='bbox 2739 3126 2956 3179; x_wconf 80' lang='lat' dir='ltr'><strong>Rursus</strong></span> <span class='ocrx_word' id='word_1_430' title='bbox 2987 3125 3140 3179; x_wconf 88' lang='lat' dir='ltr'><strong>mille</strong></span> <span class='ocrx_word' id='word_1_431' title='bbox 3184 3124 3287 3178; x_wconf 88' lang='lat' dir='ltr'><strong>viri</strong></span> <span class='ocrx_word' id='word_1_432' title='bbox 3323 3125 3462 3179; x_wconf 78' lang='lat' dir='ltr'><strong>circa</strong></span> 
     </span>
    </p>
   </div>
   <div class='ocr_carea' id='block_1_64' title="bbox 179 3211 1772 3286">
    <p class='ocr_par' dir='ltr' id='par_1_64' title="bbox 179 3211 1772 3286">
     <span class='ocr_line' id='line_1_64' title="bbox 179 3211 1772 3286; baseline 0.002 -19"><span class='ocrx_word' id='word_1_433' title='bbox 179 3212 394 3284; x_wconf 69' lang='grc' dir='ltr'><strong>πατρὸς</strong></span> <span class='ocrx_word' id='word_1_434' title='bbox 424 3212 610 3266; x_wconf 79' lang='grc' dir='ltr'><strong>αὐτῶν</strong></span> <span class='ocrx_word' id='word_1_435' title='bbox 629 3211 833 3279; x_wconf 80' lang='grc' dir='ltr'><strong>ξενίαν,</strong></span> <span class='ocrx_word' id='word_1_436' title='bbox 863 3215 957 3266; x_wconf 78' lang='grc' dir='ltr'><strong>καὶ</strong></span> <span class='ocrx_word' id='word_1_437' title='bbox 982 3212 1152 3283; x_wconf 76' lang='grc' dir='ltr'><strong>ἄμφω</strong></span> <span class='ocrx_word' id='word_1_438' title='bbox 1168 3214 1476 3285; x_wconf 83' lang='grc' dir='ltr'><strong>τετράρχας</strong></span> <span class='ocrx_word' id='word_1_439' title='bbox 1495 3215 1772 3286; x_wconf 86' lang='grc' dir='ltr'><strong>ὠνόμασε,</strong></span> 
     </span>
    </p>
   </div>
   <div class='ocr_carea' id='block_1_65' title="bbox 181 3304 1777 3378">
    <p class='ocr_par' dir='ltr' id='par_1_65' title="bbox 181 3304 1777 3378">
     <span class='ocr_line' id='line_1_65' title="bbox 181 3304 1777 3378; baseline 0.002 -18"><span class='ocrx_word' id='word_1_440' title='bbox 181 3308 274 3361; x_wconf 79' lang='grc' dir='ltr'><strong>καὶ</strong></span> <span class='ocrx_word' id='word_1_441' title='bbox 318 3307 394 3359; x_wconf 71' lang='grc' dir='ltr'><strong>τὰ</strong></span> <span class='ocrx_word' id='word_1_442' title='bbox 459 3304 741 3359; x_wconf 78' lang='grc' dir='ltr'><strong>Ἰουδαίων</strong></span> <span class='ocrx_word' id='word_1_443' title='bbox 779 3306 966 3370; x_wconf 77' lang='grc' dir='ltr'><strong>αὐτοῖς</strong></span> <span class='ocrx_word' id='word_1_444' title='bbox 993 3307 1267 3377; x_wconf 75' lang='grc' dir='ltr'><strong>ἐπέτρεψε</strong></span> <span class='ocrx_word' id='word_1_445' title='bbox 1300 3308 1605 3378; x_wconf 83' lang='grc' dir='ltr'><strong>πράγματα</strong></span> <span class='ocrx_word' id='word_1_446' title='bbox 1628 3325 1643 3340; x_wconf 80' lang='grc'>⁶</span> <span class='ocrx_word' id='word_1_447' title='bbox 1680 3309 1777 3363; x_wconf 78' lang='grc' dir='ltr'><strong>καὶ</strong></span> 
     </span>
    </p>
   </div>
   <div class='ocr_carea' id='block_1_66' title="bbox 179 3398 1774 3470">
    <p class='ocr_par' dir='ltr' id='par_1_66' title="bbox 179 3398 1774 3470">
     <span class='ocr_line' id='line_1_66' title="bbox 179 3398 1774 3470; baseline 0.002 -18"><span class='ocrx_word' id='word_1_448' title='bbox 179 3399 315 3454; x_wconf 70' lang='grc' dir='ltr'><strong>δέκα</strong></span> <span class='ocrx_word' id='word_1_449' title='bbox 350 3399 531 3468; x_wconf 82' lang='grc' dir='ltr'><strong>δήσας</strong></span> <span class='ocrx_word' id='word_1_450' title='bbox 558 3398 670 3452; x_wconf 84' lang='grc' dir='ltr'><strong>τῶν</strong></span> <span class='ocrx_word' id='word_1_451' title='bbox 716 3400 1069 3470; x_wconf 82' lang='grc' dir='ltr'><strong>κατηγόρων,</strong></span> <span class='ocrx_word' id='word_1_452' title='bbox 1104 3398 1349 3453; x_wconf 76' lang='grc' dir='ltr'><strong>εκτεινεν</strong></span> <span class='ocrx_word' id='word_1_453' title='bbox 1378 3401 1445 3454; x_wconf 83' lang='grc' dir='ltr'><strong>ἂν</strong></span> <span class='ocrx_word' id='word_1_454' title='bbox 1476 3401 1696 3465; x_wconf 76' lang='grc' dir='ltr'><strong>αὐτοὺς,</strong></span> <span class='ocrx_word' id='word_1_455' title='bbox 1726 3403 1774 3455; x_wconf 88' lang='grc' dir='ltr'><strong>εί</strong></span> 
     </span>
    </p>
   </div>
   <div class='ocr_carea' id='block_1_67' title="bbox 187 3487 1778 3565">
    <p class='ocr_par' dir='ltr' id='par_1_67' title="bbox 187 3487 1778 3565">
     <span class='ocr_line' id='line_1_67' title="bbox 187 3487 1778 3565; baseline 0.003 -22"><span class='ocrx_word' id='word_1_456' title='bbox 187 3493 262 3561; x_wconf 75' lang='grc' dir='ltr'><strong>μὴ</strong></span> <span class='ocrx_word' id='word_1_457' title='bbox 298 3491 353 3544; x_wconf 70' lang='grc' dir='ltr'><strong>οἱ</strong></span> <span class='ocrx_word' id='word_1_458' title='bbox 403 3490 633 3560; x_wconf 68' lang='grc' dir='ltr'><strong>ἀδελφοὶ</strong></span> <span class='ocrx_word' id='word_1_459' title='bbox 690 3491 1109 3561; x_wconf 74' lang='grc' dir='ltr'><strong>παρῃτήσαντο.</strong></span> <span class='ocrx_word' id='word_1_460' title='bbox 1169 3487 1336 3554; x_wconf 67' lang='grc' dir='ltr'><strong>Αὖθις</strong></span> <span class='ocrx_word' id='word_1_461' title='bbox 1364 3491 1421 3545; x_wconf 78' lang='grc' dir='ltr'><strong>δὲ</strong></span> <span class='ocrx_word' id='word_1_462' title='bbox 1450 3492 1613 3564; x_wconf 86' lang='grc' dir='ltr'><strong>χίλιοι</strong></span> <span class='ocrx_word' id='word_1_463' title='bbox 1647 3493 1778 3565; x_wconf 80' lang='grc' dir='ltr'><strong>περὶ</strong></span> 
     </span>
    </p>
   </div>
   <div class='ocr_carea' id='block_1_68' title="bbox 182 3582 1776 3658">
    <p class='ocr_par' dir='ltr' id='par_1_68' title="bbox 182 3582 1776 3658">
     <span class='ocr_line' id='line_1_68' title="bbox 182 3582 1776 3658; baseline 0.003 -22"><span class='ocrx_word' id='word_1_464' title='bbox 182 3583 362 3655; x_wconf 79' lang='grc' dir='ltr'><strong>Τύρον</strong></span> <span class='ocrx_word' id='word_1_465' title='bbox 390 3583 471 3653; x_wconf 81' lang='grc' dir='ltr'><strong>τῷ</strong></span> <span class='ocrx_word' id='word_1_466' title='bbox 516 3582 791 3654; x_wconf 81' lang='grc' dir='ltr'><strong>Ἀντωνίῳ</strong></span> <span class='ocrx_word' id='word_1_467' title='bbox 822 3583 1167 3655; x_wconf 83' lang='grc' dir='ltr'><strong>ὑπήντησαν.</strong></span> <span class='ocrx_word' id='word_1_468' title='bbox 1226 3584 1286 3638; x_wconf 86' lang='lat'><strong>&#39;0</strong></span> <span class='ocrx_word' id='word_1_469' title='bbox 1317 3583 1374 3638; x_wconf 76' lang='grc' dir='ltr'><strong>δὲ</strong></span> <span class='ocrx_word' id='word_1_470' title='bbox 1411 3584 1609 3654; x_wconf 83' lang='grc' dir='ltr'><strong>δώροις</strong></span> <span class='ocrx_word' id='word_1_471' title='bbox 1639 3604 1776 3658; x_wconf 83' lang='grc' dir='ltr'><strong>προ-</strong></span> 
     </span>
    </p>
   </div>
   <div class='ocr_carea' id='block_1_69' title="bbox 1879 3213 3465 3289">
    <p class='ocr_par' dir='ltr' id='par_1_69' title="bbox 1879 3213 3465 3289">
     <span class='ocr_line' id='line_1_69' title="bbox 1879 3213 3465 3289; baseline -0.001 -17"><span class='ocrx_word' id='word_1_472' title='bbox 1879 3216 2083 3289; x_wconf 84' lang='lat' dir='ltr'><strong>Tyrum</strong></span> <span class='ocrx_word' id='word_1_473' title='bbox 2132 3216 2375 3272; x_wconf 87' lang='lat' dir='ltr'><strong>Antonio</strong></span> <span class='ocrx_word' id='word_1_474' title='bbox 2420 3225 2806 3272; x_wconf 89' lang='lat' dir='ltr'><strong>occurrerunt.</strong></span> <span class='ocrx_word' id='word_1_475' title='bbox 2861 3215 2912 3270; x_wconf 84' lang='lat' dir='ltr'><strong>Is</strong></span> <span class='ocrx_word' id='word_1_476' title='bbox 2958 3229 3090 3269; x_wconf 88' lang='lat' dir='ltr'><strong>vero</strong></span> <span class='ocrx_word' id='word_1_477' title='bbox 3144 3213 3465 3270; x_wconf 78' lang='lat' dir='ltr'><strong>muneribus</strong></span> 
     </span>
    </p>
   </div>
   <div class='ocr_carea' id='block_1_70' title="bbox 1873 3306 3469 3383">
    <p class='ocr_par' dir='ltr' id='par_1_70' title="bbox 1873 3306 3469 3383">
     <span class='ocr_line' id='line_1_70' title="bbox 1873 3306 3469 3383; baseline -0.001 -20"><span class='ocrx_word' id='word_1_478' title='bbox 1873 3312 1985 3383; x_wconf 88' lang='lat' dir='ltr'><strong>jam</strong></span> <span class='ocrx_word' id='word_1_479' title='bbox 2013 3317 2142 3364; x_wconf 89' lang='lat' dir='ltr'><strong>ante</strong></span> <span class='ocrx_word' id='word_1_480' title='bbox 2172 3308 2523 3373; x_wconf 89' lang='lat' dir='ltr'><strong>conciliatus,</strong></span> <span class='ocrx_word' id='word_1_481' title='bbox 2560 3309 2683 3378; x_wconf 88' lang='lat' dir='ltr'><strong>ejus</strong></span> <span class='ocrx_word' id='word_1_482' title='bbox 2728 3307 2834 3363; x_wconf 91' lang='lat' dir='ltr'><strong>loci</strong></span> <span class='ocrx_word' id='word_1_483' title='bbox 2869 3307 3132 3377; x_wconf 69' lang='lat' dir='ltr'><strong>praefecto</strong></span> <span class='ocrx_word' id='word_1_484' title='bbox 3162 3306 3469 3371; x_wconf 78' lang='lat' dir='ltr'><strong>mandavit,</strong></span> 
     </span>
    </p>
   </div>
   <div class='ocr_carea' id='block_1_71' title="bbox 1879 3399 3467 3472">
    <p class='ocr_par' dir='ltr' id='par_1_71' title="bbox 1879 3399 3467 3472">
     <span class='ocr_line' id='line_1_71' title="bbox 1879 3399 3467 3472; baseline -0.003 -14"><span class='ocrx_word' id='word_1_485' title='bbox 1879 3411 1943 3458; x_wconf 89' lang='lat' dir='ltr'><strong>ut</strong></span> <span class='ocrx_word' id='word_1_486' title='bbox 1967 3401 2189 3457; x_wconf 68' lang='grc' dir='ltr'><strong>Ιυάιεοε</strong></span> <span class='ocrx_word' id='word_1_487' title='bbox 2232 3411 2490 3472; x_wconf 87' lang='lat' dir='ltr'><strong>tanquam</strong></span> <span class='ocrx_word' id='word_1_488' title='bbox 2525 3399 2685 3455; x_wconf 82' lang='lat' dir='ltr'><strong>novis</strong></span> <span class='ocrx_word' id='word_1_489' title='bbox 2735 3400 2903 3454; x_wconf 88' lang='lat' dir='ltr'><strong>rebus</strong></span> <span class='ocrx_word' id='word_1_490' title='bbox 2938 3400 3231 3455; x_wconf 87' lang='lat' dir='ltr'><strong>studentes</strong></span> <span class='ocrx_word' id='word_1_491' title='bbox 3258 3399 3467 3469; x_wconf 82' lang='lat' dir='ltr'><strong>suppli-</strong></span> 
     </span>
    </p>
   </div>
   <div class='ocr_carea' id='block_1_72' title="bbox 1880 3492 3470 3557">
    <p class='ocr_par' dir='ltr' id='par_1_72' title="bbox 1880 3492 3470 3557">
     <span class='ocr_line' id='line_1_72' title="bbox 1880 3492 3470 3557; baseline -0.001 -6"><span class='ocrx_word' id='word_1_492' title='bbox 1880 3495 1969 3551; x_wconf 91' lang='lat' dir='ltr'><strong>cio</strong></span> <span class='ocrx_word' id='word_1_493' title='bbox 1995 3494 2258 3551; x_wconf 80' lang='lat' dir='ltr'><strong>alliceret.</strong></span> <span class='ocrx_word' id='word_1_494' title='bbox 2310 3493 2560 3550; x_wconf 89' lang='lat' dir='ltr'><strong>llcrodes</strong></span> <span class='ocrx_word' id='word_1_495' title='bbox 2603 3508 2737 3549; x_wconf 88' lang='lat' dir='ltr'><strong>vero</strong></span> <span class='ocrx_word' id='word_1_496' title='bbox 2780 3508 2878 3549; x_wconf 92' lang='lat' dir='ltr'><strong>eos</strong></span> <span class='ocrx_word' id='word_1_497' title='bbox 2926 3494 3162 3557; x_wconf 90' lang='lat' dir='ltr'><strong>monuit,</strong></span> <span class='ocrx_word' id='word_1_498' title='bbox 3214 3504 3274 3548; x_wconf 91' lang='lat' dir='ltr'><strong>ut</strong></span> <span class='ocrx_word' id='word_1_499' title='bbox 3320 3492 3470 3550; x_wconf 69' lang='lat' dir='ltr'><strong>abire</strong></span> 
     </span>
    </p>
   </div>
   <div class='ocr_carea' id='block_1_73' title="bbox 1883 3585 3471 3660">
    <p class='ocr_par' dir='ltr' id='par_1_73' title="bbox 1883 3585 3471 3660">
     <span class='ocr_line' id='line_1_73' title="bbox 1883 3585 3471 3660; baseline -0.003 -15"><span class='ocrx_word' id='word_1_500' title='bbox 1883 3598 2251 3655; x_wconf 86' lang='lat' dir='ltr'><strong>maturarent,</strong></span> <span class='ocrx_word' id='word_1_501' title='bbox 2301 3604 2371 3645; x_wconf 87' lang='lat' dir='ltr'><strong>ne</strong></span> <span class='ocrx_word' id='word_1_502' title='bbox 2415 3604 2583 3660; x_wconf 85' lang='lat' dir='ltr'><strong>grave</strong></span> <span class='ocrx_word' id='word_1_503' title='bbox 2631 3588 2839 3643; x_wconf 88' lang='lat' dir='ltr'><strong>malum</strong></span> <span class='ocrx_word' id='word_1_504' title='bbox 2895 3586 3284 3656; x_wconf 83' lang='lat' dir='ltr'><strong>experirentur</strong></span> <span class='ocrx_word' id='word_1_505' title='bbox 3322 3604 3334 3638; x_wconf 86' lang='lat'><strong>:</strong></span> <span class='ocrx_word' id='word_1_506' title='bbox 3377 3585 3471 3655; x_wconf 80' lang='lat' dir='ltr'><strong>qui</strong></span> 
     </span>
    </p>
   </div>
   <div class='ocr_carea' id='block_1_74' title="bbox 184 3675 1770 3748">
    <p class='ocr_par' dir='ltr' id='par_1_74' title="bbox 184 3675 1770 3747">
     <span class='ocr_line' id='line_1_74' title="bbox 184 3675 1770 3747; baseline 0.003 -18"><span class='ocrx_word' id='word_1_507' title='bbox 184 3676 653 3747; x_wconf 73' lang='grc' dir='ltr'><strong>κατειλημμένος,</strong></span> <span class='ocrx_word' id='word_1_508' title='bbox 689 3675 769 3744; x_wconf 82' lang='grc' dir='ltr'><strong>τῷ</strong></span> <span class='ocrx_word' id='word_1_509' title='bbox 799 3678 942 3731; x_wconf 62' lang='grc' dir='ltr'><strong>κατὰ</strong></span> <span class='ocrx_word' id='word_1_510' title='bbox 962 3676 1129 3729; x_wconf 88' lang='grc' dir='ltr'><strong>τόπον</strong></span> <span class='ocrx_word' id='word_1_511' title='bbox 1149 3676 1374 3747; x_wconf 84' lang='grc' dir='ltr'><strong>ἄρχοντι</strong></span> <span class='ocrx_word' id='word_1_512' title='bbox 1401 3679 1630 3733; x_wconf 83' lang='grc' dir='ltr'><strong>κολάσαι</strong></span> <span class='ocrx_word' id='word_1_513' title='bbox 1651 3681 1770 3744; x_wconf 78' lang='grc' dir='ltr'><strong>τοὺς</strong></span> 
     </span>
    </p>
   </div>
   <div class='ocr_carea' id='block_1_75' title="bbox 1873 3675 3470 3748">
    <p class='ocr_par' dir='ltr' id='par_1_75' title="bbox 1881 3678 3470 3748">
     <span class='ocr_line' id='line_1_75' title="bbox 1881 3678 3470 3748; baseline -0.004 -10"><span class='ocrx_word' id='word_1_514' title='bbox 1881 3694 2171 3747; x_wconf 73' lang='grc' dir='ltr'><strong>ουηιξιιοη</strong></span> <span class='ocrx_word' id='word_1_515' title='bbox 2231 3682 2663 3742; x_wconf 88' lang='lat' dir='ltr'><strong>auseultassent.</strong></span> <span class='ocrx_word' id='word_1_516' title='bbox 2720 3679 2954 3735; x_wconf 81' lang='lat' dir='ltr'><strong>Romani</strong></span> <span class='ocrx_word' id='word_1_517' title='bbox 3010 3681 3218 3748; x_wconf 88' lang='lat' dir='ltr'><strong>impetu</strong></span> <span class='ocrx_word' id='word_1_518' title='bbox 3268 3678 3322 3731; x_wconf 92' lang='lat' dir='ltr'><strong>in</strong></span> <span class='ocrx_word' id='word_1_519' title='bbox 3376 3691 3470 3733; x_wconf 80' lang='lat' dir='ltr'><strong>eos</strong></span> 
     </span>
    </p>
   </div>
   <div class='ocr_carea' id='block_1_76' title="bbox 185 3766 1770 3842">
    <p class='ocr_par' dir='ltr' id='par_1_76' title="bbox 185 3766 1770 3842">
     <span class='ocr_line' id='line_1_76' title="bbox 185 3766 1770 3842; baseline 0.001 -21"><span class='ocrx_word' id='word_1_520' title='bbox 185 3767 484 3832; x_wconf 76' lang='grc' dir='ltr'><strong>Ἰουδαίους</strong></span> <span class='ocrx_word' id='word_1_521' title='bbox 505 3767 813 3831; x_wconf 75' lang='grc' dir='ltr'><strong>ἐκέλευσεν,</strong></span> <span class='ocrx_word' id='word_1_522' title='bbox 838 3766 915 3831; x_wconf 87' lang='grc' dir='ltr'><strong>ώς</strong></span> <span class='ocrx_word' id='word_1_523' title='bbox 943 3768 1379 3840; x_wconf 67' lang='grc' dir='ltr'><strong>νεωτερίζοντας.</strong></span> <span class='ocrx_word' id='word_1_524' title='bbox 1398 3769 1456 3822; x_wconf 89' lang='grc' dir='ltr'>Ὀ</span> <span class='ocrx_word' id='word_1_525' title='bbox 1485 3770 1541 3823; x_wconf 83' lang='grc' dir='ltr'><strong>δὲ</strong></span> <span class='ocrx_word' id='word_1_526' title='bbox 1599 3770 1770 3842; x_wconf 89' lang='grc' dir='ltr'><strong>Ἡρώ-</strong></span> 
     </span>
    </p>
   </div>
   <div class='ocr_carea' id='block_1_77' title="bbox 1873 3766 3475 3842">
    <p class='ocr_par' dir='ltr' id='par_1_77' title="bbox 1882 3768 3475 3842">
     <span class='ocr_line' id='line_1_77' title="bbox 1882 3768 3475 3842; baseline -0.004 -15"><span class='ocrx_word' id='word_1_527' title='bbox 1882 3774 2027 3828; x_wconf 77' lang='lat' dir='ltr'><strong>facto</strong></span> <span class='ocrx_word' id='word_1_528' title='bbox 2077 3771 2347 3842; x_wconf 90' lang='lat' dir='ltr'><strong>quosdam</strong></span> <span class='ocrx_word' id='word_1_529' title='bbox 2408 3770 2757 3834; x_wconf 86' lang='lat' dir='ltr'><strong>occiderunt,</strong></span> <span class='ocrx_word' id='word_1_530' title='bbox 2820 3768 3024 3822; x_wconf 69' lang='lat' dir='ltr'><strong>multos</strong></span> <span class='ocrx_word' id='word_1_531' title='bbox 3084 3768 3475 3831; x_wconf 64' lang='lat' dir='ltr'><strong>vulnerat-unt,</strong></span> 
     </span>
    </p>
   </div>
   <div class='ocr_carea' id='block_1_78' title="bbox 184 3857 1770 3934">
    <p class='ocr_par' dir='ltr' id='par_1_78' title="bbox 184 3860 1770 3934">
     <span class='ocr_line' id='line_1_78' title="bbox 184 3860 1770 3934; baseline 0.002 -20"><span class='ocrx_word' id='word_1_532' title='bbox 184 3860 282 3930; x_wconf 79' lang='grc' dir='ltr'><strong>δης</strong></span> <span class='ocrx_word' id='word_1_533' title='bbox 314 3861 544 3914; x_wconf 80' lang='grc' dir='ltr'><strong>ἀπιέναι</strong></span> <span class='ocrx_word' id='word_1_534' title='bbox 572 3862 712 3930; x_wconf 74' lang='grc' dir='ltr'><strong>ταχὺ</strong></span> <span class='ocrx_word' id='word_1_535' title='bbox 736 3861 924 3925; x_wconf 77' lang='grc' dir='ltr'><strong>αὐτοῖς</strong></span> <span class='ocrx_word' id='word_1_536' title='bbox 956 3860 1368 3925; x_wconf 78' lang='grc' dir='ltr'><strong>συνεϐούλευεν,</strong></span> <span class='ocrx_word' id='word_1_537' title='bbox 1393 3862 1480 3915; x_wconf 77' lang='grc' dir='ltr'><strong>ἵνα</strong></span> <span class='ocrx_word' id='word_1_538' title='bbox 1506 3862 1580 3934; x_wconf 78' lang='grc' dir='ltr'><strong>μὴ</strong></span> <span class='ocrx_word' id='word_1_539' title='bbox 1608 3864 1770 3933; x_wconf 80' lang='grc' dir='ltr'><strong>μεγά‹</strong></span> 
     </span>
    </p>
   </div>
   <div class='ocr_carea' id='block_1_79' title="bbox 1873 3857 3471 3934">
    <p class='ocr_par' dir='ltr' id='par_1_79' title="bbox 1883 3857 3471 3932">
     <span class='ocr_line' id='line_1_79' title="bbox 1883 3857 3471 3932; baseline -0.003 -13"><span class='ocrx_word' id='word_1_540' title='bbox 1883 3864 2120 3919; x_wconf 73' lang='lat' dir='ltr'><strong>masima</strong></span> <span class='ocrx_word' id='word_1_541' title='bbox 2153 3877 2287 3918; x_wconf 79' lang='lat' dir='ltr'><strong>vero</strong></span> <span class='ocrx_word' id='word_1_542' title='bbox 2313 3876 2442 3932; x_wconf 87' lang='lat' dir='ltr'><strong>pars</strong></span> <span class='ocrx_word' id='word_1_543' title='bbox 2474 3863 2682 3916; x_wconf 76' lang='lat' dir='ltr'><strong>evitato</strong></span> <span class='ocrx_word' id='word_1_544' title='bbox 2715 3858 2962 3930; x_wconf 87' lang='lat' dir='ltr'><strong>periculo</strong></span> <span class='ocrx_word' id='word_1_545' title='bbox 2995 3857 3227 3927; x_wconf 89' lang='lat' dir='ltr'><strong>quievit.</strong></span> <span class='ocrx_word' id='word_1_546' title='bbox 3260 3857 3471 3926; x_wconf 85' lang='lat' dir='ltr'><strong>Populo</strong></span> 
     </span>
    </p>
   </div>
   <div class='ocr_carea' id='block_1_80' title="bbox 182 3948 1770 4027">
    <p class='ocr_par' dir='ltr' id='par_1_80' title="bbox 182 3953 1770 4027">
     <span class='ocr_line' id='line_1_80' title="bbox 182 3953 1770 4027; baseline 0.002 -21"><span class='ocrx_word' id='word_1_547' title='bbox 182 3953 280 4007; x_wconf 79' lang='grc' dir='ltr'><strong>λου</strong></span> <span class='ocrx_word' id='word_1_548' title='bbox 315 3953 663 4026; x_wconf 79' lang='grc' dir='ltr'><strong>πειρασθῶσι</strong></span> <span class='ocrx_word' id='word_1_549' title='bbox 693 3953 894 4008; x_wconf 84' lang='grc' dir='ltr'><strong>κακοῦ.</strong></span> <span class='ocrx_word' id='word_1_550' title='bbox 933 3953 1023 4018; x_wconf 84' lang='grc' dir='ltr'><strong>Ὧς</strong></span> <span class='ocrx_word' id='word_1_551' title='bbox 1043 3953 1089 4006; x_wconf 89' lang='grc' dir='ltr'><strong>δ’</strong></span> <span class='ocrx_word' id='word_1_552' title='bbox 1121 3954 1222 4024; x_wconf 79' lang='grc' dir='ltr'><strong>οὐχ</strong></span> <span class='ocrx_word' id='word_1_553' title='bbox 1253 3955 1552 4022; x_wconf 82' lang='grc' dir='ltr'><strong>ὑπήκουον,</strong></span> <span class='ocrx_word' id='word_1_554' title='bbox 1586 3955 1770 4027; x_wconf 80' lang='grc' dir='ltr'><strong>ἐκδρα-</strong></span> 
     </span>
    </p>
   </div>
   <div class='ocr_carea' id='block_1_81' title="bbox 1873 3948 3469 4027">
    <p class='ocr_par' dir='ltr' id='par_1_81' title="bbox 1881 3948 3469 4014">
     <span class='ocr_line' id='line_1_81' title="bbox 1881 3948 3469 4014; baseline -0.006 -4"><span class='ocrx_word' id='word_1_555' title='bbox 1881 3967 2067 4010; x_wconf 90' lang='lat' dir='ltr'><strong>autem</strong></span> <span class='ocrx_word' id='word_1_556' title='bbox 2104 3961 2294 4007; x_wconf 87' lang='lat' dir='ltr'><strong>contra</strong></span> <span class='ocrx_word' id='word_1_557' title='bbox 2320 3948 2987 4014; x_wconf 78' lang='lat' dir='ltr'><strong>Herodem-vociferante,</strong></span> <span class='ocrx_word' id='word_1_558' title='bbox 3020 3948 3271 4002; x_wconf 84' lang='lat' dir='ltr'><strong>irritatus</strong></span> <span class='ocrx_word' id='word_1_559' title='bbox 3294 3948 3469 4002; x_wconf 83' lang='lat' dir='ltr'><strong>Anto-</strong></span> 
     </span>
    </p>
   </div>
   <div class='ocr_carea' id='block_1_82' title="bbox 192 4040 1770 4114">
    <p class='ocr_par' dir='ltr' id='par_1_82' title="bbox 192 4042 1770 4114">
     <span class='ocr_line' id='line_1_82' title="bbox 192 4042 1770 4114; baseline 0.002 -18"><span class='ocrx_word' id='word_1_560' title='bbox 192 4046 392 4114; x_wconf 78' lang='grc' dir='ltr'><strong>μδντες</strong></span> <span class='ocrx_word' id='word_1_561' title='bbox 420 4045 475 4097; x_wconf 77' lang='lat' dir='ltr'><strong>oi</strong></span> <span class='ocrx_word' id='word_1_562' title='bbox 519 4042 806 4113; x_wconf 83' lang='grc' dir='ltr'><strong>Ῥωμαῖοι,</strong></span> <span class='ocrx_word' id='word_1_563' title='bbox 833 4044 988 4106; x_wconf 66' lang='grc' dir='ltr'><strong>τινας</strong></span> <span class='ocrx_word' id='word_1_564' title='bbox 1027 4042 1127 4113; x_wconf 80' lang='grc' dir='ltr'><strong>μὲν</strong></span> <span class='ocrx_word' id='word_1_565' title='bbox 1155 4044 1510 4110; x_wconf 75' lang='grc' dir='ltr'><strong>ἀπέκτειναν,</strong></span> <span class='ocrx_word' id='word_1_566' title='bbox 1551 4045 1770 4108; x_wconf 77' lang='grc' dir='ltr'><strong>πολλοὺς</strong></span> 
     </span>
    </p>
   </div>
   <div class='ocr_carea' id='block_1_83' title="bbox 1873 4040 3471 4114">
    <p class='ocr_par' dir='ltr' id='par_1_83' title="bbox 1882 4040 3471 4108">
     <span class='ocr_line' id='line_1_83' title="bbox 1882 4040 3471 4108; baseline -0.006 -6"><span class='ocrx_word' id='word_1_567' title='bbox 1882 4047 2030 4108; x_wconf 84' lang='lat' dir='ltr'><strong>nius,</strong></span> <span class='ocrx_word' id='word_1_568' title='bbox 2074 4046 2290 4099; x_wconf 84' lang='lat' dir='ltr'><strong>vinctos</strong></span> <span class='ocrx_word' id='word_1_569' title='bbox 2334 4043 2635 4099; x_wconf 83' lang='lat' dir='ltr'><strong>interfecit.</strong></span> <span class='ocrx_word' id='word_1_570' title='bbox 2670 4042 2969 4097; x_wconf 81' lang='lat' dir='ltr'><strong>Enimvero</strong></span> <span class='ocrx_word' id='word_1_571' title='bbox 3020 4040 3327 4108; x_wconf 73' lang='lat' dir='ltr'><strong>Antigonus</strong></span> <span class='ocrx_word' id='word_1_572' title='bbox 3374 4040 3471 4094; x_wconf 80' lang='lat' dir='ltr'><strong>l’a-</strong></span> 
     </span>
    </p>
   </div>
   <div class='ocr_carea' id='block_1_84' title="bbox 188 4131 1770 4209">
    <p class='ocr_par' dir='ltr' id='par_1_84' title="bbox 188 4135 1770 4209">
     <span class='ocr_line' id='line_1_84' title="bbox 188 4135 1770 4209; baseline -0.001 -19"><span class='ocrx_word' id='word_1_573' title='bbox 188 4137 237 4190; x_wconf 81' lang='grc' dir='ltr'><strong>δ⁹</strong></span> <span class='ocrx_word' id='word_1_574' title='bbox 266 4135 684 4209; x_wconf 72' lang='grc' dir='ltr'><strong>ἐτραυμάτισαν</strong></span> <span class='ocrx_word' id='word_1_575' title='bbox 704 4153 720 4168; x_wconf 78' lang='grc'><strong>’</strong></span> <span class='ocrx_word' id='word_1_576' title='bbox 745 4137 841 4190; x_wconf 73' lang='grc' dir='ltr'><strong>καὶ</strong></span> <span class='ocrx_word' id='word_1_577' title='bbox 872 4137 920 4190; x_wconf 91' lang='grc' dir='ltr'><strong>οί</strong></span> <span class='ocrx_word' id='word_1_578' title='bbox 950 4136 1133 4190; x_wconf 79' lang='grc' dir='ltr'><strong>λοιποὶ</strong></span> <span class='ocrx_word' id='word_1_579' title='bbox 1165 4136 1523 4206; x_wconf 84' lang='grc' dir='ltr'><strong>διαφυγόντες</strong></span> <span class='ocrx_word' id='word_1_580' title='bbox 1568 4137 1770 4208; x_wconf 80' lang='grc' dir='ltr'><strong>ἡσύχα-</strong></span> 
     </span>
    </p>
   </div>
   <div class='ocr_carea' id='block_1_85' title="bbox 1873 4131 3472 4209">
    <p class='ocr_par' dir='ltr' id='par_1_85' title="bbox 1883 4131 3472 4203">
     <span class='ocr_line' id='line_1_85' title="bbox 1883 4131 3472 4203; baseline -0.005 -9"><span class='ocrx_word' id='word_1_581' title='bbox 1883 4153 2015 4194; x_wconf 89' lang='lat' dir='ltr'><strong>coro</strong></span> <span class='ocrx_word' id='word_1_582' title='bbox 2050 4136 2373 4191; x_wconf 72' lang='lat' dir='ltr'><strong>Parthorum</strong></span> <span class='ocrx_word' id='word_1_583' title='bbox 2421 4135 2534 4203; x_wconf 81' lang='lat' dir='ltr'><strong>regi</strong></span> <span class='ocrx_word' id='word_1_584' title='bbox 2587 4134 2736 4188; x_wconf 89' lang='lat' dir='ltr'><strong>mille</strong></span> <span class='ocrx_word' id='word_1_585' title='bbox 2789 4133 2991 4188; x_wconf 89' lang='lat' dir='ltr'><strong>talenta</strong></span> <span class='ocrx_word' id='word_1_586' title='bbox 3042 4140 3097 4186; x_wconf 84' lang='lat' dir='ltr'><strong>et</strong></span> <span class='ocrx_word' id='word_1_587' title='bbox 3142 4149 3173 4186; x_wconf 79' lang='grc' dir='ltr'><strong>ι)</strong></span> <span class='ocrx_word' id='word_1_588' title='bbox 3207 4131 3472 4186; x_wconf 80' lang='lat' dir='ltr'><strong>mulieres</strong></span> 
     </span>
    </p>
   </div>
   <div class='ocr_carea' id='block_1_86' title="bbox 195 4222 1770 4301">
    <p class='ocr_par' dir='ltr' id='par_1_86' title="bbox 195 4227 1770 4299">
     <span class='ocr_line' id='line_1_86' title="bbox 195 4227 1770 4299; baseline -0.003 -15"><span class='ocrx_word' id='word_1_589' title='bbox 195 4228 312 4292; x_wconf 80' lang='grc' dir='ltr'><strong>ζον.</strong></span> <span class='ocrx_word' id='word_1_590' title='bbox 340 4229 452 4283; x_wconf 81' lang='grc' dir='ltr'><strong>τοῦ</strong></span> <span class='ocrx_word' id='word_1_591' title='bbox 479 4228 536 4282; x_wconf 82' lang='grc' dir='ltr'><strong>δὲ</strong></span> <span class='ocrx_word' id='word_1_592' title='bbox 562 4228 627 4297; x_wconf 81' lang='grc' dir='ltr'><strong>δή</strong></span> <span class='ocrx_word' id='word_1_593' title='bbox 638 4246 740 4298; x_wconf 91' lang='grc' dir='ltr'><strong>μου</strong></span> <span class='ocrx_word' id='word_1_594' title='bbox 773 4227 1156 4290; x_wconf 72' lang='grc' dir='ltr'><strong>καταϐοῶντος</strong></span> <span class='ocrx_word' id='word_1_595' title='bbox 1199 4227 1465 4299; x_wconf 80' lang='grc' dir='ltr'><strong>Ἡρώδου,</strong></span> <span class='ocrx_word' id='word_1_596' title='bbox 1512 4229 1770 4299; x_wconf 80' lang='grc' dir='ltr'><strong>παροξυν-</strong></span> 
     </span>
    </p>
   </div>
   <div class='ocr_carea' id='block_1_87' title="bbox 1873 4222 3469 4301">
    <p class='ocr_par' dir='ltr' id='par_1_87' title="bbox 1884 4222 3469 4301">
     <span class='ocr_line' id='line_1_87' title="bbox 1884 4222 3469 4301; baseline -0.006 -17"><span class='ocrx_word' id='word_1_597' title='bbox 1884 4229 2183 4301; x_wconf 77' lang='lat' dir='ltr'><strong>pollicitus,</strong></span> <span class='ocrx_word' id='word_1_598' title='bbox 2216 4228 2259 4283; x_wconf 89' lang='lat' dir='ltr'><strong>si</strong></span> <span class='ocrx_word' id='word_1_599' title='bbox 2290 4227 2662 4298; x_wconf 85' lang='lat' dir='ltr'><strong>principatum</strong></span> <span class='ocrx_word' id='word_1_600' title='bbox 2705 4225 2958 4296; x_wconf 81' lang='lat' dir='ltr'><strong>llyrcano</strong></span> <span class='ocrx_word' id='word_1_601' title='bbox 2999 4223 3320 4292; x_wconf 85' lang='lat' dir='ltr'><strong>ademptum</strong></span> <span class='ocrx_word' id='word_1_602' title='bbox 3363 4222 3469 4276; x_wconf 85' lang='lat' dir='ltr'><strong>sibi</strong></span> 
     </span>
    </p>
   </div>
   <div class='ocr_carea' id='block_1_88' title="bbox 190 4313 1770 4393">
    <p class='ocr_par' dir='ltr' id='par_1_88' title="bbox 190 4323 1770 4393">
     <span class='ocr_line' id='line_1_88' title="bbox 190 4323 1770 4393; baseline 0.001 -17"><span class='ocrx_word' id='word_1_603' title='bbox 190 4323 307 4387; x_wconf 72' lang='grc' dir='ltr'><strong>θεὶς</strong></span> <span class='ocrx_word' id='word_1_604' title='bbox 352 4326 382 4377; x_wconf 85' lang='grc' dir='ltr'>ὁ</span> <span class='ocrx_word' id='word_1_605' title='bbox 415 4323 707 4387; x_wconf 78' lang='grc' dir='ltr'><strong>Ἀντώνιος</strong></span> <span class='ocrx_word' id='word_1_606' title='bbox 725 4323 855 4387; x_wconf 78' lang='grc' dir='ltr'><strong>τοὺς</strong></span> <span class='ocrx_word' id='word_1_607' title='bbox 883 4323 1207 4393; x_wconf 76' lang='grc' dir='ltr'><strong>δεδεμένους</strong></span> <span class='ocrx_word' id='word_1_608' title='bbox 1230 4324 1578 4376; x_wconf 78' lang='grc' dir='ltr'><strong>ἀπέκτεινεν.</strong></span> <span class='ocrx_word' id='word_1_609' title='bbox 1604 4324 1770 4377; x_wconf 81' lang='grc' dir='ltr'><strong>Ἀντί-</strong></span> 
     </span>
    </p>
   </div>
   <div class='ocr_carea' id='block_1_89' title="bbox 1873 4313 3471 4393">
    <p class='ocr_par' dir='ltr' id='par_1_89' title="bbox 1884 4313 3471 4389">
     <span class='ocr_line' id='line_1_89' title="bbox 1884 4313 3471 4389; baseline -0.008 -8"><span class='ocrx_word' id='word_1_610' title='bbox 1884 4326 2062 4389; x_wconf 82' lang='lat' dir='ltr'><strong>daret,</strong></span> <span class='ocrx_word' id='word_1_611' title='bbox 2093 4332 2147 4379; x_wconf 88' lang='lat' dir='ltr'><strong>et</strong></span> <span class='ocrx_word' id='word_1_612' title='bbox 2173 4322 2445 4377; x_wconf 79' lang='lat' dir='ltr'><strong>Herodem</strong></span> <span class='ocrx_word' id='word_1_613' title='bbox 2475 4336 2600 4377; x_wconf 91' lang='lat' dir='ltr'><strong>cum</strong></span> <span class='ocrx_word' id='word_1_614' title='bbox 2636 4321 2751 4374; x_wconf 88' lang='lat' dir='ltr'><strong>suis</strong></span> <span class='ocrx_word' id='word_1_615' title='bbox 2779 4317 3000 4372; x_wconf 88' lang='lat' dir='ltr'><strong>tolleret</strong></span> <span class='ocrx_word' id='word_1_616' title='bbox 3033 4331 3049 4371; x_wconf 89' lang='lat'><strong>:</strong></span> <span class='ocrx_word' id='word_1_617' title='bbox 3087 4331 3118 4370; x_wconf 95' lang='lat' dir='ltr'><strong>a</strong></span> <span class='ocrx_word' id='word_1_618' title='bbox 3154 4313 3377 4370; x_wconf 84' lang='lat' dir='ltr'><strong>Parthis</strong></span> <span class='ocrx_word' id='word_1_619' title='bbox 3415 4315 3471 4368; x_wconf 92' lang='lat' dir='ltr'><strong>in</strong></span> 
     </span>
    </p>
   </div>
   <div class='ocr_carea' id='block_1_90' title="bbox 186 4406 1770 4517">
    <p class='ocr_par' dir='ltr' id='par_1_90' title="bbox 186 4414 1770 4488">
     <span class='ocr_line' id='line_1_90' title="bbox 186 4414 1770 4488; baseline -0.001 -18"><span class='ocrx_word' id='word_1_620' title='bbox 186 4434 351 4485; x_wconf 86' lang='grc' dir='ltr'><strong>γονος</strong></span> <span class='ocrx_word' id='word_1_621' title='bbox 405 4418 465 4470; x_wconf 72' lang='grc' dir='ltr'><strong>δὲ</strong></span> <span class='ocrx_word' id='word_1_622' title='bbox 499 4416 736 4486; x_wconf 80' lang='grc' dir='ltr'><strong>Πακόρῳ</strong></span> <span class='ocrx_word' id='word_1_623' title='bbox 769 4415 848 4488; x_wconf 81' lang='grc' dir='ltr'><strong>τῷ</strong></span> <span class='ocrx_word' id='word_1_624' title='bbox 904 4415 1139 4487; x_wconf 82' lang='grc' dir='ltr'><strong>Πάρθων</strong></span> <span class='ocrx_word' id='word_1_625' title='bbox 1192 4414 1407 4487; x_wconf 86' lang='grc' dir='ltr'><strong>βασιλεί</strong></span> <span class='ocrx_word' id='word_1_626' title='bbox 1437 4415 1770 4486; x_wconf 83' lang='grc' dir='ltr'><strong>ὑπισχνεῖται</strong></span> 
     </span>
    </p>
   </div>
   <div class='ocr_carea' id='block_1_91' title="bbox 1873 4406 3467 4517">
    <p class='ocr_par' dir='ltr' id='par_1_91' title="bbox 1883 4406 3467 4481">
     <span class='ocr_line' id='line_1_91' title="bbox 1883 4406 3467 4481; baseline -0.008 -9"><span class='ocrx_word' id='word_1_627' title='bbox 1883 4416 2126 4472; x_wconf 75' lang='lat' dir='ltr'><strong>Jndzeam</strong></span> <span class='ocrx_word' id='word_1_628' title='bbox 2168 4413 2429 4468; x_wconf 82' lang='lat' dir='ltr'><strong>reduetus</strong></span> <span class='ocrx_word' id='word_1_629' title='bbox 2454 4421 2558 4475; x_wconf 86' lang='lat' dir='ltr'><strong>est,</strong></span> <span class='ocrx_word' id='word_1_630' title='bbox 2590 4426 2730 4481; x_wconf 91' lang='lat' dir='ltr'><strong>quos</strong></span> <span class='ocrx_word' id='word_1_631' title='bbox 2760 4408 3058 4464; x_wconf 84' lang='lat' dir='ltr'><strong>Herodiani</strong></span> <span class='ocrx_word' id='word_1_632' title='bbox 3086 4406 3287 4478; x_wconf 65' lang='lat' dir='ltr'><strong>stcpius</strong></span> <span class='ocrx_word' id='word_1_633' title='bbox 3321 4406 3467 4460; x_wconf 85' lang='lat' dir='ltr'><strong>vice-</strong></span> 
     </span>
    </p>
   </div>
   <div class='ocr_carea' id='block_1_92' title="bbox 189 4499 1770 4582">
    <p class='ocr_par' dir='ltr' id='par_1_92' title="bbox 189 4508 1770 4582">
     <span class='ocr_line' id='line_1_92' title="bbox 189 4508 1770 4582; baseline 0.001 -20"><span class='ocrx_word' id='word_1_634' title='bbox 189 4510 341 4582; x_wconf 77' lang='grc' dir='ltr'><strong>χίλια</strong></span> <span class='ocrx_word' id='word_1_635' title='bbox 377 4510 580 4564; x_wconf 86' lang='grc' dir='ltr'><strong>δώσειν</strong></span> <span class='ocrx_word' id='word_1_636' title='bbox 599 4509 860 4573; x_wconf 87' lang='grc' dir='ltr'><strong>τάλαντα,</strong></span> <span class='ocrx_word' id='word_1_637' title='bbox 891 4509 986 4562; x_wconf 75' lang='grc' dir='ltr'><strong>καὶ</strong></span> <span class='ocrx_word' id='word_1_638' title='bbox 1014 4511 1285 4578; x_wconf 88' lang='grc' dir='ltr'><strong>γυναῖκας</strong></span> <span class='ocrx_word' id='word_1_639' title='bbox 1309 4508 1697 4575; x_wconf 78' lang='grc' dir='ltr'><strong>πεντακοσίας,</strong></span> <span class='ocrx_word' id='word_1_640' title='bbox 1731 4513 1770 4564; x_wconf 82' lang='lat' dir='ltr'><strong>ei</strong></span> 
     </span>
    </p>
   </div>
   <div class='ocr_carea' id='block_1_93' title="bbox 1873 4499 3475 4582">
    <p class='ocr_par' dir='ltr' id='par_1_93' title="bbox 1887 4499 3475 4572">
     <span class='ocr_line' id='line_1_93' title="bbox 1887 4499 3475 4572; baseline -0.004 -10"><span class='ocrx_word' id='word_1_641' title='bbox 1887 4516 2039 4562; x_wconf 91' lang='lat' dir='ltr'><strong>runt.</strong></span> <span class='ocrx_word' id='word_1_642' title='bbox 2091 4505 2200 4562; x_wconf 88' lang='lat' dir='ltr'><strong>Sed</strong></span> <span class='ocrx_word' id='word_1_643' title='bbox 2250 4521 2347 4559; x_wconf 77' lang='lat' dir='ltr'><strong>rex</strong></span> <span class='ocrx_word' id='word_1_644' title='bbox 2397 4504 2734 4560; x_wconf 86' lang='lat' dir='ltr'><strong>Parthorum</strong></span> <span class='ocrx_word' id='word_1_645' title='bbox 2779 4517 2904 4558; x_wconf 89' lang='lat' dir='ltr'><strong>eum</strong></span> <span class='ocrx_word' id='word_1_646' title='bbox 2952 4499 3146 4572; x_wconf 88' lang='lat' dir='ltr'><strong>paucis</strong></span> <span class='ocrx_word' id='word_1_647' title='bbox 3192 4500 3475 4570; x_wconf 80' lang='lat' dir='ltr'><strong>equitibus</strong></span> 
     </span>
    </p>
   </div>
   <div class='ocr_carea' id='block_1_94' title="bbox 186 4591 1770 4673">
    <p class='ocr_par' dir='ltr' id='par_1_94' title="bbox 186 4600 1770 4673">
     <span class='ocr_line' id='line_1_94' title="bbox 186 4600 1770 4673; baseline -0.001 -20"><span class='ocrx_word' id='word_1_648' title='bbox 186 4602 297 4671; x_wconf 77' lang='grc' dir='ltr'><strong>τὴν</strong></span> <span class='ocrx_word' id='word_1_649' title='bbox 362 4602 542 4673; x_wconf 77' lang='grc' dir='ltr'><strong>ἀρχὴν</strong></span> <span class='ocrx_word' id='word_1_650' title='bbox 603 4601 874 4672; x_wconf 83' lang='grc' dir='ltr'><strong>Ὑρκανὸν</strong></span> <span class='ocrx_word' id='word_1_651' title='bbox 933 4600 1265 4668; x_wconf 83' lang='grc' dir='ltr'><strong>ἀφέλωνται,</strong></span> <span class='ocrx_word' id='word_1_652' title='bbox 1332 4604 1430 4655; x_wconf 77' lang='grc' dir='ltr'><strong>καὶ</strong></span> <span class='ocrx_word' id='word_1_653' title='bbox 1465 4601 1770 4673; x_wconf 67' lang='grc' dir='ltr'><strong>παραδώσω</strong></span> 
     </span>
    </p>
   </div>
   <div class='ocr_carea' id='block_1_95' title="bbox 1873 4591 3473 4673">
    <p class='ocr_par' dir='ltr' id='par_1_95' title="bbox 1884 4591 3473 4669">
     <span class='ocr_line' id='line_1_95' title="bbox 1884 4591 3473 4669; baseline -0.006 -14"><span class='ocrx_word' id='word_1_654' title='bbox 1884 4604 2080 4655; x_wconf 77' lang='lat' dir='ltr'><strong>urbem</strong></span> <span class='ocrx_word' id='word_1_655' title='bbox 2113 4599 2416 4669; x_wconf 78' lang='lat' dir='ltr'><strong>ingressus,</strong></span> <span class='ocrx_word' id='word_1_656' title='bbox 2456 4612 2555 4667; x_wconf 85' lang='lat' dir='ltr'><strong>per</strong></span> <span class='ocrx_word' id='word_1_657' title='bbox 2593 4596 2837 4667; x_wconf 86' lang='lat' dir='ltr'><strong>speciem</strong></span> <span class='ocrx_word' id='word_1_658' title='bbox 2882 4592 3281 4664; x_wconf 72' lang='lat' dir='ltr'><strong>componenda:</strong></span> <span class='ocrx_word' id='word_1_659' title='bbox 3326 4591 3473 4647; x_wconf 88' lang='lat' dir='ltr'><strong>sedi-</strong></span> 
     </span>
    </p>
   </div>
   <div class='ocr_carea' id='block_1_96' title="bbox 190 4684 1770 4764">
    <p class='ocr_par' dir='ltr' id='par_1_96' title="bbox 190 4692 1770 4764">
     <span class='ocr_line' id='line_1_96' title="bbox 190 4692 1770 4764; baseline 0 -17"><span class='ocrx_word' id='word_1_660' title='bbox 190 4692 368 4764; x_wconf 74' lang='grc' dir='ltr'><strong>αὐτῷ,</strong></span> <span class='ocrx_word' id='word_1_661' title='bbox 410 4696 506 4749; x_wconf 78' lang='grc' dir='ltr'><strong>καὶ</strong></span> <span class='ocrx_word' id='word_1_662' title='bbox 557 4694 686 4756; x_wconf 79' lang='grc' dir='ltr'><strong>τοὺς</strong></span> <span class='ocrx_word' id='word_1_663' title='bbox 717 4692 850 4761; x_wconf 83' lang='grc' dir='ltr'><strong>περὶ</strong></span> <span class='ocrx_word' id='word_1_664' title='bbox 894 4692 1147 4763; x_wconf 79' lang='grc' dir='ltr'><strong>Ἡρώδην</strong></span> <span class='ocrx_word' id='word_1_665' title='bbox 1172 4693 1437 4748; x_wconf 82' lang='grc' dir='ltr'><strong>ἀνέλοιεν.</strong></span> <span class='ocrx_word' id='word_1_666' title='bbox 1477 4695 1577 4746; x_wconf 69' lang='grc' dir='ltr'><strong>Διὰ</strong></span> <span class='ocrx_word' id='word_1_667' title='bbox 1607 4692 1770 4748; x_wconf 76' lang='grc' dir='ltr'><strong>ταῦτα</strong></span> 
     </span>
    </p>
   </div>
   <div class='ocr_carea' id='block_1_97' title="bbox 1873 4684 3476 4764">
    <p class='ocr_par' dir='ltr' id='par_1_97' title="bbox 1885 4684 3476 4762">
     <span class='ocr_line' id='line_1_97' title="bbox 1885 4684 3476 4762; baseline -0.008 -11"><span class='ocrx_word' id='word_1_668' title='bbox 1885 4694 2075 4756; x_wconf 88' lang='lat' dir='ltr'><strong>tionis,</strong></span> <span class='ocrx_word' id='word_1_669' title='bbox 2114 4706 2305 4747; x_wconf 86' lang='lat' dir='ltr'><strong>revera</strong></span> <span class='ocrx_word' id='word_1_670' title='bbox 2338 4699 2400 4745; x_wconf 92' lang='lat' dir='ltr'><strong>ut</strong></span> <span class='ocrx_word' id='word_1_671' title='bbox 2446 4690 2726 4762; x_wconf 84' lang='lat' dir='ltr'><strong>Antigono</strong></span> <span class='ocrx_word' id='word_1_672' title='bbox 2771 4702 2932 4759; x_wconf 87' lang='lat' dir='ltr'><strong>opem</strong></span> <span class='ocrx_word' id='word_1_673' title='bbox 2988 4686 3179 4752; x_wconf 83' lang='lat' dir='ltr'><strong>ferret,</strong></span> <span class='ocrx_word' id='word_1_674' title='bbox 3211 4684 3476 4740; x_wconf 81' lang='lat' dir='ltr'><strong>Puasaelo</strong></span> 
     </span>
    </p>
   </div>
   <div class='ocr_carea' id='block_1_98' title="bbox 188 4778 1770 4859">
    <p class='ocr_par' dir='ltr' id='par_1_98' title="bbox 188 4784 1765 4859">
     <span class='ocr_line' id='line_1_98' title="bbox 188 4784 1765 4859; baseline 0.002 -21"><span class='ocrx_word' id='word_1_675' title='bbox 188 4787 291 4840; x_wconf 70' lang='grc' dir='ltr'><strong>ἐπὶ</strong></span> <span class='ocrx_word' id='word_1_676' title='bbox 340 4787 441 4859; x_wconf 83' lang='grc' dir='ltr'><strong>τὴν</strong></span> <span class='ocrx_word' id='word_1_677' title='bbox 462 4786 738 4842; x_wconf 62' lang='grc' dir='ltr'><strong>»Ἰουδαίαν</strong></span> <span class='ocrx_word' id='word_1_678' title='bbox 772 4784 1109 4855; x_wconf 80' lang='grc' dir='ltr'><strong>κατάγοντες</strong></span> <span class='ocrx_word' id='word_1_679' title='bbox 1133 4786 1444 4857; x_wconf 61' lang='grc' dir='ltr'><strong>ΪΑντίγονον</strong></span> <span class='ocrx_word' id='word_1_680' title='bbox 1493 4787 1545 4839; x_wconf 85' lang='grc' dir='ltr'><strong>οί</strong></span> <span class='ocrx_word' id='word_1_681' title='bbox 1579 4786 1765 4857; x_wconf 78' lang='grc' dir='ltr'><strong>Πάρθο</strong></span> 
     </span>
    </p>
   </div>
   <div class='ocr_carea' id='block_1_99' title="bbox 1873 4778 3474 4859">
    <p class='ocr_par' dir='ltr' id='par_1_99' title="bbox 1882 4778 3474 4857">
     <span class='ocr_line' id='line_1_99' title="bbox 1882 4778 3474 4857; baseline -0.006 -16"><span class='ocrx_word' id='word_1_682' title='bbox 1882 4785 2093 4857; x_wconf 88' lang='lat' dir='ltr'><strong>hospiti</strong></span> <span class='ocrx_word' id='word_1_683' title='bbox 2125 4800 2227 4841; x_wconf 87' lang='lat' dir='ltr'><strong>suo</strong></span> <span class='ocrx_word' id='word_1_684' title='bbox 2270 4782 2567 4856; x_wconf 84' lang='lat' dir='ltr'><strong>persuadet</strong></span> <span class='ocrx_word' id='word_1_685' title='bbox 2614 4789 2681 4839; x_wconf 82' lang='lat' dir='ltr'><strong>ut,</strong></span> <span class='ocrx_word' id='word_1_686' title='bbox 2707 4779 2775 4836; x_wconf 92' lang='lat' dir='ltr'><strong>ad</strong></span> <span class='ocrx_word' id='word_1_687' title='bbox 2826 4780 3361 4852; x_wconf 85' lang='lat' dir='ltr'><strong>Barzapharmanem</strong></span> <span class='ocrx_word' id='word_1_688' title='bbox 3392 4778 3474 4832; x_wconf 88' lang='lat' dir='ltr'><strong>le-</strong></span> 
     </span>
    </p>
   </div>
   <div class='ocr_carea' id='block_1_100' title="bbox 189 4866 1770 4951">
    <p class='ocr_par' dir='ltr' id='par_1_100' title="bbox 189 4872 1759 4951">
     <span class='ocr_line' id='line_1_100' title="bbox 189 4872 1759 4951; baseline 0.001 -19"><span class='ocrx_word' id='word_1_689' title='bbox 189 4879 605 4949; x_wconf 66' lang='grc' dir='ltr'><strong>ἐστράτευσαν⁹</strong></span> <span class='ocrx_word' id='word_1_690' title='bbox 641 4872 726 4942; x_wconf 72' lang='grc' dir='ltr'><strong>οἷς</strong></span> <span class='ocrx_word' id='word_1_691' title='bbox 785 4878 1049 4942; x_wconf 85' lang='grc' dir='ltr'><strong>πολλάκις</strong></span> <span class='ocrx_word' id='word_1_692' title='bbox 1078 4879 1129 4931; x_wconf 85' lang='grc' dir='ltr'><strong>οί</strong></span> <span class='ocrx_word' id='word_1_693' title='bbox 1166 4880 1292 4949; x_wconf 76' lang='grc' dir='ltr'><strong>περὶ</strong></span> <span class='ocrx_word' id='word_1_694' title='bbox 1337 4877 1589 4951; x_wconf 83' lang='grc' dir='ltr'><strong>Ἡρώδην</strong></span> <span class='ocrx_word' id='word_1_695' title='bbox 1647 4897 1759 4951; x_wconf 88' lang='grc' dir='ltr'><strong>συμ</strong></span> 
     </span>
    </p>
   </div>
   <div class='ocr_carea' id='block_1_101' title="bbox 1873 4866 3476 4951">
    <p class='ocr_par' dir='ltr' id='par_1_101' title="bbox 1880 4866 3476 4948">
     <span class='ocr_line' id='line_1_101' title="bbox 1880 4866 3476 4948; baseline -0.007 -16"><span class='ocrx_word' id='word_1_696' title='bbox 1880 4887 2040 4948; x_wconf 78' lang='lat' dir='ltr'><strong>gatus</strong></span> <span class='ocrx_word' id='word_1_697' title='bbox 2072 4884 2180 4932; x_wconf 89' lang='lat' dir='ltr'><strong>eat.</strong></span> <span class='ocrx_word' id='word_1_698' title='bbox 2225 4873 2528 4928; x_wconf 84' lang='lat' dir='ltr'><strong>Phasaelus</strong></span> <span class='ocrx_word' id='word_1_699' title='bbox 2566 4880 2621 4927; x_wconf 88' lang='lat' dir='ltr'><strong>et</strong></span> <span class='ocrx_word' id='word_1_700' title='bbox 2650 4870 2935 4942; x_wconf 85' lang='lat' dir='ltr'><strong>llyreanns</strong></span> <span class='ocrx_word' id='word_1_701' title='bbox 2962 4870 3128 4941; x_wconf 80' lang='lat' dir='ltr'><strong>legati</strong></span> <span class='ocrx_word' id='word_1_702' title='bbox 3155 4878 3309 4934; x_wconf 89' lang='lat' dir='ltr'><strong>cunt,</strong></span> <span class='ocrx_word' id='word_1_703' title='bbox 3335 4866 3476 4922; x_wconf 85' lang='lat' dir='ltr'><strong>duce</strong></span> 
     </span>
    </p>
   </div>
   <div class='ocr_carea' id='block_1_102' title="bbox 191 4962 1770 5043">
    <p class='ocr_par' dir='ltr' id='par_1_102' title="bbox 191 4969 1770 5043">
     <span class='ocr_line' id='line_1_102' title="bbox 191 4969 1770 5043; baseline 0.001 -20"><span class='ocrx_word' id='word_1_704' title='bbox 191 4970 454 5040; x_wconf 74' lang='grc' dir='ltr'><strong>μίξαντες</strong></span> <span class='ocrx_word' id='word_1_705' title='bbox 514 4972 808 5043; x_wconf 64' lang='grc' dir='ltr'><strong>ἐκράτουν.</strong></span> <span class='ocrx_word' id='word_1_706' title='bbox 881 4969 943 5025; x_wconf 85' lang='lat'><strong>&#39;0</strong></span> <span class='ocrx_word' id='word_1_707' title='bbox 1014 4970 1072 5024; x_wconf 77' lang='grc' dir='ltr'><strong>δὲ</strong></span> <span class='ocrx_word' id='word_1_708' title='bbox 1135 4969 1245 5024; x_wconf 80' lang='grc' dir='ltr'><strong>τῶν</strong></span> <span class='ocrx_word' id='word_1_709' title='bbox 1305 4969 1539 5042; x_wconf 84' lang='grc' dir='ltr'><strong>Πάρθων</strong></span> <span class='ocrx_word' id='word_1_710' title='bbox 1626 4971 1770 5042; x_wconf 79' lang='grc' dir='ltr'><strong>βασι-</strong></span> 
     </span>
    </p>
   </div>
   <div class='ocr_carea' id='block_1_103' title="bbox 1873 4962 3474 5043">
    <p class='ocr_par' dir='ltr' id='par_1_103' title="bbox 1883 4962 3474 5034">
     <span class='ocr_line' id='line_1_103' title="bbox 1883 4962 3474 5034; baseline -0.008 -9"><span class='ocrx_word' id='word_1_711' title='bbox 1883 4985 1981 5026; x_wconf 91' lang='lat' dir='ltr'><strong>eos</strong></span> <span class='ocrx_word' id='word_1_712' title='bbox 2006 4968 2327 5032; x_wconf 89' lang='lat' dir='ltr'><strong>comitante,</strong></span> <span class='ocrx_word' id='word_1_713' title='bbox 2363 4966 2459 5021; x_wconf 87' lang='lat' dir='ltr'><strong>sed</strong></span> <span class='ocrx_word' id='word_1_714' title='bbox 2485 4963 2701 5020; x_wconf 85' lang='lat' dir='ltr'><strong>Herode</strong></span> <span class='ocrx_word' id='word_1_715' title='bbox 2732 4979 2841 5018; x_wconf 88' lang='lat' dir='ltr'><strong>non</strong></span> <span class='ocrx_word' id='word_1_716' title='bbox 2874 4963 3165 5034; x_wconf 86' lang='lat' dir='ltr'><strong>probante.</strong></span> <span class='ocrx_word' id='word_1_717' title='bbox 3208 4964 3287 5016; x_wconf 83' lang='lat' dir='ltr'><strong>Ac</strong></span> <span class='ocrx_word' id='word_1_718' title='bbox 3316 4962 3474 5031; x_wconf 87' lang='lat' dir='ltr'><strong>prin-</strong></span> 
     </span>
    </p>
   </div>
   <div class='ocr_carea' id='block_1_104' title="bbox 187 5060 1773 5136">
    <p class='ocr_par' dir='ltr' id='par_1_104' title="bbox 187 5060 1773 5136">
     <span class='ocr_line' id='line_1_104' title="bbox 187 5060 1773 5136; baseline 0.001 -22"><span class='ocrx_word' id='word_1_719' title='bbox 187 5062 330 5126; x_wconf 71' lang='grc' dir='ltr'><strong>λεῦς</strong></span> <span class='ocrx_word' id='word_1_720' title='bbox 352 5064 460 5136; x_wconf 72' lang='lat'><strong>(39)</strong></span> <span class='ocrx_word' id='word_1_721' title='bbox 517 5067 617 5119; x_wconf 66' lang='grc' dir='ltr'><strong>σὺν</strong></span> <span class='ocrx_word' id='word_1_722' title='bbox 648 5064 857 5134; x_wconf 82' lang='grc' dir='ltr'><strong>ὀλίγοις</strong></span> <span class='ocrx_word' id='word_1_723' title='bbox 893 5062 1155 5117; x_wconf 80' lang='grc' dir='ltr'><strong>ἱππεῦσιν</strong></span> <span class='ocrx_word' id='word_1_724' title='bbox 1206 5065 1287 5127; x_wconf 84' lang='grc' dir='ltr'><strong>εἰς</strong></span> <span class='ocrx_word' id='word_1_725' title='bbox 1313 5064 1413 5135; x_wconf 78' lang='grc' dir='ltr'><strong>τὴν</strong></span> <span class='ocrx_word' id='word_1_726' title='bbox 1435 5064 1591 5118; x_wconf 87' lang='grc' dir='ltr'><strong>πόλιν</strong></span> <span class='ocrx_word' id='word_1_727' title='bbox 1615 5060 1773 5135; x_wconf 74' lang='grc' dir='ltr'><strong>ἧκεν,</strong></span> 
     </span>
    </p>
   </div>
   <div class='ocr_carea' id='block_1_105' title="bbox 187 5154 1776 5229">
    <p class='ocr_par' dir='ltr' id='par_1_105' title="bbox 187 5154 1776 5229">
     <span class='ocr_line' id='line_1_105' title="bbox 187 5154 1776 5229; baseline -0.001 -19"><span class='ocrx_word' id='word_1_728' title='bbox 187 5155 284 5218; x_wconf 68' lang='grc' dir='ltr'><strong>ὡς</strong></span> <span class='ocrx_word' id='word_1_729' title='bbox 339 5157 473 5229; x_wconf 81' lang='grc' dir='ltr'><strong>τάχα</strong></span> <span class='ocrx_word' id='word_1_730' title='bbox 526 5157 885 5212; x_wconf 81' lang='grc' dir='ltr'><strong>κατευνάσων</strong></span> <span class='ocrx_word' id='word_1_731' title='bbox 944 5155 1043 5227; x_wconf 78' lang='grc' dir='ltr'><strong>τὴν</strong></span> <span class='ocrx_word' id='word_1_732' title='bbox 1098 5160 1311 5219; x_wconf 64' lang='grc' dir='ltr'><strong>στάσιν,</strong></span> <span class='ocrx_word' id='word_1_733' title='bbox 1360 5154 1423 5208; x_wconf 84' lang='grc' dir='ltr'><strong>τὸ</strong></span> <span class='ocrx_word' id='word_1_734' title='bbox 1494 5155 1539 5208; x_wconf 85' lang='grc' dir='ltr'><strong>δ’</strong></span> <span class='ocrx_word' id='word_1_735' title='bbox 1575 5156 1776 5225; x_wconf 79' lang='grc' dir='ltr'><strong>ἀληθὲς</strong></span> 
     </span>
    </p>
   </div>
   <div class='ocr_carea' id='block_1_106' title="bbox 188 5247 1779 5322">
    <p class='ocr_par' dir='ltr' id='par_1_106' title="bbox 188 5247 1779 5322">
     <span class='ocr_line' id='line_1_106' title="bbox 188 5247 1779 5322; baseline 0 -21"><span class='ocrx_word' id='word_1_736' title='bbox 188 5248 287 5312; x_wconf 77' lang='grc' dir='ltr'><strong>ὡς</strong></span> <span class='ocrx_word' id='word_1_737' title='bbox 313 5250 595 5322; x_wconf 79' lang='grc' dir='ltr'><strong>’Δντιγόνῳ</strong></span> <span class='ocrx_word' id='word_1_738' title='bbox 636 5248 1004 5320; x_wconf 78' lang='grc' dir='ltr'><strong>συμπράξων.</strong></span> <span class='ocrx_word' id='word_1_739' title='bbox 1054 5248 1343 5318; x_wconf 78' lang='grc' dir='ltr'><strong>Φασαήλου</strong></span> <span class='ocrx_word' id='word_1_740' title='bbox 1376 5248 1433 5301; x_wconf 77' lang='grc' dir='ltr'><strong>δὲ</strong></span> <span class='ocrx_word' id='word_1_741' title='bbox 1469 5247 1779 5313; x_wconf 82' lang='grc' dir='ltr'><strong>ξενίσαντος</strong></span> 
     </span>
    </p>
   </div>
   <div class='ocr_carea' id='block_1_107' title="bbox 1885 5055 3474 5134">
    <p class='ocr_par' dir='ltr' id='par_1_107' title="bbox 1885 5055 3474 5134">
     <span class='ocr_line' id='line_1_107' title="bbox 1885 5055 3474 5134; baseline -0.007 -17"><span class='ocrx_word' id='word_1_742' title='bbox 1885 5062 2033 5134; x_wconf 83' lang='lat' dir='ltr'><strong>eipio</strong></span> <span class='ocrx_word' id='word_1_743' title='bbox 2064 5078 2094 5116; x_wconf 87' lang='lat' dir='ltr'><strong>a</strong></span> <span class='ocrx_word' id='word_1_744' title='bbox 2142 5059 2615 5130; x_wconf 84' lang='lat' dir='ltr'><strong>Barzapharmane</strong></span> <span class='ocrx_word' id='word_1_745' title='bbox 2648 5057 2866 5113; x_wconf 89' lang='lat' dir='ltr'><strong>sincere</strong></span> <span class='ocrx_word' id='word_1_746' title='bbox 2895 5056 3129 5126; x_wconf 85' lang='lat' dir='ltr'><strong>accepti,</strong></span> <span class='ocrx_word' id='word_1_747' title='bbox 3180 5065 3304 5127; x_wconf 90' lang='lat' dir='ltr'><strong>post</strong></span> <span class='ocrx_word' id='word_1_748' title='bbox 3335 5055 3474 5108; x_wconf 86' lang='lat' dir='ltr'><strong>insi-</strong></span> 
     </span>
    </p>
   </div>
   <div class='ocr_carea' id='block_1_108' title="bbox 1887 5146 3475 5223">
    <p class='ocr_par' dir='ltr' id='par_1_108' title="bbox 1887 5146 3475 5223">
     <span class='ocr_line' id='line_1_108' title="bbox 1887 5146 3475 5223; baseline -0.006 -14"><span class='ocrx_word' id='word_1_749' title='bbox 1887 5155 1997 5209; x_wconf 85' lang='lat' dir='ltr'><strong>diis</strong></span> <span class='ocrx_word' id='word_1_750' title='bbox 2051 5152 2284 5223; x_wconf 87' lang='lat' dir='ltr'><strong>appetiti</strong></span> <span class='ocrx_word' id='word_1_751' title='bbox 2338 5160 2491 5214; x_wconf 86' lang='lat' dir='ltr'><strong>sunt,</strong></span> <span class='ocrx_word' id='word_1_752' title='bbox 2541 5149 2811 5206; x_wconf 85' lang='lat' dir='ltr'><strong>Phasaelo</strong></span> <span class='ocrx_word' id='word_1_753' title='bbox 2870 5158 3165 5219; x_wconf 88' lang='lat' dir='ltr'><strong>suspectos</strong></span> <span class='ocrx_word' id='word_1_754' title='bbox 3239 5146 3475 5201; x_wconf 87' lang='lat' dir='ltr'><strong>habente</strong></span> 
     </span>
    </p>
   </div>
   <div class='ocr_carea' id='block_1_109' title="bbox 1889 5237 3474 5312">
    <p class='ocr_par' dir='ltr' id='par_1_109' title="bbox 1889 5237 3474 5312">
     <span class='ocr_line' id='line_1_109' title="bbox 1889 5237 3474 5312; baseline -0.009 -9"><span class='ocrx_word' id='word_1_755' title='bbox 1889 5247 2179 5312; x_wconf 83' lang='lat' dir='ltr'><strong>barbaros,</strong></span> <span class='ocrx_word' id='word_1_756' title='bbox 2225 5260 2352 5300; x_wconf 89' lang='lat' dir='ltr'><strong>cum</strong></span> <span class='ocrx_word' id='word_1_757' title='bbox 2397 5259 2457 5301; x_wconf 85' lang='lat' dir='ltr'><strong>se</strong></span> <span class='ocrx_word' id='word_1_758' title='bbox 2503 5253 2678 5299; x_wconf 87' lang='lat' dir='ltr'><strong>noctu</strong></span> <span class='ocrx_word' id='word_1_759' title='bbox 2723 5243 2866 5300; x_wconf 84' lang='lat' dir='ltr'><strong>clam</strong></span> <span class='ocrx_word' id='word_1_760' title='bbox 2917 5240 3189 5298; x_wconf 87' lang='lat' dir='ltr'><strong>custodiri</strong></span> <span class='ocrx_word' id='word_1_761' title='bbox 3226 5237 3474 5293; x_wconf 80' lang='lat' dir='ltr'><strong>animad-</strong></span> 
     </span>
    </p>
   </div>
   <div class='ocr_carea' id='block_1_110' title="bbox 1386 5428 2240 5495">
    <p class='ocr_par' dir='ltr' id='par_1_110' title="bbox 1386 5428 2240 5495">
     <span class='ocr_line' id='line_1_110' title="bbox 1386 5428 2240 5495; baseline -0.002 -5"><span class='ocrx_word' id='word_1_762' title='bbox 1386 5428 1587 5492; x_wconf 69' lang='lat' dir='ltr'><strong>Variaa</strong></span> <span class='ocrx_word' id='word_1_763' title='bbox 1621 5428 1931 5495; x_wconf 87' lang='lat' dir='ltr'><strong>lectiones</strong></span> <span class='ocrx_word' id='word_1_764' title='bbox 1962 5438 2023 5490; x_wconf 90' lang='lat' dir='ltr'><strong>et</strong></span> <span class='ocrx_word' id='word_1_765' title='bbox 2056 5435 2240 5489; x_wconf 75' lang='lat' dir='ltr'><strong>noue.</strong></span> 
     </span>
    </p>
   </div>
   <div class='ocr_carea' id='block_1_111' title="bbox 280 5589 1784 5666">
    <p class='ocr_par' dir='ltr' id='par_1_111' title="bbox 280 5589 1784 5666">
     <span class='ocr_line' id='line_1_111' title="bbox 280 5589 1784 5666; baseline -0.006 -14"><span class='ocrx_word' id='word_1_766' title='bbox 280 5594 385 5666; x_wconf 76' lang='lat'><strong>(38)</strong></span> <span class='ocrx_word' id='word_1_767' title='bbox 417 5597 573 5666; x_wconf 82' lang='grc' dir='ltr'><strong>Ἄρτι</strong></span> <span class='ocrx_word' id='word_1_768' title='bbox 624 5593 745 5649; x_wconf 79' lang='grc' dir='ltr'><strong>τῶν</strong></span> <span class='ocrx_word' id='word_1_769' title='bbox 784 5593 983 5664; x_wconf 75' lang='grc' dir='ltr'><strong>ἄκρων</strong></span> <span class='ocrx_word' id='word_1_770' title='bbox 1020 5592 1291 5666; x_wconf 66' lang='grc' dir='ltr'><strong>ἐπιϐάντι</strong></span> <span class='ocrx_word' id='word_1_771' title='bbox 1323 5590 1433 5660; x_wconf 83' lang='grc' dir='ltr'><strong>τῆς</strong></span> <span class='ocrx_word' id='word_1_772' title='bbox 1483 5589 1784 5666; x_wconf 64' lang='grc' dir='ltr'><strong>Ἰουδαίων</strong></span> 
     </span>
    </p>
   </div>
   <div class='ocr_carea' id='block_1_112' title="bbox 187 5663 1785 5735">
    <p class='ocr_par' dir='ltr' id='par_1_112' title="bbox 187 5663 1785 5735">
     <span class='ocr_line' id='line_1_112' title="bbox 187 5663 1785 5735; baseline -0.003 -15"><span class='ocrx_word' id='word_1_773' title='bbox 187 5664 338 5735; x_wconf 80' lang='grc' dir='ltr'><strong>τῆς.</strong></span> <span class='ocrx_word' id='word_1_774' title='bbox 368 5663 567 5735; x_wconf 66' lang='grc' dir='ltr'><strong>Ἄκρα,</strong></span> <span class='ocrx_word' id='word_1_775' title='bbox 600 5667 717 5721; x_wconf 87' lang='lat' dir='ltr'><strong>sive</strong></span> <span class='ocrx_word' id='word_1_776' title='bbox 741 5663 1022 5730; x_wconf 85' lang='lat' dir='ltr'><strong>montana,</strong></span> <span class='ocrx_word' id='word_1_777' title='bbox 1069 5665 1184 5720; x_wconf 88' lang='lat' dir='ltr'><strong>sive</strong></span> <span class='ocrx_word' id='word_1_778' title='bbox 1235 5674 1515 5719; x_wconf 82' lang='lat' dir='ltr'><strong>extremos</strong></span> <span class='ocrx_word' id='word_1_779' title='bbox 1560 5663 1699 5717; x_wconf 84' lang='lat' dir='ltr'><strong>lines</strong></span> <span class='ocrx_word' id='word_1_780' title='bbox 1726 5670 1785 5718; x_wconf 90' lang='lat' dir='ltr'><strong>et</strong></span> 
     </span>
    </p>
   </div>
   <div class='ocr_carea' id='block_1_113' title="bbox 188 5736 876 5807">
    <p class='ocr_par' dir='ltr' id='par_1_113' title="bbox 188 5736 876 5807">
     <span class='ocr_line' id='line_1_113' title="bbox 188 5736 876 5807; baseline -0.007 -15"><span class='ocrx_word' id='word_1_781' title='bbox 188 5738 405 5792; x_wconf 79' lang='lat' dir='ltr'><strong>limites</strong></span> <span class='ocrx_word' id='word_1_782' title='bbox 436 5737 763 5807; x_wconf 71' lang='lat' dir='ltr'><strong>signiﬁcant.</strong></span> <span class='ocrx_word' id='word_1_783' title='bbox 788 5736 876 5792; x_wconf 85' lang='lat' dir='ltr'><strong>W.</strong></span> 
     </span>
    </p>
   </div>
   <div class='ocr_carea' id='block_1_114' title="bbox 285 5804 1782 5878">
    <p class='ocr_par' dir='ltr' id='par_1_114' title="bbox 285 5804 1782 5878">
     <span class='ocr_line' id='line_1_114' title="bbox 285 5804 1782 5878; baseline 0.001 -17"><span class='ocrx_word' id='word_1_784' title='bbox 285 5809 390 5878; x_wconf 73' lang='lat'><strong>(59)</strong></span> <span class='ocrx_word' id='word_1_785' title='bbox 430 5804 505 5863; x_wconf 44' lang='lat'><strong>&#39;0&#39;</strong></span> <span class='ocrx_word' id='word_1_786' title='bbox 542 5807 611 5861; x_wconf 75' lang='grc' dir='ltr'><strong>δὲ</strong></span> <span class='ocrx_word' id='word_1_787' title='bbox 664 5805 786 5862; x_wconf 78' lang='grc' dir='ltr'><strong>τῶν</strong></span> <span class='ocrx_word' id='word_1_788' title='bbox 844 5806 1093 5876; x_wconf 74' lang='grc' dir='ltr'><strong>Πάρθων</strong></span> <span class='ocrx_word' id='word_1_789' title='bbox 1144 5804 1468 5872; x_wconf 69' lang='grc' dir='ltr'><strong>βασιλεύς.</strong></span> <span class='ocrx_word' id='word_1_790' title='bbox 1507 5804 1782 5877; x_wconf 79' lang='lat' dir='ltr'><strong>Jusephus</strong></span> 
     </span>
    </p>
   </div>
   <div class='ocr_carea' id='block_1_115' title="bbox 1883 5578 3474 5660">
    <p class='ocr_par' dir='ltr' id='par_1_115' title="bbox 1883 5578 3474 5660">
     <span class='ocr_line' id='line_1_115' title="bbox 1883 5578 3474 5660; baseline -0.009 -14"><span class='ocrx_word' id='word_1_791' title='bbox 1883 5606 2041 5660; x_wconf 78' lang='lat' dir='ltr'><strong>teque</strong></span> <span class='ocrx_word' id='word_1_792' title='bbox 2073 5589 2346 5645; x_wconf 86' lang='lat' dir='ltr'><strong>obscurus</strong></span> <span class='ocrx_word' id='word_1_793' title='bbox 2372 5597 2456 5660; x_wconf 80' lang='lat' dir='ltr'><strong>est</strong></span> <span class='ocrx_word' id='word_1_794' title='bbox 2483 5588 2537 5644; x_wconf 93' lang='lat' dir='ltr'><strong>in</strong></span> <span class='ocrx_word' id='word_1_795' title='bbox 2569 5588 2674 5660; x_wconf 87' lang='lat' dir='ltr'><strong>hac</strong></span> <span class='ocrx_word' id='word_1_796' title='bbox 2711 5585 2968 5660; x_wconf 79' lang='lat' dir='ltr'><strong>Parthica</strong></span> <span class='ocrx_word' id='word_1_797' title='bbox 3005 5578 3378 5652; x_wconf 79' lang='lat' dir='ltr'><strong>expeditione,</strong></span> <span class='ocrx_word' id='word_1_798' title='bbox 3411 5584 3474 5632; x_wconf 91' lang='lat' dir='ltr'><strong>nt</strong></span> 
     </span>
    </p>
   </div>
   <div class='ocr_carea' id='block_1_116' title="bbox 1885 5656 3473 5732">
    <p class='ocr_par' dir='ltr' id='par_1_116' title="bbox 1885 5656 3473 5732">
     <span class='ocr_line' id='line_1_116' title="bbox 1885 5656 3473 5732; baseline -0.006 -18"><span class='ocrx_word' id='word_1_799' title='bbox 1885 5656 2142 5715; x_wconf 77' lang='lat' dir='ltr'><strong>videatur</strong></span> <span class='ocrx_word' id='word_1_800' title='bbox 2216 5658 2473 5732; x_wconf 69' lang='grc' dir='ltr'><strong>κυκεῶνα</strong></span> <span class='ocrx_word' id='word_1_801' title='bbox 2529 5659 2715 5732; x_wconf 90' lang='lat' dir='ltr'><strong>potius</strong></span> <span class='ocrx_word' id='word_1_802' title='bbox 2769 5656 3081 5722; x_wconf 84' lang='lat' dir='ltr'><strong>miscuisse,</strong></span> <span class='ocrx_word' id='word_1_803' title='bbox 3136 5663 3302 5722; x_wconf 82' lang='lat' dir='ltr'><strong>quam</strong></span> <span class='ocrx_word' id='word_1_804' title='bbox 3353 5662 3473 5706; x_wconf 82' lang='lat' dir='ltr'><strong>rem</strong></span> 
     </span>
    </p>
   </div>
   <div class='ocr_carea' id='block_1_117' title="bbox 1886 5730 2336 5802">
    <p class='ocr_par' dir='ltr' id='par_1_117' title="bbox 1886 5730 2336 5802">
     <span class='ocr_line' id='line_1_117' title="bbox 1886 5730 2336 5802; baseline -0.009 -13"><span class='ocrx_word' id='word_1_805' title='bbox 1886 5733 2208 5802; x_wconf 69' lang='lat' dir='ltr'><strong>esplicasse.</strong></span> <span class='ocrx_word' id='word_1_806' title='bbox 2244 5730 2336 5788; x_wconf 86' lang='lat' dir='ltr'><strong>W.</strong></span> 
     </span>
    </p>
   </div>
  </div>
