3918 6200
478 345 587 411 ns
620 418 651 441 κ

1746 350 2077 414 JOANNIS
2116 348 2444 415 ZONARIE

3652 352 3771 416 ιιθ

478 462 696 531 plenus,
730 461 980 519 Sossium
1009 464 1063 519 ei
1095 463 1425 534 opitulatum
1466 464 1547 520 ire
1576 464 1754 537 jubet.
1791 467 2065 538 Josephus

2191 466 2794 539 Ξαμὰρειαδῶρμησεν,
2827 469 2905 533 ὡς
2955 468 3107 541 μάχῃ
3161 467 3573 540 κριθησόμενος
3622 467 3769 538 πρδς

479 568 618 609 vero
663 555 837 610 frater
864 555 1100 611 Herodis
1140 556 1277 611 dum
1328 554 1743 612 llicricbuntcm
1784 568 2066 628 properat,

481 648 553 704 ab
581 647 840 717 Antigoni
872 648 1144 704 militibus
1184 648 1241 703 in
1272 650 1546 719 angustiis
1576 659 1865 721 exceptus,
1915 651 2073 708 forti-

482 747 570 791 ter
615 752 868 809 pugnans
913 738 1236 801 occumbit,
1291 739 1444 793 omni
1511 740 1715 793 amisso
1761 741 2013 795 exercitu
2051 758 2067 795 :

482 829 644 898 cujus
667 838 834 900 caput
854 840 1196 901 amputatum
1219 832 1533 903 Antigonus
1556 830 1715 886 fratri
1740 830 1888 888 illius
1908 833 2072 903 quin-

483 922 748 993 quaginta
775 924 998 979 talentis
1022 924 1294 980 vendidit.

2177 561 2514 628 Ἀντίγονον.
2540 561 2634 614 Ἐν
2660 559 2877 626 τούτοις
2908 560 2966 615 δὲ
2993 565 3260 626 πεσόντος
3292 561 3552 632 Πακόρου
3581 562 3643 613 ἐν
3668 578 3770 613 πο·

2165 649 2339 722 λέμῳ,
2379 651 2613 706 καὶτῶν
2646 651 2878 723 Πάρθων
2903 654 3233 725 τραπέντων
3270 654 3375 708 ύπδ
3432 653 3768 723 Ῥωμαίων,

2170 743 2379 812 πέμπει
2412 742 2495 816 τῷ
2525 742 2743 818 Ἡρώδῃ
2768 745 2966 817 βοηθὸν
2998 747 3300 819 Μαχαιρᾶν
3326 747 3425 800 σὺν
3468 744 3715 817 στρατιᾷ
3743 746 3772 796 6

2169 834 2463 898 Βενδίδιος.
2501 835 2612 889 Καὶ
2654 837 2833 907 τούτῳ
2872 837 2971 908 μέν
2995 838 3025 891 ό
3081 838 3336 909 Ἡρώδης
3366 838 3460 892 τὸν
3526 836 3771 905 ἀδελφὸν

2169 926 2373 998 Ἰωσὴφ
2411 928 2823 994 καταλέλοιπεν,
2893 930 3280 1000 ἐντειλάμενος
3330 931 3409 1001 μὴ
3460 928 3770 983 ἀποκινδυο

485 1018 690 1087 νεύειν,
749 1020 886 1092 μηδέ
943 1020 1023 1092 τῷ
1059 1020 1320 1092 Μαχαιρᾷ
1357 1020 1754 1093 διαφέρεσθαι·
1809 1022 1977 1084 αὐτὸς
2037 1021 2098 1076 δὲ
2140 1022 2278 1095 πρὸς
2316 1024 2604 1079 Ἀντώνιον
2650 1027 2903 1091 ἔσπευδε,
2974 1028 3378 1099 πολιορκοῦντα
3431 1024 3767 1096 Σαμόσατα,

488 1114 645 1170 πόλιν
664 1116 774 1169 τῶν
804 1118 1305 1188 παρευφρατιδίων.
1365 1117 1454 1181 Ὠς
1491 1117 1549 1171 δὲ
1583 1116 1817 1188 ἦγγιζεν
1843 1120 1872 1172 ό
1914 1117 2186 1189 Ἡρώδης,
2252 1119 2463 1190 πέμπει
2515 1120 2575 1173 τὸ
2623 1123 2943 1192 στράτευμα
2983 1122 3438 1191 ὑπαντησόμενον
3502 1117 3665 1188 αὐτῷ
3739 1117 3768 1169 ό

487 1208 798 1273 Ἀντώνιος.
831 1212 929 1265 καὶ
958 1212 1204 1280 παρόντα
1227 1212 1529 1281 ὴσπάζετο,
1563 1214 1655 1265 καὶ
1719 1212 1931 1280 Σοσσίῳ
1998 1216 2311 1283 συμμαχεῖν
2377 1212 2527 1283 αὐτῷ
2571 1213 2883 1267 ἐνετέλλετο
2911 1229 2928 1245 ο
2968 1214 3063 1267 καὶ
3093 1214 3154 1276 ὃς
3198 1214 3257 1266 τὸ
3314 1209 3763 1279 κεκελευσμένον

490 1301 750 1374 ἐπλήρου.
780 1303 980 1375 Ἰωσὴφ
1029 1302 1087 1358 δὶ
1132 1304 1160 1357 ὁ
1211 1303 1442 1372 ἀδελφὸς
1483 1302 1748 1372 Ἡρώδου,
1801 1305 1894 1356 ἐπὶ
1940 1301 2272 1374 Ἱεριχοῦντα
2303 1302 2572 1370 σπεύδων,
2637 1303 2965 1374 περιπίπτει
3006 1305 3121 1367 τοῖς
3170 1303 3515 1371 Ἀντιγόνου,
3552 1297 3655 1351 καὶ
3709 1305 3771 1363 ἐν

490 1397 818 1469 δυσχωρίαις
843 1398 1206 1469 ἀποληφθεὶς,
1241 1396 1466 1470 θνήσκει
1513 1400 1782 1465 γενναίως
1815 1397 2146 1468 μαχόμενος,
2212 1401 2307 1451 καὶ
2340 1399 2486 1453 ἆπαν
2523 1398 2766 1470 ἀπέϐαλε
2806 1399 2867 1452 τὸ
2898 1398 3244 1470 στράτευμα.
3309 1399 3637 1468 Ἀντιγονος
3686 1402 3770 1471 δὲ,

487 1494 592 1561 τὴν
619 1491 787 1545 αὑτοῦ
828 1490 1013 1562 τεμὼν
1053 1491 1322 1563 κεφαλὴν,
1362 1491 1442 1561 τῷ
1506 1490 1723 1563 ἀδελφῷ
1763 1492 1931 1547 αὑτοῦ
1970 1491 2202 1563 Φερώρᾳ
2227 1491 2529 1545 ἀποδίδωσι
2557 1492 2839 1547 ταλάντων
2876 1493 3248 1562 πεντήκοντα.

563 1587 660 1645 XI.
687 1586 894 1644 Galiltei
924 1602 1149 1659 quoque
1190 1603 1291 1659 per
1333 1589 1703 1645 defectionem
1730 1587 2081 1643 Herodianus

492 1684 548 1738 in
585 1682 704 1736 lacu
758 1681 1166 1744 demerserunt,
1216 1682 1498 1753 multaque
1542 1683 1598 1737 in
1642 1682 1825 1739 Judtea
1878 1692 2080 1737 novata

491 1786 641 1832 sunt.
662 1775 875 1844 Quibus
923 1777 1088 1833 rebus
1122 1793 1228 1831 una
1278 1793 1403 1833 cum
1452 1777 1601 1833 caede
1644 1764 1831 1834 fratris
1884 1778 1938 1832 in
1973 1778 2078 1832 Da-

2251 1588 2351 1642 IA'.
2391 1587 2757 1669 Ἀπξστάντες
2785 1587 2842 1641 δέ
2869 1588 2919 1640 οί
2967 1584 3269 1651 Γαλιλαῖοι,
3297 1587 3425 1652 τοὺς
3458 1588 3529 1642 τὰ
3584 1590 3773 1661 Ἠρώ-

2174 1681 2264 1734 δου
2305 1679 2641 1749 φρονοῦντας
2670 1681 2728 1731 ὲν
2757 1681 2823 1750 τῇ
2860 1678 3030 1751 λίμνῃ
3050 1680 3505 1745 κατεπόντωσαν,
3533 1683 3634 1736 καὶ
3667 1686 3772 1755 τῆς

2175 1772 2442 1836 Ἰουδαίας
2498 1771 2861 1842 ἐνεωτερίσθη
2925 1771 3121 1827 πτιλλὰ.
3176 1771 3419 1844 Ἠγγὲλη
3476 1774 3536 1827 δέ
3588 1775 3777 1831 ταῦτα

491 1870 638 1940 phne
662 1869 968 1925 Antiochiae
1003 1870 1295 1932 nuntiatis,
1326 1868 1573 1924 llerodes
1607 1886 1846 1941 propere
1881 1870 1935 1924 in
1962 1868 2060 1925 Ga-

2191 1864 2398 1938 Ἰῐρώδῃ
2434 1867 2529 1918 καὶ
2561 1868 2593 1935 ἠ
2646 1864 2742 1918 τοῦ
2782 1864 3020 1935 ἀδελφοῦ
3061 1864 3292 1937 τελευτὴ
3343 1867 3402 1918 ἐν
3436 1866 3632 1939 Δάφνῃ
3673 1868 3775 1938 τῆς

492 1962 686 2016 lilmam
716 1962 1018 2033 profectus,
1052 1963 1310 2017 hostibus
1343 1962 1665 2032 proﬂigatis,
1707 1974 1762 2018 et
1792 1963 1847 2018 in
1874 1963 2075 2018 castel-

491 2055 604 2110 lum
647 2054 922 2124 quoddatn
968 2056 1289 2127 compulsis,
1332 2057 1748 2112 Hierichuntem
1792 2055 2077 2113 contendit

492 2146 558 2199 a:l
613 2160 803 2200 necem
863 2145 1049 2200 fratris
1109 2146 1505 2201 ulciscendam.
1570 2148 1881 2217 Antigonus
1946 2161 2079 2201 vero

492 2237 678 2306 Pappo
708 2236 850 2291 duce
880 2252 1005 2291 cum
1047 2237 1223 2307 copiis
1273 2236 1340 2291 ad
1394 2238 1699 2292 Samariam
1741 2238 1931 2302 misso,
1958 2237 2101 2306 opi-'

494 2330 717 2385 nionem
745 2328 1002 2385 hostibus
1033 2343 1154 2384 eam
1184 2329 1384 2383 aiferre
1409 2329 1606 2395 voluit,
1632 2328 1789 2399 quasi
1824 2328 1878 2382 in
1910 2344 2077 2397 opum

494 2420 772 2475 allluentia
819 2420 1023 2477 bellum
1071 2430 1307 2493 gereret.
1341 2420 1448 2476 Sed
1500 2419 1745 2476 Herodes
1793 2421 1917 2476 illos
1959 2422 2077 2476 acie

495 2516 672 2569 vietos
711 2514 766 2568 in
811 2514 994 2569 vicum
1044 2523 1395 2585 persecutus,
1439 2528 1632 2569 omnes
1687 2513 1890 2569 occidit
1940 2528 2081 2583 quos

495 2603 724 2674 adipisci
759 2605 939 2675 potuit
972 2622 987 2660 :
1028 2621 1267 2676 cumque
1300 2606 1446 2661 aedes
1471 2604 1699 2661 armatis
1734 2604 2080 2674 compleren-

497 2708 612 2762 tur,
638 2707 695 2754 et
721 2698 877 2754 multi
907 2698 961 2752 in
986 2699 1268 2769 superiora
1298 2697 1680 2769 confugerent.
1702 2697 1862 2753 teetis
1881 2697 2079 2751 azdium

496 2791 816 2856 destructis,
854 2790 1131 2862 lapidibus
1160 2791 1364 2847 milites
1392 2793 1486 2861 qui
1520 2789 1662 2845 infra
1693 2800 1854 2845 erant
1878 2789 2081 2845 obruit.

499 2880 576 2935 Ea
619 2896 676 2935 re
721 2880 963 2936 hostium
1000 2883 1216 2938 animos
1256 2882 1333 2937 ita
1381 2881 1565 2953 fregit,
1624 2891 1684 2936 ut
1725 2881 1909 2936 statim
1956 2895 2081 2935 cum

497 2973 743 3027 exercitu
767 2972 1145 3045 Hierosolyma
1187 2973 1397 3028 intrare
1437 2972 1700 3041 potuerit,
1728 2971 1832 3027 nisi
1867 2982 2084 3041 tempe-

499 3070 642 3118 state
683 3078 878 3134 magna
902 3063 1202 3135 impeditus
1242 3073 1409 3120 esset.
1448 3064 1517 3119 Et
1563 3063 1691 3134 quia
1736 3064 1846 3133 jam
1896 3078 2082 3133 serum

498 3165 640 3222 erat,
693 3155 748 3211 in
793 3157 1126 3212 domuncula
1190 3157 1427 3229 quadam
1480 3157 1649 3223 lavit,
1703 3173 1811 3212 uno
1870 3164 2081 3210 tantum

503 3265 676 3320 puero
726 3250 1077 3307 ministrante

501 3341 713 3411 aliquot
741 3358 809 3397 ex
831 3342 1085 3397 hostibus
1117 3343 1312 3397 armati
1338 3358 1397 3398 se
1426 3342 1779 3398 abdiderant.
1811 3343 1949 3396 Dum
1987 3341 2090 3412 igi-

505 3439 596 3485 tur
649 3447 744 3487 rex
780 3431 948 3498 lavat,
994 3449 1140 3489 unus
1197 3435 1395 3489 stricto
1463 3432 1646 3504 gladio
1712 3432 2087 3503 progreditur,

505 3524 706 3579 deinde
729 3526 891 3593 alter,
916 3535 1038 3596 post
1064 3526 1224 3598 233
1250 3528 1414 3589 alius,
1443 3529 1637 3584 eodem
1668 3527 1830 3582 modo
1853 3525 2084 3581 armati:

504 3628 686 3686 neque
718 3625 896 3672 tamen
931 3633 1265 3689 quemquam
1315 3627 1727 3691 percusserunt,
1764 3630 1825 3674 ΠΙ.
1855 3618 1909 3673 in
1939 3626 2086 3673 metu

506 3711 739 3767 salutem
793 3713 1111 3782 quaesivisse
1154 3714 1422 3770 contenti.
1471 3713 1795 3784 Huiusmodi
1837 3713 2084 3785 periculo

504 3804 732 3871 evitato,
768 3806 1035 3875 postridie
1062 3806 1231 3878 Pappi
1254 3809 1365 3879 jam
1393 3805 1671 3862 interfecti
1703 3816 1867 3876 caput
1899 3820 2091 3874 ampu-

509 3904 704 3962 tatum,
755 3898 1013 3953 Pherora:
1076 3881 1231 3954 fratri
1287 3915 1387 3969 pro
1417 3898 1643 3969 Josephi
1692 3899 1869 3968 capite
1916 3897 2086 3962 misit,

508 3989 677 4062 l’appi
722 3992 975 4047 manibus
1012 3993 1309 4051 interfecti.
1353 3994 1707 4063 Tempestate
1740 3991 1950 4057 sedata,
1996 4005 2090 4045 ca-

508 4084 638 4138 stris
682 4084 927 4155 proxime
975 4084 1348 4158 llicrosolyma
1394 4088 1698 4152 collocatis,
1735 4094 1789 4142 et
1836 4101 1965 4140 cura
1994 4099 2092 4151 pa-

513 4176 697 4233 randa:
739 4178 1048 4234 obsidionis
1109 4180 1275 4235 certis
1313 4179 1633 4234 hominibus
1668 4178 1946 4240 mandata,
1997 4176 2094 4231 Sa-

510 4271 739 4325 mariam
787 4271 926 4339 abit,
959 4279 1015 4326 ut
1066 4287 1190 4327 cum
1240 4272 1532 4353 Alexandri
1582 4271 1691 4325 filia
1743 4285 1940 4339 sponsa
1994 4284 2091 4322 sua

511 4365 924 4419 concumberet.
961 4363 1181 4434 Nuptiis
1212 4364 1501 4430 absolutis,
1531 4374 1588 4419 et
1626 4364 1743 4433 ipse
1779 4372 1837 4417 et
1875 4360 2094 4416 Sossius

512 4471 640 4510 cum
677 4456 922 4512 exercitu
960 4457 1026 4511 ad
1066 4457 1572 4528 Hierosolymorum
1602 4456 1803 4512 mcenia
1840 4453 2092 4525 profecti,

1138 3269 1152 3307 :
1197 3251 1251 3305 in
1301 3251 1459 3323 cujus
1507 3250 1825 3305 interiorem
1869 3262 2079 3320 partem
2112 3234 2154 3289 ο

2178 1957 2532 2028 Ἀντιοχείας.
2569 1956 2947 2027 Ἐπειγομένῳ
2971 1952 3087 2023 οὖν,
3128 1956 3206 2020 ὡς
3262 1957 3405 2013 κατά
3460 1958 3777 2013 Γαλιλαίαν

2178 2050 2417 2117 ἐγένετο,
2460 2051 2803 2120 συνήντησαν
2843 2048 2998 2119 αύτῷ
3032 2049 3085 2101 oi
3136 2048 3416 2120 πολέμιοι,
3461 2050 3561 2103 καὶ
3604 2054 3781 2122 ἡττη-

2180 2141 2385 2207 θέντες,
2418 2139 2888 2211 κατεκλείσθησαν
2922 2140 3004 2203 είς
3032 2157 3085 2193 τι
3116 2142 3340 2211 χωρίον.
3379 2142 3440 2195 Ὀ
3470 2142 3531 2195 δὲ
3563 2143 3779 2197 ἔσπευ-

2179 2233 2268 2287 δεν
2316 2235 2398 2296 είς
2442 2231 2799 2301 Ἱεριχοῦντα,
2854 2232 3281 2304 τιμωρήσασθαι
3330 2232 3506 2287 θέλων
3567 2236 3783 2301 αὐτοὺς

2180 2325 2268 2379 διὰ
2296 2326 2388 2378 τὸν
2421 2323 2667 2393 ἀδελφόν.
2711 2324 3017 2391 Ἀντίγονος
3065 2323 3121 2377 δὲ
3167 2325 3262 2378 ἐπ)⁸
3294 2325 3393 2397 τὴν
3441 2325 3783 2398 Σαμάρειαν

2181 2418 2395 2488 πέμπει
2450 2417 2765 2488 στρατηγὸν
2820 2418 3055 2471 Πάππον
3117 2417 3292 2486 ὄνομα
3351 2421 3451 2472 σὺν
3513 2418 3783 2490 δυνάμει,

2182 2510 2441 2582 παρέχων
2502 2511 2619 2573 τοῖς
2689 2510 2960 2574 ἐναντίοις
3024 2509 3184 2577 δόξαν
3256 2509 3643 2582 πολεμοῦντος
3716 2515 3780 2566 ἐκ

2185 2608 2527 2680 περιουσίας.
2566 2609 2678 2663 Καὶ
2727 2607 2978 2681 Ἡρώδης
3025 2605 3193 2681 ἦλθεν
3233 2610 3328 2663 ἐπὶ
3371 2609 3462 2663 τὸν
3516 2611 3787 2679 Πάππον,

2183 2704 2278 2756 καὶ
2310 2701 2605 2769 συμϐαλὼν
2658 2704 2774 2767 τοῖς
2832 2700 3114 2772 πολεμίοις
3167 2704 3387 2772 κρατεῖ,
3438 2703 3539 2756 καὶ
3578 2705 3779 2757 εἵπετο

2184 2795 2477 2864 φεύγουσιν
2508 2799 2589 2858 είς
2613 2794 2713 2866 τὴν
2739 2793 2958 2866 κώμην,
2981 2793 3208 2849 κτείνων
3238 2794 3334 2859 οὓς
3355 2795 3423 2851 ἂν
3444 2796 3778 2851 καταλάϐοι.

2184 2887 2641 2958 Πεπληρωμένων
2672 2886 2729 2941 δὲ
2764 2886 2875 2941 τῶν
2915 2888 3106 2941 οίκιῶν
3136 2887 3399 2956 ὁπλιτῶν,
3433 2888 3535 2942 καλ⁸
3558 2889 3781 2943 πολλῶν

2184 2982 2278 3034 ἐπὶ
2307 2980 2407 3044 τὰς
2458 2982 2660 3050 στέγας
2705 2974 3152 3050 ἀναφευγόντων,
3196 2983 3324 3048 τοὺς
3372 2982 3616 3055 ὀρόφους
3674 2986 3789 3039 τῶν

2185 3072 2351 3127 οἴκων
2392 3072 2697 3145 καθαιρῶν,
2734 3072 2962 3141 ἐκράτεε
3016 3072 3245 3127 τούτων.
3296 3074 3785 3146 Καθαιρουμένων

2186 3166 2242 3219 δὲ
2273 3166 2382 3221 τῶν
2398 3166 2635 3237 ὀρόφων,
2679 3166 2891 3232 ἔμπλεα
2922 3166 3176 3235 ἑωρῶντο
3205 3167 3271 3220 τά
3304 3167 3459 3220 κάτω
3507 3184 3787 3238 στρατιω-

2187 3257 2321 3321 τῶν,
2356 3256 2449 3322 οὓς
2480 3257 2649 3322 λίθοις
2682 3258 2888 3313 ἀνωθεν
2919 3257 3179 3330 βαλόντες
3214 3257 3480 3311 ἔκτεινον.
3509 3257 3693 3312 Τοῦτο
3720 3259 3785 3312 τά

2188 3349 2298 3404 τῶν
2352 3349 2631 3420 πολεμίων
2678 3352 3008 3420 φρονήματα
3075 3349 3347 3419 ἔθραυσεο
3408 3341 3684 3422 καῖἦκεν
3717 3351 3783 3407 ἀν

2190 3443 2270 3502 είς
2307 3441 2660 3513 Ἱεροσόλυμα
2697 3443 2726 3496 ὁ
2760 3441 3010 3516 Ἡρώδης
3042 3441 3182 3513 μετά
3215 3445 3315 3514 τῆς
3366 3446 3634 3515 στρατιᾶς
3684 3444 3782 3497 αύ-

2189 3531 2335 3597 τίκα,
2367 3532 2465 3586 καλ.
2494 3532 2556 3586 τὸ
2583 3536 2691 3587 πᾶν
2719 3533 3103 3607 ἐξειργάσατο,
3137 3535 3184 3586 εί
3220 3533 3295 3604 μὴ
3326 3532 3540 3603 χειμὼν
3575 3533 3780 3605 ἐπέσχε

2191 3623 2377 3694 βαθύς.
2398 3625 2531 3678 Τότε
2556 3625 2713 3694 ditia;
2730 3624 2919 3694 οὔσης,
2949 3625 2979 3677 ὁ
3009 3623 3263 3695 βασιλεὺς
3298 3625 3579 3695 Ἡρώδης,
3620 3626 3701 3690 εἷς
3730 3644 3780 3679 τι

2189 3713 2460 3783 δωμάτιον
2495 3715 2777 3779 εἰσελθὼν,
2812 3715 2945 3786 περὶ
2972 3714 3203 3786 λουτρὸν
3237 3711 3329 3786 ἦν,
3366 3717 3460 3768 καὶ
3496 3715 3780 3770 ἀποδυσά-

2195 3824 2357 3877 μενος
2391 3806 2627 3868 ἐλούετο,
2682 3807 2802 3871 ἐνὸς
2836 3807 2989 3878 αύτῷ
3040 3807 3499 3879 ύπηρετουμένου
3551 3808 3778 3867 παιδόςο

2192 3900 2334 3953 κατά
2360 3899 2415 3953 δέ
2445 3917 2509 3968 γε
2543 3899 2604 3954 τδ
2636 3900 2918 3969 ἐνδότερον
2944 3899 3155 3972 οἴκημα
3186 3900 3298 3954 τῶν
3321 3899 3606 3968 πολεμίων
3637 3900 3779 3963 τινὲς

2195 3993 2645 4061 συμπεφευγότες
2691 3990 3050 4061 ὡπλισμένοι,
3088 3993 3208 4045 ἐκεῖ
3248 3992 3339 4046 διά
3401 3992 3570 4062 φόϐον
3620 3992 3782 4063 ἐκρύ-

2194 4100 2410 4140 πτοντο.
2442 4083 2553 4138 Καὶ
2585 4082 2792 4154 μεταξὺ
2823 4083 3121 4155 λουομένου
3142 4083 3235 4138 τοῦ
3263 4084 3557 4156 βασιλέως,
3590 4078 3673 4150 είς
3697 4102 3781 4149 τις

2194 4175 2552 4247 ἐπεξέρχεται
2611 4176 2765 4245 ξίφος
2816 4176 2958 4248 ἔχων
3011 4177 3242 4248 γυμνὸν,
3302 4178 3396 4232 καὶ
3454 4195 3560 4247 μετ
3619 4179 3779 4233 αυτίιν

2196 4268 2378 4335 ἄλλος,
2411 4268 2506 4322 καὶ
2536 4264 2694 4330 αὖθις
2727 4268 2941 4341 ἕτερος,
2967 4270 3171 4339 ὁμοίως
3198 4268 3564 4340 ὠπλισμένοι,
3592 4272 3779 4325 οὐδένα

2198 4359 2500 4429 πλήξαντες
2546 4359 2653 4413 ύπδ
2688 4359 2867 4427 δέους,
2900 4359 3233 4429 ἀγαπῶντες
3265 4358 3322 4413 δὲ
3373 4361 3423 4413 εί
3472 4361 3632 4414 αὐτοὶ
3674 4377 3779 4413 σω-

2197 4449 2363 4506 θείεν.
2393 4449 2651 4504 Τοιοῦτον
2706 4450 2877 4519 ἔφυγε
2926 4451 3174 4505 κίνδυνον
3218 4449 3250 4505 6
3298 4450 3578 4523 Ἡρώδης.
3610 4453 3689 4523 Τῇ
3719 4451 3778 4504 δὲ

514 4549 806 4619 aggeribus
850 4549 1126 4614 excitatis,
1183 4549 1548 4618 adductisque
1601 4547 1875 4602 machinis
1931 4560 2088 4599 muro

2200 4543 2468 4615 ὑστεραίᾳ
2510 4543 2610 4613 τὴν
2660 4542 2755 4597 τοῦ
2814 4543 3055 4598 Πάππου
3112 4542 3295 4615 τεμὼν
3344 4544 3621 4615 κεφαλὴν,
3677 4542 3777 4616 ἤδη

515 4640 750 4711 deiecto,
785 4640 854 4696 iis
878 4640 973 4710 qui
1014 4640 1165 4694 intus
1206 4650 1364 4694 erant
1407 4654 1471 4693 ex
1505 4638 1887 4708 desperatione
1924 4637 2097 4708 magis

517 4745 681 4800 quam
712 4731 944 4786 consilio
983 4730 1372 4786 resistentibus
1401 4747 1415 4783 :
1459 4729 1697 4800 primum
1739 4727 1933 4799 viginti
1967 4729 2096 4784 lecti

517 4824 741 4884 milites.
771 4823 970 4879 deinde
998 4823 1167 4879 Sossii
1196 4822 1550 4880 centuriones
1585 4821 1788 4878 uicinia
1831 4836 2100 4876 conscen-

518 4917 672 4974 dere.
706 4919 781 4974 Ac
817 4918 969 4988 prior
999 4933 1195 4972 murus
1235 4916 1437 4972 diebus
1479 4915 1862 4987 quadraginta,
1916 4921 2103 4983 poste-

520 5012 635 5066 rior
669 5012 983 5082 quindecim
1011 5019 1095 5066 est
1126 5020 1490 5083 expugnatus.
1532 5010 1707 5079 Capto
1738 5006 1906 5063 etiam
1950 5018 2102 5062 euc-

523 5107 667 5160 riore
700 5105 925 5176 templo,
955 5114 1011 5160 et
1043 5104 1182 5160 urbe
1217 5103 1505 5166 inferiore,
1540 5102 1596 5157 in
1650 5101 1913 5171 templum
1959 5100 2103 5155 inte-

524 5200 641 5253 rius
670 5208 726 5253 et
756 5198 1100 5270 superiorem
1127 5198 1319 5253 urbem
1358 5196 1747 5266 confugerunt.
1779 5194 1849 5249 iis
1883 5208 2102 5264 quoque

522 5290 869 5361 expugnatis,
905 5290 1149 5345 ezedibus
1184 5288 1388 5345 referta
1434 5288 1660 5343 fuerunt
1702 5285 1908 5343 omnia.
1949 5286 2105 5341 Anti-

480 5382 481 5389 “
525 5397 703 5453 genus
727 5397 859 5437 vero
904 5397 1082 5449 neque
1113 5380 1403 5453 prmseulis
1434 5396 1612 5450 neque
1641 5379 1889 5450 pristina:
1930 5378 2095 5431 tortu.

525 5492 613 5532 na:
644 5489 873 5543 memor,
923 5476 1061 5530 turri
1107 5475 1321 5533 relicta.
1372 5474 1561 5531 Sossio
1601 5474 1829 5543 supplex
1883 5471 2102 5526 accidit.

525 5571 701 5639 Quem
742 5570 853 5632 ille,
899 5578 1062 5624 tautre
1113 5568 1434 5624 mutationis
1483 5567 1619 5622 nihil
1662 5565 1941 5627 misertus,
1979 5576 2104 5617 cum

531 5664 728 5734 plausu
758 5676 1043 5733 manuum,
1090 5658 1418 5733 Antigoncm
1457 5659 1715 5731 appellat,
1763 5667 1820 5712 et
1859 5657 2103 5711 vinctum

533 5759 591 5813 in
633 5768 787 5813 enati
809 5758 939 5811 limi
962 5756 1149 5812 tradit.
1184 5755 1429 5811 llerodcs
1450 5755 1631 5811 socius
1661 5752 1727 5809 ad
1763 5751 2026 5821 templum
2053 5758 2107 5803 et

535 5850 761 5906 sacrarii
804 5850 1030 5924 adytum
1076 5849 1431 5922 spectandum
1479 5856 1861 5922 properantes,
1907 5842 2106 5915 partim

2200 4637 2576 4709 ἀνῃρημένου,
2610 4635 2827 4706 έπεμψε
2860 4635 3092 4709 Φερώρᾳ
3125 4637 3204 4707 τῷ
3243 4636 3462 4707 ἀδελφῷ
3512 4638 3637 4692 ἀντί⁵
3680 4639 3776 4707 τῆς

2199 4729 2294 4784 τοῦ
2320 4730 2524 4800 Ἰωσὴφ
2553 4729 2799 4801 κεφαλῆς
2822 4745 2836 4760 ο
2870 4721 3031 4793 οὗτος
3057 4729 3169 4798 γὰρ
3194 4722 3263 4798 ἦν
3289 4730 3317 4782 ό
3342 4714 3602 4794 Πάππος,
3628 4726 3778 4781 αὑτό-

2200 4840 2324 4895 χειρ
2365 4822 2576 4876 ἐκείνου
2616 4821 2939 4892 γενόμενος.
2969 4818 3251 4891 Λήξαντος
3276 4820 3333 4875 δέ
3358 4822 3456 4874 τοῦ
3493 4822 3775 4893 χειμῶνος.

2200 4914 2431 4982 ἀφίκετο
2463 4915 2599 4986 πρὸς
2646 4913 3016 4986 Ἱεροσόλυμα,
3049 4915 3141 4967 καὶ
3168 4913 3660 4984 στρατοπεδεύεται
3682 4913 3774 4982 τῆς

2204 5006 2413 5069 πόλεως
2448 5007 2678 5076 ἔγγιστα
2705 5022 2721 5038 ·
2751 5007 2849 5059 καὶ
2879 5003 3200 5059 καταλιπὼν
3224 5004 3343 5058 ἐκεῖ
3375 5006 3505 5070 τοὺς
3548 5005 3619 5058 τά
3647 5003 3774 5074 πρὸς

2202 5100 2301 5171 τὴν
2330 5100 2650 5172 πολιορκίαν
2684 5101 3104 5171 ἐτοιμάσοντας,
3135 5097 3301 5161 αὐτὸς
3348 5099 3432 5162 είς
3463 5099 3774 5168 Σαμάρειαν

2202 5193 2398 5265 ᾤχετο,
2426 5197 2494 5266 τῇ
2528 5193 2888 5264 Ἀλεξάνδρου
2916 5191 3153 5260 θυγατρὶ
3182 5190 3773 5262 συνευνασθησόμενος,

2205 5287 2306 5358 ἤδη
2364 5286 2804 5357 κατεγγυηθείσῃ
2853 5284 3026 5354 αὐτῷ,
3075 5283 3152 5346 ὼς
3186 5283 3494 5353 ἱστόρηται.
3545 5281 3689 5337 Μετά
3714 5280 3773 5332 δὲ

2205 5380 2333 5441 τοὺς
2367 5378 2580 5447 γάμους
2627 5377 2858 5446 ἀφίκετο
2909 5379 2973 5430 ἐκ
3010 5376 3349 5447 Σαμαρείας.
3391 5370 3541 5429 Ἧκε
3582 5376 3635 5428 δὲ
3680 5373 3775 5427 ain

2209 5473 2440 5541 στρατιᾷ
2467 5471 2557 5524 καὶ
2579 5473 2606 5523 ὁ
2631 5469 2880 5533 Σόσσιος,
2902 5469 2998 5522 καὶ
3025 5468 3160 5539 πρὸς
3186 5467 3249 5521 τὸ
3271 5469 3454 5539 τεῖχος
3483 5467 3593 5521 τῶν
3622 5466 3765 5533 Ἰερο

2211 5562 2464 5633 σολύμων
2497 5560 2842 5632 ἠθροίζοντο,
2879 5561 2975 5613 καὶ
3021 5559 3256 5629 χώματα
3306 5560 3641 5631 ἐγείραντες,
3681 5555 3776 5608 καὶ

2211 5652 2637 5723 πολιορκητικάς
2702 5648 2957 5721 μηχανὰς
3022 5649 3426 5719 προσάγοντες,
3492 5649 3553 5703 τὸ
3606 5649 3776 5715 τεῖχος

2212 5745 2517 5801 κατέσειον.
2554 5744 2667 5797 Καὶ
2709 5743 2759 5795 οἱ
2794 5743 2947 5805 ἐντὸς
2984 5741 3040 5795 δέ
3077 5741 3307 5813 ἀπονοίᾳ⁵
3343 5743 3549 5812 μᾶλλον
3581 5742 3611 5811 ἦ
3640 5755 3777 5808 προς

2213 5842 2331 5912 νοίξι
2385 5837 2840 5896 ἀντικαθίσταντο
2891 5835 3400 5911 στρατηγούμενον
3433 5836 3777 5893 ἀναϐαίνουσι
