3868 6198
149 324 260 387 τῖθ

1431 323 1834 385 ANNALIUM
1884 327 2034 387 LIB.
2076 331 2142 388 V.

3320 335 3427 397 ίτῖθ

149 440 261 494 λῶν
289 437 455 508 μόνον
486 436 731 504 ἐγίνοντο
758 437 934 504 φόνοι,
961 435 1096 488 ἀλλὰ
1124 436 1346 489 καὶτῶν
1378 438 1743 506 ἀναγκαιοτα·

1849 440 1950 493 llus
1971 441 2174 510 popqu
2209 439 2430 496 turbato
2457 452 2513 496 et
2535 442 2831 503 concitato,
2848 442 2998 498 cives
3021 443 3210 500 decem
3237 450 3431 519 eonju-

147 550 260 584 των
296 528 472 598 (prum;
505 527 675 580 αὐτοῦ
735 526 1043 596 Παρέϐαινε
1080 527 1136 580 δὲ
1170 529 1266 580 καὶ
1297 529 1366 581 τὰ
1399 528 1497 600 ἔθη
1527 533 1596 582 τὰ
1631 532 1743 584 πά-

143 639 300 691 τρια,
335 622 433 672 καὶ
475 619 694 685 ξενικοῖι
751 619 1152 690 ἐπιτηδεύμασι
1183 620 1465 692 διέφθειρε
1501 624 1600 691 τὴν
1636 623 1742 676 πά-
1775 681 1780 688 _

145 713 240 767 λαι
291 712 664 766 κατάστασιν.
717 712 859 780 Πρὸς
895 712 931 765 ἃ.
971 712 1029 764 τὸ
1069 712 1272 778 πλῆθος
1325 713 1636 784 τετάρακτό
1683 733 1745 770 τε

147 807 248 859 καὶ
280 803 642 874 ἐχαλέπαινε.
672 803 819 856 Δέκα
877 803 935 856 δὲ
965 804 1160 872 ἄνδρες
1204 805 1316 857 τῶν
1353 806 1588 859 πολιτῶν
1621 825 1744 862 συν-

147 884 543 968 ωμοσάμενοι,
574 896 673 950 καὶ
704 896 912 964 ξιφίδια
941 899 1052 958 τοῖς
1081 897 1322 968 ἱματίοις
1355 899 1751 968 ὑποϐαλόντες,

146 991 227 1053 εἰς
251 991 316 1042 τὸ
340 991 577 1059 θέατρον
598 989 842 1059 ἐχώρουν
868 991 974 1042 ἀπὸ
998 990 1372 1061 συνθήματος,
1397 991 1430 1062 ἢ
1459 995 1554 1046 καὶ
1581 995 1746 1048 αὐτὸν

145 1085 237 1138 τδν
283 1083 545 1154 Ἡρώδην
577 1083 1023 1153 διαχρησόμενοι,
1053 1085 1086 1152 ἢ
1114 1083 1253 1146 τέως
1273 1085 1383 1138 τῶν
1416 1087 1546 1156 περὶ
1597 1087 1743 1139 ἐκεῖ-

145 1193 236 1230 νον
269 1173 534 1238 πολλούς.
579 1175 935 1244 Φωραοέντες
966 1175 1044 1241 δὲ,
1078 1177 1177 1228 καὶ
1208 1177 1334 1246 μήτ’
1366 1177 1748 1248 ἀρνησάμενοι

145 1271 205 1321 τὸ
235 1267 549 1338 βούλευμα,
585 1267 723 1320 ἀλλὰ
748 1269 843 1320 καί
869 1268 941 1320 τὰ
973 1268 1104 1336 ξίφη
1128 1267 1538 1334 ἀναδείξαντες,
1563 1272 1746 1324 πᾶσαν

146 1363 336 1415 αἰκίαν
375 1361 785 1430 ὑπομείναντες
833 1360 1235 1431 διεφθάρησαν.
1269 1360 1376 1414 Τόν
1426 1362 1485 1415 δὲ
1513 1361 1747 1427 τούτους

145 1447 645 1518 κιταμηνύσαντα
701 1450 842 1518 μετά
895 1450 1091 1520 μικρόν
1126 1467 1270 1514 τινες
1312 1452 1744 1523 διαρπάσαντες,

145 1542 240 1593 καὶ
269 1539 498 1607 μελιστὶ
534 1538 834 1602 διελόντες,
867 1541 1029 1592 κυσὶν
1061 1540 1388 1610 ἐπέρριψαν.
1433 1543 1540 1605 Οὓς
1575 1544 1746 1614 εὑρη-

143 1632 256 1693 κὼς
296 1630 576 1699 Ἡρώδης,
614 1631 1001 1700 ἐτιμωρήσατο
1033 1632 1274 1684 πανοικί.
1310 1633 1374 1684 'H
1400 1632 1457 1686 δὲ
1486 1633 1581 1686 τοῦ
1607 1635 1749 1706 πλή-

143 1725 272 1789 θους
301 1725 472 1793 μῆνις
505 1723 762 1792 ἐπίμενε.
793 1722 1005 1791 Συνέϐη
1027 1724 1085 1776 δὲ
1107 1725 1250 1777 κατὰ
1283 1725 1382 1796 τὴν
1417 1725 1604 1797 χώραν
1623 1728 1746 1780 τότε

145 1818 304 1887 παθη
371 1815 682 1879 δεινότατα,
747 1815 907 1885 λιμός
958 1833 1017 1869 τε
1066 1817 1161 1870 καὶ
1205 1793 1362 1881 νόσος
1389 1793 1659 1886 tam
1687 1819 1746 1887 ιε
1776 1793 1820 1851 Β

141 1908 460 1980 ἀσυνήθους
483 1908 724 1977 διαίτης,
755 1907 826 1960 δι’
853 1908 1064 1961 ἔνδειαν
1093 1909 1282 1964 σιτίων
1311 1912 1630 1980 γινομένης,
1650 1914 1746 1968 καὶ

141 2003 236 2054 επὶ
259 2001 494 2063 τούτοις
526 2001 664 2053 πᾶσι
689 1999 900 2070 λοιμός.
934 2000 1185 2072 Ἡρώδης
1209 2001 1267 2055 δὲ
1301 2002 1378 2072 τῷ
1411 2004 1590 2075 καιρῷ
1614 2005 1744 2076 βοη-

141 2097 254 2148 θεῖν
277 2091 777 2164 προθυμούμενος,
811 2091 936 2145 οὔτε
986 2093 1286 2164 χρημάτων
1317 2095 1573 2166 ηὐπόρει,
1611 2114 1748 2167 προ-

140 2187 555 2250 καταναλώσας
603 2187 750 2238 αύτά
799 2184 870 2238 δι’
899 2185 1160 2250 ἐπίδειξιν
1215 2189 1296 2250 είς
1352 2187 1563 2241 πόλεων
1617 2191 1744 2243 ὲπι-

143 2281 374 2344 σκευὰς,
438 2277 568 2332 οὒτε
602 2279 660 2330 αί
718 2277 1125 2348 πλησιάζουσαι
1190 2280 1368 2350 χῶραι
1403 2283 1550 2334 σῖτον
1571 2277 1742 2352 εἶχον,

139 2375 237 2443 τῆς
291 2371 477 2440 αὐτῆς
527 2370 738 2434 ἐνδείας
797 2371 896 2424 καὶ
929 2373 986 2424 ἐν
1017 2371 1260 2436 ἐκείναις
1308 2373 1739 2444 ἐπικρατούσης.

141 2465 292 2527 Τέως
347 2463 433 2526 δὲ,
467 2462 544 2526 ὡς
574 2462 640 2515 ἂν
671 2461 892 2516 δύναιτο
921 2461 1140 2532 βοηθεῖν
1169 2462 1451 2530 ἐγνωκὼς,
1481 2464 1574 2517 τὸν
1613 2465 1744 2518 ὄντα

142 2557 282 2611 κατά
334 2556 409 2609 τὰ
474 2554 729 2623 βασίλεια
789 2560 999 2624 κόσμον
1033 2555 1315 2625 συγκόψας
1362 2559 1444 2619 είς
1472 2556 1742 2628 νόμισμα,

143 2649 401 2718 ἐπεμπεν
435 2649 518 2710 εἰς
549 2649 851 2716 Αἴγυπτον,
883 2650 975 2700 καὶ
1009 2650 1157 2700 σῖτον
1185 2647 1402 2700 ἐκεῖθεν
1426 2647 1641 2703 ώνεῖτο.
1667 2643 1743 2704 Ob

143 2740 536 2810 κομισθέντες,
563 2743 675 2802 τοῖς
701 2740 802 2808 μὲν
831 2739 1157 2810 δυναμένοις
1181 2739 1249 2793 δι’
1275 2741 1489 2795 ἑαυτῶν
1522 2742 1592 2795 τὰ
1617 2743 1746 2812 περὶ

141 2834 236 2897 τὰς
287 2834 513 2905 τροφὰς
573 2836 829 2888 ἐκπονεῖν
886 2836 1036 2886 σῖτον
1103 2833 1418 2904 διένειμεν·
1475 2835 1528 2888 οἳ
1562 2835 1622 2888 δὲ
1655 2835 1745 2891 διά

141 2929 323 2998 γῆρας
370 2929 408 2999 ἦ
438 2927 514 2980 δι’
559 2927 756 2998 ἑτέραν
777 2927 1068 2980 ἀσθένειαν
1090 2927 1190 2997 οὐχ
1222 2923 1410 2982 οἷοίτε
1443 2923 1586 3001 ἦσαν
1615 2931 1746 2983 sau-

150 3023 264 3084 τοῖς
284 3019 611 3088 ἑτοιμάζειν
644 3019 814 3085 σιτία,
854 3019 1064 3072 τούτων
1095 3019 1348 3090 προύνόει
1385 3023 1744 3090 καταστήσας

141 3111 516 3181 ἀρτοποιοὺς,
549 3110 644 3162 καὶ
689 3111 786 3172 τὰς
842 3109 1048 3181 τροφὰς
1097 3109 1346 3180 ἑτοίμους
1377 3111 1618 3181 πορίζων
1646 3113 1743 3165 αὖ·
1772 3151 1817 3211 c

141 3205 277 3267 τοῖς,
321 3201 520 3257 Ταῦτα
555 3201 612 3255 δὲ
641 3201 702 3255 οὐ
741 3201 903 3271 μόνον
932 3202 1031 3264 τὰς
1063 3203 1289 3273 γνώμας
1330 3203 1599 3275 μετέϐαλε
1633 3203 1746 3256 τῶν

143 3295 272 3364 πρὶν
302 3293 754 3364 χαλεπαινόντων
779 3292 950 3362 αὐτῷ,
1005 3291 1144 3346 ἀλλὰ
1207 3294 1301 3346 καὶ
1354 3293 1493 3364 πρὸς
1525 3291 1744 3349 εὔνοιαν

142 3387 319 3448 αὐτὰς
374 3385 777 3454 μετεστήσατο.
835 3386 948 3439 Καὶ
1003 3383 1150 3438 οὕτω
1209 3384 1559 3439 κακωθεῖσαν
1591 3386 1743 3457 αὐτῷ

141 3479 610 3548 ἀνακτησαμενος
636 3477 735 3547 τὴν
759 3477 954 3550 ἀρχὴν,
984 3478 1084 3548 οὐχ
1111 3472 1276 3550 ἦττον
1294 3481 1390 3531 καί
1416 3479 1545 3542 τοὺς
1580 3479 1741 3551 πέριξ

141 3568 610 3641 δυσπραγοῦντας
646 3569 845 3639 ἐπίσης
878 3571 976 3639 τῆς
1027 3571 1318 3641 συμφορᾶς
1349 3571 1742 3640 ἐπεκούφισεν,

142 3660 288 3715 ὥστε
335 3659 599 3728 γενέσθαι
650 3659 780 3722 τοὺς
835 3659 938 3731 μὲν
989 3658 1096 3726 ἔξω
1149 3663 1248 3732 τῆς
1278 3663 1455 3733 ἀρχῆς
1483 3661 1744 3728 δοθέντας

147 3755 302 3808 σίτου
338 3756 542 3825 κόρους
579 3755 832 3826 μυρίους,
883 3757 1011 3819 τοὺς
1042 3755 1098 3808 δὲ
1133 3756 1212 3818 είς
1247 3757 1350 3826 τὴν
1385 3755 1552 3808 αὑτοῦ
1587 3756 1743 3826 βασι-ι

143 3847 298 3900 λείαν
332 3849 473 3915 περὶ
527 3847 1024 3919 ὀκτακισμυρίους.
1089 3849 1147 3901 'U
1191 3849 1248 3902 δὲ
1303 3849 1463 3920 κόρος
1513 3850 1742 3904 δύναται

143 3944 294 3995 κατά
321 3942 420 3995 τὸν
452 3939 716 4011 Ἰώσηπον
784 3942 1080 4012 μεδίμνους
1115 3943 1370 4002 ἀττικοὺς
1395 3941 1548 3995 δέκα.
1569 3942 1744 3994 Τοῦτο

143 4033 208 4086 τὸ
259 4033 636 4103 φιλοτίμημα,
687 4034 784 4086 καὶ
825 4033 889 4086 τὸ
913 4034 1015 4103 τῆς
1075 4035 1299 4103 χάριτος
1331 4032 1612 4104 εὔκαιρον,
1647 4034 1746 4086 καὶ

143 4129 267 4192 τοὺς
307 4127 602 4190 Ἰουδαίους
633 4129 712 4189 είς
743 4129 967 4198 ἀγάπην
991 4127 1050 4190 ἐξ
1083 4126 1382 4197 ἀπεχθείας
1410 4130 1743 4196 μετήνεγκε,

147 4224 242 4272 καὶ
279 4219 442 4290 παρά
463 4218 576 4271 τῶν
615 4217 818 4283 ἔξωθεν
867 4219 1018 4289 αὐτῷ
1051 4219 1426 4290 προύξένησεν
1463 4217 1742 4272 εθκλειαν.

148 4310 715 4382 Προακατειργάσατο
743 4311 799 4363 δὲ
833 4313 930 4364 καὶ
960 4312 1137 4380 γάμον
1163 4311 1346 4381 ἐαυτῷ
1375 4309 1435 4376 ἐξ
1465 4311 1744 4380 ἐρωτικῆς

147 4405 474 4472 habent“.
524 4404 726 4474 Ἱερεὺς
760 4404 868 4475 γάρ
890 4421 972 4467 τις
1003 4404 1188 4474 Σίμων
1221 4405 1281 4457 ὲν
1334 4404 1742 4474 Ἰεροσολύμοις

1849 536 1976 596 rati,
2007 535 2150 587 sicas
2176 535 2280 588 sub
2305 535 2548 590 veSIihus
2569 545 2869 606 gestantes,
2889 538 3164 592 theatrum
3185 554 3250 594 ex
3282 558 3428 596 com-

1846 625 2028 694 posito
2060 624 2457 694 ingressisunt,
2477 628 2559 682 vel
2591 627 2769 698 ipsum
2797 627 3093 694 llerodem,
3117 631 3200 684 vel
3223 634 3434 687 satelli-

1848 723 1963 767 tum
1995 714 2116 783 ejus
2143 716 2346 770 mullos
2372 717 2732 773 interfectori.
2771 718 3042 774 Caeterum
3074 722 3429 792 deprehensi,

1847 821 1947 860 nec
1971 806 2195 859 inliciati
2233 809 2526 862 consilium
2564 825 2750 874 suum,
2785 811 2879 864 sed
2914 823 2972 866 et
3007 814 3140 868 sicis
3177 816 3428 884 prolatis,

1865 899 1997 950 mini
2050 898 2309 968 supplicii
2349 914 2552 963 genere
2591 902 2826 954 tolerato
2863 903 3168 971 perierunt.
3213 906 3433 962 D..-lato«

1843 1004 1956 1042 rem
1999 1005 2131 1045 vero
2162 981 2385 1061 quidam
2433 995 2596 1062 paulo
2627 1004 2750 1065 post
2781 998 3130 1052 membratim
3168 999 3429 1071 discerp-

1848 1095 1965 1143 tum
2003 1090 2238 1146 canibus
2271 1091 2620 1163 objecerunt.
2683 1093 2791 1148 Eos
2837 1091 3084 1147 Herodes
3118 1107 3435 1163 compertos
3485 1083 3487 1085 ’

1845 1195 1973 1235 cum
2021 1184 2170 1237 omni
2224 1184 2431 1239 familia
2483 1185 2633 1240 ultus
2675 1195 2780 1252 est,
2821 1185 3198 1255 indignatione
3245 1187 3432 1256 populi

1850 1273 1994 1328 haud
2020 1275 2321 1347 quidquam
2346 1277 3070 1348 imminuta.0ppresserunt
3087 1288 3269 1333 autem
3291 1278 3430 1332 mala

1845 1367 2172 1434 gravissima
2206 1369 2475 1436 Judteatn,
2517 1372 2708 1435 fames,
2748 1381 2804 1425 et
2833 1371 3062 1426 morbus
3090 1387 3156 1426 ex
3191 1372 3334 1426 cibis
3362 1373 3435 1426 ob

1848 1459 2134 1529 penuriam
2170 1463 2428 1527 insolitis,
2456 1474 2510 1517 et
2543 1466 2856 1533 pestilentia
2889 1464 3151 1534 denique.
3189 1465 3436 1521 llerodes

1846 1554 1943 1622 qui
1976 1568 2136 1622 opem
2172 1553 2314 1610 ferre
2349 1556 2441 1610 tali
2481 1565 2731 1626 tempore
2764 1567 3013 1627 cuperet,
3047 1575 3172 1613 cum
3201 1560 3433 1628 pecunia

1846 1644 2264 1704 destitueretur.
2310 1664 2474 1717 quam
2511 1665 2606 1717 per
2652 1650 3078 1703 ostentationem
3107 1651 3162 1704 in
3198 1651 3435 1706 urbibus

1852 1737 2231 1795 instaurandis
2287 1739 2682 1810 insumpserat.
2743 1756 2840 1795 nec
2898 1741 3143 1796 finitima:
3179 1743 3435 1812 regiones

1848 1828 2186 1884 frumentum
2225 1831 2519 1896 haberent,
2558 1833 2748 1887 eadem
2783 1833 2970 1902 inopia
3005 1835 3432 1890 conﬂictantes:

1851 1931 2031 1978 tamen
2075 1934 2128 1978 ut
2171 1911 2272 1994 pro
2320 1926 2466 1980 virili
2501 1941 2662 1996 opem
2719 1926 2912 1992 ferret,
2948 1943 3014 1982 ex
3049 1939 3247 1982 ornatu
3282 1929 3435 1998 regio

1847 2017 2132 2084 percussis
2163 2018 2422 2084 nummis,
2464 2019 2517 2072 in
2553 2017 2790 2090 Egypto
2819 2035 3096 2074 annonam
3155 2033 3434 2075 mercatus

1847 2116 1970 2161 est:
2009 2123 2116 2178 qua
2169 2109 2355 2174 allata,
2392 2111 2458 2164 iis
2508 2111 2602 2181 qui
2652 2111 2754 2181 ipsi
2800 2112 2957 2166 cibos
3004 2113 3110 2167 sibi
3158 2113 3434 2170 coniicere

1849 2209 2122 2269 poteiant,
2154 2201 2489 2256 frumentum
2525 2205 2755 2274 largitus
2781 2214 2888 2259 est.
2919 2205 3023 2272 Qui
3060 2222 3190 2261 vero
3233 2208 3324 2262 vel
3362 2209 3435 2262 ob

1848 2299 2152 2357 senectam,
2204 2296 2286 2349 vel
2338 2310 2406 2348 ex
2450 2295 2556 2349 alia
2607 2295 2988 2352 imbecillitate
3023 2298 3075 2352 id
3116 2314 3228 2353 non
3278 2311 3436 2370 pote-

1849 2394 1996 2448 rant,
2022 2401 2214 2440 eorum
2242 2387 2514 2443 rationem
2541 2388 2756 2454 habuit,
2788 2390 3092 2460 pistoribus
3118 2391 3431 2458 conductis,

1847 2477 1942 2546 qui
1977 2478 2134 2534 cibos
2154 2479 2238 2535 eis
2265 2489 2488 2550 paratos
2513 2481 2802 2537 oﬂ'errcnt.
2837 2481 2962 2539 Haec
3001 2485 3217 2539 animos
3240 2500 3434 2540 eorum

1847 2571 1940 2637 qui
1980 2572 2131 2641 prius
2168 2573 2242 2628 illi
2279 2577 2703 2640 succensebaut,
2749 2593 2858 2630 non
2895 2577 3058 2632 modo
3087 2578 3432 2648 tnitigarunt,

1846 2662 1944 2716 sed
1976 2662 2042 2715 ad
2093 2662 2532 2720 benevolentiam
2567 2682 2788 2736 quoque
2819 2668 3210 2723 traduxerunt.
3242 2670 3434 2740 Regna

1847 2765 1951 2805 suo
1981 2751 2184 2806 aﬂlicto
2217 2756 2298 2808 sic
2334 2753 2661 2817 refocillato,
2699 2755 3060 2809 finitimorum
3110 2772 3216 2811 non
3254 2758 3437 2812 minus

1846 2842 2215 2898 laborantium
2247 2846 2613 2901 calamitatem
2645 2861 2713 2900 ex
2741 2862 2899 2916 mquo
2923 2847 3252 2912 sublevavit.
3277 2860 3435 2906 extra

1846 2952 2078 3008 regnum
2114 2939 2303 2994 decies
2335 2940 2505 3005 mille,
2541 2940 2595 2994 in
2643 2940 2764 3010 ipso
2792 2955 2962 3010 regno
3011 2944 3252 3014 octogies
3285 2945 3436 2999 mille.

1848 3044 2010 3085 curos
2060 3031 2368 3088 dimensus.
2407 3033 2669 3088 Continet
2726 3043 2910 3089 autem
2965 3050 3155 3101 corus,
3205 3047 3434 3092 auctore

1848 3121 2112 3192 Joscpho,
2143 3139 2176 3176 χ
2217 3123 2526 3178 medimnos
2564 3123 2803 3179 Atticos.
2849 3125 2923 3180 Ea
2967 3126 3270 3182 liberalitas
3291 3137 3435 3184 lam~

1851 3227 1960 3284 que
2011 3223 2320 3283 opportuna
2372 3212 2755 3272 beneficentia.
2789 3221 2846 3268 et
2897 3213 3059 3286 252
3101 3215 3321 3270 Judmos
3365 3231 3434 3271 ex

1851 3302 2094 3358 ἰιιίπιεοτε
2133 3303 2342 3358 amicos
2387 3304 2438 3358 ei
2480 3305 2747 3371 reddidit,
2800 3314 2857 3360 et
2885 3307 3028 3376 apud
3063 3315 3283 3360 exteros
3318 3307 3436 3377 glo-

1853 3398 1992 3451 riam
2048 3396 2390 3452 conciliavit.
2441 3397 2748 3452 Adornavit
2776 3398 2881 3454 sibi
2937 3413 3158 3470 quoque
3192 3401 3430 3468 nuptias,

1852 3491 2060 3545 amoris
2089 3489 2353 3560 impulsu.
2383 3489 2518 3544 Nam
2555 3489 2744 3544 Simon
2779 3491 3003 3560 quidam
3037 3492 3436 3563 llierosolytnio

1854 3591 2020 3640 tanus
2044 3586 2305 3640 sacerdos
2338 3584 2502 3638 filiam
2544 3585 2736 3640 habuit
2763 3585 3239 3650 formosissimam,
3273 3589 3436 3660 cujus

1850 3676 2041 3746 lepore
2066 3686 2281 3747 captus.
2319 3678 2447 3747 quia
2486 3687 2640 3746 pater
2664 3679 2734 3733 ob
2761 3679 2933 3733 humil
2962 3688 3126 3733 tatem
3154 3689 3320 3734 tanta:
3351 3680 3436 3733 af-

1852 3768 2049 3824 ﬂnitati
2083 3767 2310 3821 minime
2345 3782 2444 3836 par
2465 3777 2606 3832 erat,
2638 3767 3020 3837 pontificatum
3055 3769 3184 3823 Jesu
3216 3769 3436 3824 Fabetis

1851 3857 1987 3920 lilio.
2020 3873 2050 3911 a
2099 3873 2212 3927 quo
2264 3865 2379 3910 tum
2437 3857 2753 3926 gerebatur,
2801 3859 3138 3928 ademptum,
3178 3860 3231 3913 in
3281 3860 3434 3916 illum

1849 3949 2108 4014 contulit,
2141 3959 2196 4004 et
2229 3947 2396 4002 ﬁliam
2440 3952 2560 4020 ejus
2595 3949 2769 4004 duxit.
2804 3949 2940 4004 Cum
2987 3960 3170 4004 autem
3202 3952 3252 4006 ei
3284 3952 3434 4008 domi

1849 4042 2034 4098 omnia
2061 4056 2126 4096 ex
2156 4042 2430 4095 sententia
2467 4040 2848 4103 succederent,
2880 4043 3044 4097 etiam
3071 4041 3205 4099 foris
3230 4059 3286 4098 se
3317 4061 3437 4098 ntu-

1850 4133 1977 4198 niit,
2011 4139 2127 4184 tum
2160 4130 2327 4184 urbes
2373 4132 2604 4186 comiter
2655 4133 2967 4198 tractando,
3019 4145 3134 4189 tum
3171 4135 3436 4208 dynastas

1851 4221 2047 4278 ciliciis
2088 4220 2460 4292 adjungendo,
2514 4232 2575 4277 ut
2631 4237 2717 4276 res
2755 4223 2876 4292 ejus
2935 4223 3182 4293 undique
3251 4224 3435 4278 incre-

1852 4325 2037 4370 menta
2069 4323 2355 4382 caperent.
2391 4315 2591 4369 Verum
2631 4315 2936 4370 ambitione
2969 4315 3083 4380 illa,
3115 4326 3170 4370 et
3201 4317 3436 4371 Ctesaris

1849 4424 1913 4462 ac
1945 4407 2460 4476 potentissimorum
2498 4407 2874 4460 Romanorum
2913 4407 3066 4461 cultu
3117 4417 3282 4477 atque
3332 4409 3434 4463 ob-

147 4496 432 4567 θυγατέρα
480 4493 596 4566 εἶχε
634 4497 971 4566 καλλίστην*
1023 4495 1282 4567 ταύτηςό
1329 4497 1578 4568 Ἡρώδης
1605 4493 1742 4570 ἧκεν

1850 4499 2130 4556 servantia
2166 4500 2350 4559 tiebat,
2378 4508 2437 4552 ut
2473 4505 2724 4567 receptes
2757 4515 2938 4554 mores
2967 4509 3022 4554 et
3057 4502 3234 4570 patria
3278 4501 3436 4556 insti-

149 4593 230 4652 εἰς
255 4593 460 4661 ἔρωτα.
504 4593 696 4654 Ὄντος
751 4591 810 4644 δὲ
854 4591 952 4644 τοῦ
988 4591 1236 4662 Σίμωνος
1290 4591 1571 4645 ἀνοικείου
1604 4593 1742 4662 πρὸς

147 4683 301 4754 κῆδο,
337 4684 414 4737 δι’
442 4684 683 4752 ἀδοξίαν,
709 4686 1027 4754 ἀφαιρεῖται
1060 4685 1158 4754 μὲν
1193 4683 1292 4754 τὴν
1331 4685 1629 4755 ἱερωσύνην
1650 4685 1743 4738 τὸν

146 4779 353 4848 ταύτην
380 4779 575 4848 ἔχοντα
599 4780 744 4844 τότε,
769 4779 980 4846 Ἰησοῦν
1005 4781 1097 4832 τὸν
1123 4779 1218 4833 τοῦ
1240 4780 1510 4850 Φάδητος,
1551 4783 1743 4852 ἀρχιε-

148 4870 253 4933 ρέα
268 4867 325 4921 δὲ
356 4871 593 4923 ποιεῖται
625 4869 717 4922 τὸν
747 4871 992 4938 Σίμωνα,
1017 4869 1114 4922 καὶ
1132 4869 1231 4940 τὴν
1263 4869 1431 4924 αὑτοῦ
1463 4869 1743 4942 θυγατέρα

146 4961 339 5028 γαμεῖ.
377 4960 607 5012 Πάντων
639 4960 698 5012 δὲ
724 4961 876 5030 αὑτῴ
909 4963 1461 5031 προσκεχωρηκότων
1498 4964 1579 5026 είς
1620 4963 1741 5016 δέον

145 5042 544 5117 περιεϐάλλετο
571 5051 672 5120 τὴν
705 5051 909 5116 ἔξωθεν
943 5053 1272 5120 ἀσφάλειαν,
1322 5054 1512 5107 πόλειτί
1545 5071 1605 5108 τε
1654 5055 1739 5108 δεο

148 5140 284 5202 ea;
307 5142 534 5210 ὁμιλῶν,
578 5145 674 5196 καὶ
720 5146 847 5207 τοὺς
892 5145 1164 5207 δυνάστας
1196 5145 1542 5216 θεραπεύων,
1593 5145 1736 5199 ὥστε

146 5231 506 5302 αὑτῷπάντα
540 5237 630 5288 διὰ
681 5237 899 5290 πάντων
928 5236 1214 5304 αὔξεσθαι.
1269 5238 1407 5291 Ὑπὸ
1433 5239 1490 5291 δὲ
1531 5239 1625 5308 τῆ,
1657 5241 1738 5302 εἰς

1851 4603 1968 4648 tuta
2009 4593 2260 4654 violaret.
2301 4591 2532 4646 urbibus
2571 4589 2896 4654 condendis,
2949 4601 3005 4645 et
3057 4595 3278 4662 templis
3306 4597 3436 4647 anti.

1852 4685 2103 4746 ﬁcandis.
2138 4700 2245 4738 non
2275 4684 2499 4752 quidem
2530 4682 2582 4736 in
2611 4681 2818 4742 .ludtea.
2859 4681 2954 4736 sed
2983 4683 3035 4736 in
3072 4686 3278 4738 exteris
3307 4701 3436 4755 pro-

1850 4777 2068 4832 vinciis.
2110 4775 2315 4832 Judteis
2370 4790 2591 4844 quoque
2651 4789 2709 4829 se
2762 4776 3062 4829 excusabat
3113 4775 3294 4832 facere
3341 4779 3434 4833 illa

1851 4889 1962 4927 non
1989 4879 2182 4938 suapte
2211 4878 2430 4937 sponte,
2466 4867 2559 4922 sed
2592 4884 2656 4921 ex
2697 4867 2992 4931 mandatis,
3019 4877 3072 4922 et
3115 4869 3167 4922 in
3200 4871 3434 4938 gratiam

1847 4971 1904 5017 et
1937 4960 2204 5013 honorem
2252 4956 2484 5010 Caesaris
2514 4969 2568 5010 et
2607 4956 3004 5010 Romanorum.
3054 4955 3186 5010 Nam
3229 4967 3284 5010 et
3320 4966 3437 5009 sta-

1848 5063 1970 5108 tuas
2005 5049 2333 5115 collocabat,
2361 5059 2418 5103 et
2442 5049 2694 5118 exculpta
2727 5049 2988 5119 insignia,
3018 5059 3075 5104 et
3104 5049 3273 5104 urbes
3301 5065 3435 5104 cun-

1845 5143 2034 5204 debat,
2057 5149 2112 5195 et
2131 5149 2324 5210 portus
2346 5138 2560 5207 amplos
2586 5154 2648 5193 ac
2675 5150 2844 5204 tutos,
2873 5151 2928 5194 et
2946 5139 3123 5210 regias
3145 5155 3434 5210 sumptuo-

1846 5251 1958 5298 sas,
1996 5245 2054 5288 et
2078 5232 2222 5286 ardes
2259 5230 2598 5301 splendidas.
3425 5219 3457 5238 ”

144 5327 313 5380 τοῦτο
340 5332 680 5400 φιλοτιμίας,
705 5334 799 5383 καὶ
837 5333 937 5401 τῆς
968 5332 1047 5394 είς
1072 5331 1333 5401 Καίσαρα
1359 5335 1452 5385 καὶ
1524 5334 1650 5395 τοὺς
1700 5332 1782 5394 είς
1825 5329 2081 5383 πλεῖστον
2146 5326 2487 5395 δυναμένους
2547 5324 2839 5395 Ῥωμαίων
2874 5323 3194 5394 θεραπείας,
3236 5325 3331 5376 καὶ
3360 5325 3430 5377 τὰ

146 5428 256 5496 ἔθη
286 5430 607 5500 παρέὁαινε,
645 5430 742 5482 καὶ
764 5429 831 5482 τά
860 5429 1069 5499 νόμιμα
1105 5429 1516 5499 παρεχάραττε,
1583 5429 1770 5491 πόλεις
1807 5443 1868 5480 τε
1903 5425 2127 5488 κτίζων,
2164 5421 2260 5475 καὶ
2313 5421 2477 5483 ναοὺς
2531 5421 2764 5491 ἐγείρων
2797 5421 2897 5474 οὐκ
2931 5421 2988 5472 ἐν
3025 5423 3093 5489 τῇ
3117 5422 3225 5472 τών
3285 5421 3422 5472 Ἰου-

141 5524 341 5585 δαίων,
363 5527 429 5594 τῇ
455 5524 503 5576 δ’
528 5523 634 5588 ἔξω
660 5522 836 5596 χώρᾳ,
874 5522 1155 5585 Ἰουδαίοις
1181 5523 1280 5592 μὲν
1304 5519 1745 5590 ἀπολογούμενος
1788 5519 1852 5571 ὲκ
1904 5514 2350 5587 προσταγμάτων
2403 5511 2580 5567 ταῦτα
2648 5519 2846 5581 ποιεῖν,
2882 5517 2998 5569 ἀλλ’
3032 5518 3130 5568 οὐκ
3174 5515 3262 5582 ἀφ’
3291 5517 3424 5566 ἐαυ-

141 5617 280 5680 τοῦ,
310 5618 544 5686 Καίσαρι
583 5619 762 5671 δὲκαὶ
802 5617 1097 5688 Ῥωμαίοις
1137 5618 1371 5687 χάριτας
1409 5615 1590 5686 νέμων
1646 5612 1724 5681 τῷ
1771 5614 1867 5665 καὶ
1928 5612 2035 5663 τῶν
2074 5609 2324 5679 πατρίων
2373 5608 2647 5661 ἐκϐαίνειν
2697 5609 2836 5664 ὲθών
2882 5609 2968 5662 διὰ
3037 5611 3135 5678 τὴν
3193 5608 3422 5660 ἐκείνων

141 5709 346 5778 τιμήν.
397 5711 719 5778 ’Δγαλματά
774 5726 830 5761 τε
895 5710 1004 5778 γὰρ
1045 5710 1265 5774 ἀνίστα,
1317 5708 1413 5761 καὶ
1472 5706 1680 5767 τύπους
1744 5703 2250 5774 μεμορφωμένους,
2299 5702 2394 5754 καὶ
2455 5701 2641 5764 πόλεις
2669 5700 2978 5770 ᾠκοδόμει,
3033 5700 3126 5751 καὶ
3201 5699 3428 5769 λιμένας

143 5805 336 5873 εὑρείς
383 5807 473 5857 καὶ
507 5801 840 5870 ἀκλύστους,
891 5805 983 5854 καὶ
1026 5801 1276 5871 βασίλεια
1310 5799 1605 5869 πολυτελῆ,
1647 5797 1741 5851 καὶ
1779 5798 1991 5860 δαῖτας
2015 5796 2298 5868 λαμπράς.
