3868 6198
186 271 284 338 ιιι

1462 273 1869 336 ANNALIUM
1909 273 2054 336 LIB.
2100 272 2175 339 νζ

3355 267 3466 328 4ἳὲ

185 397 505 469 προσέχειν,
527 394 604 459 ὡς
634 396 732 466 τῆς
763 394 1047 464 βασιλείας
1073 383 1222 467 αὐτῷ
1261 397 1776 467 περιελευσομένης,

1883 414 2012 467 erga
2043 413 2101 451 se
2123 386 2586 450 benevolentiam.
2606 389 2701 445 llis
2721 385 2930 444 auditis
2957 384 3200 442 Herodes
3225 388 3282 443 in
3315 404 3465 443 uictu

184 491 289 544 xiv
333 491 408 561 μὴ
437 489 704 560 βούληται
735 490 994 560 δπατὴρ,
1052 490 1151 544 καὶ
1205 490 1294 544 διὰ
1339 491 1400 543 τὸ
1445 491 1622 558 γένος,
1675 491 1771 543 καὶ

183 583 268 636 διὰ
296 582 398 651 τὴν
423 581 538 635 τῶν
563 582 852 652 ἡγεμόνιον
879 583 976 636 κοιλ⁹
995 582 1104 636 τῶν
1127 583 1302 652 φίλων
1328 583 1588 637 διάθεσιν.
1631 581 1770 635 Ίόύ-

183 692 292 728 των
315 673 565 738 ἀκούσας
597 672 870 746 Ἡρώδης,
898 675 1201 744 περίφοϐος
1223 669 1314 746 ἦν,
1339 677 1432 728 καὶ
1467 675 1602 745 πρὸς
1635 675 1773 727 πάν·-

188 784 288 829 τας
329 767 568 837 ὑποψίας
603 763 718 838 εἶχε
755 768 850 821 καὶ
903 769 1066 838 μίση,
1099 768 1318 832 πολλοῖς
1355 769 1408 822 δὲ
1452 770 1561 822 τῶν
1601 768 1773 839 φίλων

183 859 276 910 καὶ
305 858 408 928 τὴν
441 861 521 922 εἰς
541 859 611 912 τὰ
645 859 897 929 βασίλεια
918 861 1182 931 πρόσοδον
1215 862 1585 932 ἀπηγόρευσε.
1638 862 1774 916 Πάνυ

181 967 288 1001 των
318 950 365 1002 δ’
389 950 568 1014 αἴτιος
595 951 896 1021 ἐτύγχανεν
923 954 950 1005 ό
983 953 1361 1024 Ἀντίπατρος.
1399 954 1624 1026 Πρῶτον
1672 953 1768 1024 μὲν

182 1034 274 1092 οὖν
311 1041 478 1104 ὅσους
537 1041 677 1113 ᾤετο
740 1045 963 1108 πιστοὺς
1020 1042 1383 1116 Ἀλεξάνδρῳ,
1465 1045 1770 1117 βασάνοιςό

191 1133 448 1206 Ἡρώδης
479 1134 770 1206 ἐξήταζεν,
809 1126 863 1189 et
885 1154 938 1190 τι
983 1137 1107 1190 κατ’
1147 1138 1316 1191 αὑτοῦ
1368 1136 1641 1209 τολμηθὲν
1689 1139 1771 1192 εί·-

180 1226 426 1297 δείησαν.
471 1229 536 1280 0i
567 1228 625 1281 δὲ
658 1229 1030 1299 ἀπέθνησκον,
1080 1231 1236 1286 οῦδὲν
1294 1231 1512 1302 ἔχοντες
1566 1231 1768 1299 λέγειν.

182 1314 272 1382 Εἷς
301 1319 361 1372 δέ
392 1337 482 1383 τις
539 1320 642 1385 τὰς
684 1321 951 1390 βασάνους
1009 1323 1084 1393 μὴ
1147 1323 1352 1394 φέρων,
1401 1321 1524 1376 εἷπε
1587 1323 1770 1390 λέγειν

183 1411 569 1484 Ἀλέξανδρον,
611 1412 1014 1484 ἐπαινούμενον
1043 1413 1132 1468 διὰ
1158 1415 1219 1468 τὸ
1247 1414 1343 1469 τοῦ
1375 1413 1627 1486 σώματος
1672 1414 1770 1484 μέ-

180 1501 363 1570 γεθος,
401 1506 500 1558 καὶ
529 1505 592 1559 τὸ
612 1506 887 1578 εὐστόχως
914 1506 1134 1578 βάλλειν
1158 1508 1220 1561 ἐκ
1248 1506 1429 1572 τόξου,
1454 1508 1551 1562 καὶ
1576 1506 1771 1574 τᾶλλα,

179 1599 284 1662 ὅτι,
322 1599 402 1653 ΕΙ
422 1616 481 1653 τι
503 1599 665 1669 παρὰ
682 1599 792 1670 τῆς
817 1602 1062 1670 φύσεως
1085 1601 1248 1669 αὐτῷ
1270 1601 1509 1657 δέδοται
1552 1619 1630 1655 κα
1643 1600 1769 1667 lar,

179 1691 213 1760 ἥ
235 1691 306 1789 ἐξ
331 1690 664 1789 ἀσκήσεως
694 1695 1118 1763 προσεγένετο,
1148 1697 1236 1762 είς
1279 1694 1642 1764 δυστύχημα
1665 1710 1772 1748 πε·
1811 1736 1851 1789 Β

177 1784 523 1848 ριίσταται·
561 1784 853 1854 ἄχθεσθαι
878 1785 989 1854 γὰρ
1021 1784 1122 1839 ἐπὶ
1163 1783 1288 1852 τοῖς
1341 1785 1556 1851 καλοῖς
1585 1783 1774 1839 αὺτοῦ

177 1873 287 1928 τὸν
318 1875 580 1946 πατέρα.
634 1876 958 1947 Προσετίθει
1015 1877 1072 1932 δὲ
1138 1878 1215 1941 ὡς
1273 1878 1367 1931 καὶ
1423 1875 1776 1948 βουλεύσαιτο

181 1969 279 2021 σὺν
321 1967 736 2041 Ἀριστοϐούλῳ
754 1972 810 2025 ἐν
841 1971 1155 2042 κυνηγεσίῳ
1184 1969 1397 2025 ἀνελεῖν
1422 1971 1514 2026 τὸν
1537 1971 1774 2041 πατέρα,

178 2066 274 2120 καὶ
313 2067 400 2130 εἰς
444 2063 670 2135 Ῥώμην
709 2067 930 2133 φυγεῖν,
966 2065 1066 2135 τὴν
1098 2064 1384 2135 βασιλείαν
1445 2065 1774 2135 μετελευσό-

189 2175 381 2229 μενος.
421 2157 645 2229 Εὑρέθη
677 2157 733 2211 δὲ
758 2159 856 2211 καὶ
885 2158 1194 2229 γράμματα
1224 2156 1584 2228 Ἀλεξάνδρου
1636 2155 1777 2228 πρὸς

178 2249 269 2306 ὢν
293 2250 605 2322 ὁμαίμονα,
647 2249 722 2320 μὴ
753 2249 940 2304 δίκαια
969 2249 1200 2318 λέγοντα
1229 2253 1406 2304 ποιεῖν
1422 2249 1516 2303 τὸν
1534 2247 1774 2320 πατέρα,

178 2343 550 2413 προ-τιμῶντα
575 2343 666 2396 τὸν
695 2342 1081 2412 Ἀντίπατρον.
1122 2341 1252 2396 Ἐπὶ
1305 2341 1518 2406 τούτοις
1575 2340 1776 2394 συλλα-

179 2435 292 2490 σὼν
316 2435 483 2507 ἔδησε
519 2435 613 2490 τὸν
646 2434 1003 2506 Ἀλέξανδρον
1034 2450 1050 2468 ο
1083 2433 1314 2488 ἔσπευδε
1354 2434 1412 2488 δὲ
1438 2435 1534 2490 καὶ
1588 2434 1777 2506 μεῖζόν

177 2545 231 2580 τι
254 2526 449 2581 λαϐεῖν
485 2527 792 2598 τεκμήριον
829 2528 972 2580 κατὰ
1000 2525 1093 2580 τοῦ
1131 2525 1272 2590 υίοῢ,
1306 2527 1396 2580 ἵνα
1445 2527 1520 2598 μὴ
1561 2544 1775 2600 προπε-

179 2623 288 2686 τῶς
318 2622 453 2694 δόξῃ
483 2619 651 2676 αύτδν
696 2619 936 2684 δεδεκώς
977 2621 1115 2693 (47).
1145 2621 1384 2686 Πολλοὺς
1416 2617 1509 2674 οὖν
1533 2621 1628 2676 καὶ
1664 2621 1776 2674 τῶν

181 2716 238 2768 ἐν
260 2715 412 2769 τέλει
445 2713 757 2784 βασανίζων
783 2711 1083 2783 διέφθειρε,
1116 2711 1286 2783 μηδὲν
1333 2713 1612 2776 εἰπόντας,
1663 2708 1778 2766 οἷον

180 2807 392 2868 ἐκεῖνος
423 2803 584 2876 ᾤετο.
612 2805 699 2867 Ὠς
723 2804 780 2858 δέ
811 2821 896 2868 τις
923 2804 1031 2858 τῶν
1055 2806 1339 2875 νεωτέρων
1369 2807 1426 2858 ἐν
1454 2806 1576 2866 ταῖς
1601 2803 1776 2873 ἀνάγ-

182 2916 317 2960 καις
345 2899 615 2977 ἐγένστοη
663 2896 1007 2951 ἐπιστέλλειν
1058 2896 1214 2965 ἔλεγε
1279 2895 1370 2950 τὸν
1422 2895 1776 2968 Ἀλέξανδρον

182 2994 301 3055 τοῖς
337 2993 398 3044 ἐν
441 2991 638 3064 Ῥώμῃ
669 2990 872 3060 φίλοις,
899 2988 1164 3054 ἀξιοῦντα
1210 2989 1480 3059 κληθῆναι
1537 2990 1641 3042 ὑπὸ
1680 2989 1776 3044 τοῦ

1876 489 2013 552 fuit,
2047 503 2241 542 ontncs
2270 495 2559 555 suspectos
2586 491 2749 552 atque
2789 480 2954 552 25.9
2993 480 3200 534 invisos
3234 479 3468 543 habuit,

1877 582 2068 636 multis
2113 581 2416 635 amicorum
2455 577 2606 631 aditu
2655 575 2817 644 regize
2865 572 3152 628 interdixit
3185 591 3197 626 :
3230 587 3466 642 quarum

1875 673 2331 729 rerum'omnium
2359 685 2523 726 causa
2548 676 2666 722 erat
2695 668 3003 736 Antipater.
3026 665 3274 720 Primum
3302 665 3468 736 igitur

1874 779 2014 832 quos
2046 759 2352 815 Alexandro
2394 759 2530 814 fidos
2581 773 2700 812 esse
2754 756 3013 826 putabat,
3064 755 3468 824 quaestionibus

1874 854 2154 910 adhibitos
2176 850 2545 916 examinabat,
2571 847 2819 919 nunquid
2851 848 2898 903 ei
2931 847 3192 902 facinoris
3214 846 3471 916 alicujus,

1874 964 1984 1018 quo
2033 948 2148 1017 ipse
2190 951 2491 1015 peteretur,
2519 942 2727 996 conscii
2775 939 3005 996 essent?
3045 939 3126 993 llli
3181 953 3307 992 vero
3342 955 3466 993 cum

1873 1037 2020 1107 quod
2048 1037 2298 1091 dicerent
2339 1051 2446 1090 non
2472 1035 2741 1089 haberent
2762 1075 2777 1099 ,
2803 1031 3142 1088 cruciatibus
3198 1029 3474 1084 immorie-

1874 1128 2097 1183 bantur.
2129 1126 2361 1193 Quidam
2398 1134 2578 1180 tamen
2611 1133 3012 1178 tormentorum
3041 1120 3233 1176 dolore
3258 1119 3470 1184 victus,

1872 1215 2041 1284 dixit,
2076 1216 2445 1273 Alexandrum
2465 1257 2480 1280 ,
2504 1231 2629 1270 cum
2662 1215 2732 1269 ob
2766 1215 3152 1284 proceritatem
3184 1212 3470 1282 corporis,

1873 1310 2169 1382 sagittandi
2210 1310 2462 1380 peritiam
2491 1350 2506 1374 ,
2545 1319 2881 1378 ceterasque
2932 1309 3088 1363 dotes
3123 1305 3473 1361 laudaretur.

1873 1408 2077 1464 dixisse
2107 1425 2120 1461 :
2145 1406 2205 1462 Si
2225 1405 2351 1476 quid
2379 1404 2481 1458 sibi
2513 1401 2764 1474 praeclari
2793 1399 2877 1454 vel
2905 1418 2936 1454 a
2971 1410 3165 1453 natura
3192 1397 3469 1464 tributum,

1873 1499 1956 1555 vel
1981 1499 2154 1554 studio
2180 1503 2550 1566 comparatum
2586 1502 2747 1554 esset,
2772 1493 2826 1545 id
2852 1491 2956 1544 sibi
2987 1489 3290 1544 calamitati
3321 1503 3429 1541 esse
3454 1525 3469 1548 ,

1876 1590 2015 1662 quod
2056 1597 2212 1660 pater
2258 1587 2368 1640 suis
2423 1585 2572 1638 bonis
2626 1582 2845 1636 doleret.
2889 1579 3142 1650 Adjecit,
3181 1593 3308 1633 eum
3343 1593 3468 1632 cum

1879 1680 2194 1738 Aristobulo
2224 1678 2454 1734 consilia
2515 1676 2750 1748 agitasse
2799 1676 2867 1729 de
2902 1682 3055 1743 patre
3089 1673 3144 1727 in
3175 1672 3470 1727 venatione

1877 1775 2205 1840 occidendo,
2235 1781 2292 1828 et
2320 1769 2646 1827 vendicandi
2695 1767 2847 1838 regni
2883 1782 3046 1822 causa
3077 1765 3306 1820 Romam
3339 1780 3469 1820 con-

1876 1866 2160 1940 fugiendo.
2219 1864 2359 1920 Sunt
2387 1871 2442 1918 et
2469 1862 2667 1917 litterae
2701 1857 2994 1914 Alexandri
3027 1856 3263 1912 inventa:
3288 1897 3304 1922 ,
3342 1857 3469 1926 qui-

1877 1963 1982 2017 bus
2023 1959 2092 2016 ad
2135 1959 2362 2014 fratrem
2413 1956 2727 2017 scribebat,
2765 1963 2974 2023 patrem
3022 1949 3210 2021 inique
3249 1951 3473 2018 facere,

1879 2054 1970 2125 qui
2005 2053 2353 2124 Antipatrum
2397 2049 2531 2120 ipsis
2565 2046 2888 2103 anteferret.
2947 2043 3032 2100 οι)
3085 2045 3203 2100 hac
3233 2045 3470 2099 Alexan-

1879 2146 2040 2201 drum
2091 2145 2147 2200 in
2198 2144 2415 2200 vincula
2458 2140 2743 2212 coniecit:
2795 2136 2892 2195 sed
2943 2137 3256 2193 evidentius
3303 2151 3470 2208 argu-

1879 2243 2128 2289 mentum
2202 2233 2495 2304 quaesivit,
2557 2246 2626 2286 ne
2699 2229 2871 2284 [ilium
2947 2237 3153 2283 temere
3227 2227 3471 2282 vinxisse

1877 2331 2183 2394 videretur,
2217 2343 2281 2383 ac
2309 2327 2514 2382 multos
2545 2323 2784 2394 insignes
2812 2324 2960 2376 viros
2989 2321 3043 2375 in
3076 2318 3472 2391 quwstionibtts

1878 2425 2118 2489 occidit,
2149 2422 2284 2478 nihil
2315 2422 2419 2476 tale
2443 2421 2726 2481 elocutos,
2755 2417 2916 2488 quale
2946 2412 3325 2484 exspectabat.
3359 2412 3468 2466 Sed

1880 2517 2105 2590 quidam
2172 2515 2537 2578 adolescens,
2603 2509 2839 2566 fidiculis
2912 2505 3228 2572 contentis,
3295 2503 3468 2571 dixit,

1880 2609 2250 2667 Alexandrum
2305 2607 2374 2661 ab
2433 2605 2625 2661 amicis
2673 2602 2937 2658 Romanis
3005 2599 3269 2670 petiisse,
3324 2605 3386 2652 ut
3440 2614 3472 2652 a

1880 2711 2098 2766 Caesare
2169 2718 2496 2772 vocaretur,
2552 2705 2618 2759 ad
2693 2703 2960 2758 indicium
3022 2693 3335 2754 faciendum
3402 2692 3472 2750 de

1879 2801 2196 2858 Mithridate
2226 2799 2557 2855 Parthorum
2606 2812 2732 2866 rege
2757 2834 2772 2858 ,
2799 2795 2891 2865 qui
2941 2808 3064 2848 cum
3096 2798 3249 2860 patre
3279 2785 3473 2843 amici-

1879 2897 2009 2953 tiam
2061 2903 2254 2952 contra
2291 2893 2569 2949 Romanos
2618 2889 2834 2944 iniisset
2895 2903 2909 2940 :
2959 2883 3215 2940 eumdem
3266 2880 3472 2936 habere

1879 3003 2155 3045 venenum
2199 2985 2466 3042 Ascalone
2501 2989 2888 3054 praeparatum.
2934 2977 3061 3032 llaec
3099 2975 3470 3031 temeritatem

182 3086 495 3156 Καίσαρος,
529 3083 872 3154 μηνύσαντα,
902 3083 1243 3155 Μιθριδάτην
1261 3086 1352 3137 τὶν
1386 3082 1610 3153 βασιλέα
1634 3085 1777 3154 Πάρ-

1882 3082 2116 3140 Herodis
2163 3078 2442 3136 consolata
2489 3085 2636 3131 sunt.
2667 3071 2745 3128 Ac
2788 3085 3060 3125 venenum
3103 3067 3287 3123 statim
3317 3081 3472 3136 qum-

184 3176 296 3232 θων
327 3175 411 3247 τῷ
437 3174 607 3245 πατρὶ
638 3173 970 3243 φιλιωθέντα
1002 3173 1149 3227 κατὰ
1197 3174 1511 3243 Ῥωμαίων,
1546 3171 1692 3227 εἶναι
1717 3173 1775 3227 δὲ

183 3269 336 3340 αύτῷ
361 3271 460 3324 καὶ
482 3268 777 3338 φάρμακον
812 3266 1326 3335 κατεσκευασμένον
1356 3267 1415 3319 ἐν
1449 3267 1774 3322 Ἀσκάλωνι.

183 3363 380 3418 Ταῦτα
418 3358 673 3433 Ἡρώδης
700 3347 803 3426 τῆς
835 3359 1174 3428 προπετείας
1213 3359 1492 3426 ἐλογίζετο
1515 3360 1779 3431 παραμύ-

187 3455 341 3509 θιον·
395 3453 460 3507 τὸ
494 3453 681 3522 μέντοι
709 3451 1004 3520 φάρμακον
1043 3451 1205 3514 εὐθὺς
1236 3451 1492 3521 ζητηοέν,
1539 3453 1638 3522 οὐχ
1690 3452 1781 3505 εὐ-

190 3547 348 3619 ρέθη.
381 3544 483 3598 Διὰ
513 3543 573 3597 δὲ
611 3542 712 3612 τὴν
731 3541 842 3594 τῶν
873 3541 1065 3596 κακῶν
1089 3542 1402 3613 ὑπερϐολὴν
1435 3545 1463 3596 ὁ
1524 3543 1779 3609 Ἀλέξαν-

187 3641 316 3710 ὅρος
339 3636 665 3707 φιλονείκως
690 3635 982 3700 διατεθεὶς,
1015 3635 1109 3688 κοιλ⁸
1148 3635 1436 3706 βουληθεὶς
1463 3637 1780 3708 ἀμύνασθαι

189 3733 319 3795 τοὺς
344 3729 608 3802 ἐχθροὺς,
643 3726 712 3781 ἵν’
777 3727 926 3797 αύτῷ
977 3728 1412 3793 συναπόλωνται,
1473 3729 1780 3798 γράμματα

190 3825 458 3894 πέπομφε
490 3821 572 3890 τῷ
599 3820 792 3892 πατρὶ,
827 3820 903 3882 ὡς
937 3820 1092 3874 οὐδὲν
1122 3821 1204 3874 δεῖ
1237 3820 1556 3891 βασανίζειν
1578 3838 1591 3851 ·
1621 3821 1780 3889 μελε-

189 3913 564 3984 τηθῖνιαιγὰρ
597 3915 700 3981 τὴν
747 3909 1064 3979 ἐπιϐουλὴν,
1103 3910 1199 3962 καὶ
1257 3908 1467 3978 ταύτης
1528 3911 1780 3980 μετέχει-ι

189 4010 280 4063 τόν
309 4024 372 4061 τι
392 4005 658 4076 Φερώραν
679 4002 919 4064 καὶτοὺς
947 4002 1309 4065 πιστοτάτους
1360 4002 1512 4072 αὐτῷ
1562 4001 1669 4055 τῶν
1692 4003 1784 4070 φί-

193 4101 318 4154 λων.
346 4095 624 4167 Σαλώμην
669 4094 727 4150 δὲ
751 4095 846 4148 καὶ
897 4093 1120 4164 νύκτωρ
1158 4093 1589 4147 ἐπεισελθοῦσαν
1634 4093 1784 4165 αύτῷ

199 4192 432 4263 μιγῆναι
461 4189 558 4244 καὶ
609 4187 836 4242 ἄκοντι·
891 4185 1031 4239 ἀλλὰ
1071 4186 1164 4239 καὶ
1215 4184 1424 4250 πάντας
1471 4185 1552 4249 είς
1583 4187 1785 4239 ταυτὸν

192 4286 368 4358 ἣκειν,
390 4282 463 4338 ἶν’
483 4283 552 4336 ἐκ
578 4280 745 4352 μέσον
771 4279 937 4334 αὐτοῦ
961 4281 1253 4349 γεγονότος
1303 4278 1673 4346 ἀπαλλαγεῖεν
1689 4279 1783 4334 τοῦ

197 4379 282 4432 ἀεὶ
333 4373 728 4447 φθαρήσεσθαι
753 4373 1082 4445 προσδοκᾷν.
1141 4373 1436 4443 ’Δρχὲλαος
1485 4373 1544 4428 δὲ
1589 4375 1618 4427 ὁ
1673 4372 1784 4426 τῶν

1886 3176 2051 3230 situm
2105 3179 2224 3234 est,
2261 3169 2356 3224 sed
2411 3184 2521 3224 non
2577 3166 2881 3220 inventum.
2927 3160 3238 3216 Alexander
3284 3166 3469 3212 autem

1886 3268 2154 3322 malorum
2212 3259 2590 3332 magnitudine
2646 3255 3046 3316 exacerbatus,
3104 3261 3165 3306 ut
3215 3250 3470 3304 inimicos

1885 3359 2266 3416 ulcisreretur,
2311 3360 2368 3405 et
2417 3367 2524 3404 una
2561 3364 2748 3403 secum
2808 3347 2862 3401 in
2922 3345 3150 3400 exitium
3183 3341 3469 3402 traheret.

1886 3450 1952 3504 ad
1995 3457 2204 3520 patrem
2253 3441 2473 3512 scripsit
2498 3480 2512 3504 ,
2545 3439 2683 3494 nihll
2727 3454 2868 3509 Opus
2894 3452 3015 3494 esse
3044 3432 3468 3506 quaestionibus.

1886 3543 2019 3598 Nam
2063 3557 2122 3596 se
2164 3535 2392 3594 insidias
2433 3533 2738 3604 cogitasse,
2776 3543 3078 3600 carumque
3123 3526 3304 3582 socios
3349 3537 3472 3577 esse

1887 3634 2184 3690 Pheroram
2208 3671 2222 3692 ,
2251 3639 2308 3685 et
2342 3629 2570 3684 intimos
2610 3626 2728 3696 ejus
2769 3625 2997 3678 amicos.
3049 3617 3304 3672 Salomon
3338 3627 3473 3668 vero

1887 3726 2056 3780 etiam
2096 3731 2264 3776 noctu
2317 3717 2634 3776 cubiculum
2689 3715 3030 3784 ingressam,
3067 3719 3255 3762 secum
3298 3701 3474 3756 invito

1889 3834 2005 3873 rem
2035 3815 2294 3870 habuisse
2337 3831 2350 3865 :
2394 3810 2678 3866 enimvero
2713 3819 2906 3860 omnes
2935 3803 2989 3855 in
3017 3815 3085 3853 eo
3118 3795 3469 3856 consentire.

1891 3921 1953 3967 ut
1993 3912 2112 3980 ipso
2163 3925 2194 3964 e
2251 3905 2432 3961 medio
2482 3901 2721 3964 sublato,
2776 3902 3050 3967 perpetuo
3107 3890 3259 3946 exitii
3321 3899 3473 3943 metu

1889 4003 2217 4058 liberentur.
2260 3999 2534 4053 Czeterum
2577 3991 2875 4048 Archelaus
2907 3983 3292 4054 Cappadocum
3336 3994 3473 4044 rex,

1894 4097 1962 4151 iis
1991 4093 2228 4164 cognitis
2249 4131 2264 4155 ,
2297 4089 2366 4144 de
2396 4086 2508 4142 lilia
2539 4095 2595 4141 et
2627 4096 2832 4154 genero
2860 4077 3133 4135 sollicitus
3159 4113 3175 4139 ,
3209 4071 3473 4128 Hieroso-

1891 4189 2035 4260 lyma
2077 4185 2271 4248 venit,
2305 4179 2601 4236 artificiose
2651 4171 2931 4230 molestias
2981 4169 3176 4224 sedare
3221 4172 3472 4220 conatus.

1894 4259 2030 4336 Nam
2061 4277 2468 4332 adolescentem
2502 4266 2830 4332 accusabat,
2867 4274 2924 4318 et
2959 4259 3230 4317 Herodem
3255 4271 3472 4326 aequum

1895 4368 2124 4424 vocabat
2147 4407 2163 4431 ,
2195 4377 2362 4432 seque
2390 4361 2794 4428 diremptorum
2822 4367 2943 4408 esse
2973 4348 3286 4421 conjugium
3315 4345 3479 4415 250

193 4467 588 4523 Καππαδοκῶν
635 4439 891 4536 βασιλεὺς
933 4439 1109 4518 ταύτα
1157 4439 1370 4534 μοιβ-ὼν,
1400 4465 1494 4517 καὶ
1539 4464 1777 4533 άγωνιῶι

1900 4460 2280 4534 proﬁtebatur.
2320 4455 2420 4510 lllo
2462 4469 2526 4508 ea
2567 4450 2823 4512 dicente,
2852 4443 3098 4500 Herodes
3131 4439 3340 4496 saevitia
3382 4451 3475 4491 re-

195 4559 332 4630 ὑπέρ
357 4573 423 4610 τε
455 4555 559 4625 τῆς
581 4554 856 4624 θυγατρὸς
879 4553 1090 4607 καὶτοῦ
1113 4554 1405 4626 κηδεστοῦ,
1421 4555 1777 4627 παραγέγονεη

1897 4557 2066 4612 missa
2093 4594 2108 4620 ,
2141 4552 2196 4607 in
2236 4562 2530 4606 mterorem
2575 4551 2632 4599 et
2662 4542 2934 4612 lacrymas
2963 4536 3146 4606 erupit
3179 4553 3194 4589 :
3233 4545 3473 4600 eumque

197 4658 283 4706 καῖ
314 4649 542 4718 εὐφυῶς
571 4648 764 4719 μετῄει
789 4646 900 4699 τῶν
921 4646 1240 4700 λυπούντων
1261 4649 1362 4718 τὴν
1387 4648 1788 4719 ἐπανόρθωσιν,

1895 4647 2150 4719 rogavit,
2198 4659 2267 4699 ne
2312 4635 2724 4696 matrimonium
2767 4631 3094 4693 dirimeret,
3141 4624 3238 4682 sed
3275 4625 3477 4680 omissa

197 4743 286 4796 τοῦ
328 4743 436 4815 μὲν
470 4740 764 4796 νεανίσκου
817 4739 1276 4809 καταγινώσκων.
1320 4741 1546 4811 ἐπιεικῆ
1585 4740 1643 4794 δὲ
1700 4741 1777 4794 τοι

1893 4716 2218 4803 iracundia,
2274 4732 2487 4790 delictis
2560 4723 2928 4785 adolescentis
2994 4722 3210 4776 veniam
3297 4716 3476 4772 daret.

200 4837 461 4907 Ἥρὼδην
491 4832 812 4898 ἀποκαλῶν,
871 4833 963 4886 τόν
1009 4849 1069 4886 τε
1100 4833 1276 4904 γάμον
1310 4832 1555 4887 διαλύειν
1606 4833 1785 4902 ἔλεγε.

198 4928 437 4982 Τοιαῦτα
466 4926 528 4980 δὲ
578 4925 835 4996 λέγοντος
872 4925 968 4980 τοῦ
1013 4926 1338 4996 Ἀρχελάου,
1395 4927 1630 4980 ἐνεδίδου
1685 4927 1785 4997 τῆς

199 5024 572 5093 χαλεπότητος
613 5018 885 5092 Ἡρώδης,
928 5021 1022 5073 καὶ
1066 5021 1372 5088 κατήνικτο
1409 5020 1554 5090 πρὸς
1606 5018 1788 5091 λύπην

202 5116 291 5167 καὶ
323 5115 584 5186 δάκρυα’
623 5113 802 5167 ἐδεῖτό
858 5129 917 5165 τε
955 5110 1032 5183 μὴ
1059 5111 1212 5164 λύειν
1253 5112 1344 5164 τὸν
1393 5113 1593 5182 γάμον,
1649 5111 1788 5167 ἀλλὰ

208 5209 378 5281 χαλᾷν
415 5208 520 5280 τὴν
546 5206 745 5277 ὀργὴν,
782 5207 870 5276 ἐφ’
923 5200 1005 5269 οἷς
1036 5207 1065 5258 ό
1096 5204 1384 5266 νεανίσκος
1435 5204 1783 5275 ἡμάρτηκεν.

212 5302 511 5375 Ἀρχέλαος
539 5300 624 5364 δὲ,
659 5301 762 5372 ἠδη
799 5298 1144 5370 μαλαχθέντα
1166 5296 1258 5348 τὸν
1295 5295 1544 5366 Ἡρώδην
1579 5295 1784 5366 θεώμε-

203 5411 308 5458 νος.
340 5397 421 5458 εἰς
453 5392 651 5456 ἄλλους
679 5391 776 5453 τὰς
814 5391 992 5451 αἰτίας
1031 5387 1324 5458 μετέφερε,
1352 5387 1675 5456 καὶμᾶλλον
1705 5387 1786 5449 είς

205 5490 294 5544 τόν
335 5486 624 5561 Φερώραν.
668 5486 726 5540 '0
759 5484 816 5538 δὲ
860 5481 995 5554 πρὸς
1045 5480 1341 5553 Ἀρχέλαον
1388 5481 1678 5551 ἐτράπετο,
1717 5479 1785 5532 ἶν’

1889 4831 2222 4892 Archelaus.
2269 4841 2394 4882 cum
2430 4819 2702 4877 Herodem
2731 4817 2844 4889 jam
2880 4813 3195 4883 mitigatum
3225 4807 3478 4871 videret,

1895 4925 2112 4994 culpam
2141 4921 2195 4975 in
2229 4918 2367 4973 alios
2389 4911 2788 4973 transferebat,
2819 4907 3118 4963 Pheroram
3149 4897 3478 4971 praisertim.

1893 4989 2004 5072 Cui
2028 5010 2242 5084 roganti
2277 5018 2337 5063 ut
2361 5020 2460 5077 pro
2485 5019 2544 5060 se
2584 5000 2729 5073 apud
2766 4998 3038 5056 llerodem
3076 4989 3479 5050 intercederet,

1895 5103 2072 5162 suasit
2125 5112 2185 5156 ut
2224 5101 2338 5170 ipse
2393 5096 2619 5152 fratrem
2667 5088 2990 5147 conveniret
3042 5099 3106 5140 ac
3156 5087 3376 5143 oraret,
3420 5083 3478 5131 et

1896 5196 2112 5266 culpam
2170 5203 2390 5246 onmem
2451 5191 2797 5257 agnosceret.
2851 5178 2942 5235 Sic
2990 5174 3136 5232 enim
3179 5165 3478 5226 iracundiae

1889 5261 2126 5358 rigorem
2159 5281 2376 5338 facilius
2407 5278 2785 5348 mitigaturum
2807 5309 2825 5334 ,
2870 5283 3040 5336 seque
3068 5264 3144 5320 illi
3187 5261 3358 5316 affore
3389 5266 3474 5314 est

1887 5348 2188 5452 pdllicitus.
2224 5375 2386 5430 Paret
2416 5370 2688 5426 Pheroras
2711 5405 2728 5432 ,
2767 5379 2867 5436 per
2902 5357 3228 5416 Archelaum
3272 5348 3470 5405 Ilerodi

1889 5448 2305 5538 reconciliatur,
2334 5465 2500 5524 etiam
2530 5459 2839 5520 Alexandro
2868 5453 3102 5512 crimine
3140 5448 3395 5503 liberato.

1417 5641 1616 5703 νηπίω
1643 5641 1951 5702 lectiones
1983 5641 2043 5699 et
2080 5645 2272 5698 noue.

283 5776 399 5847 (47)
427 5771 710 5838 Δεδεκώς.
770 5768 920 5824 Alter
969 5783 996 5822 e
1039 5769 1170 5837 Reg.
1218 5768 1474 5831 δεεύκώς.

1537 5769 1779 5822 (ξυξιωι-ι.
1819 5764 2097 5824 δεδοικώς.
