3918 6200
391 231 499 295 Η]
1657 227 1987 289 JOANNIS
2026 227 2354 288 ZONARE
3553 216 3650 289 il!

388 353 572 405 ισοιτο
599 346 735 419 πρὸς
781 344 1037 417 Ἡρώδην
1066 343 1220 413 αὖτῷ
1248 343 1601 413 διαλλακτὴς.
1673 343 1786 396 Καὶ
1842 342 1903 406 ὃς
1943 340 2335 413 συνεϐούλευεν
2393 337 2565 405 αὐτῷ.
2622 335 2830 405 βέλτιον
2878 335 2950 389 δι’
2985 332 3185 388 ἐαυτσῦ
3237 330 3651 442 προσιέναι-’τῆ

387 439 623 510 ἀδελφῷ,
665 440 759 494 καὶ
779 439 985 493 δεῖσθαι
1016 438 1236 491 πάντων
1260 436 1633 506 ὁμολογοῦντα
1668 436 1845 491 αἴτιον
1910 435 2129 489 ἐαυτὸν’
2198 433 2431 499 μαλάξαι
2493 428 2861 537 γὰριοῖιτωὲτδ
2890 427 3129 537 σκληρὸν
3153 427 3257 535 τῆς
3298 425 3494 537 οργῆς.
3530 426 3657 537 ‘Ka‘.

387 536 551 598 αὐτὸς
581 535 637 587 δὲ
669 536 863 605 παρὼν
889 532 1259 603 συλλήψεσθαι
1300 532 1690 602 ἐπηγγέλλετο.
1715 533 1973 585 Πείθεται
2009 533 2038 585 6
2070 530 2349 601 Φερώρας.
2408 530 2503 583 καὶ
2545 525 2899 596 Ἀλέξανδρος
2960 523 3068 594 μέν
3110 523 3220 576 τῶν
3255 523 3452 577 αἰτιῶν
3518 524 3651 577 ἀπε.-

386 629 565 690 λύετο,
603 631 895 702 Ἀρχέλαος
924 630 983 682 δὲ
1020 628 1099 699 τῷ
1141 629 1355 701 Ἡρώδῃ
1389 630 1477 709 τον
1510 628 1772 700 Φερώραν
1812 627 2091 698 διήλλαξε.

461 766 598 820 XXI.
641 767 841 820 Verum
886 766 1051 837 longo
1106 776 1350 837 tempore
1404 779 1527 838 post
1569 769 1727 822 liberi
1774 777 1833 823 et
1878 784 1958 824 res

2148 768 2279 822 KA'.
2313 768 2466 822 Μετά
2499 766 2688 838 καιρὸν
2726 764 2782 819 δέ
2827 763 2996 817 πολὺν
3031 764 3216 832 χεῖρον
3256 761 3382 830 ἔσχε
3418 760 3491 813 τὰ
3522 761 3663 814 κατ)

383 856 715 912 domesticae
763 855 997 912 Herodis
1049 859 1206 930 longe
1257 860 1412 929 pejus
1457 860 1793 915 habuerunt.
1831 861 1958 916 Nam

2070 864 2199 925 τοὺς
2239 862 2434 925 παῖδας
2455 862 2551 915 καὶ
2584 860 2682 931 τὴν
2720 858 2898 912 οῗκίαν
2944 856 3188 927 Ἡρώδῃ.
3225 854 3515 925 Εὐρυκλῆς
3551 856 3661 925 γὰρ
3699 910 3710 921 ν

387 948 653 1019 Eurycles
709 949 1198 1014 Lacedaemonius,
1254 951 1422 1006 homo
1480 952 1624 1022 apud
1676 968 1806 1009 suos
1857 969 1958 1008 non

2071 955 2181 1009 ἀπὺ
2208 954 2641 1022 Λακεδαίμονος,
2668 951 2769 1006 οὐκ
2793 950 2897 1022 ἄση
2910 968 3007 1020 μσς
3029 950 3137 1003 τῶν
3159 949 3299 1009 ἐκεῖ,
3319 948 3584 1007 κάκιστος
3606 947 3657 1000 δέ

381 1041 656 1095 obscurus
680 1080 694 1105 ,
725 1041 820 1095 sed
870 1042 1091 1112 pessimi
1120 1044 1288 1098 animi
1317 1084 1333 1110 ,
1384 1043 1584 1099 Herodi
1645 1048 1969 1103 muneribus

385 1130 622 1197 oblatis,
676 1143 733 1188 et
781 1135 1031 1204 pluribus
1086 1139 1361 1208 acceptis,
1416 1140 1469 1193 in
1524 1144 1666 1212 regis
1717 1142 1964 1196 intimam

387 1222 690 1279 amicitiam
721 1235 805 1280 est
853 1241 1129 1298 receptus.
1168 1229 1558 1287 Diversabatur
1592 1244 1773 1290 autem
1819 1237 1965 1305 apud

386 1314 737 1384 Antipatrum
774 1334 788 1370 :
831 1317 925 1372 sed
957 1329 1014 1373 et
1049 1321 1340 1377 Alexandri
1371 1324 1515 1379 (edes
1540 1324 1965 1398 frequentabat,

386 1423 448 1464 se
483 1409 753 1465 Archelao
801 1426 1020 1481 quoque
1070 1422 1259 1469 notum
1309 1432 1430 1472 esse
1474 1434 1759 1483 asserens,
1789 1437 1963 1492 eaque

386 1498 458 1553 de
487 1515 649 1555 causa
679 1499 1006 1573 Glaphyram
1036 1505 1219 1561 colere
1250 1506 1561 1564 simulabat.
1608 1509 1748 1566 Huic
1789 1513 1841 1567 in
1877 1514 1960 1568 fa-

386 1591 766 1649 miliaritatem
800 1610 1045 1666 recepto.
1081 1599 1391 1656 Alexander
1417 1617 1544 1658 suas
1589 1605 1881 1676 tragoedias
1909 1616 1963 1663 ct

386 1685 579 1741 matris
624 1687 907 1742 interitum
967 1688 1279 1755 referebat,
1306 1690 1385 1746 ac'
1413 1708 1520 1747 non
1564 1693 1791 1750 ferenda
1838 1711 1961 1753 esse

386 1774 478 1830 illa
509 1777 748 1834 dicebat.
784 1778 916 1846 Quae
945 1795 1069 1834 cum
1100 1781 1352 1839 dolenter
1381 1784 1664 1851 effaretur,
1697 1787 1962 1860 Eurycles

387 1868 573 1923 omnia
616 1871 873 1925 narrabat
918 1872 1206 1943 Antipatro
1251 1875 1365 1930 :ab
1409 1892 1584 1947 eoque
1639 1880 1961 1938 muneribus

388 1958 631 2028 acceptis
654 1998 671 2025 ,
702 1970 764 2015 ut
794 1961 985 2017 eadem
1020 1963 1160 2033 patri
1189 1965 1451 2029 referret.
1490 1969 1569 2023 sic
1600 1985 1782 2040 regem
1812 1987 1962 2027 com-

2068 1047 2166 1117 τὴν
2218 1046 2540 1118 προαίρεσιν
2568 1044 2876 1115 ἄνθρωπος,
2914 1042 3261 1111 ἐπιδημήσας
3290 1040 3427 1108 πῴς
3475 1037 3661 1109 Ἥρώ-

2067 1138 2186 1202 δην,
2202 1137 2417 1191 δίδωσιν
2432 1137 2581 1207 αὐτῷ
2594 1136 2764 1207 δῶρα,
2786 1136 2879 1189 καὶ
2893 1134 3063 1188 πλείω
3075 1134 3279 1196 λαϐὼν,
3292 1132 3487 1201 γέγονε
3505 1132 3667 1200 φίλιε

2067 1233 2125 1285 ἐν
2145 1233 2259 1294 τοῖς
2285 1230 2524 1298 μάλιστα
2555 1229 2650 1283 τοῦ
2683 1228 2971 1300 βασιλέως.
2995 1223 3105 1281 Ἦν
3135 1226 3191 1281 δέ
3215 1226 3364 1294 αὐτῷ
3395 1243 3652 1293 καταγωο

2066 1320 2137 1391 γὴ
2161 1323 2217 1372 ἐν
2239 1323 2351 1384 τοῖς
2389 1320 2751 1391 ’Λντιπάτρου
2775 1334 2789 1348 °
2814 1320 3047 1390 προσῄει
3077 1319 3135 1372 δὲ
3163 1321 3258 1372 καὶ
3294 1317 3669 1388 Ἀλεξάνδρῳ,

2065 1414 2305 1481 γνωστὸς
2349 1408 2491 1466 εἶναι
2533 1413 2709 1480 λέγων
2756 1416 2852 1467 καὶ
2900 1413 3205 1483 Ἀρχελάῳ,
3238 1412 3364 1466 ὅθεν
3408 1411 3505 1464 καὶ
3559 1414 3662 1479 τὴν

2065 1506 2354 1577 Γλαφύραν
2382 1509 2546 1578 τιμᾷν
2567 1507 2913 1577 ὑπεκρίνετο,
2946 1508 3133 1577 Τούτῳ
3160 1507 3381 1575 συνήθει
3404 1504 3660 1574 γεγονῦτι

2078 1596 2431 1668 Ἀλέξανδρος
2482 1598 2550 1650 τὰ
2611 1597 2738 1651 καθ’
2797 1597 2990 1650 ἐαυτὸν
3034 1596 3395 1667 ἐξετραγῲδει
3450 1599 3546 1649 καὶ
3598 1597 3667 1648 τὶ

2067 1692 2208 1746 κατὰ
2260 1691 2361 1761 τὴν
2420 1691 2635 1761 μητέρα
2686 1689 2959 1752 ἐδίδασκε,
2997 1690 3090 1741 καὶ
3142 1689 3294 1757 ἔλεγε
3349 1691 3428 1758 μὴ
3474 1687 3666 1740 δοκεῖν

2065 1782 2287 1838 ἀνεκτά.
2324 1783 2431 1836 Καὶ
2455 1783 2483 1834 6
2516 1782 2618 1852 μέν
2647 1779 2830 1849 ἀλγῶν
2854 1779 3132 1842 τοιούτους
3159 1780 3350 1848 λόγους
3384 1778 3667 1847 πεποίητο

2065 1875 2202 1945 πρὸς
2242 1876 2333 1929 τὸν
2376 1872 2662 1943 Εὐρυκλῆν
2697 1889 2710 1903 ·
2757 1875 2786 1926 6
2831 1874 2886 1926 δὲ
2939 1874 3114 1927 πάντα
3164 1874 3241 1942 τῷ
3300 1871 3660 1942 Ἀντιπάτρῳ

2063 1969 2348 2039 ἀνέφερεν.
2400 1968 2763 2039 Ἀντίπατρος
2795 1966 2853 2020 δέ
2890 1965 3085 2037 δώροις
3135 1967 3298 2020 αὐτὸν
3342 1965 3652 2031 ἐδεξιοῦτο,

389 2050 596 2117 movit,
630 2060 690 2106 ut
732 2052 861 2108 odio
908 2056 1237 2125 implacabili
1290 2056 1530 2115 arderet.
1587 2059 1699 2117 Hac
1748 2064 1958 2120 ratione

2065 2062 2160 2113 καὶ
2190 2061 2342 2129 ἠξίου
2368 2061 2500 2131 πρὸς
2537 2061 2631 2115 τὸν
2661 2061 2869 2131 πατέρα
2897 2062 3023 2123 τοὺς
3054 2060 3247 2127 λόγους
3286 2059 3539 2130 φράζειν.
3586 2057 3653 2112 Ὅ

1992 2110 2037 2166 Β

388 2141 559 2209 partis
585 2143 784 2212 opibus
808 2144 1078 2202 discessit.
1124 2148 1369 2205 Herodes
1397 2168 1530 2207 vero
1555 2164 1701 2210 tanta
1735 2155 1958 2213 iracun-

2062 2152 2119 2206 δὲ
2163 2152 2305 2207 οὕτω
2348 2153 2440 2207 τὸν
2487 2153 2717 2223 βασιλέα
2764 2151 3050 2221 διέθηκεν.
3102 2152 3178 2215 ὡς
3223 2152 3673 2222 ἀμετάγνωστον

386 2230 480 2287 dia
510 2243 701 2290 contra
744 2234 886 2293 ﬁlios
906 2238 1201 2307 efferbuit,
1234 2253 1293 2297 ιιι
1323 2244 1819 2305 calumniatoribus
1846 2251 1957 2321 jam

385 2323 525 2380 nihil
568 2339 716 2384 esset
747 2346 923 2400 opus,
964 2334 1060 2388 sed
1108 2335 1221 2402 ipse
1268 2337 1412 2392 dicta
1464 2338 1713 2411 factaque
1762 2359 1958 2400 eorum

2062 2244 2289 2315 ποιῆσαι
2315 2245 2377 2299 τὸ
2409 2248 2585 2314 μῖσος.
2625 2247 2734 2300 Kal.
2755 2248 2783 2300 6
2808 2245 2909 2315 μὲν
2938 2245 3107 2318 ἀπῄει
3138 2244 3660 2315 χρηματισάμενος.

2072 2340 2322 2412 Ἡρώδης
2358 2340 2416 2394 δὲ
2462 2340 2720 2394 τοσοῦτον
2753 2340 2890 2409 πρὸς
2922 2339 3048 2400 τοὺς
3090 2339 3283 2401 παῖδας
3321 2336 3677 2405 ἐξὼργιστοι

383 2417 569 2473 omnia
614 2421 831 2477 curiose
873 2423 1157 2493 indagaret
1215 2439 1378 2499 atque
1418 2431 1759 2489 observaret.
1818 2435 1957 2492 Cum

2062 2431 2134 2494 ὡς
2166 2432 2366 2502 μηκέτι
2412 2432 2622 2486 δεῖσθαι
2666 2431 2957 2495 διαϐολῶν,
2993 2429 3107 2484 ἀλλ’
3138 2430 3300 2491 αὐτὸς
3344 2430 3660 2501 περιεργά-

384 2519 569 2565 autem
622 2512 733 2568 duo
776 2530 843 2570 ex
902 2518 1046 2588 regis
1090 2520 1421 2578 satellitibus
1470 2540 1568 2595 per
1616 2526 1959 2585 iracundiam

382 2603 644 2671 expulsi,
688 2620 814 2661 cum
844 2608 1137 2665 Alexandri
1178 2613 1445 2671 ministris
1490 2617 1805 2687 equitarent
1832 2661 1845 2684 ,
1888 2622 1959 2677 ab

381 2704 559 2763 coque
606 2709 835 2753 munera
880 2700 1266 2770 accepissent:
1319 2704 1563 2762 Herodes
1592 2710 1776 2765 statim
1820 2712 1954 2768 sini.

385 2782 487 2838 stri
529 2785 736 2857 aliquid
780 2790 1092 2861 suspicatus
1114 2832 1129 2858 ,
1160 2797 1495 2862 quaastiones
1539 2800 1607 2857 de
1640 2803 1709 2859 iis
1740 2803 1959 2862 habuit.

385 2874 427 2930 li
478 2892 610 2933 vero
680 2882 951 2955 principio
1021 2889 1302 2944 cruciatus
1370 2891 1699 2961 tolerantes,
1758 2898 1959 2956 deinde

382 2981 716 3041 narrarunt,
749 2978 1118 3035 Alexandrum
1150 2999 1179 3038 a
1220 2999 1279 3039 se
1312 2985 1536 3059 petiisse
1578 2999 1637 3044 ut
1684 2990 1955 3049 Herodem

382 3064 439 3119 in
473 3080 667 3124 venatu
696 3074 1030 3131 occiderent.
1064 3078 1202 3146 Sunt
1226 3093 1279 3137 et
1306 3082 1373 3139 de
1407 3088 1717 3144 Alcxandrii
1749 3092 1955 3148 castelli

384 3158 645 3225 przefecto
675 3166 1007 3230 quaestiones
1034 3168 1234 3226 habita:
1253 3214 1269 3239 ,
1300 3175 1454 3245 quasi
1488 3178 1830 3246 promisisset
1857 3223 1872 3245 ,
1899 3197 1958 3236 se
1986 3228 1995 3233 ,

382 3248 759 3310 adolescentes
783 3260 1009 3314 castello
1033 3273 1405 3334 recepturum.
1461 3269 1558 3324 lllo
1588 3280 1771 3327 autem
1817 3272 1955 3329 nihil

382 3341 713 3411 confitente.
743 3348 887 3407 illius
928 3352 1045 3423 ejus
1092 3355 1165 3410 ita
1205 3356 1408 3414 factum
1456 3375 1599 3417 esse-
1626 3361 1953 3433 affirmavit,

2062 2524 2252 2590 ζεσθαι
2295 2526 2365 2579 τὰ
2421 2524 2649 2578 ἐκείνων
2702 2525 2798 2578 καὶ
2847 2525 3189 2595 παρατηρεῖν
3244 2522 3483 2577 ἕκαστα.
3533 2522 3664 2573 Δύω

2060 2618 2193 2687 γοῦν
2225 2619 2333 2673 τῶν
2366 2616 2850 2689 σωματοφυλάκων
2888 2616 2981 2672 τοῦ
3022 2617 3288 2688 βασιλέως
3322 2616 3449 2669 κατ’
3480 2614 3663 2683 ὀργὴν

2061 2708 2228 2763 αὐτοῦ
2263 2709 2632 2776 ἀπεωσμένοι,
2662 2709 2775 2772 τοῖς
2815 2708 2943 2778 περὶ
2988 2707 3343 2777 Ἀλέξανδρον
3372 2708 3662 2758 συνιππά-

2062 2801 2238 2866 ζοντο,
2270 2802 2365 2855 καὶ
2399 2802 2548 2871 δῶρα
2572 2801 2629 2868 ἐξ
2651 2801 2861 2854 ἐκείνου
2886 2800 3236 2876 ἐλάμϐανον..
3265 2797 3663 2860 ’Υποπτεύσας

2060 2889 2157 2947 οὖν
2180 2892 2406 2954 τούτους
2439 2890 2707 2962 Ἡρώδης,
2749 2891 2913 2954 εὐθὺς
2965 2889 3307 2954 ἐϐασάνιζεν.
3360 2890 3426 2942 Οἱ
3479 2888 3540 2942 δὲ
3596 2888 3657 2941 τὸ

2063 2982 2163 3054 μὲν
2191 2981 2408 3051 πρῶτον
2432 2980 2839 3053 διεκαρτέρουν,
2869 2978 2966 3035 εἶτ’
2990 2980 3336 3049 ἀπήγγελλον
3355 2980 3433 3044 ὥς
3469 2982 3661 3035 πείθιε

2061 3075 2260 3139 αὐτοὺς
2293 3079 2503 3130 κτεῖναι
2534 3075 2788 3146 θηρῶντα
2820 3075 2914 3128 τὸν
2963 3075 3209 3147 Ἡρώδην
3265 3074 3656 3145 Ἀλέξανδρις.

2060 3166 2170 3219 Καὶ
2200 3168 2227 3221 6
2270 3166 2620 3238 φρούραρχος
2648 3166 2705 3221 δέ
2733 3167 2829 3220 τοῦ
2873 3166 3248 3238 Ἀλεξανδρίου
3279 3167 3540 3238 ὴτάζετο,
3577 3168 3655 3232 ὡς

2060 3258 2535 3328 ἐπαγγειλάμενος
2583 3255 2841 3322 δέξασθαι
2892 3257 3019 3322 τοὺς
3086 3257 3404 3321 νεανίσκους
3460 3260 3522 3311 ἐν
3577 3259 3661 3329 τῷ

2062 3353 2328 3422 φρουρίῳ.
2372 3351 2641 3415 Κάκεῖνος
2687 3351 2784 3421 μὲν
2835 3351 2989 3405 οὐδὲν
3029 3351 3323 3421 ὡμολόγει,
3368 3353 3397 3406 6
3438 3353 3499 3406 δέ
3534 3355 3659 3418 υἱὸς

385 3443 444 3488 et
492 3434 705 3494 litteras
739 3455 803 3496 ea
833 3442 901 3498 de
933 3460 992 3499 re
1027 3446 1229 3503 obtulit
1252 3488 1267 3509 .
1313 3466 1435 3521 qua:
1460 3451 1756 3509 Alexandri
1792 3472 1958 3514 manu

2063 3441 2229 3497 αὐτοῦ
2275 3443 2449 3497 ταῦτα
2490 3444 2747 3513 γενέσθαι
2776 3444 3052 3509 κατέθετο,
3090 3445 3187 3499 καὶ
3225 3448 3472 3517 γράμμα
3519 3450 3659 3501 ἐπέ-

382 3528 604 3599 scripta:
650 3531 807 3604 251
858 3536 1197 3594 viderentur.
1229 3540 1367 3595 Tum
1402 3557 1534 3599 vero
1579 3543 1825 3603 Herodes
1846 3564 1957 3604 non

377 3622 491 3694 jam
520 3625 807 3685 dubitabat
835 3631 904 3687 de
936 3632 1171 3690 ﬁliorum
1207 3635 1455 3705 insidiis,
1488 3639 1617 3697 licet
1649 3643 1958 3701 Alexandro

380 3715 654 3789 Antipatri
736 3721 864 3778 dolo
934 3725 988 3780 id
1044 3727 1311 3798 scriptum
1378 3744 1501 3788 esse
1567 3736 1957 3794 concinnatum

383 3808 708 3870 aﬂirmante.
739 3816 1133 3876 Adolescentes
1163 3821 1329 3893 igitur
1360 3832 1474 3879 tum
1500 3826 1956 3899 obscrvabantur,

383 3909 549 3971 atque
596 3903 650 3958 in
707 3907 1002 3977 ignominia
1051 3923 1106 3967 et
1149 3924 1298 3968 metu
1350 3914 1730 3973 damnatorum
1779 3933 1953 3979 erant.

382 3994 731 4055 Aristobulus
769 4012 952 4057 autem
1010 4020 1229 4061 socrum
1283 4006 1536 4064 Salomen
1584 4012 1756 4067 vicem
1798 4030 1954 4071 suam

380 4083 601 4147 dolere.
632 4098 687 4145 et
721 4106 847 4145 eum
879 4092 1059 4149 odisse
1097 4097 1193 4166 qui
1235 4098 1361 4153 talia
1390 4099 1677 4165 crederet,
1713 4113 1912 4173 putans
1940 4124 1954 4161 :
2004 4152 2013 4157 .

379 4175 537 4240 Ila'c,
568 4179 781 4249 inquit,
812 4184 904 4239 tibi
933 4202 1136 4258 quoque
1166 4190 1457 4259 periculum
1482 4194 1795 4248 dcmmtiaut
1821 4236 1835 4260 ,
1874 4200 1960 4253 cui

378 4281 495 4334 spes
518 4270 826 4337 nuptiarum
862 4272 1025 4342 Sylcei
1054 4278 1265 4333 crimini
1294 4282 1473 4335 datur.
1528 4283 1600 4337 Ea
1638 4285 1800 4339 verba
1832 4304 1956 4342 mu-

379 4354 483 4408 lier
512 4360 695 4414 statim
728 4362 793 4416 ad
833 4364 1054 4421 fratrem
1086 4369 1277 4425 defert.
1317 4369 1420 4438 Qui
1450 4382 1745 4445 utrumque
1784 4377 1952 4433 lilium

380 4446 624 4503 vinctum
665 4455 893 4509 seersim
937 4459 1237 4521 custodiri,
1266 4476 1331 4516 ac
1376 4462 1688 4533 singulatim
1714 4467 1955 4524 scribere

377 4537 573 4607 jubet,
617 4558 738 4613 qua:
791 4556 979 4603 contra
1033 4562 1241 4620 patrem
1292 4554 1593 4609 meditatus
1651 4567 1816 4612 esset.
1868 4558 1951 4614 llli

379 4628 632 4686 scribunt
684 4651 742 4689 se
777 4637 1005 4695 insidias
1059 4652 1250 4697 contra
1295 4655 1505 4713 patrem
1550 4662 1727 4716 neque
1757 4649 1954 4706 animis

2060 3535 2200 3588 δωκε
2239 3535 2369 3606 περὶ
2400 3534 2628 3599 τούτων,
2655 3535 2731 3599 ὡς
2762 3537 2981 3590 είκάσαι
3017 3536 3116 3601 τῆς
3152 3538 3246 3591 τοῦ
3292 3539 3657 3610 Ἀλεξάνδρου

2059 3622 2267 3693 χειρός.
2311 3626 2373 3677 '0
2417 3624 2516 3695 μὲν
2547 3624 2639 3679 οὖν
2680 3625 2929 3695 Ἡρώδης
2971 3627 3157 3681 οὐκέτι
3191 3629 3544 3702 ἐνδοιάσιμος
3584 3628 3657 3704 ἦν

2061 3717 2194 3787 περὶ
2225 3717 2323 3786 τῆς
2354 3716 2465 3771 τῶν
2498 3717 2705 3771 παίδων
2738 3717 3058 3789 ἐπιϐουλῆς.
3104 3721 3461 3793 Ἀλέξανδρος
3491 3724 3551 3777 δὲ
3585 3725 3661 3779 δι’

2070 3810 2434 3881 ’Δντιπάτρου
2455 3809 2517 3863 τὸ
2542 3809 2945 3881 γραμματίδιον
2964 3815 3415 3885 κακουργηθῆναι
3438 3817 3655 3889 διισχυι

2064 3897 2266 3969 ρίζετο.
2320 3900 2455 3953 Τότε
2494 3900 2594 3969 μὲν
2652 3896 2745 3955 οὖν
2790 3901 3008 3973 φυλακὴ
3053 3903 3164 3957 τῶν
3192 3905 3501 3961 νεανίσκων
3532 3910 3654 3977 ἐγί-

2058 4007 2203 4055 νετο,
2239 3991 2336 4045 καὶ
2370 3992 2685 4045 καταδίκων
2724 3990 2870 4063 εἶχον
2922 3994 3139 4060 ἀδοξίαν
3184 3999 3279 4050 καὶ
3304 3997 3450 4062 δέος.
3501 4000 3563 4053 '0
3594 4002 3653 4055 δέ

2071 4082 2478 4150 Ἀριστόϐουλος
2500 4084 2600 4153 τὴν
2630 4085 2824 4140 ἑαυτοῦ
2855 4087 3128 4158 πενθερὰν
3150 4090 3421 4162 Σαλώμην
3448 4093 3648 4146 συναλ-

2058 4177 2175 4243 γεῖν
2199 4174 2465 4244 οἰόμενος,
2496 4177 2591 4229 καὶ
2624 4183 2805 4249 μισεῖν
2827 4180 2917 4233 τὸν
2942 4181 3011 4234 τὰ
3043 4184 3266 4237 τοιαῦτα
3293 4185 3649 4256 πειθόμενον.

2062 4268 2251 4323 Ταῦτα
2271 4268 2363 4321 καὶ
2380 4271 2500 4332 σοί,
2523 4270 2650 4342 ἔφη,
2668 4271 2952 4326 κίνδυνον
2966 4277 3319 4345 προμηνύει,
3334 4276 3651 4346 διαϐεϐλη-

2054 4361 2208 4431 μένῃ
2238 4361 2367 4415 κατ’
2388 4363 2606 4416 ἐλπίδα
2631 4364 2835 4433 γάμων
2865 4368 3151 4422 Συλαίου.
3180 4367 3425 4433 Τούτους
3458 4373 3650 4441 ἐκείνη

2056 4455 2181 4516 τοὺς
2209 4454 2398 4522 λόγους
2445 4455 2605 4519 εὐθὺς
2641 4457 2942 4527 προσφέρει
2988 4459 3066 4529 τῷ
3094 4460 3327 4533 ἀδελφῷ.
3374 4463 3433 4517 Ὀ
3463 4465 3521 4518 δέ
3559 4465 3646 4519 δε·

2058 4546 2219 4616 θῆναι
2249 4547 2460 4601 κελεύει
2495 4550 2588 4601 καὶ
2618 4549 2787 4618 ἄμφω
2817 4552 2941 4612 τοὺς
2971 4552 3140 4618 υίους,
3159 4557 3252 4608 καὶ
3272 4557 3367 4609 ἀπ’
3396 4558 3648 4621 ἀλλήλων

2055 4641 2363 4712 διαστῆναι,
2396 4642 2607 4714 γράψαι
2639 4662 2698 4697 τε
2734 4643 2969 4699 ἕκαστον
3000 4649 3101 4701 ὅσα
3132 4651 3273 4703 κατά
3302 4651 3399 4706 τοῦ
3437 4657 3646 4726 πατρὸς

380 4720 616 4790 agitasse
636 4764 651 4789 ,
688 4741 867 4798 neque
896 4744 1242 4800 comparasse
1285 4750 1299 4786 :
1331 4734 1426 4789 sed
1466 4735 1645 4806 fugam
1677 4748 1950 4808 spectasse

2062 4737 2416 4805 ἐμελέτησαν.
2462 4740 2524 4791 Οἱ
2568 4738 2627 4791 δέ
2674 4740 3003 4810 γράφουσιν,
3035 4743 3329 4816 ἐπιϐουλὴν
3377 4748 3485 4816 μὲν
3530 4720 3669 4803 οίίτ’⁴

381 4816 711 4879 necessario,
752 4820 901 4888 quod
950 4822 1114 4877 vitam
1187 4825 1477 4881 sollicitam
1528 4838 1585 4884 et
1640 4841 1947 4901 suspectam

2062 4827 2305 4897 ἐννοῆσαι
2335 4828 2475 4883 κατά
2506 4828 2599 4882 τοῦ
2632 4832 2858 4903 πατρὸς,
2878 4831 3004 4887 οὔτε
3029 4834 3133 4906 μὴν
3164 4842 3640 4907 συσκευάσασθαι,

378 4904 659 4977 degerent.
699 4909 837 4967 Tum
873 4914 1036 4985 igitur
1058 4916 1428 4974 Alexandrum
1458 4922 1702 4978 vinctum
1726 4923 1915 4979 eduxit
1936 4966 1951 4989 ,

2049 4920 2295 4992 δρασμὸν
2323 4920 2380 4975 δὲ
2406 4922 2724 4993 μελετῆσαι,
2753 4924 2848 4978 καὶ
2871 4923 3061 4979 τοῦτον
3089 4928 3157 4980 δι’
3187 4928 3464 5001 ἀνάγκην,
3500 4932 3635 4987 ὑπό.

381 5011 650 5067 praesente
692 5013 749 5060 et
799 5006 1057 5064 audiente
1102 5011 1355 5067 Archelai
1397 5012 1596 5085 legato,
1627 5025 1683 5070 et
1718 5014 1786 5072 de
1829 5017 1955 5089 fuga

2062 5032 2190 5068 ητου
2238 5018 2335 5069 xal.
2382 5014 2667 5087 περιδεοῦς
2708 5014 2878 5085 οὔσης
2922 5018 3109 5082 αὐτοῖς
3150 5020 3251 5084 τῆς
3294 5021 3467 5093 ζωῆς.
3509 5025 3642 5079 Τότε

381 5088 739 5159 percontatus
766 5107 851 5151 est
872 5136 887 5161 ,
916 5113 1025 5168 quo
1054 5108 1110 5154 et
1140 5102 1415 5178 quomodo
1444 5103 1729 5160 discedere
1761 5088 1952 5162 volue-

378 5179 491 5236 rit?
517 5180 614 5237 llle
646 5201 795 5251 vero,
837 5188 916 5241 Ad
950 5188 1279 5246 Archelaum
1303 5232 1318 5256 ,
1364 5195 1679 5264 respondit,
1715 5197 1807 5267 qui
1840 5198 1954 5268 pol-

378 5276 562 5334 ticitus
596 5288 778 5347 esset,
813 5297 1016 5338 seeum
1042 5282 1168 5340 inde
1199 5284 1423 5340 Romam
1453 5287 1781 5357 missurum,
1813 5290 1951 5345 nihil

379 5383 562 5431 autem
614 5377 762 5432 aliud
820 5380 1041 5450 gravius
1100 5382 1154 5435 in
1226 5389 1436 5452 patrem
1493 5385 1782 5455 cogitasse.
1857 5385 1953 5442 llis

378 5466 575 5534 dictis,
612 5486 705 5524 rex
735 5470 873 5527 duos
902 5487 933 5526 e
986 5473 1102 5528 suis
1141 5472 1367 5529 Romam
1412 5476 1479 5531 ad
1514 5476 1786 5533 Czcsarem
1819 5494 1948 5535 cum

381 5561 580 5617 litteris
632 5563 808 5630 misit,
841 5578 905 5618 ac
949 5564 1113 5636 jussit
1151 5566 1277 5620 navi
1326 5567 1393 5622 ad
1441 5568 1686 5624 Cili:iam
1727 5571 1951 5638 appulsa

381 5668 506 5709 cum
553 5654 824 5713 Archelao
862 5659 1207 5730 expostulare
1235 5701 1249 5728 ,
1282 5660 1428 5731 quod
1474 5661 1796 5719 insidiarum
1830 5662 1958 5721 filiis

2051 5108 2255 5175 τοίνυν,
2291 5109 2521 5180 ἥκοντος
2549 5109 2919 5181 ἐξἊρχελάου
2949 5112 3312 5181 πρεσϐευτοῦ,
3346 5115 3512 5186 ἐξῆγε
3545 5117 3639 5172 τὸν

2071 5200 2423 5273 Ἀλέξανδρον
2448 5201 2753 5273 δεσμώτην,
2781 5204 2874 5256 καὶ
2901 5204 3029 5275 περὶ
3059 5205 3159 5275 τῆς
3191 5207 3371 5278 φυγῆς
3399 5210 3639 5264 ἐπυνθά-

2060 5311 2182 5347 νετο
2226 5294 2314 5348 ἐπ’
2354 5295 2618 5367 ἀκροάσει
2660 5296 2754 5349 τοῦ
2804 5298 3329 5367 πρεσϐευτοῦ.ὅπου
3380 5304 3476 5358 καὶ
3525 5303 3642 5368 πῶς

2059 5386 2367 5455 ἐγνώκασιν
2416 5388 2723 5461 ἀποχωρεῖν
2747 5404 2762 5420 ·
2808 5392 2836 5444 ὁ
2880 5388 2937 5443 δέ
2982 5390 3118 5461 πρὸς
3169 5390 3465 5462 ’Δρχέλαον
3509 5394 3636 5464 ἔφη,

2062 5478 2272 5532 ἐκεῖθεν
2303 5480 2382 5543 είς
2428 5477 2647 5551 Ῥώμην
2692 5479 3020 5551 συνθέμενον
3050 5481 3400 5552 διαπέμψειν,
3429 5484 3555 5539 ἄλλο
3578 5483 3637 5538 δέ

2061 5573 2212 5627 οὐδὲν
2229 5572 2430 5627 ἄτοπον
2450 5573 2482 5644 ἢ
2500 5573 2758 5645 δυσχερές
2779 5574 3097 5644 λογίσασθαι
3121 5578 3262 5631 κατὰ
3287 5578 3382 5631 τοῦ
3408 5579 3630 5649 πατρός.

2065 5664 2283 5719 Τούτων
2304 5663 2445 5718 οὓτω
2472 5665 2767 5739 ρηθέντων,
2803 5669 2830 5720 6
2857 5666 3131 5738 βασιλεὺς,
3162 5669 3466 5741 γράμματι
3495 5669 3625 5741 πρὸς
