3918 6200
280 243 382 308 451

1546 233 1872 296 JtMNNlS
1910 233 2234 294 ΖΟΝΛΒΑΞ

3442 229 3566 292 652

283 355 742 426 ιιαυίιοε,ἶοι1ἰιιιιι
774 353 969 425 patris,
995 353 1423 408 lamentationes
1444 355 1587 422 apud
1615 343 1868 415 matrem,

1982 351 2046 402 Δί
2078 349 2178 419 μὲν
2207 343 2301 400 οὖν
2332 343 2489 400 ἄλλαι
2546 342 2953 416 ἐνεκαρτέρουν
3006 342 3405 415 ἐχεμυθοῦσαι,
3463 351 3568 416 μία

279 451 428 523 quod
467 457 624 521 pater
657 447 972 503 diutissime
1002 447 1237 510 viveret,
1275 447 1461 514 itaque
1494 461 1553 500 se
1577 444 1870 499 suavitatis

196 534 203 540 ’
283 543 504 615 imperii
535 557 704 598 sensu
738 540 1047 594 cariturum
1072 582 1086 600 ,
1112 541 1156 592 si
1190 539 1415 608 quando
1447 537 1498 590 id
1531 537 1871 606 adipiscere-

281 644 398 697 tur,
433 635 506 691 ob
545 641 833 702 urgentem
867 633 978 699 jam
1012 639 1382 686 senectutem.
1415 628 1540 683 llaec
1564 640 1730 698 atque
1759 630 1868 684 alia

282 728 633 796 plura,qu2e
681 731 894 792 patrem
950 737 1173 790 quoque
1229 729 1553 790 tangerent,
1607 721 1870 776 mulieres

285 809 618 874 referebant.
635 816 853 884 Obqure
877 831 995 873 rex.
1019 813 1304 882 Antipatro
1324 813 1434 881 jam
1455 813 1598 881 apud
1625 813 1866 866 animum

285 927 448 967 suum
473 910 864 968 cmidemnato,
900 915 1131 960 matrem
1154 907 1275 975 ejus
1305 906 1560 960 Doridem
1592 905 1866 974 repudiat,

284 1014 345 1058 et
375 1018 591 1058 omnem
627 1001 679 1057 ei
712 999 977 1054 mundum
1013 999 1216 1067 eripit,
1259 997 1426 1067 pretii
1463 997 1761 1052 multorum
1797 1007 1871 1051 ta-

286 1095 518 1149 lentum.
560 1093 619 1147 ln
650 1078 860 1162 'primis
913 1100 1092 1144 tamen
1138 1089 1410 1142 Herodem
1445 1101 1638 1143 contra
1695 1089 1868 1143 ﬁlium

289 1182 652 1240 inﬂammavit
681 1182 970 1250 Antipater
1006 1189 1337 1250 procurator
1369 1179 1520 1232 illius
1550 1190 1565 1230 :
1602 1193 1727 1233 cum
1761 1179 1869 1232 alia

291 1279 346 1332 in
371 1274 770 1348 quaestionibus
797 1274 1104 1339 confessus,
1138 1282 1252 1326 tum
1286 1271 1442 1336 illud,
1467 1287 1589 1326 eum
1615 1271 1871 1328 Pherora:

288 1382 563 1424 venenum
603 1365 858 1430 dedisse,
917 1379 984 1418 ac
1041 1364 1334 1417 mandasse
1385 1373 1445 1416 ut
1486 1362 1541 1417 id
1571 1363 1722 1433 patri
1772 1379 1872 1434 per

290 1457 598 1512 absentiam
623 1471 779 1510 suam
804 1495 818 1519 ,
851 1454 1152 1525 quominus
1181 1463 1473 1523 suspectus
1495 1465 1678 1519 esset,
1703 1455 1874 1510 οσον-

291 1560 395 1607 ret.
431 1551 730 1604 Pheroram
763 1557 945 1603 autem
975 1547 1028 1601 id
1064 1547 1219 1601 uxori
1253 1549 1650 1601 asservandum
1685 1547 1873 1602 dedis-

287 1659 368 1698 se.
419 1642 618 1696 Mulier
676 1641 727 1694 id
773 1640 1084 1702 fatebatur,
1120 1649 1285 1708 atque
1320 1639 1389 1694 ad
1427 1655 1699 1694 venenum
1731 1640 1868 1696 aﬂ'e-

289 1733 521 1789 rendum
549 1748 793 1804 egressa,
824 1733 890 1787 de
920 1741 1066 1786 tecto
1093 1747 1151 1786 se
1182 1732 1519 1802 praecipitem
1556 1733 1733 1799 dedit,
1762 1750 1867 1789 nec
1897 1717 1942 1773 Β

291 1837 472 1882 tamen
522 1828 615 1882 illo
648 1843 780 1882 casu
830 1837 1047 1880 mortua
1099 1837 1203 1880 est.
1230 1826 1516 1896 jRecreata
1555 1826 1762 1897 igitur,
1815 1837 1872 1882 et

288 1921 474 1976 denuo
505 1937 535 1975 a
572 1936 698 1990 rege
733 1920 1090 1990 interrogata,
1121 1919 1364 1990 juravit,
1396 1934 1456 1974 se
1480 1935 1596 1974 rem
1625 1935 1868 1988 omnem,

289 2024 351 2067 ut
384 2021 538 2084 gesta
567 2021 735 2076 esset,
773 2014 1179 2082 exposituram.
1207 2012 1355 2066 Dixit
1385 2021 1572 2067 autem
1598 2052 1613 2077 ,
1643 2030 1699 2067 se
1722 2030 1875 2067 cene-

290 2121 419 2158 num
449 2123 482 2158 rt
507 2106 702 2158 marito
724 2106 981 2174 accepisse
1006 2145 1020 2167 ,
1059 2103 1123 2158 ab
1162 2101 1442 2174 Antipatro
1471 2114 1658 2161 contra
1700 2108 1873 2177 ipsum

290 2206 499 2266 patrem
543 2205 914 2266 purpuratum
959 2212 976 2249 :
1011 2197 1102 2249 sed
1123 2213 1240 2249 cum
1269 2206 1562 2266 wgrotante
1593 2197 1830 2252 Pherora
1855 2237 1872 2262 ,

290 2289 402 2355 ipse
439 2302 532 2339 rea:
571 2287 794 2354 fratrem
840 2302 1021 2339 coram
1072 2285 1355 2350 coluisset,
1395 2287 1689 2340 Pheroram
1715 2327 1730 2348 ,
1758 2291 1874 2358 ejus

290 2376 646 2431 benevolentia
663 2385 962 2447 perspecta,
988 2379 1086 2432 sibi
1114 2379 1328 2442 dixisse,
1360 2389 1416 2433 ut
1435 2395 1687 2432 venenum
1712 2379 1876 2448 απιτ-

290 2485 392 2542 ret,
425 2486 586 2544 atque
610 2477 666 2529 iu
698 2465 980 2546 conspectu
998 2494 1094 2531 suo
1127 2489 1410 2534 cremaret.
1439 2477 1507 2533 Se
1529 2482 1712 2534 statim
1735 2482 1874 2535 dicto

292 2568 595 2621 audientem
618 2607 632 2630 ,
672 2570 909 2621 maxima
934 2577 1087 2637 parte
1111 2571 1164 2622 in
1197 2572 1371 2640 ignem
1396 2571 1635 2640 conjecta
1657 2611 1672 2634 ,
1712 2570 1878 2642 256

293 2674 484 2729 parum
508 2659 606 2712 sibi
622 2674 938 2724 reservasse,
961 2677 1062 2730 quo
1085 2669 1341 2728 uteretur,
1357 2664 1403 2715 si
1419 2670 1536 2732 post
1565 2665 1742 2716 mariti
1760 2665 1875 2716 obi-

293 2759 407 2804 tum
433 2768 465 2805 α
487 2767 606 2820 rege
627 2750 767 2804 male
795 2760 1137 2807 tractaretur.
1166 2753 1344 2823 Ipsam
1371 2769 1592 2824 quoque
1610 2755 1874 2828 pyxidem

293 2856 420 2895 cum
469 2856 686 2897 veneno
741 2842 796 2896 in
829 2841 1072 2896 medium
1106 2843 1356 2912 protulit.
1393 2845 1664 2898 Accusata
1698 2854 1787 2899 est
1815 2851 1878 2898 et

294 2933 441 3002 regis
471 2948 632 2998 uxor,
658 2935 937 3004 pontiﬁcis
962 2934 1095 3000 ﬁlia,
1116 2949 1282 3004 quam
1310 2937 1496 2990 statim
1528 2937 1690 3008 ejecit
1723 2937 1876 3008 ejus-

293 3041 403 3095 que
437 3026 609 3081 ﬁlium
643 3042 710 3081 ex
743 3036 1078 3083 testamento
1104 3027 1311 3082 delevit
1335 3067 1351 3089 .
1387 3027 1441 3083 in
1465 3043 1578 3098 quo
1610 3037 1669 3082 ut
1695 3030 1872 3099 regis,

292 3117 413 3186 ejus
445 3117 652 3172 mentio
684 3117 892 3172 ﬁebat:
930 3127 986 3172 et
1020 3133 1217 3172 socero
1250 3117 1461 3172 Simoni
1491 3116 1687 3172 Boethi
1721 3119 1834 3172 ﬁlio
1856 3159 1872 3184 ,

295 3207 619 3277 pontiﬁcatu
672 3209 979 3281 abrogato,
1028 3209 1316 3265 Matthiam
1359 3209 1653 3280 Theophili
1699 3210 1873 3264 ﬁlium

294 3315 676 3357 successorem
705 3301 882 3358 dedit.

1969 440 2025 494 δέ
2046 457 2131 503 τις
2160 439 2289 493 ἄλλο
2308 439 2406 509 μὲν
2428 437 2537 507 ἐφη
2561 437 2736 500 οὐδὲν,
2770 437 2908 490 Θεὸν
2924 437 2970 490 δ’
2993 437 3340 500 ἐπεκαλεῖτο,
3367 437 3530 490 τοιαύ
3546 467 3568 476 ο

1969 550 2091 596 ταις
2119 533 2389 600 ἀνάγκαις
2416 533 2516 600 τὴν
2549 531 2921 599 Ἀντιπάτρου
2962 530 3178 599 μητέρα
3207 533 3565 600 περιπεσεῖν,

1967 627 2042 689 ὡς
2075 625 2262 678 κακῶν
2295 625 2502 676 αἰτίαν.
2547 623 2722 676 Τοῦτο
2764 625 2846 684 είς
2888 623 3118 674 πλείονα
3167 624 3261 674 τὸν
3303 622 3566 693 Ἡρώδην

1969 719 2225 788 ἐκίνησεν
2258 718 2524 788 ἔρευναν·
2564 719 2658 769 καὶ
2699 716 2904 780 πάντα,
2937 715 3342 785 σφοδροτέραις
3383 715 3558 784 βασά-

1971 829 2080 876 νοις
2110 814 2166 865 αἱ
2197 815 2462 880 γυναῖκες
2494 810 2943 882 περιδληθεῖσαι,
2973 810 3350 880 πεποιήκασιν
3383 811 3569 863 ἐκπυ-

1971 922 2094 971 στα,
2126 909 2254 970 τοὺς
2285 907 2514 977 κώμους
2557 907 2653 959 καὶ
2703 905 2804 968 τὰς
2852 903 3107 975 κρυπτὰς
3161 903 3441 968 συνόδους,
3473 905 3565 956 κα¹⁵

1968 997 2165 1066 λόγους
2201 1001 2567 1069 Ἀντιπάτρου
2605 999 2740 1069 πρὸς
2778 1001 2873 1062 τάς
2925 1000 3193 1065 γυναῖκας
3228 1001 3569 1068 γενομένους

1969 1089 2248 1161 Φερώρου,
2284 1093 2442 1160 μῖσος
2476 1090 2615 1160 πρὸς
2644 1091 2736 1144 τὸν
2788 1089 3026 1157 πατέρα,
3055 1089 3386 1160 ὀλοφύρσεις
3429 1089 3573 1156 πρὸς

1970 1181 2068 1252 τὴν
2094 1182 2310 1252 μητέρα
2339 1184 2424 1235 ὅτι
2452 1184 2821 1252 ἐπιμήκιστον
2851 1183 2884 1250 ἠ
2913 1181 3030 1252 ζωὴ
3066 1182 3454 1252 παρατέταται
3481 1181 3567 1252 τῷ

1972 1275 2163 1344 πατρὶ,
2196 1273 2272 1336 ώς
2302 1273 2432 1344 μηδ’
2461 1273 2749 1326 αἰσθέσθαι
2787 1272 2899 1326 τῶν
2928 1273 3027 1338 τῆς
3061 1271 3341 1340 βασιλείας
3367 1271 3568 1342 ἡδέων,

1973 1365 2156 1417 εἴποτε
2184 1365 2336 1436 αύτῷ
2366 1365 2620 1436 γένηται,
2675 1365 2765 1418 διὰ
2801 1365 2976 1435 γῆρας
3005 1365 3108 1436 ἤδη
3140 1364 3293 1434 αύτῷ
3346 1365 3573 1419 ἐπικεί-

1976 1473 2137 1527 μενον
2181 1474 2195 1488 ·
2228 1459 2325 1510 καὶ
2384 1458 2520 1512 ἄλλα
2554 1457 2612 1511 δὲ
2662 1457 2854 1522 πλείω,
2892 1458 3113 1510 καὶτοῦ
3146 1457 3356 1527 πατρὸς
3397 1460 3575 1514 καθα-

1973 1550 2239 1618 πτόμενα,
2261 1553 2318 1602 αἱ
2351 1553 2614 1619 γυναῖκες
2638 1549 2849 1618 ἔλεγον.
2872 1550 3099 1615 Τούτοις
3121 1551 3222 1622 ἤδη
3255 1554 3575 1619 καταγνοὺς

1987 1642 2346 1711 Ἀντιπάτρου
2371 1644 2399 1694 ό
2427 1641 2701 1711 βασιλεὺς,
2728 1642 3044 1713 ἀφαιρεῖται
3076 1644 3176 1712 μὲν
3205 1643 3304 1715 την
3326 1643 3574 1712 ἐκείνου,

1975 1734 2187 1803 μητέρα
2215 1735 2313 1804 τὴν
2347 1736 2559 1805 Δωρίδα
2589 1734 2679 1788 τὸν
2733 1736 2862 1807 περὶ
2907 1736 3078 1806 αὐτὴν
3118 1737 3300 1790 πάντα
3357 1738 3574 1805 κόσμον

1976 1825 2259 1878 ταλάντων
2310 1825 2440 1878 ὄντα
2499 1824 2748 1890 πολλῶν,
2810 1825 2981 1896 αὐτὴν
3040 1827 3099 1879 δέ
3137 1827 3570 1896 ἀποπέμπεται.

1973 1918 2229 1971 Μάλιστα
2257 1918 2302 1970 δ’
2339 1917 2610 1989 ἐξώτρυνε
2645 1922 2789 1971 κατ-ἰ
2839 1935 2935 1972 του
2976 1919 3097 1973 υἱοῦ
3147 1921 3242 1973 τὸν
3309 1919 3573 1991 Ἡρώδην

1975 2011 2275 2080 ἐπίτροπος
2317 2011 2530 2064 ἐκείνου
2573 2011 2954 2080 ’Δντίπατρος,
3006 2012 3142 2068 ἄλλα
3190 2030 3249 2067 τε
3285 2014 3574 2068 κατειπὼν

1974 2103 2032 2155 ἐν
2056 2103 2133 2173 τῷ
2167 2103 2580 2173 βασανίζεσθαι,
2613 2107 2709 2160 καὶ
2723 2107 2806 2160 ὅτι
2836 2106 3134 2176 φάρμακον
3161 2106 3281 2177 δοίη
3305 2108 3570 2180 Φερώρᾳ,

1977 2195 2360 2264 ἐντειλάμενος
2379 2197 2566 2250 δοῦναι
2607 2198 2739 2251 αύτδ
2771 2198 2852 2268 τῷ
2898 2197 3071 2268 πατρὶ
3114 2200 3269 2268 παρὰ
3291 2199 3393 2272 τὴν
3428 2204 3575 2254 ἀπο-

1974 2287 2181 2357 δημίαν
2245 2289 2438 2354 αὑτοῦ,
2470 2289 2539 2343 ἵν’
2603 2291 2691 2361 εἴη
2748 2293 3062 2352 ἀνύποπτος
3103 2292 3178 2362 μὴ
3213 2293 3432 2362 παρὼν,
3475 2297 3575 2346 καὶ

1974 2380 2135 2433 τοῦτο
2170 2381 2263 2434 τὸν
2299 2383 2564 2452 Φερώραν
2619 2384 2919 2452 φυλάσσειν
2959 2382 3150 2437 δοῦναι
3200 2387 3269 2455 τῇ
3317 2387 3571 2453 γυναικί.

1979 2472 2149 2543 Rati;
2190 2473 2331 2544 γυνὴ
2380 2474 2436 2527 δὲ
2463 2475 2759 2543 ὡμολόγει,
2808 2474 2906 2528 καὶ
2941 2475 3183 2528 ἀπιοῦσα
3220 2476 3456 2546 κομίσαι
3507 2479 3576 2528 το

1979 2564 2297 2635 φάρμακον,
2339 2567 2403 2619 ἐκ
2439 2563 2533 2618 τοῦ
2559 2567 2752 2634 τέγους
2804 2567 3032 2638 ἔρριψεν
3082 2567 3304 2638 ἑαυτὴν,
3362 2569 3427 2620 ού
3459 2570 3576 2638 μὴν

1977 2656 2325 2728 ἐτελεύτησε.
2357 2658 2467 2711 Καὶ
2499 2657 2908 2728 ἀνακτηθείσαν
2934 2659 3098 2712 πάλιν
3119 2658 3309 2729 ⁴Ιιρώτα
3349 2662 3378 2713 ὁ
3407 2659 3571 2730 βασι-

1977 2746 2106 2810 λεύς
2126 2762 2140 2776 °
2181 2748 2214 2818 ἡ
2243 2747 2301 2800 δὲ
2333 2745 2517 2818 ὤμοσε
2553 2749 2736 2802 πάντα
2766 2751 2940 2820 ἐρεῖν,
2970 2751 3046 2814 ώς
3070 2751 3419 2822 ἐπέπρακτο.
3455 2753 3573 2806 Καὶ

1975 2840 2185 2895 λαϐεῖν
2241 2841 2345 2913 ἐφη
2405 2842 2473 2895 τὸ
2527 2840 2846 2912 φάρμακον
2929 2843 3091 2913 παρὰ
3160 2845 3268 2900 τοῦ
3320 2846 3573 2914 ἀνδρὸς,

1977 2932 2432 3002 ἡτοιμασμένον
2461 2933 2555 2988 ἐπ’
2599 2934 2790 2988 αὐτὸν
2828 2935 2938 2990 τὸν
2975 2935 3203 3004 πατέρα
3252 2937 3354 2991 ὑπ’
3394 2940 3577 2993 Ἀντι-

1903 3060 1946 3118 c
1980 3023 2230 3093 πάτρου.
2257 3025 2662 3094 Νοσήσαντος
2692 3025 2763 3080 δὲ
2795 3028 3054 3096 Φερώρα,
3082 3029 3210 3084 ἐπεὶ
3240 3029 3439 3085 ἐλθὼν
3468 3035 3581 3087 ai)-

1983 3119 2085 3184 τὸς
2123 3118 2454 3188 ἐθεράπευε
2505 3121 2616 3176 τὸν
2665 3121 2958 3191 ἀδελφὸν,
2989 3121 3147 3191 ὀρῶν
3186 3139 3306 3178 σου
3332 3124 3449 3192 τὴν
3475 3127 3579 3180 εὕ-

1983 3230 2161 3268 νοιαν
2195 3213 2451 3282 ἐκεῖνος,
2478 3215 2637 3284 Πρὸς
2664 3215 2793 3285 ἐμὲ,
2827 3217 2956 3286 ἔφη,
2989 3217 3272 3286 κόμισον,
3292 3212 3340 3271 ὦ
3366 3219 3575 3286 γύναι,

1981 3307 2049 3360 τὸ
2101 3307 2443 3378 φάρμακον,
2497 3311 2594 3364 καί
2639 3309 3035 3365 κατάκαυσον
3091 3312 3184 3365 ἐπ’
3247 3314 3385 3382 ὄψει
3433 3313 3576 3382 ἐμῇ.

296 3396 468 3464 Κάγὼ
495 3399 714 3452 αὐτίκα
738 3399 819 3465 ὠς
838 3399 1071 3466 ἐκεῖνος
1087 3399 1439 3455 ἐνετέλλετο
1470 3399 1794 3470 ἔπραττον,
1852 3403 1919 3456 τὸ
1947 3403 2066 3473 μὲν
2093 3404 2392 3458 πλεῖστον
2418 3406 2560 3474 πυρί
2587 3406 2969 3474 παραδοῦσα,
3001 3405 3186 3474 ἑαυτῇ
3210 3407 3264 3460 δ’
3331 3411 3581 3462 ὑπολει-

298 3490 532 3559 πομένη
597 3491 834 3562 ὀλίγον,
908 3493 987 3546 ἵν’
1042 3492 1208 3558 αὐτῷ
1262 3494 1634 3564 χρησαίμην,
1688 3497 1742 3548 εὶ
1804 3497 2221 3565 μεταστάντος
2274 3497 2546 3565 Φερώρου
2597 3499 2754 3554 κακὰ
2807 3518 2911 3568 μοι
2941 3501 3100 3567 παρὰ
3151 3500 3270 3554 σοῦ
3310 3499 3577 3568 ἀπαντᾷ.

301 3586 528 3656 Παρῆγε
557 3585 614 3640 δὲ
645 3587 724 3650 είς
745 3586 806 3639 τὸ
831 3586 999 3657 μέσον
1031 3586 1130 3658 τὴν
1175 3587 1374 3654 πυξίδα
1403 3605 1464 3640 τε
1505 3592 1596 3643 καὶ
1621 3589 1684 3642 τδ
1737 3591 2054 3662 φάρμακον.
2127 3593 2508 3663 Κατηγορεῖτο
2573 3593 2628 3645 δὲ
2698 3596 2794 3647 καὶ
2853 3594 2886 3662 ὴ
2911 3592 3005 3646 τοῦ
3040 3592 3308 3662 βασιλέως
3336 3595 3500 3664 γυνὴ,
3542 3587 3576 3655 ἡ

299 3677 393 3732 τοῦ
429 3679 735 3751 ἀρχιερέως
765 3678 1034 3750 Θυγάτηρ,
1067 3680 1143 3742 ὼς
1173 3679 1449 3751 συνίστωρ
1475 3681 1768 3736 ἁπάντων·
1802 3683 1870 3754 ἢν
1911 3684 2111 3737 αὐτίκα
2173 3681 2420 3749 ἐξέϐαλε,
2467 3684 2562 3736 καὶ
2603 3684 2694 3734 τὸν
2744 3682 2861 3734 υἱὸν
2915 3682 3085 3753 αὐτῆς
3116 3684 3393 3752 ἀπήλειψε
3463 3684 3581 3738 τῶν

298 3773 598 3844 διαθηκῶν,
631 3775 712 3838 είς
760 3774 822 3828 τὸ
847 3773 1168 3844 βασιλεῦσαι
1225 3776 1594 3847 μεμνημένων
1641 3777 1876 3832 ἐκείνου.
1918 3780 2032 3833 Καὶ
2099 3777 2192 3830 τὸν
2255 3777 2524 3849 πενθερὸν
2553 3777 2778 3847 Σίμωνα
2810 3777 2920 3830 τῶν
2943 3775 3040 3829 τοῦ
3080 3777 3289 3847 Βοητοῦ
3335 3776 3439 3848 τὴν
3479 3780 3582 3850 ἀρ-

300 3865 641 3940 χιερωσύνην
695 3867 971 3937 ἀφείλετο,
1026 3868 1218 3938 ἕτερον
1271 3868 1327 3921 δέ
1362 3869 1599 3940 καθιστᾷ
1637 3871 1730 3923 τὸν
1779 3870 1872 3924 τοῦ
1912 3871 2178 3942 Θεοφίλου
2210 3872 2486 3928 Ματθίαν.

373 3952 561 4008 χχιι.
593 3953 808 4008 Interea
836 3953 1098 4024 Bathylus
1124 3955 1400 4026 Antipatri
1429 3958 1670 4013 libertus
1700 3959 1872 4013 Roma

299 4047 475 4110 adest,
518 4046 734 4117 patroni
767 4048 924 4101 matri
953 4057 1008 4102 et
1038 4049 1298 4106 Pheroraa
1323 4066 1594 4105 venenum
1635 4050 1822 4105 ferens
1859 4068 1874 4104 :

299 4137 396 4209 qui
426 4137 481 4192 in
509 4139 796 4192 tormentis
822 4138 985 4203 dixit,
1020 4140 1074 4194 id
1106 4143 1335 4196 missum
1378 4157 1519 4208 esse,
1563 4152 1622 4196 ut
1655 4144 1699 4197 si
1728 4144 1882 4212 prius

304 4239 514 4299 patrem
543 4245 652 4285 non
686 4230 983 4302 attigisset.
1014 4237 1098 4287 vel
1125 4233 1229 4288 hoc
1255 4250 1383 4288 eum
1415 4235 1736 4289 conﬁceret.
1775 4235 1880 4289 Af-

2047 3961 2171 4014 KA'.
2217 3959 2306 4012 ‘Ev
2333 3960 2508 4028 τούτῳ
2550 3959 2609 4013 δὲ
2656 3957 3024 4030 ἀπελεύθερος
3054 3960 3422 4031 Ἀντιπάτρου
3469 3962 3580 4016 Bri-

1976 4051 2136 4116 θυλος
2165 4052 2274 4104 ἀπὸ
2318 4051 2540 4120 Ῥώμης
2572 4052 2758 4122 παρῆν
2781 4051 3076 4120 φάρμακον
3103 4051 3352 4120 κομίζων
3379 4055 3445 4123 τῇ
3478 4052 3577 4107 τοῦ

1978 4145 2350 4215 Ἀντιπάτρου
2409 4146 2582 4214 μητρὶ
2637 4145 2734 4198 καὶ
2789 4144 3065 4215 Φερώρα·
3124 4143 3184 4206 ὃς
3215 4145 3577 4215 ἐταζόμενος,

1982 4238 2138 4305 ἔλεγε
2169 4235 2490 4306 πεμφθῆναι
2507 4237 2663 4299 αὐτὸ,
2697 4237 2764 4291 ἵν’
2792 4239 2841 4290 εί
2869 4240 2944 4308 μὴ
2968 4238 3028 4290 τὸ
3047 4238 3317 4307 πρότερον
3347 4239 3581 4292 ἅπτοιτο

303 4322 514 4378 ferebat
536 4324 703 4378 etiam
732 4324 943 4378 litteras
967 4326 1137 4380 Roma
1167 4327 1235 4381 ab
1267 4327 1460 4382 amicis
1488 4327 1740 4394 Herodis,
1765 4328 1877 4398 qui«

1985 4328 2081 4381 τοῦ
2117 4329 2343 4398 πατρὸς,
2375 4327 2554 4398 τούτῳ
2588 4327 2724 4396 γοῦν
2757 4329 3193 4399 κατεργασθείη.
3236 4329 3582 4400 Ἐπεφέρετο

305 4413 410 4469 bus
429 4415 732 4470 Archelaus
757 4425 813 4470 et
843 4417 1146 4488 Philippus,
1197 4419 1384 4474 Rutilae
1425 4421 1732 4475 studiorum
1763 4437 1877 4491 gra-

1987 4417 2044 4472 δὲ
2079 4420 2176 4471 καὶ
2194 4419 2507 4489 γράμματα
2539 4419 2690 4489 παρά
2724 4419 2835 4470 τῶν
2889 4420 2950 4472 ἐν
3002 4417 3191 4490 Ῥώμῃ
3222 4418 3302 4490 τῷ
3357 4419 3581 4491 Ἡρώδῃ

310 4506 383 4560 tia
407 4506 687 4576 degentes,
722 4509 1142 4576 accusabantur,
1175 4513 1330 4581 quasi
1366 4521 1574 4581 patrem
1611 4513 1877 4566 fraterna-

1991 4511 2184 4577 φίλων,
2215 4510 2551 4581 κατηγορίαν
2591 4509 2896 4580 ποιούμενα
2935 4512 3234 4581 Ἀρχελάου
3262 4513 3360 4564 καὶ
3386 4512 3580 4565 Φιλίπ-

309 4611 430 4650 rmn
461 4597 691 4651 caedium
727 4614 880 4652 reum
918 4611 1164 4670 agerent,
1199 4617 1264 4655 ac
1288 4603 1393 4656 sibi
1425 4602 1562 4671 ipsis
1599 4602 1883 4658 timerent.

309 4689 399 4744 Eae
421 4689 618 4744 littera:
648 4691 858 4760 magnis
897 4692 1283 4762 largitionibus
1305 4693 1598 4762 Antipatro
1626 4694 1890 4750 constite-

311 4788 462 4835 runt.
505 4780 750 4837 Herodes
800 4798 932 4838 vero
977 4785 1056 4839 ira
1087 4785 1383 4850 occultata,
1441 4801 1570 4841 eum
1606 4796 1888 4843 maturare

309 4873 492 4944 jussit,
524 4881 582 4928 et
613 4875 681 4928 de
722 4883 896 4929 matre
924 4876 1045 4946 ejus
1069 4878 1322 4948 quaedam
1354 4890 1711 4949 conquestus,
1760 4897 1886 4936 eum

312 4981 374 5021 se
397 4966 668 5022 arbitrum
698 4979 1044 5040 sumpturum
1073 4971 1233 5038 dixit,
1260 4971 1354 5028 ubi
1385 4973 1641 5028 redisset.
1667 4973 1773 5030 Eas
1794 4973 1888 5028 lit-

315 5067 464 5112 teras
498 5057 552 5112 in
579 5057 768 5113 Cilicia
800 5062 1016 5130 accepit
1046 5079 1060 5116 :
1105 5063 1201 5118 sed
1234 5065 1491 5120 Pherorae
1521 5062 1737 5118 obitum
1781 5063 1891 5119 Ta-

315 5151 458 5204 renti
481 5151 760 5218 eognitum
784 5159 1070 5223 aegerrime
1094 5157 1244 5220 tulit,
1267 5173 1375 5212 non
1393 5174 1458 5211 ex
1483 5157 1888 5223 benevolentia,

314 5241 409 5296 sed
438 5243 584 5312 quod
604 5243 690 5299 ille
716 5244 984 5300 Herodem
1012 5265 1143 5312 non,
1173 5258 1230 5303 ut
1256 5260 1558 5318 receperat,
1582 5259 1706 5304 ante
1730 5265 1890 5304 suum

315 5336 527 5391 obitum
580 5339 913 5394 sustulisset.
970 5340 1106 5396 Cum
1147 5343 1200 5396 in
1263 5353 1423 5412 portu
1483 5345 1750 5411 Augusto,
1803 5344 1892 5398 cui

318 5427 370 5481 id
397 5444 594 5484 noinen
630 5429 898 5485 aCzesare
948 5441 1032 5487 est
1088 5432 1341 5498 inditum,
1390 5435 1709 5504 appulisset,
1752 5437 1894 5490 mala

318 5533 414 5572 sua
451 5521 503 5574 in
530 5533 828 5592 conspectu
856 5525 1068 5590 habuit,
1103 5527 1323 5582 nemine
1347 5528 1562 5582 obviam
1586 5538 1776 5592 eunte,
1801 5543 1896 5582 ne-

321 5611 468 5665 mine
502 5612 842 5682 alloquente.
904 5617 1064 5672 Venit
1101 5628 1284 5673 autem
1324 5620 1720 5692 Hierosolyma,
1754 5621 1896 5676 Varo

323 5699 492 5771 Syria:
523 5715 777 5774 praetore,
817 5707 870 5763 in
898 5711 1133 5769 concilio
1180 5713 1478 5780 assidente,
1524 5729 1687 5784 quem
1717 5714 1890 5768 lteru-

1991 4617 2118 4666 που,
2147 4603 2205 4654 ἐν
2244 4600 2434 4672 Ῥώμῃ
2472 4601 2773 4668 διαγόντων
2815 4603 2908 4654 ἐπὶ
2946 4602 3290 4671 μαθήμασιν,
3325 4601 3404 4664 ώς
3434 4602 3580 4673 τάχα

1990 4695 2082 4746 τὸν
2106 4693 2320 4765 πατέρα
2357 4693 2816 4764 κατηγορούντων
2842 4695 2936 4747 ἐπὶ
2977 4694 3056 4764 τῷ
3101 4699 3248 4764 φόνῳ
3269 4694 3381 4746 τῶν
3418 4697 3578 4748 ἀδελ-

1993 4785 2130 4852 φῶν,
2166 4787 2265 4840 καὶ
2289 4786 2610 4840 δεδοικότων
2655 4787 2750 4840 καὶ
2799 4788 2930 4854 περὶ
2991 4788 3234 4848 ἐαυτοίς.
3289 4785 3483 4840 Ταῦτα
3523 4788 3582 4840 δὲ

1995 4875 2254 4946 μεγάλων
2288 4877 2500 4946 μισθῶν
2534 4876 2611 4947 τῷ
2657 4876 3007 4946 Ἀντιπάτρῳ
3049 4875 3292 4943 ἐγένετο.
3329 4874 3582 4945 Ἡρώδης

1991 4967 2036 5020 δ’
2060 4967 2507 5037 ἐπικρυψάμενος
2527 4968 2624 5040 τὴν
2659 4968 2857 5039 ὀργὴν,
2888 4966 3108 5019 ἐκέλευε
3141 4965 3217 5035 μὴ
3251 4963 3578 5034 βραδύνειν,-

1994 5063 2089 5114 καὶ
2113 5065 2180 5132 τῇ
2211 5063 2382 5133 μητρὶ
2411 5061 2579 5115 αὑτοῦ
2615 5062 2855 5132 μέμψεις
2901 5063 3146 5129 ἐπάγων,
3201 5061 3584 5130 ἐπηγγέλλετο

1995 5153 2368 5223 ἀναϐήσεσθαι
2388 5155 2595 5216 ταύτας
2624 5155 2797 5223 αὐτῷ,
2829 5155 2991 5206 ὁπότε
3049 5152 3325 5220 ἀφίκοιτο.
3355 5152 3584 5213 Τούτοις

1995 5250 2106 5311 τοῖς
2143 5247 2437 5317 γράμμασι
2463 5249 2592 5317 περὶ
2621 5246 2881 5301 Κιλικίαν
2910 5248 3186 5314 ἐνέτυχεν.
3220 5245 3311 5297 Ἑν
3335 5245 3581 5312 Τάραντι

1996 5343 2052 5397 δὲ
2080 5343 2176 5396 τοῦ
2207 5341 2464 5413 Φερώρου)
2498 5342 2689 5413 μαθὼν
2742 5341 3028 5408 τελευτὴν,
3075 5340 3267 5400 δεινῶς
3323 5340 3581 5407 ἧνεγκεν,

1997 5437 2058 5489 οὐ
2079 5435 2145 5489 δι’
2169 5433 2406 5498 εὔνοιαν,
2437 5435 2554 5489 ἀλλ’
2580 5438 2660 5490 ὅτι
2694 5435 2770 5505 μὴ
2797 5435 3033 5504 φθάσας,
3059 5434 3135 5496 ὡς
3163 5432 3463 5501 ὑπέσχετο,
3492 5430 3580 5481 τὴν

2011 5527 2260 5599 Ἡρώδην
2290 5527 2591 5596 ἀναιρῆται
2645 5527 2910 5581 ἀπέθανε.
2947 5524 3264 5594 Καταχθεὶς
3291 5525 3351 5575 δὲ
3377 5525 3460 5585 εἰς
3491 5522 3582 5573 τὸν

1997 5621 2296 5691 λεγόμενον
2338 5619 2612 5672 Σεϐαστὸν
2641 5619 2864 5687 λιμένα,
2901 5619 2986 5671 ἐπ’
3015 5617 3248 5687 ὀνόματι
3300 5615 3396 5666 τοῦ
3442 5615 3580 5665 Καί-

2001 5731 2167 5784 σαρος
2197 5713 2340 5767 οὕτω
2376 5713 2734 5783 καλούμενον,
2776 5713 2836 5767 ἐν
2892 5710 3194 5781 προύπτοις
3227 5703 3294 5780 ἦν
3345 5707 3446 5778 ἢδη
3472 5707 3579 5767 τοῖς
