3918 6200
207 312 310 377 £53

199 437 306 482 κακ
328 428 415 489 λς,
451 424 525 495 μή
552 441 639 476 τιν
675 441 702 487 ς

204 518 481 589 ρεὺιντος.
514 516 707 585 Παρῆν
742 515 789 569 δ’
833 519 888 569 ἐν
958 516 1383 587 Ἰεροσολύμοις,
1440 516 1657 585 υύοἱρου
1689 516 1784 569 τοῦ

198 611 293 678 τῆς
329 608 535 677 Συρίας
583 607 1017 677 ἡγεμονεύοντος
1075 608 1493 678 συνεδρεύοντος
1539 606 1782 678 Ἡρώδῃ,

198 702 516 768 κληθέντος
564 701 656 751 ἐπὶ
712 700 994 771 συμϐουλῇ
1047 701 1329 770 περὶτῶν
1391 700 1784 769 ἐνεστηκότων.

201 794 305 843 Καὶ
333 792 517 855 εξσήει
556 790 627 842 τὰ
674 789 923 859 βασίλεια
982 791 1292 861 πορφυρίδα
1343 791 1424 843 ἔτι
1469 790 1675 861 φορῶν.
1724 791 1786 843 Οἱ

198 882 328 950 γοῦν
362 883 464 934 ἐπὶ
489 884 609 944 ταῖς
651 882 843 952 θύραις
873 881 1123 952 δέχονται
1161 884 1260 952 μὲν
1282 883 1375 937 τὸν
1397 882 1784 954 Ἀντίπατρον,

198 977 323 1037 τοὺς
368 976 429 1028 δὲ
486 976 677 1044 φίλους
717 976 1092 1045 ἀνείργουσιν,
1148 976 1501 1047 Ἐθορυόεἶτο
1562 976 1641 1037 δὲ,
1685 976 1787 1045 ἤδη

198 1067 484 1121 κατανοῶν
505 1064 561 1120 οἶ
585 1067 858 1137 ἐληλύθει,
879 1071 1003 1121 ἐπεὶ
1033 1070 1143 1122 καὶΔ
1159 1071 1186 1121 ὁ
1209 1068 1397 1139 πατὴρ
1419 1068 1581 1122 αὐτὸν
1607 1068 1789 1122 ἀσπά-

200 1162 400 1215 σασθαι
442 1162 749 1234 προσιόντα
777 1161 1060 1225 ἀπώσατο,
1099 1162 1491 1231 ἀδελφοκτόνον
1513 1179 1572 1215 τε
1598 1160 1783 1215 καλῶν

198 1254 288 1305 καὶ
327 1253 633 1307 ἐπίϐουλον
663 1253 831 1307 αὐτοῦ
859 1256 927 1325 τῇ
971 1253 1109 1326 ζωῇ,
1160 1254 1444 1326 ἀκροατήν
1483 1271 1543 1307 τε
1576 1254 1789 1307 τούτων

199 1345 291 1398 καὶ
321 1345 596 1411 δικαστὴν
629 1346 852 1400 ἔσεσθαι
876 1348 977 1417 τὴν
1004 1345 1197 1418 αὔριον
1225 1348 1318 1401 τὸν
1367 1345 1580 1418 Οὔαρον
1611 1346 1787 1415 ἔλεγε.

198 1437 304 1489 Καὶ
332 1438 362 1488 ὀ
398 1436 505 1504 μὲν
541 1437 635 1489 ἐπὶ
684 1437 957 1501 τοιούτοις
993 1439 1189 1501 κακοῖς
1225 1437 1420 1509 ᾤχετο.
1473 1437 1789 1491 Ὑπαντῶσι

195 1528 238 1581 δ’
266 1528 426 1600 αὐτῷ
459 1528 494 1598 ἦ
525 1544 588 1581 τε
639 1528 827 1598 μήτηρ
860 1529 957 1581 καὶ
990 1529 1021 1598 ή
1061 1527 1201 1598 γυνὴ
1257 1526 1420 1599 (αὕτη
1451 1528 1507 1580 δὲ
1560 1523 1631 1598 ἦν
1660 1532 1789 1592 παῖς

194 1620 547 1688 Ἀντιγόνου,
582 1620 681 1673 τοῦ
714 1620 824 1691 πρὸ
875 1618 1121 1690 Ἡρώδου
1155 1619 1611 1690 βασιλεύσαντος)
1649 1620 1785 1690 παρ’

193 1708 264 1767 ὧν
310 1714 540 1767 ἅπαντα
594 1712 876 1782 ἐκμαθὼν,
912 1715 1049 1786 πρὸς
1092 1714 1184 1768 τὸν
1223 1714 1414 1782 ἀγῶνα
1469 1730 1786 1784 παρεσκευο

1474 311 1880 374 ΑΝΝΛΙΛΟΜ
1922 315 2073 378 LIB.
2111 316 2178 378 ν.
2214 316 2217 321 λ

752 424 904 494 αὐτῷ
961 424 1301 495 προσι-Ξντος,
1340 426 1476 494 μήτε
1518 440 1793 494 προσαγο-

1903 425 2002 480 des
2049 423 2404 486 accersierat,
2456 428 2514 474 ut
2558 416 2626 473 de
2696 417 2864 472 rebus
2930 414 3300 486 praesentibus
3348 430 3479 472 eum

3370 306 3479 368 454

1892 517 2248 572 consultaret.
2281 512 2506 583 Regiam
2561 509 2868 581 ingreditur
2889 517 3226 579 purpuratus
3249 508 3431 565 adhuc
3461 529 3477 566 :

1892 622 1922 661 a
1942 604 2279 677 janitoribus
2296 602 2628 664 admittitur,
2651 599 2846 654 amicis
2863 599 2981 668 ejus
3000 598 3261 653 exclusis.
3290 599 3355 651 Et
3370 612 3484 669 quo

1892 698 2151 752 redactus
2180 703 2346 762 esset,
2373 692 2621 763 cogitans
2640 692 2897 746 turbatur
2929 708 2943 745 :
2969 691 3273 761 prmsertim
3299 704 3425 745 cum
3450 706 3480 743 a

1892 802 2072 862 patre,
2091 793 2157 847 ad
2179 805 2341 861 quem
2372 788 2722 843 salutandum
2744 786 3064 851 accedebat,
3091 786 3480 855 repelleretur,

1892 893 1948 939 et
1972 883 2257 939 fratricida
2285 892 2450 951 atque
2475 878 2766 934 insidiator
2785 886 3104 936 vocaretur.
3130 892 3363 945 quarum
3394 892 3484 932 re-

1900 991 2026 1031 rum
2057 974 2371 1029 auditorem
2408 984 2465 1029 et
2490 972 2732 1043 judicent
2768 969 3039 1041 postridie
3082 969 3286 1025 Varum
3335 969 3472 1023 fore.

1891 1066 2028 1123 Cum
2057 1067 2111 1120 in
2145 1066 2276 1120 totis
2322 1065 2481 1119 malis
2530 1063 2730 1128 abiret,
2774 1069 3078 1117 occurrunt
3125 1060 3175 1116 ei
3218 1069 3396 1116 mater
3422 1069 3481 1119 ct

1895 1174 2053 1223 uxor,
2090 1157 2198 1211 ﬁlia
2228 1156 2514 1227 Antigoni,
2546 1155 2666 1225 ejus
2686 1153 2782 1223 qui
2815 1160 2942 1207 ante
2973 1151 3244 1208 Herodem
3278 1167 3479 1221 regna-

1890 1252 2006 1310 vit:
2042 1266 2073 1305 e
2101 1250 2307 1320 quibus
2330 1258 2483 1303 tanto
2513 1248 2737 1319 negotio
2752 1245 2995 1318 cognito,
3031 1261 3091 1301 se
3106 1246 3173 1300 ad
3197 1244 3473 1315 judicium

1901 1343 2153 1413 parabat.
2193 1340 2469 1396 Postridie
2497 1339 2742 1395 Herodes
2772 1347 2831 1393 et
2860 1338 3038 1394 Varus
3087 1338 3481 1404 consederunt,

1895 1442 2277 1490 convenerunt
2299 1434 2586 1502 utriusque
2615 1430 2801 1495 amici,
2825 1442 2882 1486 et
2907 1429 3126 1501 cognati
3151 1428 3405 1491 Herodis.
3426 1440 3486 1487 et

1893 1529 2251 1584 consiliorum
2283 1526 2561 1595 Antipatri
2596 1523 2827 1587 indices,
2857 1532 2912 1578 et
2943 1524 3174 1577 materni
3199 1524 3345 1578 servi
3371 1525 3485 1576 An—

1894 1620 2107 1690 tipatri,
2127 1619 2289 1689 257
2311 1618 2600 1688 epistolam
2629 1616 2880 1671 mulieris
2900 1616 3164 1678 ferentes,
3184 1630 3292 1685 qua
3309 1615 3484 1669 ﬁlium

1895 1714 2180 1778 monebat,
2225 1728 2293 1768 ne
2319 1713 2550 1777 rediret,
2579 1723 2789 1781 patrem
2821 1711 2968 1765 enim
3003 1710 3237 1765 rescisse
3265 1710 3473 1775 omniia,

195 1808 382 1869 ἅζετο.
414 1807 501 1878 Τῇ
528 1807 576 1860 δ’
604 1779 731 1877 ἑξῆς
771 1779 1102 1880 συνήδρευον
1147 1779 1399 1879 Ἡρώδης
1431 1807 1529 1861 καὶ
1553 1779 1787 1880 ὸῦαρος.

1897 1816 1947 1862 ει
1964 1822 2134 1862 unum
2153 1807 2204 1861 ei
2226 1805 2544 1876 confugium
2569 1819 2859 1875 superesse
2888 1802 3156 1858 Caesarem
3191 1818 3206 1854 :
3231 1812 3477 1866 caveret,

194 1896 485 1967 Συνῆλθον
510 1897 570 1950 δὲ
593 1898 691 1951 καὶ
720 1898 769 1951 oi
800 1898 1006 1969 ἀμφοῖν
1051 1897 1223 1969 φίλοι,
1275 1902 1370 1952 καὶ
1421 1900 1471 1953 oi
1502 1902 1790 1968 συγγενεῖς

208 1990 495 2060 Ἡρώδου,
529 1989 626 2043 καὶ
653 1992 701 2043 oi
737 1990 973 2060 μηνυταὶ
1004 1991 1117 2045 τῶν
1160 1992 1506 2066 Ἀντιπάτρῳ
1547 1994 1788 2064 μελετωο

199 2084 408 2152 μένων,
463 2083 561 2136 καὶ
597 2082 776 2136 δοῦλοι
833 2085 1082 2154 μητρῷοι
1110 2083 1205 2139 τοῦ
1230 2086 1618 2156 ’Δντιπάτρου,
1664 2088 1788 2140 ὲπιο

198 2173 402 2243 στολὴν
429 2173 698 2244 φέροντες
726 2174 919 2244 αὐτῆς,
948 2174 1025 2244 μὴ
1045 2177 1342 2247 ἐπανήκειν
1369 2176 1444 2239 ὠς
1464 2180 1685 2232 πάντων
1713 2177 1791 2250 τῷ

198 2267 377 2336 πατρὶ
423 2266 636 2319 πιστῶν
670 2266 998 2336 ἡγουμένων
1026 2265 1164 2337 (49),
1201 2267 1370 2338 μόνην
1417 2286 1479 2322 τε
1511 2270 1580 2323 ἂν
1612 2286 1787 2322 κατα-

198 2358 387 2429 συγὴν
419 2358 573 2429 αὐτῷ
619 2359 907 2417 λείπεσθαι
954 2362 1235 2432 Καίσαρα,
1287 2362 1382 2415 καὶ
1425 2362 1488 2415 τὸ
1517 2362 1593 2434 μὴ
1641 2364 1793 2431 γενέ-

199 2449 333 2501 σθαι
362 2448 445 2519 τῷ
475 2450 1015 2520 πατρὶ-ὑποχείριον.
1042 2450 1411 2522 ’Δντιπὰτρου
1441 2453 1499 2506 δὲ
1545 2453 1792 2523 προσπέ-

201 2542 397 2603 σόντος
426 2540 511 2612 τῷ
533 2543 725 2613 πατρὶ,
773 2544 866 2596 καὶ
908 2542 1165 2615 δεομένου
1194 2546 1570 2617 ἀκροάσασθαι
1601 2546 1790 2614 αὑτοῦ,

200 2633 298 2685 καὶ
349 2631 504 2686 οὕτω
536 2633 914 2705 ψηφίσασθαι,
949 2636 1139 2691 τοῦτον
1193 2639 1294 2708 μὲν
1336 2641 1417 2704 εἰς
1451 2641 1619 2710 μέσον
1645 2641 1795 2697 ἀπά-

200 2742 327 2792 γειν
350 2725 613 2778 ἐκέλευεν
635 2742 650 2759 ο
684 2726 852 2792 αὐτὸς
872 2727 929 2781 δὲ
961 2728 1288 2799 ὠλοφύρατο
1315 2732 1415 2801 τὴν
1446 2733 1554 2787 τῶν
1583 2734 1795 2788 παίδων

198 2816 478 2882 διάθεσιν,
512 2817 607 2870 καὶ
631 2818 714 2871 ὃτι
772 2819 836 2872 τὸ
867 2819 1049 2892 γῆρας
1090 2820 1259 2875 αὑτοῦ
1288 2824 1664 2896 περιέστηκεν
1713 2829 1796 2890 εἱς

1891 1917 1961 1958 ne
2001 1900 2057 1956 in
2093 1901 2268 1971 patris
2289 1913 2485 1954 manus
2516 1898 2805 1953 incideret.
2837 1895 2974 1951 Cum
3009 1904 3194 1951 autem
3246 1894 3481 1963 Antipa-

1894 2002 1978 2048 ter
2011 1992 2241 2063 supplex
2272 2001 2400 2046 ante
2450 1998 2662 2060 patrem
2700 1989 3112 2060 proeubuisset,
3173 1986 3483 2063 obtestans,

1898 2095 1960 2140 ut
2008 2101 2067 2141 se
2103 2083 2294 2140 audito
2330 2083 2555 2139 demum
2612 2081 2943 2137 sententiam
2979 2080 3194 2137 ferret:
3235 2079 3485 2135 Herodes

1890 2192 2020 2234 eum
2046 2178 2101 2231 in
2126 2175 2370 2232 medium
2405 2175 2639 2247 produci
2679 2174 2858 2246 jubet,
2892 2174 3010 2244 ipse
3041 2172 3283 2227 ﬁliorum
3312 2170 3368 2225 in
3420 2186 3483 2226 se

1890 2268 2072 2325 scelus
2106 2277 2163 2323 et
2215 2275 2560 2324 senectutem
2593 2279 2751 2322 suam
2789 2264 3085 2334 deplorat,
3121 2279 3244 2335 quae
3279 2264 3334 2318 in
3366 2262 3483 2318 An-
3514 2282 3519 2287 -

1891 2362 2152 2432 tipatrum
2183 2361 2526 2432 impegisset.
2557 2360 2634 2416 Ac
2680 2374 2740 2415 se
2782 2358 2974 2414 mirari
3007 2358 3168 2425 dixit,
3212 2372 3324 2429 quo
3352 2370 3487 2414 con-

1893 2456 2022 2511 silio
2046 2455 2174 2510 talia
2199 2454 2444 2510 facinora
2470 2453 2807 2525 suscepisset
2832 2452 3144 2523 Antipater,
3163 2454 3256 2523 qui
3282 2461 3333 2508 et
3357 2465 3487 2507 suc-

1894 2561 2082 2602 cessor
2148 2546 2204 2601 in
2262 2553 2593 2601 testamento
2657 2545 2901 2615 scriptus
2951 2552 3121 2608 esset,
3163 2554 3221 2599 et
3280 2559 3338 2598 se
3400 2542 3486 2597 vi-

1892 2647 2058 2694 vente
2086 2646 2271 2708 posset
2295 2636 2477 2693 omnia
2503 2655 2518 2693 :
2550 2651 2614 2691 ac
2640 2645 2789 2692 tanta
2820 2636 3082 2691 beneficia
3111 2636 3190 2691 sic
3230 2648 3491 2689 remune-
3528 2640 3533 2645 '

1895 2739 2136 2795 raretur,
2163 2739 2223 2784 nt
2244 2737 2506 2799 cognatos
2531 2727 2599 2782 ad
2619 2728 2822 2783 caulem
2848 2742 2999 2781 suam
3029 2726 3334 2795 instigaret.
3364 2725 3492 2780 ilice

1897 2824 2103 2879 dicenti
2135 2822 2392 2893 lacrymae
2423 2829 2751 2890 eruperunt.
2801 2820 3059 2875 Nicolaus
3092 2834 3224 2874 vero
3284 2819 3486 2874 Dama-

201 2910 596 2981 Ἀντίπατρον.
646 2910 958 2983 Τεθηπέναι
1018 2929 1077 2966 τε
1118 2913 1329 2984 ἔλεγεν,
1358 2916 1506 2981 ὅπως
1536 2918 1793 2973 Ἀντίπα-

1897 2929 2100 2972 scenus
2124 2914 2287 2985 jussu
2326 2912 2475 2984 regis
2523 2912 2875 2981 Antipatrum
2931 2910 3233 2974 accusavit,
3270 2911 3490 2965 cunctis

199 3019 334 3074 τρος
356 3004 460 3055 ἐπὶ
495 3002 721 3057 τοιαῦτα
750 3008 1042 3075 χωρήσειε,
1078 3007 1323 3080 διάδοχος
1359 3010 1462 3079 μὲν
1496 3011 1598 3082 τῆς
1619 3014 1793 3085 ἀρχῆς

1899 3005 2095 3062 ordine
2138 3003 2587 3059 commemoratis
2622 3018 2642 3058 ι
2676 3005 2771 3057 sed
2816 3010 2873 3057 et
2918 3001 3012 3056 alii
3039 3002 3195 3055 multi
3237 3002 3382 3056 ultro
3433 3004 3488 3055 in

202 3094 627 3189 γεγραμμένος,
661 3095 867 3160 ζῶντος
894 3097 938 3150 δ’
970 3099 1140 3153 αὑτοῦ
1166 3101 1236 3154 τὰ
1272 3102 1449 3156 πάντα
1469 3103 1791 3176 δυνάμενος,

1901 3099 2056 3155 illum
2080 3098 2362 3153 orationes
2387 3096 2727 3153 habuerunt.
2758 3095 2957 3158 Varus,
2990 3088 3281 3166 postquam
3309 3095 3479 3151 Nico-

204 3191 300 3240 καὶ
326 3189 459 3240 ἀντὶ
492 3186 702 3241 τούτων
764 3189 906 3260 πρὸς
957 3191 1053 3245 τὸν
1114 3193 1285 3246 αὑτοῦ
1326 3194 1490 3264 φόνον
1532 3199 1795 3269 ἐρεθίζων

202 3281 335 3344 τοὺς
368 3284 684 3351 συγγενεῖς.
717 3283 888 3336 Ταῦθ’
934 3286 1054 3356 ἅμα
1103 3285 1279 3356 λέγων
1318 3291 1401 3353 είς
1423 3290 1637 3363 δάκρυα
1666 3295 1795 3367 τρέ-

204 3389 400 3426 πεται.
422 3373 556 3427 Καὶ
594 3373 869 3439 Νικόλαος
910 3377 939 3439 gi
972 3379 1358 3449 Δαμασκηνὸς,
1390 3381 1486 3435 τοῦ
1523 3384 1793 3455 βασιλέως

206 3464 640 3536 ἐπιτρέψαντος,
690 3468 991 3538 κατηγόρει
1026 3467 1123 3521 τοῦ
1168 3469 1560 3545 Ἀντιπάτρου.
1613 3476 1795 3531 πάντα

206 3557 336 3627 ἑξῆς
369 3557 758 3629 διηγούμενος.
787 3560 982 3614 Πολλοὶ
1021 3561 1080 3615 δὲ
1132 3565 1226 3617 καὶ
1279 3564 1432 3620 ἄλλοι
1468 3568 1591 3622 κατ’
1619 3569 1798 3624 Ἀντι-

1902 3192 2023 3249 laus
2050 3198 2427 3262 peroraverat,
2458 3189 2812 3259 Antipatrum
2868 3203 2928 3244 se
2974 3188 3272 3243 defendere
3298 3185 3487 3259 jussit.

1905 3286 2001 3341 llle
2025 3299 2158 3340 vero
2181 3298 2392 3354 pronus
2416 3282 2572 3338 humi
2595 3284 2808 3354 jacens,
2838 3281 3014 3337 Deum
3066 3280 3380 3345 invocabat,
3429 3288 3491 3333 ut

1902 3392 2059 3434 suam
2105 3376 2484 3432 innocentiam
2556 3384 2873 3431 testaretur.
2923 3375 3061 3432 Cum
3111 3366 3294 3429 autem
3349 3371 3490 3428 nihil

1900 3478 2102 3540 praeter
2128 3460 2669 3525 Dei'obtestationem
2701 3467 2948 3536 aﬂ‘erret,
2980 3480 3255 3522 venenum
3287 3465 3343 3519 in
3375 3480 3491 3518 me-

1901 3564 2056 3619 dium
2093 3561 2306 3629 aﬂ‘erri,
2366 3572 2424 3618 et
2455 3561 2675 3619 cuidam
2722 3561 2923 3632 capitis
2953 3559 3322 3616 condemnato
3370 3556 3490 3612 dati

209 3653 431 3721 πατρου
453 3653 890 3721 αὐτεπάγγελτοι
926 3654 1133 3724 ελεγον.
1180 3657 1392 3729 Οΰαρος
1419 3660 1498 3725 δὲ,
1521 3663 1793 3717 Νικολάου

1898 3654 2065 3724 jussit
2102 3671 2118 3714 :
2154 3653 2249 3724 qui
2297 3667 2365 3708 eo
2416 3660 2605 3723 epoto,
2666 3651 2852 3707 statim
2904 3649 3177 3705 exanimis
3227 3645 3491 3702 concidit.

208 3748 577 3815 παυσαμένου
621 3746 735 3800 τῶν
781 3746 976 3816 λόγων,
1015 3750 1236 3803 ἐκέλευε
1294 3753 1385 3806 τὸν
1440 3753 1793 3826 Ἀντίπατρον

1902 3746 2023 3812 Quo
2058 3747 2222 3812 facto,
2261 3745 2435 3801 Varus
2469 3743 2729 3807 surrexit,
2753 3751 2810 3798 et
2833 3757 2865 3797 e
2911 3740 3154 3797 concilio
3184 3738 3340 3793 abiit.
3375 3738 3484 3792 lie-

208 3837 635 3907 ἀπολογεῖσθαι.
679 3840 741 3893 ’0
783 3840 831 3893 δ’
887 3844 983 3895 ἐπὶ
1011 3845 1186 3914 στόμα
1232 3845 1413 3900 ἔκειτο
1448 3850 1793 3923 ἀνατετραμ-

1897 3841 2062 3893 rodes
2087 3852 2221 3891 vero
2248 3836 2434 3891 statim
2460 3836 2639 3890 vinxit
2662 3835 3036 3904 Antipatrum,
3067 3841 3126 3887 et
3156 3832 3386 3897 Romam
3412 3830 3483 3885 ad

215 3931 404 3998 μένος,
484 3929 580 3984 τὸν
635 3931 771 3985 Θεὸν
839 3933 1276 4007 ἐπικαλούμενος
1339 3918 1793 4015 ἐπιμαρτυρῆσαι

1902 3928 2174 3984 Cmsarem
2207 3927 2277 3982 de
2315 3942 2382 3982 eo
2412 3918 2654 3996 scripsit.

212 4024 364 4095 αὐτῷ
401 4024 576 4096 μηδὲν
619 4025 853 4081 ἀδικεῖν.
911 4027 1000 4092 Ὠς
1032 4028 1079 4082 δ’
1126 4029 1280 4083 οῦδὲν
1306 4034 1435 4103 παρ’
1467 4035 1830 4106 Ἀντιπάτρου
1867 4045 2087 4113 ἐλέγετο
2142 4041 2281 4112 πλὴν
2308 4042 2411 4112 τῆς
2434 4038 2791 4112 ἀνακλήσεως
2847 4039 2943 4093 τοῦ
2986 4037 3147 4106 Θεοῦ,
3174 4039 3237 4092 τὸ
3268 4037 3493 4111 φάρμα-

214 4138 312 4174 κον
343 4120 432 4183 εἰς
476 4121 543 4174 τδ
591 4119 760 4189 μέσον
817 4121 1108 4192 ἐνεχθῆναι
1168 4125 1445 4184 ἐκέλευσε.
1499 4131 1609 4185 Καὶ
1650 4137 2031 4205 κομισθέντος,
2096 4135 2207 4189 τῶν
2282 4134 2377 4188 ἐπὶ
2430 4133 2649 4206 θανάτῳ
2709 4151 2795 4199 τις
2826 4133 3151 4187 ἑαλωκότων
3183 4133 3363 4186 πίνειν
3395 4148 3491 4185 κε-

214 4214 507 4277 κέλευσται
540 4214 638 4267 καὶ
670 4213 811 4267 πιὼν
840 4215 1007 4279 εὐθὺς
1050 4212 1235 4273 ἔθανε.
1307 4224 1419 4275 Καὶ
1467 4224 1681 4296 Οὔαρος
1752 4230 2055 4294 ἐξαναστὰς
2109 4230 2278 4302 ἀπῄει
2338 4228 2436 4284 τοῦ
2486 4228 2794 4300 συνεδρίου.
2880 4227 3128 4301 Ἡρώδης
3177 4227 3234 4281 δὲ
3288 4218 3521 4283 αὐτίκα

214 4306 372 4376 ἔδησε
411 4305 506 4359 τὸν
534 4305 916 4377 Ἀντίπατρον,
952 4309 1049 4362 καὶ
1078 4312 1161 4373 είς
1201 4311 1427 4384 Ῥώμην
1446 4314 1521 4378 ὡς
1552 4316 1807 4390 Καίσαρα
1845 4322 2155 4392 γράμματα
2182 4319 2395 4391 πέμπει
2420 4320 2549 4389 περὶ⁵
2576 4318 2767 4374 αὑτοῦ.

283 4399 419 4453 κε’.
450 4398 627 4452 Ἑάλω
652 4399 709 4453 δὲ
731 4399 854 4453 τότε
883 4401 979 4454 καὶ
1006 4403 1338 4473 ἐπιστόλιον,
1370 4408 1465 4460 ὑπ’
1495 4409 1793 4480 Ἀντιφίλου

1979 4412 2144 4468 XXV.
2197 4413 2572 4482 lnterceptum
2621 4421 2708 4468 est
2744 4411 2939 4467 eodem
2975 4422 3222 4482 tempore
3277 4415 3489 4483 episto-

219 4494 417 4547 σιαλὲν
468 4494 609 4563 πρὸς
670 4493 1050 4565 Ἀντίπατρον,
1103 4498 1331 4568 φράζον·
1388 4501 1672 4574 Ἔπεμψὰ
1702 4524 1793 4562 σοι

1900 4505 2060 4568 lium,
2089 4505 2158 4560 ab
2192 4504 2475 4574 Antipltilo
2499 4505 2566 4559 ad
2598 4505 2946 4573 Antipatrum
2985 4505 3232 4570 missum,
3261 4506 3316 4560 in
3350 4505 3496 4561 hanc

218 4587 337 4656 τὴν
363 4586 533 4656 παρὰ
563 4588 792 4657 Ἀκμῆς
818 4587 1174 4658 ἆπιστολὴν,
1201 4592 1288 4660 μὴ
1309 4596 1673 4667 φεισάμενος
1693 4599 1793 4668 τῆς

1904 4595 2286 4650 sententiam:
2329 4594 2453 4649 Misi
2486 4594 2578 4649 tibi
2630 4595 2814 4648 Acmes
2865 4595 3164 4665 epistolam,
3195 4597 3316 4648 υειω
3364 4611 3498 4649 mea:

218 4674 368 4744 ἐμῆς
401 4674 640 4745 ψυχῆς.
668 4671 859 4731 οἶσθα
882 4678 993 4747 γὰρ
1024 4678 1112 4733 ὅτι
1142 4676 1318 4750 αὖθις
1339 4684 1451 4755 (50)
1474 4687 1793 4745 κινδυνεύει

1906 4685 2058 4740 nulla
2091 4686 2297 4740 ratione
2325 4687 2527 4741 habita.
2550 4685 2702 4741 Nosti
2739 4674 2900 4752 enim,
2936 4688 3080 4752 mihi,
3125 4687 3172 4740 si
3201 4686 3494 4758 deprehen-

219 4772 337 4824 ὑπὸ
370 4769 487 4823 δύο
535 4769 757 4834 οἰκιῶν,
804 4773 857 4826 εὶ
888 4774 1244 4843 γνωσθείην.
1278 4776 1365 4831 Σῦ
1387 4778 1439 4831 δ’
1483 4781 1808 4849 εὐτυχοίης

221 4862 355 4929 περὶ
412 4859 485 4914 τὸ
543 4858 808 4931 πρᾶγμα.
851 4861 912 4916 '0
938 4863 994 4916 δὲ
1030 4864 1285 4935 βασιλεὺς
1333 4870 1431 4923 καὶ
1463 4870 1562 4942 τὴν
1612 4871 1808 4942 ἑτέραν

222 4954 404 5024 ἐζήτει
451 4955 770 5026 ἐπιστολὴν,
800 4956 895 5009 καὶ
922 4958 952 5010 ὁ
1007 4956 1104 5010 τοῦ
1143 4958 1450 5029 Ἀντιφίλου
1483 4961 1670 5026 δοῦλος
1732 4963 1808 5036 μὴ

224 5044 408 5098 λαϐεῖν
432 5046 633 5117 ἑτέραν
681 5048 1097 5120 ἀπισχυρίζετο.
1147 5049 1292 5105 Ἰδὼν
1320 5052 1377 5106 δέ
1407 5070 1491 5118 τις
1520 5054 1614 5108 τὸν
1654 5056 1809 5121 ἐντὸς

224 5137 321 5190 τοῦ
349 5139 544 5192 δούλου
568 5138 777 5210 χιτῶνα
819 5141 1268 5213 ὑπερραμμένον,
1298 5145 1522 5202 εἴκασεν
1550 5147 1670 5201 ἐκεῖ
1716 5164 1807 5201 κε-

228 5227 471 5298 κρύφθαι
522 5230 585 5282 τὸ
616 5231 993 5303 γραμμάτιον,
1025 5233 1122 5287 καὶ
1151 5229 1302 5305 εῖχεν
1349 5235 1544 5302 οὕτως.
1578 5237 1808 5310 Λαμσά-

1903 4794 1990 4833 sus
2017 4778 2187 4848 fuero,
2234 4796 2267 4834 a
2323 4779 2527 4832 duabus
2581 4778 2803 4850 familiis
2848 4779 3125 4833 imminere
3173 4780 3489 4851 periculum.

1909 4871 2042 4936 Tibi,
2096 4872 2237 4942 quod
2293 4874 2429 4943 agis,
2480 4871 2637 4926 velim
2690 4872 2820 4926 bene
2863 4880 3052 4927 vertat.
3086 4872 3232 4942 Rege
3263 4874 3494 4928 alteram

1906 4963 2179 5034 Antiphili
2228 4964 2520 5034 epistolam
2581 4965 2920 5036 requirente,
2956 4980 3151 5020 servus
3208 4964 3357 5020 illius
3383 4979 3495 5020 nc-

1906 5057 2068 5127 gabat
2121 5070 2181 5111 se
2231 5055 2461 5110 alteram
2533 5056 2835 5125 accepisse.
2898 5055 3005 5111 Sed
3076 5056 3299 5126 quidam
3361 5070 3495 5109 con-

1905 5149 2151 5218 spicatus
2173 5150 2318 5203 servi
2349 5149 2594 5203 tunicam
2650 5150 2959 5209 subsutam.
2992 5149 3110 5206 illic
3154 5150 3328 5204 latere
3380 5150 3494 5218 cpi-

1903 5241 2131 5295 stolium
2159 5251 2306 5297 recte
2333 5241 2690 5314 conjectavit,
2728 5243 2876 5313 quod
2910 5241 2984 5298 ita
3029 5241 3271 5299 habebat
3297 5261 3310 5297 :
3338 5244 3496 5298 Acme

1464 5396 1663 5459 Variaa
1691 5396 2005 5464 lectiones
2034 5408 2313 5465 etnotae.

302 5518 412 5595 (ω)
445 5520 539 5585 Ὠς
562 5520 808 5595 πάντων
836 5538 916 5587 τῳ
946 5521 1120 5591 πατρὶ
1167 5523 1403 5578 πιστῶν
1422 5526 1799 5595 ἡγουμένων.

227 5589 540 5665 περιῆψε-ε
577 5593 653 5655 ώς
696 5593 939 5665 Δπαντων
963 5589 1259 5664 τῴπατρὶ
1315 5589 1559 5665 ἡκόντων
1576 5589 1669 5660 ἐίς
1704 5598 1791 5650 πί·

234 5677 369 5712 στιν.
408 5660 515 5715 Sed
564 5662 708 5731 apud
761 5661 1057 5735 Iosephunt
1091 5660 1223 5733 puto
1264 5660 1558 5735 legendum
1598 5670 1799 5719 πύστιν

229 5745 333 5801 per
363 5748 417 5797 υ,
441 5747 471 5786 a
500 5736 869 5799 πυνθάνομαι,
908 5735 964 5789 iu
1001 5732 1211 5790 Zonara
1247 5732 1537 5791 ἐκπύστων
1566 5737 1799 5808 γενομέ-

1987 5551 2035 5585 ν.
2151 5572 2164 5586 σ

1906 5533 2298 5674 νωῶΟξΣῖΟ-θα
2329 5608 2439 5675 γὰρ
2458 5607 2548 5660 ὅτι
2575 5612 2770 5675 avom,
2804 5619 2912 5664 etc.
2938 5610 3109 5665 Abest
3147 5609 3251 5666 hoc
3280 5626 3494 5668 comma

1906 5689 1937 5728 a
1969 5676 2091 5730 cod.
2131 5676 2290 5735 Colb.
2321 5676 2585 5748 Sequitur
2612 5682 2675 5732 σὺ
2707 5682 2754 5734 δ’
2785 5682 3100 5750 εὐτυχοίης.
