3918 6200
262 365 384 432 473

1553 353 1965 422 ANNALIUM
2011 355 2167 418 LIB.
2211 355 2318 419 VI.

3440 350 3546 416 474

261 471 432 554 ἀνδρῖ
467 479 635 552 μηδὲν
653 477 829 550 αὐτῆς
849 478 930 542 εἱς
947 477 1184 532 ἕκαστον
1204 475 1315 530 τῶν
1339 473 1522 530 καλῶν
1545 467 1856 528 ἀποδέοντι.

1975 477 2156 541 :aptus
2221 469 2421 526 Decius
2490 468 2744 534 Mundus,
2812 467 2958 524 inter
3013 467 3228 539 equites
3278 469 3543 541 dignitate

262 575 495 646 Ταύτης
522 573 668 628 ἑάλω
696 571 774 641 τῷ
799 572 966 642 ἔρωτι
997 571 1192 635 Δέκιος
1205 569 1470 634 Μοῦνδος,
1499 569 1560 621 ἐν
1578 565 1855 636 ἀξιώματι

263 667 346 722 ὣν
378 667 606 737 μεγάλῳ
631 665 744 720 τῶν
799 664 922 718 τότε
977 664 1214 725 ἱππέων,
1247 665 1343 716 καὶ
1399 660 1600 729 ἐπείρα
1633 659 1852 730 δώροις.

265 761 462 814 Εἴκοσι
492 759 603 828 γὰρ
643 755 916 827 μυριάδας
949 754 1214 827 δραχμῶν
1257 753 1526 809 Ἀττικῶν
1549 752 1711 820 εύνῆς
1744 749 1856 802 ἐδί-

261 851 359 905 δου
408 851 563 919 μιᾶς..
598 849 666 902 Ἦ
727 849 785 902 δέ
839 849 941 903 ούκ
1007 849 1277 918 ἠνείχετο.
1327 847 1598 909 Κάκεῖνος
1653 842 1858 913 ἐξῆπτο

262 942 433 996 πλέον
467 943 546 1006 εἱς
577 941 781 1012 ἔρωτα,
813 939 958 994 ὥστε
1009 939 1268 1011 βρώσεως
1307 940 1486 1010 ἀποχῇ
1518 938 1699 1008 ἑαυτῷ
1721 953 1861 1007 μνη-

266 1035 563 1089 στεύεσθαι
593 1034 849 1088 θάνατον.
895 1027 1006 1086 Ἦν
1057 1033 1115 1085 δέ
1147 1031 1323 1100 τούτῳ
1369 1028 1718 1100 ἀπελευθέρα
1751 1044 1858 1081 πα-

262 1129 423 1200 τρῴα
457 1128 572 1198 Ἴδη
598 1126 939 1196 καλουμένη,
973 1125 1251 1179 παντοίων
1273 1124 1414 1195 ῐδρις
1442 1121 1657 1177 κακῶν.
1698 1120 1854 1191 Αὕτη

266 1221 449 1283 οὕτως
474 1221 671 1291 ἔχοντα
699 1223 794 1273 τὸν
840 1218 1062 1272 νεανίαν
1092 1219 1301 1288 ὁρῶσα,
1346 1215 1718 1288 ἀναθαρσύνει
1759 1215 1848 1269 λό-

265 1332 414 1384 γοις,
455 1316 553 1367 καὶ
592 1313 953 1382 ἀναζωπυροῖ
985 1310 1340 1381 ὑποσχέσεσι,
1381 1310 1543 1362 πέντε
1577 1307 1859 1380 μυριάδων

266 1407 411 1478 αὐτῇ
473 1407 694 1477 δεήσειν
731 1404 971 1472 λέγουσα
1025 1402 1224 1471 μόνων,
1292 1401 1436 1454 ὥστε
1481 1399 1583 1472 τὴν
1657 1399 1860 1472 πρᾶξιν

265 1501 422 1570 αύτῷ
459 1498 935 1571 κατεργάσασθαι.
987 1497 1098 1551 Καὶ
1126 1494 1374 1549 λαϐοῦσα
1405 1494 1468 1547 τὸ
1502 1493 1728 1561 αἰτηθὲν
1755 1495 1860 1564 ἀρ-

266 1593 485 1662 γύριον,
542 1591 665 1644 ἐπεὶ
704 1591 805 1661 οὐχ
851 1591 1066 1660 ἁλωτὴν
1105 1587 1255 1660 ἐώρα
1308 1587 1408 1658 τὴν
1442 1587 1717 1641 Παυλῖναν
1743 1588 1860 1650 τοῖς

267 1686 548 1757 χρήμασι,
584 1686 652 1754 τῇ
682 1683 741 1736 δέ
786 1682 1056 1753 θεραπείᾳ
1095 1681 1198 1750 τῆς
1230 1679 1426 1743 Ἴσιδος
1447 1679 1466 1749 (
1487 1678 1611 1740 θεδς
1640 1677 1685 1730 δ’
1719 1675 1860 1748 αῦτη

265 1782 388 1842 τοῖς
433 1778 737 1846 Ῥωμαίοις
775 1777 899 1830 τότε
942 1776 1256 1844 νενόμιστο)
1295 1773 1416 1845 ᾔδει
1442 1772 1651 1843 ταύτην
1684 1787 1861 1842 προσ-

268 1841 563 1942 κειμένην*
591 1869 940 1941 θερμότατα,
997 1841 1253 1938 πρύσεισι
1303 1841 1422 1920 τῶν
1472 1865 1574 1936 τῆς
1608 1841 1859 1934 νψευδοῦς
1887 1841 1937 1901 Β

270 1965 497 2034 ἐκείνης
530 1962 656 2018 θεοῦ
690 1964 886 2034 ἱερέων
909 1961 1046 2025 τισὶ,
1088 1961 1184 2017 καὶ
1241 1960 1529 2031 χρήμασιν
1574 1957 1864 2012 ἀναπείθει

269 2057 374 2128 τὴν
405 2057 682 2111 Παυλῖναν
715 2055 1087 2124 ἐξαπατῆσαι,
1135 2048 1226 2118 αἶς
1276 2051 1532 2107 δύναιντο
1562 2053 1861 2123 μηχαναῖς,

271 2150 373 2202 καὶ
388 2149 470 2221 τῷ
490 2148 726 2220 Μούνδῳ
747 2147 1203 2218 συγκατακλῖναι.
1223 2145 1289 2201 Οἱ
1307 2146 1386 2211 δὲ,
1411 2143 1733 2216 θελχθέντες
1750 2145 1868 2207 τοῖς

274 2241 558 2312 χρήμασι,
589 2241 658 2311 τῇ
689 2238 890 2310 πράξει
921 2237 1214 2291 ἐπέϐαλον.
1263 2235 1374 2290 Καὶ
1411 2235 1595 2290 αὐτῶν
1621 2236 1649 2288 δ
1675 2236 1866 2305 γεραί-

273 2351 466 2401 τατος,
493 2333 635 2402 πρὸς
662 2334 764 2403 τὴν
793 2333 1082 2385 Παυλῖναν
1107 2329 1302 2396 ἐλθὼν,
1340 2329 1436 2382 καὶ
1466 2328 1574 2399 ἱδία
1601 2329 1740 2399 αὐτῇ
1777 2331 1868 2380 ἐν-

275 2427 486 2498 τυχὼν,
521 2427 708 2495 ἔλεγεν
733 2427 895 2496 ἥκειν
928 2423 1182 2496 πεμπτὸς
1216 2422 1322 2477 ὑπὸ
1351 2422 1450 2476 τοῦ
1490 2418 1864 2487 Ἀννούὸιδος,

278 2519 605 2582 κελεύοντος
624 2517 720 2572 τοῦ
743 2516 871 2571 θεοῦ
894 2516 1034 2587 πρὸς
1055 2515 1220 2570 αὑτὸν
1236 2515 1419 2586 ἥκειν,
1442 2513 1615 2583 αὐτῆς
1633 2511 1866 2581 ἐρῶντα.

277 2614 362 2684 Τῇ
393 2613 453 2667 δὲ
481 2615 511 2666 ὁ
559 2611 720 2680 λόγος
774 2609 956 2675 ἔδοξεν
1002 2607 1412 2672 εύκταιότατος,
1452 2607 1501 2659 εἱ
1542 2605 1718 2678 ἐρῷτο
1762 2603 1868 2658 ὑπὸ

281 2706 412 2763 θεοῦ
432 2723 445 2736 ·
499 2705 594 2760 καὶ
618 2703 696 2774 τῷ
731 2703 888 2773 ἀνδρὶ
906 2701 1182 2756 κοινοῦται
1211 2701 1273 2754 τὸ
1301 2699 1587 2770 ἀγγελθὲν,
1619 2691 1871 2760 κάκεῖνος

285 2797 616 2869 συνεχώρει,
637 2797 735 2868 τὴν
761 2794 1125 2866 σωφροσύνην
1145 2793 1433 2862 γινώσκων
1453 2792 1554 2861 τῆς
1585 2789 1867 2859 γυναικός.

297 2887 578 2958 Ἀπῆλθεν
625 2882 724 2940 οῦν
773 2887 857 2949 εἱς
882 2885 945 2937 τὸ
975 2885 1227 2954 τέμενος,
1259 2885 1356 2936 καὶ
1377 2882 1452 2945 ὡς
1477 2881 1648 2935 ὕπνου
1679 2880 1901 2952 καιρὸς

283 2978 378 3055 ἦν,
409 2982 558 3034 ἐνδον
605 2981 665 3034 ἐν
717 2979 795 3049 τῷ
828 2979 944 3049 ναῷ
996 2980 1064 3050 τῇ
1107 2978 1332 3046 γυναικὶ
1361 2975 1695 3044 καθευδῆσαι
1723 2973 1873 3044 ἡτοί-

290 3091 492 3146 μαστο,
525 3073 622 3128 καὶ
650 3072 723 3125 τὰ
750 3071 923 3142 λύχνα
979 3069 1336 3126 κατέσὸεστο.
1378 3068 1438 3121 Ὀ
1467 3066 1597 3137 γοῦν
1625 3065 1871 3129 Μοῦνδος

287 3164 737 3237 (προεκέκρυπτο
779 3163 890 3232 γὰρ
929 3160 1066 3230 ἐκεῖ)
1103 3158 1399 3230 παννύχιον
1429 3156 1737 3228 ὲνεφορήθη
1770 3157 1872 3210 αὐ-

283 3260 414 3330 τῆς,
443 3259 520 3322 ώς
547 3256 839 3320 Ἀννουύις
869 3255 1006 3326 αὐτῇ
1039 3252 1508 3325 προσφερόμενος.
1538 3247 1670 3306 Εἶτα
1698 3252 1728 3304 ὁ
1771 3249 1872 3320 μὲν

287 3352 537 3422 ἀπῆλθεν
569 3366 583 3382 ·
620 3353 655 3423 ἡ
684 3351 762 3415 δὲ,
789 3349 924 3418 πρὸς
961 3348 1052 3402 τὸν
1078 3348 1248 3417 ἄνδρα
1272 3347 1605 3416 φοιτήσασα,
1632 3344 1875 3415 διηγεῖτο

291 3445 447 3516 αὐτῷ
497 3443 598 3514 τὴν
654 3443 985 3512 ἐπιφάνειαν
1041 3437 1138 3493 τοῦ
1184 3438 1547 3503 Ἀννούϐιδος,
1584 3435 1683 3490 καὶ
1735 3435 1874 3506 πρὸς

288 3539 390 3601 τὰς
424 3538 680 3608 συνήθεις
714 3532 1182 3605 ἐνελαμπρύνετο,
1212 3532 1287 3594 ώς
1327 3530 1542 3601 ὁμιλίας
1574 3527 1876 3595 ἀξιωθεῖσα

293 3629 442 3684 θεοῦ.
477 3628 650 3700 Τρίτῃ
681 3628 739 3681 δὲ
771 3625 910 3698 μετὰ
934 3626 1034 3696 τὴν
1063 3623 1270 3692 πρᾶξιν
1295 3623 1481 3695 ἡμέρᾳ.
1531 3621 1876 3691 συναντήσας

291 3725 320 3777 δ
345 3721 468 3778 Μοῦ
481 3721 590 3784 ιδος
613 3721 777 3790 αὐτῇ·
796 3716 1094 3780 Παυλῖνα,
1113 3717 1266 3785 φησὶ,
1293 3715 1390 3768 καὶ
1422 3716 1527 3778 τὰς
1548 3713 1744 3767 είκοσι
1764 3731 1879 3782 μυ-

286 3815 498 3887 ριάδας
521 3815 658 3881 ἔχω,
686 3810 784 3865 καὶ
813 3813 894 3864 σύ
920 3827 1021 3881 μοι
1046 3810 1272 3863 τούτων
1291 3805 1638 3875 διηκονήσω
1665 3805 1875 3873 χωρίς.

297 3909 362 3962 Ἀ
389 3906 460 3959 δὲ
484 3906 641 3973 πρὸς
667 3901 948 3958 Μοῦνδον
971 3899 1288 3970 ἐξύϐριζες,
1310 3899 1542 3953 τούτων
1568 3895 1754 3952 οὐδέν
1769 3913 1876 3965 μοι

293 3999 708 4070 προσήρτητο,
742 3998 1069 4051 Ἀννουϐιν
1083 3995 1275 4064 ὄνομα
1299 3990 1522 4062 θεμένῳ
1551 3987 1732 4054 αὐτῷ.
1776 3989 1875 4042 Ἐκ

293 4096 507 4148 τούτων
531 4095 612 4154 εἱς
643 4090 856 4144 ἔννοιαν
898 4088 1132 4142 ἐλθοῦσα
1152 4086 1245 4139 τοῦ
1267 4086 1622 4156 τολμήματος
1649 4085 1683 4154 ἠ
1713 4083 1875 4153 γυνὴ,

296 4184 740 4254 περιρρήγνυται
781 4179 880 4246 τὴν
912 4177 1127 4249 στολὴν,
1159 4177 1254 4230 καὶ
1280 4176 1359 4246 τῷ
1390 4177 1544 4246 ἀνδρὶ
1589 4175 1777 4245 ἐδήλου
1815 4173 1878 4225 τὺ

1961 571 2254 633 praestans,
2294 563 2542 618 mulieris
2573 562 2890 634 pudicitiam
2921 561 3247 616 muneribus
3278 562 3544 616 Sollicita-

1933 644 2076 720 'bat,
2111 671 2173 710 cc
2207 654 2375 710 millia
2399 655 2784 711 drachmarum
2799 654 3105 709 Atticarum
3130 669 3228 724 pro
3268 668 3380 707 uno
3410 669 3546 708 con-

1963 745 2154 803 cubitu
2205 747 2493 818 pollicens.
2547 748 2730 816 anue
2781 756 3092 809 recusante,
3137 760 3322 800 amore
3374 745 3549 814 magis

1965 839 2432 905 inﬂammabatur,
2457 839 2596 894 adeo
2625 847 2685 893 ut
2717 839 3052 893 abstinentia
3080 838 3329 893 ciborum
3353 851 3549 890 necem

1964 932 2074 992 sibi.
2111 932 2458 988 consciscere
2499 933 2834 987 institueret.
2863 930 3109 986 Habebat
3146 940 3330 984 autem
3361 938 3551 999 pater-

1965 1043 2091 1083 nam
2114 1027 2365 1082 libertam
2389 1027 2612 1081 nomine
2633 1027 2786 1090 Iden,
2811 1025 2992 1080 omnis
3026 1023 3248 1094 generis
3278 1023 3550 1077 malorum

1962 1121 2219 1191 peritam.
2256 1119 2332 1174 Ea
2363 1119 2768 1174 adolescentem
2799 1119 2880 1173 sic
2909 1116 3167 1172 allectum
3202 1116 3389 1171 verbis
3415 1131 3553 1172 con»

1963 1214 2166 1280 firmat,
2195 1222 2253 1268 et
2295 1211 2786 1282 pollicitationibus
2827 1209 3118 1275 refocillat,
3162 1223 3226 1264 ac
3264 1208 3366 1264 sibi
3412 1207 3555 1264 dun-

1967 1317 2114 1367 taxat
2134 1309 2497 1381 quinquagies
2524 1307 2671 1362 mille
2695 1306 2975 1362 drachmis
2995 1321 3134 1376 opus
3168 1321 3291 1360 esse
3323 1305 3456 1360 dicit
3479 1305 3551 1359 ad

1966 1422 2084 1463 rem
2144 1401 2569 1460 conﬁciendam.
2629 1399 2842 1467 Quibus
2895 1400 3157 1468 acceptis,
3213 1412 3338 1452 cum
3405 1397 3554 1451 illaut

1967 1499 2200 1570 pecunia
2235 1513 2346 1551 non
2384 1493 2685 1564 expugnari
2717 1507 2882 1562 posse
2931 1499 3208 1551 cerneret,
3253 1488 3347 1544 sed
3379 1486 3553 1542 cultui

1967 1592 2128 1648 lsidis
2163 1591 2249 1658 (ea
2290 1599 2404 1644 tum
2437 1605 2466 1643 a
2497 1586 2760 1643 Romanis
2802 1601 2902 1656 pro
2937 1584 3063 1638 diva
3095 1582 3400 1650 colebatur)
3433 1595 3556 1634 esse

1968 1682 2366 1739 deditissimam
2394 1699 2409 1737 :
2438 1679 2705 1750 quosdam
2739 1676 2886 1732 falsae
2919 1675 3068 1730 illius
3097 1674 3214 1728 dere
3237 1671 3558 1728 sacerdotes

1966 1777 2247 1841 convenit,
2319 1773 2612 1844 pecuniam
2669 1771 2853 1835 offert,
2907 1779 2967 1824 ut
3016 1766 3301 1824 Paulinam
3352 1763 3560 1834 quibus

1965 1872 2175 1944 possint
2227 1869 2370 1925 dolis
2415 1869 2890 1928 circumventam,
2942 1862 3143 1917 Mundo
3199 1858 3285 1914 sui
3341 1857 3557 1927 copiam

1965 1965 2145 2021 facere
2169 1971 2387 2032 cogant.
2417 1959 2500 2014 Illi
2531 1957 2763 2029 pecunia
2798 1955 3012 2011 deliniti
3035 1993 3049 2015 .
3110 1955 3324 2009 facinus
3358 1967 3557 2023 aggrc-
3669 1989 3678 1998 .

1967 2058 2454 2115 diunturzeorum
2508 2061 2637 2106 natu
2687 2050 2957 2105 maximus
2989 2047 3277 2102 Paulinam
3326 2044 3556 2098 seorsim

1967 2146 2248 2211 convenit,
2305 2159 2366 2199 se
2427 2143 2498 2197 ab
2549 2139 2826 2203 Annbide,
2881 2138 3055 2210 ipsius
3115 2149 3306 2190 amore
3366 2141 3555 2203 capto.

1968 2240 2198 2296 missum
2243 2253 2364 2293 esse
2393 2235 2685 2306 profitetur
2707 2242 2767 2286 ut
2798 2247 2918 2287 eam
2970 2235 3300 2286 accerseret.
3345 2227 3559 2282 Mulieri

1968 2349 2033 2390 ea
2064 2331 2235 2389 verba
2256 2329 2600 2401 optatissima
2626 2326 2968 2387 acciderunt,
2995 2324 3038 2379 si
3070 2339 3100 2377 a
3121 2322 3224 2378 deo
3244 2328 3560 2376 amaretur:

1969 2436 2026 2484 et
2078 2427 2335 2480 nuntium
2383 2423 2536 2478 illum
2573 2436 2699 2477 cum
2753 2420 2952 2474 marito
2981 2417 3371 2478 communicat,
3400 2411 3562 2480 269

1971 2519 2064 2590 qui
2115 2532 2320 2589 gnarus
2372 2513 2658 2570 modestia:
2711 2511 2962 2582 conjugis
3019 2525 3139 2564 eam
3197 2507 3352 2562 abire
3406 2504 3562 2559 sinit.

1970 2611 2108 2668 Cum
2170 2611 2222 2664 in
2287 2608 2553 2676 templum
2609 2607 2869 2667 venisset,
2946 2601 3048 2656 sub
3104 2597 3283 2655 somni
3349 2607 3566 2666 tempus

1973 2702 2190 2759 mulieri
2239 2703 2294 2756 in
2346 2701 2462 2770 ipsa
2515 2699 2633 2754 aede
2672 2699 2850 2752 lectus
2905 2704 3148 2765 paratur,
3179 2693 3421 2746 lucernas
3465 2705 3562 2744 ex-

1975 2796 2360 2865 stinguuntur.
2395 2790 2760 2861 Mundusjam
2791 2785 3044 2842 anteaibi
3073 2784 3314 2843 abditus,
3347 2798 3445 2851 per
3477 2792 3562 2835 to-

1976 2897 2084 2942 tam
2129 2893 2372 2960 noctem,
2426 2883 2530 2938 sub
2575 2879 2846 2934 Anubidis
2900 2876 3124 2931 nomine
3180 2873 3412 2928 libidine
3465 2888 3564 2928 sua

1975 2979 2216 3049 expleta,
2247 2975 2506 3032 discedit.
2542 2973 2641 3028 Illa
2683 2984 2928 3032 reversa,
2965 2965 3238 3022 Anubidis
3261 2962 3564 3033 apparitio-

1975 3087 2102 3128 nem
2153 3071 2348 3124 marito
2399 3075 2608 3130 narrat,
2648 3061 2794 3133 apud
2830 3059 3130 3115 familiares
3162 3056 3231 3110 de
3264 3068 3562 3123 congressu

1975 3163 2064 3220 dei
2089 3162 2377 3234 gloriatur.
2406 3157 2512 3214 Sed
2534 3153 2702 3212 tertio
2720 3161 2843 3223 post
2871 3149 2928 3204 id
2953 3148 3166 3204 facinus
3186 3146 3296 3207 die,
3328 3141 3562 3198 Mundus

1975 3258 2026 3314 ei
2055 3255 2274 3312 obviam
2335 3251 2515 3306 factus
2563 3267 2578 3303 :
2633 3245 2892 3309 Paulina,
2959 3239 3160 3310 inquit,
3219 3246 3267 3291 et
3336 3235 3565 3288 ducenta

1977 3347 2151 3404 millia
2182 3344 2366 3418 habeo,
2407 3349 2457 3394 et
2485 3350 2542 3394 tu
2573 3337 2700 3394 mihi
2738 3335 2905 3407 gratis
2942 3331 3144 3405 gessisti
3173 3343 3390 3384 morem.
3445 3324 3566 3378 Tua

1976 3457 2099 3496 vero
2125 3454 2250 3508 erga
2274 3416 2549 3490 'Hurtdum
2582 3431 2786 3501 injuria
2815 3442 2897 3482 me
2935 3441 3039 3480 non
3067 3423 3263 3491 attigit,
3299 3421 3389 3490 qui
3414 3416 3565 3472 Anu-

1977 3532 2112 3586 bidis
2133 3543 2324 3583 nomen
2341 3527 2452 3596 ipse
2473 3522 2598 3577 mihi
2620 3521 2850 3590 fecerim.
2877 3516 2919 3570 E
2939 3515 3142 3586 quibus
3162 3511 3347 3567 verbis
3367 3508 3568 3563 mulier

1979 3623 2262 3678 intellecto
2292 3618 2557 3675 facinore.
2583 3613 2833 3669 vestibus
2877 3607 3135 3664 laceratis
3184 3603 3384 3659 marito
3432 3601 3566 3654 insi-

1979 3716 2098 3772 dias
2131 3711 2356 3767 indicat.
2392 3709 2444 3764 Is
2479 3706 2624 3776 apud
2649 3703 2930 3759 Tiberium
2962 3696 3342 3768 conqueritur.
3386 3691 3567 3760 Impe-

1980 3795 2431 3859 rator‘facinore
2485 3799 2788 3865 comperto,
2838 3788 3153 3846 sacerdotes
3200 3792 3257 3840 et
3308 3782 3440 3837 ldcn
3507 3782 3564 3836 in

1980 3909 2174 3953 cruces
2205 3892 2365 3956 tollit,
2411 3889 2584 3943 aedem
2625 3884 2843 3948 diruit;
2899 3879 3064 3935 Isidis
3101 3875 3458 3933 simulacrum
3508 3872 3570 3926 in

1979 3986 2226 4043 Tiberim
2247 3981 2540 4052 demergit,
2565 3977 2827 4032 Mundum
2850 3973 2904 4026 in
2923 3970 3178 4027 exsilium
3197 3968 3326 4038 agit,
3350 3979 3577 4035 pugnam:

1983 4079 2289 4152 graviorem
2329 4074 2400 4130 ob
2451 4071 2656 4127 amoris
2705 4068 2817 4122 vim
2881 4063 3174 4120 clementia
3230 4058 3574 4114 moderatus.

1983 4149 2112 4228 Ilzec
2144 4170 2334 4224 Romae
2363 4173 2484 4221 acta
2517 4171 2664 4219 sunt.
2702 4157 2962 4216 Samaria:
2982 4170 3114 4211 vero
3149 4151 3418 4208 tumultus
3467 4149 3576 4202 hac

297 4239 696 4343 ἐπίδούλευμα.
748 4273 810 4325 '0
837 4239 896 4324 δέ
925 4270 1003 4341 τῷ
1056 4239 1292 4339 ἔΐισερίῳ
1329 4239 1678 4339 προῆλθε.-
1703 4265 1814 4319 Καὶ
1851 4267 1870 4320 ἐ

1984 4263 2053 4318 de
2081 4274 2245 4316 causa
2275 4255 2506 4313 exstitit.
2545 4251 2779 4319 Quidam
2825 4245 3200 4303 Samaritanos
3227 4239 3575 4296 Garizinium

299 4335 687 4438 αὐτοκράτωρ,
720 4335 986 4430 ἐξετάσας
1007 4361 1068 4415 τὸ
1099 4335 1347 4429 γεγονδς,
1379 4335 1527 4423 τοὺς
1563 4358 1664 4428 μὲν
1713 4358 1870 4428 ἱερεῖς

1987 4362 2230 4411 montem
2264 4346 2570 4408 sanctitatis
2608 4343 2872 4414 Opinione
2917 4335 3335 4394 celeberrimum
3383 4345 3582 4386 secum

298 4430 715 4529 ἀνεσταύρωσε,
746 4457 841 4510 καὶ
896 4457 998 4527 τὴν
1033 4455 1204 4525 Ἴδην,
1235 4453 1330 4506 τόν
1377 4469 1437 4505 τε
1467 4452 1596 4505 ναὸν
1631 4451 1870 4517 καθεῖλε,

1987 4443 2362 4505 conscendere
2401 4439 2564 4512 jussit
2603 4455 2618 4492 :
2651 4450 2778 4490 nam
2827 4433 2904 4489 ibi
2947 4447 3006 4487 se
3039 4430 3124 4485 eis
3172 4443 3324 4483 sacra
3368 4439 3492 4478 vasa
3541 4440 3582 4477 τε

300 4555 394 4610 καὶ
424 4553 490 4606 τὺ
518 4551 620 4623 τῆς
647 4549 847 4612 Ἴσιδος
893 4546 1118 4618 ἄγαλμα
1145 4549 1225 4608 εἱς
1259 4545 1350 4598 τὸν
1381 4542 1587 4614 Θύύριν
1629 4541 1743 4613 (65)
1775 4559 1878 4595 πο-

303 4647 479 4719 ταμὸν
514 4643 899 4706 κατεπόντισε,
924 4641 1015 4695 τὸν
1031 4641 1088 4694 δὲ
1116 4639 1359 4694 Μοῦνδον
1387 4640 1534 4709 φυγῇ
1564 4637 1880 4700 ἐδικαίωσε,

304 4738 644 4810 συγγνώμην
662 4736 857 4808 νείμας
873 4733 1044 4804 αὐτῷ,
1063 4733 1204 4786 ὥστε
1240 4731 1316 4804 μὴ
1341 4732 1526 4800 μεῖζον
1547 4728 1883 4800 κολασθῆναι

302 4833 393 4887 διὰ
437 4833 542 4901 τὴν
595 4828 716 4900 βίαν
771 4826 867 4881 τοῦ
903 4825 1130 4898 ἔρωτος.
1171 4823 1335 4878 Ἀλλὰ
1365 4822 1536 4876 ταῦτα
1571 4820 1674 4893 μὲν
1705 4821 1764 4874 ἐν
1813 4821 1882 4892 τῇ

314 4922 512 4994 Ῥώμῃ
545 4921 880 4992 ἐπέπρακτο·
909 4920 966 4972 ἐν
992 4917 1049 4971 δὲ
1067 4915 1355 4987 Σαμαρείᾳ
1380 4913 1698 4985 συμϐέϐηκε
1728 4911 1887 4984 θόρυ-

306 5015 419 5080 δος.
463 5011 634 5083 Ἀνὴρ
665 5013 772 5083 γάρ
825 5027 909 5084 τις
938 5007 1162 5062 ἐκέλευε
1215 5008 1342 5070 τοὺς
1386 5005 1669 5076 Σαμαρεῖς
1709 5004 1804 5057 ἐπὶ
1825 5002 1889 5056 τὸ

306 5106 537 5179 Γαρῑζιν
570 5105 698 5176 δρος
744 5102 893 5173 αὐτῷ
947 5097 1223 5155 συνελθεῖν
1267 5097 1587 5170 (ἁγνότατον
1635 5095 1694 5149 δὲ
1727 5093 1891 5148 τοῦτο

311 5199 499 5260 αὐτοῖς
516 5195 856 5266 ὑπείληπται
875 5193 985 5247 τῶν
1007 5189 1195 5264 ὁρῶν),
1219 5191 1317 5245 καὶ⁸
1342 5189 1697 5260 ἀφικομένας
1719 5188 1891 5256 ἐπηγ-

308 5290 537 5360 γέλλετο
566 5287 690 5359 ἱερὰ
721 5285 892 5355 σκεύη
923 5283 1245 5356 ἐμφανίσαι,
1271 5279 1744 5352 κατορωρυγμένα
1770 5279 1888 5332 ἐκεῖ

1990 4541 2141 4596 Mose
2190 4535 2428 4600 defossa,
2478 4527 2831 4588 ostensurum
2879 4541 3022 4582 esse.
3059 4523 3324 4590 Quicum
3372 4515 3577 4572 armati

1991 4629 2400 4693 convenissent,
2420 4625 2650 4687 Pilatus,
2677 4618 2926 4676 exercitu
2960 4617 3149 4681 misso,
3180 4612 3319 4667 alios
3345 4606 3578 4671 occidit,

1991 4725 2130 4781 alios
2149 4723 2207 4778 in
2230 4720 2414 4792 fugam
2429 4720 2619 4784 vertit,
2637 4725 2694 4772 et
2716 4712 3056 4784 captivorum
3073 4706 3380 4780 praecipuos
3403 4700 3582 4754 inter-

1989 4817 2148 4875 fecit.
2195 4812 2526 4872 Samaritani
2571 4823 2704 4866 vero
2744 4805 3024 4864 Vitellium
3070 4801 3240 4874 Syrias
3283 4802 3580 4866 praetorem

1993 4905 2358 4973 conveniunt,
2408 4905 2646 4960 Pilatum
2695 4899 2768 4956 ob
2813 4893 3161 4970 popularium
3215 4903 3442 4948 suorum
3475 4898 3583 4939 ca:-

1997 4999 2124 5057 dem
2191 5004 2536 5055 accusantes.
2573 4995 2650 5060 ls,
2702 4989 2964 5047 Marcello
3006 4984 3214 5043 Iudaeis
3259 4977 3580 5053 praeposito,

2003 5093 2236 5147 Romam
2281 5089 2366 5144 ire
2409 5087 2644 5144 Pilatum
2672 5080 2846 5156 jubet,
2873 5079 2942 5136 ad
2973 5093 3193 5134 causam
3225 5073 3370 5144 apud
3400 5070 3586 5124 Caesa-

2000 5198 2116 5238 rem
2145 5181 2458 5238 dicendam.
2523 5178 2652 5234 Abit
2693 5175 2807 5241 ille,
2841 5188 2967 5230 cum
3010 5167 3341 5227 decennium
3374 5158 3585 5220 Iudaeis

1991 5276 2326 5347 praefuisset.
2372 5272 2480 5330 Sed
2514 5280 2819 5341 antequam
2855 5267 3044 5322 Romae
3089 5259 3576 5333 appropinqnareli

1515 5436 2054 5500 Varitelectiones
2081 5443 2146 5499 et
2184 5441 2381 5498 noun.

384 5574 500 5647 (65)
537 5569 922 5647 caepa-1.5m
978 5578 1341 5647 uisset-anes
1372 5578 1509 5647 cum.
1550 5561 1602 5615 Θ.
1664 5560 1890 5616 Tiberim

316 5634 582 5704 eﬂ‘eru'nt.
614 5634 981 5705 Claudianus,
998 5638 1099 5693 lib.
1129 5652 1168 5693 ll
1196 5639 1250 5691 in
1281 5634 1600 5702 Eutropium
1627 5648 1643 5685 :

388 5759 459 5815 Ni
484 5774 683 5813 memor
707 5753 924 5826 imperii
943 5751 1144 5826 Stilico,
1179 5763 1485 5826 morumque
1519 5747 1754 5816 priorum

391 5831 564 5893 Turpe
584 5819 865 5897 relegasset
891 5824 1098 5893 defenso
1135 5839 1165 5876 a
1191 5819 1444 5890 Thybride
1483 5831 1695 5885 nomen,

2075 5559 2458 5628 Servorumque
2488 5572 2620 5611 novo
2639 5560 2902 5610 servasset
2933 5548 3148 5604 crimine
3181 5540 3425 5596 Remum.

1998 5678 2252 5733 Patauius
2285 5664 2996 5742 inMetapbrasi‘Eutropii,
3051 5661 3145 5715 lib.
3186 5675 3197 5712 t
3238 5655 3389 5724 Πιιδς
3445 5650 3575 5717 ταῖς

1993 5749 2097 5803 τοῦ
2131 5744 2453 5816 Θύμϐριδος
2475 5739 2774 5811 ἐλιόολαῒς.
