3868 6198
293 281 408 342 475
1573 269 1888 336 JOANNIS

1992 266 2277 330 ΟΝΔΠΕ
3465 262 3580 326 ιιῖο

293 393 554 453 Tiberius
577 392 690 466 jam
715 391 955 453 obierat.
970 391 1228 450 Vitellius
1249 406 1381 450 vero
1407 391 1466 449 in
1483 392 1626 450 festo
1652 393 1888 449 Pascha-

1993 388 2099 443 ὑπὸ
2125 383 2429 448 Μωῦσέως*
2458 382 2508 437 οἱ
2539 380 2598 436 δι
2620 379 2967 453 ἠθροίζοντο,
2991 377 3090 434 καὶ
3115 377 3174 432 ἐν
3195 377 3386 441 ὅπλοις
3411 372 3578 448 ἦσαν.

296 489 365 546 tis
398 485 789 556 Hierosolymis
819 486 1106 557 magniﬁce
1127 493 1412 556 exceptus,
1444 484 1734 556 vectigalia
1753 484 1884 540 fru-

1993 479 2228 543 Πιλᾶτος
2248 476 2330 544 δὲ,
2361 474 2702 547 στρατιώτας
2735 472 2990 543 πέμψας,
3021 472 3151 536 τους
3201 470 3302 540 μὲν
3341 470 3580 536 ἔκτεινε,

295 594 422 649 gum
468 576 985 649 Hierosolymitanis
1014 578 1249 644 remisit,
1282 588 1339 634 et
1371 578 1566 634 stolam
1601 577 1883 648 pontiﬁcis

1994 573 2124 635 τοὺς
2155 571 2212 625 δέ
2262 569 2533 641 ἐτρέψατο
2563 569 2646 631 εἰς
2679 566 2888 638 φυγὴν,
2913 567 3010 621 καὶ
3042 566 3152 618 τῶν
3178 564 3581 635 ζωγρηθέντων

297 672 354 726 ἱιι
386 671 592 740 templo
626 670 839 740 reponi,
871 687 936 726 ac
968 687 1140 742 penes
1167 673 1483 728 sacerdotes
1505 688 1629 728 esse
1658 681 1720 727 ut
1745 672 1879 728 olim

1992 662 2123 724 τοὺς
2175 657 2513 730 κορυφαίους
2566 657 2901 728 διέφθειρεν.
2937 657 3005 710 οι
3035 655 3093 708 δέ
3123 655 3401 725 Σαμαρεξ
3441 655 3580 724 πρὸς

299 777 492 831 passus
522 773 630 828 est,
669 778 794 818 cum
828 779 892 818 ea
926 773 1250 836 tempestate
1280 765 1333 820 in
1365 765 1605 821 Antonia
1629 776 1882 822 servare-

1999 752 2310 811 οὐῖτέλλιον
2327 747 2492 825 ἦλθον
2507 750 2708 822 Συρίας
2731 749 3162 821 ἡγεμονεύοντα,
3188 748 3426 802 Πιλάτου
3452 765 3584 802 κατα

301 865 408 908 tur.
484 854 620 908 Nam
677 855 892 924 primus
961 855 1244 926 Hyrcanus
1314 855 1561 926 pontifex
1631 857 1882 927 proxime

1992 846 2328 918 ηγοροῦντες
2371 843 2467 897 ἐπὶ
2497 845 2566 916 τῇ
2595 841 2705 896 τῶν
2747 841 3045 913 ὁμοφύλων
3076 844 3285 912 σφαγῇ.
3315 841 3430 894 Καὶ
3453 840 3586 894 Otii.

299 943 565 1014 templum
623 944 914 1000 aediﬁcat-it
961 946 1182 1010 turrim,
1241 945 1296 1000 in
1355 962 1464 1016 qua
1517 946 1686 1002 vitam
1747 945 1882 1017 egit,

297 1032 604 1102 stolamquc
632 1034 992 1103 pontiﬁcium,
1025 1044 1084 1090 ut
1116 1053 1237 1105 qua:
1262 1036 1330 1091 ad
1366 1053 1425 1092 se
1449 1052 1516 1092 ex
1549 1037 1728 1094 oﬁicio
1761 1053 1888 1108 per-

297 1122 521 1186 tineret,
576 1124 898 1180 asservavit.
955 1125 1103 1180 Idem
1157 1127 1323 1182 etiam
1380 1129 1501 1199 ejus
1532 1144 1884 1186 successores

300 1213 501 1268 imitati
527 1223 675 1270 sunt.
703 1214 808 1270 Sed
841 1216 1086 1272 Herodes
1111 1219 1307 1273 turrim
1345 1220 1491 1274 illam
1526 1221 1885 1291 magniﬁcen-

301 1303 411 1358 tius
438 1304 784 1365 adornatam.
807 1307 876 1361 de
901 1309 1127 1363 Antonii
1151 1311 1312 1364 amici
1338 1312 1562 1368 nomine
1596 1315 1760 1384 270
1785 1331 1884 1385 ap-

301 1394 523 1460 pellavit
576 1412 589 1449 :
639 1405 695 1449 et
726 1397 923 1450 stolam
960 1397 1032 1452 ibi
1088 1409 1358 1468 repertam
1417 1401 1470 1456 in
1516 1418 1580 1456 ea
1622 1404 1882 1458 detinuit.

1990 936 2222 1004 τέλλιος,
2236 937 2557 1008 Μάρκελλον
2580 934 2804 1006 πέμψας
2833 936 2944 988 τῶν
2972 934 3246 988 Ἰουδαίων
3275 935 3588 1003 προνοησὸ-

1995 1049 2176 1104 μενον,
2209 1030 2302 1086 ἐπὶ
2332 1031 2555 1102 Ῥώμην
2578 1029 2806 1086 ἀπιέναι
2836 1027 2927 1082 τὸν
2950 1028 3184 1082 Πιλᾶτον
3211 1027 3471 1082 ἐκέλευεν
3491 1027 3588 1080 ἐπὶ

1987 1125 2086 1180 τοῦ
2117 1124 2521 1196 αὐτοκράτορος
2552 1122 3058 1193 ἀπολογησόμενον,
3086 1120 3172 1189 ἐφ’
3203 1114 3290 1182 οἷς
3317 1120 3584 1188 ἐγκαλεί-

1985 1235 2099 1274 ται.
2135 1218 2242 1272 Καὶ
2276 1219 2304 1271 ὁ
2335 1217 2436 1287 μὲν
2465 1215 2636 1287 ἀπῄει
2667 1216 2763 1268 ἐπὶ
2789 1214 2926 1268 δέκα
2983 1213 3167 1267 ἔτεσιν
3193 1212 3585 1284 ἡγεμονεύσας

1990 1312 2092 1382 τῆς
2132 1309 2422 1374 Ἰουδαίας.
2483 1309 2619 1380 Πρὶν
2673 1307 2732 1361 δέ
2775 1309 2844 1378 τῇ
2879 1305 3071 1380 Ῥώμῃ
3119 1305 3342 1374 ἐγγίσαι
3395 1305 3586 1368 αὖτδν,

1987 1402 2128 1474 ἔφθη
2162 1402 2413 1467 Τιϐέριος
2447 1400 2743 1472 μεταστάς.
2768 1396 3079 1462 Οὐϊτέλλιος
3120 1397 3200 1461 δέ,
3228 1399 3308 1460 εἰς
3344 1397 3587 1465 Ἰεροσό-

300 1481 448 1536 ldetn
490 1481 794 1539 Archelaus
833 1486 964 1541 fecit
1003 1504 1017 1541 :
1055 1487 1199 1542 idem
1241 1490 1474 1544 Romani
1511 1492 1663 1546 illum
1705 1494 1883 1549 secuti

1992 1495 2141 1564 λυμα
2169 1493 2339 1548 ἐλθὼν
2363 1494 2463 1562 τῆς
2493 1491 2588 1546 τοῦ
2620 1492 2810 1561 Πάσχα
2831 1490 3026 1563 ἐορτῆς
3058 1489 3419 1560 τελουμένης,
3449 1493 3587 1541 ὑπερ

298 1573 365 1627 de
389 1573 526 1628 stola
553 1587 887 1644 statuerunt,
914 1595 1036 1650 qua:
1063 1579 1176 1636 illic
1195 1583 1297 1637 sub
1319 1585 1509 1654 sigillis
1530 1588 1882 1644 sacerdotum

1992 1585 2157 1657 δέχθη
2194 1585 2658 1657 μεγαλοπρεπῶς,
2694 1584 2792 1638 καὶ
2821 1586 2892 1638 τὰ
2919 1583 3050 1654 τέλη
3079 1583 3191 1636 τῶν
3220 1582 3591 1652 γεωργουμέ-

299 1676 352 1719 et
388 1682 534 1737 gazae
587 1671 879 1726 custodum
925 1676 1318 1743 reponebatur.
1355 1677 1488 1732 Eam
1536 1678 1722 1750 igitur,
1756 1697 1883 1737 cum

1994 1694 2125 1743 νων,
2152 1678 2383 1748 καρπῶν
2417 1679 2534 1742 τοῖς
2571 1676 3036 1748 Ἱεροσολυμίταις
3087 1675 3300 1744 ἀνίησι,
3334 1677 3434 1727 καὶ
3483 1674 3587 1743 τὴν

302 1757 354 1810 in
386 1757 776 1816 festivitatibus
803 1764 1049 1834 pontiﬁci
1074 1745 1886 1841 restitueretur,etvpostrunutn

1992 1769 2185 1838 στολὴν
2210 1745 2307 1824 τοῦ
2340 1745 2658 1840 ἀρχιερέως.
2681 1770 2763 1832 είς
2787 1745 2860 1821 et
2895 1767 3042 1840 ἱερὸν
3074 1765 3430 1836 συνεχώρησε
3463 1768 3588 1817 κεί-

299 1849 420 1904 festi
474 1851 620 1907 diem
671 1856 874 1911 ibidem
941 1871 1328 1930 reponeretur,
1379 1863 1634 1920 Vitellius
1681 1867 1887 1937 pepulo

1992 1861 2139 1932 σθαι,
2175 1863 2276 1917 καὶ
2323 1862 2479 1933 παρά
2515 1865 2630 1928 τοίς
2674 1860 2917 1932 ἱερεῦσιν
2976 1857 3140 1924 εἶναι,
3186 1859 3449 1929 καθάπερ
3487 1857 3590 1911 καὶ

299 1945 591 2000 concessit.
623 1947 862 2020 Joscplto
885 1968 1038 2018 vero,
1069 1955 1163 2024 qui
1207 1964 1263 2011 et
1305 1956 1561 2028 Caiplias,
1597 1960 1890 2029 pontiﬁca-

300 2043 416 2089 tum
466 2035 786 2110 ademptum
847 2045 1097 2102 Jonatltaa
1157 2049 1332 2112 dedit,
1390 2052 1666 2120 pontiﬁcis
1717 2053 1888 2111 Annae

302 2126 432 2180 tilio.
465 2127 613 2183 Idem
644 2133 808 2202 jussu
840 2134 1050 2192 Tiberii
1087 2154 1211 2193 cum
1243 2139 1524 2196 Artabano
1558 2143 1888 2200 Parthorum

303 2236 429 2291 rege
485 2239 676 2294 pacem
725 2227 878 2295 fecit,
907 2232 1001 2301 qui
1050 2234 1271 2288 Darium
1319 2235 1490 2289 ﬁlium
1536 2251 1662 2291 cum
1702 2239 1891 2296 multis

303 2315 626 2373 muneribus
658 2320 908 2377 obsidem
943 2325 1186 2380 miserat.
1217 2327 1281 2382 Ei
1316 2328 1680 2396 pacilicationi
1719 2329 1893 2387 Hero-

301 2405 400 2460 des
423 2423 641 2479 quoque
695 2415 971 2471 tctrarcha
995 2417 1266 2483 interfuit,
1288 2435 1352 2476 ac
1381 2421 1446 2475 ad
1471 2422 1738 2479 Caesarem
1765 2439 1889 2494 qua:

301 2506 422 2551 acta
450 2513 635 2557 essent
668 2507 908 2577 scripsit.
941 2508 1072 2576 Quae
1098 2526 1222 2566 cum
1245 2522 1371 2582 post
1394 2512 1647 2571 Vitellius
1669 2531 1890 2588 quoque

303 2601 402 2654 per
442 2587 657 2648 litteras
705 2599 1076 2666 exposuisset,
1114 2600 1297 2657 (ἔειιεοι-
1321 2604 1372 2658 ci
1418 2606 1699 2677 rescripsit
1731 2587 1887 2663 seex

303 2678 519 2738 llcrode
551 2688 872 2756 cognovisse
920 2692 1125 2748 omnia.
1171 2693 1250 2748 Ea
1301 2711 1360 2752 re
1409 2695 1656 2753 Vitellius
1701 2707 1896 2754 contra

1990 1956 2277 2028 πρότερον*
2299 1955 2422 2008 τότε
2453 1954 2510 2008 δέ
2541 1955 2600 2007 ἐν
2617 1956 2683 2025 τῇ
2722 1952 2991 2024 Ἀντωνίᾳ
3021 1953 3305 2007 ἀπέκειτο.
3331 1951 3460 2006 Τῶν
3475 1952 3590 2022 γὰρ

1989 2046 2294 2120 ἀρχιερέων
2322 2064 2430 2110 τις,
2463 2049 2491 2100 ὁ
2517 2047 2730 2118 πρῶτος
2759 2045 2972 2116 δηλαδὴ
3015 2045 3305 2116 Ὑρκανὸς,
3344 2044 3588 2113 ἔγγιστα

1989 2143 2088 2194 τοῦ
2140 2140 2289 2214 ἱεροῦ
2323 2141 2482 2212 βάριν
2510 2139 2752 2208 ἐγείρας,
2799 2140 2893 2192 καὶ
2941 2139 2998 2191 ἐν
3025 2138 3165 2207 αὐτῇ
3195 2136 3588 2207 διαιτώμενος,

1991 2232 2109 2286 ἐκεῖ
2138 2233 2232 2285 καὶ⁵
2283 2231 2383 2303 τὴν
2414 2230 2607 2302 στολὴν
2641 2232 2739 2298 τὴν
2787 2229 3185 2302 ἀρχιερατικὴν
3229 2225 3400 2300 εἶχεν,
3431 2229 3588 2301 αὐτῷ

1991 2325 2305 2394 ἀνήκουσαν
2333 2326 2410 2388 ώς
2442 2325 2708 2395 ἀρχιερεῖ.
2751 2324 2833 2378 Τά
2860 2323 3003 2377 αύτά
3031 2323 3089 2376 δέ
3114 2323 3312 2393 ἐκείνῳ
3339 2324 3440 2376 καὶ
3465 2325 3587 2386 τοῖς

2000 2419 2117 2490 μετ’
2145 2420 2354 2473 ἐκεῖνον
2385 2419 2711 2490 ἐπράσσετο.
2750 2418 2997 2489 Ἡρώδης
3020 2418 3078 2472 δέ
3106 2418 3206 2489 τὴν
3233 2418 3394 2489 βάριν
3429 2418 3585 2471 ἐκεί-

1996 2530 2094 2584 νην
2123 2513 2640 2576 ἐπικατασκευάσας
2666 2512 2764 2566 ἐπὶ
2791 2513 2851 2567 τὸ
2913 2511 3395 2582 πολυτελέστερον,
3427 2509 3584 2579 φίλος

2000 2605 2076 2660 ὢν
2125 2605 2438 2671 Ἀντωνίου,
2480 2606 2574 2659 ἐπὶ
2599 2604 2675 2676 τῷ
2697 2606 2907 2659 ἐκείνου
2937 2603 3146 2673 ταύτην
3178 2604 3407 2673 ὀνόματι
3451 2618 3580 2672 μετ-

2023 2698 2302 2770 ωνόμασε.
2341 2698 2450 2753 Καὶ
2481 2698 2580 2770 τὴν
2612 2698 2806 2769 στολὴν
2842 2700 2901 2752 ἐν
2925 2697 3065 2768 αύτῇ
3093 2695 3371 2768 εὑρηκὼς,
3401 2699 3579 2749 κατεῖ-

306 2763 574 2826 llerodem
627 2775 895 2845 irritatus,
927 2781 1066 2836 clam
1107 2783 1243 2840 iram
1288 2785 1446 2855 aluit,
1492 2803 1732 2861 eumque
1759 2787 1888 2846 Caio

1992 2805 2088 2861 χεν
2119 2763 2258 2845 ἐκεῖ.
2287 2789 2460 2845 Τοῦτο
2487 2763 2550 2844 δέ
2602 2763 2776 2845 ἐποίει
2804 2791 2900 2844 καὶ
2927 2791 2957 2842 ὁ
2982 2763 3298 2860 Ἀρχέλαος,
3331 2789 3429 2843 καὶ
3458 2787 3576 2858 μετ’

303 2863 526 2920 demum
569 2867 876 2940 imperante
913 2875 1062 2932 ultus
1084 2885 1190 2933 est.

1991 2882 2206 2937 ἐκεῖνον
2235 2883 2288 2938 οί
2322 2882 2584 2951 Ῥωμαῖοι
2615 2884 2686 2938 τά
2710 2883 2850 2936 αύτά
2871 2882 2964 2936 ἐπὶ
2990 2884 3057 2952 τῇ
3084 2882 3248 2952 στολῇ
3275 2880 3574 2952 ἔπραττον,

303 2957 641 3036 ἀποκειμένη
677 2966 794 3019 ἐκεῖ
827 2967 932 3020 ὑπὸ
962 2973 1225 3040 σφραγῖσι
1257 2973 1368 3026 τῶν
1425 2973 1617 3044 ἱερέων
1683 2984 1782 3030 και
1840 2973 1951 3029 τῶν
1991 2973 2412 3044 γαζοφυλάκων.
2453 2975 2684 3047 Ἐορτῆς
2713 2975 2758 3029 δ’
2793 2974 3112 3048 ἐφεστώσης
3147 2974 3429 3028 ἐπεδίδοτο
3459 2977 3571 3036 soi;

303 3055 658 3127 ἀρχιερεῦσιν
685 3061 788 3116 ὑπὸ
813 3063 908 3117 τοῦ
937 3066 1308 3138 φρουράρχου,
1333 3068 1429 3122 καὶ
1459 3069 1601 3140 μετά
1631 3071 1762 3133 μίαν
1819 3072 1918 3140 τῆς
1958 3071 2152 3144 ἑορτῆς
2181 3072 2396 3144 ἡμέραν
2445 3067 2602 3136 αὖθις
2633 3073 2752 3125 ἐκεῖ
2779 3070 3094 3126 ἀπετίθετο.
3167 3070 3481 3134 Οὐϊτέλλιος
3523 3071 3577 3129 δὲ

304 3157 627 3225 παραχωρεῖ
657 3158 756 3227 τῆς
787 3158 982 3228 στολῆς
1019 3161 1099 3229 τῷ
1157 3162 1324 3215 ἐθνει·
1386 3163 1476 3218 τδν
1505 3165 1562 3217 δέ
1606 3165 1870 3235 ἀρχιερέα
1920 3165 2142 3235 Ἰωσὴφ,
2203 3167 2295 3220 τὸν
2363 3167 2459 3219 καὶ
2503 3165 2780 3234 Καϊάφαν,
2829 3162 3137 3237 ἀφῃρηκὼς
3175 3165 3277 3233 τὴν
3335 3162 3572 3234 ίερωσύ-

304 3259 422 3310 νην,
465 3243 692 3321 Ἰωνάθῃ
737 3249 922 3305 δίδωσι
969 3253 1176 3324 ταύτην
1215 3256 1293 3327 τῷ
1346 3258 1516 3310 ’Δννα
1562 3257 1659 3312 τοῦ
1732 3258 2038 3330 ἀρχιερέως
2101 3259 2224 3331 υἱῷ.
2298 3259 2434 3312 Κατ’
2497 3259 2720 3323 ἐντολὰς
2741 3259 2800 3312 δέ
2839 3258 3094 3324 Τιϐερίου
3133 3257 3426 3312 σπένδεται
3451 3260 3578 3311 Οὐϊ-

303 3337 512 3401 τέλλιθς
552 3339 871 3414 Ἀρταϐάνῳ
898 3345 977 3414 τῷ
1011 3347 1248 3417 Πάρθων
1307 3349 1541 3418 βασιλεῖ,
1598 3349 1878 3420 πέμψαντι
1917 3351 2010 3405 τὸν
2077 3353 2195 3405 υἱὸν
2229 3354 2458 3423 Δαρεῖον
2491 3351 2631 3422 μετά
2697 3349 2889 3421 δώρων
2927 3349 3140 3404 πολλῶν
3165 3349 3576 3420 ὁμηρεύσοντα.

306 3429 504 3501 Παρὼν
537 3429 582 3483 δ’
606 3431 664 3484 ἐν
716 3435 837 3496 ταῖς
872 3437 1128 3499 σπονδαῖς
1184 3437 1283 3492 καὶ
1313 3439 1346 3492 ό
1385 3440 1696 3511 τετράρχης
1748 3440 2018 3512 Ἡρώδης,
2081 3443 2360 3512 ἐκπέμπει
2426 3442 2567 3513 πρὸς
2635 3442 2894 3512 Καίσαρα
2944 3441 3308 3514 παραχρῆμα,
3356 3441 3577 3512 γράψπ

303 3521 375 3574 τά
397 3523 680 3590 γεγονότα.
703 3518 838 3579 Εἶτα
865 3516 960 3578 τοῦ
993 3527 1308 3584 Οὐῖτελλίου
1365 3532 1497 3601 περὶ
1552 3531 1757 3586 τούτων
1819 3534 2231 3598 ἐπιστείλαντος
2293 3534 2555 3604 Τιϐερίῳ,
2585 3535 2792 3596 ἐκεῖνος
2813 3533 3127 3605 ἀντέγραψε
3173 3534 3373 3603 μαθεῖν
3398 3537 3576 3590 πάντα

305 3614 457 3686 παρὰ
492 3614 754 3686 Ἡρώδου.
779 3615 953 3672 Τοῦτο
981 3621 1062 3683 είς
1091 3621 1262 3690 ὀργὴν
1287 3622 1380 3677 τδν
1408 3624 1721 3678 Οὐϊτέλλιον
1780 3626 1926 3681 κατά
1963 3627 2062 3680 τοῦ
2096 3625 2340 3696 Ἡρώδου
2361 3626 2678 3692 κεκίνηκεν·
2743 3626 3140 3698 ἐϐυσσοϐόριευε
3165 3628 3228 3682 δέ
3259 3628 3354 3681 τὸν
3377 3629 3570 3695 θυμὸν,

304 3708 402 3762 καὶ
439 3706 708 3777 μετῆλθεν
735 3709 899 3762 αὐτὸν
931 3711 1094 3764 Γαΐου
1126 3714 1530 3784 κρατήσαντος.

375 3798 465 3856 Vl.
499 3799 656 3854 Tunc
687 3799 974 3872 Philippus
997 3819 1221 3874 quoque
1248 3806 1414 3878 hujus
1435 3807 1674 3864 Herodis
1693 3808 1887 3874 frater,

2063 3804 2160 3875 ς’.
2191 3806 2328 3860 Τότε
2356 3807 2450 3860 καὶ
2478 3805 2750 3869 Φίλιππος
2801 3805 3050 3877 Ἡρώδου
3101 3806 3298 3861 τούτου
3322 3807 3401 3862 ὢν
3423 3809 3574 3863 “at

303 3893 450 3948 diem
497 3908 658 3948 suum
703 3893 862 3960 obiit,
898 3893 1158 3952 vicesimo
1205 3899 1421 3969 imperii
1470 3900 1674 3956 Tiberii
1719 3917 1886 3967 anno,

303 4000 430 4039 cum
470 3986 632 4040 annis
675 4003 856 4042 xxxvii
898 4005 1083 4043 rerum
1133 3993 1342 4060 potitus
1381 4003 1533 4049 esset
1562 4013 1576 4049 :
1604 3995 1686 4049 vir
1713 3995 1888 4065 quieti

305 4079 536 4150 ingenii,
570 4079 892 4136 moderatus
929 4097 1057 4154 erga
1091 4085 1367 4149 subditos,
1398 4102 1524 4141 eum
1570 4088 1760 4157 paucis
1788 4088 1892 4143 de-

305 4170 464 4228 lectis
519 4173 572 4228 in
621 4173 900 4242 publicum
947 4175 1169 4244 prodire
1211 4177 1432 4233 solitas.
1482 4178 1637 4244 Quod
1689 4181 1734 4234 si
1766 4181 1892 4250 quis

305 4263 452 4318 inter
505 4265 749 4320 eundum
795 4281 958 4337 opem
1008 4269 1128 4339 ejus
1176 4268 1548 4341 implorasset,
1596 4272 1780 4326 statim
1822 4286 1892 4328 eo

305 4355 425 4425 ipso
459 4357 514 4412 in
549 4358 670 4414 loco
703 4361 837 4414 sella
867 4361 1047 4430 posita
1087 4362 1236 4431 (nam
1266 4363 1361 4432 qui
1382 4378 1502 4418 eam
1535 4364 1766 4428 ferrent.
1799 4380 1892 4421 se-

304 4449 643 4520 quebantur)
691 4451 974 4519 audiebat,
1041 4454 1274 4526 injurios
1342 4456 1522 4526 pinnis
1591 4456 1886 4523 alliciebat,

306 4539 516 4611 iniquis
546 4542 876 4599 criminibus
909 4549 1316 4604 circumventos
1341 4549 1682 4605 absolvebat.
1716 4551 1890 4605 Ditio-

305 4640 433 4682 nem
478 4627 618 4698 ejus,
651 4629 780 4698 quia
832 4631 1026 4687 liberis
1065 4634 1236 4689 orbus
1261 4635 1595 4703 decesserat,
1632 4638 1890 4694 Tiberius

305 4715 604 4784 provincia:
661 4717 830 4789 Syriae
877 4719 1094 4789 adjecit.
1139 4721 1385 4777 Herodes
1431 4740 1566 4779 vero
1611 4725 1888 4780 tetrarcba

306 4807 534 4863 Romam
582 4809 958 4879 proﬁciscens,
1002 4812 1146 4882 apud
1202 4813 1472 4870 Herodem
1524 4815 1772 4882 fratrem,
1819 4833 1890 4872 ex

308 4909 550 4966 Simonis
571 4910 847 4980 pontiﬁcis
871 4910 978 4966 (ilia
1013 4911 1214 4967 Herodi
1245 4913 1356 4984 rogi
1383 4924 1596 4979 natum,
1618 4914 1846 4969 divertit
1870 4933 1884 4970 :

1993 3898 2090 3966 φὺς
2149 3897 2546 3967 τετελεύτηκεν
2597 3897 2833 3969 εἰκοστῷ
2889 3899 3126 3969 ἐνιαυτῷ
3173 3900 3272 3969 τῆς
3319 3901 3576 3971 Τιϐερίου

1992 3989 2191 4062 ἀρχῆς,
2225 3990 2397 4058 ἄρξας
2449 3989 2588 4044 ἐπτά
2648 3991 2746 4043 καὶ
2775 3991 3070 4061 τριάκοντα
3099 3991 3219 4063 ἐτη.
3249 3989 3360 4045 Ἦν
3394 3995 3453 4047 δέ
3485 3995 3573 4047 τέν

1990 4081 2194 4150 τρόπον
2245 4083 2580 4151 ἀπράγμων,
2631 4081 2726 4134 καὶ
2783 4083 3004 4153 μέτριος
3049 4086 3164 4144 τοῖς
3218 4084 3572 4156 ἀρχομένοις,

1993 4171 2250 4244 προέδους
2277 4172 2377 4226 σὺν
2397 4173 2600 4241 ὀλίγοις
2620 4173 2731 4226 τῶν
2755 4175 3058 4228 ἐπιλέκτων
3082 4180 3430 4245 ποιούμενος.
3463 4180 3571 4232 Καὶ

1992 4264 2048 4317 εί
2067 4281 2152 4328 τις
2186 4266 2431 4335 προῖόντι
2489 4265 2719 4337 προσῄει
2745 4266 2999 4336 δεόμενος
3067 4266 3346 4338 βοηθείας,
3409 4270 3571 4334 εὐθὺς

1992 4355 2142 4426 αὐτῷ
2170 4356 2311 4410 κατά
2333 4355 2424 4410 τὸν
2455 4357 2620 4411 τόπον
2654 4357 2748 4411 τοῦ
2783 4357 2975 4426 θρόνου
3010 4358 3299 4429 τιθεμένου
3324 4360 3569 4430 (simne

1991 4451 2100 4519 γὰρ
2128 4450 2178 4502 οι
2237 4448 2428 4504 τοῦτον
2478 4448 2759 4521 φέροντες)
2814 4450 3126 4520 καθήμενος
3175 4453 3438 4522 ἠκροᾶτο,
3477 4452 3571 4505 καὶ

1989 4540 2337 4610 ἐποινηλάτει
2371 4543 2496 4604 τοὺς
2541 4540 2885 4606 ἀδικοῦντας,
2915 4545 3009 4596 καὶ
3044 4545 3169 4606 τοὺς
3225 4545 3433 4607 ἀδίκως
3482 4546 3569 4598 al—

1987 4630 2294 4700 τιωμένους
2330 4632 2554 4688 ἀπέλυε.
2586 4635 2698 4704 Τὴν
2721 4635 2780 4687 δὲ
2814 4635 2992 4703 ἀρχὴν
3021 4637 3048 4688 ὁ
3072 4634 3325 4705 Τιϐέριος
3355 4636 3568 4705 (παῖδες

1987 4724 2097 4794 γὰρ
2115 4723 2371 4795 Φιλίππῳ
2399 4725 2500 4779 οὐκ
2518 4721 2680 4795 ἦσαν)
2701 4729 2764 4795 τῇ
2792 4725 2901 4778 τῶν
2927 4725 3115 4796 Σύρων
3143 4726 3387 4796 ἐπαρχίᾳ
3406 4742 3569 4796 προσ·

1988 4812 2162 4870 έθετο.
2207 4811 2455 4886 Ἡρώδης
2503 4815 2560 4868 δέ
2592 4817 2924 4887 τετράρχης,
2957 4818 3050 4870 ἐπὶ
3106 4815 3330 4886 Ῥώμην
3357 4816 3570 4871 στελλό-

1991 4921 2172 4976 μενος,
2202 4906 2502 4960 κατέλυσεν
2541 4909 2598 4961 ἐν
2638 4907 2880 4978 Ἡρώδου
2910 4908 3004 4960 τοῦ
3027 4907 3259 4976 ἀδελφοῦ
3295 4909 3488 4972 αὑτοῦ,
3510 4909 3569 4962 ὃν

305 5016 371 5058 ac
407 5017 595 5058 amore
637 5012 832 5072 captus
873 5013 964 5060 est
1009 5002 1355 5071 llerodiadis,
1393 5021 1559 5075 quam
1613 5006 1782 5060 frater
1828 5006 1886 5062 in

1992 4999 2022 5068 ἠ
2058 4996 2152 5052 τοῦ
2187 4997 2434 5068 Σίμωνος
2480 4997 2575 5052 τοῦ
2621 4999 2920 5070 ἀρχιερέως
2953 4999 3202 5069 θυγάτηρ
3230 4999 3306 5068 τῷ
3358 5001 3570 5071 βασιλεῖ

305 5093 660 5152 matrimonio
718 5095 980 5162 habebat,
1047 5094 1366 5151 Aristobulo
1415 5095 1584 5149 fratre
1639 5095 1886 5165 ipsorum

2002 5091 2220 5163 Ἡρώδῃ
2263 5091 2530 5159 ἐγείνατο.
2573 5094 2857 5164 Ἐρασθεὶς
2887 5093 2944 5146 δέ
2977 5092 3313 5164 Ἡρωδιάδος
3343 5097 3444 5166 τῆς
3473 5095 3569 5150 τοῦ

307 5198 513 5256 natam,
561 5187 741 5258 Magni
790 5188 1042 5260 Agrippae
1099 5203 1365 5253 sororem,
1411 5203 1476 5243 ac
1514 5187 1584 5243 de
1627 5187 1884 5260 eonjugio

1993 5182 2223 5253 ἀδελφοῦ
2246 5183 2524 5252 γυναικὸς,
2549 5183 2818 5255 θυγατρὸς
2854 5185 3269 5256 Ἀριστοϐούλου
3300 5188 3397 5241 τοῦ
3420 5189 3567 5244 ἀδελ·
3589 5179 3594 5186 ’
3623 5226 3641 5246 κ

307 5283 596 5339 mulierem
609 5283 922 5353 appellavit.
940 5283 1032 5337 illa
1044 5298 1176 5337 vero
1191 5298 1248 5338 se
1265 5283 1331 5336 ad
1352 5282 1505 5336 illum
1528 5280 1883 5337 transituram

1995 5275 2096 5345 φοῦ
2127 5275 2329 5341 αὐτῶν,
2381 5276 2618 5346 ἀδελφῆς
2645 5279 2703 5332 δέ
2731 5277 2823 5332 τοῦ
2851 5278 3092 5347 μεγάλου
3136 5280 3448 5350 Ἀγρίππα,
3486 5281 3568 5334 λό-

267 5357 549 5444 δροιΙίρὶιιι
577 5384 700 5440 εει,
742 5375 788 5429 si
826 5374 1005 5430 Aretze
1034 5374 1198 5430 ﬁliam
1219 5374 1580 5444 repudiasset.
1629 5374 1707 5429 Ea
1755 5387 1888 5444 pac-

1994 5384 2126 5437 γους
2161 5365 2297 5438 περὶ
2319 5366 2516 5439 γάμων
2544 5369 2683 5438 πρὸς
2709 5371 2884 5437 αὐτὴν
2914 5371 3231 5440 ἐποιήσατο.
3269 5373 3384 5427 Καὶ
3419 5373 3566 5435 δεξι-

310 5469 457 5522 tione
503 5469 661 5533 inita,
692 5467 924 5523 Romam
973 5468 1065 5523 ille
1105 5467 1520 5540 proﬁciscitur:
1571 5466 1718 5522 unde
1757 5481 1882 5520 cum

1999 5463 2156 5532 μένη,
2205 5461 2458 5518 συνέθετο
2503 5465 2940 5536 μετοικήσασθαι
2995 5465 3134 5538 πρδς
3171 5465 3362 5532 αὐτὸν,
3398 5468 3448 5520 εί
3473 5466 3564 5535 τὴν

307 5557 586 5628 rediissct,
615 5576 752 5616 uxor
771 5562 892 5634 ejus
910 5559 1089 5616 Arelas
1116 5559 1250 5626 ﬁlia,
1283 5574 1340 5614 re
1372 5558 1463 5612 illa
1494 5565 1794 5626 comperta,
1825 5569 1886 5610 se

1993 5551 2192 5624 Ἀρέτα
2227 5555 2502 5626 θυγατέρα
2545 5555 2790 5611 ἐκϐάλοι.
2852 5557 2963 5611 Καὶ
2988 5558 3018 5610 ὁ
3078 5556 3176 5622 μὲν
3208 5559 3304 5610 ἐπὶ
3350 5558 3564 5627 Ῥώμην

308 5648 731 5708 Macbmruntcm
760 5653 836 5724 (id
863 5653 1148 5709 castellum
1179 5649 1284 5706 fuit
1308 5650 1362 5705 in
1387 5649 1625 5704 conﬁnio
1657 5646 1886 5703 ditionis

1996 5644 2148 5699 ἔπλει
2196 5648 2289 5701 ἐπὶ
2332 5649 2609 5716 τοιαύταις
2659 5651 2978 5723 συνθήκαις.
3032 5650 3120 5715 Ὧς
3177 5651 3223 5705 δ’
3272 5652 3558 5723 ἐπανῆλθεν

313 5739 546 5796 Herodis
589 5753 647 5798 ct
697 5744 895 5813 Arene)
936 5743 1079 5798 mitti
1141 5742 1318 5812 petiit.
1354 5741 1563 5796 Annuit
1609 5737 1886 5806 llcrotlcs,

1998 5739 2202 5808 γνοῦσα
2241 5741 2274 5812 ἠ
2302 5742 2439 5814 γυνὴ
2483 5744 2670 5815 αὑτοῦ,
2701 5746 2796 5800 τοῦ
2839 5746 2900 5800 δέ
2934 5746 3133 5816 ’Διρέτα
3162 5745 3439 5816 θυγάτηρ,
3471 5744 3556 5807 τὰς
