3918 6200
300 261 411 326 479
1574 264 1763 326 ΙΟΑΝ
1780 266 1909 327 NIS
1949 268 2277 335 ΖΟΝΑιιΑι
3476 284 3592 340 μθ

301 377 535 448 Agrippa
577 374 744 442 igitur
788 388 915 431 cum
956 388 1021 430 ea
1055 373 1123 430 de
1168 388 1355 441 causa,
1385 382 1499 431 tum
1534 378 1605 433 ob
1633 379 1907 449 pecunize

2012 384 2174 452 »οιτᾷν
2219 383 2347 446 τοὺς
2374 383 2645 456 συνήθεις
2680 385 2809 448 τοὺς
2829 385 2927 439 τοῦ
2985 386 3211 451 παιδὸς,
3251 388 3342 443 ἵνα
3401 389 3481 461 μῆ
3524 389 3594 445 δι’

301 468 542 537 inopiam
583 465 839 531 amictus,
902 463 958 519 in
1014 462 1258 521 Judazam
1319 467 1482 522 rediit
1522 485 1536 523 :
1582 479 1640 525 et
1692 484 1821 524 cum
1857 486 1888 526 a

2012 472 2178 529 ιὺτῶν
2209 476 2290 538 είς
2320 475 2628 546 ἀνάμνησιν
2654 477 2873 532 ἐκείνου
2906 477 3024 543 ίὼν,
3067 481 3147 543 είς
3176 480 3362 552 λύπην
3393 483 3594 553 άνερεο

303 560 494 615 multis
523 557 900 616 creditoribus
928 572 1003 614 ars
1032 557 1272 614 alienum
1304 560 1703 631 repetentibus,
1733 577 1889 617 num-

2012 562 2235 634 ιίζηται.
2257 565 2360 620 Διά
2388 584 2450 619 τε
2500 569 2633 635 γοῦν
2662 571 2846 631 τοῦτο,
2871 573 2968 623 καὶ
2992 571 3417 643 ὄτιέχρημάτων
3447 576 3595 646 ἠπύ-

301 652 409 708 mis
435 653 660 708 omnino
689 651 987 706 destitutus
1022 660 1337 721 urgeretur,
1394 652 1461 707 de
1496 652 1750 709 manibus
1782 654 1889 710 sibi

2012 672 2189 727 ῡησεν,
2211 657 2292 719 είς
2321 657 2586 712 Ἰουδαίαν
2630 662 3011 732 κακοπραγῶν
3067 664 3399 734 ἐπανῆλθεν.
3424 668 3597 723 ’Δπου

305 746 408 816 ipsi
460 743 757 799 atIerendis
815 743 1097 813 cogitavit.
1133 742 1191 797 Id
1240 743 1362 815 ejus
1405 744 1700 799 consilium
1751 760 1889 803 uxor

2012 744 2144 799 ιίσαι
2172 744 2230 799 δι
2253 745 2350 799 καὶ
2373 748 2490 811 τοῖς
2520 747 2830 814 δανεισταῖς
2850 750 2957 814 τὰς
2972 752 3199 821 ὀφειλάς
3231 753 3594 826 βιαζόμενος,

304 838 521 909 Cyprus
565 835 979 899 animadvertit,
1011 834 1261 891 Plrasaeli
1304 834 1436 899 filia,
1482 835 1715 895 Herodis
1744 839 1891 910 regis

2012 834 2218 899 πολλοῖς
2246 832 2393 904 οὖσι,
2418 836 2512 891 καὶ
2543 838 2619 909 μὴ
2640 838 2806 910 ἔχων,
2826 842 2908 905 είς
2962 841 3179 898 ιννοιαν
3228 840 3400 917 ἦλθεν
3426 849 3599 901 αὺτο-

305 945 376 984 ex
421 928 591 984 fratre
641 927 864 999 nepotis
913 935 1062 993 nata,
1118 943 1186 983 ex
1238 928 1615 1001 Salampsioue
1661 929 1894 988 Herodis

306 1017 442 1082 lilia,
488 1033 651 1089 quam
691 1034 759 1073 ex
817 1016 1131 1072 Mariamme
1178 1016 1246 1071 ab
1295 1018 1434 1088 ipso,
1468 1028 1528 1074 ut
1582 1020 1893 1091 expositum

307 1118 412 1176 est,
462 1108 642 1168 occisa
690 1118 1034 1178 susceperat.
1080 1109 1207 1165 Haec
1255 1109 1423 1180 igitur
1453 1107 1664 1182 Cyprus
1710 1112 1894 1171 mariti

309 1208 509 1256 conatu
536 1199 795 1266 inhibito,
827 1201 1124 1257 Herodiadi
1150 1201 1352 1257 Herodi
1378 1202 1666 1261 tetrarchae
1689 1214 1891 1276 nuptae,

313 1293 567 1365 Agrippa:
604 1294 803 1361 sorori,
846 1293 1031 1350 fratris
1061 1294 1372 1350 institutum
1406 1295 1657 1360 nuntiat,
1700 1305 1897 1367 petens

313 1395 378 1441 ut
407 1386 648 1457 adjuvet,
681 1386 1052 1456 maritumque
1080 1384 1148 1440 ad
1183 1400 1341 1455 opem
1384 1385 1664 1442 ferendam
1698 1388 1898 1443 extror-

315 1484 484 1533 tetur.
518 1477 600 1531 Illi
630 1491 762 1533 vero
798 1477 849 1532 ei
880 1475 1230 1531 Tiberiadem
1261 1476 1618 1532 habitandam
1655 1476 1897 1534 tradide-

315 1576 468 1635 runt,
521 1568 796 1640 assignata
837 1566 1004 1623 etiam
1053 1568 1287 1638 pecunia
1320 1569 1466 1625 unde
1499 1570 1732 1626 viveret.
1781 1568 1898 1625 Ali-

314 1671 524 1731 quanto
581 1671 703 1731 post
752 1659 992 1730 Agrippa
1034 1659 1412 1715 controversia
1457 1660 1602 1715 inter
1631 1660 1811 1732 ipsum
1841 1668 1898 1717 et

2002 922 2243 996 χειρίας.
2259 927 2475 998 Συνῆκε
2506 927 2565 982 δὲ
2585 930 2645 983 rb
2666 932 2910 1002 ἐννόημα
2927 935 2962 1002 ἡ
2979 934 3121 1004 γυνὴ
3145 935 3317 991 αὐτοῦ
3337 936 3593 1008 Κύπρος,

2000 1017 2036 1089 ἢ
2067 1016 2318 1090 θυγάτηρ
2344 1015 2413 1092 ἦν
2447 1022 2758 1093 Φασαήλου,
2781 1024 2880 1079 τού
2925 1027 3328 1095 άδσλφόπαιδος
3366 1033 3470 1086 τοῦ
3494 1033 3599 1103 βα-

2000 1106 2194 1173 σιλέως
2216 1108 2479 1180 Ἡρώδου,
2501 1113 2567 1167 ὲκ
2584 1113 2939 1187 Σαλαμψιοῦς
2954 1117 3107 1188 αὐτῷ
3120 1120 3476 1191 γεννηθεῖσα,
3495 1123 3599 1192 τῆς

2014 1196 2257 1270 Ἡρώδου
2317 1200 2612 1282 θυγατρὸς,
2657 1204 2726 1275 ἦν
2762 1204 2926 1276 ἔσχεν
2978 1210 3044 1263 ὲκ
3095 1210 3334 1282 Μαριὰμ
3360 1213 3467 1283 τῆς
3501 1214 3598 1267 ὑπ’

2003 1287 2216 1343 ἑκείνου
2267 1289 2649 1363 ἀνῃρημένης,
2683 1292 2761 1357 ὡς
2822 1292 3162 1366 δεδιήγηται.
3198 1297 3351 1368 Αὕτη
3386 1299 3526 1368 γοῦν
3562 1301 3599 1369 ἡ

2004 1378 2231 1449 Κύπρος
2244 1379 2379 1452 (66),
2402 1382 2730 1439 συνοικοῦσα
2744 1383 2822 1454 τῷ
2839 1384 3151 1459 Ἀγρίππᾳ.
3173 1388 3272 1443 καὶ.
3284 1391 3598 1460 αἰσθομένη

2005 1467 2068 1523 rb
2101 1466 2402 1540 βούλευμα,
2452 1473 2689 1542 ἀπεῖργε
2748 1471 2943 1528 τοῦτον
2992 1476 3599 1550 αὐτοῦ.Διαπέμπιται

2002 1560 2060 1616 δὲ
2115 1562 2253 1635 πρὸς
2294 1563 2601 1633 Ἡρωδιάδα
2645 1565 2748 1635 τὴν
2800 1565 2879 1636 τῷ
2913 1568 3193 1641 τετράρχῃ
3222 1573 3596 1628 συνοικοῦσαν

2020 1653 2256 1729 Ἡρώδῃ,
2303 1655 2590 1729 ’Δγρίππᾳ
2631 1659 3011 1729 τυγχάνουσαν
3044 1661 3311 1732 ἀδελφὴν,
3350 1664 3601 1735 δηλοῦσα

314 1727 597 1807 ιίυτοᾱεηι
618 1760 759 1816 orta,
792 1727 858 1807 ad
883 1727 1135 1806 I’laccum
1161 1751 1328 1823 Syriae
1354 1727 1896 1825 praztorem'migrat,

2012 1744 2102 1816 τὴν
2163 1727 2373 1803 ἔννοιαν
2413 1727 2512 1802 τοῦ
2555 1727 2855 1819 συγγόνου,
2920 1755 3017 1807 καὶ
3069 1727 3291 1825 βοηθείν
3330 1727 3596 1823 ἀξίοῦσα.

314 1863 345 1902 a
386 1861 496 1917 quo
538 1845 608 1899 ob
651 1844 1076 1899 familiaritatem
1122 1844 1310 1900 Horme
1351 1855 1690 1900 contractam
1721 1846 1898 1903 amice

315 1946 401 2009 est
448 1945 760 2005 susceptus.
803 1933 910 1990 Sed
966 1951 1067 2004 per
1118 1933 1305 1990 fratris
1349 1934 1674 2000 Aristobuli,
1720 1952 1750 1991 a
1789 1952 1900 2008 quo

317 2027 637 2092 dissidebat,
680 2028 983 2081 calumnias
1022 2025 1201 2082 Flacci
1255 2027 1560 2085 inimicitiis
1602 2030 1897 2100 susceptis,

317 2120 451 2176 inde
473 2120 699 2192 cjectus,
727 2129 783 2175 et
814 2121 880 2175 ad
909 2128 1208 2176 extremam
1248 2121 1488 2191 inopiam
1524 2120 1800 2188 redactus,
1842 2122 1899 2177 iu

318 2213 527 2269 Italiam
563 2212 820 2282 navigare
861 2212 1074 2277 statuit,
1107 2228 1171 2267 ac
1207 2212 1473 2283 Marsyam
1508 2212 1767 2267 libertum
1801 2212 1902 2267 ali-

321 2304 503 2360 cunde
534 2313 779 2359 mutuam
814 2319 1036 2360 sumere
1074 2304 1360 2374 pecuniam
1388 2302 1571 2373 jussit.
1602 2301 1654 2359 ls
1678 2302 1899 2360 Petrum

321 2395 616 2451 Berenices
673 2393 928 2464 Aprippaa
976 2394 1167 2450 matris
1213 2393 1475 2448 libertum
1528 2392 1661 2459 adit,
1716 2408 1748 2447 a
1789 2408 1900 2464 quo

310 2488 566 2558 ‘Agrippa
601 2485 909 2558 syngrapha
939 2485 1061 2540 data
1090 2485 1158 2540 de
1206 2501 1276 2538 xx
1313 2484 1552 2539 millibus
1595 2485 1896 2540 Atticarum

322 2575 736 2635 drachmarum.
776 2574 863 2629 bis
892 2574 1040 2629 mille
1073 2581 1127 2628 et
1169 2590 1201 2628 υ
1230 2573 1412 2628 minus
1446 2575 1707 2644 acceptis,
1750 2574 1902 2629 navi-

324 2666 670 2738 gaturus,'ab
693 2664 967 2721 Herennio
996 2665 1260 2736 Capitone
1284 2665 1522 2720 Jamuea:
1541 2676 1901 2737 procuratore

324 2757 809 2829 manerejubetur,
829 2757 957 2812 dum
984 2772 1078 2813 ccc
1107 2757 1276 2812 millia
1309 2758 1544 2829 argenti,
1563 2774 1684 2829 quae
1698 2758 1899 2816 Caesari

323 2848 576 2914 deberet,
601 2850 857 2906 solveret.
886 2849 982 2904 Ille
1008 2864 1065 2904 se
1086 2846 1590 2920 obtemperaturum
1612 2849 1899 2916 simulans,

323 2950 490 2997 noctu
520 2942 715 2997 solvit:
746 2948 803 2997 et
831 2940 1212 2996 Alexandriam
1240 2940 1540 3011 profectus,
1569 2942 1638 2997 ab
1659 2941 1903 2997 Alexan-

2011 1837 2106 1892 καὶ
2140 1836 2230 1891 rbv
2245 1839 2447 1893 οίκεῖον
2475 1838 2648 1912 ἄνδρα
2679 1841 2818 1912 πρὸς
2868 1844 3196 1914 ἐπικουρίαν
3231 1847 3599 1918 παρακαλεῖν.

2012 1930 2077 1985 Oi
2107 1931 2166 1985 δὲ
2214 1931 2664 2003 μετεπέμψαντό,
2687 1950 2746 1987 τε
2776 1935 2966 1997 αρτὸν,
2998 1938 3092 1991 καὶ
3118 1940 3449 2010 οἰκητήριον
3498 1941 3605 2013 τὴν

2012 2022 2313 2095 Τιϐεριάδα
2362 2024 2652 2092 δεδώκασι,
2677 2025 2770 2079 καί
2796 2043 2849 2080 τι
2880 2030 2974 2081 καὶ
3006 2028 3273 2101 ἀργύριον
3309 2032 3603 2100 ἀπέταξαν

2010 2112 2161 2188 αὐτῷ
2188 2116 2269 2181 είς
2297 2115 2397 2187 τὴν
2430 2115 2669 2173 δίαιταν.
2693 2116 2852 2172 Μετά
2879 2120 3072 2190 καιρὸν
3108 2121 3166 2175 δὲ
3197 2122 3478 2192 διαφορᾶς
3506 2143 3603 2194 γε-

2010 2207 2245 2278 νομένης
2303 2208 2521 2280 Ἡρώδῃ
2554 2226 2614 2263 τε
2647 2209 2741 2262 καὶ
2786 2210 3092 2283 Ἀγρίππα,
3149 2213 3289 2284 πρὸς
3346 2217 3606 2271 Φλάκκον

2013 2300 2210 2371 Συρίας
2235 2301 2538 2372 ἡγούμενον
2567 2303 2595 2354 ὁ
2630 2302 2947 2371 Ἀγρίππας
2996 2304 3352 2374 μεθίσταται,
3406 2309 3603 2378 φιλίως

2013 2393 2078 2445 ὲκ
2120 2390 2341 2463 Ῥώμης
2372 2392 2512 2463 πρὸς
2567 2393 2732 2447 αὑτὸν
2758 2394 3132 2464 διακείμενον,
3160 2398 3324 2452 κάκεί
3355 2400 3605 2471 διέτριϐε

2007 2483 2302 2555 δεξαμένου
2355 2484 2450 2538 τοῦ
2496 2483 2765 2541 Φλάκκου.
2808 2487 2902 2539 Ὧν
2930 2485 2985 2539 δὲ
3018 2487 3134 2541 ἐκεῖ
3163 2488 3259 2543 καὶ
3286 2490 3318 2542 ὁ
3365 2491 3601 2559 Ἀγρίπ-

2010 2594 2114 2631 που
2171 2575 2399 2646 ἀδελφὸς
2456 2576 2890 2648 ’Δριστόϐουλος,
2948 2577 3343 2652 διαφερόμενός
3407 2596 3471 2635 τε
3527 2582 3606 2652 τῷ

1940 2732 1947 2737 ,
2013 2666 2227 2738 ἀδελφῷ
2252 2667 2530 2732 διαϐολαῖς
2551 2668 2717 2723 αὐτὸν
2745 2669 2883 2740 πρὸς
2904 2668 3152 2725 Φλάκκον
3184 2671 3600 2743 ἐξεπολέμωσε,

2008 2758 2106 2813 καὶ
2133 2758 2419 2824 ἐξωθεῖται
2447 2759 2658 2815 ἐκεῖθεν
2689 2760 3020 2833 Ἀγρίππας.
3057 2762 3116 2816 '0
3149 2762 3228 2827 δὲ,
3258 2764 3341 2827 είς
3363 2765 3605 2836 ἐσχάτην

2011 2853 2274 2923 περιστὰς
2297 2851 2555 2925 ἀπορίαν,
2579 2853 2661 2916 είς
2690 2850 2926 2907 Ἰταλίαν
2948 2853 3174 2908 ἔκπλεῖν
3196 2853 3479 2922 ἐϐούλετο,
3506 2858 3606 2911 καὶ

1944 2988 1947 2995 ,
2006 2940 2162 3011 ἠξίου
2198 2940 2471 3012 Μαρσύαν
2501 2940 2667 2996 αὐτοῦ
2715 2940 3083 3014 ἀπελεύθερον
3125 2943 3393 3016 χρήματά
3422 2946 3475 3000 οί
3505 2964 3604 3000 πο-

324 3035 424 3089 dro
454 3034 764 3090 Alaliarcbo
784 3050 847 3091 cc
873 3032 1043 3088 millia
1081 3043 1275 3089 mutuo
1301 3033 1457 3105 petit.
1487 3034 1592 3101 Qui
1617 3034 1708 3089 illo
1732 3048 1898 3105 repu-

2014 3032 2159 3102 ρίσαι
2187 3033 2352 3088 ποθὲν
2376 3032 2788 3103 δανεισάμενον.
2836 3034 3076 3099 Ἐκεῖνος
3106 3034 3162 3088 δὲ
3188 3035 3384 3107 Πέτρῳ
3426 3038 3605 3108 πρόσ-

326 3124 497 3191 diato,
532 3141 650 3181 eam
697 3125 989 3196 pecuniam
1020 3122 1201 3198 Cypro
1244 3126 1364 3197 ejus
1408 3125 1564 3180 uxori
1615 3141 1740 3182 cum
1784 3140 1915 3196 pro-

327 3226 452 3287 pter
503 3218 845 3289 conjugaletu
894 3234 1159 3285 amorem,
1212 3229 1326 3274 tum
1368 3217 1440 3275 ob
1494 3219 1655 3291 273
1686 3228 1914 3276 canoras

327 3310 451 3381 ejus
478 3308 715 3365 virtutes
741 3309 912 3366 dedit.
938 3310 1054 3377 Qua
1077 3320 1323 3383 accepta,
1350 3312 1588 3383 Agrippa
1618 3313 1672 3367 in
1705 3312 1915 3368 Italiam

326 3396 628 3467 profectus,
682 3396 860 3469 Cypro
914 3415 1038 3454 cum
1102 3401 1219 3457 suis
1298 3401 1492 3457 liberis
1553 3401 1606 3456 in
1668 3402 1915 3459 Iudaeam

330 3494 644 3554 reversa,’a
679 3489 891 3547 Cresare
940 3491 1256 3548 humaniter
1286 3494 1577 3564 excipitur.
1611 3496 1717 3551 Sed
1757 3496 1919 3568 Capi-

331 3581 477 3636 tonis
529 3579 788 3636 Hercuuii
828 3582 1035 3640 litteris
1078 3584 1257 3640 allatis
1313 3594 1374 3640 ut
1425 3585 1610 3658 fugam
1658 3588 1914 3658 cepisset,

332 3685 459 3725 cum
510 3687 604 3727 ccc
663 3672 834 3727 millia
895 3674 1020 3729 aeris
1083 3674 1248 3730 alieni
1297 3675 1366 3731 ab
1415 3692 1482 3732 eo
1530 3689 1913 3748 poscerentur,

330 3761 514 3817 Caesar
546 3761 739 3827 iratus,
794 3778 904 3817 non
937 3763 1090 3833 prius
1120 3762 1171 3818 ei
1215 3763 1424 3819 aditum
1469 3764 1534 3819 ad
1571 3781 1630 3821 se
1672 3767 1916 3837 permitti

332 3852 517 3924 jussit,
542 3868 705 3923 quam
731 3868 849 3908 eam
873 3853 1163 3923 pecuniam
1191 3863 1551 3910 numerasset.
1583 3854 1698 3922 Qua
1725 3866 1917 3913 mutuo
1946 3918 1949 3925 ,

335 3954 552 4015 sumpta
582 3953 639 4000 et
669 3946 960 4011 dissoluta,
991 3962 1186 4002 rursus
1221 3945 1427 4003 Tiberii
1448 3947 1626 4002 aulam
1660 3947 1918 4018 frequen-

335 4035 495 4091 tavit.
517 4035 626 4091 Sed
660 4051 691 4091 a
726 4035 940 4093 Caesare
963 4053 1022 4093 se
1052 4039 1120 4093 ad
1159 4053 1321 4093 suum
1360 4048 1614 4110 nepotem
1643 4040 1915 4107 conferre,

333 4143 573 4200 eumque
628 4130 811 4186 colere
862 4130 1069 4201 jussus,
1121 4134 1294 4203 magis
1347 4146 1477 4202 erga
1531 4130 1724 4188 Caium
1787 4149 1918 4203 pro-

334 4236 538 4292 pensus
608 4222 734 4290 fuit,
805 4222 1060 4278 Antoniae
1133 4233 1414 4293 nepotem,
1471 4222 1787 4279 Germanici
1862 4234 1919 4281 et

334 4311 571 4378 Claudii,
611 4314 706 4385 qui
752 4323 872 4385 post
894 4313 1085 4370 Caium
1117 4313 1428 4385 imperavit,
1461 4314 1654 4371 matris
1685 4335 1699 4370 :
1734 4324 1790 4370 et
1820 4314 1918 4370 ob-

338 4406 610 4487 servantia
659 4421 756 4462 sua
782 4406 899 4462 Caii
937 4422 1066 4477 erga
1105 4420 1163 4463 se
1202 4422 1444 4462 amorem
1477 4407 1733 4487 emeruit.
1780 4405 1916 4462 Cum

338 4479 524 4550 autem
556 4496 850 4567 aliquando
881 4498 1027 4554 inter
1056 4498 1436 4568 prodeundum
1470 4479 1680 4553 Tiberii
1711 4499 1916 4554 mentio

340 4582 650 4649 incidisset,
704 4594 870 4656 atque
913 4586 1155 4658 Agrippa
1208 4588 1320 4643 Deo
1368 4588 1622 4643 invocato
1652 4597 1915 4658 optasset,

340 4685 405 4731 ut
442 4676 698 4732 Tiberius
735 4677 868 4733 Caio
891 4694 1055 4747 quam
1101 4678 1339 4748 primum
1370 4680 1603 4749 imperio
1650 4681 1871 4736 cederet
1901 4699 1916 4739 :

340 4767 625 4840 Eutychus
700 4769 957 4835 libertus,
1016 4771 1087 4826 iis
1156 4772 1404 4842 Agrippas
1458 4771 1642 4827 verbis
1696 4771 1919 4839 auditis,

2012 3140 2152 3179 εισιν
2178 3124 2528 3197 ἀπελευθέρῳ
2572 3124 2869 3197 Βερενίκης
2897 3126 3004 3196 τῆς
3024 3125 3335 3198 ’Δγρίππου
3363 3131 3601 3199 μητρὸς,

2012 3215 2108 3270 καὶ
2139 3218 2167 3271 ὁ
2198 3216 2406 3287 Πέτρος
2462 3216 2799 3287 συμϐόλαιον
2851 3216 3008 3287 ἔλεγε
3050 3218 3428 3290 ποιηδάμενον
3483 3222 3605 3279 δύω

2016 3306 2297 3377 μυριάδων
2319 3304 2580 3360 Ἀτθίδων
2608 3305 2795 3361 λαϐεῖν
2850 3307 2952 3371 τὰς
3002 3309 3293 3379 μυριάδας,
3324 3328 3604 3366 πεντακο-

2015 3395 2158 3460 σίαις
2191 3396 2286 3450 καὶ
2314 3395 2605 3468 δισχιλίαις
2630 3396 3060 3468 ἑλασσουμένας.
3086 3400 3194 3455 Καὶ
3222 3401 3251 3453 ὁ
3282 3401 3604 3473 Ἀγρίππας

2015 3488 2287 3555 συνέθετο,
2310 3490 2404 3542 καὶ
2436 3488 2616 3543 λαϐὼν
2648 3490 2708 3545 rb
2750 3490 3017 3562 δάνεισμα
3038 3491 3308 3547 ἀποπλεῖν
3342 3493 3603 3564 ἔμελλεν.

2027 3578 2304 3653 Ἐρῤένιος
2333 3578 2391 3632 δὲ
2441 3580 2728 3646 Καπίτων,
2765 3581 3043 3652 Ἰαμνείας
3090 3582 3413 3656 ἐπίτροπος,
3439 3588 3605 3657 τρια-

2015 3687 2185 3725 κοντα
2223 3671 2494 3743 μυριάδας
2521 3671 2791 3744 ἀργυρίου
2847 3673 3207 3746 ὀφειλομένας
3239 3675 3318 3746 τῷ
3348 3677 3608 3749 Καίσαρι

2014 3762 2289 3836 ἔπραττεν
2321 3765 2410 3817 ἐπ’
2442 3764 2633 3831 αὑτοῦ,
2663 3765 2757 3819 καὶ
2780 3764 2868 3819 διὰ
2894 3766 3057 3820 τοῦτο
3101 3767 3284 3837 μένειν
3319 3769 3583 3823 ἐκέλευεν

2014 3856 2329 3928 Ἀγρίππας
2361 3856 2438 3924 δὲ,
2469 3857 2986 3929 προσποιησάμενος
3041 3859 3350 3927 πείθεσθαι,
3403 3865 3603 3930 νυκτδς

2015 3945 2207 4018 ᾤχετο.
2236 3945 2348 4001 Καὶ
2386 3945 2773 4009 καταπλεύσας
2811 3948 2893 4013 είς
2957 3947 3399 4019 Ἀλεξάνδρειαν,
3433 3951 3602 4004 Ἀλε-

2017 4035 2242 4107 ξάνδρου
2268 4035 2439 4088 δεῖται
2458 4034 2554 4088 τοῦ
2597 4034 2963 4107 ’Δλαϐάρχου,
2993 4036 3262 4108 μυριάδας
3290 4038 3473 4092 εἴκοσι
3511 4040 3609 4095 δά.

2017 4145 2157 4182 νειον
2192 4127 2340 4198 αὐτῷ
2367 4127 2692 4197 παρασχεῖν.
2710 4127 2771 4180 '0
2803 4126 2849 4181 δ’
2874 4127 3069 4199 ἐκείνῳ
3099 4127 3199 4198 μὲν
3225 4129 3327 4181 οὐκ
3351 4128 3444 4196 ἀν,
3473 4130 3604 4201 ἔφη,

2020 4216 2352 4290 παρασχεῖν,
2409 4216 2624 4288 Κύπρῳ
2656 4215 2711 4270 δὲ
2760 4218 2828 4288 τῇ
2882 4214 3049 4271 αὐτοῦ
3091 4218 3312 4286 γυναικὶ
3366 4222 3606 4292 παρεῖχε

2017 4308 2103 4363 διά
2137 4325 2195 4362 τε
2225 4307 2325 4379 τὴν
2347 4305 2668 4376 φιλανδρίαν
2689 4305 2860 4378 αὐτῆς
2917 4306 3011 4361 καὶ
3027 4306 3125 4377 τὴν
3148 4308 3347 4380 λοιπὴν
3372 4310 3604 4381 ἀρετήν.

2019 4399 2336 4472 Δεξαμένης
2364 4399 2422 4454 δὲ
2459 4398 2521 4453 rb
2549 4396 2759 4453 δάνειον
2813 4398 3054 4471 ἐκείνης,
3084 4400 3113 4454 ὁ
3148 4398 3250 4471 μὲν
3291 4400 3607 4474 Ἀγρίππας

1949 4472 1994 4528 Ῑ)
2020 4493 2102 4555 είς
2141 4489 2371 4546 Ἰταλίαν
2397 4490 2732 4556 ἀπέπλευσε,
2755 4488 2983 4560 Κύπρος
3008 4489 3066 4543 δὲ
3092 4490 3231 4562 μετὰ
3260 4492 3373 4547 τῶν
3393 4472 3608 4550 τέκνων

2018 4585 2099 4648 είς
2142 4580 2400 4639 Ἰουδαίαν
2433 4581 2713 4650 ἀνέζευξε.
2740 4582 2850 4636 Καὶ
2893 4583 3133 4655 Καίσαρι
3161 4584 3400 4658 Τιϐερίῳ
3428 4604 3608 4657 προσ.

2022 4674 2217 4745 ελθὼν,
2271 4674 2675 4748 φιλανθρώπως
2707 4674 2925 4747 ἐδέχθη.
2946 4675 3176 4749 Γραφῆς
3202 4676 3259 4730 δὲ
3288 4677 3387 4731 τοῦ
3432 4679 3611 4733 Karl-

2024 4787 2195 4834 τωνος
2235 4767 2516 4841 Ἐρῤενίου
2563 4765 2927 4838 κομισθείσης
2950 4767 3028 4840 τῷ
3060 4769 3330 4842 Καίσαρι,
3357 4769 3436 4835 ὡς
3470 4773 3612 4825 ἀπέ-

341 4861 613 4918 Caesarem
657 4862 817 4928 adiit,
853 4870 915 4917 ut
967 4846 1331 4918 nuntiaturus
1375 4863 1581 4935 aliquid
1641 4864 1791 4935 quod
1849 4862 1907 4918 ad

2023 4863 2126 4935 δρα
2183 4860 2494 4934 Ἀγρίππας
2546 4859 2852 4930 τριάκοντα
2915 4859 3182 4932 μυριάδας
3228 4864 3612 4935 πραττόμενος

343 4952 579 5008 salutem
605 4953 728 5024 ejus
762 4953 1087 5023 pertineret.
1119 4952 1216 5009 Ille
1241 4969 1368 5009 vero
1402 4964 1465 5010 ut
1499 4955 1683 5010 lentus
1711 4962 1831 5009 erat
1864 4953 1907 5009 ir

2026 4952 2258 5016 δάνειον,
2288 4949 2535 5023 ὠργίσθη
2561 4963 2576 4980 °
2602 4948 2700 5004 καὶ
2734 4947 2810 5021 μὴ
2856 4950 3260 5022 συγχωρεῖσθαι
3313 4953 3471 5025 αὐτῷ
3514 4956 3610 5026 τὴν

348 5042 518 5097 rebus
551 5044 830 5109 omnibus,
862 5059 960 5099 eos
997 5044 1162 5099 etiam
1197 5044 1558 5114 despiciebat.
1589 5045 1683 5114 qui
1719 5042 1907 5114 aliquit

2030 5043 2168 5114 πρὸς
2196 5041 2360 5097 αὑτὸν
2390 5040 2680 5095 ἐκέλευσεν
2712 5039 2939 5105 εἴσοδον,
2966 5039 3095 5112 ἄχρι
3124 5041 3189 5113 δὴ
3211 5042 3273 5096 rb
3301 5045 3469 5114 χρέος
3508 5064 3612 5099 κα-

348 5134 497 5204 quod
553 5134 725 5205 ipsius
773 5135 1085 5197 interesset,
1133 5136 1502 5190 nuntiabant:
1536 5149 1719 5204 neque
1759 5135 1907 5190 etiau

2034 5132 2283 5188 ταϐαλεί.
2319 5131 2381 5185 '0
2405 5130 2482 5196 δὲ,
2517 5127 2935 5199 δανεισάμενος,
2960 5129 3191 5183 ἀπέδοτο
3216 5129 3280 5183 rb
3308 5131 3611 5201 ὀφείλημα,

350 5230 547 5303 legatis
584 5231 838 5286 celeriter
874 5228 1261 5300 respondebat,
1295 5244 1365 5284 ne
1391 5228 1475 5283 eis
1506 5227 1617 5284 cito
1649 5227 1907 5298 digressis

2036 5226 2134 5280 καὶ
2179 5220 2337 5287 αὖθις
2367 5222 2536 5294 είσῄει
2561 5220 2699 5291 πρὶς
2751 5218 2843 5274 τδν
2884 5218 3161 5291 Τιϐέριον.
3189 5222 3301 5275 Καὶ
3334 5222 3364 5275 ὁ
3388 5223 3613 5293 Καῖσαρ

352 5323 445 5378 alii
500 5322 605 5378 sibi
652 5322 933 5393 negotium
978 5320 1331 5376 facesserent.
1383 5320 1569 5385 Neque
1615 5312 1846 5376 ducibus
1875 5337 1904 5376 e

2037 5316 2293 5371 ἐκέλευεν
2318 5314 2482 5367 αὐτὸν
2511 5310 2590 5382 τῷ
2620 5308 2799 5381 υἱωνῷ
2825 5310 2993 5365 αὐτοῦ
3023 5312 3497 5385 παρατυγχάνειν,
3520 5315 3609 5368 καὶ

356 5415 809 5486 procuratoribus
858 5431 886 5468 a
919 5429 977 5470 se
1024 5413 1203 5468 missis
1229 5425 1577 5470 successores
1606 5412 1791 5479 dabat,
1822 5412 1907 5467 nis

2038 5412 2364 5483 θεραπεύειν
2393 5409 2574 5467 αὐτόν.
2612 5404 2927 5478 Ἀγρίππας
2953 5408 3010 5463 δὲ
3036 5410 3173 5481 πρὸς
3209 5410 3372 5466 Γάϊον
3407 5410 3605 5484 μᾶλλον

1544 5572 1745 5635 Varim
1776 5569 2086 5634 lectiones
2115 5576 2178 5632 et
2213 5574 2401 5633 notas.

444 5699 556 5769 (66)
588 5703 750 5773 Αὐτὴ
802 5704 948 5775 γοῦν
1010 5706 1048 5774 ἡ
1098 5706 1346 5777 Κύπρις.
1402 5704 1536 5765 Vide-
1587 5704 1873 5763 observata

2012 5700 2257 5773 caligcro
2280 5700 2349 5758 ad
2377 5700 2698 5769 Eusebium,
2728 5717 2785 5773 p.
2824 5700 2946 5771 162,
2974 5709 3036 5756 ιι*
3067 5697 3202 5755 edit.
