3918 6200
334 255 443 318 487

1600 238 1930 302 JOANNIS
1957 236 2280 298 ΖΟΝΛΠᾹΞ

3473 220 3590 284 488

265 374 270 380 ⁷
327 373 536 427 δίκαιον
589 369 634 423 δ’
666 366 851 436 ελεγεν
898 359 1060 428 εἶναι,
1122 359 1222 433 τῆς
1271 355 1616 431 εὐδαιμονίας
1665 355 1746 425 τῷ
1815 354 1971 425 ἀνδρὶ
2009 353 2424 422 κοινωνήσασαν
2479 345 2868 416 ἐγκαταλιπεῖν
2913 342 3008 396 ἐπὶ
3048 343 3170 406 ταῖς
3218 339 3598 410 δυσπραγίαις

328 467 516 521 αὐτόν.
561 464 622 517 '0
654 434 840 534 μέντοι
861 459 1023 521 Γάϊος
1049 455 1142 509 τὸν
1169 455 1268 525 μὲν
1292 454 1506 525 πρῶτον
1539 451 1786 504 ἐνιαυτὸν
1835 447 1934 501 xal
1968 446 2063 500 τὸν
2111 443 2198 514 ἐφ’
2269 443 2400 513 ἑξῆς
2453 440 2820 513 μετριώτερον
2842 439 3052 509 ⁸ἐχρῆτο
3095 437 3211 499 τοῖς
3265 434 3591 506 πράγμασυ

331 557 543 630 προῖὼν
588 522 982 616 δὲ’ἑξεθείαζεν
1015 522 1229 610 ἑαυτὸν,
1269 522 1364 599 καλ
1399 541 1558 596 θεοῦν
1628 538 1929 608 ἐπεχείρει.
1974 534 2086 588 Kal
2131 533 2198 604 δὴ
2250 532 2495 595 στάσεως
2566 528 2862 599 γεγονυίας
2921 529 3034 590 τοῖς
3095 527 3155 579 ὲν
3203 522 3599 594 Ἀλεξανδρείᾳ

344 622 620 711 Ἰουδαίοις
649 648 742 700 κα)⁵
782 643 1029 711 Ἕλλησι,
1069 641 1222 710 τρεῖς
1262 639 1356 707 ἀφ’
1383 635 1648 705 ἐκατέρου
1702 632 1901 704 μίρους
1936 629 2194 699 παρῆσαν
2225 627 2363 698 πρὸς
2394 626 2558 680 Γάϊον
2591 622 2952 693 πρεσϐευταί.

399 745 474 799 Ἃ.
507 742 646 811 Apio
686 755 821 793 vero
855 734 1356 791 Alexandrinorum
1409 733 1718 802 legatorum
1761 740 1906 782 unus
1934 727 1982 785 Δ

331 852 458 892 eum
488 834 594 888 alia
622 831 826 886 Judzeis
848 828 1072 899 ohjeeit,
1104 835 1221 881 tum
1249 825 1406 890 illud,
1435 839 1561 879 cum
1583 835 1777 878 omnes
1803 821 1914 874 Ro-

331 940 511 981 mana:
548 921 849 994 provincia:
869 917 1002 973 Caio
1043 915 1249 986 templa
1275 922 1331 970 et
1361 928 1489 968 aras
1511 912 1806 974 adiﬂcent,
1835 908 1914 963 di-

333 1016 601 1081 vincsque
625 1011 864 1064 honores
890 1008 1221 1072 decernant,
1267 1019 1367 1060 eos
1396 1003 1545 1059 solos
1571 999 1907 1074 ignominio-

337 1121 460 1162 sum
491 1104 716 1167 ducere,
745 1117 873 1158 eum
895 1099 1096 1156 statuis
1117 1098 1416 1163 honorare,
1438 1112 1504 1152 ac
1535 1110 1635 1167 per
1664 1095 1791 1166 ejus
1809 1105 1915 1148 no-

328 1213 465 1252 men
515 1197 722 1266 jurare.
782 1193 1067 1250 Philonem
1105 1205 1239 1246 vero
1304 1188 1550 1244 Iudaica
1623 1183 1914 1257 legationis

328 1291 670 1361 principem,
695 1287 872 1341 virum
901 1285 1194 1348 illustrem,
1221 1291 1278 1338 et
1298 1279 1660 1352 philosophia:
1682 1292 1794 1332 non
1814 1291 1913 1332 ex-

330 1394 578 1453 pertem,
627 1380 920 1450 populares
944 1391 1074 1432 suos
1102 1374 1399 1431 defendere
1444 1379 1720 1442 paratum,
1750 1367 1914 1425 Caius

332 1477 507 1530 verba
549 1474 733 1528 facere
759 1487 868 1526 non
900 1485 1108 1540 passus,
1145 1484 1176 1522 e
1211 1467 1394 1522 medio
1419 1464 1685 1520 excedere
1710 1461 1912 1534 jussit:

327 1583 404 1622 .ac
436 1566 572 1621 satis
598 1579 711 1634 pm
736 1579 794 1618 se
821 1563 969 1625 tulit,
996 1577 1053 1616 se
1079 1560 1288 1616 cladem
1343 1557 1550 1613 Iudaeis
1599 1557 1910 1610 illaturum.

340 1658 411 1713 At
442 1657 597 1712 Philo
627 1653 1026 1709 contumeliose
1076 1651 1318 1716 habitus,
1367 1648 1590 1705 Judzeos
1625 1647 1722 1717 qui
1775 1643 1914 1700 foris

332 1746 619 1808 astabant,
655 1745 819 1798 bonis
841 1742 1044 1797 animis
1072 1740 1390 1812 essejussit.
1419 1736 1614 1793 Caium
1631 1734 1778 1792 enim
1801 1748 1914 1789 non

344 1841 498 1911 ipsis,
523 1838 619 1894 sed
652 1838 757 1908 ipsi
781 1838 890 1892 Deo
913 1835 1230 1892 insultasse.
1251 1835 1454 1890 Verum
1479 1831 1784 1901 Imperator
1801 1843 1914 1884 non

344 1932 634 1988 ferendum
665 1939 839 1994 ratus,
875 1930 920 1984 si
953 1945 983 1983 a
1012 1928 1216 1984 ludatis
1248 1941 1350 1997 pro
1386 1925 1491 1980 deo
1539 1939 1652 1980 non
1702 1923 1916 1979 colere-

335 2032 462 2091 .tur,
490 2023 811 2078 Petronium
833 2021 1054 2076 Vitellio
1093 2033 1469 2076 successorem
1488 2015 1675 2080 mittit,
1705 2023 1762 2070 et
1788 2027 1913 2068 cum

338 2128 546 2184 magna
581 2127 747 2166 manu
782 2113 836 2166 in
867 2110 1112 2166 Judazam
1137 2109 1470 2180 profectum,
1529 2121 1684 2162 suam
1717 2103 1914 2175 imagi-

344 2225 472 2265 nem
508 2208 563 2262 in
588 2205 793 2275 templo
827 2204 922 2258 Dei
953 2203 1224 2258 collocare
1250 2201 1426 2272 jubet.
1459 2199 1619 2265 Quod
1653 2199 1701 2255 si
1729 2199 1918 2253 volen-

345 2314 430 2357 tes
457 2298 763 2356 concedere
788 2296 986 2360 nolint,
1013 2302 1074 2349 ut
1105 2310 1202 2363 per
1223 2293 1334 2347 vim
1358 2300 1415 2348 et
1443 2291 1614 2346 armis
1641 2289 1698 2345 id
1732 2289 1917 2346 faciat.

346 2390 643 2448 Petronius
673 2387 843 2459 Syriae
865 2395 1104 2456 prretura
1143 2390 1418 2452 suscepta,
1451 2379 1802 2450 imperatoris
1824 2394 1921 2434 ex-

345 2481 504 2552 sequi
529 2481 676 2551 jussa
712 2475 1066 2548 properabat.
1097 2472 1204 2528 Sed
1231 2489 1358 2527 cum
1401 2468 1795 2526 Ptolemaidem
1825 2483 1920 2524 ve-

346 2577 545 2641 nisset,
568 2571 887 2628 Judaaorum
920 2567 1093 2621 multa
1117 2564 1286 2619 millia
1308 2578 1434 2618 eum
1462 2560 1740 2624 adierunt,
1757 2575 1920 2614 oran-

351 2669 487 2724 tium
520 2681 590 2721 ne
623 2664 690 2718 ad
738 2661 912 2733 patria
954 2658 1204 2714 instituta
1251 2655 1509 2710 violanda
1565 2661 1915 2724 cogerentur.

349 2760 448 2815 Sin
482 2756 650 2811 nullis
674 2753 936 2825 precibus
972 2757 1313 2814 moveretur,
1349 2757 1408 2802 ut
1436 2763 1496 2802 se
1543 2747 1698 2817 prius
1742 2746 1918 2800 inter-

349 2851 534 2914 fectis,
569 2851 644 2904 ita
681 2848 902 2903 demum
964 2852 1200 2899 statuam
1259 2841 1574 2896 collocaret.
1631 2837 1922 2893 Petronius

349 2939 655 3011 respondit,
701 2938 746 2993 si
776 2947 966 3005 suapte
1002 2933 1298 2987 autoritate
1327 2931 1416 2985 illa
1445 2937 1651 3000 ageret,
1674 2927 1798 2998 jure
1837 2942 1924 2982 se-

337 3049 479 3089 .cum
519 3033 603 3102 agi
633 3043 823 3100 posse;
859 3025 954 3081 sed
989 3025 1118 3094 quia
1149 3023 1328 3078 Caesar
1347 3022 1625 3093 jussisset,
1681 3017 1924 3074 decretis

352 3126 502 3180 illius
530 3120 844 3178 necessario
903 3114 1365 3186 acquiescendum
1416 3128 1560 3168 esse.
1612 3111 1707 3165 llis
1760 3110 1923 3166 dictis

351 3211 702 3269 Tiberiadem
724 3207 898 3271 venit,
927 3205 1241 3262 Judaaorum
1270 3205 1486 3258 animos
1511 3201 1918 3271 exploraturus.

343 3306 460 3361 Sed
498 3303 574 3359 ibi
598 3316 818 3372 quoque
849 3300 1020 3355 multa
1040 3298 1355 3355 Judaeorum
1387 3295 1560 3351 millia
1589 3294 1639 3349 ei
1663 3308 1924 3349 occurre-

2075 722 2132 779 l'.
2181 722 2388 777 ’Δπίων
2431 719 2544 791 (70)
2579 719 2636 773 δὲ
2682 720 2793 773 τῶν
2856 717 3256 790 ’Δλεξανδρέων
3303 717 3600 788 πρεσϐἐων

2013 812 2119 885 εἷς,
2142 815 2278 869 ἀλλα
2308 831 2369 868 τε
2403 813 2706 884 κατηγόρει
2731 811 2840 866 τῶν
2883 811 3182 876 Ἰουδαίων,
3221 813 3318 866 καὶ
3337 816 3416 876 ὼς
3454 812 3601 867 πάν-

2011 925 2123 963 των
2165 906 2278 961 τῶν
2329 905 2436 960 ὑπό
2502 903 2832 976 Ῥωμαίους,
2893 904 3115 975 βωμοὺς
3162 904 3243 976 τῷ
3294 905 3442 976 Γαΐῳ
3499 907 3603 960 καὶ

2011 1000 2179 1064 ναοὺς
2230 999 2602 1066 ἀνιστώντων,
2653 999 2753 1054 καὶ
2785 998 2862 1062 ώς
2910 998 3034 1054 θεὸν
3090 997 3406 1067 τιμώντων,
3442 993 3602 1054 οὗτοι

2015 1095 2172 1165 μόνοι
2220 1094 2412 1160 ἄδοξον
2456 1095 2692 1166 ἥγηνται
2731 1094 2985 1164 ἀνδριάσι
3044 1094 3215 1163 τιμᾷν
3249 1091 3438 1158 αὑτὸν,
3499 1093 3604 1146 καὶ

2013 1187 2202 1256 ὅρκιον
2239 1185 2410 1241 αὐτοῦ
2448 1185 2726 1241 ποιεῖσθαι
2754 1184 2816 1240 τὸ
2844 1185 3038 1254 ὄνομα.
3093 1185 3234 1238 Ἐπὶσ
3256 1184 3472 1248 τούτοις
3503 1184 3604 1237 lti-

2012 1277 2122 1332 λων
2145 1318 2162 1345 ,
2202 1278 2300 1347 τῆς
2327 1277 2437 1332 τῶν
2514 1276 2787 1331 Ἰουδαίων
2852 1276 3154 1346 πρεσϐείας
3209 1276 3601 1348 προεστηκὼς,

2011 1372 2152 1442 ἀνὴρ
2191 1370 2406 1436 ἔνδοξος
2444 1369 2545 1424 καὶ
2601 1370 2923 1440 φιλοσοφίας
2949 1371 3052 1424 οὐκ
3081 1371 3333 1442 ἄπειρος,
3375 1370 3602 1442 ἕτοιμος

2011 1458 2080 1534 ἦν
2114 1463 2711 1534 ὑπεραπολογήσασθαι
2749 1465 2859 1518 τῶν
2887 1463 3166 1533 ὁμοεθνῶν
3189 1481 3205 1497 ο
3247 1467 3276 1518 ὁ
3323 1463 3384 1518 δὲ
3430 1464 3605 1528 Γάϊος

2011 1555 2114 1609 οὐκ
2135 1556 2414 1625 ἠνέσχετο,
2453 1553 2722 1617 κελεύσας
2751 1554 3000 1609 ἐκποδὼν
3030 1553 3459 1616 ἀπελεύσεσθαι,
3495 1553 3604 1623 δῆ-

2016 1645 2114 1710 λός
2159 1653 2220 1700 τε
2263 1643 2334 1719 ἦν
2371 1646 2640 1702 κακώσων
2686 1645 2908 1710 αὐτούς.
2941 1645 3053 1700 Καὶ
3082 1649 3111 1700 ὁ
3138 1644 3316 1699 Φίλων
3357 1644 3602 1712 ἐξελθὼν

2014 1741 2499 1812 περιυϐρισμένος,
2543 1738 2680 1810 φησι
2730 1738 2868 1809 πρὸς
2915 1739 3045 1802 τοὺς
3087 1738 3218 1808 περὶ
3249 1739 3420 1792 αὐτὸν
3461 1739 3604 1792 Ἰου-

2012 1831 2218 1896 δαίους,
2254 1833 2330 1896 ὡς
2367 1835 2476 1903 χρὴ
2503 1831 2752 1902 θαρρεῖν,
2784 1831 2848 1882 οὐ
2887 1830 2997 1901 γὰρ
3023 1831 3104 1893 είς
3132 1830 3336 1894 αὐτοὺς
3373 1833 3403 1884 δ
3432 1831 3603 1895 Γάϊος

2015 1925 2439 1996 πεπαρῴνηκεν,
2467 1927 2547 1987 είς
2575 1924 2633 1978 δὲ
2670 1925 2732 1978 τὸ
2761 1923 2917 1977 Θεῖον
2950 1924 3104 1977 αὐτό.
3144 1924 3204 1978 '0
3243 1925 3289 1977 δ’
3319 1926 3606 1995 αὐτοκρά-

2016 2035 2128 2088 τωρ
2178 2015 2352 2070 δεινὸν
2397 2015 2725 2087 ἡγούμενος,
2775 2013 2880 2068 ὑπὸ
2920 2013 3192 2068 Ἰουδαίων
3243 2014 3318 2086 μὴ
3365 2016 3444 2076 ὼς
3479 2015 3610 2079 θεὸς

2018 2108 2381 2180 σεϐασθῆναι,
2410 2108 2720 2179 Πετρώνιον
2747 2107 3030 2177 ἐκπέμπει
3061 2107 3308 2178 διάδοχον
3333 2107 3437 2173 τῆς
3467 2108 3606 2160 Οὐϊ-

2017 2205 2228 2261 τελλίου
2275 2203 2477 2276 ἀρχῆς,
2513 2202 2780 2265 κελεύσας
2825 2203 2972 2273 χειρὶ
3019 2201 3188 2272 πολλῇ
3221 2201 3488 2272 ἐμϐαλεῖν
3523 2203 3611 2265 τῖς

2018 2297 2118 2368 τὴν
2163 2297 2447 2361 Ἰουδαίαν,
2485 2297 2580 2349 καὶ
2605 2296 2758 2366 ίστᾷν
2781 2293 2948 2348 αὑτοῦ
2973 2293 3268 2364 ἀνδριάντα
3299 2295 3359 2346 ὲν
3386 2293 3468 2364 τῷ
3489 2293 3609 2363 ναῷ

2017 2388 2116 2442 τοῦ
2149 2388 2312 2442 Θεοῦ.
2349 2388 2412 2440 El
2441 2387 2500 2441 δὲ
2553 2387 2630 2458 μὴ
2664 2386 2885 2450 ἑκόντες
2917 2388 3327 2457 παραχωροῖεν,
3374 2386 3609 2457 πολέμῳ

2018 2478 2377 2549 κρατήσαντα
2404 2475 2566 2531 τοῦτο
2609 2479 2803 2532 ποιεῖν.
2834 2477 2945 2530 Kal
2968 2477 2996 2529 ὁ
3035 2478 3352 2548 Πετρώνιος
3377 2475 3480 2544 τὴν
3504 2477 3611 2546 τῆς

2020 2570 2222 2641 Συρίας
2251 2567 2608 2640 παρειληφὼς
2637 2568 2833 2639 ἀρχὴν,
2866 2569 3134 2639 ἠπείγετο
3166 2567 3480 2640 πληρώσων
3503 2570 3613 2632 τὰς

2021 2661 2114 2716 τοῦ
2152 2661 2433 2731 Καίσαρος
2483 2661 2726 2723 ἐντολάς.
2767 2661 2880 2715 Kal
2926 2663 3009 2724 είς
3052 2660 3401 2732 Πτολεμαΐδα
3442 2679 3611 2730 γενο-

2024 2754 2173 2825 μένῳ
2210 2753 2519 2825 προσῆλθον
2564 2752 2837 2807 Ἰουδαίων
2875 2752 3070 2807 πολλαὶ
3099 2754 3385 2825 μυριάδες,
3410 2754 3612 2824 δεόμεο

2023 2865 2111 2900 ναι
2137 2847 2210 2917 μὴ
2243 2845 2529 2915 βιάζεσθαι
2557 2847 2698 2914 σφᾶς
2725 2846 2818 2900 ἐπὶ
2847 2845 3161 2916 παραϐάσει
3190 2845 3298 2899 τῶν
3329 2847 3606 2917 πατρίων,

2025 2940 2088 2992 Ei
2117 2939 2162 2992 δ’
2193 2939 2569 3009 ἀπαραίτητος
2595 2934 2668 3005 εἶ,
2699 2938 2891 3007 ελεγον
2920 2939 3190 3010 πρότερον
3218 2941 3368 3010 ἡμᾶς
3401 2941 3612 3010 διαχει-

2026 3029 2346 3100 ρισάμενος,
2386 3027 2561 3092 οὕτως
2593 3027 2716 3082 ἵστα
2746 3029 2807 3082 τὸ
2841 3028 3088 3098 ἄγαλμα.
3121 3031 3430 3102 Πετρώνιος
3459 3031 3510 3084 δ’
3536 3034 3612 3086 ά-

2027 3118 2330 3189 πεκρίνατο
2374 3119 2471 3182 ὡς·
2515 3120 2579 3173 Et
2615 3119 2717 3190 μὲν
2749 3120 2845 3188 ἀφ’
2876 3120 3076 3174 ἑαυτοῦ
3122 3121 3276 3176 ταῦτ’
3304 3123 3608 3193 ἔπραττεν,

2024 3212 2235 3276 δίκαιος
2272 3208 2341 3282 ἦν
2372 3211 2510 3282 πρός
2546 3229 2616 3282 με
2655 3212 2788 3284 ὑμῖν
2812 3214 2840 3266 ό
2873 3213 3032 3283 λόγος
3052 3229 3066 3244 ’
3095 3215 3380 3286 Καίσαρος
3415 3217 3477 3271 δὲ,
3509 3235 3612 3272 κε-

2027 3310 2341 3371 λεύσαντος,
2375 3307 2528 3360 πᾶσα
2555 3305 2688 3374 ἀνάγ
2699 3322 2773 3376 κη
2801 3305 2874 3361 τά
2903 3306 3099 3376 ἐκείνῳ
3124 3307 3422 3379 δεδογμένα
3461 3313 3614 3384 πλη-

355 3403 508 3456 runt,
542 3391 732 3446 itidem
765 3390 1066 3454 orantium,
1100 3404 1170 3443 ne
1203 3387 1307 3442 sibi
1358 3386 1470 3440 vim
1504 3382 1748 3447 aﬂ‘erret,
1785 3398 1922 3438 neve

2028 3401 2176 3474 ροῦν.
2207 3399 2399 3455 Ταῦτα
2445 3397 2638 3465 είπὼν,
2675 3399 2770 3453 ἐπὶ
2797 3399 3095 3471 Τιϐεριάδα
3141 3401 3396 3470 ἀφίκετο,

354 3485 551 3539 urbem
587 3481 884 3538 simulacro
915 3480 1220 3550 pollueret;
1254 3476 1348 3546 qui
1381 3491 1412 3530 a
1437 3474 1694 3530 Petronio
1723 3472 1918 3544 rogati,

345 3592 487 3634 num
530 3575 735 3629 bellum
767 3571 976 3643 gesturi
1032 3579 1250 3635 essent,
1312 3583 1372 3624 se
1417 3567 1622 3622 bellum
1667 3574 1922 3638 gesturos

343 3684 474 3725 esse
495 3675 789 3738 negarunt,
821 3664 916 3720 sed
941 3663 1124 3719 statim
1172 3670 1405 3718 mortem
1449 3660 1793 3731 oppetituros
1821 3671 1924 3728 po-

349 3762 486 3825 tius,
518 3773 684 3830 qnam
711 3757 1108 3813 commissuros
1142 3764 1206 3810 ut
1236 3753 1414 3824 patria
1460 3752 1715 3808 instituta
1748 3749 1923 3805 viola-

348 3862 501 3918 rent,
532 3868 596 3906 ac
613 3850 832 3922 iugulos
863 3857 1252 3919 porrexerunt.
1282 3845 1378 3900 llis
1404 3861 1504 3916 per
1535 3843 1654 3898 dies
1677 3859 1742 3897 ιι.
1766 3841 1924 3907 actis,

353 3942 712 4000 Aristobulus
753 3940 1009 4011 Agrippa:
1047 3938 1239 4002 frater,
1271 3947 1329 3993 et
1365 3936 1459 3992 alii
1492 3936 1660 4006 278
1682 3933 1922 3998 delecti,

353 4037 677 4094 Petronium
693 4035 908 4106 precati
937 4042 1088 4097 sunt,
1114 4048 1184 4088 ne
1228 4033 1398 4087 rebus
1449 4029 1718 4088 novandis
1755 4043 1930 4099 popu-

351 4131 468 4186 lum
501 4129 568 4184 ad
624 4126 1064 4196 desperationem
1107 4123 1436 4194 impelleret,
1482 4120 1580 4176 sed
1622 4119 1693 4174 ad
1735 4118 1926 4174 Caium

352 4222 653 4286 scriberet,
691 4215 1158 4289 quemadmodum
1199 4214 1372 4271 Judaei
1402 4213 1570 4269 nullis
1621 4209 1931 4266 rationibus

353 4313 423 4368 ad
455 4319 694 4367 statuam
730 4307 1109 4380 recipiendam
1145 4304 1344 4360 adduci
1380 4308 1626 4373 possent.
1657 4297 1931 4356 Fortassis

351 4405 504 4460 enim
527 4419 663 4458 eum
685 4401 995 4472 mitigatum
1028 4398 1119 4465 iri,
1150 4405 1205 4453 et
1231 4394 1558 4452 sententiam
1585 4402 1928 4448 mutaturum

355 4512 505 4553 esse.
539 4497 636 4553 Sin
674 4495 731 4550 in
763 4492 1052 4564 proposito
1099 4493 1502 4561 perseveraret,
1544 4493 1659 4540 tum
1705 4493 1762 4539 et
1812 4483 1932 4554 ipse

357 4605 476 4645 rem
521 4588 936 4658 aggrederetur.
993 4585 1090 4640 His
1143 4581 1436 4638 Petronius
1489 4578 1807 4641 obsecutus,
1859 4575 1930 4629 ad

351 4679 551 4735 Caium
577 4693 643 4733 ea
673 4679 741 4732 de
767 4693 824 4732 re
851 4677 1092 4746 scripsit.
1126 4675 1289 4744 Regis
1314 4687 1444 4726 vero
1465 4669 1716 4738 Agrippae
1742 4667 1930 4721 Romae

2029 3495 2239 3563 νοήσων
2291 3492 2370 3554 ώς
2421 3489 2649 3563 γνώμης
2698 3491 2916 3562 ἔχουσιν
2967 3492 3212 3548 Ἰουδαῖοι
3261 3496 3358 3548 καὶ
3407 3496 3615 3550 πολλαὶ

2034 3585 2298 3657 μυριάδες
2324 3583 2605 3654 συνήντων
2635 3583 2807 3652 αὐτῷ,
2841 3584 3207 3652 ἱκετεύουσαι,
3229 3587 3306 3658 μὴ
3325 3590 3413 3652 είς
3434 3590 3615 3657 ἀνάτ-

2031 3693 2135 3740 κας
2163 3677 2363 3741 αὐτοὺς
2404 3675 2697 3747 καθιστᾷν,
2732 3677 2868 3747 μηδὲ
2903 3678 3139 3748 μιαίνειν
3179 3679 3460 3750 ἀνδριάντι
3506 3682 3616 3754 τὴν

2030 3771 2204 3826 πόλιν.
2246 3771 2359 3825 Kal
2385 3770 2414 3823 ὁ
2447 3771 2758 3842 Πετρώνιος
2799 3770 2928 3842 ἔφη,
2971 3771 3315 3843 Πολεμήσετε
3359 3771 3507 3844 ipa;
3543 3777 3616 3830 Οῖ

2029 3861 2074 3916 δ’
2100 3861 2175 3914 Οὐ
2208 3863 2614 3932 πολεμήσομεν,
2643 3861 2878 3930 ἔφασαν,
2913 3864 3290 3936 τεθνηξόμεθα
3316 3867 3374 3921 δὲ
3406 3872 3618 3940 πρότε-

2035 3967 2150 4021 ρον,
2178 3951 2211 4021 ἢ
2240 3953 2559 4024 παραϐῆναι
2588 3951 2656 4006 τὰ
2693 3953 2922 4024 πάτρια·
2955 3956 3050 4009 καὶ
3083 3960 3347 4028 παρεῖχον
3378 3960 3618 4026 ἑαυτοὺς

2031 4043 2503 4112 ἀποσφάττεσθαι.
2557 4045 2668 4098 Καὶ
2706 4046 2884 4100 ταῦτα
2926 4047 3014 4117 ἐφ’
3045 4049 3258 4120 ἡμέρας
3305 4052 3622 4122 ἐπράττετο

2027 4134 2467 4205 τεσσαράκοντα.
2527 4135 2936 4206 Ἀριστόϐουλος
2963 4139 3022 4192 δὲ
3045 4143 3075 4194 ό
3121 4142 3423 4213 Ἀγρίππου
3454 4148 3620 4201 ἀδελ-

2034 4227 2134 4297 φὺς
2180 4228 2276 4280 καὶ
2315 4227 2466 4283 ἄλλοι
2520 4228 2634 4283 τῶν
2655 4230 2950 4301 ἐκκρίτων,
3003 4233 3214 4289 ιδιοντο
3268 4239 3615 4308 Πετρωνίου,

2040 4320 2207 4391 μηδὲν
2249 4323 2331 4383 είς
2369 4320 2632 4376 ἀπόνοιαν
2673 4322 2770 4377 τοῦ
2828 4325 3069 4397 πλήθους
3101 4335 3451 4399 παρακινεῖν,
3479 4333 3619 4387 ἀλλά

2035 4409 2271 4480 γράφειν
2317 4411 2454 4482 πρὸς
2500 4411 2668 4466 Γάϊον
2702 4412 2765 4466 τὸ
2794 4413 3095 4484 ἀνήκεστον
3121 4417 3301 4472 αὐτῶν
3327 4420 3468 4489 πρδς
3515 4423 3621 4488 τὴν

2035 4501 2132 4555 τοῦ
2183 4502 2502 4573 ἀνδριάντος
2552 4504 2842 4576 ὑποδοχήν.
2895 4507 3055 4571 Ἴσως
3103 4509 3213 4579 γὰρ
3262 4511 3621 4582 μαλαχθέντα

2037 4593 2225 4661 αὑτὸν,
2277 4596 2589 4666 ἀποστῆναι
2622 4595 2718 4650 τοῦ
2751 4599 3027 4665 δόξαντος.
3063 4602 3126 4655 Εί
3175 4603 3219 4656 δ’
3258 4607 3497 4676 ἐμμένοι
3528 4610 3621 4662 καὶ

2037 4685 2197 4749 αὖθις
2255 4689 2321 4758 τῇ
2376 4687 2566 4758 ψήφῳ,
2615 4688 2738 4742 τότε
2786 4692 2882 4745 καὶ
2923 4693 3090 4748 αὑτὸν
3137 4695 3232 4749 τοῦ
3283 4701 3622 4769 πράγματος

359 4771 612 4841 degentis
638 4785 762 4825 cum
797 4768 930 4824 Caio
965 4766 1311 4821 familiaritas
1339 4761 1512 4832 magis
1544 4775 1609 4815 ac
1641 4759 1814 4829 magis
1837 4773 1922 4812 au-

2044 4776 2338 4833 ἅπτεσθαι.
2398 4780 2705 4850 Πετρώνιος
2759 4782 2818 4835 δὲ
2866 4783 3135 4854 πεισθεὶς,
3196 4759 3487 4845 inea-astte
3544 4759 3622 4864 tif;

355 4863 620 4934 gebatur;
651 4861 745 4931 qui
801 4859 1056 4914 convivio
1105 4857 1174 4912 ab
1213 4871 1279 4912 eo
1307 4869 1591 4927 exceptus,
1647 4862 1704 4908 et
1758 4867 1930 4908 caena:

357 4962 615 5022 sumptus
647 4969 711 5006 ac
737 4950 1198 5022 magnificentiam
1233 4948 1558 5012 admiratus,
1583 4961 1710 5000 eum
1739 4954 1930 5016 petere

352 5046 520 5119 jussit
561 5045 832 5115 quidquid
867 5043 1055 5099 vellet.
1087 5043 1168 5097 lbi
1199 5042 1439 5112 Agrippa
1473 5056 1487 5092 :
1525 5035 1694 5103 Nihil,
1728 5034 1927 5106 inquit,

355 5145 560 5206 petam,
589 5151 692 5206 quo
717 5151 837 5204 opes
864 5149 993 5189 mea:
1025 5141 1325 5204 augeantur
1358 5146 1376 5185 :
1406 5131 1496 5186 sed
1556 5130 1632 5194 id,
1692 5129 1829 5200 quod
1881 5136 1930 5180 et

359 5229 452 5282 tibi
485 5229 699 5298 pietatis
721 5228 1039 5298 opinionem,
1065 5235 1113 5278 et
1139 5226 1263 5279 mihi
1290 5223 1516 5293 gloriam
1560 5222 1792 5292 parabit.
1826 5219 1931 5275 0m

359 5323 541 5393 igitur,
584 5332 639 5375 ut
662 5331 858 5377 statua:
887 5320 1267 5374 dedicationem
1298 5319 1351 5370 in
1372 5316 1562 5387 templo
1581 5315 1802 5380 Judaico
1830 5313 1931 5367 Pe-

362 5418 534 5468 tronio
570 5414 848 5481 mandata,
877 5428 993 5467 mea
1019 5429 1180 5466 causa
1200 5409 1436 5466 omittas.
1467 5409 1524 5464 ld
1537 5407 1723 5474 Caius,
1745 5422 1931 5462 coram

2038 4869 2185 4938 Γαίῳ
2218 4872 2349 4940 περὶ
2397 4871 2496 4941 τῆς
2546 4872 2823 4944 πράξεως.
2868 4876 3180 4948 ’Δγρίππας
3212 4881 3271 4934 δὲ
3303 4885 3331 4935 ὸ
3363 4883 3623 4953 βασιλεὺς

2037 4964 2095 5014 ὲν
2135 4960 2323 5033 Ῥώμῃ
2354 4963 2582 5032 διάγων,
2610 4968 2920 5036 προέκοπτε
2957 4973 3026 5042 τῇ
3057 4971 3194 5042 πρὸς
3234 4973 3403 5029 Γαῖον
3451 4981 3619 5033 οίκειι

2037 5054 2173 5110 ὡσει
2193 5071 2208 5088 ·
2235 5056 2579 5127 θαυμασθείς
2607 5075 2669 5113 τε
2702 5060 2761 5113 ἐν
2785 5060 2863 5130 τῷ
2891 5062 3190 5128 δειπνίζειν
3221 5066 3316 5120 τὸν
3341 5069 3623 5141 αὑτοκρά·

2039 5161 2176 5240 τορα
2225 5147 2324 5240 τῆς
2362 5148 2717 5240 πολυτελείας
2769 5152 2931 5222 χάριν
2979 5156 3075 5208 καὶ
3129 5156 3226 5210 τοῦ
3273 5161 3621 5232 μεγαλοπρε-

2042 5235 2199 5296 ποῦς,
2256 5235 2588 5304 αἰτήσασθαι
2631 5243 3025 5310 προετρέπετο,
3072 5244 3102 5298 δ
3156 5246 3224 5300 ἂν
3273 5249 3428 5320 αὑτῷ
3484 5256 3619 5320 np”;

2042 5321 2256 5392 βουλῆς.
2293 5325 2352 5378 '0
2383 5326 2460 5379 δέ’
2492 5330 2828 5399 Αἱτήσομαί
2865 5348 2960 5400 σε,
2986 5333 3114 5408 ἔφη,
3135 5337 3254 5394 τῶν
3281 5339 3404 5410 μὲν
3431 5341 3617 5398 ὄλϐον

2040 5418 2510 5483 περιποιούντων
2537 5422 2738 5492 οὐδὲν,
2780 5425 2813 5480 ὃ
2844 5425 2896 5481 δ’
2917 5427 2994 5483 ἂν
3018 5432 3120 5487 σοί
3146 5449 3208 5488 τε
3249 5436 3400 5504 πρὸς
3427 5435 3614 5503 δόξαν

1534 5551 1742 5616 Variae
1786 5550 2098 5619 lectiones
2141 5562 2201 5620 et
2232 5566 2422 5624 notua.

429 5683 543 5756 (70)
591 5685 828 5744 Ἀπίων.
850 5687 1007 5744 Colb.
1044 5685 1274 5742 Ἀπιών.

1653 5761 1689 5782 η
