4042 6200
291 337 402 401 495

1557 335 1888 396 JOANNIS
1926 333 2246 394 ZUNAllxﬁ

3469 335 3582 400 496

289 453 542 514 voluere,
578 467 610 506 a
636 449 876 506 Claudio
903 449 1047 505 datis
1089 448 1154 504 ad
1203 447 1412 504 Fadum
1441 446 1665 505 litteris.
1699 448 1869 516 impe-

1980 446 2076 500 καὶ
2121 447 2409 516 πρότερον.
2454 448 2518 499 Di.
2566 445 2613 500 δ’
2659 447 2822 516 ἱερεῖς
2855 443 2947 497 καὶ
3003 444 3054 497 οῖ
3105 444 3316 516 πρῶτοι
3365 446 3481 499 τῶν
3517 449 3580 500 ἐν

291 554 530 600 trartmt.
576 541 823 598 llorodes
854 557 1076 612 quoque
1139 540 1394 610 Agrippae
1429 538 1618 603 frater,
1655 536 1869 592 Chalci-

289 638 378 692 dis
419 637 718 704 princeps,
776 649 806 688 a
861 633 1079 688 Cmsare
1125 632 1310 701 templi
1354 639 1687 701 potestatem
1713 669 1729 690 .
1789 647 1875 684 sa-

289 744 508 798 craeque
540 725 822 797 pecuniae,
870 734 926 779 et
969 721 1195 778 creandi
1246 720 1536 776 Pontificis
1578 719 1880 775 auctorita-

1990 536 2389 606 Ἰεροσολύμοις
2435 538 2738 604 ἀντιλέγειν
2787 539 2888 607 μὲν
2931 538 3034 590 οὐκ
3079 537 3362 606 ἐτόλμων·
3402 555 3584 607 παρε-

1979 627 2180 680 κάλουν
2199 628 2255 681 δέ
2313 629 2462 698 ὅμως
2507 630 2798 698 ἐπιτρέψαι
2832 629 3016 692 αὐτοῖς
3047 628 3314 698 πρέσϐεις
3363 629 3586 697 πέμψαι

1989 719 2128 790 πρὸς
2159 721 2247 772 τδν
2295 720 2585 790 Καίσαρα.
2645 721 2772 783 τοὺς
2837 721 3236 788 αἰτησομένους
3282 719 3384 790 τὴν
3426 720 3586 790 ἱεράν

289 826 398 876 tem
433 819 671 874 obtinuit
703 835 719 874 :
767 832 933 886 atque
961 815 1031 869 ab
1063 814 1157 868 illo
1190 812 1449 867 omnibus
1494 812 1616 882 ejus
1639 814 1869 881 posteris

1979 811 2175 882 στολὴν
2209 809 2340 876 παρ’
2367 810 2552 875 αὐτοῖς
2585 807 2757 864 εἶναι’
2800 813 2898 865 καὶ
2933 812 3355 882 ἐπετράπησαν.
3395 813 3586 877 Παρα-

287 927 352 965 ea
387 918 632 980 potestas
659 923 831 975 usuue
857 905 924 959 ad
951 904 1104 959 urbis
1129 902 1405 957 excidium
1435 902 1655 956 mansit.
1695 900 1868 972 Igitur

286 999 409 1058 loco
440 1013 587 1056 moto
615 1000 889 1056 Cautbera
911 1038 928 1064 ,
965 997 1204 1068 Josepho
1239 992 1391 1051 Cami
1429 992 1542 1048 lilio
1574 994 1865 1063 pontiﬁca-

290 1109 405 1150 tum
448 1094 666 1148 tribuit.

1980 905 2295 974 γενομένων
2322 903 2379 957 δέ
2427 907 2511 968 εἰς
2549 904 2646 976 τὴν
2684 904 2909 976 Ῥώμην
2955 905 3068 958 τῶν
3121 905 3430 974 πρέσϐεων,
3484 907 3584 958 καὶ

1973 998 2004 1050 ὁ
2028 997 2124 1050 τοῦ
2153 996 2461 1067 Ἀγρίππου
2487 999 2617 1061 παῖς
2636 1000 2666 1051 ὁ
2684 997 2948 1069 νεώτερος
2983 997 3294 1067 Ἀγρίππας
3319 999 3440 1050 ἐκεῖ
3464 998 3553 1050 διά
3569 1027 3588 1039 -

1971 1105 2108 1156 γων,
2137 1087 2211 1152 ὡς
2241 1089 2477 1158 εῖρτται,
2525 1088 2868 1160 παρεκάλεσε
2905 1089 2998 1142 τὸν
3045 1091 3321 1159 Καίσαρα,
3357 1104 3582 1156 συγχω-

291 1186 520 1263 ρηῡῆναι
553 1185 662 1246 τοῖς
717 1180 986 1246 Ἰουδαίοις
1005 1181 1150 1251 ἔχειν
1173 1181 1269 1252 τὴν
1301 1180 1452 1250 ἱεράν
1477 1181 1692 1251 στολήν.
1716 1180 1874 1234 Κιὶὸ
1906 1181 2171 1245 Κλαύδιος
2200 1182 2569 1255 συνεχώρησε,
2611 1189 2704 1236 καὶ
2728 1183 2813 1253 τῷ
2846 1183 3004 1254 Φάδῳ
3032 1183 3160 1252 περὶ
3201 1183 3410 1234 τούτων
3446 1182 3585 1235 ἐπέ-

287 1273 486 1326 στειλε.
505 1275 612 1326 Καὶ
635 1271 880 1343 Ἡρώδης
895 1271 951 1322 δὲ
981 1273 1009 1323 ὁ
1035 1269 1129 1324 τοῦ
1165 1270 1470 1340 Ἀγρίππου
1500 1271 1749 1338 ἀδελςδς,
1771 1271 1868 1340 τῆς
1890 1271 1947 1323 δὲ
1967 1271 2234 1336 Χαλκίδος
2259 1273 2464 1345 ἄρχων,
2495 1275 2744 1345 ᾐτήσατο
2757 1275 2909 1344 παρά
2934 1275 3213 1345 Καίσαρος
3243 1275 3343 1345 τὴν
3358 1274 3453 1328 τοῦ
3469 1273 3582 1326 νεὼ

288 1367 558 1435 ἐξουσίαν,
581 1369 674 1422 καὶ
691 1367 795 1420 τῶν
831 1366 991 1438 ἱερῶν
1020 1367 1345 1438 χρημάτων,
1375 1367 1470 1420 καὶ
1499 1365 1598 1437 τὴν
1618 1366 1728 1420 τῶν
1757 1367 2062 1437 ἀρχιερέων
2078 1371 2430 1440 χειροτονίαν.
2454 1371 2562 1423 Καὶ
2589 1372 2745 1442 ἔτυχε
2772 1373 2870 1439 τῆς
2893 1372 3188 1442 αίτήσεως,
3215 1375 3311 1426 καὶ
3343 1372 3404 1436 ἐξ
3427 1370 3580 1425 ἐκεί-

287 1485 380 1524 νου
427 1469 560 1520 πᾶσι
580 1468 694 1529 τοῖς
713 1464 994 1530 ἀπογόνοις
1017 1461 1184 1516 αὐτοῦ
1209 1465 1241 1531 ἡ
1270 1463 1486 1527 ἐξουσία
1509 1463 1836 1530 παρέμεινε,
1875 1463 2036 1532 μέχρι
2058 1463 2158 1533 τῆς
2188 1465 2296 1518 τῶν
2343 1465 2730 1537 Ἱεροσολύμων
2751 1465 3030 1531 ἁλώσεως.
3064 1468 3175 1521 Καὶ
3194 1467 3258 1539 δὴ
3280 1466 3577 1538 μεθίστησι

287 1563 384 1630 τῆς
413 1558 826 1629 ἀρχιερωσύνης
857 1555 945 1606 τὸν
973 1554 1288 1623 Κανθηρᾶν,
1329 1554 1524 1622 Ἰωσὴφ
1551 1553 1964 1620 ἀντεισαγαγὼν
1995 1557 2088 1606 τὸν
2118 1555 2211 1608 τοῦ
2245 1558 2448 1626 Καμεί.

362 1651 501 1704 XIII.
543 1648 658 1702 I-loc
683 1657 926 1715 tempore
956 1643 1367 1698 Adiabenorum
1403 1644 1590 1712 regina
1639 1643 1865 1707 Helena,

2047 1645 2146 1700 Il".
2195 1645 2284 1699 ’Ev
2311 1647 2492 1720 τούτῳ
2517 1648 2593 1720 τῷ
2618 1649 2844 1722 χρόνῳή
2870 1652 2980 1706 τῶν
3032 1653 3368 1724 Ἀδιαϐηνῶν
3400 1654 3574 1726 βασι-

287 1756 344 1799 et
378 1743 524 1796 Illius
552 1742 673 1810 ejus
697 1739 892 1800 Izates,
926 1736 1247 1806 religionem
1281 1735 1567 1789 Judaicam
1600 1743 1730 1788 sunt
1759 1749 1867 1788 am-

1973 1735 2060 1798 λὶς
2104 1733 2328 1807 Ἑλένη,
2359 1740 2650 1804 καὶδπαῖς
2699 1742 2868 1811 αὐτῆς
2923 1742 3158 1814 Ἰζάτης,
3203 1745 3284 1808 είς
3324 1753 3392 1800 τά
3433 1745 3574 1800 Ἰουο

286 1835 456 1909 plexi.
494 1831 826 1890 ﬂuitabazus
848 1830 997 1890 enim
1031 1828 1441 1882 Adiabenorum
1491 1842 1608 1888 rex,
1656 1841 1864 1897 cogno-

1973 1826 2137 1880 δαίων
2174 1825 2274 1898 τὴν
2305 1827 2587 1898 διαγωγὴν
2635 1833 2939 1900 μετέϐαλον
2971 1834 3203 1903 νόμιμα.
3249 1836 3576 1901 Μονόϐαζος

287 1936 475 1983 mento
528 1926 752 1980 Bazzeus
779 1963 793 1986 ,
846 1917 1108 1976 llelcnam
1153 1937 1402 1976 sororem
1442 1935 1630 1974 amore
1673 1931 1868 1989 captus

288 2034 515 2075 uxorem
573 2017 769 2072 ducit:
817 2031 882 2070 ac
940 2014 1238 2084 aliquando
1287 2030 1411 2069 cum
1443 2029 1506 2069 ea
1555 2025 1868 2085 praegnante

288 2113 520 2172 cubans,
551 2124 775 2164 manum
827 2108 947 2178 ejus
979 2107 1158 2162 ventri
1197 2107 1460 2175 imposuit
1488 2146 1502 2168 .
1549 2121 1613 2160 ac
1657 2107 1870 2175 sopitus

288 2204 483 2259 audire
534 2217 726 2255 vocem
764 2201 916 2254 visus
965 2207 1074 2264 est,
1134 2215 1258 2269 quae
1309 2215 1531 2252 manum
1592 2213 1624 2252 a
1677 2208 1869 2252 ventre

291 2299 484 2352 tollere
507 2294 752 2364 juberet,
786 2308 854 2347 ne
887 2290 1153 2345 infantem
1187 2290 1282 2360 qui
1318 2306 1384 2344 eo
1416 2299 1748 2360 gestaretur,
1780 2289 1871 2342 la:-

289 2387 478 2448 deret,
519 2383 612 2437 Dei
648 2381 994 2451 providentia
1039 2388 1095 2436 et
1131 2391 1514 2450 regnaturum,
1555 2388 1611 2433 et
1654 2378 1868 2432 felicem

289 2476 456 2531 ﬁnem
488 2483 939 2529 censecuturum.
969 2470 1042 2524 Ea
1069 2486 1200 2525 voce
1238 2470 1514 2534 turbatus,
1547 2471 1701 2523 uxori
1737 2469 1869 2539 quid

289 2566 554 2628 audisset,
578 2572 762 2618 narrat
791 2582 802 2616 :
828 2572 886 2616 et
909 2570 1096 2616 natum
1115 2560 1287 2614 filium
1311 2559 1491 2615 Izaten
1503 2569 1683 2624 vocat,
1704 2575 1869 2629 quem

288 2673 401 2728 prie
430 2658 552 2710 aliis
569 2654 826 2709 omnibus
847 2664 960 2706 tum
978 2668 1045 2707 ex
1063 2651 1289 2718 Helena,
1315 2661 1428 2706 tum
1450 2667 1517 2706 ex
1535 2651 1657 2706 aliis
1673 2651 1872 2705 mulie-

290 2749 446 2804 ribus
468 2758 594 2801 ante
645 2761 771 2800 eum
801 2743 1074 2812 susceptis
1102 2743 1311 2806 liberis,
1345 2753 1600 2812 tanquam
1643 2743 1867 2796 unicum

289 2840 502 2895 dilexit.
523 2838 599 2890 Ac
626 2835 856 2889 fratrum
877 2835 996 2906 ejus
1026 2834 1289 2888 invidiam
1307 2835 1536 2897 veritus,
1555 2832 1870 2887 adolescen-

293 2941 399 2986 tem
421 2931 486 2982 ad
506 2923 908 2995 Abennerigum
929 2923 1146 2993 Spasini
1167 2921 1292 2976 valli
1313 2935 1492 2990 regem
1513 2921 1664 2974 misit
1682 2937 1696 2976 :
1716 2934 1865 2989 aquo

287 3026 541 3076 amanter
587 3026 882 3084 susceptus
908 3055 922 3079 ,
955 3025 1012 3069 et
1037 3028 1205 3083 gener
1226 3012 1432 3066 ascitus
1461 3019 1567 3074 est,
1598 3019 1868 3081 assignata

287 3113 524 3168 ditione.
574 3111 908 3164 Monobazus
943 3115 1128 3161 autem
1165 3120 1292 3160 cum
1331 3104 1607 3159 senuisset
1634 3144 1648 3169 ,
1687 3104 1866 3157 lzaten

1969 1920 2078 1991 γάρ
2133 1919 2164 1974 ὁ
2216 1922 2326 1974 τῶν
2377 1923 2714 1994 Ἀδιαϐηνῶν
2767 1924 3048 1994 βασιλεὺς,
3091 1920 3136 1995 ᾧ
3179 1928 3276 1980 καὶ
3332 1929 3575 1995 Βαζαῖος

1970 2011 2262 2084 ἐπίκλησις
2304 2009 2394 2084 ἦν,
2439 2018 2537 2086 τῆς
2584 2015 2822 2085 ἀδελφῆς
2885 2017 3110 2088 Ἑλένης
3165 2021 3332 2083 ἁλοὺς
3377 2022 3570 2092 ἔρωτι,

1970 2102 2166 2170 ἄγεται
2213 2105 2444 2174 ταύτην.
2491 2105 2601 2158 Καί
2633 2123 2762 2159 ποτε
2811 2111 3201 2176 συγκαθεύδων
3243 2112 3381 2181 αὐτῇ
3427 2112 3574 2184 οὔσῃ

1971 2195 2259 2264 ἐγκύμονι.
2307 2199 2373 2266 τῇ
2405 2197 2628 2269 ἐκείνης
2657 2202 2860 2270 γαστρὶ
2891 2201 2991 2272 τὴν
3029 2206 3189 2273 χεῖρα
3242 2204 3569 2276 ὑπερέθετο.

1972 2285 2082 2339 Καὶ
2114 2287 2373 2350 ὑπνώσας
2400 2288 2579 2355 ἔδοξεν
2603 2291 2823 2346 ἀκούειν
2854 2295 3060 2363 φωνῆς,
3083 2290 3214 2361 ἆραι
3235 2297 3572 2365 κελευούσης

1972 2379 2038 2431 ἐκ
2062 2378 2161 2448 τῆς
2199 2379 2394 2450 νηδύος
2416 2382 2516 2452 τὴν
2559 2385 2740 2455 χεῖρα,
2776 2385 2873 2438 καὶ
2915 2388 2988 2456 μὴ
3009 2385 3212 2440 θλίϐειν
3256 2388 3317 2441 τὸ
3343 2388 3401 2440 ἐν
3425 2390 3571 2460 αὐτῇ

1973 2469 2196 2541 βρέφος,
2217 2473 2352 2526 Θεοῦ
2373 2476 2600 2548 προνοίᾳ
2628 2478 2723 2531 καὶ
2753 2478 2942 2549 ἄρξον,
2974 2480 3070 2534 καὶ
3091 2481 3284 2546 τέλους
3307 2482 3576 2554 τευξόμε-

1971 2578 2061 2615 νον
2087 2563 2369 2635 εὐτυχοῦς.
2397 2567 2710 2638 Ταραχθεὶς
2733 2567 2826 2623 οὖν
2862 2571 2967 2624 ὑπὸ
2999 2573 3098 2643 τῆς
3124 2577 3330 2646 φωνῆς,
3355 2575 3567 2646 ἔφραζε

1971 2651 2148 2708 ταῦτα
2172 2658 2239 2725 τῇ
2272 2657 2509 2723 γυναικί·
2531 2661 2623 2712 καὶ
2650 2660 2740 2713 τὸν
2760 2661 2875 2715 υἱὸν
2907 2662 3167 2734 τεχθέντα
3191 2663 3409 2736 Ἰζάτην
3428 2666 3570 2720 divi.

1977 2759 2173 2810 μασεν.
2218 2743 2331 2798 Ἦν
2374 2744 2417 2800 δ’
2455 2750 2644 2819 ἕτερος
2687 2753 2880 2806 τούτου
2930 2757 3308 2828 πρεσϐύτερος
3352 2760 3417 2812 ἐκ
3463 2759 3567 2828 τῆς

1985 2830 2206 2905 Ἑλένης
2241 2839 2392 2909 αὐτῷ
2432 2843 2736 2911 γεννηθές,
2766 2844 2916 2898 ἄλλοι
2962 2863 3018 2898 τε
3055 2851 3243 2910 παῖῗες
3279 2853 3344 2902 ἐκ
3373 2867 3568 2917 γύναια

1975 2927 2086 2978 κῶν
2127 2929 2352 2999 ἐτέρων,
2385 2932 2613 3004 ἔστεργε
2658 2937 2715 2990 δὲ
2755 2939 2846 2992 τὸν
2893 2939 3110 3010 Ἰζάτην
3162 2943 3352 3012 ὥσπερ
3403 2961 3569 3011 μονο-

1971 3021 2129 3087 γενῆ.
2173 3020 2469 3091 Ἐφθόνουν
2534 3027 2710 3080 τοίνυν
2764 3031 2812 3083 οἱ
2869 3031 3114 3102 ἀδελφοί.
3159 3034 3218 3087 '0
3262 3034 3316 3086 δὲ
3355 3035 3564 3106 πατὴρ,

1971 3109 2226 3177 δεδοικὼς
2275 3117 2404 3185 περὶ
2445 3119 2644 3190 τούτῳ,
2676 3124 2956 3193 ἐκπέμπει
3001 3126 3140 3197 πρὸς
3174 3126 3567 3199 Ἀϐεννήριγον

288 3215 416 3260 ante
449 3204 659 3258 obitum
691 3216 855 3253 suum
880 3198 1068 3253 videre
1097 3197 1434 3252 desideravit
1461 3212 1476 3249 :
1515 3196 1678 3265 eique
1704 3194 1866 3248 ditio-

1973 3202 2062 3255 τὸν
2096 3205 2367 3260 Σπασίνου
2409 3210 2650 3280 χάρακος
2682 3213 2928 3283 βασιλέα.
2958 3194 3064 3270 Kal
3093 3217 3152 3282 ὃς
3185 3194 3440 3289 ἀσμένως
3467 3194 3566 3274 τὸν

288 3313 416 3352 nem
467 3295 742 3356 attribuit,
791 3294 844 3346 in
892 3306 999 3360 qua
1039 3291 1084 3344 is
1123 3304 1297 3358 usque
1347 3288 1414 3342 ad
1449 3289 1619 3357 patris
1654 3287 1866 3341 obitum

287 3387 458 3441 vitam
499 3383 628 3453 egit.
660 3382 778 3446 Quo
809 3380 1092 3444 defuncto,
1137 3379 1338 3432 llelcna
1372 3378 1558 3448 regina
1589 3378 1870 3446 magnati-

289 3480 395 3533 bus
442 3486 498 3531 et
530 3476 764 3544 satrapis
792 3472 1122 3533 accersitis;
1174 3471 1291 3525 Non
1340 3488 1424 3524 voa
1467 3470 1630 3532 latet,
1669 3469 1868 3538 inquit,

289 3573 542 3627 maritum
571 3585 761 3631 meum,
811 3565 994 3620 Izaten
1018 3567 1163 3635 regni
1185 3580 1529 3617 successorem
1549 3563 1868 3632 designasse.

289 3665 392 3722 Sed
427 3681 544 3718 cum
577 3662 786 3716 beatum
819 3675 928 3714 esse
953 3660 1144 3720 sciam,
1178 3674 1280 3710 non
1306 3657 1396 3726 qui
1428 3657 1488 3709 ab
1516 3672 1640 3720 una,
1663 3657 1754 3708 sed
1780 3656 1870 3724 qui

289 3779 322 3815 τι
359 3756 596 3831 pluribus
628 3755 796 3822 iisque
827 3750 1116 3806 valentibus
1145 3765 1362 3818 regnum
1389 3749 1681 3818 acceperit:
1706 3761 1868 3815 nego-

289 3855 423 3906 tium
464 3853 556 3904 hoc
604 3856 775 3900 vestro
822 3858 1027 3915 quoque
1059 3844 1265 3914 judicio
1305 3841 1572 3910 permitto.
1629 3839 1710 3892 lIli
1746 3847 1864 3892 sta-

289 3946 390 3997 tim
479 3939 625 4010 regis
675 3937 948 4009 judicium
1004 3931 1446 4003 amplectendam
1494 3945 1636 3995 esse,
1697 3943 1868 3997 seque

289 4036 435 4090 ultro
503 4032 677 4093 Izati,
749 4037 900 4083 recte
964 4035 1021 4082 et
1069 4027 1214 4081 votis
1266 4025 1515 4080 omnium
1601 4021 1870 4077 fratribus

287 4127 555 4199 pra-lato,
612 4138 808 4194 parere
866 4121 1044 4183 velle,
1092 4128 1149 4174 et
1211 4119 1412 4172 fratres
1479 4131 1545 4170 ac
1607 4125 1870 4186 cognatos

285 4225 455 4286 ejus,
524 4231 584 4271 ut
661 4233 858 4271 secure
921 4215 1266 4282 imperaret,
1343 4213 1397 4265 in
1453 4212 1648 4280 primis
1721 4207 1867 4263 occi-

287 4312 498 4366 dendos
526 4308 688 4379 2,83
715 4322 857 4372 esse,
889 4305 1168 4359 dixerunt.
1214 4303 1420 4357 Helena
1456 4318 1588 4357 vero
1638 4311 1871 4357 senten-

289 4407 419 4458 tiam
459 4404 527 4456 de
571 4405 720 4456 caede
766 4408 1126 4471 cognatorum
1171 4395 1536 4450 differendam
1584 4410 1707 4450 esse
1739 4411 1871 4450 cen-

284 4498 417 4559 suit,
449 4496 623 4549 donee
649 4495 737 4549 ille
769 4494 1030 4556 venisset,
1064 4507 1126 4546 ac
1156 4490 1405 4546 eamdem
1431 4489 1862 4559 comprobasset.
1896 4529 1946 4586 ι)

261 4593 550 4646 -ιΡτυςει-ρε
583 4606 714 4644 vero
765 4591 889 4643 illos
940 4589 1149 4642 interea
1200 4587 1253 4640 in
1307 4585 1543 4640 vinculis
1583 4585 1866 4639 habendos

283 4695 406 4737 esse
438 4689 788 4741 monuerunt,
821 4679 998 4732 donec
1048 4677 1138 4730 ille
1179 4676 1436 4730 venisset.
1491 4673 1694 4743 Regina
1733 4689 1866 4728 vero

286 4774 455 4828 lilium
490 4780 618 4825 natu
650 4770 949 4824 maximum
978 4783 1207 4821 summa
1249 4782 1430 4820 rerum
1465 4766 1727 4834 pmiceit,
1777 4780 1869 4833 pa-

288 4864 427 4920 terni
459 4862 622 4933 sigilli
669 4862 877 4915 annulo
919 4860 1070 4925 dato,
1113 4860 1206 4926 qui
1246 4857 1376 4912 lzati
1427 4871 1650 4912 reverso
1699 4872 1865 4926 regno

284 4957 469 5012 cessit.
502 4955 608 5009 Sed
635 4953 858 5008 Judmus
899 4951 1122 5021 quidam
1165 4950 1388 5004 nomine
1436 4949 1697 5013 Ananias,
1734 4948 1864 5002 lzati

285 5065 511 5122 peregre
543 5049 722 5118 agenti
758 5046 1044 5100 familiaris
1072 5047 1268 5110 factus,
1305 5044 1614 5098 doctrinam
1643 5042 1712 5098 de
1755 5043 1864 5096 Deo

285 5153 339 5198 et
368 5143 679 5199 Iudaeorum
711 5140 923 5208 legibus
959 5137 1205 5196 tradidit.
1242 5137 1457 5192 Accidit
1486 5152 1674 5206 porro,
1719 5143 1779 5190 ut
1810 5144 1868 5190 et

286 5233 488 5286 Helena
518 5233 588 5286 ab
622 5232 730 5285 alio
771 5230 961 5284 .Iudzeo
1004 5228 1278 5292 instituta,
1307 5227 1565 5282 Judaicas
1601 5241 1865 5282 caeremo-

285 5327 407 5378 nias
435 5325 880 5392 amplecteretur.
912 5322 1084 5376 Izates
1117 5336 1240 5374 eum
1276 5319 1536 5382 venisset,
1568 5335 1631 5374 ac
1659 5335 1862 5389 cogna-

289 5425 371 5470 tos
401 5415 453 5469 in
495 5415 727 5469 vinculis
763 5414 1078 5482 reperisset,
1121 5413 1173 5466 id
1207 5427 1351 5482 πετο
1387 5412 1509 5465 tulit
1545 5430 1558 5465 :
1602 5428 1666 5466 ac
1711 5414 1863 5466 solu-

289 5520 391 5571 tos,
429 5525 495 5562 ne
526 5507 764 5576 suspecti
794 5514 1002 5568 essent,
1033 5505 1228 5575 partim
1257 5504 1478 5559 obsides
1504 5505 1732 5558 Romam
1763 5507 1862 5559 mi-

1973 3293 2184 3364 Ὶζάτην
2208 3299 2450 3365 ἐδέξατο,
2472 3304 2566 3355 καί⁵
2589 3306 2859 3378 κηδεστὴν
2879 3309 2971 3361 ἐπί
2991 3310 3221 3381 θυγατρὶ
3242 3314 3562 3384 ἐποιήσατο,

1970 3389 2064 3441 καὶ
2102 3390 2284 3461 χώραν
2315 3394 2462 3466 αὐτῷ
2503 3403 2768 3468 παρέσχε.
2807 3401 3140 3472 Γεγηρσκὼς
3166 3405 3225 3456 δὲ
3256 3407 3282 3457 ὁ
3315 3407 3566 3459 Μονόϐα-

1971 3479 2082 3544 ζος,
2119 3483 2248 3536 ίδεῖν
2281 3485 2546 3557 ἐπεθύμει
2563 3490 2876 3562 τὺνῚζάτην
2901 3495 3007 3564 πρὸ
3035 3495 3131 3548 τοῦ
3152 3495 3355 3551 θανεῖν.
3374 3500 3567 3550 Μετα-

1971 3589 2037 3624 πε
2046 3575 2159 3643 μψά
2167 3593 2326 3645 μενος
2345 3577 2437 3630 οὖν
2453 3582 2569 3632 αὐτ¹
2587 3601 2636 3643 ν.
2659 3601 2691 3651 φ
2702 3583 2815 3650 ιλοφ
2827 3587 2998 3655 ρόνως
3012 3589 3334 3653 ἀσπάζεται,
3348 3592 3441 3643 καὶ
3457 3592 3562 3661 χώ-

1975 3681 2072 3765 ραν
2091 3665 2240 3765 αὑτῴ
2253 3669 2666 3765 ἀπεκλήρωσεν,
2682 3676 2738 3727 ἐν
2825 3679 2917 3730 καὶ
2933 3679 3176 3752 διέτριψε
3195 3681 3356 3752 μέχρι
3375 3684 3562 3738 τελευ-

1969 3757 2069 3822 τῆς
2091 3757 2183 3810 τοῦ
2205 3762 2432 3830 πατρός.
2463 3762 2810 3829 Ἑκλιπόντος
2835 3767 2892 3819 δὲ
2915 3769 3257 3835 Μονοϐάζου,
3279 3777 3311 3842 η
3346 3772 3562 3842 βασιλὶς·

1981 3845 2170 3918 Ἑλένη
2203 3855 2594 3922 μετεπέμψατο
2633 3859 2760 3920 τοὺς
2796 3863 3130 3928 μεγιστᾶνας
3163 3865 3258 3918 καὶ
3287 3867 3414 3930 τοὺς
3453 3869 3562 3921 Σα-

1969 3942 2185 4011 τράπας
2209 3960 2223 3974 ο
2248 3939 2329 4009 οἷς
2355 3948 2728 4019 ἀφικομένοις,
2748 3956 2832 4008 Οὺ
2865 3954 3145 4024 λέληθεν,
3173 3955 3350 4025 εἶπεν,
3399 3961 3560 4030 ὕμᾱς

1972 4034 2060 4086 ὅτι
2087 4037 2119 4088 ό
2151 4036 2308 4104 ἀνὴρ
2338 4040 2479 4107 ἐμὸς
2499 4045 2606 4095 τὸν
2634 4043 2860 4114 Ἰζάτην
2890 4047 3068 4116 ἤθελε
3092 4049 3204 4118 τῆς
3229 4055 3558 4122 βασιλείας

1971 4127 2246 4196 γενέσθαι
2264 4128 2564 4200 διάδοχον.
2587 4138 2627 4188 Ε
2645 4136 2794 4190 ’δυῖα
2807 4138 2875 4190 δὲ
2884 4141 3187 4210 μακάριον
3203 4147 3402 4216 τὸνμὴ
3415 4148 3559 4218 παρ’

1971 4218 2129 4284 ἐνὸς,
2164 4221 2327 4274 ἀλλὰ
2370 4221 2490 4282 τῷν
2543 4229 2861 4295 πτειόνων,
2896 4234 2993 4284 καί
3029 4238 3256 4290 τούτων
3290 4238 3558 4294 ἑκόντων

1972 4312 2084 4379 τὴν
2096 4314 2429 4378 ,ϐασιλείαν
2453 4319 2859 4385 λαμϐάνοντα,
2885 4324 2983 4377 καὶ
3007 4327 3126 4379 ὑπὸ
3155 4328 3271 4396 τὴν
3294 4330 3459 4399 ὑμῶν
3485 4335 3552 4387 τὸ

1973 4405 2213 4476 πρᾶγμα
2253 4410 2460 4477 κρίσιν
2495 4415 2842 4483 πεποίημαι.
2895 4419 2959 4470 Οί
2996 4418 3040 4470 δ’
3084 4421 3282 4476 αὐτίκα
3322 4430 3416 4477 καὶ
3450 4427 3552 4498 τὴν

1973 4499 2067 4550 τοῦ
2100 4499 2367 4568 βασιλέως
2403 4503 2588 4570 κρίσιν
2619 4504 2894 4558 ἀσπασίαν
2917 4508 3173 4574 ἡγεῖσθαι
3199 4511 3310 4579 (Η)
3339 4505 3548 4581 ἔλεγον,

1976 4596 2070 4643 καὶ
2108 4591 2351 4657 ὑπείξειν
2377 4594 2597 4656 ἑκόντες
2636 4594 2835 4668 Ἰζάτῃ,
2859 4597 3086 4663 δικαίως
3123 4607 3551 4676 προκεκριμένῳ

1972 4682 2081 4734 τῶν
2107 4683 2373 4749 ἀδελφῶν,
2403 4687 2499 4736 καὶ
2533 4687 2671 4739 κατά
2700 4690 2796 4751 τὰς
2823 4691 3077 4747 ἁπάντων
3108 4697 3244 4765 εὐχά
3279 4735 3294 4760 ,
3319 4700 3414 4752 καὶ
3439 4700 3553 4754 δέν

1975 4777 2412 4843 προαποκτεῖναι
2473 4779 2598 4839 τοὺς
2661 4780 2924 4850 ἀδελφοὺς
2985 4787 3190 4853 αὑτοῦ,
3259 4791 3354 4843 καὶ
3421 4793 3552 4858 τοὺς

1975 4870 2282 4933 συγγενεῖς,
2318 4866 2384 4918 ἵν’
2412 4869 2670 4938 ἀσφαλῶς
2701 4873 2906 4937 ἐκεῖνος
2931 4877 3106 4946 ἄρχοι.
3149 4879 3212 4932 Ἠ
3243 4881 3298 4933 δὲ
3335 4883 3553 4952 βασιλὶς

1974 4961 2074 5025 τὴν
2136 4963 2265 5024 περὶ
2318 4957 2416 5025 τῆς
2472 4961 2810 5030 ἀναιρέσεως
2863 4967 2972 5020 τῶν
3024 4973 3416 5040 προσηκόντων
3469 4977 3551 5044 τῷ

1973 5048 2160 5118 Ἰζάτῃ
2208 5048 2435 5119 γνώμην
2486 5053 2734 5121 ἐπισχεῖν
2796 5059 3192 5128 συνεϐούλευε,
3236 5067 3428 5134 μέχρις
3483 5067 3551 5121 ἂν

1974 5141 2178 5202 ἐκεῖνος
2221 5143 2596 5213 συνδοκιμάσῃ
2636 5149 3100 5217 παραγενόμενος.
3130 5152 3195 5206 Ol
3227 5155 3284 5207 δὲ
3326 5157 3551 5228 δεσμεῖν

1973 5232 2111 5293 τέως
2158 5231 2357 5293 αὐτοὺς
2411 5231 2690 5303 παρῄνουν
2750 5238 2913 5305 μέχρι
2958 5239 3055 5308 τῆς
3099 5243 3310 5296 ἐκείνου
3354 5246 3552 5318 ἐπιδη-

1965 5325 2114 5394 μίας.
2151 5324 2458 5394 Καοίστησι
2497 5326 2552 5378 δὲ
2583 5328 2674 5380 τὸν
2721 5332 3101 5399 πρεσϐύτατον
3148 5337 3267 5390 υἱὸν
3301 5339 3334 5409 ἡ
3388 5338 3552 5409 βασί-

1963 5418 2122 5470 λισσα
2175 5417 2269 5468 ἐπὶ
2340 5419 2449 5470 τῶν
2504 5421 2869 5490 πραγμάτιον,
2918 5424 3023 5488 ἕως
3078 5429 3146 5480 ἂν
3195 5429 3465 5507 ἐπανέλθῃ
3517 5436 3551 5487 ὁ

1965 5509 2218 5577 ἁδελφὸς,
2252 5509 2436 5562 δίδωσι
2484 5509 2542 5563 δὲ
2580 5513 2679 5565 καὶ
2715 5513 2807 5567 τὸν
2839 5515 2933 5570 τοῦ
2969 5521 3170 5590 πατρὸς
3221 5528 3551 5598 σημαντῆρα

1480 5639 1672 5701 Variae
1709 5641 2011 5710 lectiones
2053 5653 2114 5708 et
2158 5655 2340 5711 notua.

363 5766 474 5834 (Ἠ)
524 5763 860 5820 Ἀσπασίαν
903 5763 1198 5834 ἡγεῖσθαι.
1258 5765 1414 5822 Colb.
1473 5765 1728 5836 βϐιινιῦν
1783 5785 1869 5838 prc

1973 5774 2010 5827 is
2037 5771 2218 5828 verbis
2249 5769 2435 5826 habet.
