4042 6200
387 159 490 220 503

1641 168 1966 230 JOANNIS
2005 167 2329 230 ZONARE

3539 169 3652 233 591

379 271 594 339 ctisqne
626 269 792 324 armis
831 271 1178 341 quiescerent
1214 291 1227 328 :
1265 276 1466 345 quibus
1494 276 1778 347 dispersis.
1809 279 1950 348 regio

2067 281 2162 334 καὶ
2188 280 2288 346 τὰς
2323 283 2566 352 κεφαλὰς
2595 281 2774 353 σποδῷ
2805 283 3250 348 καταπάσαντις,
3295 288 3652 358 παρεκάλουν

379 359 692 416 latrociniis
735 360 991 416 infestata
1021 373 1124 418 est.
1175 364 1504 420 Samaritaui
1549 381 1713 434 porro
1739 367 1957 423 Judmos

378 450 523 520 apud
549 451 886 519 Quadratum
918 454 1088 525 Syriae
1122 465 1412 524 praetorem
1439 457 1506 512 de
1534 458 1776 514 incensis
1807 461 1958 531 pagis

377 551 751 596 act-usarunt:
790 557 928 612 quos
963 543 1135 598 Judaei
1173 554 1387 610 contra,
1428 556 1486 601 ut
1527 548 1814 604 seditionis
1852 568 1956 604 au-

378 642 566 687 ctores
598 633 871 688 criminati
906 645 1056 692 sunt.
1085 651 1150 690 ac
1179 636 1485 692 Cumanum
1517 639 1572 693 in
1603 641 1816 710 primis,
1859 643 1954 712 qui

289 729 293 738 '
378 723 764 794 largitionibus
809 724 1092 791 delinitus,
1144 743 1334 782 necent
1385 729 1799 787 interfectorum
1846 750 1953 789 non

375 813 737 870 vindicasset.
771 815 1083 882 Qualratus
1113 821 1278 890 287
1321 821 1530 892 judicio
1560 824 1750 890 dilato,
1795 841 1853 881 se
1899 827 1953 881 in

372 904 620 959 Judmam
649 917 969 972 venturum,
999 919 1055 963 et
1102 912 1321 980 cognita
1365 914 1597 970 veritate
1637 919 1957 987 pronuntia-

379 1009 562 1052 turum
605 1013 725 1054 esse
768 999 928 1055 dixit.
973 1001 1276 1057 Samariam
1330 1006 1636 1074 profectus,
1671 1009 1834 1065 rebus
1865 1010 1952 1064 in-

375 1090 618 1159 quisitis,
691 1090 1064 1148 Samaritanos
1143 1096 1424 1150 turbarum
1499 1107 1754 1165 auctores
1831 1117 1953 1158 esse

376 1184 647 1253 comperit
679 1203 692 1237 :
727 1185 965 1246 Iudaeos.
1019 1203 1160 1257 quos
1199 1188 1474 1246 Cumanus
1517 1192 1572 1248 in
1605 1194 1839 1252 vinculis
1875 1207 1954 1252 te-

379 1276 562 1343 nebat,
603 1287 663 1332 ut
692 1294 864 1335 novas
894 1296 984 1336 res
1023 1282 1266 1346 molitos.
1302 1284 1356 1338 in
1390 1301 1583 1343 cruces
1617 1290 1729 1360 egit
1757 1309 1771 1346 :
1815 1291 1954 1346 Ana-

379 1372 527 1424 niam
577 1370 935 1440 pontificem,
983 1383 1039 1428 et
1091 1375 1342 1431 Ananum
1407 1379 1600 1434 ducem
1653 1384 1950 1452 exercitus,

380 1455 598 1509 vinctos
624 1457 855 1513 Romam
901 1460 1069 1522 misit,
1110 1463 1176 1516 ad
1223 1473 1472 1520 actorum
1510 1483 1736 1526 suorum
1781 1475 1950 1528 ratio-

377 1561 502 1600 nem
533 1547 763 1604 Claudio
815 1551 1173 1610 reddendam.
1227 1556 1695 1617 Samaritanorum
1730 1580 1950 1637 quoque

375 1646 433 1690 ct
477 1638 792 1695 Julaeorum
843 1644 1143 1715 principes,
1195 1647 1501 1706 Cumanum
1552 1657 1840 1724 praesidem
1899 1671 1954 1717 et
1986 1638 2027 1692 Β

375 1730 621 1787 Celerem
667 1735 951 1791 tribunum
997 1739 1064 1794 ad
1112 1740 1502 1812 imperatorem
1543 1749 1622 1804 ire
1667 1752 1851 1822 jussit,
1900 1763 1958 1810 ut

377 1823 452 1878 ibi
486 1829 893 1884 controversias
939 1847 1069 1887 suas
1117 1834 1509 1906 disceptarent.
1537 1841 1800 1900 Claudius
1830 1862 1953 1901 cum

377 1931 474 1981 pro
512 1918 772 1974 tribunali
799 1921 1020 1990 sedens,
1063 1923 1440 1986 Samaritanos
1487 1934 1757 1990 malorum
1789 1940 1958 1994 exsti-

379 2009 508 2066 tisse
538 2020 791 2067 auctores
819 2016 1188 2086 cognovisset,
1208 2036 1304 2076 eos
1325 2023 1421 2092 qui
1441 2035 1726 2091 venerant,
1751 2030 1957 2098 occidi,

374 2099 678 2156 Cumanum
707 2107 982 2175 exsulare,
1007 2109 1252 2167 Celerem
1279 2113 1557 2172 tribunum
1579 2117 1953 2192 Hierosolyma

374 2190 587 2254 reduci,
629 2201 685 2250 et
731 2195 786 2250 in
831 2211 1129 2266 conspectu
1162 2205 1409 2260 omnium
1450 2223 1548 2278 per
1596 2211 1788 2267 urbem
1835 2190 1954 2268 tra-

375 2293 521 2337 etum
560 2286 632 2340 ita
659 2286 882 2343 demum
911 2293 1088 2347 occidi
1133 2296 1337 2366 jussit:
1392 2307 1448 2354 et
1475 2300 1642 2358 Felici
1691 2319 1955 2373 procura-

377 2377 580 2430 tionem
604 2377 806 2434 Judaaae
845 2382 1145 2439 mandavit.
1177 2388 1451 2458 Agrippae,
1486 2391 1746 2448 Chalcide
1784 2413 1953 2467 quam

373 2482 549 2523 annos
588 2485 643 2524 tv
692 2479 964 2538 tenuerat,
1014 2487 1225 2545 erepta.
1287 2480 1521 2552 Philippi
1571 2487 1948 2553 tetrarchiam,

373 2558 680 2614 Batauazam
717 2571 773 2616 et
799 2562 1244 2622 Trachonitidem
1283 2585 1407 2624 cum
1441 2572 1649 2640 Abella,
1677 2591 1798 2645 qua:
1843 2576 1951 2650 Ly-

375 2650 540 2705 εαῐιίιε
589 2652 884 2709 tetrarchia
945 2655 1156 2722 fuerat,
1212 2659 1454 2716 donavit.
1534 2663 1768 2736 Agrippa
1818 2685 1949 2726 vero

376 2742 668 2798 Drusillam
693 2761 937 2801 sororem
979 2749 1146 2804 Azizo
1190 2752 1511 2808 Emesarum
1547 2758 1680 2828 regi,
1707 2761 1950 2817 circum-

373 2832 635 2889 cisionem
671 2851 778 2890 non
812 2838 1110 2904 recusanti,
1159 2840 1211 2895 in
1246 2845 1658 2901 matrimonium
1694 2851 1944 2916 collocat,

2067 375 2194 437 τοὺς
2221 376 2544 444 ἀφεστῶτας
2591 379 2924 448 μεταθέσθαι
2955 383 3048 432 τὸν
3105 380 3392 451 λογισμὸν,
3451 388 3547 438 καὶ
3578 392 3650 444 τα

2064 466 2207 521 ὅπλα
2237 467 2500 538 ῥίψαντας
2531 472 2764 539 ἠρεμεῖν
2785 483 2799 500 ·
2862 471 2958 524 καὶ
3008 471 3256 525 ἔπεισαν.
3322 473 3388 524 Οί
3419 475 3520 543 μὲν
3552 475 3649 529 οὖν

2063 557 2410 628 διελύθησαν,
2438 561 2471 631 ἡ
2497 560 2651 632 χώρα
2673 562 2717 614 δ’
2749 561 2810 627 ἐξ
2840 561 3055 614 ἐκείνου
3083 561 3397 632 λῃστηρίων
3429 564 3650 631 πεπλήο

2065 668 2229 722 ρωτο.
2281 653 2562 724 Σαμαρεῖς
2618 651 2677 705 δὲ
2729 652 2867 724 πρὸς
2901 652 3254 720 Κουαδρᾶτον
3284 655 3386 724 τῆς
3439 655 3650 725 Συρίας

2062 742 2469 815 ἡγεμονεύοντα
2523 732 2868 814 κατηγόρουν
2902 743 3012 796 τῶν
3071 743 3367 808 Ἰουδαίων,
3432 745 3508 808 ὡς
3541 746 3648 814 ἐμ-

2063 835 2393 903 πρησάντων
2452 833 2648 905 κώμας
2700 835 2899 889 αὐτῶν.
2962 835 3215 890 Ἰουδαῖοι
3261 835 3318 890 δὲ
3353 837 3647 907 Σαμαρεῖς

2061 927 2314 998 ᾐτιῶντο,
2349 927 2424 992 ὡς
2471 928 2685 991 αἰτίους
2739 928 2837 998 τῆς
2870 927 3137 990 στάσεως,
3169 928 3268 980 καὶ
3322 928 3430 999 πρὸ
3455 929 3646 982 αὐτῶν

2064 1019 2374 1090 Κούμανον,
2413 1019 2606 1088 δώροις
2631 1019 3056 1090 διεφθαρμένον,
3087 1019 3185 1072 καὶ
3212 1020 3340 1083 τοὺς
3359 1020 3650 1092 ἀνῃρημέ-

2059 1129 2185 1173 νους
2225 1109 2300 1182 μὴ
2330 1111 2720 1180 ὲκδικήσαντα.
2755 1110 3106 1180 Κουαδρᾶτος
3133 1110 3191 1163 δὲ
3214 1111 3519 1182 ὑπερέθετο
3543 1113 3648 1182 τὴν

2060 1207 2262 1273 κρίσιν,
2291 1204 2483 1267 εἰπὼν,
2537 1204 2689 1274 ἥξειν
2740 1205 2820 1264 εἰς
2853 1203 2951 1273 τὴν
3007 1202 3298 1269 Ἰουδαίαν,
3351 1205 3515 1259 κάκεῖ
3543 1203 3646 1275 τὴν

2059 1296 2320 1367 ἀλήθειαν
2351 1296 2536 1364 γνοὺς,
2571 1292 2985 1364 ἀποφήνασθαι.
3019 1287 3195 1348 Ἦκεν
3223 1290 3316 1349 οὖν
3343 1296 3424 1358 είς
3452 1297 3648 1366 Σαμά-

2061 1405 2236 1460 ρειαν,
2291 1387 2386 1440 καὶ
2433 1386 2695 1453 ἐξετάσας
2721 1387 2791 1438 τὰ
2843 1388 3238 1456 πεπραγμένα,
3293 1388 3502 1450 αίτίους
3537 1389 3643 1457 τῆς

2059 1481 2304 1552 ταραχῆς
2337 1480 2536 1545 διέγνω
2569 1478 2696 1540 τοὺς
2727 1479 3003 1551 Σαμαρεῖς
3029 1493 3045 1511 ·
3111 1478 3400 1543 Ἰουδαίους
3453 1480 3514 1534 δὲ
3545 1479 3647 1542 οὓς

2059 1571 2376 1640 δεδεμένους
2401 1565 2547 1640 εἶχεν
2571 1571 2599 1622 ὁ
2625 1567 2940 1633 Κούμανος,
2963 1569 3382 1640 ἀνεσταύρωσεν
3399 1571 3475 1635 ὡς
3499 1589 3645 1624 νεω-

2059 1665 2402 1735 τερίσαντας.
2431 1663 2570 1725 Τοὺς
2595 1663 2652 1715 δὲ
2688 1662 2817 1732 περὶ
2849 1661 3106 1716 Ἀνανίαν
3131 1661 3224 1715 τὸν
3250 1664 3518 1734 ἀρχιερέα
3541 1665 3642 1720 καὶ

2059 1756 2149 1808 τὸν
2178 1753 2484 1826 στρατηγὸν
2512 1754 2745 1807 ’Ἀνανον
2773 1753 2968 1823 δήσας,
2996 1751 3077 1814 είς
3126 1753 3351 1824 Ῥώμην
3375 1756 3579 1808 ἀπέστε
3592 1773 3639 1808 ι.

2058 1847 2137 1913 λε,
2169 1847 2327 1914 λόγον
2361 1847 2491 1918 περὶ
2534 1846 2639 1900 τῶν
2672 1847 3079 1918 πεπραγμένων
3111 1849 3369 1918 Κλαυδίῳ
3407 1849 3643 1917 ὑφέξονο

2057 1955 2174 2001 τας.
2203 1935 2431 1991 Κελιύει
2489 1936 2546 1989 δὲ
2581 1935 2677 1989 καὶ
2724 1938 2841 2000 τοῖς
2873 1938 3182 2008 Σαμαρέων
3233 1938 3330 1991 καὶ
3360 1935 3644 1992 Ἰουδαίων

2059 2029 2320 2097 πρώτοις,
2342 2029 2438 2082 καὶ
2463 2028 2735 2097 Κουμάνῳ
2758 2027 2834 2098 τῷ
2863 2028 3116 2098 ἡγεμόνι,
3138 2030 3233 2082 καὶ
3259 2028 3336 2098 τῷ
3363 2030 3644 2101 χιλιάρχῳ

2057 2119 2282 2189 Κέλερι,
2319 2117 2613 2186 ἀφικέσθαι
2650 2117 2744 2170 καὶ⁵
2792 2117 2989 2180 αὐτοὺς
3030 2118 3164 2188 πρὸς
3225 2119 3318 2172 τὸν
3361 2121 3643 2190 αὐτοκρά-

2054 2229 2210 2280 τορα,
2240 2209 2678 2282 κριθησομένους
2707 2208 2838 2279 περὶ
2863 2209 2972 2262 τῶν
3000 2210 3139 2277 πρὸς
3173 2210 3440 2281 ἀλλήλους
3461 2211 3639 2283 ζητή-

2056 2320 2216 2355 σεων.
2239 2299 2620 2354 Ἀπελθόντων
2642 2299 2721 2365 δὲ,
2747 2299 3010 2370 δικαστὴς
3029 2301 3265 2366 καθίσας
3281 2302 3309 2354 ὁ
3337 2301 3638 2369 Κλαύδιος,

2053 2396 2148 2446 καὶ
2179 2394 2341 2462 γνοῦς
2369 2393 2494 2454 τοὺς
2524 2393 2804 2462 Σαμαρεῖς
2826 2391 2938 2446 τῶν
2961 2394 3147 2446 κακῶν
3181 2395 3481 2465 ἀρχηγοὺς,
3503 2396 3639 2460 τοὺς

2052 2488 2363 2550 ἀναϐάντας
2394 2487 2529 2556 πρὸς
2566 2487 2731 2540 αὑτὸν
2761 2486 3128 2559 ἀναιρεθῆναι
3158 2490 3485 2557 προσέταξε.
3522 2492 3640 2545 Φυ-

2051 2579 2154 2650 γὴν
2187 2579 2243 2632 δὲ
2267 2578 2361 2631 τοῦ
2387 2577 2681 2648 Κουμάνου
2709 2581 3154 2647 κατε-ξηφίσατο·
3187 2583 3280 2634 τὸν
3303 2583 3491 2651 μέντοι
3519 2584 3640 2637 Κέ-

2051 2673 2185 2743 λερα
2206 2671 2298 2724 τὸν
2327 2672 2610 2742 χιλίαρχον
2645 2673 2724 2734 είς
2765 2671 3118 2742 Ὶεροσὸλυμα
3151 2674 3470 2744 ἀπαχθῆναι
3498 2676 3636 2729 ἐκέ-

2050 2766 2229 2829 λευσε,
2255 2766 2347 2818 καὶ
2376 2766 2606 2835 συρέντα
2628 2765 2848 2818 πάντων
2867 2766 3118 2835 δρώντων
3141 2767 3234 2820 διὰ
3259 2767 3359 2837 τῆς
3389 2767 3636 2833 πόλεως,

2049 2857 2220 2922 οὕτως
2248 2856 2624 2926 ἀναιρεθῆναι.
2664 2856 2878 2925 Πέμπει
2904 2856 2961 2909 δὲ
2987 2859 3015 2910 ὁ
3036 2858 3256 2926 Καῖσαρ
3284 2858 3496 2928 Φήλικα
3521 2861 3638 2913 τῶν

373 2926 582 2994 nuptiis
608 2928 727 2998 ejus
775 2927 846 2983 ab
898 2928 1172 2987 Antiocho
1227 2932 1510 3004 Epiphane
1562 2939 1702 2995 ritus
1731 2940 1944 2998 Judaici

2053 2950 2326 3004 Ἰουδαίων
2374 2948 2845 3018 ἐπιτροπεύσοντα
2870 2964 2884 2978 ·
2944 2948 3230 3019 Ἀγρίππα
3261 2949 3317 3002 δὲ
3352 2926 3634 3020 δωρεῖται

372 3016 502 3071 odio
536 3018 861 3087 repudiatis.
892 3020 1249 3079 Mariammen
1290 3024 1564 3082 Archelao
1597 3028 1796 3086 Helciae
1834 3032 1947 3088 filio

373 3111 690 3180 despondit,
713 3127 742 3164 a
774 3123 929 3183 patre
969 3114 1207 3186 Agrippa
1237 3118 1370 3175 olim
1413 3125 1757 3191 promissam.
1799 3129 1948 3185 Felix

371 3200 571 3256 Iudaea:
593 3214 919 3272 procurator
941 3206 1189 3264 Drusilla:
1219 3213 1508 3268 excellenti
1538 3217 1948 3286 pulchritudine

373 3302 588 3362 captus,
637 3293 854 3350 mulieri
904 3299 1200 3366 persuadet
1243 3310 1302 3356 ut
1347 3305 1545 3360 marito
1591 3309 1789 3365 relicto
1838 3314 1946 3370 sibi

373 3385 582 3438 nubat:
613 3399 733 3454 quae
764 3384 935 3441 tilium
967 3403 1028 3442 ex
1064 3405 1130 3445 eo
1159 3403 1478 3464 susceptum
1516 3397 1809 3471 Agrippam
1843 3420 1946 3461 no-

375 3473 622 3528 minavit.
680 3475 876 3532 Fertur
917 3489 1123 3545 autem.
1176 3483 1283 3538 Titi
1333 3489 1672 3558 temporibus
1715 3508 1840 3548 cum
1881 3511 1949 3553 eo

369 3565 721 3622 adolescente
777 3567 834 3623 in
885 3569 1123 3628 Vesuvio
1169 3586 1353 3632 monte
1409 3578 1663 3648 ignifero,
1715 3598 1779 3638 ac
1833 3593 1949 3642 tum

375 3657 546 3727 magis
571 3656 930 3724 inﬂammato,
973 3663 1226 3732 periisse.
1265 3665 1529 3724 Berenice
1559 3672 1728 3728 altera
1760 3677 1950 3748 Agrip-

374 3768 455 3821 pa:
475 3769 654 3818 soror,
687 3754 901 3811 llerode
930 3765 1126 3826 patruo
1149 3767 1206 3813 et
1236 3761 1436 3816 marito
1481 3762 1763 3831 defuncto,
1794 3767 1949 3825 Pole-

373 3847 547 3912 moni,
574 3862 700 3902 cum
727 3850 1087 3906 circumcisus
1105 3861 1270 3917 esset,
1295 3857 1502 3924 nupsit,
1531 3857 1596 3912 ad
1625 3859 1947 3918 abolendam

370 3941 636 4008 incestus,
673 3959 799 3999 cum
833 3944 1004 4002 fratre
1050 3948 1384 4004 calumniam
1417 3970 1432 4010 :
1483 3953 1578 4008 sed
1623 3955 1947 4012 diuturnum

369 4034 683 4105 eoujugiu-m
719 4051 826 4091 non
859 4037 982 4102 fuit,
1015 4037 1312 4099 Polemone
1343 4057 1374 4096 a
1408 4043 1670 4102 Berenice
1701 4047 1946 4106 deserto.

369 4127 632 4182 Claudius
655 4126 837 4184 Caesar
867 4141 1120 4186 mortuus
1155 4142 1238 4186 est
1274 4149 1420 4189 anno
1460 4136 1676 4205 imperii
1731 4138 1947 4196 decimo

369 4217 555 4282 tertio,
583 4234 770 4274 mense
798 4229 1011 4286 octavo,
1046 4222 1134 4277 die
1153 4224 1436 4290 vicesimo,
1462 4241 1695 4293 veneno,
1721 4239 1782 4283 ut
1811 4230 1949 4285 ferc-

2049 3043 2150 3112 τὴν
2180 3040 2450 3094 Φιλίππου
2497 3039 2848 3111 τετραρχίαν,
2884 3041 2977 3092 καὶ
3029 3041 3363 3104 Βαταναίαν,
3403 3042 3496 3095 καὶ
3530 3043 3636 3113 τὴν

2050 3136 2388 3205 Τραχωνῖτιν
2418 3134 2516 3186 σὺν
2564 3131 2793 3202 Ἀϐέλλᾳ
2817 3151 2831 3164 ·
2897 3126 3059 3186 α’ὗται
3086 3133 3142 3186 δὲ
3177 3135 3446 3187 Λυσανίου
3486 3130 3635 3205 ἦσαν

2048 3223 2396 3296 τετραρχίαι.
2451 3224 2561 3288 Τὴν
2585 3223 2641 3275 δὲ
2671 3223 2917 3276 Χαλκίδα
2955 3225 3276 3294 ἀφαιρεῖται
3315 3224 3499 3286 αὑτὸν,
3532 3224 3638 3294 ἔτη

2048 3317 2295 3385 τέσσαρα
2321 3315 2528 3384 ταύτης
2559 3315 2822 3386 ἄρξαντα.
2861 3316 2919 3368 ὐ
2944 3315 2988 3368 δ’
3016 3316 3332 3388 Ἀγρίππας
3375 3316 3642 3370 ἐκδίδωσι

2053 3405 2188 3476 πρὸς
2217 3404 2395 3475 γάμον
2420 3403 2619 3474 Ἀζίζῳ
2667 3403 2747 3475 τῷ
2793 3403 3043 3474 Ἐμεσῶν
3083 3404 3312 3476 βασιλεῖ,
3356 3422 3640 3477 περιτμη-

2050 3500 2208 3569 θῆναι
2241 3497 2556 3568 θελήσαντι,
2582 3498 2916 3569 Δρουσίλλαν
2946 3500 3046 3569 τὴν
3070 3498 3332 3570 ἀδελφὴν,
3360 3499 3456 3552 τοῦ
3477 3499 3635 3552 Ἐπι·

2049 3589 2255 3660 φανούς
2289 3589 2574 3660 Ἀντιόχου
2629 3590 3127 3662 παραιτησαμένου
3184 3592 3277 3644 τὸν
3312 3591 3511 3661 γάμον,
3544 3591 3639 3644 ὅτι

2053 3682 2130 3754 μὴ
2152 3681 2443 3737 Ἰουδαῖσαι
2474 3680 2752 3736 ἐϐούλετο.
2787 3683 2898 3735 Καὶ
2947 3682 3186 3752 Μαριὰμ
3240 3681 3638 3752 κατηγγύησεν

2048 3774 2303 3847 ἀρχελάῳ
2337 3773 2415 3846 τῷ
2473 3773 2690 3827 Ἑλκίου
2727 3775 2905 3839 παιδὶ,
2954 3773 3048 3825 ὑπ’
3079 3772 3367 3844 Ἀγρίππα
3394 3771 3491 3824 τοῦ
3524 3789 3638 3825 πα-

2047 3865 2177 3935 τρὸς
2232 3863 2426 3934 πρώην
2475 3864 2916 3935 μνηστευθεῖσαν
2959 3864 3131 3935 αὐτῷ.
3186 3864 3352 3933 Φήλιξ
3417 3865 3474 3918 δὲ
3529 3867 3636 3933 τῆς

2049 3955 2311 4020 Ἰουδαίας
2372 3956 2776 4027 ἐπιτροπεύων,
2828 3957 2922 4010 καὶ
2976 3957 3076 4028 τὴν
3132 3957 3466 4027 Δρουσίλλαν
3500 3957 3634 4013 ἰδὼν

2048 4048 2278 4112 κάλλους
2299 4048 2567 4118 περιττῶς
2614 4048 2865 4119 ἔχουσαν,
2901 4049 3045 4102 te)...»
3075 4050 3154 4120 τῷ
3192 4051 3397 4121 ταύτης
3433 4051 3630 4121 ἔρωτι,

2047 4140 2336 4209 καὶέπείθει
2359 4138 2766 4192 καταλιποῦσαν
2782 4140 2875 4193 τὸν
2891 4140 3082 4211 ἄνδρα,
3107 4141 3259 4212 αὐτῷ
3277 4142 3630 4212 γαμηθῆναι.

2047 4231 2296 4286 Τεκοῦσα
2317 4231 2360 4285 δ’
2393 4231 2453 4295 ἐξ
2497 4231 2665 4286 αὐτοῦ
2710 4233 2898 4298 παῖδα,
2929 4235 3244 4305 Ἀγρίππαν
3289 4233 3454 4287 αὐτὸν
3485 4234 3629 4286 ὠνό-

368 4308 552 4376 batur,
583 4311 650 4365 ab
693 4327 863 4368 uxore
909 4313 1212 4383 Agrippina
1254 4315 1524 4381 sublatus,
1568 4335 1690 4388 quae
1733 4330 1940 4390 patrem

2053 4340 2213 4394 μασε.
2264 4322 2505 4389 Λέγεται
2542 4321 2598 4374 δὲ
2624 4325 2768 4374 κατά
2801 4323 2925 4384 τοὺς
2971 4323 3136 4377 Τίτου
3172 4325 3398 4394 χρόνους
3423 4326 3458 4395 ἡ
3482 4326 3630 4396 γυνὴ

365 4398 562 4454 habuit
615 4400 1021 4462 Germanicum.
1073 4405 1304 4460 Ctesaris
1353 4407 1627 4464 fratrem:
1681 4413 1938 4467 maritum

366 4487 665 4543 Domitium
713 4489 1112 4558 Enobarbum,
1161 4493 1339 4548 virum
1383 4497 1569 4552 Roma:
1622 4497 1937 4556 illustrem:

365 4594 478 4649 quo
507 4580 784 4646 defuncto,
811 4598 929 4636 eam
968 4585 1188 4640 viduam
1215 4587 1477 4644 Claudius
1509 4590 1684 4656 duxit,
1717 4609 1841 4647 cum
1879 4596 1942 4648 ti-

364 4671 500 4726 lium
535 4673 765 4729 haberet
804 4677 1098 4733 Domitium
1141 4683 1281 4749 patri
1328 4683 1729 4752 cognominem.
1777 4685 1944 4757 288

366 4763 500 4816 Nam
532 4764 872 4820 Messalinam
904 4784 1129 4824 uxorem
1165 4786 1229 4823 ex
1261 4772 1526 4843 zelotypia
1558 4774 1870 4840 sustulerat,
1911 4793 1942 4832 e

365 4873 473 4925 qua
498 4857 704 4912 liberos
736 4858 972 4914 habebat
1001 4861 1376 4917 Britannicum
1423 4876 1476 4920 et
1508 4865 1790 4921 Octavium
1821 4887 1834 4923 :
1885 4880 1942 4924 et

364 4949 531 5006 tiliam
566 4949 847 5005 Octaviam
896 4962 1026 5008 natu
1081 4956 1372 5010 maximam
1407 4965 1532 5013 ante
1575 4959 1677 5014 hes
1725 4975 1791 5014 ex
1830 4961 1938 5016 alia

363 5039 598 5116 conjuge
633 5055 964 5116 susceptam,
1003 5062 1166 5116 quam
1212 5049 1415 5105 Neroni
1449 5052 1522 5119 (id
1556 5052 1703 5106 enim
1742 5069 1938 5109 nomen

362 5133 680 5203 Agrippina:
735 5134 845 5190 tilio
893 5137 1130 5194 Domitio
1193 5139 1373 5196 Caesar
1430 5152 1587 5212 pater
1647 5143 1940 5215 adeptivus

363 5226 514 5295 fecit)
545 5226 860 5298 despondit.
895 5230 993 5287 Cui
1029 5243 1086 5288 ut
1123 5243 1298 5290 mater
1334 5237 1626 5306 imperium
1683 5239 1941 5308 acquire-

362 5331 470 5382 ret,
501 5318 787 5375 C‘audium
832 5339 1047 5380 veneno
1095 5326 1340 5381 sustulit.
1383 5326 1490 5382 Sed
1543 5329 1658 5384 haec
1687 5345 1786 5385 suo
1815 5331 1939 5387 loco

362 5421 417 5464 et
460 5422 705 5482 tempore
753 5413 1083 5472 referentur.
1127 5417 1285 5474 Nunc
1338 5420 1643 5476 institutam
1693 5423 1936 5478 historia:

363 5504 562 5557 seriem
605 5521 1019 5575 prosequamur.

2049 4417 2148 4468 σὺν
2173 4413 2249 4485 τῷ
2283 4414 2436 4469 παιδὶ
2466 4413 2653 4484 νεανίᾳ
2675 4415 3033 4486 γεγενημένῳ
3084 4417 3454 4485 ἀφανισθῆναι
3480 4420 3630 4472 κατά

2048 4508 2108 4560 τὸ
2133 4506 2519 4577 Βέσόιονδρος,
2555 4505 2836 4576 πυρφόρον
2857 4506 2939 4568 ὃν,
2992 4510 3087 4560 καὶ
3121 4510 3243 4561 τότε
3283 4509 3488 4576 μᾶλλον
3526 4510 3629 4562 ὲκ-

2050 4599 2322 4670 πυρωθέν.
2365 4601 2629 4669 Βερενίκη
2656 4600 2711 4652 δὲ
2737 4599 2899 4668 ἑτέρα
2927 4599 3130 4671 ἀδελφὴ
3166 4603 3258 4654 τοῦ
3287 4601 3626 4671 Ἀγρίππου,

2052 4688 2377 4742 συνοικοῦσα
2419 4688 2634 4759 Ἡρώδῃ
2669 4687 2746 4758 τῷ
2782 4689 2933 4759 θείῳ,
2962 4689 3222 4752 θανόντος
3251 4691 3485 4753 ἐκείνου,
3511 4693 3626 4744 Πο-

2052 4781 2254 4850 λέμωνι
2307 4779 2680 4849 συνηρμόσθη,
2741 4782 3152 4852 περιτμηθῆναι
3212 4784 3502 4853 θελήσαντι
3533 4785 3628 4839 διὰ

2050 4875 2150 4943 τὴν
2178 4875 2387 4944 φήμην,
2411 4875 2511 4942 τὴν
2535 4873 2802 4941 λέγουσαν
2826 4876 2994 4944 αὐτὴν
3017 4875 3093 4945 τῷ
3123 4875 3340 4947 ἀδελφῷ
3373 4878 3621 4931 συνιέναι

2052 4964 2176 5018 κατ’
2209 4966 2412 5035 ἔρωτα,
2447 4963 2514 5016 ἵν’
2543 4963 2687 5018 οὕτω
2712 4965 2810 5036 τὴν
2835 4964 3092 5036 διαϐολὴν
3137 4967 3397 5039 ἀποφήνῃ
3420 4967 3623 5039 ψευδῆ.

2049 5055 2123 5108 Ού
2145 5054 2250 5125 μὴν
2272 5055 2488 5124 ἔμεινεν
2514 5057 2541 5108 ὁ
2564 5057 2740 5124 γάμος
2763 5057 2855 5110 ἐπὶ
2890 5055 3047 5119 πολὺ,
3065 5057 3164 5125 τῆς
3189 5059 3488 5129 Βερενίκης
3517 5077 3623 5113 κα-

2044 5146 2377 5217 ταλιπούσης
2401 5147 2492 5198 τὸν
2510 5147 2828 5218 Πολέμωνα.
2853 5149 3095 5219 Τελευτᾷ
3119 5148 3175 5202 δὲ
3204 5148 3465 5213 Κλαύδιος
3488 5151 3624 5204 Καῖ-

2046 5255 2172 5308 σαρ,
2205 5238 2535 5307 βασιλεύσας
2579 5238 2673 5310 ἐτη
2701 5240 3082 5310 τρισκαίδεκα,
3115 5242 3210 5295 καὶ
3240 5242 3414 5312 μῆνας
3447 5243 3617 5309 ὀκτὼ,

2042 5332 2128 5398 ἐφ’
2152 5332 2388 5402 ἡμέραις
2414 5332 2607 5386 εἴκοσι.
2633 5334 2806 5401 Λόγος
2835 5333 2890 5386 δὲ
2917 5330 3007 5404 ἦν,
3033 5334 3108 5397 ὡς
3141 5335 3249 5388 ὑπὸ
3292 5339 3391 5407 τῆς
3425 5353 3620 5404 γυναι.

2043 5423 2136 5486 κὸς
2169 5423 2535 5494 Ἀγριππίνης
2568 5425 2883 5496 φαρμάκοις
2919 5427 3178 5498 ἀνῄρητο,
3231 5422 3298 5500 ἧς
3332 5428 3515 5497 πατὴρ
3544 5425 3615 5498 ἦν

2046 5517 2404 5584 Γερμανικὸς,
2431 5517 2753 5590 ῢΚαίσαρος
2787 5517 3036 5588 ἀδελφὸς,
3075 5520 3215 5591 ἀνὴρ
3261 5520 3317 5574 δὲ
3350 5521 3612 5590 Δομέτιος
