3882 6192
103 269 197 333 509

1349 259 1760 323 ANNALIUM
1792 259 1944 322 LIB.
1987 258 2093 320 VII

3235 254 3360 334 510'

107 398 223 450 μους
242 377 509 449 ἀκριϐεῖς,
541 375 756 447 βαρέως
785 375 1030 447 ἤνεγκαν
1049 376 1146 430 ini.
1171 374 1368 446 τούτῳ,
1403 377 1498 430 καὶ
1528 393 1662 430 κατ⁹

1774 376 1989 430 Florum
2017 375 2122 430 sibi
2159 387 2536 431 successorem
2557 371 2771 439 datum,
2802 375 3092 446 productis
3118 380 3342 450 vinctis,

104 477 240 526 εἷπον
258 469 421 524 αὑτοῦ
455 470 554 523 καὶ
583 469 725 540 πρὸς
757 468 1005 521 ’Λλϐῖνον
1036 469 1129 522 καὶ
1161 471 1301 540 πρὸς
1321 468 1660 539 Ἀγρίππαν.

107 565 185 616 Διὸ
211 564 308 633 τὴν
332 561 749 631 ἀρχιερωσύνην
773 561 1113 628 ἀιρελόμενος
1144 563 1174 614 6
1199 560 1456 629 βασιλεὺς
1479 561 1539 624 ἐξ
1567 561 1664 614 αὐ-

106 655 207 721 τοῦ,
240 655 411 724 μῆνας
438 653 711 724 ἄρξαντος
737 654 909 718 τρεῖς,
943 649 1154 721 Ἰησοῦν
1187 651 1280 705 τὸν
1312 651 1408 704 τοῦ
1436 652 1664 705 Μνατέα

105 747 437 815 κατέστησεν.
494 744 742 806 Ἀλϐῖνος
800 743 845 796 δ’
897 741 1076 796 ἐλθὼν
1132 744 1215 808 εἰς
1279 744 1659 814 Ἰεροσόλυμα,

108 836 320 905 σπουδὴν
352 836 674 905 εἰσήνεγκεν
711 833 1016 904 εἰρηνεύειν
1041 833 1142 903 τὴν
1164 833 1374 904 χώραν,
1414 834 1509 886 καὶ
1535 833 1666 885 πο)-

106 932 213 994 λοῦς
249 927 354 980 τῶν
379 927 659 996 Σικαρίων
684 925 1015 995 διέφθειρεν.
1049 924 1369 994 Ἀγρίππας
1389 924 1446 976 δὲ
1480 924 1663 976 δίδωσι

104 1023 190 1092 τὴν
208 1020 624 1092 ἀρχιερωσύνην
652 1019 832 1085 Ἰησοῦ
863 1019 940 1089 τῷ
961 1019 1058 1072 τοῦ
1095 1019 1402 1087 Γαμαλιὴλ,
1454 1017 1664 1081 παύσας

105 1115 180 1165 ιδν
210 1113 300 1166 τοῦ
325 1112 558 1167 Μνασέα
587 1111 820 1180 Ἰησοῦν.
849 1110 1044 1172 Στάσις
1077 1110 1172 1164 οῦν
1199 1128 1309 1163 των
1357 1110 1666 1180 ἀρχιερέων

103 1204 316 1270 ἐγένετο,
340 1204 936 1275 προσεταιρισαμένων
964 1202 1094 1266 τοὺς
1138 1202 1535 1273 θρασυτάτους,
1569 1200 1663 1254 καὶ

103 1292 245 1360 μέχρι
271 1291 444 1344 λίθων
474 1294 508 1362 ἠ
542 1291 733 1355 στάσις
764 1291 825 1356 ἐξ
853 1291 1068 1361 ὕϐρεων
1091 1291 1200 1345 τῶν
1231 1291 1368 1362 πρὸς
1397 1291 1664 1361 ἀλλήλους

101 1381 498 1454 προῦχώρησεν.
531 1383 696 1439 Ὅθεν
725 1381 786 1448 ἐξ
814 1383 1030 1436 ἐκείνου
1064 1382 1156 1436 τοῦ
1192 1383 1387 1454 χρόνου
1426 1383 1662 1453 μάλιστα

99 1474 258 1533 κακῶς
277 1475 432 1544 ἔχειν
454 1474 553 1547 τὴν
571 1476 678 1529 τῶν
711 1475 1110 1546 Ἰεροσολύμων
1136 1476 1296 1530 πόλιν
1321 1475 1658 1545 συμϐέϐηκε,

98 1569 175 1620 καὶ
205 1569 382 1621 πάντα
421 1568 512 1620 ἐπὶ
567 1568 630 1622 τὸ
688 1571 877 1638 χεῖρον
924 1569 1288 1639 προέκοπτον.
1330 1567 1574 1629 ’Δλϐῖνος
1603 1569 1661 1621 δὲ

98 1661 258 1715 Γέσιον
280 1661 514 1732 Φλῶρον
541 1661 732 1733 μαθὼν
767 1663 1121 1731 ἀφικνεῖσθαί
1150 1665 1200 1716 οί
1228 1663 1498 1730 διάδοχον,
1530 1680 1660 1732 προ-

1763 484 1859 524 eos
1880 470 1974 539 qui
2000 468 2288 524 manifeste
2323 482 2516 523 necem
2563 478 2902 535 memorant,
2930 471 3104 526 occidi
3129 473 3292 542 jussit
3326 493 3344 543 ;

1763 560 1858 630 qui
1887 575 2019 615 vero
2045 559 2117 615 ob
2167 575 2336 630 parva
2386 558 2619 614 crimina
2653 560 2708 613 in
2737 574 3018 615 carcerem
3062 564 3337 630 compecti

1764 652 2003 716 fuerant,
2034 667 2132 707 eos
2151 661 2375 722 accepta
2397 651 2628 714 pecunia
2652 652 2978 707 dimisit.Ita
3002 668 3196 708 carcer
3221 672 3338 710 ma-

1763 746 1935 800 leficis
1959 745 2137 800 factus
2163 753 2247 798 est
2301 760 2530 808 vacuus,
2573 745 2723 816 regio
2759 745 3068 800 latronibus
3099 746 3328 802 referta.

1763 837 2024 906 Agrippa.
2065 835 2534 892 JesuGamaIielis
2578 834 2691 888 lilio
2731 835 2933 906 ejeeto,
2961 835 3341 904 pontificatum

1764 929 2003 984 Matthiae
2035 929 2340 998 Theophilo
2366 927 2681 998 assignavit,
2713 926 2814 981 sub
2850 943 2960 996 quo
2990 926 3193 981 bellum
3224 929 3336 983 Ro-

1764 1035 1986 1074 manum
2010 1021 2197 1089 erepit.
2227 1020 2296 1073 At
2321 1019 2672 1088 pontificatus
2702 1017 2857 1072 initia
2882 1027 3010 1073 sunt
3033 1019 3101 1072 ab
3125 1020 3342 1074 Aaroue

1765 1112 2030 1182 profecta,
2057 1110 2144 1165 cui
2169 1110 2428 1164 defuncto
2457 1109 2551 1164 lilii
2585 1124 2886 1178 eorumque
2943 1110 3148 1179 posteri
3190 1110 3244 1162 in
3275 1125 3344 1163 eo

1765 1205 1975 1260 honore
1996 1211 2405 1259 successerunt.
2444 1201 2600 1257 Unde
2634 1213 2916 1271 receptum
2951 1201 3095 1271 apud
3121 1202 3345 1258 Iuda-os

1765 1297 1889 1361 fuit,
1923 1311 1992 1351 ne
2018 1295 2107 1350 cui
2144 1295 2228 1349 vel
2270 1293 2383 1361 regi
2425 1293 2781 1363 pontificatus
2813 1294 3093 1364 expetenti
3132 1293 3346 1348 tribue-

1766 1397 1939 1450 retur,
1992 1387 2098 1441 nisi
2140 1385 2209 1440 iis
2259 1385 2354 1454 qui
2397 1393 2583 1441 essent
2615 1401 2684 1440 ex
2730 1386 2996 1455 sanguine
3043 1385 3340 1440 Aaronio:

1764 1481 1867 1536 etsi
1903 1496 1966 1534 ea
2022 1479 2370 1535 consuetudo
2422 1495 2530 1533 non
2579 1487 2852 1548 perpetuo
2897 1477 3188 1531 observata
3236 1486 3341 1532 est.

1766 1570 2060 1626 Pontilices
2107 1570 2177 1625 ab
2201 1569 2417 1624 Aarone
2462 1585 2637 1638 usque
2671 1569 2738 1624 ad
2775 1570 3060 1633 Pliineem,
3108 1568 3162 1621 in
3198 1567 3343 1622 bello

1765 1680 1796 1718 a
1847 1663 2128 1718 seditiosis
2165 1662 2530 1726 declaratum,
2559 1662 2717 1731 291
2777 1677 2836 1715 III
2885 1668 2940 1716 et
2993 1675 3130 1713 Lux
3167 1659 3342 1713 fuere.

96 1754 294 1821 αγαγὼν
322 1729 460 1818 τοὺ-ς
507 1729 826 1824 δεσμώτας,
853 1755 969 1808 ὅσοι
1021 1750 1165 1826 ἦσαν
1200 1753 1351 1824 αὐτῷ
1385 1729 1667 1825 προδήλως

1774 1756 1965 1812 Gesius
2020 1764 2204 1810 autem
2256 1755 2453 1810 Florus
2501 1729 3058 1815 Albiniiaucccssor,
3127 1751 3347 1807 Judsos

96 1844 255 1897 θανεῖν
298 1844 476 1911 ἄξιοι,
529 1843 757 1907 τούτους
808 1845 909 1915 μὲν
929 1843 1292 1915 ἀναιρεθῆναι
1317 1843 1622 1915 προσέταξε
1649 1863 1664 1876 ο

94 1938 200 1999 τοὺς
220 1936 263 1991 δ’
294 1939 363 1990 ἐκ
395 1937 616 2008 μικρῶν
648 1937 841 1991 αἰτιῶν
889 1937 1350 2008 καθειργμένους,
1405 1939 1667 2008 χρήματα

94 2030 370 2099 λαμϐάνων
433 2030 663 2084 ἀπέλυε.
723 2032 834 2084 Καὶ
870 2029 1048 2094 οὕτως
1109 2033 1142 2100 ὴ
1181 2033 1282 2100 μὲν
1335 2033 1528 2104 εἱρκτὴ
1552 2034 1664 2088 τῶν

95 2121 376 2188 δεσμωτῶν
413 2120 684 2192 ἐκενώθη,
797 2120 951 2191 χώρα
983 2121 1038 2174 δὲ
1072 2122 1290 2192 λῃστῶν
1341 2123 1662 2195 ἐπληρώθη.

103 2211 151 2264 Ὀ
179 2213 218 2266 δ’
253 2213 583 2284 ’Λγρίππας
613 2213 706 2265 τὸν
732 2211 829 2265 τοῦ
863 2211 1152 2284 ιάμαλιὴλ
1197 2213 1412 2284 Ἰησοῦν
1442 2218 1539 2286 τῆς
1566 2219 1664 2288 ἀρ·

94 2301 423 2371 χιερωσύνης
448 2301 700 2355 ἐκϐαλὼν
744 2303 965 2375 Ματθίᾳ
991 2303 1067 2373 τῷ
1098 2304 1344 2376 Θεοφίλῳ
1377 2309 1664 2378 προσένει-

97 2410 201 2458 per,
226 2388 402 2463 ἐφὀῦ
427 2394 456 2447 6
491 2396 632 2464 πρὸς
667 2395 976 2466 Ῥωμαίους
1003 2395 1210 2468 ἧρξατο
1227 2397 1489 2468 πόλεμος.
1521 2401 1664 2471 Ἥρη

95 2482 202 2545 ξατο
231 2487 332 2554 μὲν
369 2481 470 2538 οῦν
502 2487 535 2556 ἡ
569 2487 962 2557 ἀρχιερωσύνη
994 2487 1056 2552 ἐξ
1091 2487 1308 2558 Ἀαρών
1329 2505 1343 2519 ⁸
1406 2490 1654 2562 τελευτή.

1770 1847 2026 1917 plurimis
2054 1847 2330 1918 Oppressit
2360 1845 2551 1906 malis:
2592 1861 2719 1899 nam
2753 1851 2966 1898 tantum
2992 1843 3345 1912 improbitate

1767 1939 2053 2005 excelluit,
2086 1948 2147 1993 ut
2185 1949 2412 2009 propter
2439 1938 2709 2006 insignem
2745 1936 2870 2006 ejus
2899 1934 3342 1996 maleficentiam.

1769 2031 1951 2085 Albini
1993 2031 2355 2086 beneficentia
2409 2030 2741 2085 celebretur.
2789 2027 2924 2082 Nam
2975 2027 3067 2081 hic
3121 2027 3344 2097 quilem

1773 2123 2037 2178 malitiam
2065 2137 2220 2176 suam
2246 2123 2529 2176 occultare
2560 2119 2797 2185 studuit,
2830 2134 2894 2174 ac
2925 2119 3158 2174 sollicite
3181 2120 3344 2182 cavit,

1772 2231 1840 2270 ne
1879 2231 1992 2269 sua:
2032 2214 2248 2283 injuriae
2291 2213 2868 2283 deprehenderentur.
2921 2211 3117 2267 Florus
3160 2221 3345 2265 autem

1772 2307 1954 2378 palam
1987 2315 2152 2375 atque
2185 2305 2539 2375 impudenter
2585 2304 2934 2374 iniquitatem
2963 2304 3018 2358 in
3055 2303 3344 2373 populum,

1770 2407 1825 2454 et
1855 2398 2010 2469 quasi
2049 2415 2146 2464 per
2170 2397 2601 2452 ostentationem
2633 2396 2904 2451 exercuit.
2933 2394 3041 2451 Sed
3080 2409 3346 2465 quorsum

1770 2491 1969 2545 attinet
1997 2491 2117 2560 ejus
2146 2491 2355 2544 scelera
2403 2488 2724 2559 singulatim
2767 2503 3080 2551 recensere,
3108 2503 3230 2542 cum
3260 2499 3369 2542 res-

97 2593 262 2640 σιντος
289 2577 351 2632 δὲ
385 2578 606 2633 ἐκείνου
627 2581 679 2632 oi
710 2579 902 2642 παῖδες
931 2578 1100 2633 αὑτοῦ
1132 2581 1309 2651 αὐτὴν
1338 2580 1663 2647 διεδέξαντο,

1774 2581 1962 2650 paucis
1984 2580 2234 2650 expediri
2257 2589 2423 2650 queat
2448 2598 2461 2634 :
2487 2581 2581 2650 qui
2612 2579 2833 2634 Juda-os
2861 2579 3062 2634 bellum
3085 2577 3351 2634 Romanis

94 2671 170 2722 ml.
213 2669 272 2736 ἐξ
325 2671 569 2725 ἐκείνων
616 2674 732 2734 τοῖς
784 2672 882 2725 ἀπ’
911 2671 1094 2726 αὐτῶν
1122 2671 1399 2741 διέμεινεν
1427 2673 1461 2742 ἡ
1505 2674 1665 2742 τιμή.

1774 2668 1974 2723 inferre
2016 2669 2284 2737 coegerit,
2340 2669 2562 2722 Florum
2595 2669 2809 2722 fuisse?
2863 2668 2921 2721 Id
2969 2683 3100 2722 vero
3143 2666 3348 2721 bellum

94 2761 236 2816 Ὅθεν
255 2764 504 2832 πάτριον
532 2759 601 2835 ἦν
621 2762 923 2827 Ἰουδαίοις,
957 2763 1166 2834 μηδένα
1196 2763 1297 2830 τὴν
1322 2764 1664 2834 ἀρχιερωσύ-

1774 2763 1934 2830 :(epit
1987 2761 2236 2816 secundo
2269 2777 2417 2816 anno
2456 2761 2866 2831 procurationis
2902 2760 3072 2824 Flori,
3121 2773 3349 2814 monar-

93 2870 174 2922 νην
205 2854 542 2924 λαμϐάνειν,
591 2855 698 2908 κᾶν
733 2854 991 2924 βασιλεὺς
1024 2850 1092 2925 ἦν
1138 2853 1314 2923 αὐτῆς
1341 2853 1654 2924 ἐφιέμενος.

1774 2857 1900 2913 :hize
1927 2857 2162 2913 Neronis
2192 2857 2546 2912 duodecimo.

90 2948 129 2999 si
154 2948 223 3016 μὴ
244 2949 377 3008 τοὺς
402 2947 464 3013 ἐξ
496 2948 730 3017 αῖματος
758 2945 971 3017 Ἀαρών
992 2963 1005 2976 ο
1031 2948 1080 3000 εί
1106 2947 1201 2999 καὶ
1227 2946 1290 3000 οὐ
1322 2944 1488 3018 μέχρι
1550 2946 1758 3010 παντὸς
1810 2947 1871 3001 τὺ
1919 2949 2042 3013 ἔθος
2076 2948 2237 3002 τοῦτο
2306 2949 2598 3018 τετήρητο.
2647 2945 2936 3014 Ἐγένοντο
2989 2945 3084 3000 οῦν
3143 2946 3350 3008 πάντες

89 3039 180 3092 ἀπὸ
207 3040 433 3110 ’Δαρὼν
460 3039 624 3110 μέχρι
649 3038 834 3102 Φινεὲς
861 3037 957 3092 τοῦ
986 3038 1130 3092 κατὰ
1154 3038 1248 3092 τὸν
1279 3038 1520 3108 πόλεμον
1583 3037 1688 3092 ὑπὸ
1725 3038 1836 3092 τῶν
1901 3040 2316 3095 στασιασάντων
2371 3037 2806 3109 ἀναδειχθέντος,
2865 3037 3198 3110 ὀγδοήκοντα
3251 3047 3350 3098 καὶ

88 3137 235 3200 τρεῖς.
285 3134 489 3195 Γέσιος
542 3132 600 3186 δὲ
657 3132 894 3203 Φλῶρος,
942 3133 1022 3194 είς
1073 3131 1339 3186 Ἰουδαίαν
1389 3130 1635 3186 ’Δλϐίνου
1694 3133 1939 3203 διάδοχος
1983 3134 2337 3205 ἀφικόμενος,
2383 3133 2598 3187 πολλῶν
2678 3133 2979 3202 ἐνέπλησεν
3053 3133 3352 3189 Ἰουδαίους

91 3224 277 3274 κακῶν.
314 3220 593 3274 Τοσοῦτον
621 3219 676 3274 δὲ
705 3221 897 3289 γέγονε
942 3221 1222 3283 κάκιστος,
1251 3219 1394 3272 ὥστε
1430 3218 1520 3273 διὰ
1549 3223 1651 3288 τὴν
1694 3221 2003 3292 ὑπερϐολὴν
2027 3223 2128 3292 τῆς
2190 3220 2360 3276 αὑτοῦ
2425 3220 2626 3283 κακίας
2662 3220 3007 3274 ἐπαινεῖσθαι
3033 3219 3126 3272 τδν
3169 3219 3350 3273 ’Δλϐῖ-

88 3333 163 3366 νον
186 3315 256 3376 ὡς
287 3312 622 3384 εὐεργέτην.
659 3313 720 3365 ’0
753 3314 853 3382 μὲν
874 3314 983 3384 γάρ
1011 3311 1111 3381 τὴν
1134 3310 1401 3382 πονηρίαν
1465 3311 1802 3382 ἀπέκρυπτε,
1865 3315 1961 3367 καὶ
1990 3314 2214 3380 ἀδικῶν,
2285 3313 2361 3387 μὴ
2401 3312 2652 3382 γίνεσθαι
2717 3313 3046 3383 κατάφωρος
3087 3311 3349 3365 ἐσπευδε⁹

89 3409 287 3478 Φλῶρος
324 3409 389 3461 δὲ
431 3404 922 3474 ἀπαρακαλύπτως
964 3405 1058 3458 καὶ
1087 3404 1320 3468 ἀναιδῶς
1360 3405 1462 3467 τὰς
1495 3404 1578 3468 είς
1643 3404 1703 3458 τὸ
1777 3405 1930 3469 ἔθνος
1985 3407 2333 3479 παρανομίας
2386 3406 2601 3468 ἐποίει,
2642 3405 2832 3476 ὥσπερ
2883 3404 3350 3475 ἐπιδεικνύμενος.

90 3503 187 3555 Καὶ
232 3502 284 3556 τί
323 3501 416 3553 δεῖ
444 3497 555 3550 τῶν
587 3497 798 3550 ἐκείνου
842 3496 1032 3550 κακῶν
1099 3494 1434 3568 ἀπαριθμῶν
1482 3493 1544 3549 τὸ
1615 3494 1738 3549 καθ’
1778 3495 2044 3563 ἕκαστον;
2097 3497 2367 3552 Τοσοῦτον
2415 3499 2460 3551 δ’
2505 3496 2679 3551 εἰπὼν
2718 3495 2945 3568 δηλώσω
2993 3495 3055 3550 τὸ
3107 3497 3238 3556 πᾶν,
3269 3494 3354 3548 ὅτι

89 3581 114 3630 δ
155 3593 276 3654 τοὺς
338 3585 638 3649 Ἰουδαίους
692 3587 784 3639 τὸν
841 3587 979 3658 πρὸς
1051 3587 1362 3657 Ῥωμαίους
1420 3585 1661 3656 ἄρασθαι
1723 3588 1963 3659 πόλεμον
2016 3589 2351 3659 βιασάμενος
2401 3590 2620 3660 Φλῶρος
2671 3583 2762 3660 ἦν.
2853 3588 3056 3642 Ἕλαϐε
3137 3588 3196 3641 δὲ
3253 3584 3355 3656 τὴν

91 3685 251 3756 ἀρχὴν
312 3686 344 3738 6
406 3683 642 3754 πόλεμος
681 3681 920 3754 δευτέρῳ
973 3680 1074 3752 μὲν
1127 3679 1238 3733 ἔτει
1293 3681 1396 3750 τῆς
1439 3680 1662 3752 Φλώρου
1738 3683 2063 3754 ἐπιτροπῆς,
2116 3683 2409 3754 δωδεκάτῳ
2481 3684 2540 3738 δὲ
2588 3684 2687 3753 τῆς
2735 3682 3039 3754 μοναρχίας
3083 3679 3182 3734 τοῦ
3241 3679 3353 3732 N6-

94 3791 270 3840 ρωνος.

151 3869 250 3926 III'.
297 3866 592 3924 Ἐντεῦθεν
620 3865 714 3921 οὖν
744 3863 908 3936 ἡτῶν
937 3862 1209 3917 Ἰουδαίων
1241 3861 1554 3917 ἀποστασία
1584 3863 1664 3925 είς

1845 3863 2030 3918 XVIII.
2096 3861 2235 3918 IIiuc
2295 3860 2467 3932 igitur
2522 3857 2842 3914 Judasorum
2876 3855 3118 3911 defectio
3172 3855 3351 3924 palam

94 3966 365 4034 προῦπτον
400 3959 703 4033 ἀνερρἀη,
733 3959 829 4012 καῖ
862 3959 892 4012 6
930 3957 1168 4026 πόλεμος
1205 3955 1427 4027 ἤρξατο.
1469 3956 1670 4025 Διηγή-

1777 3956 2003 4024 erupit'.
2049 3953 2371 4023 bellumque
2429 3951 2646 4021 cmpit:
2687 3950 2846 4019 cujus
2893 3948 3140 4019 singulos
3181 3948 3354 4004 veluti

93 4059 280 4112 σασθαι
307 4058 372 4110 δὲ
407 4053 600 4108 τούτου
633 4052 866 4113 ἕκαστα,
898 4049 1146 4112 πλείονος
1176 4050 1243 4101 ἂν
1273 4049 1484 4115 γένοιτο
1525 4065 1670 4117 πρα-

1778 4057 1934 4102 actus
1957 4047 2186 4108 referre,
2221 4044 2447 4114 majoris
2479 4058 2661 4112 operae
2688 4042 2879 4106 fuerit,
2903 4057 3067 4110 quam
3103 4039 3356 4096 instituta

98 4150 365 4218 γματείας
414 4148 448 4218 ἦ
503 4145 645 4198 κατά
680 4143 780 4214 τὴν
813 4142 1094 4212 παροῦσαν
1138 4141 1477 4210 ἐγχείρησιν.
1515 4140 1674 4193 Ἀλλὰ

94 4243 156 4294 τα
189 4243 290 4312 μὲν
321 4238 469 4294 ἀλλα
503 4235 663 4290 ἐᾶσαί
701 4253 791 4305 μοι
827 4235 1101 4302 κέκριται,
1146 4232 1282 4303 μόνα
1315 4233 1358 4286 δ’
1392 4235 1676 4300 ἐπιτεμεῖν

95 4336 156 4386 τε
200 4333 340 4405 περὶ
398 4333 498 4400 τῆς
540 4328 798 4388 ἁλώσεως
850 4325 959 4378 τῶν
1021 4322 1415 4394 Ἰεροσολύμων
1472 4323 1674 4376 αὐτῶν.

97 4421 509 4484 Οὐεσπασιανὸς
561 4421 672 4488 γὰρ
723 4419 875 4488 παρά
929 4417 1206 4488 Νέρωνος,
1259 4413 1523 4484 μαθόντος
1577 4415 1677 4485 τὴν

104 4519 383 4572 Ἰουδαίων
431 4514 795 4578 ἀποστασίαν,
841 4511 938 4580 τὴν
981 4510 1074 4562 τοῦ
1116 4508 1355 4578 πολέμου
1409 4507 1681 4576 διοίκησιν

100 4611 436 4672 πιστευθεὶς,
469 4608 530 4660 ού
567 4605 806 4671 πρώτοις
836 4605 947 4665 τοῖς
981 4600 1386 4672 Ἰεροσολύμοις
1418 4599 1683 4670 προσέϐαο

95 4703 200 4765 λιν,
237 4702 383 4756 ἀλλὰ
427 4701 527 4762 τὰς
557 4697 662 4750 ὑπὸ
701 4696 802 4766 τὴν
841 4694 1176 4766 μητρᾶπολιν
1207 4694 1443 4746 ἔσπευσε
1485 4690 1685 4761 πρότε-

101 4812 186 4859 ρον
212 4795 362 4848 ἑλεῖν
397 4790 605 4854 πόλεις,
642 4791 733 4843 καὶ
779 4787 953 4848 οὕτως
981 4787 1152 4857 αὐτὴν
1187 4784 1562 4856 χειρώσασθαι
1585 4781 1684 4852 τὴν

1778 4139 2024 4194 brevitas
2056 4137 2282 4206 patitur.
2311 4136 2493 4203 Quare
2521 4134 2736 4191 caeteris
2765 4133 3010 4199 omissis,
3041 4131 3354 4202 Hierosoly-

1780 4242 1996 4281 morum
2028 4226 2296 4281 duntaxat
2320 4225 2598 4280 excidium
2634 4222 2967 4293 compendio
3001 4221 3212 4278 referre
3252 4222 3361 4276 dea

1781 4318 2112 4376 crevi.Nam
2149 4319 2369 4389 cognita
2414 4317 2732 4374 Judaeorum
2779 4315 3117 4378 defectione,
3148 4315 3363 4384 Vespa-t

1778 4412 1988 4473 sianus.
2017 4411 2104 4466 cui
2129 4410 2272 4465 Nero
2290 4410 2418 4465 belli
2448 4409 2986 4464 administrationem
3023 4406 3356 4468 crediderat.

1776 4519 1889 4558 non
1956 4501 2330 4573 Hierosolyma
2382 4499 2582 4554 invasit
2630 4500 2909 4568 primum,
2974 4497 3072 4553 sed
3125 4497 3373 4552 urbibus.

1778 4592 2072 4663 metropoli
2110 4590 2375 4660 subjectis
2414 4589 2571 4660 prius
2601 4587 2951 4658 expugnatis,
2990 4597 3106 4641 tum
3133 4586 3358 4642 demunt

1781 4686 1955 4755 ipsam
2007 4697 2230 4754 quoque
2279 4682 2505 4736 domare
2557 4680 2819 4734 instituit.
2853 4678 3133 4748 Occupata
3193 4678 3370 4749 igitur

1781 4776 2146 4838 Ptolemaide,
2174 4791 2300 4830 cum
2348 4775 2462 4828 lilio
2519 4773 2666 4830 Tito.
2702 4773 2797 4842 qui
2823 4772 2892 4826 ab
2941 4787 3010 4827 eo
3057 4787 3122 4826 ex
3155 4771 3362 4828 Achaia

100 4883 463 4954 μητρόπολιν.
513 4877 858 4934 Καταλαϐὼν
897 4875 988 4930 οὖν
1033 4875 1132 4944 τὴν
1187 4872 1552 4942 Πτολεμαΐδα.
1585 4870 1670 4924 καὶ

1785 4867 2006 4931 missus,
2046 4867 2136 4920 tibi
2175 4882 2206 4920 a
2234 4865 2454 4919 Nerone
2503 4863 2631 4918 belli
2664 4863 2772 4917 dux
2805 4862 3125 4933 designatus
3157 4861 3366 4926 fuerat,

98 4975 324 5036 ξιωθεὶς
358 4975 417 5026 ἐν
448 4971 589 5040 αὐτῇ
616 4968 695 5038 τῷ
722 4967 824 5038 υἱῷ
854 4967 1001 5036 Τίτῳ
1039 4963 1098 5028 se
1133 4961 1544 5032 Ἀλεξανδρείας
1571 4960 1678 5027 ἁφ-

98 5070 368 5138 ικομέκῳ,
395 5069 486 5120 καὶ
518 5067 578 5119 τδ
609 5060 1108 5116 πεντεκαιδέκατον
1150 5057 1340 5127 τάγμα
1375 5054 1681 5126 κομίζοντι,

101 5162 352 5214 σταλέντι
389 5157 523 5227 παρ’
552 5153 723 5210 αὑτοῦ
755 5151 815 5220 ἐξ
848 5151 1096 5222 Ἀχαίας,
1125 5149 1258 5200 ὅπου
1315 5146 1407 5200 τοῦ
1441 5145 1680 5212 πολέμου

98 5251 410 5323 στρατηγὸς
443 5245 863 5319 κεχειροτόνητο
902 5242 1054 5312 παρά
1090 5240 1341 5309 Νέρωνος
1382 5238 1462 5308 (ὲν
1491 5235 1686 5306 Ἀχαΐα

98 5351 208 5419 γάρ
275 5351 578 5418 ἱτύγχανεν
633 5343 710 5395 ῶν
770 5341 1001 5401 ικεῖνος,
1045 5338 1134 5391 ὅτε
1183 5335 1218 5405 ἡ
1256 5333 1364 5387 τῶν
1407 5331 1681 5384 Ἰουδαίων

94 5441 416 5495 ἀποστασία
463 5432 814 5506 κατηγγέλθη
863 5429 1036 5501 αὐτῷ)
1081 5426 1222 5480 κατὰ
1267 5425 1364 5492 τῆς
1391 5422 1682 5484 Γαλιλαίας

101 5534 376 5604 πρότερον
431 5530 688 5599 ὥρμησε,
737 5527 834 5579 καὶ
874 5525 944 5594 τῇ
983 5519 1138 5574 πόλει
1189 5517 1299 5570 τῶν
1337 5515 1685 5569 Ἰωταπάτων

102 5627 302 5697 πρώτῃ
332 5619 683 5694 προσϐαλὼν,
711 5616 809 5670 καὶ
831 5613 923 5668 ἐπὶ
953 5609 1363 5679 τεσσαράκοντα
1391 5605 1684 5676 πολιορκήο

107 5735 210 5782 στος
243 5720 481 5791 ἡμέρας,
516 5715 709 5783 πορθεῖ
741 5711 840 5783 μὲν
874 5707 1067 5780 αὐτὴν,
1101 5704 1246 5776 αἱρεῖ
1284 5701 1342 5756 δὲ
1370 5700 1462 5755 τὸν
1497 5699 1685 5770 Ἰώση.

1788 4960 2061 5029 legionem
2115 4958 2383 5014 decimam
2437 4957 2688 5026 quintam
2738 4955 3073 5009 Alexandria
3109 4953 3349 5010 adduxe-

1792 5062 1897 5114 rat.
1943 5068 2002 5107 se
2034 5052 2338 5122 conjunxit.
2375 5050 2579 5106 Neroni
2616 5049 2761 5103 enim
2793 5050 2847 5102 in
2876 5048 3080 5102 Achaia
3114 5047 3366 5116 degenti,

1794 5145 2114 5200 Judzeorum
2147 5144 2383 5199 defectio
2399 5143 2652 5198 nuntiata
2680 5140 2805 5196 fuit.
2829 5139 2906 5196 Ac
2939 5139 3216 5195 Galilaeam
3246 5141 3364 5210 pri.

1792 5252 1942 5290 nium
1989 5252 2301 5307 aggressus,
2348 5234 2619 5306 Jotapatis
2661 5233 2856 5289 diebus
2886 5249 2952 5288 χι.
3011 5233 3369 5302 expugnatis,

1784 5329 2086 5399 Josepbum
2141 5328 2374 5384 Galilaeaa
2421 5328 2640 5394 ducem,
2671 5326 2790 5396 ejus
2813 5326 2967 5380 urbis
3014 5324 3368 5382 defensorem

1787 5420 1953 5491 cepit.
1992 5419 2124 5474 Inde
2152 5419 2256 5474 alia
2281 5419 2503 5473 castella
2531 5426 2698 5486 atque
2721 5415 3003 5486 oppidula,
3043 5415 3244 5484 partim
3264 5411 3364 5465 de-

1787 5514 2020 5574 ditione.
2053 5511 2256 5580 partim
2289 5510 2577 5564 obsidione
2612 5509 2874 5564 Romanis
2907 5521 3101 5578 parere
3153 5502 3358 5573 coegit.

1791 5605 1862 5660 lis
1892 5605 2004 5676 jam
2031 5601 2295 5658 confectis
2319 5643 2336 5668 ,
2372 5601 2440 5656 ad
2488 5600 2661 5670 ipsam
2708 5597 3058 5669 metropolim
3089 5592 3370 5649 obsiden-u

1789 5697 1916 5754 dam
1973 5711 2030 5753 se
2086 5694 2427 5765 aceingebat,
2480 5692 2851 5750 seditionibus
2895 5700 2954 5747 et
3018 5686 3370 5744 factionibus.
