  <div class='ocr_page' id='page_1' title='image "/cluster/home/n/w/nwhite01/storage/ocr_20150623/134/hvd.32044073502510/263.png"; bbox 0 0 4042 6200; ppageno 0'>
   <div class='ocr_carea' id='block_1_1' title="bbox 477 252 576 321">
    <p class='ocr_par' dir='ltr' id='par_1_1' title="bbox 477 252 576 321">
     <span class='ocr_line' id='line_1_1' title="bbox 477 252 576 321; baseline -0.02 0"><span class='ocrx_word' id='word_1_1' title='bbox 477 252 576 321; x_wconf 77' lang='grc'>511</span> 
     </span>
    </p>
   </div>
   <div class='ocr_carea' id='block_1_2' title="bbox 1737 256 2435 319">
    <p class='ocr_par' dir='ltr' id='par_1_2' title="bbox 1737 256 2435 319">
     <span class='ocr_line' id='line_1_2' title="bbox 1737 256 2435 319; baseline -0.001 -1"><span class='ocrx_word' id='word_1_2' title='bbox 1737 256 2066 318; x_wconf 68' lang='lat' dir='ltr'>JOANNIS</span> <span class='ocrx_word' id='word_1_3' title='bbox 2114 258 2435 319; x_wconf 71' lang='lat' dir='ltr'>ZONAILE</span> 
     </span>
    </p>
   </div>
   <div class='ocr_carea' id='block_1_3' title="bbox 3643 256 3756 322">
    <p class='ocr_par' dir='ltr' id='par_1_3' title="bbox 3643 256 3756 322">
     <span class='ocr_line' id='line_1_3' title="bbox 3643 256 3756 322; baseline 0.018 -2"><span class='ocrx_word' id='word_1_4' title='bbox 3643 256 3756 322; x_wconf 75' lang='lat'>51‘2</span> 
     </span>
    </p>
   </div>
   <div class='ocr_carea' id='block_1_4' title="bbox 473 369 2056 444">
    <p class='ocr_par' dir='ltr' id='par_1_4' title="bbox 473 370 2056 437">
     <span class='ocr_line' id='line_1_4' title="bbox 473 370 2056 437; baseline 0.001 -9"><span class='ocrx_word' id='word_1_5' title='bbox 473 373 614 430; x_wconf 84' lang='lat' dir='ltr'><strong>adeo</strong></span> <span class='ocrx_word' id='word_1_6' title='bbox 648 370 928 437; x_wconf 63' lang='lat' dir='ltr'><strong>amittam,</strong></span> <span class='ocrx_word' id='word_1_7' title='bbox 955 380 1018 426; x_wconf 90' lang='lat' dir='ltr'>ut</span> <span class='ocrx_word' id='word_1_8' title='bbox 1057 371 1206 426; x_wconf 72' lang='lat' dir='ltr'><strong>civili</strong></span> <span class='ocrx_word' id='word_1_9' title='bbox 1262 370 1412 426; x_wconf 77' lang='lat' dir='ltr'><strong>bello</strong></span> <span class='ocrx_word' id='word_1_10' title='bbox 1463 382 1520 428; x_wconf 91' lang='lat' dir='ltr'>et</span> <span class='ocrx_word' id='word_1_11' title='bbox 1549 373 1760 428; x_wconf 89' lang='lat' dir='ltr'><strong>mutuis</strong></span> <span class='ocrx_word' id='word_1_12' title='bbox 1809 374 2056 430; x_wconf 66' lang='lat' dir='ltr'><strong>caedibus</strong></span> 
     </span>
    </p>
   </div>
   <div class='ocr_carea' id='block_1_5' title="bbox 2159 369 3756 444">
    <p class='ocr_par' dir='ltr' id='par_1_5' title="bbox 2159 369 3756 444">
     <span class='ocr_line' id='line_1_5' title="bbox 2159 369 3756 444; baseline -0.003 -16"><span class='ocrx_word' id='word_1_13' title='bbox 2159 392 2262 428; x_wconf 99' lang='grc' dir='ltr'>πον</span> <span class='ocrx_word' id='word_1_14' title='bbox 2295 372 2710 444; x_wconf 71' lang='grc' dir='ltr'>στρατηγοῦντα</span> <span class='ocrx_word' id='word_1_15' title='bbox 2737 372 2837 443; x_wconf 80' lang='grc' dir='ltr'>τῆς</span> <span class='ocrx_word' id='word_1_16' title='bbox 2864 370 3178 434; x_wconf 71' lang='grc' dir='ltr'>Γαλιλαίας,</span> <span class='ocrx_word' id='word_1_17' title='bbox 3204 369 3299 425; x_wconf 72' lang='grc' dir='ltr'>καὶ</span> <span class='ocrx_word' id='word_1_18' title='bbox 3320 371 3421 442; x_wconf 83' lang='grc' dir='ltr'>τῆς</span> <span class='ocrx_word' id='word_1_19' title='bbox 3444 371 3567 443; x_wconf 80' lang='grc' dir='ltr'>είρη</span> <span class='ocrx_word' id='word_1_20' title='bbox 3579 372 3756 441; x_wconf 52' lang='grc' dir='ltr'>μείης</span> 
     </span>
    </p>
   </div>
   <div class='ocr_carea' id='block_1_6' title="bbox 474 464 2053 534">
    <p class='ocr_par' dir='ltr' id='par_1_6' title="bbox 474 464 2053 534">
     <span class='ocr_line' id='line_1_6' title="bbox 474 464 2053 534; baseline 0 -14"><span class='ocrx_word' id='word_1_21' title='bbox 474 468 622 520; x_wconf 82' lang='lat' dir='ltr'><strong>inter</strong></span> <span class='ocrx_word' id='word_1_22' title='bbox 652 479 775 520; x_wconf 88' lang='lat' dir='ltr'><strong>sese</strong></span> <span class='ocrx_word' id='word_1_23' title='bbox 799 473 1133 534; x_wconf 81' lang='lat' dir='ltr'><strong>grassantes,</strong></span> <span class='ocrx_word' id='word_1_24' title='bbox 1173 464 1424 519; x_wconf 77' lang='lat' dir='ltr'>homines</span> <span class='ocrx_word' id='word_1_25' title='bbox 1459 465 1704 521; x_wconf 87' lang='lat' dir='ltr'><strong>bellicosi</strong></span> <span class='ocrx_word' id='word_1_26' title='bbox 1738 465 2053 522; x_wconf 81' lang='lat' dir='ltr'><strong>interirent.</strong></span> 
     </span>
    </p>
   </div>
   <div class='ocr_carea' id='block_1_7' title="bbox 479 555 2056 630">
    <p class='ocr_par' dir='ltr' id='par_1_7' title="bbox 479 555 2056 630">
     <span class='ocr_line' id='line_1_7' title="bbox 479 555 2056 630; baseline 0.004 -21"><span class='ocrx_word' id='word_1_27' title='bbox 479 555 678 611; x_wconf 82' lang='lat' dir='ltr'><strong>Verum</strong></span> <span class='ocrx_word' id='word_1_28' title='bbox 724 557 777 610; x_wconf 88' lang='lat' dir='ltr'><strong>id</strong></span> <span class='ocrx_word' id='word_1_29' title='bbox 816 558 937 627; x_wconf 87' lang='lat' dir='ltr'><strong>ejus</strong></span> <span class='ocrx_word' id='word_1_30' title='bbox 961 557 1258 611; x_wconf 79' lang='lat' dir='ltr'><strong>consilium</strong></span> <span class='ocrx_word' id='word_1_31' title='bbox 1299 557 1534 612; x_wconf 87' lang='lat' dir='ltr'><strong>nuntius</strong></span> <span class='ocrx_word' id='word_1_32' title='bbox 1568 557 1636 611; x_wconf 87' lang='lat' dir='ltr'>de</span> <span class='ocrx_word' id='word_1_33' title='bbox 1682 559 1923 626; x_wconf 88' lang='lat' dir='ltr'><strong>Nerone,</strong></span> <span class='ocrx_word' id='word_1_34' title='bbox 1959 561 2056 630; x_wconf 93' lang='lat' dir='ltr'>qui</span> 
     </span>
    </p>
   </div>
   <div class='ocr_carea' id='block_1_8' title="bbox 475 646 2057 720">
    <p class='ocr_par' dir='ltr' id='par_1_8' title="bbox 475 646 2057 720">
     <span class='ocr_line' id='line_1_8' title="bbox 475 646 2057 720; baseline 0.002 -18"><span class='ocrx_word' id='word_1_35' title='bbox 475 648 683 702; x_wconf 89' lang='lat' dir='ltr'><strong>amisso</strong></span> <span class='ocrx_word' id='word_1_36' title='bbox 739 646 971 713; x_wconf 88' lang='lat' dir='ltr'><strong>imperio</strong></span> <span class='ocrx_word' id='word_1_37' title='bbox 1025 649 1166 702; x_wconf 86' lang='lat' dir='ltr'><strong>clam</strong></span> <span class='ocrx_word' id='word_1_38' title='bbox 1237 649 1409 702; x_wconf 83' lang='lat' dir='ltr'><strong>Roma</strong></span> <span class='ocrx_word' id='word_1_39' title='bbox 1463 647 1838 718; x_wconf 71' lang='lat' dir='ltr'><strong>profugisset,</strong></span> <span class='ocrx_word' id='word_1_40' title='bbox 1892 661 2057 720; x_wconf 86' lang='lat' dir='ltr'><strong>atque</strong></span> 
     </span>
    </p>
   </div>
   <div class='ocr_carea' id='block_1_9' title="bbox 480 738 2106 808">
    <p class='ocr_par' dir='ltr' id='par_1_9' title="bbox 480 738 2106 808">
     <span class='ocr_line' id='line_1_9' title="bbox 480 738 2106 808; baseline 0.002 -18"><span class='ocrx_word' id='word_1_41' title='bbox 480 755 596 806; x_wconf 81' lang='lat' dir='ltr'><strong>ipse</strong></span> <span class='ocrx_word' id='word_1_42' title='bbox 650 738 754 792; x_wconf 87' lang='lat' dir='ltr'><strong>sibi</strong></span> <span class='ocrx_word' id='word_1_43' title='bbox 792 753 989 792; x_wconf 89' lang='lat' dir='ltr'><strong>manus</strong></span> <span class='ocrx_word' id='word_1_44' title='bbox 1021 739 1322 798; x_wconf 85' lang='lat' dir='ltr'><strong>attulisset,</strong></span> <span class='ocrx_word' id='word_1_45' title='bbox 1363 739 1649 808; x_wconf 89' lang='lat' dir='ltr'><strong>repressit.</strong></span> <span class='ocrx_word' id='word_1_46' title='bbox 1687 739 1896 794; x_wconf 70' lang='lat' dir='ltr'><strong>Deinde.</strong></span> <span class='ocrx_word' id='word_1_47' title='bbox 1930 755 2056 794; x_wconf 88' lang='lat' dir='ltr'>cum</span> <span class='ocrx_word' id='word_1_48' title='bbox 2103 803 2106 806; x_wconf 12' lang='grc' dir='ltr'><strong><em>Α</em></strong></span> 
     </span>
    </p>
   </div>
   <div class='ocr_carea' id='block_1_10' title="bbox 480 829 2057 899">
    <p class='ocr_par' dir='ltr' id='par_1_10' title="bbox 480 829 2057 899">
     <span class='ocr_line' id='line_1_10' title="bbox 480 829 2057 899; baseline 0.002 -16"><span class='ocrx_word' id='word_1_49' title='bbox 480 829 706 883; x_wconf 84' lang='lat' dir='ltr'><strong>Galbam</strong></span> <span class='ocrx_word' id='word_1_50' title='bbox 751 829 985 898; x_wconf 87' lang='lat' dir='ltr'><strong>imperio</strong></span> <span class='ocrx_word' id='word_1_51' title='bbox 1029 830 1262 898; x_wconf 89' lang='lat' dir='ltr'><strong>potitum</strong></span> <span class='ocrx_word' id='word_1_52' title='bbox 1305 843 1424 884; x_wconf 89' lang='lat' dir='ltr'><strong>esse</strong></span> <span class='ocrx_word' id='word_1_53' title='bbox 1457 830 1806 899; x_wconf 80' lang='lat' dir='ltr'><strong>cognovisset</strong></span> <span class='ocrx_word' id='word_1_54' title='bbox 1833 871 1849 893; x_wconf 90' lang='lat'>,</span> <span class='ocrx_word' id='word_1_55' title='bbox 1873 829 2057 886; x_wconf 85' lang='lat' dir='ltr'><strong>Titum</strong></span> 
     </span>
    </p>
   </div>
   <div class='ocr_carea' id='block_1_11' title="bbox 487 921 2056 992">
    <p class='ocr_par' dir='ltr' id='par_1_11' title="bbox 487 921 2056 992">
     <span class='ocr_line' id='line_1_11' title="bbox 487 921 2056 992; baseline 0.002 -17"><span class='ocrx_word' id='word_1_56' title='bbox 487 922 636 975; x_wconf 81' lang='lat' dir='ltr'><strong>misit</strong></span> <span class='ocrx_word' id='word_1_57' title='bbox 689 921 757 974; x_wconf 88' lang='lat' dir='ltr'>ad</span> <span class='ocrx_word' id='word_1_58' title='bbox 784 937 910 974; x_wconf 87' lang='lat' dir='ltr'>eum</span> <span class='ocrx_word' id='word_1_59' title='bbox 950 921 1324 984; x_wconf 87' lang='lat' dir='ltr'><strong>salutandum,</strong></span> <span class='ocrx_word' id='word_1_60' title='bbox 1350 929 1408 976; x_wconf 88' lang='lat' dir='ltr'>et</span> <span class='ocrx_word' id='word_1_61' title='bbox 1442 922 1878 991; x_wconf 86' lang='lat' dir='ltr'><strong>percontaudum</strong></span> <span class='ocrx_word' id='word_1_62' title='bbox 1923 924 2056 992; x_wconf 90' lang='lat' dir='ltr'><strong>quid</strong></span> 
     </span>
    </p>
   </div>
   <div class='ocr_carea' id='block_1_12' title="bbox 484 1012 2059 1082">
    <p class='ocr_par' dir='ltr' id='par_1_12' title="bbox 484 1012 2059 1082">
     <span class='ocr_line' id='line_1_12' title="bbox 484 1012 2059 1082; baseline 0.003 -16"><span class='ocrx_word' id='word_1_63' title='bbox 484 1015 553 1067; x_wconf 88' lang='lat' dir='ltr'>de</span> <span class='ocrx_word' id='word_1_64' title='bbox 583 1012 768 1066; x_wconf 79' lang='lat' dir='ltr'><strong>Juda-a</strong></span> <span class='ocrx_word' id='word_1_65' title='bbox 805 1012 920 1066; x_wconf 81' lang='lat' dir='ltr'><strong>lit-ri</strong></span> <span class='ocrx_word' id='word_1_66' title='bbox 953 1013 1160 1067; x_wconf 84' lang='lat' dir='ltr'><strong>vellet?</strong></span> <span class='ocrx_word' id='word_1_67' title='bbox 1195 1013 1357 1082; x_wconf 74' lang='lat'>292</span> <span class='ocrx_word' id='word_1_68' title='bbox 1401 1013 1508 1068; x_wconf 89' lang='lat' dir='ltr'>Sed</span> <span class='ocrx_word' id='word_1_69' title='bbox 1561 1014 1719 1068; x_wconf 84' lang='lat' dir='ltr'><strong>Titus</strong></span> <span class='ocrx_word' id='word_1_70' title='bbox 1754 1015 1809 1069; x_wconf 89' lang='lat' dir='ltr'>in</span> <span class='ocrx_word' id='word_1_71' title='bbox 1861 1015 2059 1071; x_wconf 84' lang='lat' dir='ltr'><strong>itinere</strong></span> 
     </span>
    </p>
   </div>
   <div class='ocr_carea' id='block_1_13' title="bbox 484 1105 2056 1175">
    <p class='ocr_par' dir='ltr' id='par_1_13' title="bbox 484 1105 2056 1175">
     <span class='ocr_line' id='line_1_13' title="bbox 484 1105 2056 1175; baseline 0.003 -16"><span class='ocrx_word' id='word_1_72' title='bbox 484 1106 668 1159; x_wconf 65' lang='lat' dir='ltr'><strong>Galbae</strong></span> <span class='ocrx_word' id='word_1_73' title='bbox 692 1120 911 1172; x_wconf 75' lang='lat' dir='ltr'><strong>quoque</strong></span> <span class='ocrx_word' id='word_1_74' title='bbox 927 1106 1324 1175; x_wconf 63' lang='lat' dir='ltr'><strong>etedecoguita,</strong></span> <span class='ocrx_word' id='word_1_75' title='bbox 1340 1105 1405 1158; x_wconf 84' lang='lat' dir='ltr'>ad</span> <span class='ocrx_word' id='word_1_76' title='bbox 1430 1115 1638 1174; x_wconf 82' lang='lat' dir='ltr'><strong>patrem</strong></span> <span class='ocrx_word' id='word_1_77' title='bbox 1661 1115 1746 1160; x_wconf 86' lang='lat' dir='ltr'>est</span> <span class='ocrx_word' id='word_1_78' title='bbox 1775 1121 2056 1164; x_wconf 81' lang='lat' dir='ltr'><strong>reversus:</strong></span> 
     </span>
    </p>
   </div>
   <div class='ocr_carea' id='block_1_14' title="bbox 489 1197 2062 1266">
    <p class='ocr_par' dir='ltr' id='par_1_14' title="bbox 489 1197 2062 1266">
     <span class='ocr_line' id='line_1_14' title="bbox 489 1197 2062 1266; baseline 0.002 -14"><span class='ocrx_word' id='word_1_79' title='bbox 489 1214 669 1266; x_wconf 83' lang='lat' dir='ltr'><strong>neque</strong></span> <span class='ocrx_word' id='word_1_80' title='bbox 705 1197 1204 1266; x_wconf 82' lang='lat' dir='ltr'><strong>Hierosolymorum</strong></span> <span class='ocrx_word' id='word_1_81' title='bbox 1256 1198 1604 1253; x_wconf 89' lang='lat' dir='ltr'><strong>obsidionem</strong></span> <span class='ocrx_word' id='word_1_82' title='bbox 1640 1208 1944 1262; x_wconf 87' lang='lat' dir='ltr'><strong>tentarunt,</strong></span> <span class='ocrx_word' id='word_1_83' title='bbox 1988 1200 2062 1255; x_wconf 88' lang='lat' dir='ltr'>ob</span> 
     </span>
    </p>
   </div>
   <div class='ocr_carea' id='block_1_15' title="bbox 485 1284 2061 1357">
    <p class='ocr_par' dir='ltr' id='par_1_15' title="bbox 485 1284 2061 1357">
     <span class='ocr_line' id='line_1_15' title="bbox 485 1284 2061 1357; baseline 0.003 -15"><span class='ocrx_word' id='word_1_84' title='bbox 485 1291 754 1345; x_wconf 87' lang='lat' dir='ltr'><strong>incertum</strong></span> <span class='ocrx_word' id='word_1_85' title='bbox 816 1284 1045 1343; x_wconf 73' lang='lat' dir='ltr'><strong>Romani</strong></span> <span class='ocrx_word' id='word_1_86' title='bbox 1103 1289 1316 1357; x_wconf 87' lang='lat' dir='ltr'><strong>imperii</strong></span> <span class='ocrx_word' id='word_1_87' title='bbox 1373 1299 1618 1354; x_wconf 82' lang='lat' dir='ltr'><strong>statum,</strong></span> <span class='ocrx_word' id='word_1_88' title='bbox 1671 1291 1766 1345; x_wconf 89' lang='lat' dir='ltr'>sed</span> <span class='ocrx_word' id='word_1_89' title='bbox 1799 1291 2061 1346; x_wconf 72' lang='lat' dir='ltr'><strong>Caesarea:</strong></span> 
     </span>
    </p>
   </div>
   <div class='ocr_carea' id='block_1_16' title="bbox 483 1381 2058 1454">
    <p class='ocr_par' dir='ltr' id='par_1_16' title="bbox 483 1381 2058 1454">
     <span class='ocr_line' id='line_1_16' title="bbox 483 1381 2058 1454; baseline 0.004 -22"><span class='ocrx_word' id='word_1_90' title='bbox 483 1383 836 1450; x_wconf 89' lang='lat' dir='ltr'><strong>quieverunt.</strong></span> <span class='ocrx_word' id='word_1_91' title='bbox 880 1381 1050 1436; x_wconf 81' lang='lat' dir='ltr'><strong>Galba</strong></span> <span class='ocrx_word' id='word_1_92' title='bbox 1071 1382 1314 1442; x_wconf 86' lang='lat' dir='ltr'><strong>sublato,</strong></span> <span class='ocrx_word' id='word_1_93' title='bbox 1341 1381 1485 1437; x_wconf 85' lang='lat' dir='ltr'><strong>Otho</strong></span> <span class='ocrx_word' id='word_1_94' title='bbox 1521 1382 1695 1438; x_wconf 81' lang='lat' dir='ltr'><strong>factus</strong></span> <span class='ocrx_word' id='word_1_95' title='bbox 1744 1384 2058 1454; x_wconf 87' lang='lat' dir='ltr'><strong>imperator,</strong></span> 
     </span>
    </p>
   </div>
   <div class='ocr_carea' id='block_1_17' title="bbox 485 1473 2061 1546">
    <p class='ocr_par' dir='ltr' id='par_1_17' title="bbox 485 1473 2061 1546">
     <span class='ocr_line' id='line_1_17' title="bbox 485 1473 2061 1546; baseline 0.004 -21"><span class='ocrx_word' id='word_1_96' title='bbox 485 1484 676 1526; x_wconf 86' lang='lat' dir='ltr'><strong>contra</strong></span> <span class='ocrx_word' id='word_1_97' title='bbox 713 1473 1018 1536; x_wconf 89' lang='lat' dir='ltr'><strong>Vitellium,</strong></span> <span class='ocrx_word' id='word_1_98' title='bbox 1042 1489 1206 1542; x_wconf 82' lang='lat' dir='ltr'><strong>quem</strong></span> <span class='ocrx_word' id='word_1_99' title='bbox 1235 1474 1574 1530; x_wconf 77' lang='lat' dir='ltr'><strong>Germanica:</strong></span> <span class='ocrx_word' id='word_1_100' title='bbox 1596 1476 1842 1546; x_wconf 82' lang='lat' dir='ltr'><strong>legiones</strong></span> <span class='ocrx_word' id='word_1_101' title='bbox 1885 1477 2061 1546; x_wconf 87' lang='lat' dir='ltr'><strong>impe-</strong></span> 
     </span>
    </p>
   </div>
   <div class='ocr_carea' id='block_1_18' title="bbox 485 1566 2060 1638">
    <p class='ocr_par' dir='ltr' id='par_1_18' title="bbox 485 1566 2060 1638">
     <span class='ocr_line' id='line_1_18' title="bbox 485 1566 2060 1638; baseline 0.004 -22"><span class='ocrx_word' id='word_1_102' title='bbox 485 1573 722 1618; x_wconf 86' lang='lat' dir='ltr'><strong>ratorem</strong></span> <span class='ocrx_word' id='word_1_103' title='bbox 752 1566 1078 1630; x_wconf 87' lang='lat' dir='ltr'><strong>salutarant,</strong></span> <span class='ocrx_word' id='word_1_104' title='bbox 1114 1566 1301 1635; x_wconf 82' lang='lat' dir='ltr'><strong>cupias</strong></span> <span class='ocrx_word' id='word_1_105' title='bbox 1354 1569 1502 1622; x_wconf 91' lang='lat' dir='ltr'><strong>misit</strong></span> <span class='ocrx_word' id='word_1_106' title='bbox 1536 1585 1550 1620; x_wconf 87' lang='lat'><strong>:</strong></span> <span class='ocrx_word' id='word_1_107' title='bbox 1585 1568 1790 1636; x_wconf 81' lang='lat' dir='ltr'><strong>quibus</strong></span> <span class='ocrx_word' id='word_1_108' title='bbox 1829 1584 2060 1638; x_wconf 86' lang='lat' dir='ltr'><strong>supera-</strong></span> 
     </span>
    </p>
   </div>
   <div class='ocr_carea' id='block_1_19' title="bbox 485 1653 2061 1731">
    <p class='ocr_par' dir='ltr' id='par_1_19' title="bbox 485 1653 2061 1731">
     <span class='ocr_line' id='line_1_19' title="bbox 485 1653 2061 1731; baseline 0.006 -25"><span class='ocrx_word' id='word_1_109' title='bbox 485 1654 577 1715; x_wconf 89' lang='lat' dir='ltr'><strong>tis,</strong></span> <span class='ocrx_word' id='word_1_110' title='bbox 631 1653 738 1708; x_wconf 88' lang='lat' dir='ltr'><strong>sibi</strong></span> <span class='ocrx_word' id='word_1_111' title='bbox 791 1655 892 1723; x_wconf 90' lang='lat' dir='ltr'><strong>ipsi</strong></span> <span class='ocrx_word' id='word_1_112' title='bbox 951 1671 1152 1710; x_wconf 84' lang='lat' dir='ltr'><strong>manus</strong></span> <span class='ocrx_word' id='word_1_113' title='bbox 1210 1658 1421 1712; x_wconf 85' lang='lat' dir='ltr'><strong>attulit.</strong></span> <span class='ocrx_word' id='word_1_114' title='bbox 1475 1659 1727 1713; x_wconf 76' lang='lat' dir='ltr'><strong>Vitellius</strong></span> <span class='ocrx_word' id='word_1_115' title='bbox 1784 1660 2061 1731; x_wconf 86' lang='lat' dir='ltr'><strong>adjunctis</strong></span> 
     </span>
    </p>
   </div>
   <div class='ocr_carea' id='block_1_20' title="bbox 483 1745 2053 1821">
    <p class='ocr_par' dir='ltr' id='par_1_20' title="bbox 483 1745 2053 1821">
     <span class='ocr_line' id='line_1_20' title="bbox 483 1745 2053 1821; baseline 0.004 -21"><span class='ocrx_word' id='word_1_116' title='bbox 483 1745 646 1800; x_wconf 88' lang='lat' dir='ltr'><strong>etiam</strong></span> <span class='ocrx_word' id='word_1_117' title='bbox 712 1746 988 1812; x_wconf 87' lang='lat' dir='ltr'><strong>Utboniis,</strong></span> <span class='ocrx_word' id='word_1_118' title='bbox 1062 1749 1289 1802; x_wconf 80' lang='lat' dir='ltr'><strong>Romam</strong></span> <span class='ocrx_word' id='word_1_119' title='bbox 1349 1765 1473 1803; x_wconf 91' lang='lat' dir='ltr'>cum</span> <span class='ocrx_word' id='word_1_120' title='bbox 1529 1751 1840 1821; x_wconf 82' lang='lat' dir='ltr'><strong>legionibus</strong></span> <span class='ocrx_word' id='word_1_121' title='bbox 1895 1752 2053 1807; x_wconf 90' lang='lat' dir='ltr'><strong>abiit.</strong></span> 
     </span>
    </p>
   </div>
   <div class='ocr_carea' id='block_1_21' title="bbox 489 1837 2060 1912">
    <p class='ocr_par' dir='ltr' id='par_1_21' title="bbox 489 1837 2060 1912">
     <span class='ocr_line' id='line_1_21' title="bbox 489 1837 2060 1912; baseline 0.005 -23"><span class='ocrx_word' id='word_1_122' title='bbox 489 1837 856 1906; x_wconf 80' lang='lat' dir='ltr'><strong>Vespasianus</strong></span> <span class='ocrx_word' id='word_1_123' title='bbox 887 1854 1040 1900; x_wconf 88' lang='lat' dir='ltr'><strong>vero,</strong></span> <span class='ocrx_word' id='word_1_124' title='bbox 1079 1839 1124 1893; x_wconf 89' lang='lat' dir='ltr'>si</span> <span class='ocrx_word' id='word_1_125' title='bbox 1177 1855 1285 1909; x_wconf 89' lang='lat' dir='ltr'>qua</span> <span class='ocrx_word' id='word_1_126' title='bbox 1339 1840 1565 1895; x_wconf 84' lang='lat' dir='ltr'><strong>Judaica</strong></span> <span class='ocrx_word' id='word_1_127' title='bbox 1609 1843 1870 1912; x_wconf 87' lang='lat' dir='ltr'><strong>oppidula</strong></span> <span class='ocrx_word' id='word_1_128' title='bbox 1915 1859 2060 1897; x_wconf 88' lang='lat' dir='ltr'><strong>non-</strong></span> 
     </span>
    </p>
   </div>
   <div class='ocr_carea' id='block_1_22' title="bbox 483 1933 2062 2009">
    <p class='ocr_par' dir='ltr' id='par_1_22' title="bbox 483 1933 2062 2009">
     <span class='ocr_line' id='line_1_22' title="bbox 483 1933 2062 2009; baseline 0.005 -22"><span class='ocrx_word' id='word_1_129' title='bbox 483 1933 616 1988; x_wconf 88' lang='lat' dir='ltr'>dum</span> <span class='ocrx_word' id='word_1_130' title='bbox 642 1945 950 2004; x_wconf 75' lang='lat' dir='ltr'><strong>expugnata</strong></span> <span class='ocrx_word' id='word_1_131' title='bbox 995 1946 1346 2004; x_wconf 84' lang='lat' dir='ltr'><strong>supererant,</strong></span> <span class='ocrx_word' id='word_1_132' title='bbox 1378 1953 1441 1992; x_wconf 87' lang='lat' dir='ltr'>ea</span> <span class='ocrx_word' id='word_1_133' title='bbox 1465 1954 1680 2009; x_wconf 90' lang='lat' dir='ltr'><strong>quoque</strong></span> <span class='ocrx_word' id='word_1_134' title='bbox 1704 1941 1958 2004; x_wconf 88' lang='lat' dir='ltr'><strong>vastavit,</strong></span> <span class='ocrx_word' id='word_1_135' title='bbox 2002 1950 2062 1995; x_wconf 92' lang='lat' dir='ltr'>ut</span> 
     </span>
    </p>
   </div>
   <div class='ocr_carea' id='block_1_23' title="bbox 487 2023 2059 2100">
    <p class='ocr_par' dir='ltr' id='par_1_23' title="bbox 487 2023 2059 2100">
     <span class='ocr_line' id='line_1_23' title="bbox 487 2023 2059 2100; baseline 0.004 -20"><span class='ocrx_word' id='word_1_136' title='bbox 487 2034 598 2080; x_wconf 88' lang='lat' dir='ltr'><strong>tota</strong></span> <span class='ocrx_word' id='word_1_137' title='bbox 637 2023 1012 2096; x_wconf 88' lang='lat' dir='ltr'><strong>Hierosolyma</strong></span> <span class='ocrx_word' id='word_1_138' title='bbox 1055 2028 1319 2082; x_wconf 82' lang='lat' dir='ltr'><strong>Romanis</strong></span> <span class='ocrx_word' id='word_1_139' title='bbox 1351 2030 1714 2100; x_wconf 78' lang='lat' dir='ltr'><strong>expugnanda</strong></span> <span class='ocrx_word' id='word_1_140' title='bbox 1741 2041 2014 2086; x_wconf 85' lang='lat' dir='ltr'><strong>restarent</strong></span> <span class='ocrx_word' id='word_1_141' title='bbox 2043 2049 2059 2086; x_wconf 92' lang='lat'><strong>:</strong></span> 
     </span>
    </p>
   </div>
   <div class='ocr_carea' id='block_1_24' title="bbox 486 2113 2060 2186">
    <p class='ocr_par' dir='ltr' id='par_1_24' title="bbox 486 2113 2060 2186">
     <span class='ocr_line' id='line_1_24' title="bbox 486 2113 2060 2186; baseline 0.003 -19"><span class='ocrx_word' id='word_1_142' title='bbox 486 2129 608 2182; x_wconf 64' lang='lat' dir='ltr'><strong>quae</strong></span> <span class='ocrx_word' id='word_1_143' title='bbox 637 2113 884 2182; x_wconf 83' lang='lat' dir='ltr'><strong>quidem,</strong></span> <span class='ocrx_word' id='word_1_144' title='bbox 947 2123 1007 2168; x_wconf 90' lang='lat' dir='ltr'>ut</span> <span class='ocrx_word' id='word_1_145' title='bbox 1034 2115 1301 2181; x_wconf 72' lang='lat' dir='ltr'><strong>diximus,</strong></span> <span class='ocrx_word' id='word_1_146' title='bbox 1360 2116 1596 2186; x_wconf 59' lang='lat' dir='ltr'><strong>pessime</strong></span> <span class='ocrx_word' id='word_1_147' title='bbox 1649 2132 1708 2171; x_wconf 84' lang='lat' dir='ltr'>se</span> <span class='ocrx_word' id='word_1_148' title='bbox 1760 2117 2060 2172; x_wconf 85' lang='lat' dir='ltr'><strong>habebant.</strong></span> 
     </span>
    </p>
   </div>
   <div class='ocr_carea' id='block_1_25' title="bbox 487 2205 2060 2264">
    <p class='ocr_par' dir='ltr' id='par_1_25' title="bbox 487 2205 2060 2264">
     <span class='ocr_line' id='line_1_25' title="bbox 487 2205 2060 2264; baseline 0.001 -5"><span class='ocrx_word' id='word_1_149' title='bbox 487 2205 642 2260; x_wconf 81' lang='lat' dir='ltr'><strong>Foris</strong></span> <span class='ocrx_word' id='word_1_150' title='bbox 671 2206 818 2260; x_wconf 89' lang='lat' dir='ltr'><strong>enim</strong></span> <span class='ocrx_word' id='word_1_151' title='bbox 860 2207 1048 2261; x_wconf 90' lang='lat' dir='ltr'><strong>Simon</strong></span> <span class='ocrx_word' id='word_1_152' title='bbox 1091 2223 1215 2262; x_wconf 89' lang='lat' dir='ltr'>eum</span> <span class='ocrx_word' id='word_1_153' title='bbox 1261 2223 1356 2262; x_wconf 89' lang='lat' dir='ltr'>sua</span> <span class='ocrx_word' id='word_1_154' title='bbox 1408 2207 1646 2263; x_wconf 78' lang='lat' dir='ltr'><strong>factione</strong></span> <span class='ocrx_word' id='word_1_155' title='bbox 1694 2208 1898 2264; x_wconf 73' lang='lat' dir='ltr'><strong>Judmis</strong></span> <span class='ocrx_word' id='word_1_156' title='bbox 1951 2209 2060 2262; x_wconf 79' lang='lat' dir='ltr'><strong>for-</strong></span> 
     </span>
    </p>
   </div>
   <div class='ocr_carea' id='block_1_26' title="bbox 489 2301 2061 2372">
    <p class='ocr_par' dir='ltr' id='par_1_26' title="bbox 489 2301 2061 2372">
     <span class='ocr_line' id='line_1_26' title="bbox 489 2301 2061 2372; baseline 0.002 -18"><span class='ocrx_word' id='word_1_157' title='bbox 489 2301 800 2355; x_wconf 77' lang='lat' dir='ltr'><strong>midabilior</strong></span> <span class='ocrx_word' id='word_1_158' title='bbox 829 2309 950 2356; x_wconf 89' lang='lat' dir='ltr'><strong>erat</strong></span> <span class='ocrx_word' id='word_1_159' title='bbox 988 2318 1152 2370; x_wconf 90' lang='lat' dir='ltr'><strong>quam</strong></span> <span class='ocrx_word' id='word_1_160' title='bbox 1183 2302 1439 2356; x_wconf 89' lang='lat' dir='ltr'><strong>Romani.</strong></span> <span class='ocrx_word' id='word_1_161' title='bbox 1473 2303 1622 2357; x_wconf 89' lang='lat' dir='ltr'><strong>Intus</strong></span> <span class='ocrx_word' id='word_1_162' title='bbox 1652 2317 1786 2356; x_wconf 89' lang='lat' dir='ltr'><strong>vero</strong></span> <span class='ocrx_word' id='word_1_163' title='bbox 1811 2303 1849 2356; x_wconf 91' lang='lat' dir='ltr'>ii</span> <span class='ocrx_word' id='word_1_164' title='bbox 1881 2301 2061 2372; x_wconf 87' lang='lat' dir='ltr'><strong>quise</strong></span> 
     </span>
    </p>
   </div>
   <div class='ocr_carea' id='block_1_27' title="bbox 488 2394 2059 2466">
    <p class='ocr_par' dir='ltr' id='par_1_27' title="bbox 488 2394 2059 2466">
     <span class='ocr_line' id='line_1_27' title="bbox 488 2394 2059 2466; baseline 0.001 -19"><span class='ocrx_word' id='word_1_165' title='bbox 488 2394 704 2448; x_wconf 85' lang='lat' dir='ltr'><strong>Zelotas</strong></span> <span class='ocrx_word' id='word_1_166' title='bbox 761 2409 792 2447; x_wconf 87' lang='lat' dir='ltr'>a</span> <span class='ocrx_word' id='word_1_167' title='bbox 838 2395 1025 2449; x_wconf 88' lang='lat' dir='ltr'><strong>studio</strong></span> <span class='ocrx_word' id='word_1_168' title='bbox 1073 2395 1354 2465; x_wconf 72' lang='lat' dir='ltr'><strong>religionis</strong></span> <span class='ocrx_word' id='word_1_169' title='bbox 1397 2395 1694 2466; x_wconf 71' lang='lat' dir='ltr'><strong>iactabant,</strong></span> <span class='ocrx_word' id='word_1_170' title='bbox 1751 2409 2059 2465; x_wconf 88' lang='lat' dir='ltr'><strong>eorumque</strong></span> 
     </span>
    </p>
   </div>
   <div class='ocr_carea' id='block_1_28' title="bbox 485 2486 2062 2557">
    <p class='ocr_par' dir='ltr' id='par_1_28' title="bbox 485 2486 2062 2557">
     <span class='ocr_line' id='line_1_28' title="bbox 485 2486 2062 2557; baseline 0.001 -17"><span class='ocrx_word' id='word_1_171' title='bbox 485 2487 597 2540; x_wconf 77' lang='lat' dir='ltr'><strong>dux</strong></span> <span class='ocrx_word' id='word_1_172' title='bbox 653 2486 918 2553; x_wconf 82' lang='lat' dir='ltr'><strong>Joannes,</strong></span> <span class='ocrx_word' id='word_1_173' title='bbox 976 2497 1032 2540; x_wconf 91' lang='lat' dir='ltr'>et</span> <span class='ocrx_word' id='word_1_174' title='bbox 1099 2487 1364 2541; x_wconf 83' lang='lat' dir='ltr'><strong>Romanis</strong></span> <span class='ocrx_word' id='word_1_175' title='bbox 1413 2498 1468 2541; x_wconf 91' lang='lat' dir='ltr'>et</span> <span class='ocrx_word' id='word_1_176' title='bbox 1528 2486 1750 2541; x_wconf 90' lang='lat' dir='ltr'><strong>Simone</strong></span> <span class='ocrx_word' id='word_1_177' title='bbox 1785 2486 2062 2557; x_wconf 82' lang='lat' dir='ltr'><strong>graviores</strong></span> 
     </span>
    </p>
   </div>
   <div class='ocr_carea' id='block_1_29' title="bbox 483 2577 2063 2649">
    <p class='ocr_par' dir='ltr' id='par_1_29' title="bbox 483 2577 2063 2649">
     <span class='ocr_line' id='line_1_29' title="bbox 483 2577 2063 2649; baseline 0.001 -17"><span class='ocrx_word' id='word_1_178' title='bbox 483 2588 644 2632; x_wconf 89' lang='lat' dir='ltr'><strong>erant</strong></span> <span class='ocrx_word' id='word_1_179' title='bbox 677 2594 690 2629; x_wconf 88' lang='lat'>:</span> <span class='ocrx_word' id='word_1_180' title='bbox 722 2587 885 2647; x_wconf 81' lang='lat' dir='ltr'><strong>atque</strong></span> <span class='ocrx_word' id='word_1_181' title='bbox 917 2580 1164 2634; x_wconf 83' lang='lat' dir='ltr'><strong>urbanos</strong></span> <span class='ocrx_word' id='word_1_182' title='bbox 1196 2595 1264 2634; x_wconf 89' lang='lat' dir='ltr'>eo</span> <span class='ocrx_word' id='word_1_183' title='bbox 1309 2580 1657 2634; x_wconf 80' lang='lat' dir='ltr'><strong>necessitatis</strong></span> <span class='ocrx_word' id='word_1_184' title='bbox 1693 2577 1947 2649; x_wconf 78' lang='lat' dir='ltr'><strong>adegere,</strong></span> <span class='ocrx_word' id='word_1_185' title='bbox 2002 2587 2063 2634; x_wconf 92' lang='lat' dir='ltr'>ut</span> 
     </span>
    </p>
   </div>
   <div class='ocr_carea' id='block_1_30' title="bbox 485 2670 2063 2744">
    <p class='ocr_par' dir='ltr' id='par_1_30' title="bbox 485 2670 2063 2744">
     <span class='ocr_line' id='line_1_30' title="bbox 485 2670 2063 2744; baseline -0.003 -17"><span class='ocrx_word' id='word_1_186' title='bbox 485 2672 722 2744; x_wconf 75' lang='lat' dir='ltr'><strong>populus</strong></span> <span class='ocrx_word' id='word_1_187' title='bbox 752 2671 1032 2726; x_wconf 88' lang='lat' dir='ltr'><strong>Simonem</strong></span> <span class='ocrx_word' id='word_1_188' title='bbox 1067 2687 1191 2726; x_wconf 91' lang='lat' dir='ltr'>cum</span> <span class='ocrx_word' id='word_1_189' title='bbox 1227 2688 1323 2725; x_wconf 89' lang='lat' dir='ltr'>sua</span> <span class='ocrx_word' id='word_1_190' title='bbox 1365 2672 1524 2725; x_wconf 90' lang='lat' dir='ltr'><strong>turba</strong></span> <span class='ocrx_word' id='word_1_191' title='bbox 1551 2672 1603 2724; x_wconf 91' lang='lat' dir='ltr'>in</span> <span class='ocrx_word' id='word_1_192' title='bbox 1647 2670 1834 2723; x_wconf 86' lang='lat' dir='ltr'><strong>urbem</strong></span> <span class='ocrx_word' id='word_1_193' title='bbox 1869 2684 2063 2724; x_wconf 89' lang='lat' dir='ltr'><strong>accer-</strong></span> 
     </span>
    </p>
   </div>
   <div class='ocr_carea' id='block_1_31' title="bbox 483 2762 2060 2834">
    <p class='ocr_par' dir='ltr' id='par_1_31' title="bbox 483 2762 2060 2834">
     <span class='ocr_line' id='line_1_31' title="bbox 483 2762 2060 2834; baseline -0.002 -15"><span class='ocrx_word' id='word_1_194' title='bbox 483 2773 651 2830; x_wconf 83' lang='lat' dir='ltr'><strong>seret,</strong></span> <span class='ocrx_word' id='word_1_195' title='bbox 680 2780 777 2834; x_wconf 87' lang='lat' dir='ltr'>spe</span> <span class='ocrx_word' id='word_1_196' title='bbox 810 2765 900 2820; x_wconf 89' lang='lat' dir='ltr'><strong>iIIe</strong></span> <span class='ocrx_word' id='word_1_197' title='bbox 928 2765 1151 2832; x_wconf 85' lang='lat' dir='ltr'><strong>quidem</strong></span> <span class='ocrx_word' id='word_1_198' title='bbox 1183 2762 1550 2833; x_wconf 68' lang='lat' dir='ltr'><strong>reprimenda:</strong></span> <span class='ocrx_word' id='word_1_199' title='bbox 1599 2762 1919 2816; x_wconf 87' lang='lat' dir='ltr'><strong>Zelotarum</strong></span> <span class='ocrx_word' id='word_1_200' title='bbox 1977 2771 2060 2832; x_wconf 57' lang='lat' dir='ltr'><strong>ty-</strong></span> 
     </span>
    </p>
   </div>
   <div class='ocr_carea' id='block_1_32' title="bbox 486 2854 2062 2926">
    <p class='ocr_par' dir='ltr' id='par_1_32' title="bbox 486 2854 2062 2926">
     <span class='ocr_line' id='line_1_32' title="bbox 486 2854 2062 2926; baseline -0.002 -14"><span class='ocrx_word' id='word_1_201' title='bbox 486 2857 739 2912; x_wconf 87' lang='lat' dir='ltr'><strong>rannidis</strong></span> <span class='ocrx_word' id='word_1_202' title='bbox 776 2875 787 2908; x_wconf 96' lang='lat'>:</span> <span class='ocrx_word' id='word_1_203' title='bbox 813 2859 906 2912; x_wconf 87' lang='lat' dir='ltr'>sed</span> <span class='ocrx_word' id='word_1_204' title='bbox 938 2873 1046 2911; x_wconf 88' lang='lat' dir='ltr'>non</span> <span class='ocrx_word' id='word_1_205' title='bbox 1083 2855 1499 2920; x_wconf 84' lang='lat' dir='ltr'><strong>animadvertit,</strong></span> <span class='ocrx_word' id='word_1_206' title='bbox 1522 2871 1581 2909; x_wconf 88' lang='lat' dir='ltr'>se</span> <span class='ocrx_word' id='word_1_207' title='bbox 1611 2857 1920 2926; x_wconf 81' lang='lat' dir='ltr'><strong>graviorem</strong></span> <span class='ocrx_word' id='word_1_208' title='bbox 1946 2854 2062 2909; x_wconf 84' lang='lat' dir='ltr'><strong>suis</strong></span> 
     </span>
    </p>
   </div>
   <div class='ocr_carea' id='block_1_33' title="bbox 487 2945 2064 3022">
    <p class='ocr_par' dir='ltr' id='par_1_33' title="bbox 487 2945 2064 3022">
     <span class='ocr_line' id='line_1_33' title="bbox 487 2945 2064 3022; baseline -0.005 -14"><span class='ocrx_word' id='word_1_209' title='bbox 487 2952 808 3008; x_wconf 56' lang='lat' dir='ltr'><strong>cervicibus</strong></span> <span class='ocrx_word' id='word_1_210' title='bbox 844 2959 1136 3022; x_wconf 81' lang='lat' dir='ltr'><strong>tyrannum</strong></span> <span class='ocrx_word' id='word_1_211' title='bbox 1165 2950 1514 3020; x_wconf 86' lang='lat' dir='ltr'><strong>imposuisse.</strong></span> <span class='ocrx_word' id='word_1_212' title='bbox 1541 2951 1680 3004; x_wconf 90' lang='lat' dir='ltr'><strong>Dum</strong></span> <span class='ocrx_word' id='word_1_213' title='bbox 1714 2949 1829 3002; x_wconf 67' lang='lat' dir='ltr'><strong>bare</strong></span> <span class='ocrx_word' id='word_1_214' title='bbox 1868 2945 2064 3001; x_wconf 83' lang='lat' dir='ltr'><strong>lIiero-</strong></span> 
     </span>
    </p>
   </div>
   <div class='ocr_carea' id='block_1_34' title="bbox 2159 463 3756 536">
    <p class='ocr_par' dir='ltr' id='par_1_34' title="bbox 2159 463 3756 536">
     <span class='ocr_line' id='line_1_34' title="bbox 2159 463 3756 536; baseline -0.001 -18"><span class='ocrx_word' id='word_1_215' title='bbox 2159 464 2588 536; x_wconf 76' lang='grc' dir='ltr'>ὑπερμαχοῦντα</span> <span class='ocrx_word' id='word_1_216' title='bbox 2651 465 2887 528; x_wconf 85' lang='grc' dir='ltr'>πόλεως.</span> <span class='ocrx_word' id='word_1_217' title='bbox 2951 464 3196 516; x_wconf 81' lang='grc' dir='ltr'>Ἐκεῖθεν</span> <span class='ocrx_word' id='word_1_218' title='bbox 3253 463 3312 515; x_wconf 81' lang='grc' dir='ltr'>δὲ</span> <span class='ocrx_word' id='word_1_219' title='bbox 3361 463 3488 516; x_wconf 83' lang='grc' dir='ltr'>καθ’</span> <span class='ocrx_word' id='word_1_220' title='bbox 3540 464 3756 532; x_wconf 82' lang='grc' dir='ltr'>ἑτέρων</span> 
     </span>
    </p>
   </div>
   <div class='ocr_carea' id='block_1_35' title="bbox 2159 553 3750 629">
    <p class='ocr_par' dir='ltr' id='par_1_35' title="bbox 2159 553 3750 629">
     <span class='ocr_line' id='line_1_35' title="bbox 2159 553 3750 629; baseline -0.003 -19"><span class='ocrx_word' id='word_1_221' title='bbox 2159 558 2358 628; x_wconf 79' lang='grc' dir='ltr'>ἐχώρει</span> <span class='ocrx_word' id='word_1_222' title='bbox 2393 555 2672 629; x_wconf 75' lang='grc' dir='ltr'>φρουρίων</span> <span class='ocrx_word' id='word_1_223' title='bbox 2701 559 2796 610; x_wconf 74' lang='grc' dir='ltr'>καὶ</span> <span class='ocrx_word' id='word_1_224' title='bbox 2827 555 3203 624; x_wconf 78' lang='grc' dir='ltr'>πολισμάτων,</span> <span class='ocrx_word' id='word_1_225' title='bbox 3239 553 3338 608; x_wconf 76' lang='grc' dir='ltr'>καὶ</span> <span class='ocrx_word' id='word_1_226' title='bbox 3373 554 3442 608; x_wconf 73' lang='grc' dir='ltr'>τὰ</span> <span class='ocrx_word' id='word_1_227' title='bbox 3485 555 3587 623; x_wconf 80' lang='grc' dir='ltr'>μὲν</span> <span class='ocrx_word' id='word_1_228' title='bbox 3616 557 3750 624; x_wconf 60' lang='grc' dir='ltr'>ὁμου</span> 
     </span>
    </p>
   </div>
   <div class='ocr_carea' id='block_1_36' title="bbox 2157 645 3752 720">
    <p class='ocr_par' dir='ltr' id='par_1_36' title="bbox 2157 645 3752 720">
     <span class='ocr_line' id='line_1_36' title="bbox 2157 645 3752 720; baseline -0.001 -18"><span class='ocrx_word' id='word_1_229' title='bbox 2157 648 2335 720; x_wconf 73' lang='grc' dir='ltr'>λογία,</span> <span class='ocrx_word' id='word_1_230' title='bbox 2392 650 2463 703; x_wconf 79' lang='grc' dir='ltr'>τά</span> <span class='ocrx_word' id='word_1_231' title='bbox 2506 649 2562 701; x_wconf 85' lang='grc' dir='ltr'>δὲ</span> <span class='ocrx_word' id='word_1_232' title='bbox 2610 648 2903 717; x_wconf 70' lang='grc' dir='ltr'>πολιορκίᾳ</span> <span class='ocrx_word' id='word_1_233' title='bbox 2947 647 3052 700; x_wconf 77' lang='grc' dir='ltr'>ὑπὸ</span> <span class='ocrx_word' id='word_1_234' title='bbox 3099 645 3410 715; x_wconf 75' lang='grc' dir='ltr'>Ῥωμαίους</span> <span class='ocrx_word' id='word_1_235' title='bbox 3453 647 3752 716; x_wconf 73' lang='grc' dir='ltr'>πεποίητο.</span> 
     </span>
    </p>
   </div>
   <div class='ocr_carea' id='block_1_37' title="bbox 2160 736 3760 811">
    <p class='ocr_par' dir='ltr' id='par_1_37' title="bbox 2160 736 3760 811">
     <span class='ocr_line' id='line_1_37' title="bbox 2160 736 3760 811; baseline -0.003 -17"><span class='ocrx_word' id='word_1_236' title='bbox 2160 742 2271 794; x_wconf 76' lang='grc' dir='ltr'>Καὶ</span> <span class='ocrx_word' id='word_1_237' title='bbox 2321 741 2496 794; x_wconf 84' lang='grc' dir='ltr'>ταῦτα</span> <span class='ocrx_word' id='word_1_238' title='bbox 2544 741 2646 811; x_wconf 67' lang='grc' dir='ltr'>ἥδη</span> <span class='ocrx_word' id='word_1_239' title='bbox 2703 737 3211 810; x_wconf 77' lang='grc' dir='ltr'>κατεργασάμενος,</span> <span class='ocrx_word' id='word_1_240' title='bbox 3260 737 3593 806; x_wconf 78' lang='grc' dir='ltr'>ἡτοιμάζετο</span> <span class='ocrx_word' id='word_1_241' title='bbox 3655 736 3760 790; x_wconf 74' lang='grc' dir='ltr'>καὶ</span> 
     </span>
    </p>
   </div>
   <div class='ocr_carea' id='block_1_38' title="bbox 2161 827 3757 904">
    <p class='ocr_par' dir='ltr' id='par_1_38' title="bbox 2161 827 3757 904">
     <span class='ocr_line' id='line_1_38' title="bbox 2161 827 3757 904; baseline -0.006 -19"><span class='ocrx_word' id='word_1_242' title='bbox 2161 834 2297 904; x_wconf 82' lang='grc' dir='ltr'>αὐτῇ</span> <span class='ocrx_word' id='word_1_243' title='bbox 2334 831 2633 903; x_wconf 81' lang='grc' dir='ltr'>προσμίξαι</span> <span class='ocrx_word' id='word_1_244' title='bbox 2674 834 2739 902; x_wconf 81' lang='grc' dir='ltr'>τῇ</span> <span class='ocrx_word' id='word_1_245' title='bbox 2793 827 3151 900; x_wconf 81' lang='grc' dir='ltr'>μητροπόλει,</span> <span class='ocrx_word' id='word_1_246' title='bbox 3186 827 3518 899; x_wconf 73' lang='grc' dir='ltr'>διακειμένη</span> <span class='ocrx_word' id='word_1_247' title='bbox 3556 827 3757 888; x_wconf 82' lang='grc' dir='ltr'>κακῶς</span> 
     </span>
    </p>
   </div>
   <div class='ocr_carea' id='block_1_39' title="bbox 2161 917 3756 996">
    <p class='ocr_par' dir='ltr' id='par_1_39' title="bbox 2161 917 3756 996">
     <span class='ocr_line' id='line_1_39' title="bbox 2161 917 3756 996; baseline -0.006 -17"><span class='ocrx_word' id='word_1_248' title='bbox 2161 929 2226 980; x_wconf 87' lang='grc' dir='ltr'>ἑκ</span> <span class='ocrx_word' id='word_1_249' title='bbox 2258 925 2352 979; x_wconf 82' lang='grc' dir='ltr'>τοῦ</span> <span class='ocrx_word' id='word_1_250' title='bbox 2380 926 2516 996; x_wconf 72' lang='grc' dir='ltr'>πρδς</span> <span class='ocrx_word' id='word_1_251' title='bbox 2545 925 2810 995; x_wconf 75' lang='grc' dir='ltr'>ἀλλήλους</span> <span class='ocrx_word' id='word_1_252' title='bbox 2843 920 3160 984; x_wconf 76' lang='grc' dir='ltr'>στασιάζειν</span> <span class='ocrx_word' id='word_1_253' title='bbox 3195 923 3321 983; x_wconf 81' lang='grc' dir='ltr'>τοὺς</span> <span class='ocrx_word' id='word_1_254' title='bbox 3357 922 3418 973; x_wconf 83' lang='grc' dir='ltr'>ὲν</span> <span class='ocrx_word' id='word_1_255' title='bbox 3451 920 3620 988; x_wconf 61' lang='grc' dir='ltr'>αὐτῇ.</span> <span class='ocrx_word' id='word_1_256' title='bbox 3655 917 3756 970; x_wconf 77' lang='grc' dir='ltr'>καὶ</span> 
     </span>
    </p>
   </div>
   <div class='ocr_carea' id='block_1_40' title="bbox 2160 1010 3758 1089">
    <p class='ocr_par' dir='ltr' id='par_1_40' title="bbox 2160 1010 3758 1089">
     <span class='ocr_line' id='line_1_40' title="bbox 2160 1010 3758 1089; baseline -0.006 -17"><span class='ocrx_word' id='word_1_257' title='bbox 2160 1021 2242 1082; x_wconf 78' lang='grc' dir='ltr'>εἰς</span> <span class='ocrx_word' id='word_1_258' title='bbox 2307 1018 2608 1089; x_wconf 70' lang='grc' dir='ltr'>ἐμφυλίους</span> <span class='ocrx_word' id='word_1_259' title='bbox 2669 1014 3063 1084; x_wconf 81' lang='grc' dir='ltr'>ἑκκυλισθῆναι</span> <span class='ocrx_word' id='word_1_260' title='bbox 3127 1012 3312 1082; x_wconf 87' lang='grc' dir='ltr'>μάχας</span> <span class='ocrx_word' id='word_1_261' title='bbox 3359 1012 3457 1065; x_wconf 82' lang='grc' dir='ltr'>καὶ</span> <span class='ocrx_word' id='word_1_262' title='bbox 3493 1010 3758 1082; x_wconf 66' lang='grc' dir='ltr'>ἀλλήλων</span> 
     </span>
    </p>
   </div>
   <div class='ocr_carea' id='block_1_41' title="bbox 2163 1103 3755 1180">
    <p class='ocr_par' dir='ltr' id='par_1_41' title="bbox 2163 1103 3755 1180">
     <span class='ocr_line' id='line_1_41' title="bbox 2163 1103 3755 1180; baseline -0.007 -16"><span class='ocrx_word' id='word_1_263' title='bbox 2163 1110 2403 1180; x_wconf 84' lang='grc' dir='ltr'>σφαγὰς,</span> <span class='ocrx_word' id='word_1_264' title='bbox 2443 1108 2737 1162; x_wconf 70' lang='grc' dir='ltr'>κάντεῦθεν</span> <span class='ocrx_word' id='word_1_265' title='bbox 2763 1108 2824 1160; x_wconf 87' lang='grc' dir='ltr'>τδ</span> <span class='ocrx_word' id='word_1_266' title='bbox 2862 1105 3107 1177; x_wconf 74' lang='grc' dir='ltr'>μάχιμον</span> <span class='ocrx_word' id='word_1_267' title='bbox 3131 1104 3571 1176; x_wconf 69' lang='grc' dir='ltr'>διαφθείρεσθαι.</span> <span class='ocrx_word' id='word_1_268' title='bbox 3617 1103 3755 1155; x_wconf 80' lang='grc' dir='ltr'>Ἑπ-</span> 
     </span>
    </p>
   </div>
   <div class='ocr_carea' id='block_1_42' title="bbox 2161 1194 3757 1275">
    <p class='ocr_par' dir='ltr' id='par_1_42' title="bbox 2161 1194 3757 1275">
     <span class='ocr_line' id='line_1_42' title="bbox 2161 1194 3757 1275; baseline -0.008 -18"><span class='ocrx_word' id='word_1_269' title='bbox 2161 1206 2288 1275; x_wconf 87' lang='grc' dir='ltr'>έσχε</span> <span class='ocrx_word' id='word_1_270' title='bbox 2339 1203 2398 1256; x_wconf 72' lang='grc' dir='ltr'>δὲ</span> <span class='ocrx_word' id='word_1_271' title='bbox 2447 1201 2527 1272; x_wconf 82' lang='grc' dir='ltr'>τῷ</span> <span class='ocrx_word' id='word_1_272' title='bbox 2572 1199 2978 1270; x_wconf 79' lang='grc' dir='ltr'>Οὐεσπασιανῷ</span> <span class='ocrx_word' id='word_1_273' title='bbox 3028 1199 3128 1268; x_wconf 79' lang='grc' dir='ltr'>τὴν</span> <span class='ocrx_word' id='word_1_274' title='bbox 3157 1197 3338 1267; x_wconf 80' lang='grc' dir='ltr'>ὁρμὴν</span> <span class='ocrx_word' id='word_1_275' title='bbox 3381 1194 3679 1262; x_wconf 78' lang='grc' dir='ltr'>ἀγγελθεὶς</span> <span class='ocrx_word' id='word_1_276' title='bbox 3725 1195 3757 1244; x_wconf 81' lang='grc'>6</span> 
     </span>
    </p>
   </div>
   <div class='ocr_carea' id='block_1_43' title="bbox 2161 1287 3758 1362">
    <p class='ocr_par' dir='ltr' id='par_1_43' title="bbox 2161 1287 3758 1362">
     <span class='ocr_line' id='line_1_43' title="bbox 2161 1287 3758 1362; baseline -0.005 -15"><span class='ocrx_word' id='word_1_277' title='bbox 2161 1294 2356 1362; x_wconf 86' lang='grc' dir='ltr'>Νέρων</span> <span class='ocrx_word' id='word_1_278' title='bbox 2385 1292 2484 1362; x_wconf 83' lang='grc' dir='ltr'>τῆς</span> <span class='ocrx_word' id='word_1_279' title='bbox 2505 1292 2815 1362; x_wconf 81' lang='grc' dir='ltr'>αὑταρχίας</span> <span class='ocrx_word' id='word_1_280' title='bbox 2838 1288 3239 1350; x_wconf 83' lang='grc' dir='ltr'>ἑκπεπτωκὼς,</span> <span class='ocrx_word' id='word_1_281' title='bbox 3269 1289 3363 1341; x_wconf 76' lang='grc' dir='ltr'>καὶ</span> <span class='ocrx_word' id='word_1_282' title='bbox 3385 1287 3487 1357; x_wconf 84' lang='grc' dir='ltr'>τῆς</span> <span class='ocrx_word' id='word_1_283' title='bbox 3524 1287 3758 1354; x_wconf 84' lang='grc' dir='ltr'>Ῥώμης</span> 
     </span>
    </p>
   </div>
   <div class='ocr_carea' id='block_1_44' title="bbox 2161 1375 3759 1454">
    <p class='ocr_par' dir='ltr' id='par_1_44' title="bbox 2161 1375 3759 1454">
     <span class='ocr_line' id='line_1_44' title="bbox 2161 1375 3759 1454; baseline -0.006 -16"><span class='ocrx_word' id='word_1_284' title='bbox 2161 1385 2436 1454; x_wconf 76' lang='grc' dir='ltr'>λαθραίως</span> <span class='ocrx_word' id='word_1_285' title='bbox 2471 1383 2692 1454; x_wconf 77' lang='grc' dir='ltr'>ἑκδρὰς,</span> <span class='ocrx_word' id='word_1_286' title='bbox 2723 1383 2819 1435; x_wconf 68' lang='grc' dir='ltr'>κα)⁸</span> <span class='ocrx_word' id='word_1_287' title='bbox 2855 1381 3053 1434; x_wconf 81' lang='grc' dir='ltr'>ἑαυτὸν</span> <span class='ocrx_word' id='word_1_288' title='bbox 3095 1379 3324 1434; x_wconf 85' lang='grc' dir='ltr'>ἀνελών.</span> <span class='ocrx_word' id='word_1_289' title='bbox 3359 1375 3492 1432; x_wconf 75' lang='grc' dir='ltr'>Εἶτα</span> <span class='ocrx_word' id='word_1_290' title='bbox 3531 1378 3759 1433; x_wconf 70' lang='grc' dir='ltr'>Γάλϐαν</span> 
     </span>
    </p>
   </div>
   <div class='ocr_carea' id='block_1_45' title="bbox 2167 1471 3761 1547">
    <p class='ocr_par' dir='ltr' id='par_1_45' title="bbox 2167 1471 3761 1547">
     <span class='ocr_line' id='line_1_45' title="bbox 2167 1471 3761 1547; baseline -0.005 -17"><span class='ocrx_word' id='word_1_291' title='bbox 2167 1476 2355 1547; x_wconf 83' lang='grc' dir='ltr'>μαθὼν</span> <span class='ocrx_word' id='word_1_292' title='bbox 2403 1477 2700 1546; x_wconf 88' lang='grc' dir='ltr'>γενόμενον</span> <span class='ocrx_word' id='word_1_293' title='bbox 2737 1474 3140 1544; x_wconf 81' lang='grc' dir='ltr'>αὐτοκράτορα,</span> <span class='ocrx_word' id='word_1_294' title='bbox 3168 1473 3329 1525; x_wconf 84' lang='grc' dir='ltr'>Τίτον</span> <span class='ocrx_word' id='word_1_295' title='bbox 3365 1473 3580 1541; x_wconf 87' lang='grc' dir='ltr'>πέμπει</span> <span class='ocrx_word' id='word_1_296' title='bbox 3613 1471 3761 1542; x_wconf 75' lang='grc' dir='ltr'>πρὸς</span> 
     </span>
    </p>
   </div>
   <div class='ocr_carea' id='block_1_46' title="bbox 2163 1561 3760 1636">
    <p class='ocr_par' dir='ltr' id='par_1_46' title="bbox 2163 1561 3760 1636">
     <span class='ocr_line' id='line_1_46' title="bbox 2163 1561 3760 1636; baseline -0.006 -15"><span class='ocrx_word' id='word_1_297' title='bbox 2163 1568 2346 1632; x_wconf 76' lang='grc' dir='ltr'>αὑτὸν,</span> <span class='ocrx_word' id='word_1_298' title='bbox 2386 1565 2762 1636; x_wconf 84' lang='grc' dir='ltr'>προσεροῠντά</span> <span class='ocrx_word' id='word_1_299' title='bbox 2787 1583 2846 1618; x_wconf 89' lang='grc' dir='ltr'>τε</span> <span class='ocrx_word' id='word_1_300' title='bbox 2882 1567 2978 1618; x_wconf 79' lang='grc' dir='ltr'>καὶ</span> <span class='ocrx_word' id='word_1_301' title='bbox 3017 1566 3045 1618; x_wconf 85' lang='grc' dir='ltr'><strong>ὃ</strong></span> <span class='ocrx_word' id='word_1_302' title='bbox 3079 1580 3134 1616; x_wconf 89' lang='grc' dir='ltr'>τι</span> <span class='ocrx_word' id='word_1_303' title='bbox 3172 1563 3300 1633; x_wconf 77' lang='grc' dir='ltr'>περὶ</span> <span class='ocrx_word' id='word_1_304' title='bbox 3333 1561 3614 1615; x_wconf 80' lang='grc' dir='ltr'>Ἰουδαίων</span> <span class='ocrx_word' id='word_1_305' title='bbox 3658 1577 3760 1612; x_wconf 79' lang='grc' dir='ltr'>κε-</span> 
     </span>
    </p>
   </div>
   <div class='ocr_carea' id='block_1_47' title="bbox 2163 1653 3760 1728">
    <p class='ocr_par' dir='ltr' id='par_1_47' title="bbox 2163 1653 3760 1728">
     <span class='ocr_line' id='line_1_47' title="bbox 2163 1653 3760 1728; baseline -0.004 -16"><span class='ocrx_word' id='word_1_306' title='bbox 2163 1659 2307 1712; x_wconf 85' lang='grc' dir='ltr'>λεύει</span> <span class='ocrx_word' id='word_1_307' title='bbox 2341 1660 2696 1728; x_wconf 81' lang='grc' dir='ltr'>πευσόμενον.</span> <span class='ocrx_word' id='word_1_308' title='bbox 2727 1658 2850 1710; x_wconf 85' lang='grc' dir='ltr'>Ἐτι</span> <span class='ocrx_word' id='word_1_309' title='bbox 2877 1658 2934 1711; x_wconf 85' lang='grc' dir='ltr'>δὲ</span> <span class='ocrx_word' id='word_1_310' title='bbox 2967 1656 3093 1711; x_wconf 76' lang='grc' dir='ltr'>καθ’</span> <span class='ocrx_word' id='word_1_311' title='bbox 3119 1656 3242 1709; x_wconf 76' lang='grc' dir='ltr'>ὁδὸν</span> <span class='ocrx_word' id='word_1_312' title='bbox 3265 1655 3420 1717; x_wconf 81' lang='grc' dir='ltr'>δντος</span> <span class='ocrx_word' id='word_1_313' title='bbox 3448 1655 3636 1719; x_wconf 86' lang='grc' dir='ltr'>τίτου,</span> <span class='ocrx_word' id='word_1_314' title='bbox 3657 1653 3760 1706; x_wconf 73' lang='grc' dir='ltr'>καὶ</span> 
     </span>
    </p>
   </div>
   <div class='ocr_carea' id='block_1_48' title="bbox 2164 1745 3760 1821">
    <p class='ocr_par' dir='ltr' id='par_1_48' title="bbox 2164 1745 3760 1821">
     <span class='ocr_line' id='line_1_48' title="bbox 2164 1745 3760 1821; baseline -0.006 -15"><span class='ocrx_word' id='word_1_315' title='bbox 2164 1755 2191 1806; x_wconf 87' lang='grc' dir='ltr'><strong>ὁ</strong></span> <span class='ocrx_word' id='word_1_316' title='bbox 2228 1752 2438 1814; x_wconf 73' lang='grc' dir='ltr'>Γάλϐας</span> <span class='ocrx_word' id='word_1_317' title='bbox 2464 1750 2725 1821; x_wconf 81' lang='grc' dir='ltr'>ἀνῄρητο.</span> <span class='ocrx_word' id='word_1_318' title='bbox 2763 1750 2946 1820; x_wconf 87' lang='grc' dir='ltr'>Ὅπερ·</span> <span class='ocrx_word' id='word_1_319' title='bbox 2997 1749 3238 1810; x_wconf 85' lang='grc' dir='ltr'>ἀκούσας</span> <span class='ocrx_word' id='word_1_320' title='bbox 3298 1749 3327 1800; x_wconf 86' lang='grc' dir='ltr'><strong>ὀ</strong></span> <span class='ocrx_word' id='word_1_321' title='bbox 3383 1747 3564 1809; x_wconf 84' lang='grc' dir='ltr'>Τίτος,</span> <span class='ocrx_word' id='word_1_322' title='bbox 3613 1745 3760 1815; x_wconf 63' lang='grc' dir='ltr'>πρὸς</span> 
     </span>
    </p>
   </div>
   <div class='ocr_carea' id='block_1_49' title="bbox 2165 1837 3758 1914">
    <p class='ocr_par' dir='ltr' id='par_1_49' title="bbox 2165 1837 3758 1914">
     <span class='ocr_line' id='line_1_49' title="bbox 2165 1837 3758 1914; baseline -0.005 -16"><span class='ocrx_word' id='word_1_323' title='bbox 2165 1844 2258 1899; x_wconf 79' lang='grc' dir='ltr'>τὸν</span> <span class='ocrx_word' id='word_1_324' title='bbox 2291 1843 2510 1914; x_wconf 83' lang='grc' dir='ltr'>πατέρα</span> <span class='ocrx_word' id='word_1_325' title='bbox 2555 1844 2897 1905; x_wconf 81' lang='grc' dir='ltr'>παλινοστετ,</span> <span class='ocrx_word' id='word_1_326' title='bbox 2931 1842 3027 1894; x_wconf 78' lang='grc' dir='ltr'>καὶ</span> <span class='ocrx_word' id='word_1_327' title='bbox 3061 1841 3149 1893; x_wconf 77' lang='grc' dir='ltr'>διὰ</span> <span class='ocrx_word' id='word_1_328' title='bbox 3191 1838 3252 1893; x_wconf 80' lang='grc' dir='ltr'>τὸ</span> <span class='ocrx_word' id='word_1_329' title='bbox 3293 1839 3427 1910; x_wconf 81' lang='grc' dir='ltr'>περὶ</span> <span class='ocrx_word' id='word_1_330' title='bbox 3469 1839 3569 1906; x_wconf 84' lang='grc' dir='ltr'>τῆς</span> <span class='ocrx_word' id='word_1_331' title='bbox 3611 1837 3758 1890; x_wconf 79' lang='grc' dir='ltr'>Ῥω-</span> 
     </span>
    </p>
   </div>
   <div class='ocr_carea' id='block_1_50' title="bbox 2169 1930 3757 2009">
    <p class='ocr_par' dir='ltr' id='par_1_50' title="bbox 2169 1930 3757 2009">
     <span class='ocr_line' id='line_1_50' title="bbox 2169 1930 3757 2009; baseline -0.006 -17"><span class='ocrx_word' id='word_1_332' title='bbox 2169 1937 2344 2009; x_wconf 88' lang='grc' dir='ltr'>μαίων</span> <span class='ocrx_word' id='word_1_333' title='bbox 2382 1936 2555 2005; x_wconf 80' lang='grc' dir='ltr'>ἀρχῆς</span> <span class='ocrx_word' id='word_1_334' title='bbox 2571 1935 2872 2004; x_wconf 80' lang='grc' dir='ltr'>ἀμφίϐολον</span> <span class='ocrx_word' id='word_1_335' title='bbox 2905 1934 3005 1986; x_wconf 80' lang='grc' dir='ltr'>οὐκ</span> <span class='ocrx_word' id='word_1_336' title='bbox 3036 1933 3359 2004; x_wconf 65' lang='grc' dir='ltr'>ἐπεχείρουν</span> <span class='ocrx_word' id='word_1_337' title='bbox 3387 1935 3454 2002; x_wconf 86' lang='grc' dir='ltr'>τῇ</span> <span class='ocrx_word' id='word_1_338' title='bbox 3483 1931 3627 1985; x_wconf 74' lang='grc' dir='ltr'>κατὰ</span> <span class='ocrx_word' id='word_1_339' title='bbox 3645 1930 3757 1997; x_wconf 77' lang='grc' dir='ltr'>τῆς</span> 
     </span>
    </p>
   </div>
   <div class='ocr_carea' id='block_1_51' title="bbox 2176 2022 3754 2100">
    <p class='ocr_par' dir='ltr' id='par_1_51' title="bbox 2176 2022 3754 2100">
     <span class='ocr_line' id='line_1_51' title="bbox 2176 2022 3754 2100; baseline -0.007 -16"><span class='ocrx_word' id='word_1_340' title='bbox 2176 2027 2532 2100; x_wconf 81' lang='grc' dir='ltr'>Ἰερουσαλὴμ</span> <span class='ocrx_word' id='word_1_341' title='bbox 2561 2025 2866 2099; x_wconf 79' lang='grc' dir='ltr'>προσϐολῇ,</span> <span class='ocrx_word' id='word_1_342' title='bbox 2904 2024 3020 2078; x_wconf 78' lang='grc' dir='ltr'>ἀλλ’</span> <span class='ocrx_word' id='word_1_343' title='bbox 3044 2026 3288 2094; x_wconf 82' lang='grc' dir='ltr'>ἠρέμουν</span> <span class='ocrx_word' id='word_1_344' title='bbox 3316 2024 3374 2076; x_wconf 86' lang='grc' dir='ltr'>ἑν</span> <span class='ocrx_word' id='word_1_345' title='bbox 3410 2022 3754 2093; x_wconf 62' lang='grc' dir='ltr'>Καισαρείᾳ.</span> 
     </span>
    </p>
   </div>
   <div class='ocr_carea' id='block_1_52' title="bbox 2163 2115 3754 2192">
    <p class='ocr_par' dir='ltr' id='par_1_52' title="bbox 2163 2115 3754 2192">
     <span class='ocr_line' id='line_1_52' title="bbox 2163 2115 3754 2192; baseline -0.005 -16"><span class='ocrx_word' id='word_1_346' title='bbox 2163 2121 2371 2177; x_wconf 83' lang='grc' dir='ltr'>Γάλϐου</span> <span class='ocrx_word' id='word_1_347' title='bbox 2407 2121 2463 2173; x_wconf 77' lang='grc' dir='ltr'>δὲ</span> <span class='ocrx_word' id='word_1_348' title='bbox 2491 2120 2868 2192; x_wconf 73' lang='grc' dir='ltr'>ἀνῃρημένου,</span> <span class='ocrx_word' id='word_1_349' title='bbox 2900 2117 3080 2170; x_wconf 86' lang='grc' dir='ltr'>Ὄθων</span> <span class='ocrx_word' id='word_1_350' title='bbox 3105 2119 3206 2186; x_wconf 71' lang='grc' dir='ltr'>τὴν</span> <span class='ocrx_word' id='word_1_351' title='bbox 3234 2117 3412 2187; x_wconf 79' lang='grc' dir='ltr'>ἀρχὴν</span> <span class='ocrx_word' id='word_1_352' title='bbox 3443 2115 3754 2182; x_wconf 82' lang='grc' dir='ltr'>διεδέξατο.</span> 
     </span>
    </p>
   </div>
   <div class='ocr_carea' id='block_1_53' title="bbox 2164 2207 3762 2282">
    <p class='ocr_par' dir='ltr' id='par_1_53' title="bbox 2164 2207 3762 2282">
     <span class='ocr_line' id='line_1_53' title="bbox 2164 2207 3762 2282; baseline -0.004 -15"><span class='ocrx_word' id='word_1_353' title='bbox 2164 2215 2246 2267; x_wconf 85' lang='grc' dir='ltr'>Τά</span> <span class='ocrx_word' id='word_1_354' title='bbox 2279 2215 2335 2266; x_wconf 83' lang='grc' dir='ltr'>δὲ</span> <span class='ocrx_word' id='word_1_355' title='bbox 2361 2215 2420 2266; x_wconf 82' lang='grc' dir='ltr'>ὲν</span> <span class='ocrx_word' id='word_1_356' title='bbox 2457 2211 2740 2282; x_wconf 80' lang='grc' dir='ltr'>Γερμανίᾳ</span> <span class='ocrx_word' id='word_1_357' title='bbox 2766 2211 3111 2280; x_wconf 75' lang='grc' dir='ltr'>τυγχάνοντα</span> <span class='ocrx_word' id='word_1_358' title='bbox 3146 2209 3406 2279; x_wconf 78' lang='grc' dir='ltr'>τάγματα</span> <span class='ocrx_word' id='word_1_359' title='bbox 3437 2207 3762 2261; x_wconf 71' lang='grc' dir='ltr'>Οὐϊτέλλιον</span> 
     </span>
    </p>
   </div>
   <div class='ocr_carea' id='block_1_54' title="bbox 2163 2295 3761 2376">
    <p class='ocr_par' dir='ltr' id='par_1_54' title="bbox 2163 2295 3761 2376">
     <span class='ocr_line' id='line_1_54' title="bbox 2163 2295 3761 2376; baseline -0.006 -17"><span class='ocrx_word' id='word_1_360' title='bbox 2163 2305 2544 2376; x_wconf 82' lang='grc' dir='ltr'>ἀνηγόρευσαν</span> <span class='ocrx_word' id='word_1_361' title='bbox 2582 2301 2985 2372; x_wconf 83' lang='grc' dir='ltr'>αὐτοκράτορα.</span> <span class='ocrx_word' id='word_1_362' title='bbox 3021 2300 3248 2364; x_wconf 87' lang='grc' dir='ltr'>Στείλας</span> <span class='ocrx_word' id='word_1_363' title='bbox 3275 2295 3372 2354; x_wconf 81' lang='grc' dir='ltr'>οὖν</span> <span class='ocrx_word' id='word_1_364' title='bbox 3407 2299 3591 2352; x_wconf 87' lang='grc' dir='ltr'>Ὄθων</span> <span class='ocrx_word' id='word_1_365' title='bbox 3622 2299 3761 2351; x_wconf 63' lang='lat' dir='ltr'><strong>tino-</strong></span> 
     </span>
    </p>
   </div>
   <div class='ocr_carea' id='block_1_55' title="bbox 2161 2389 3761 2466">
    <p class='ocr_par' dir='ltr' id='par_1_55' title="bbox 2161 2389 3761 2466">
     <span class='ocr_line' id='line_1_55' title="bbox 2161 2389 3761 2466; baseline -0.003 -18"><span class='ocrx_word' id='word_1_366' title='bbox 2161 2397 2221 2448; x_wconf 86' lang='grc' dir='ltr'>λέ</span> <span class='ocrx_word' id='word_1_367' title='bbox 2233 2413 2321 2466; x_wconf 88' lang='grc' dir='ltr'>μει</span> <span class='ocrx_word' id='word_1_368' title='bbox 2353 2395 2668 2466; x_wconf 82' lang='grc' dir='ltr'>Ούῖτελλίῳ.</span> <span class='ocrx_word' id='word_1_369' title='bbox 2711 2394 2878 2466; x_wconf 86' lang='grc' dir='ltr'>Ἥττη</span> <span class='ocrx_word' id='word_1_370' title='bbox 2889 2394 3066 2462; x_wconf 89' lang='grc' dir='ltr'>μένων</span> <span class='ocrx_word' id='word_1_371' title='bbox 3087 2393 3146 2446; x_wconf 78' lang='grc' dir='ltr'>δὲ</span> <span class='ocrx_word' id='word_1_372' title='bbox 3164 2393 3271 2446; x_wconf 88' lang='grc' dir='ltr'>τῶν</span> <span class='ocrx_word' id='word_1_373' title='bbox 3295 2389 3761 2460; x_wconf 79' lang='grc' dir='ltr'>ἀπεσταλμένων,</span> 
     </span>
    </p>
   </div>
   <div class='ocr_carea' id='block_1_56' title="bbox 2167 2483 3760 2560">
    <p class='ocr_par' dir='ltr' id='par_1_56' title="bbox 2167 2483 3760 2560">
     <span class='ocr_line' id='line_1_56' title="bbox 2167 2483 3760 2560; baseline -0.006 -16"><span class='ocrx_word' id='word_1_374' title='bbox 2167 2492 2345 2544; x_wconf 85' lang='grc' dir='ltr'>Ὄθων</span> <span class='ocrx_word' id='word_1_375' title='bbox 2373 2489 2568 2542; x_wconf 82' lang='grc' dir='ltr'>ἑαυτὸν</span> <span class='ocrx_word' id='word_1_376' title='bbox 2601 2486 2954 2560; x_wconf 81' lang='grc' dir='ltr'>διεχρήσατο,</span> <span class='ocrx_word' id='word_1_377' title='bbox 2989 2487 3099 2540; x_wconf 76' lang='grc' dir='ltr'>Καὶ</span> <span class='ocrx_word' id='word_1_378' title='bbox 3131 2485 3444 2545; x_wconf 63' lang='grc' dir='ltr'>Οὐϊτέλλιος</span> <span class='ocrx_word' id='word_1_379' title='bbox 3485 2485 3567 2544; x_wconf 86' lang='grc' dir='ltr'>εἱς</span> <span class='ocrx_word' id='word_1_380' title='bbox 3615 2483 3760 2536; x_wconf 79' lang='grc' dir='ltr'>Ῥώ-</span> 
     </span>
    </p>
   </div>
   <div class='ocr_carea' id='block_1_57' title="bbox 2166 2574 3759 2653">
    <p class='ocr_par' dir='ltr' id='par_1_57' title="bbox 2166 2574 3759 2653">
     <span class='ocr_line' id='line_1_57' title="bbox 2166 2574 3759 2653; baseline -0.005 -19"><span class='ocrx_word' id='word_1_381' title='bbox 2166 2599 2274 2653; x_wconf 85' lang='grc' dir='ltr'>μην</span> <span class='ocrx_word' id='word_1_382' title='bbox 2317 2579 2484 2652; x_wconf 81' lang='grc' dir='ltr'>ἀπῄει</span> <span class='ocrx_word' id='word_1_383' title='bbox 2527 2584 2624 2635; x_wconf 79' lang='grc' dir='ltr'>σὺν</span> <span class='ocrx_word' id='word_1_384' title='bbox 2666 2582 2781 2642; x_wconf 81' lang='grc' dir='ltr'>τοῖς</span> <span class='ocrx_word' id='word_1_385' title='bbox 2829 2577 3271 2650; x_wconf 80' lang='grc' dir='ltr'>στρατεύμασινο</span> <span class='ocrx_word' id='word_1_386' title='bbox 3317 2575 3418 2647; x_wconf 69' lang='grc' dir='ltr'>ἤδη</span> <span class='ocrx_word' id='word_1_387' title='bbox 3451 2578 3560 2645; x_wconf 73' lang='grc' dir='ltr'>γὰρ</span> <span class='ocrx_word' id='word_1_388' title='bbox 3597 2574 3759 2641; x_wconf 82' lang='grc' dir='ltr'>αὐτῷ</span> 
     </span>
    </p>
   </div>
   <div class='ocr_carea' id='block_1_58' title="bbox 2163 2668 3763 2743">
    <p class='ocr_par' dir='ltr' id='par_1_58' title="bbox 2163 2668 3763 2743">
     <span class='ocr_line' id='line_1_58' title="bbox 2163 2668 3763 2743; baseline -0.004 -14"><span class='ocrx_word' id='word_1_389' title='bbox 2163 2674 2258 2729; x_wconf 65' lang='grc' dir='ltr'>καὶ</span> <span class='ocrx_word' id='word_1_390' title='bbox 2315 2675 2365 2727; x_wconf 85' lang='lat' dir='ltr'>oi</span> <span class='ocrx_word' id='word_1_391' title='bbox 2407 2672 2502 2727; x_wconf 82' lang='grc' dir='ltr'>τοῦ</span> <span class='ocrx_word' id='word_1_392' title='bbox 2541 2673 2781 2736; x_wconf 77' lang='grc' dir='ltr'>Ὄθωνος</span> <span class='ocrx_word' id='word_1_393' title='bbox 2821 2671 3280 2743; x_wconf 85' lang='grc' dir='ltr'>προσεχώρησαν.</span> <span class='ocrx_word' id='word_1_394' title='bbox 3328 2668 3763 2732; x_wconf 72' lang='grc' dir='ltr'>Οὐεσπασιανὸς</span> 
     </span>
    </p>
   </div>
   <div class='ocr_carea' id='block_1_59' title="bbox 2164 2761 3763 2837">
    <p class='ocr_par' dir='ltr' id='par_1_59' title="bbox 2164 2761 3763 2837">
     <span class='ocr_line' id='line_1_59' title="bbox 2164 2761 3763 2837; baseline -0.004 -16"><span class='ocrx_word' id='word_1_395' title='bbox 2164 2767 2242 2834; x_wconf 78' lang='grc' dir='ltr'>δὲ,</span> <span class='ocrx_word' id='word_1_396' title='bbox 2281 2769 2334 2820; x_wconf 81' lang='grc' dir='ltr'>εἴ</span> <span class='ocrx_word' id='word_1_397' title='bbox 2359 2784 2484 2820; x_wconf 89' lang='grc' dir='ltr'>τινα</span> <span class='ocrx_word' id='word_1_398' title='bbox 2514 2761 2657 2835; x_wconf 80' lang='grc' dir='ltr'>ἦσαν</span> <span class='ocrx_word' id='word_1_399' title='bbox 2700 2766 2996 2837; x_wconf 83' lang='grc' dir='ltr'>περίλοιπα</span> <span class='ocrx_word' id='word_1_400' title='bbox 3025 2765 3134 2818; x_wconf 87' lang='grc' dir='ltr'>τῶν</span> <span class='ocrx_word' id='word_1_401' title='bbox 3171 2762 3450 2818; x_wconf 81' lang='grc' dir='ltr'>Ἰουδαίων</span> <span class='ocrx_word' id='word_1_402' title='bbox 3499 2761 3763 2832; x_wconf 72' lang='grc' dir='ltr'>πολίχνια</span> 
     </span>
    </p>
   </div>
   <div class='ocr_carea' id='block_1_60' title="bbox 2167 2854 3763 2929">
    <p class='ocr_par' dir='ltr' id='par_1_60' title="bbox 2167 2854 3763 2929">
     <span class='ocr_line' id='line_1_60' title="bbox 2167 2854 3763 2929; baseline 0.01 -23"><span class='ocrx_word' id='word_1_403' title='bbox 2167 2859 2336 2929; x_wconf 81' lang='grc' dir='ltr'>μήπω</span> <span class='ocrx_word' id='word_1_404' title='bbox 2362 2857 2664 2921; x_wconf 82' lang='grc' dir='ltr'>ἑαλωκότα,</span> <span class='ocrx_word' id='word_1_405' title='bbox 2691 2855 2908 2918; x_wconf 80' lang='grc' dir='ltr'>στείλας</span> <span class='ocrx_word' id='word_1_406' title='bbox 2937 2855 3161 2926; x_wconf 74' lang='grc' dir='ltr'>ἐπόρθει</span> <span class='ocrx_word' id='word_1_407' title='bbox 3203 2855 3295 2908; x_wconf 78' lang='grc' dir='ltr'>καὶ</span> <span class='ocrx_word' id='word_1_408' title='bbox 3319 2855 3519 2918; x_wconf 70' lang='grc' dir='ltr'>ταῦτα,</span> <span class='ocrx_word' id='word_1_409' title='bbox 3549 2854 3630 2916; x_wconf 73' lang='grc' dir='ltr'>ὡς</span> <span class='ocrx_word' id='word_1_410' title='bbox 3660 2855 3763 2922; x_wconf 73' lang='grc' dir='ltr'>μά-</span> 
     </span>
    </p>
   </div>
   <div class='ocr_carea' id='block_1_61' title="bbox 2162 2947 3824 3024">
    <p class='ocr_par' dir='ltr' id='par_1_61' title="bbox 2162 2947 3824 3024">
     <span class='ocr_line' id='line_1_61' title="bbox 2162 2947 3824 3024; baseline -0.004 -19"><span class='ocrx_word' id='word_1_411' title='bbox 2162 2969 2262 3024; x_wconf 89' lang='grc' dir='ltr'>νην</span> <span class='ocrx_word' id='word_1_412' title='bbox 2289 2952 2389 3023; x_wconf 67' lang='grc' dir='ltr'>ἤδη</span> <span class='ocrx_word' id='word_1_413' title='bbox 2420 2952 2521 3021; x_wconf 83' lang='grc' dir='ltr'>τὴν</span> <span class='ocrx_word' id='word_1_414' title='bbox 2549 2951 2660 3004; x_wconf 91' lang='grc' dir='ltr'>τῶν</span> <span class='ocrx_word' id='word_1_415' title='bbox 2702 2950 3100 3021; x_wconf 86' lang='grc' dir='ltr'>Ἰεροσολύμων</span> <span class='ocrx_word' id='word_1_416' title='bbox 3140 2949 3297 3002; x_wconf 85' lang='grc' dir='ltr'>πόλιν</span> <span class='ocrx_word' id='word_1_417' title='bbox 3357 2947 3562 3001; x_wconf 79' lang='grc' dir='ltr'>σκοπὸν</span> <span class='ocrx_word' id='word_1_418' title='bbox 3611 2947 3762 2999; x_wconf 81' lang='grc' dir='ltr'>Ῥω-</span> <span class='ocrx_word' id='word_1_419' title='bbox 3816 2988 3824 2997; x_wconf 60' lang='grc' dir='ltr'>ς</span> 
     </span>
    </p>
   </div>
   <div class='ocr_carea' id='block_1_62' title="bbox 483 3037 2056 3125">
    <p class='ocr_par' dir='ltr' id='par_1_62' title="bbox 483 3037 2056 3109">
     <span class='ocr_line' id='line_1_62' title="bbox 483 3037 2056 3109; baseline -0.002 -15"><span class='ocrx_word' id='word_1_420' title='bbox 483 3038 709 3109; x_wconf 89' lang='lat' dir='ltr'><strong>solymis</strong></span> <span class='ocrx_word' id='word_1_421' title='bbox 748 3048 1037 3108; x_wconf 79' lang='lat' dir='ltr'><strong>geruntur,</strong></span> <span class='ocrx_word' id='word_1_422' title='bbox 1078 3038 1329 3093; x_wconf 79' lang='lat' dir='ltr'><strong>Vitellius</strong></span> <span class='ocrx_word' id='word_1_423' title='bbox 1359 3038 1589 3092; x_wconf 85' lang='lat' dir='ltr'><strong>Romam</strong></span> <span class='ocrx_word' id='word_1_424' title='bbox 1635 3037 1916 3107; x_wconf 82' lang='lat' dir='ltr'><strong>profectus</strong></span> <span class='ocrx_word' id='word_1_425' title='bbox 1953 3037 2056 3091; x_wconf 88' lang='lat' dir='ltr'><strong>im-</strong></span> 
     </span>
    </p>
   </div>
   <div class='ocr_carea' id='block_1_63' title="bbox 2159 3037 3763 3125">
    <p class='ocr_par' dir='ltr' id='par_1_63' title="bbox 2167 3039 3763 3115">
     <span class='ocr_line' id='line_1_63' title="bbox 2167 3039 3763 3115; baseline -0.004 -19"><span class='ocrx_word' id='word_1_426' title='bbox 2167 3042 2346 3114; x_wconf 90' lang='grc' dir='ltr'>μαίοις</span> <span class='ocrx_word' id='word_1_427' title='bbox 2396 3041 2924 3115; x_wconf 85' lang='grc' dir='ltr'>περιλιμπάνεσθαι.</span> <span class='ocrx_word' id='word_1_428' title='bbox 2973 3042 3178 3095; x_wconf 82' lang='grc' dir='ltr'>Ἐνόσει</span> <span class='ocrx_word' id='word_1_429' title='bbox 3214 3041 3271 3094; x_wconf 82' lang='grc' dir='ltr'>δὲ</span> <span class='ocrx_word' id='word_1_430' title='bbox 3309 3039 3523 3103; x_wconf 80' lang='grc' dir='ltr'>δεινῶς,</span> <span class='ocrx_word' id='word_1_431' title='bbox 3555 3040 3636 3101; x_wconf 79' lang='grc' dir='ltr'>ὡς</span> <span class='ocrx_word' id='word_1_432' title='bbox 3673 3039 3763 3091; x_wconf 72' lang='grc' dir='ltr'>ετ-</span> 
     </span>
    </p>
   </div>
   <div class='ocr_carea' id='block_1_64' title="bbox 483 3130 2056 3206">
    <p class='ocr_par' dir='ltr' id='par_1_64' title="bbox 483 3130 2056 3202">
     <span class='ocr_line' id='line_1_64' title="bbox 483 3130 2056 3202; baseline -0.002 -16"><span class='ocrx_word' id='word_1_433' title='bbox 483 3142 708 3202; x_wconf 86' lang='lat' dir='ltr'><strong>perator</strong></span> <span class='ocrx_word' id='word_1_434' title='bbox 758 3131 1070 3200; x_wconf 84' lang='lat' dir='ltr'><strong>appellatur</strong></span> <span class='ocrx_word' id='word_1_435' title='bbox 1114 3147 1131 3182; x_wconf 84' lang='lat'><strong>:</strong></span> <span class='ocrx_word' id='word_1_436' title='bbox 1160 3145 1324 3200; x_wconf 85' lang='lat' dir='ltr'><strong>quem</strong></span> <span class='ocrx_word' id='word_1_437' title='bbox 1371 3145 1498 3184; x_wconf 91' lang='lat' dir='ltr'>cum</span> <span class='ocrx_word' id='word_1_438' title='bbox 1532 3130 1924 3199; x_wconf 78' lang='lat' dir='ltr'><strong>Vespasianus,</strong></span> <span class='ocrx_word' id='word_1_439' title='bbox 1988 3144 2056 3184; x_wconf 90' lang='lat' dir='ltr'>eo</span> 
     </span>
    </p>
   </div>
   <div class='ocr_carea' id='block_1_65' title="bbox 2159 3130 3759 3206">
    <p class='ocr_par' dir='ltr' id='par_1_65' title="bbox 2167 3130 3759 3206">
     <span class='ocr_line' id='line_1_65' title="bbox 2167 3130 3759 3206; baseline -0.002 -19"><span class='ocrx_word' id='word_1_440' title='bbox 2167 3152 2351 3206; x_wconf 86' lang='grc' dir='ltr'>ρηται,</span> <span class='ocrx_word' id='word_1_441' title='bbox 2401 3135 2473 3188; x_wconf 83' lang='grc' dir='ltr'>τά</span> <span class='ocrx_word' id='word_1_442' title='bbox 2515 3135 2614 3204; x_wconf 80' lang='grc' dir='ltr'>τῆς</span> <span class='ocrx_word' id='word_1_443' title='bbox 2647 3134 2878 3198; x_wconf 88' lang='grc' dir='ltr'>πόλεως.</span> <span class='ocrx_word' id='word_1_444' title='bbox 2920 3133 3163 3198; x_wconf 82' lang='grc' dir='ltr'>Ἐξωθεν</span> <span class='ocrx_word' id='word_1_445' title='bbox 3213 3133 3314 3202; x_wconf 79' lang='grc' dir='ltr'>μὲν</span> <span class='ocrx_word' id='word_1_446' title='bbox 3349 3133 3455 3202; x_wconf 79' lang='grc' dir='ltr'>γὰρ</span> <span class='ocrx_word' id='word_1_447' title='bbox 3501 3134 3529 3185; x_wconf 78' lang='grc' dir='ltr'><strong><em>ὁ</em></strong></span> <span class='ocrx_word' id='word_1_448' title='bbox 3561 3130 3759 3200; x_wconf 81' lang='grc' dir='ltr'>Σίμων</span> 
     </span>
    </p>
   </div>
   <div class='ocr_carea' id='block_1_66' title="bbox 481 3222 2056 3296">
    <p class='ocr_par' dir='ltr' id='par_1_66' title="bbox 481 3222 2056 3289">
     <span class='ocr_line' id='line_1_66' title="bbox 481 3222 2056 3289; baseline -0.001 -11"><span class='ocrx_word' id='word_1_449' title='bbox 481 3224 683 3279; x_wconf 75' lang='lat' dir='ltr'><strong>nuntio</strong></span> <span class='ocrx_word' id='word_1_450' title='bbox 717 3224 945 3278; x_wconf 88' lang='lat' dir='ltr'><strong>minime</strong></span> <span class='ocrx_word' id='word_1_451' title='bbox 977 3224 1305 3289; x_wconf 88' lang='lat' dir='ltr'><strong>delectatus,</strong></span> <span class='ocrx_word' id='word_1_452' title='bbox 1341 3222 1626 3276; x_wconf 87' lang='lat' dir='ltr'><strong>dominum</strong></span> <span class='ocrx_word' id='word_1_453' title='bbox 1653 3222 1860 3277; x_wconf 88' lang='lat' dir='ltr'><strong>habere</strong></span> <span class='ocrx_word' id='word_1_454' title='bbox 1894 3237 2056 3278; x_wconf 88' lang='lat' dir='ltr'><strong>recu-</strong></span> 
     </span>
    </p>
   </div>
   <div class='ocr_carea' id='block_1_67' title="bbox 2159 3222 3764 3296">
    <p class='ocr_par' dir='ltr' id='par_1_67' title="bbox 2165 3223 3764 3296">
     <span class='ocr_line' id='line_1_67' title="bbox 2165 3223 3764 3296; baseline -0.002 -16"><span class='ocrx_word' id='word_1_455' title='bbox 2165 3227 2262 3280; x_wconf 81' lang='grc' dir='ltr'>καὶ</span> <span class='ocrx_word' id='word_1_456' title='bbox 2287 3226 2337 3278; x_wconf 87' lang='grc' dir='ltr'>οί</span> <span class='ocrx_word' id='word_1_457' title='bbox 2365 3225 2496 3296; x_wconf 69' lang='grc' dir='ltr'>περὶ</span> <span class='ocrx_word' id='word_1_458' title='bbox 2523 3225 2690 3280; x_wconf 75' lang='grc' dir='ltr'>αὐτὸν</span> <span class='ocrx_word' id='word_1_459' title='bbox 2732 3229 2848 3290; x_wconf 85' lang='grc' dir='ltr'>τοῖς</span> <span class='ocrx_word' id='word_1_460' title='bbox 2877 3225 3157 3288; x_wconf 84' lang='grc' dir='ltr'>Ἰουδαίοις</span> <span class='ocrx_word' id='word_1_461' title='bbox 3197 3224 3490 3296; x_wconf 85' lang='grc' dir='ltr'>Ῥωμαίων</span> <span class='ocrx_word' id='word_1_462' title='bbox 3516 3223 3764 3295; x_wconf 72' lang='grc' dir='ltr'>ἑτύγχα-</span> 
     </span>
    </p>
   </div>
   <div class='ocr_carea' id='block_1_68' title="bbox 480 3312 2056 3391">
    <p class='ocr_par' dir='ltr' id='par_1_68' title="bbox 480 3312 2056 3384">
     <span class='ocr_line' id='line_1_68' title="bbox 480 3312 2056 3384; baseline -0.001 -15"><span class='ocrx_word' id='word_1_463' title='bbox 480 3324 648 3378; x_wconf 82' lang='lat' dir='ltr'><strong>saret,</strong></span> <span class='ocrx_word' id='word_1_464' title='bbox 669 3331 700 3370; x_wconf 89' lang='lat' dir='ltr'>a</span> <span class='ocrx_word' id='word_1_465' title='bbox 734 3315 852 3371; x_wconf 84' lang='lat' dir='ltr'><strong>suis</strong></span> <span class='ocrx_word' id='word_1_466' title='bbox 882 3315 1122 3371; x_wconf 88' lang='lat' dir='ltr'><strong>ducibus</strong></span> <span class='ocrx_word' id='word_1_467' title='bbox 1160 3324 1216 3371; x_wconf 88' lang='lat' dir='ltr'>et</span> <span class='ocrx_word' id='word_1_468' title='bbox 1241 3315 1477 3370; x_wconf 87' lang='lat' dir='ltr'><strong>militum</strong></span> <span class='ocrx_word' id='word_1_469' title='bbox 1511 3327 1787 3369; x_wconf 88' lang='lat' dir='ltr'><strong>consensu</strong></span> <span class='ocrx_word' id='word_1_470' title='bbox 1818 3312 2056 3384; x_wconf 79' lang='lat' dir='ltr'><strong>impera-</strong></span> 
     </span>
    </p>
   </div>
   <div class='ocr_carea' id='block_1_69' title="bbox 2159 3312 3758 3391">
    <p class='ocr_par' dir='ltr' id='par_1_69' title="bbox 2165 3316 3758 3391">
     <span class='ocr_line' id='line_1_69' title="bbox 2165 3316 3758 3391; baseline -0.003 -19"><span class='ocrx_word' id='word_1_471' title='bbox 2165 3335 2257 3372; x_wconf 83' lang='lat' dir='ltr'>vov</span> <span class='ocrx_word' id='word_1_472' title='bbox 2304 3319 2706 3391; x_wconf 83' lang='grc' dir='ltr'>φοϐερώτεροι·</span> <span class='ocrx_word' id='word_1_473' title='bbox 2737 3320 2887 3373; x_wconf 82' lang='grc' dir='ltr'>ένδον</span> <span class='ocrx_word' id='word_1_474' title='bbox 2931 3319 2976 3373; x_wconf 77' lang='grc' dir='ltr'>δ’</span> <span class='ocrx_word' id='word_1_475' title='bbox 3006 3319 3056 3371; x_wconf 80' lang='lat' dir='ltr'>oi</span> <span class='ocrx_word' id='word_1_476' title='bbox 3101 3318 3348 3388; x_wconf 73' lang='grc' dir='ltr'>ζηλωταὶ</span> <span class='ocrx_word' id='word_1_477' title='bbox 3392 3316 3758 3387; x_wconf 82' lang='grc' dir='ltr'>καλούμενοι,</span> 
     </span>
    </p>
   </div>
   <div class='ocr_carea' id='block_1_70' title="bbox 480 3403 2056 3483">
    <p class='ocr_par' dir='ltr' id='par_1_70' title="bbox 480 3410 884 3465">
     <span class='ocr_line' id='line_1_70' title="bbox 480 3410 884 3465; baseline 0.007 -3"><span class='ocrx_word' id='word_1_478' title='bbox 480 3415 569 3464; x_wconf 90' lang='lat' dir='ltr'>tor</span> <span class='ocrx_word' id='word_1_479' title='bbox 595 3410 884 3465; x_wconf 87' lang='lat' dir='ltr'><strong>salutatur.</strong></span> 
     </span>
    </p>
   </div>
   <div class='ocr_carea' id='block_1_71' title="bbox 2159 3403 3760 3483">
    <p class='ocr_par' dir='ltr' id='par_1_71' title="bbox 2164 3403 3760 3483">
     <span class='ocr_line' id='line_1_71' title="bbox 2164 3403 3760 3483; baseline -0.003 -19"><span class='ocrx_word' id='word_1_480' title='bbox 2164 3411 2262 3464; x_wconf 87' lang='grc' dir='ltr'>καί</span> <span class='ocrx_word' id='word_1_481' title='bbox 2289 3413 2316 3464; x_wconf 88' lang='grc' dir='ltr'>ὁ</span> <span class='ocrx_word' id='word_1_482' title='bbox 2338 3411 2543 3464; x_wconf 91' lang='grc' dir='ltr'>τούτων</span> <span class='ocrx_word' id='word_1_483' title='bbox 2569 3412 2817 3483; x_wconf 79' lang='grc' dir='ltr'>ἐξάρχων</span> <span class='ocrx_word' id='word_1_484' title='bbox 2853 3411 3130 3480; x_wconf 78' lang='grc' dir='ltr'>Ἰωάννης,</span> <span class='ocrx_word' id='word_1_485' title='bbox 3160 3411 3257 3464; x_wconf 71' lang='grc' dir='ltr'>καὶ</span> <span class='ocrx_word' id='word_1_486' title='bbox 3292 3412 3582 3480; x_wconf 86' lang='grc' dir='ltr'>Ῥωμαίων</span> <span class='ocrx_word' id='word_1_487' title='bbox 3607 3403 3760 3480; x_wconf 73' lang='grc' dir='ltr'>ἦσαν</span> 
     </span>
    </p>
   </div>
   <div class='ocr_carea' id='block_1_72' title="bbox 479 3499 3758 3576">
    <p class='ocr_par' dir='ltr' id='par_1_72' title="bbox 479 3499 3758 3576">
     <span class='ocr_line' id='line_1_72' title="bbox 479 3499 3758 3576; baseline -0 -19"><span class='ocrx_word' id='word_1_488' title='bbox 479 3505 577 3557; x_wconf 76' lang='grc' dir='ltr'>καὶ</span> <span class='ocrx_word' id='word_1_489' title='bbox 618 3502 713 3556; x_wconf 81' lang='grc' dir='ltr'>τοῦ</span> <span class='ocrx_word' id='word_1_490' title='bbox 745 3502 990 3573; x_wconf 87' lang='grc' dir='ltr'>Σίμωνος</span> <span class='ocrx_word' id='word_1_491' title='bbox 1026 3501 1421 3574; x_wconf 85' lang='grc' dir='ltr'>χαλεπώτεροι.</span> <span class='ocrx_word' id='word_1_492' title='bbox 1465 3503 1813 3572; x_wconf 81' lang='grc' dir='ltr'>Σφοδρότατα</span> <span class='ocrx_word' id='word_1_493' title='bbox 1841 3501 1899 3556; x_wconf 67' lang='grc' dir='ltr'>δὲ</span> <span class='ocrx_word' id='word_1_494' title='bbox 1933 3499 2274 3573; x_wconf 77' lang='grc' dir='ltr'>βιαζομένων</span> <span class='ocrx_word' id='word_1_495' title='bbox 2337 3505 2465 3567; x_wconf 77' lang='grc' dir='ltr'>τοὺς</span> <span class='ocrx_word' id='word_1_496' title='bbox 2518 3506 2577 3558; x_wconf 87' lang='grc' dir='ltr'>ἑν</span> <span class='ocrx_word' id='word_1_497' title='bbox 2643 3507 2709 3576; x_wconf 85' lang='grc' dir='ltr'>τῇ</span> <span class='ocrx_word' id='word_1_498' title='bbox 2744 3505 2898 3558; x_wconf 81' lang='grc' dir='ltr'>πόλει</span> <span class='ocrx_word' id='word_1_499' title='bbox 2924 3505 3035 3558; x_wconf 88' lang='grc' dir='ltr'>τῶν</span> <span class='ocrx_word' id='word_1_500' title='bbox 3056 3503 3335 3574; x_wconf 83' lang='grc' dir='ltr'>ζηλωτῶν,</span> <span class='ocrx_word' id='word_1_501' title='bbox 3389 3503 3758 3574; x_wconf 75' lang='grc' dir='ltr'>ἠναγκάσθη-</span> 
     </span>
    </p>
   </div>
   <div class='ocr_carea' id='block_1_73' title="bbox 481 3597 3754 3671">
    <p class='ocr_par' dir='ltr' id='par_1_73' title="bbox 481 3597 3754 3671">
     <span class='ocr_line' id='line_1_73' title="bbox 481 3597 3754 3671; baseline 0.001 -19"><span class='ocrx_word' id='word_1_502' title='bbox 481 3617 581 3654; x_wconf 90' lang='grc' dir='ltr'>σαν</span> <span class='ocrx_word' id='word_1_503' title='bbox 611 3601 660 3652; x_wconf 89' lang='grc' dir='ltr'>οἱ</span> <span class='ocrx_word' id='word_1_504' title='bbox 696 3597 791 3652; x_wconf 82' lang='grc' dir='ltr'>τοῦ</span> <span class='ocrx_word' id='word_1_505' title='bbox 819 3599 995 3669; x_wconf 80' lang='grc' dir='ltr'>δήμου</span> <span class='ocrx_word' id='word_1_506' title='bbox 1029 3599 1121 3651; x_wconf 79' lang='grc' dir='ltr'>τὸν</span> <span class='ocrx_word' id='word_1_507' title='bbox 1154 3597 1376 3668; x_wconf 88' lang='grc' dir='ltr'>Σίμωνα</span> <span class='ocrx_word' id='word_1_508' title='bbox 1412 3598 1552 3670; x_wconf 84' lang='grc' dir='ltr'>μετὰ</span> <span class='ocrx_word' id='word_1_509' title='bbox 1587 3598 1685 3652; x_wconf 85' lang='grc' dir='ltr'>τοῦ</span> <span class='ocrx_word' id='word_1_510' title='bbox 1734 3598 1886 3668; x_wconf 73' lang='grc' dir='ltr'>περὶ¹</span> <span class='ocrx_word' id='word_1_511' title='bbox 1932 3598 2100 3652; x_wconf 75' lang='grc' dir='ltr'>αὐτὸν</span> <span class='ocrx_word' id='word_1_512' title='bbox 2137 3598 2379 3669; x_wconf 79' lang='grc' dir='ltr'>πλήθους</span> <span class='ocrx_word' id='word_1_513' title='bbox 2424 3601 2506 3662; x_wconf 80' lang='grc' dir='ltr'>είς</span> <span class='ocrx_word' id='word_1_514' title='bbox 2555 3601 2654 3671; x_wconf 81' lang='grc' dir='ltr'>τὴν</span> <span class='ocrx_word' id='word_1_515' title='bbox 2689 3601 2846 3655; x_wconf 87' lang='grc' dir='ltr'>πόλιν</span> <span class='ocrx_word' id='word_1_516' title='bbox 2891 3600 3340 3671; x_wconf 83' lang='grc' dir='ltr'>παρακαλοῦντες</span> <span class='ocrx_word' id='word_1_517' title='bbox 3405 3602 3754 3669; x_wconf 73' lang='grc' dir='ltr'>εἰσαγαγεῖν,</span> 
     </span>
    </p>
   </div>
   <div class='ocr_carea' id='block_1_74' title="bbox 476 3688 3758 3764">
    <p class='ocr_par' dir='ltr' id='par_1_74' title="bbox 476 3688 3758 3764">
     <span class='ocr_line' id='line_1_74' title="bbox 476 3688 3758 3764; baseline 0.001 -17"><span class='ocrx_word' id='word_1_518' title='bbox 476 3693 553 3755; x_wconf 82' lang='grc' dir='ltr'>ὡς</span> <span class='ocrx_word' id='word_1_519' title='bbox 580 3693 720 3762; x_wconf 82' lang='grc' dir='ltr'>τάχα</span> <span class='ocrx_word' id='word_1_520' title='bbox 761 3689 863 3758; x_wconf 81' lang='grc' dir='ltr'>τῆς</span> <span class='ocrx_word' id='word_1_521' title='bbox 894 3689 1004 3742; x_wconf 87' lang='grc' dir='ltr'>τῶν</span> <span class='ocrx_word' id='word_1_522' title='bbox 1049 3688 1311 3758; x_wconf 78' lang='grc' dir='ltr'>ζηλωτῶν</span> <span class='ocrx_word' id='word_1_523' title='bbox 1343 3689 1658 3761; x_wconf 86' lang='grc' dir='ltr'>τυραννίδος</span> <span class='ocrx_word' id='word_1_524' title='bbox 1707 3690 1908 3754; x_wconf 78' lang='grc' dir='ltr'>αὐτοὺς</span> <span class='ocrx_word' id='word_1_525' title='bbox 1991 3690 2409 3755; x_wconf 76' lang='grc' dir='ltr'>ἀπαλλάξονταο</span> <span class='ocrx_word' id='word_1_526' title='bbox 2483 3693 2677 3748; x_wconf 78' lang='grc' dir='ltr'>ἔλαθον</span> <span class='ocrx_word' id='word_1_527' title='bbox 2730 3693 2788 3748; x_wconf 79' lang='grc' dir='ltr'>δὲ</span> <span class='ocrx_word' id='word_1_528' title='bbox 2854 3695 3077 3764; x_wconf 86' lang='grc' dir='ltr'>χείρονα</span> <span class='ocrx_word' id='word_1_529' title='bbox 3107 3694 3233 3747; x_wconf 82' lang='grc' dir='ltr'>καθ’</span> <span class='ocrx_word' id='word_1_530' title='bbox 3265 3695 3477 3748; x_wconf 82' lang='grc' dir='ltr'>ἑαυτῶν</span> <span class='ocrx_word' id='word_1_531' title='bbox 3505 3696 3758 3761; x_wconf 73' lang='grc' dir='ltr'>εἰσδεξά-</span> 
     </span>
    </p>
   </div>
   <div class='ocr_carea' id='block_1_75' title="bbox 481 3782 3756 3862">
    <p class='ocr_par' dir='ltr' id='par_1_75' title="bbox 481 3782 3756 3862">
     <span class='ocr_line' id='line_1_75' title="bbox 481 3782 3756 3862; baseline 0.002 -24"><span class='ocrx_word' id='word_1_532' title='bbox 481 3801 633 3856; x_wconf 86' lang='grc' dir='ltr'>μενοι</span> <span class='ocrx_word' id='word_1_533' title='bbox 662 3784 947 3855; x_wconf 88' lang='grc' dir='ltr'>τύραννον.</span> <span class='ocrx_word' id='word_1_534' title='bbox 983 3782 1204 3837; x_wconf 86' lang='grc' dir='ltr'>Τούτων</span> <span class='ocrx_word' id='word_1_535' title='bbox 1233 3783 1340 3836; x_wconf 78' lang='grc' dir='ltr'>δ’ἑν</span> <span class='ocrx_word' id='word_1_536' title='bbox 1381 3785 1782 3855; x_wconf 87' lang='grc' dir='ltr'>Ἰεροσολύμοις</span> <span class='ocrx_word' id='word_1_537' title='bbox 1842 3785 2264 3854; x_wconf 82' lang='grc' dir='ltr'>πραττομένων,</span> <span class='ocrx_word' id='word_1_538' title='bbox 2320 3787 2632 3853; x_wconf 81' lang='grc' dir='ltr'>Οὐϊτέλλιος</span> <span class='ocrx_word' id='word_1_539' title='bbox 2689 3788 2790 3860; x_wconf 79' lang='grc' dir='ltr'>τὴν</span> <span class='ocrx_word' id='word_1_540' title='bbox 2864 3789 3086 3862; x_wconf 82' lang='grc' dir='ltr'>Ῥώμην</span> <span class='ocrx_word' id='word_1_541' title='bbox 3119 3789 3443 3850; x_wconf 85' lang='grc' dir='ltr'>κατέλαϐεν,</span> <span class='ocrx_word' id='word_1_542' title='bbox 3475 3791 3756 3862; x_wconf 60' lang='grc' dir='ltr'>αὐτοκράι</span> 
     </span>
    </p>
   </div>
   <div class='ocr_carea' id='block_1_76' title="bbox 474 3875 3750 3954">
    <p class='ocr_par' dir='ltr' id='par_1_76' title="bbox 474 3875 3750 3954">
     <span class='ocr_line' id='line_1_76' title="bbox 474 3875 3750 3954; baseline 0.003 -24"><span class='ocrx_word' id='word_1_543' title='bbox 474 3895 590 3946; x_wconf 87' lang='grc' dir='ltr'>τωρ</span> <span class='ocrx_word' id='word_1_544' title='bbox 627 3877 981 3948; x_wconf 75' lang='grc' dir='ltr'>ἀναρρηθείς.</span> <span class='ocrx_word' id='word_1_545' title='bbox 1016 3875 1414 3946; x_wconf 79' lang='grc' dir='ltr'>Οὐεσπασιανῷ</span> <span class='ocrx_word' id='word_1_546' title='bbox 1453 3878 1677 3947; x_wconf 84' lang='grc' dir='ltr'>μαθόντι</span> <span class='ocrx_word' id='word_1_547' title='bbox 1722 3876 1897 3930; x_wconf 82' lang='grc' dir='ltr'>ταῦτα</span> <span class='ocrx_word' id='word_1_548' title='bbox 1961 3875 2062 3929; x_wconf 81' lang='grc' dir='ltr'>ούκ</span> <span class='ocrx_word' id='word_1_549' title='bbox 2104 3875 2330 3947; x_wconf 68' lang='grc' dir='ltr'>ἤρεσκε,</span> <span class='ocrx_word' id='word_1_550' title='bbox 2368 3880 2462 3933; x_wconf 78' lang='grc' dir='ltr'>καὶ</span> <span class='ocrx_word' id='word_1_551' title='bbox 2521 3880 2756 3950; x_wconf 80' lang='grc' dir='ltr'>ἀπηξίου</span> <span class='ocrx_word' id='word_1_552' title='bbox 2790 3879 3064 3952; x_wconf 85' lang='grc' dir='ltr'>δεσπότην</span> <span class='ocrx_word' id='word_1_553' title='bbox 3107 3883 3256 3954; x_wconf 79' lang='grc' dir='ltr'>ἔχειν</span> <span class='ocrx_word' id='word_1_554' title='bbox 3288 3882 3381 3936; x_wconf 76' lang='grc' dir='ltr'>τδν</span> <span class='ocrx_word' id='word_1_555' title='bbox 3411 3882 3750 3943; x_wconf 80' lang='grc' dir='ltr'>Οὐϊτέλλιον.</span> 
     </span>
    </p>
   </div>
   <div class='ocr_carea' id='block_1_77' title="bbox 478 3966 3754 4048">
    <p class='ocr_par' dir='ltr' id='par_1_77' title="bbox 478 3966 3754 4048">
     <span class='ocr_line' id='line_1_77' title="bbox 478 3966 3754 4048; baseline 0.002 -24"><span class='ocrx_word' id='word_1_556' title='bbox 478 3973 541 4024; x_wconf 85' lang='grc' dir='ltr'>υί</span> <span class='ocrx_word' id='word_1_557' title='bbox 581 3970 626 4022; x_wconf 83' lang='grc' dir='ltr'>δ’</span> <span class='ocrx_word' id='word_1_558' title='bbox 655 3969 923 4040; x_wconf 83' lang='grc' dir='ltr'>ἡγεμόνες</span> <span class='ocrx_word' id='word_1_559' title='bbox 949 3969 1059 4022; x_wconf 86' lang='grc' dir='ltr'>τῶν</span> <span class='ocrx_word' id='word_1_560' title='bbox 1094 3969 1192 4022; x_wconf 77' lang='grc' dir='ltr'>σὺν</span> <span class='ocrx_word' id='word_1_561' title='bbox 1229 3969 1378 4039; x_wconf 75' lang='grc' dir='ltr'>αὐτῷ</span> <span class='ocrx_word' id='word_1_562' title='bbox 1419 3970 1741 4040; x_wconf 76' lang='grc' dir='ltr'>ταγμάτων,</span> <span class='ocrx_word' id='word_1_563' title='bbox 1809 3967 1947 4022; x_wconf 84' lang='grc' dir='ltr'>ἀλλὰ</span> <span class='ocrx_word' id='word_1_564' title='bbox 2022 3966 2128 4039; x_wconf 83' lang='grc' dir='ltr'>μὴν</span> <span class='ocrx_word' id='word_1_565' title='bbox 2167 3969 2260 4022; x_wconf 76' lang='grc' dir='ltr'>καὶ</span> <span class='ocrx_word' id='word_1_566' title='bbox 2289 3970 2357 4042; x_wconf 60' lang='lat' dir='ltr'><strong>[oi</strong></span> <span class='ocrx_word' id='word_1_567' title='bbox 2405 3973 3160 4043; x_wconf 65' lang='grc' dir='ltr'>στρατιῶταιουνελθόντες,</span> <span class='ocrx_word' id='word_1_568' title='bbox 3214 3975 3610 4048; x_wconf 77' lang='grc' dir='ltr'>ἀναγορεύουσι</span> <span class='ocrx_word' id='word_1_569' title='bbox 3653 3977 3754 4030; x_wconf 82' lang='grc' dir='ltr'>τδν</span> 
     </span>
    </p>
   </div>
   <div class='ocr_carea' id='block_1_78' title="bbox 478 4062 1312 4132">
    <p class='ocr_par' dir='ltr' id='par_1_78' title="bbox 478 4062 1312 4132">
     <span class='ocr_line' id='line_1_78' title="bbox 478 4062 1312 4132; baseline -0.005 -15"><span class='ocrx_word' id='word_1_570' title='bbox 478 4062 886 4117; x_wconf 66' lang='grc' dir='ltr'>Οὲεσπασιανδν</span> <span class='ocrx_word' id='word_1_571' title='bbox 912 4062 1312 4132; x_wconf 83' lang='grc' dir='ltr'>αὐτοκράτορα.</span> 
     </span>
    </p>
   </div>
   <div class='ocr_carea' id='block_1_79' title="bbox 547 4151 2045 4226">
    <p class='ocr_par' dir='ltr' id='par_1_79' title="bbox 547 4151 2045 4226">
     <span class='ocr_line' id='line_1_79' title="bbox 547 4151 2045 4226; baseline -0.001 -18"><span class='ocrx_word' id='word_1_572' title='bbox 547 4154 690 4209; x_wconf 77' lang='lat' dir='ltr'><strong>XIX.</strong></span> <span class='ocrx_word' id='word_1_573' title='bbox 717 4154 1034 4215; x_wconf 88' lang='lat' dir='ltr'><strong>Soluturus,</strong></span> <span class='ocrx_word' id='word_1_574' title='bbox 1065 4154 1176 4209; x_wconf 89' lang='lat' dir='ltr'><strong>Iilio</strong></span> <span class='ocrx_word' id='word_1_575' title='bbox 1201 4153 1325 4208; x_wconf 84' lang='lat' dir='ltr'><strong>Tito</strong></span> <span class='ocrx_word' id='word_1_576' title='bbox 1350 4153 1863 4226; x_wconf 77' lang='lat' dir='ltr'><strong>Hierosolymorum</strong></span> <span class='ocrx_word' id='word_1_577' title='bbox 1895 4151 2045 4207; x_wconf 87' lang='lat' dir='ltr'><strong>obsi-</strong></span> 
     </span>
    </p>
   </div>
   <div class='ocr_carea' id='block_1_80' title="bbox 475 4242 2048 4313">
    <p class='ocr_par' dir='ltr' id='par_1_80' title="bbox 475 4242 2048 4313">
     <span class='ocr_line' id='line_1_80' title="bbox 475 4242 2048 4313; baseline -0.001 -14"><span class='ocrx_word' id='word_1_578' title='bbox 475 4245 698 4299; x_wconf 88' lang='lat' dir='ltr'><strong>dionem</strong></span> <span class='ocrx_word' id='word_1_579' title='bbox 751 4243 1025 4298; x_wconf 87' lang='lat' dir='ltr'><strong>mandat:</strong></span> <span class='ocrx_word' id='word_1_580' title='bbox 1063 4244 1156 4313; x_wconf 89' lang='lat' dir='ltr'>qui</span> <span class='ocrx_word' id='word_1_581' title='bbox 1209 4245 1512 4298; x_wconf 81' lang='lat' dir='ltr'><strong>contractis</strong></span> <span class='ocrx_word' id='word_1_582' title='bbox 1548 4243 1602 4298; x_wconf 90' lang='lat' dir='ltr'>in</span> <span class='ocrx_word' id='word_1_583' title='bbox 1655 4259 1824 4298; x_wconf 90' lang='lat' dir='ltr'><strong>unum</strong></span> <span class='ocrx_word' id='word_1_584' title='bbox 1875 4242 2048 4310; x_wconf 79' lang='lat' dir='ltr'><strong>copiis</strong></span> 
     </span>
    </p>
   </div>
   <div class='ocr_carea' id='block_1_81' title="bbox 478 4335 2049 4410">
    <p class='ocr_par' dir='ltr' id='par_1_81' title="bbox 478 4335 2049 4410">
     <span class='ocr_line' id='line_1_81' title="bbox 478 4335 2049 4410; baseline -0.004 -17"><span class='ocrx_word' id='word_1_585' title='bbox 478 4337 858 4410; x_wconf 89' lang='lat' dir='ltr'><strong>Ilierosolyma</strong></span> <span class='ocrx_word' id='word_1_586' title='bbox 923 4336 1230 4400; x_wconf 89' lang='lat' dir='ltr'><strong>contendit,</strong></span> <span class='ocrx_word' id='word_1_587' title='bbox 1289 4345 1346 4390; x_wconf 88' lang='lat' dir='ltr'>et</span> <span class='ocrx_word' id='word_1_588' title='bbox 1387 4351 1490 4389; x_wconf 75' lang='lat' dir='ltr'>xxx</span> <span class='ocrx_word' id='word_1_589' title='bbox 1535 4335 1604 4390; x_wconf 90' lang='lat' dir='ltr'>ab</span> <span class='ocrx_word' id='word_1_590' title='bbox 1656 4335 1793 4390; x_wconf 83' lang='lat' dir='ltr'><strong>urbe</strong></span> <span class='ocrx_word' id='word_1_591' title='bbox 1854 4335 2049 4390; x_wconf 86' lang='lat' dir='ltr'><strong>stadiis</strong></span> 
     </span>
    </p>
   </div>
   <div class='ocr_carea' id='block_1_82' title="bbox 2160 4121 3754 4230">
    <p class='ocr_par' dir='ltr' id='par_1_82' title="bbox 2160 4121 3754 4230">
     <span class='ocr_line' id='line_1_82' title="bbox 2160 4121 3754 4230; baseline 0.004 -24"><span class='ocrx_word' id='word_1_592' title='bbox 2160 4121 2170 4133; x_wconf 87' lang='grc'><em>’</em></span> <span class='ocrx_word' id='word_1_593' title='bbox 2225 4150 2333 4208; x_wconf 80' lang='lat'>18&#39;.</span> <span class='ocrx_word' id='word_1_594' title='bbox 2380 4152 2439 4207; x_wconf 85' lang='lat' dir='ltr'><strong>&#39;o</strong></span> <span class='ocrx_word' id='word_1_595' title='bbox 2465 4152 2544 4218; x_wconf 69' lang='grc' dir='ltr'>δι,</span> <span class='ocrx_word' id='word_1_596' title='bbox 2575 4152 2785 4224; x_wconf 86' lang='grc' dir='ltr'>μέλλων</span> <span class='ocrx_word' id='word_1_597' title='bbox 2812 4154 2918 4225; x_wconf 73' lang='grc' dir='ltr'>ήδη</span> <span class='ocrx_word' id='word_1_598' title='bbox 2947 4155 3198 4223; x_wconf 74' lang='grc' dir='ltr'>ἐκπλεῖν,</span> <span class='ocrx_word' id='word_1_599' title='bbox 3236 4155 3316 4228; x_wconf 78' lang='grc' dir='ltr'>τῷ</span> <span class='ocrx_word' id='word_1_600' title='bbox 3341 4156 3446 4230; x_wconf 80' lang='grc' dir='ltr'>υἱῷ</span> <span class='ocrx_word' id='word_1_601' title='bbox 3467 4157 3614 4228; x_wconf 82' lang='grc' dir='ltr'>Τίτῳ</span> <span class='ocrx_word' id='word_1_602' title='bbox 3644 4158 3754 4230; x_wconf 68' lang='grc' dir='ltr'>τὴν</span> 
     </span>
    </p>
   </div>
   <div class='ocr_carea' id='block_1_83' title="bbox 2153 4245 3750 4332">
    <p class='ocr_par' dir='ltr' id='par_1_83' title="bbox 2153 4245 3750 4332">
     <span class='ocr_line' id='line_1_83' title="bbox 2153 4245 3750 4332; baseline 0.006 -34"><span class='ocrx_word' id='word_1_603' title='bbox 2153 4246 2265 4299; x_wconf 85' lang='grc' dir='ltr'>τῶν</span> <span class='ocrx_word' id='word_1_604' title='bbox 2311 4245 2706 4332; x_wconf 73' lang='grc' dir='ltr'>Ἱεροσολύμων</span> <span class='ocrx_word' id='word_1_605' title='bbox 2738 4247 3058 4318; x_wconf 82' lang='grc' dir='ltr'>πολιορκίαν</span> <span class='ocrx_word' id='word_1_606' title='bbox 3089 4249 3337 4306; x_wconf 85' lang='grc' dir='ltr'>ἀνέθετο.</span> <span class='ocrx_word' id='word_1_607' title='bbox 3371 4252 3468 4315; x_wconf 83' lang='grc' dir='ltr'>⁸ος</span> <span class='ocrx_word' id='word_1_608' title='bbox 3506 4253 3605 4316; x_wconf 81' lang='grc' dir='ltr'>τὰς</span> <span class='ocrx_word' id='word_1_609' title='bbox 3651 4255 3750 4307; x_wconf 77' lang='grc' dir='ltr'>δυο</span> 
     </span>
    </p>
   </div>
   <div class='ocr_carea' id='block_1_84' title="bbox 2158 4337 3750 4414">
    <p class='ocr_par' dir='ltr' id='par_1_84' title="bbox 2158 4337 3750 4414">
     <span class='ocr_line' id='line_1_84' title="bbox 2158 4337 3750 4414; baseline 0.006 -24"><span class='ocrx_word' id='word_1_610' title='bbox 2158 4337 2352 4405; x_wconf 83' lang='grc' dir='ltr'>νάμ-εις</span> <span class='ocrx_word' id='word_1_611' title='bbox 2377 4337 2731 4410; x_wconf 79' lang='grc' dir='ltr'>συναγαγὼν,</span> <span class='ocrx_word' id='word_1_612' title='bbox 2758 4341 2925 4412; x_wconf 74' lang='grc' dir='ltr'>ἀπῄει</span> <span class='ocrx_word' id='word_1_613' title='bbox 2961 4342 3100 4412; x_wconf 83' lang='grc' dir='ltr'>πρὸς</span> <span class='ocrx_word' id='word_1_614' title='bbox 3130 4341 3200 4396; x_wconf 87' lang='grc' dir='ltr'>τά</span> <span class='ocrx_word' id='word_1_615' title='bbox 3233 4343 3615 4414; x_wconf 83' lang='grc' dir='ltr'>Ἱεροσόλυμα.</span> <span class='ocrx_word' id='word_1_616' title='bbox 3644 4345 3750 4400; x_wconf 81' lang='grc' dir='ltr'>καὶ</span> 
     </span>
    </p>
   </div>
   <div class='ocr_carea' id='block_1_85' title="bbox 475 4427 2056 4504">
    <p class='ocr_par' dir='ltr' id='par_1_85' title="bbox 475 4427 2049 4498">
     <span class='ocr_line' id='line_1_85' title="bbox 475 4427 2049 4498; baseline -0.003 -13"><span class='ocrx_word' id='word_1_617' title='bbox 475 4437 926 4493; x_wconf 84' lang='lat' dir='ltr'><strong>castrametatus,</strong></span> <span class='ocrx_word' id='word_1_618' title='bbox 977 4446 1040 4483; x_wconf 81' lang='lat' dir='ltr'>ne</span> <span class='ocrx_word' id='word_1_619' title='bbox 1101 4428 1382 4498; x_wconf 80' lang='lat' dir='ltr'><strong>equilibus</strong></span> <span class='ocrx_word' id='word_1_620' title='bbox 1417 4428 1712 4498; x_wconf 88' lang='lat' dir='ltr'><strong>assumptis</strong></span> <span class='ocrx_word' id='word_1_621' title='bbox 1757 4427 1826 4481; x_wconf 85' lang='lat' dir='ltr'>ad</span> <span class='ocrx_word' id='word_1_622' title='bbox 1860 4429 2049 4480; x_wconf 85' lang='lat' dir='ltr'><strong>urlu-m</strong></span> 
     </span>
    </p>
   </div>
   <div class='ocr_carea' id='block_1_86' title="bbox 2159 4427 3750 4504">
    <p class='ocr_par' dir='ltr' id='par_1_86' title="bbox 2159 4432 3750 4504">
     <span class='ocr_line' id='line_1_86' title="bbox 2159 4432 3750 4504; baseline 0.006 -22"><span class='ocrx_word' id='word_1_623' title='bbox 2159 4432 2265 4502; x_wconf 78' lang='grc' dir='ltr'>πρὸ</span> <span class='ocrx_word' id='word_1_624' title='bbox 2315 4433 2612 4504; x_wconf 81' lang='grc' dir='ltr'>τριάκοντα</span> <span class='ocrx_word' id='word_1_625' title='bbox 2659 4433 2888 4486; x_wconf 87' lang='grc' dir='ltr'>σταδίων</span> <span class='ocrx_word' id='word_1_626' title='bbox 2936 4435 3470 4502; x_wconf 74' lang='grc' dir='ltr'>ἐστρατοπεδευκώς,</span> <span class='ocrx_word' id='word_1_627' title='bbox 3524 4438 3750 4491; x_wconf 72' lang='grc' dir='ltr'>ἐκεῖθεν</span> 
     </span>
    </p>
   </div>
   <div class='ocr_carea' id='block_1_87' title="bbox 476 4519 2047 4592">
    <p class='ocr_par' dir='ltr' id='par_1_87' title="bbox 476 4519 2047 4592">
     <span class='ocr_line' id='line_1_87' title="bbox 476 4519 2047 4592; baseline -0.001 -17"><span class='ocrx_word' id='word_1_628' title='bbox 476 4523 864 4592; x_wconf 88' lang='lat' dir='ltr'><strong>speculaudam</strong></span> <span class='ocrx_word' id='word_1_629' title='bbox 903 4533 960 4576; x_wconf 90' lang='lat' dir='ltr'>et</span> <span class='ocrx_word' id='word_1_630' title='bbox 984 4522 1198 4576; x_wconf 86' lang='lat' dir='ltr'><strong>animos</strong></span> <span class='ocrx_word' id='word_1_631' title='bbox 1227 4521 1468 4575; x_wconf 86' lang='lat' dir='ltr'><strong>hostium</strong></span> <span class='ocrx_word' id='word_1_632' title='bbox 1500 4519 1890 4590; x_wconf 83' lang='lat' dir='ltr'><strong>periclitandos</strong></span> <span class='ocrx_word' id='word_1_633' title='bbox 1914 4520 2047 4574; x_wconf 88' lang='lat' dir='ltr'><strong>abit.</strong></span> 
     </span>
    </p>
   </div>
   <div class='ocr_carea' id='block_1_88' title="bbox 479 4613 2049 4683">
    <p class='ocr_par' dir='ltr' id='par_1_88' title="bbox 479 4613 2049 4683">
     <span class='ocr_line' id='line_1_88' title="bbox 479 4613 2049 4683; baseline 0.001 -18"><span class='ocrx_word' id='word_1_634' title='bbox 479 4614 675 4666; x_wconf 83' lang='lat' dir='ltr'><strong>Statim</strong></span> <span class='ocrx_word' id='word_1_635' title='bbox 708 4628 842 4667; x_wconf 86' lang='lat' dir='ltr'><strong>vero</strong></span> <span class='ocrx_word' id='word_1_636' title='bbox 875 4613 1078 4667; x_wconf 80' lang='lat' dir='ltr'><strong>inﬁniti</strong></span> <span class='ocrx_word' id='word_1_637' title='bbox 1129 4629 1196 4668; x_wconf 80' lang='lat' dir='ltr'><strong>ex</strong></span> <span class='ocrx_word' id='word_1_638' title='bbox 1234 4613 1369 4668; x_wconf 90' lang='lat' dir='ltr'><strong>urbe</strong></span> <span class='ocrx_word' id='word_1_639' title='bbox 1419 4621 1795 4683; x_wconf 89' lang='lat' dir='ltr'><strong>procurrunt:</strong></span> <span class='ocrx_word' id='word_1_640' title='bbox 1833 4627 1897 4667; x_wconf 89' lang='lat' dir='ltr'>ac</span> <span class='ocrx_word' id='word_1_641' title='bbox 1927 4614 2049 4682; x_wconf 81' lang='lat' dir='ltr'><strong>plu-</strong></span> 
     </span>
    </p>
   </div>
   <div class='ocr_carea' id='block_1_89' title="bbox 2155 4522 3748 4600">
    <p class='ocr_par' dir='ltr' id='par_1_89' title="bbox 2155 4522 3748 4600">
     <span class='ocr_line' id='line_1_89' title="bbox 2155 4522 3748 4600; baseline 0.006 -26"><span class='ocrx_word' id='word_1_642' title='bbox 2155 4523 2474 4588; x_wconf 76' lang='grc' dir='ltr'>ἑξακοσίους</span> <span class='ocrx_word' id='word_1_643' title='bbox 2513 4522 2621 4576; x_wconf 84' lang='grc' dir='ltr'>τῶν</span> <span class='ocrx_word' id='word_1_644' title='bbox 2657 4523 2965 4578; x_wconf 81' lang='grc' dir='ltr'>ἐπιλέκτων</span> <span class='ocrx_word' id='word_1_645' title='bbox 3007 4525 3222 4580; x_wconf 75' lang='grc' dir='ltr'>ἱππέων</span> <span class='ocrx_word' id='word_1_646' title='bbox 3251 4527 3610 4597; x_wconf 81' lang='grc' dir='ltr'>παραλαϐὼν,</span> <span class='ocrx_word' id='word_1_647' title='bbox 3653 4528 3748 4600; x_wconf 66' lang='grc' dir='ltr'>ᾔει</span> 
     </span>
    </p>
   </div>
   <div class='ocr_carea' id='block_1_90' title="bbox 2152 4616 3749 4690">
    <p class='ocr_par' dir='ltr' id='par_1_90' title="bbox 2152 4616 3749 4690">
     <span class='ocr_line' id='line_1_90' title="bbox 2152 4616 3749 4690; baseline 0.004 -21"><span class='ocrx_word' id='word_1_648' title='bbox 2152 4616 2254 4684; x_wconf 84' lang='grc' dir='ltr'>τὴν</span> <span class='ocrx_word' id='word_1_649' title='bbox 2297 4616 2451 4669; x_wconf 88' lang='grc' dir='ltr'>πόλιν</span> <span class='ocrx_word' id='word_1_650' title='bbox 2494 4617 2999 4688; x_wconf 76' lang='grc' dir='ltr'>κατασκεψόμενος,</span> <span class='ocrx_word' id='word_1_651' title='bbox 3029 4620 3124 4672; x_wconf 77' lang='grc' dir='ltr'>καὶ</span> <span class='ocrx_word' id='word_1_652' title='bbox 3153 4619 3221 4672; x_wconf 87' lang='grc' dir='ltr'>τά</span> <span class='ocrx_word' id='word_1_653' title='bbox 3254 4621 3579 4690; x_wconf 70' lang='grc' dir='ltr'>φρονήματα</span> <span class='ocrx_word' id='word_1_654' title='bbox 3630 4622 3749 4676; x_wconf 87' lang='grc' dir='ltr'>τῶν</span> 
     </span>
    </p>
   </div>
   <div class='ocr_carea' id='block_1_91' title="bbox 477 4704 2051 4776">
    <p class='ocr_par' dir='ltr' id='par_1_91' title="bbox 477 4704 2051 4776">
     <span class='ocr_line' id='line_1_91' title="bbox 477 4704 2051 4776; baseline 0.003 -19"><span class='ocrx_word' id='word_1_655' title='bbox 477 4704 602 4757; x_wconf 89' lang='lat' dir='ltr'><strong>rimi</strong></span> <span class='ocrx_word' id='word_1_656' title='bbox 632 4719 698 4760; x_wconf 78' lang='lat' dir='ltr'><strong>ex</strong></span> <span class='ocrx_word' id='word_1_657' title='bbox 729 4704 838 4759; x_wconf 85' lang='lat' dir='ltr'><strong>Titi</strong></span> <span class='ocrx_word' id='word_1_658' title='bbox 868 4705 1171 4775; x_wconf 89' lang='lat' dir='ltr'><strong>equitibus,</strong></span> <span class='ocrx_word' id='word_1_659' title='bbox 1211 4704 1481 4761; x_wconf 81' lang='lat' dir='ltr'><strong>furiosum</strong></span> <span class='ocrx_word' id='word_1_660' title='bbox 1518 4706 1833 4761; x_wconf 68' lang='lat' dir='ltr'><strong>Judmorum</strong></span> <span class='ocrx_word' id='word_1_661' title='bbox 1872 4705 2051 4776; x_wconf 89' lang='lat' dir='ltr'><strong>impe-</strong></span> 
     </span>
    </p>
   </div>
   <div class='ocr_carea' id='block_1_92' title="bbox 478 4799 2047 4870">
    <p class='ocr_par' dir='ltr' id='par_1_92' title="bbox 478 4799 2047 4870">
     <span class='ocr_line' id='line_1_92' title="bbox 478 4799 2047 4870; baseline 0.002 -19"><span class='ocrx_word' id='word_1_662' title='bbox 478 4807 592 4851; x_wconf 89' lang='lat' dir='ltr'>tum</span> <span class='ocrx_word' id='word_1_663' title='bbox 623 4807 932 4856; x_wconf 68' lang='lat' dir='ltr'><strong>ceit‘.enws.</strong></span> <span class='ocrx_word' id='word_1_664' title='bbox 963 4799 1353 4854; x_wconf 65' lang='lat' dir='ltr'><strong>substiterunt.</strong></span> <span class='ocrx_word' id='word_1_665' title='bbox 1385 4801 1507 4870; x_wconf 82' lang='lat' dir='ltr'><strong>Ipse</strong></span> <span class='ocrx_word' id='word_1_666' title='bbox 1529 4815 1662 4855; x_wconf 88' lang='lat' dir='ltr'><strong>vero</strong></span> <span class='ocrx_word' id='word_1_667' title='bbox 1686 4815 1811 4854; x_wconf 85' lang='lat' dir='ltr'>cum</span> <span class='ocrx_word' id='word_1_668' title='bbox 1837 4801 2047 4870; x_wconf 81' lang='lat' dir='ltr'><strong>paucis,</strong></span> 
     </span>
    </p>
   </div>
   <div class='ocr_carea' id='block_1_93' title="bbox 475 4891 2052 4962">
    <p class='ocr_par' dir='ltr' id='par_1_93' title="bbox 475 4891 2052 4962">
     <span class='ocr_line' id='line_1_93' title="bbox 475 4891 2052 4962; baseline 0.001 -16"><span class='ocrx_word' id='word_1_669' title='bbox 475 4891 700 4946; x_wconf 86' lang='lat' dir='ltr'><strong>avulsus</strong></span> <span class='ocrx_word' id='word_1_670' title='bbox 757 4907 786 4945; x_wconf 89' lang='lat' dir='ltr'>a</span> <span class='ocrx_word' id='word_1_671' title='bbox 836 4891 1072 4954; x_wconf 84' lang='lat' dir='ltr'><strong>caeteris,</strong></span> <span class='ocrx_word' id='word_1_672' title='bbox 1122 4892 1370 4962; x_wconf 87' lang='lat' dir='ltr'><strong>undique</strong></span> <span class='ocrx_word' id='word_1_673' title='bbox 1410 4894 1478 4947; x_wconf 90' lang='lat' dir='ltr'>ab</span> <span class='ocrx_word' id='word_1_674' title='bbox 1511 4893 1766 4948; x_wconf 86' lang='lat' dir='ltr'><strong>hostibus</strong></span> <span class='ocrx_word' id='word_1_675' title='bbox 1815 4895 2052 4949; x_wconf 87' lang='lat' dir='ltr'><strong>circum-</strong></span> 
     </span>
    </p>
   </div>
   <div class='ocr_carea' id='block_1_94' title="bbox 475 4981 2051 5053">
    <p class='ocr_par' dir='ltr' id='par_1_94' title="bbox 475 4981 2051 5053">
     <span class='ocr_line' id='line_1_94' title="bbox 475 4981 2051 5053; baseline 0.004 -21"><span class='ocrx_word' id='word_1_676' title='bbox 475 4991 688 5044; x_wconf 77' lang='lat' dir='ltr'><strong>ventus,</strong></span> <span class='ocrx_word' id='word_1_677' title='bbox 719 4981 1100 5037; x_wconf 85' lang='lat' dir='ltr'><strong>animadverso</strong></span> <span class='ocrx_word' id='word_1_678' title='bbox 1130 4984 1375 5052; x_wconf 82' lang='lat' dir='ltr'><strong>periculo</strong></span> <span class='ocrx_word' id='word_1_679' title='bbox 1419 4985 1695 5039; x_wconf 86' lang='lat' dir='ltr'><strong>convertit</strong></span> <span class='ocrx_word' id='word_1_680' title='bbox 1727 4999 1960 5053; x_wconf 88' lang='lat' dir='ltr'><strong>equum,</strong></span> <span class='ocrx_word' id='word_1_681' title='bbox 1994 4993 2051 5038; x_wconf 89' lang='lat' dir='ltr'>et</span> 
     </span>
    </p>
   </div>
   <div class='ocr_carea' id='block_1_95' title="bbox 474 5074 2047 5146">
    <p class='ocr_par' dir='ltr' id='par_1_95' title="bbox 474 5074 2047 5146">
     <span class='ocr_line' id='line_1_95' title="bbox 474 5074 2047 5146; baseline 0.001 -17"><span class='ocrx_word' id='word_1_682' title='bbox 474 5074 590 5129; x_wconf 90' lang='lat' dir='ltr'><strong>suis</strong></span> <span class='ocrx_word' id='word_1_683' title='bbox 625 5075 781 5144; x_wconf 90' lang='lat' dir='ltr'><strong>sequi</strong></span> <span class='ocrx_word' id='word_1_684' title='bbox 819 5074 989 5144; x_wconf 86' lang='lat' dir='ltr'><strong>jussis</strong></span> <span class='ocrx_word' id='word_1_685' title='bbox 1020 5075 1070 5129; x_wconf 89' lang='lat' dir='ltr'>iu</span> <span class='ocrx_word' id='word_1_686' title='bbox 1099 5074 1316 5129; x_wconf 66' lang='lat' dir='ltr'><strong>Iudaeos</strong></span> <span class='ocrx_word' id='word_1_687' title='bbox 1355 5075 1520 5129; x_wconf 90' lang='lat' dir='ltr'><strong>irruit</strong></span> <span class='ocrx_word' id='word_1_688' title='bbox 1556 5093 1568 5128; x_wconf 92' lang='lat'>:</span> <span class='ocrx_word' id='word_1_689' title='bbox 1602 5091 1665 5129; x_wconf 87' lang='lat' dir='ltr'>ac</span> <span class='ocrx_word' id='word_1_690' title='bbox 1697 5075 1880 5130; x_wconf 87' lang='lat' dir='ltr'><strong>obviis</strong></span> <span class='ocrx_word' id='word_1_691' title='bbox 1917 5077 2047 5146; x_wconf 90' lang='lat' dir='ltr'><strong>qui-</strong></span> 
     </span>
    </p>
   </div>
   <div class='ocr_carea' id='block_1_96' title="bbox 473 5167 2051 5238">
    <p class='ocr_par' dir='ltr' id='par_1_96' title="bbox 473 5167 2051 5238">
     <span class='ocr_line' id='line_1_96' title="bbox 473 5167 2051 5238; baseline 0.003 -19"><span class='ocrx_word' id='word_1_692' title='bbox 473 5167 687 5236; x_wconf 82' lang='lat' dir='ltr'><strong>busque</strong></span> <span class='ocrx_word' id='word_1_693' title='bbox 725 5168 911 5238; x_wconf 78' lang='lat' dir='ltr'><strong>gladio</strong></span> <span class='ocrx_word' id='word_1_694' title='bbox 988 5169 1344 5238; x_wconf 84' lang='lat' dir='ltr'><strong>propulsatis,</strong></span> <span class='ocrx_word' id='word_1_695' title='bbox 1403 5169 1587 5222; x_wconf 83' lang='lat' dir='ltr'><strong>salvus</strong></span> <span class='ocrx_word' id='word_1_696' title='bbox 1633 5169 1686 5222; x_wconf 92' lang='lat' dir='ltr'>in</span> <span class='ocrx_word' id='word_1_697' title='bbox 1727 5178 1903 5223; x_wconf 71' lang='lat' dir='ltr'><strong>ca~tra</strong></span> <span class='ocrx_word' id='word_1_698' title='bbox 1962 5187 2051 5224; x_wconf 89' lang='lat' dir='ltr'><strong>rc-</strong></span> 
     </span>
    </p>
   </div>
   <div class='ocr_carea' id='block_1_97' title="bbox 475 5258 2047 5324">
    <p class='ocr_par' dir='ltr' id='par_1_97' title="bbox 475 5258 2047 5324">
     <span class='ocr_line' id='line_1_97' title="bbox 475 5258 2047 5324; baseline 0.003 -14"><span class='ocrx_word' id='word_1_699' title='bbox 475 5259 764 5324; x_wconf 85' lang='lat' dir='ltr'><strong>vertitur,</strong></span> <span class='ocrx_word' id='word_1_700' title='bbox 827 5258 1050 5314; x_wconf 86' lang='lat' dir='ltr'><strong>duobus</strong></span> <span class='ocrx_word' id='word_1_701' title='bbox 1123 5259 1392 5313; x_wconf 71' lang='lat' dir='ltr'><strong>duntaxat</strong></span> <span class='ocrx_word' id='word_1_702' title='bbox 1468 5260 1731 5314; x_wconf 89' lang='lat' dir='ltr'><strong>comitum</strong></span> <span class='ocrx_word' id='word_1_703' title='bbox 1822 5277 2047 5315; x_wconf 89' lang='lat' dir='ltr'><strong>suorum</strong></span> 
     </span>
    </p>
   </div>
   <div class='ocr_carea' id='block_1_98' title="bbox 471 5351 2047 5424">
    <p class='ocr_par' dir='ltr' id='par_1_98' title="bbox 471 5351 2047 5424">
     <span class='ocr_line' id='line_1_98' title="bbox 471 5351 2047 5424; baseline 0.003 -19"><span class='ocrx_word' id='word_1_704' title='bbox 471 5352 650 5407; x_wconf 70' lang='lat' dir='ltr'><strong>cresia.</strong></span> <span class='ocrx_word' id='word_1_705' title='bbox 730 5351 1000 5406; x_wconf 87' lang='lat' dir='ltr'><strong>Postridie</strong></span> <span class='ocrx_word' id='word_1_706' title='bbox 1077 5365 1385 5406; x_wconf 88' lang='lat' dir='ltr'><strong>conscenso</strong></span> <span class='ocrx_word' id='word_1_707' title='bbox 1443 5352 1566 5406; x_wconf 90' lang='lat' dir='ltr'><strong>loco</strong></span> <span class='ocrx_word' id='word_1_708' title='bbox 1634 5353 1727 5424; x_wconf 90' lang='lat' dir='ltr'>qui</span> <span class='ocrx_word' id='word_1_709' title='bbox 1797 5356 2047 5424; x_wconf 85' lang='lat' dir='ltr'><strong>specula-</strong></span> 
     </span>
    </p>
   </div>
   <div class='ocr_carea' id='block_1_99' title="bbox 473 5441 2049 5509">
    <p class='ocr_par' dir='ltr' id='par_1_99' title="bbox 473 5441 2049 5509">
     <span class='ocr_line' id='line_1_99' title="bbox 473 5441 2049 5509; baseline 0.004 -14"><span class='ocrx_word' id='word_1_710' title='bbox 473 5451 564 5495; x_wconf 90' lang='lat' dir='ltr'>tor</span> <span class='ocrx_word' id='word_1_711' title='bbox 613 5441 854 5504; x_wconf 88' lang='lat' dir='ltr'><strong>dicitur,</strong></span> <span class='ocrx_word' id='word_1_712' title='bbox 911 5457 984 5495; x_wconf 82' lang='lat' dir='ltr'>vn</span> <span class='ocrx_word' id='word_1_713' title='bbox 1050 5442 1246 5496; x_wconf 86' lang='lat' dir='ltr'><strong>stadiis</strong></span> <span class='ocrx_word' id='word_1_714' title='bbox 1286 5443 1354 5496; x_wconf 87' lang='lat' dir='ltr'>ab</span> <span class='ocrx_word' id='word_1_715' title='bbox 1407 5443 1542 5497; x_wconf 88' lang='lat' dir='ltr'><strong>urbe</strong></span> <span class='ocrx_word' id='word_1_716' title='bbox 1583 5443 1791 5499; x_wconf 86' lang='lat' dir='ltr'><strong>distans</strong></span> <span class='ocrx_word' id='word_1_717' title='bbox 1822 5487 1836 5509; x_wconf 89' lang='lat'>,</span> <span class='ocrx_word' id='word_1_718' title='bbox 1903 5446 2049 5502; x_wconf 88' lang='lat' dir='ltr'><strong>unde</strong></span> 
     </span>
    </p>
   </div>
   <div class='ocr_carea' id='block_1_100' title="bbox 471 5534 2048 5603">
    <p class='ocr_par' dir='ltr' id='par_1_100' title="bbox 471 5534 2048 5603">
     <span class='ocr_line' id='line_1_100' title="bbox 471 5534 2048 5603; baseline 0.003 -15"><span class='ocrx_word' id='word_1_719' title='bbox 471 5543 534 5588; x_wconf 78' lang='lat' dir='ltr'>et</span> <span class='ocrx_word' id='word_1_720' title='bbox 582 5534 714 5588; x_wconf 90' lang='lat' dir='ltr'><strong>urbs</strong></span> <span class='ocrx_word' id='word_1_721' title='bbox 780 5541 837 5588; x_wconf 88' lang='lat' dir='ltr'>et</span> <span class='ocrx_word' id='word_1_722' title='bbox 909 5534 1176 5603; x_wconf 85' lang='lat' dir='ltr'><strong>templum</strong></span> <span class='ocrx_word' id='word_1_723' title='bbox 1248 5541 1580 5603; x_wconf 88' lang='lat' dir='ltr'><strong>spectatur,</strong></span> <span class='ocrx_word' id='word_1_724' title='bbox 1665 5547 1839 5591; x_wconf 89' lang='lat' dir='ltr'><strong>castra</strong></span> <span class='ocrx_word' id='word_1_725' title='bbox 1923 5553 2048 5593; x_wconf 84' lang='lat' dir='ltr'><strong>ntu-</strong></span> 
     </span>
    </p>
   </div>
   <div class='ocr_carea' id='block_1_101' title="bbox 476 5625 2050 5699">
    <p class='ocr_par' dir='ltr' id='par_1_101' title="bbox 476 5625 2050 5699">
     <span class='ocr_line' id='line_1_101' title="bbox 476 5625 2050 5699; baseline 0.004 -21"><span class='ocrx_word' id='word_1_726' title='bbox 476 5625 584 5678; x_wconf 92' lang='lat' dir='ltr'><strong>niri</strong></span> <span class='ocrx_word' id='word_1_727' title='bbox 645 5626 821 5696; x_wconf 82' lang='lat' dir='ltr'><strong>jubet.</strong></span> <span class='ocrx_word' id='word_1_728' title='bbox 889 5625 1095 5682; x_wconf 89' lang='lat' dir='ltr'><strong>Urbani</strong></span> <span class='ocrx_word' id='word_1_729' title='bbox 1163 5642 1294 5680; x_wconf 85' lang='lat' dir='ltr'><strong>vero</strong></span> <span class='ocrx_word' id='word_1_730' title='bbox 1377 5627 1611 5684; x_wconf 88' lang='lat' dir='ltr'><strong>subinde</strong></span> <span class='ocrx_word' id='word_1_731' title='bbox 1681 5629 1834 5699; x_wconf 85' lang='lat' dir='ltr'><strong>prius</strong></span> <span class='ocrx_word' id='word_1_732' title='bbox 1906 5629 2050 5684; x_wconf 88' lang='lat' dir='ltr'><strong>inter</strong></span> 
     </span>
    </p>
   </div>
   <div class='ocr_carea' id='block_1_102' title="bbox 481 5719 2046 5796">
    <p class='ocr_par' dir='ltr' id='par_1_102' title="bbox 481 5719 2046 5796">
     <span class='ocr_line' id='line_1_102' title="bbox 481 5719 2046 5796; baseline 0.002 -19"><span class='ocrx_word' id='word_1_733' title='bbox 481 5719 642 5793; x_wconf 73' lang='lat'>293</span> <span class='ocrx_word' id='word_1_734' title='bbox 676 5735 736 5778; x_wconf 88' lang='lat' dir='ltr'>se</span> <span class='ocrx_word' id='word_1_735' title='bbox 774 5722 1034 5778; x_wconf 83' lang='lat' dir='ltr'><strong>dimicare</strong></span> <span class='ocrx_word' id='word_1_736' title='bbox 1062 5723 1240 5790; x_wconf 86' lang='lat' dir='ltr'><strong>soliti,</strong></span> <span class='ocrx_word' id='word_1_737' title='bbox 1273 5723 1344 5781; x_wconf 85' lang='lat' dir='ltr'>ob</span> <span class='ocrx_word' id='word_1_738' title='bbox 1372 5726 1645 5796; x_wconf 75' lang='lat' dir='ltr'><strong>ingentem</strong></span> <span class='ocrx_word' id='word_1_739' title='bbox 1677 5725 1890 5782; x_wconf 80' lang='lat' dir='ltr'><strong>externi</strong></span> <span class='ocrx_word' id='word_1_740' title='bbox 1915 5725 2046 5782; x_wconf 91' lang='lat' dir='ltr'><strong>belli</strong></span> 
     </span>
    </p>
   </div>
   <div class='ocr_carea' id='block_1_103' title="bbox 2155 4710 3746 4785">
    <p class='ocr_par' dir='ltr' id='par_1_103' title="bbox 2155 4710 3746 4785">
     <span class='ocr_line' id='line_1_103' title="bbox 2155 4710 3746 4785; baseline 0.004 -22"><span class='ocrx_word' id='word_1_741' title='bbox 2155 4711 2330 4773; x_wconf 83' lang='grc' dir='ltr'>ἑντός.</span> <span class='ocrx_word' id='word_1_742' title='bbox 2383 4710 2738 4764; x_wconf 81' lang='grc' dir='ltr'>Ἐπεκθέουσι</span> <span class='ocrx_word' id='word_1_743' title='bbox 2791 4711 2847 4764; x_wconf 77' lang='grc' dir='ltr'>δὲ</span> <span class='ocrx_word' id='word_1_744' title='bbox 2889 4712 2990 4782; x_wconf 76' lang='grc' dir='ltr'>τῆς</span> <span class='ocrx_word' id='word_1_745' title='bbox 3031 4713 3241 4777; x_wconf 81' lang='grc' dir='ltr'>πόλεως</span> <span class='ocrx_word' id='word_1_746' title='bbox 3270 4713 3511 4785; x_wconf 79' lang='grc' dir='ltr'>ἄπειροι,</span> <span class='ocrx_word' id='word_1_747' title='bbox 3544 4715 3644 4768; x_wconf 51' lang='grc' dir='ltr'>καὶ⁵</span> <span class='ocrx_word' id='word_1_748' title='bbox 3690 4717 3746 4769; x_wconf 74' lang='grc' dir='ltr'>οἱ</span> 
     </span>
    </p>
   </div>
   <div class='ocr_carea' id='block_1_104' title="bbox 2155 4800 3748 4878">
    <p class='ocr_par' dir='ltr' id='par_1_104' title="bbox 2155 4800 3748 4878">
     <span class='ocr_line' id='line_1_104' title="bbox 2155 4800 3748 4878; baseline 0.006 -26"><span class='ocrx_word' id='word_1_749' title='bbox 2155 4801 2256 4870; x_wconf 73' lang='grc' dir='ltr'>μὲν</span> <span class='ocrx_word' id='word_1_750' title='bbox 2300 4800 2541 4855; x_wconf 76' lang='grc' dir='ltr'>πλεῖστοι</span> <span class='ocrx_word' id='word_1_751' title='bbox 2580 4801 2688 4855; x_wconf 88' lang='grc' dir='ltr'>τῶν</span> <span class='ocrx_word' id='word_1_752' title='bbox 2732 4804 2873 4872; x_wconf 80' lang='grc' dir='ltr'>μετά</span> <span class='ocrx_word' id='word_1_753' title='bbox 2910 4804 3094 4866; x_wconf 85' lang='grc' dir='ltr'>Τίτου,</span> <span class='ocrx_word' id='word_1_754' title='bbox 3135 4804 3378 4875; x_wconf 77' lang='grc' dir='ltr'>μανιώδη</span> <span class='ocrx_word' id='word_1_755' title='bbox 3419 4806 3518 4875; x_wconf 74' lang='grc' dir='ltr'>τὴν</span> <span class='ocrx_word' id='word_1_756' title='bbox 3557 4807 3748 4878; x_wconf 73' lang='grc' dir='ltr'>ὁρμὴν</span> 
     </span>
    </p>
   </div>
   <div class='ocr_carea' id='block_1_105' title="bbox 2153 4893 3750 4968">
    <p class='ocr_par' dir='ltr' id='par_1_105' title="bbox 2153 4893 3750 4968">
     <span class='ocr_line' id='line_1_105' title="bbox 2153 4893 3750 4968; baseline 0.006 -25"><span class='ocrx_word' id='word_1_757' title='bbox 2153 4893 2263 4944; x_wconf 78' lang='grc' dir='ltr'>τῶν</span> <span class='ocrx_word' id='word_1_758' title='bbox 2311 4893 2586 4947; x_wconf 74' lang='grc' dir='ltr'>Ἰουδαίων</span> <span class='ocrx_word' id='word_1_759' title='bbox 2623 4895 2880 4962; x_wconf 84' lang='grc' dir='ltr'>ὁρῶντες,</span> <span class='ocrx_word' id='word_1_760' title='bbox 2907 4895 3260 4966; x_wconf 79' lang='grc' dir='ltr'>ἀνεκόπησαν</span> <span class='ocrx_word' id='word_1_761' title='bbox 3289 4896 3382 4949; x_wconf 76' lang='grc' dir='ltr'>τοῦ</span> <span class='ocrx_word' id='word_1_762' title='bbox 3414 4897 3604 4966; x_wconf 83' lang='grc' dir='ltr'>πρόσω</span> <span class='ocrx_word' id='word_1_763' title='bbox 3631 4915 3750 4968; x_wconf 84' lang='grc' dir='ltr'>χω-</span> 
     </span>
    </p>
   </div>
   <div class='ocr_carea' id='block_1_106' title="bbox 2157 4985 3738 5061">
    <p class='ocr_par' dir='ltr' id='par_1_106' title="bbox 2157 4985 3738 5061">
     <span class='ocr_line' id='line_1_106' title="bbox 2157 4985 3738 5061; baseline 0.003 -24"><span class='ocrx_word' id='word_1_764' title='bbox 2157 4988 2292 5056; x_wconf 83' lang='grc' dir='ltr'>ρεῖν.</span> <span class='ocrx_word' id='word_1_765' title='bbox 2343 4985 2400 5038; x_wconf 85' lang='grc' dir='ltr'>Ὀ</span> <span class='ocrx_word' id='word_1_766' title='bbox 2433 4985 2591 5049; x_wconf 84' lang='grc' dir='ltr'>Τῖτος</span> <span class='ocrx_word' id='word_1_767' title='bbox 2619 4986 2699 5052; x_wconf 80' lang='grc' dir='ltr'>δὲ,</span> <span class='ocrx_word' id='word_1_768' title='bbox 2734 4987 2854 5056; x_wconf 76' lang='grc' dir='ltr'>μετ’</span> <span class='ocrx_word' id='word_1_769' title='bbox 2879 4986 3078 5055; x_wconf 87' lang='grc' dir='ltr'>ὀλίγων</span> <span class='ocrx_word' id='word_1_770' title='bbox 3111 4987 3222 5040; x_wconf 88' lang='grc' dir='ltr'>τῶν</span> <span class='ocrx_word' id='word_1_771' title='bbox 3268 4988 3446 5041; x_wconf 84' lang='grc' dir='ltr'>ἄλλων</span> <span class='ocrx_word' id='word_1_772' title='bbox 3471 4991 3738 5061; x_wconf 79' lang='grc' dir='ltr'>ἀποτμη-</span> 
     </span>
    </p>
   </div>
   <div class='ocr_carea' id='block_1_107' title="bbox 2155 5078 3740 5154">
    <p class='ocr_par' dir='ltr' id='par_1_107' title="bbox 2155 5078 3740 5154">
     <span class='ocr_line' id='line_1_107' title="bbox 2155 5078 3740 5154; baseline 0.006 -25"><span class='ocrx_word' id='word_1_773' title='bbox 2155 5078 2288 5140; x_wconf 79' lang='grc' dir='ltr'>θεὶς,</span> <span class='ocrx_word' id='word_1_774' title='bbox 2350 5080 2430 5141; x_wconf 83' lang='grc' dir='ltr'>είς</span> <span class='ocrx_word' id='word_1_775' title='bbox 2495 5079 2698 5149; x_wconf 89' lang='grc' dir='ltr'>μέσους</span> <span class='ocrx_word' id='word_1_776' title='bbox 2758 5079 2883 5143; x_wconf 77' lang='grc' dir='ltr'>τοὺς</span> <span class='ocrx_word' id='word_1_777' title='bbox 2934 5081 3231 5146; x_wconf 85' lang='grc' dir='ltr'>πολεμίους</span> <span class='ocrx_word' id='word_1_778' title='bbox 3273 5083 3740 5154; x_wconf 81' lang='grc' dir='ltr'>ἑμπεριείληπτο.</span> 
     </span>
    </p>
   </div>
   <div class='ocr_carea' id='block_1_108' title="bbox 2156 5170 3741 5245">
    <p class='ocr_par' dir='ltr' id='par_1_108' title="bbox 2156 5170 3741 5245">
     <span class='ocr_line' id='line_1_108' title="bbox 2156 5170 3741 5245; baseline 0.006 -25"><span class='ocrx_word' id='word_1_779' title='bbox 2156 5170 2264 5220; x_wconf 69' lang='grc' dir='ltr'>Καὶ</span> <span class='ocrx_word' id='word_1_780' title='bbox 2297 5170 2460 5235; x_wconf 76' lang='grc' dir='ltr'>γνοὺς</span> <span class='ocrx_word' id='word_1_781' title='bbox 2501 5172 2558 5222; x_wconf 88' lang='grc' dir='ltr'>ἑν</span> <span class='ocrx_word' id='word_1_782' title='bbox 2612 5171 2843 5241; x_wconf 81' lang='grc' dir='ltr'>κινδύνῳ</span> <span class='ocrx_word' id='word_1_783' title='bbox 2899 5171 2967 5224; x_wconf 84' lang='grc' dir='ltr'>τὰ</span> <span class='ocrx_word' id='word_1_784' title='bbox 3010 5171 3131 5224; x_wconf 78' lang='grc' dir='ltr'>κατ’</span> <span class='ocrx_word' id='word_1_785' title='bbox 3172 5174 3356 5235; x_wconf 69' lang='grc' dir='ltr'>αύτδν,</span> <span class='ocrx_word' id='word_1_786' title='bbox 3411 5175 3741 5245; x_wconf 60' lang='grc' dir='ltr'>ἑπιστρέᾳει</span> 
     </span>
    </p>
   </div>
   <div class='ocr_carea' id='block_1_109' title="bbox 2151 5259 3740 5336">
    <p class='ocr_par' dir='ltr' id='par_1_109' title="bbox 2151 5259 3740 5336">
     <span class='ocr_line' id='line_1_109' title="bbox 2151 5259 3740 5336; baseline 0.004 -25"><span class='ocrx_word' id='word_1_787' title='bbox 2151 5259 2458 5324; x_wconf 79' lang='grc' dir='ltr'>τδνῖππυν,</span> <span class='ocrx_word' id='word_1_788' title='bbox 2489 5265 2582 5315; x_wconf 59' lang='grc' dir='ltr'>καὶ¹</span> <span class='ocrx_word' id='word_1_789' title='bbox 2615 5265 2728 5325; x_wconf 83' lang='grc' dir='ltr'>τοῖς</span> <span class='ocrx_word' id='word_1_790' title='bbox 2769 5263 2897 5334; x_wconf 75' lang='grc' dir='ltr'>περὶ</span> <span class='ocrx_word' id='word_1_791' title='bbox 2942 5263 3106 5315; x_wconf 66' lang='grc' dir='ltr'>αὑτὸν</span> <span class='ocrx_word' id='word_1_792' title='bbox 3148 5265 3430 5336; x_wconf 72' lang='grc' dir='ltr'>ἐμϐοήσας</span> <span class='ocrx_word' id='word_1_793' title='bbox 3476 5265 3740 5332; x_wconf 75' lang='grc' dir='ltr'>ἔπεσθαι,</span> 
     </span>
    </p>
   </div>
   <div class='ocr_carea' id='block_1_110' title="bbox 2153 5357 3740 5430">
    <p class='ocr_par' dir='ltr' id='par_1_110' title="bbox 2153 5357 3740 5430">
     <span class='ocr_line' id='line_1_110' title="bbox 2153 5357 3740 5430; baseline 0.002 -21"><span class='ocrx_word' id='word_1_794' title='bbox 2153 5357 2413 5427; x_wconf 79' lang='grc' dir='ltr'>ἐμϐάλλει</span> <span class='ocrx_word' id='word_1_795' title='bbox 2443 5361 2554 5423; x_wconf 80' lang='grc' dir='ltr'>τοῖς</span> <span class='ocrx_word' id='word_1_796' title='bbox 2578 5359 2877 5423; x_wconf 78' lang='grc' dir='ltr'>Ἰουδαίοις,</span> <span class='ocrx_word' id='word_1_797' title='bbox 2920 5361 3010 5413; x_wconf 69' lang='grc' dir='ltr'>καὶ</span> <span class='ocrx_word' id='word_1_798' title='bbox 3035 5360 3112 5429; x_wconf 84' lang='grc' dir='ltr'>τῷ</span> <span class='ocrx_word' id='word_1_799' title='bbox 3145 5359 3288 5430; x_wconf 74' lang='grc' dir='ltr'>ξίφει</span> <span class='ocrx_word' id='word_1_800' title='bbox 3315 5362 3439 5423; x_wconf 81' lang='grc' dir='ltr'>τοὺς</span> <span class='ocrx_word' id='word_1_801' title='bbox 3477 5359 3740 5423; x_wconf 80' lang='grc' dir='ltr'>ἐπιόντας</span> 
     </span>
    </p>
   </div>
   <div class='ocr_carea' id='block_1_111' title="bbox 2153 5450 3739 5518">
    <p class='ocr_par' dir='ltr' id='par_1_111' title="bbox 2153 5450 3739 5518">
     <span class='ocr_line' id='line_1_111' title="bbox 2153 5450 3739 5518; baseline 0.001 -14"><span class='ocrx_word' id='word_1_802' title='bbox 2153 5450 2496 5504; x_wconf 85' lang='grc' dir='ltr'>ἀναστέλλων</span> <span class='ocrx_word' id='word_1_803' title='bbox 2566 5453 2658 5505; x_wconf 75' lang='grc' dir='ltr'>ἐπὶ</span> <span class='ocrx_word' id='word_1_804' title='bbox 2715 5451 2776 5504; x_wconf 80' lang='grc' dir='ltr'>τὸ</span> <span class='ocrx_word' id='word_1_805' title='bbox 2826 5453 3210 5518; x_wconf 78' lang='grc' dir='ltr'>στρατόπεδον,</span> <span class='ocrx_word' id='word_1_806' title='bbox 3262 5451 3611 5516; x_wconf 77' lang='grc' dir='ltr'>διασώζεται,</span> <span class='ocrx_word' id='word_1_807' title='bbox 3641 5453 3739 5506; x_wconf 84' lang='grc' dir='ltr'>δύο</span> 
     </span>
    </p>
   </div>
   <div class='ocr_carea' id='block_1_112' title="bbox 2153 5545 3736 5616">
    <p class='ocr_par' dir='ltr' id='par_1_112' title="bbox 2153 5545 3736 5616">
     <span class='ocr_line' id='line_1_112' title="bbox 2153 5545 3736 5616; baseline 0.002 -21"><span class='ocrx_word' id='word_1_808' title='bbox 2153 5547 2430 5597; x_wconf 86' lang='grc' dir='ltr'>πεσόντων</span> <span class='ocrx_word' id='word_1_809' title='bbox 2460 5546 2525 5597; x_wconf 86' lang='grc' dir='ltr'>ἑκ</span> <span class='ocrx_word' id='word_1_810' title='bbox 2553 5546 2661 5596; x_wconf 83' lang='grc' dir='ltr'>τῶν</span> <span class='ocrx_word' id='word_1_811' title='bbox 2687 5545 2971 5613; x_wconf 85' lang='grc' dir='ltr'>ἑπομένων</span> <span class='ocrx_word' id='word_1_812' title='bbox 3009 5545 3179 5616; x_wconf 78' lang='grc' dir='ltr'>αὐτῷ.</span> <span class='ocrx_word' id='word_1_813' title='bbox 3215 5545 3352 5600; x_wconf 81' lang='grc' dir='ltr'>Μεθ’</span> <span class='ocrx_word' id='word_1_814' title='bbox 3375 5546 3597 5616; x_wconf 72' lang='grc' dir='ltr'>ἡμέραν</span> <span class='ocrx_word' id='word_1_815' title='bbox 3637 5545 3736 5598; x_wconf 77' lang='grc' dir='ltr'>οὖν</span> 
     </span>
    </p>
   </div>
   <div class='ocr_carea' id='block_1_113' title="bbox 2153 5633 3738 5705">
    <p class='ocr_par' dir='ltr' id='par_1_113' title="bbox 2153 5633 3738 5705">
     <span class='ocr_line' id='line_1_113' title="bbox 2153 5633 3738 5705; baseline -0.001 -19"><span class='ocrx_word' id='word_1_816' title='bbox 2153 5636 2247 5687; x_wconf 78' lang='grc' dir='ltr'>ἐπὶ</span> <span class='ocrx_word' id='word_1_817' title='bbox 2278 5635 2368 5688; x_wconf 74' lang='grc' dir='ltr'>τὸν</span> <span class='ocrx_word' id='word_1_818' title='bbox 2400 5635 2611 5689; x_wconf 67' lang='grc' dir='ltr'>Σκοπὸν</span> <span class='ocrx_word' id='word_1_819' title='bbox 2642 5635 2810 5689; x_wconf 76' lang='grc' dir='ltr'>ἐλθὼν</span> <span class='ocrx_word' id='word_1_820' title='bbox 2843 5634 3026 5705; x_wconf 85' lang='grc' dir='ltr'>(τόπος</span> <span class='ocrx_word' id='word_1_821' title='bbox 3048 5635 3092 5689; x_wconf 89' lang='grc' dir='ltr'>δ’</span> <span class='ocrx_word' id='word_1_822' title='bbox 3117 5637 3266 5689; x_wconf 68' lang='grc' dir='ltr'>ὲστῖν</span> <span class='ocrx_word' id='word_1_823' title='bbox 3287 5633 3428 5688; x_wconf 80' lang='grc' dir='ltr'>οὕτω</span> <span class='ocrx_word' id='word_1_824' title='bbox 3457 5633 3738 5704; x_wconf 74' lang='grc' dir='ltr'>καλούμεο</span> 
     </span>
    </p>
   </div>
   <div class='ocr_carea' id='block_1_114' title="bbox 2153 5725 3734 5800">
    <p class='ocr_par' dir='ltr' id='par_1_114' title="bbox 2153 5725 3734 5800">
     <span class='ocr_line' id='line_1_114' title="bbox 2153 5725 3734 5800; baseline 0.002 -22"><span class='ocrx_word' id='word_1_825' title='bbox 2153 5743 2260 5794; x_wconf 70' lang='grc' dir='ltr'>νος,</span> <span class='ocrx_word' id='word_1_826' title='bbox 2308 5727 2500 5799; x_wconf 78' lang='grc' dir='ltr'>διέχων</span> <span class='ocrx_word' id='word_1_827' title='bbox 2544 5728 2648 5800; x_wconf 77' lang='grc' dir='ltr'>τῆς</span> <span class='ocrx_word' id='word_1_828' title='bbox 2687 5727 2894 5793; x_wconf 82' lang='grc' dir='ltr'>πόλεως</span> <span class='ocrx_word' id='word_1_829' title='bbox 2939 5727 3184 5794; x_wconf 78' lang='grc' dir='ltr'>σταδίους</span> <span class='ocrx_word' id='word_1_830' title='bbox 3226 5726 3386 5793; x_wconf 62' lang='grc' dir='ltr'>ἑπτὰ,</span> <span class='ocrx_word' id='word_1_831' title='bbox 3422 5725 3547 5780; x_wconf 80' lang='grc' dir='ltr'>ὅθεν</span> <span class='ocrx_word' id='word_1_832' title='bbox 3584 5727 3621 5798; x_wconf 74' lang='grc' dir='ltr'>ἦ</span> <span class='ocrx_word' id='word_1_833' title='bbox 3674 5744 3734 5782; x_wconf 74' lang='grc' dir='ltr'>τε</span> 
     </span>
    </p>
   </div>
  </div>
