4042 6200
205 269 314 334 513
1493 270 1906 331 ANNALIUM
1949 272 2097 332 LIB.
2143 271 2241 335 Vl.
3381 283 3487 348 5H

204 382 368 444 πόλις
405 379 502 432 καὶ
543 378 570 431 δ
606 378 731 436 ναὸς
775 377 1200 452 καταζαῖνεται)
1261 379 1658 452 περιϐαλέσθαι
1710 401 1797 436 κε-

1909 385 2210 452 procellam
2236 385 2507 458 dirempta
2536 387 2632 444 lite
2657 389 2794 446 urbe
2813 401 3140 455 excurrunt,
3165 408 3292 450 eum
3313 396 3382 452 iis
3403 404 3492 468 qui

204 474 359 526 λεύει
397 472 790 540 στρατόπεδον.
830 473 952 524 Τῶν
979 473 1109 535 δ’ξέν
1132 477 1196 544 τῇ
1231 475 1387 526 πόλει
1411 475 1801 547 συρρηγνυμέ-

204 585 318 619 νων
373 564 631 636 ἀλλήλοις
689 565 800 629 ἀεῖ,
848 566 970 616 τότε
1024 566 1191 629 πολὺς
1229 566 1477 619 ἐπελθὼν
1525 568 1552 620 ὁ
1601 568 1803 630 ἔξωθεν

204 660 477 725 ττύλεμος,
524 660 624 728 τὴν
669 658 786 728 ἔριν
830 659 1164 713 ἀνέπαυσεν.
1209 659 1514 730 Ἐμάχοντο
1557 659 1651 713 οῦν
1690 662 1804 724 τοῖς

206 751 574 821 βαλλομένοις
631 750 998 821 στρατοπεδον
1043 753 1093 803 oi
1143 751 1410 816 Ἰουδαῖοι,
1445 752 1545 823 τῆς
1594 753 1802 817 πόλεως

205 844 594 914 ἐκτρέχοντες,
627 843 721 894 καὶ
752 842 990 894 ἐκάκουν
1027 842 1154 906 τοὺς
1188 843 1488 908 ἐναντίους,
1522 845 1725 914 μᾶλλον
1756 845 1803 898 δ’

204 934 518 987 ὶκακοῦντο
572 932 751 987 αὐτοί.
803 935 1175 1004 Λωφήσαντος
1210 933 1266 989 δὲ
1310 934 1447 1004 πρὸς
1486 935 1660 1006 βραχὺ
1707 935 1802 988 τοῦ

204 1026 452 1098 θύραθεν
483 1023 748 1096 πολέμου,
785 1026 948 1078 πάλιν
989 1027 1101 1088 τοῖς
1153 1025 1303 1078 ἔνδον
1353 1028 1382 1094 ἡ
1436 1026 1621 1083 στάσις
1653 1026 1803 1097 ἠγεί-

208 1138 358 1192 ρετο.
394 1121 506 1171 Καὶ
535 1117 673 1189 δόλῳ
711 1117 772 1170 τὸ
803 1117 949 1186 ἱερὸν
985 1119 1012 1170 ὁ
1042 1117 1300 1186 Ἰωάννης
1338 1118 1434 1171 σὺν
1473 1121 1582 1181 τοῖς
1627 1116 1803 1185 ζηλω-

202 1216 330 1276 ταῖς
373 1210 692 1282 κατασχὼν,
726 1211 942 1264 πολλῶν
997 1210 1424 1280 ἀναιρεθέντων,
1473 1211 1802 1284 κατεθάρρει

201 1305 300 1358 τοῦ
348 1307 618 1375 Σίμωνος.
662 1303 720 1359 '0
751 1303 808 1356 δὲ
853 1299 1012 1364 Τῖτος
1043 1301 1370 1371 ὲξομαλίσαι
1406 1302 1710 1367 προσέταξε
1742 1304 1802 1355 τὸ

199 1397 316 1452 ἀπὸ
344 1398 437 1450 τοῦ
465 1396 677 1449 Σκοποῦ
715 1395 881 1466 μέχρι
907 1393 1001 1447 τοῦ
1031 1394 1244 1464 τείχους
1276 1393 1554 1465 διάστημα
1575 1412 1588 1425 ο
1623 1393 1801 1446 καὶτὸ

204 1491 308 1559 μὲν
348 1489 582 1556 ἐγίνετο,
631 1488 910 1549 Ἰουδαίοις
963 1485 1021 1538 δὲ
1071 1486 1214 1540 κατὰ
1269 1485 1558 1557 Ῥωμαίων
1607 1485 1801 1556 ἐνέδρα

198 1594 289 1642 τις
325 1577 711 1650 μεμηχάνητο.
759 1579 823 1632 Ol
859 1577 968 1651 γὰρ
1001 1576 1398 1649 τολμηρότεροι
1423 1578 1533 1630 τῶν
1569 1593 1800 1631 στασιαο

202 1672 380 1740 στῶν,
414 1670 779 1743 προελθόντες
802 1670 904 1738 τῆς
923 1669 1153 1734 πόλεως,
1180 1668 1255 1729 ὡς
1275 1668 1676 1740 ὲκϐεϐλημένοι
1707 1667 1801 1739 δῆ-

1907 477 2114 530 vallum
2150 477 2411 532 muniunt
2443 479 2747 536 dimicant:
2778 494 2835 538 et
2864 485 2995 539 dum
3027 486 3219 540 hostes
3252 487 3495 544 rladibus

1907 565 2188 631 alliciunt,
2237 568 2494 638 pluribus
2530 570 2630 640 ipsi
2673 572 3016 630 aiiiciuntur.
3066 577 3309 632 Exlcrno
3353 568 3497 635 bello

1906 658 2189 728 paulisper
2222 660 2568 730 quiescente,
2623 664 2825 720 scditio
2880 683 3074 722 rursus
3111 670 3404 724 exoritur:
3442 681 3494 726 et

1903 747 2149 804 Joannes
2180 765 2305 804 cum
2342 752 2549 808 Zelotis
2595 757 2800 825 templo
2838 759 3032 814 multis
3063 760 3222 814 caesis
3263 777 3362 830 per
3405 761 3489 818 do-

1905 841 2018 895 lum
2053 852 2350 914 occupato,
2377 845 2587 901 Simoni
2625 863 2684 902 se
2717 864 3000 920 Opponere
3025 869 3195 908 ausus
3227 865 3334 909 est.
3357 854 3494 910 Dum

1904 945 2086 989 autem
2126 936 2476 992 intervallum
2498 978 2514 1003 ,
2549 940 2696 1010 quod
2731 956 2762 996 a
2791 943 3139 1011 speculatore
3185 944 3252 998 ad
3288 946 3494 1000 mmnia

1902 1028 2168 1097 pertinet.
2219 1027 2326 1084 Titi
2387 1030 2545 1101 jussu
2603 1044 2956 1102 exsequatur,
3005 1034 3182 1090 Judaei
3234 1034 3496 1091 Rommis

1905 1117 2138 1174 insidias
2167 1129 2417 1176 struunt.
2443 1122 2579 1177 Nam
2624 1124 2952 1180 audaciores
2984 1141 3015 1180 e
3051 1125 3332 1180 seditiosis
3354 1167 3368 1188 ,
3401 1143 3489 1182 ur-

1903 1208 2029 1264 bem
2075 1213 2283 1283 egressi
2309 1255 2322 1280 ,
2362 1215 2526 1284 quasi
2566 1231 2596 1270 a
2627 1217 2780 1287 pacis
2815 1217 3079 1274 studiosis
3104 1218 3266 1289 ejecti
3307 1229 3494 1273 essent

1883 1295 2134 1366 scilicet.
2163 1306 2321 1376 juxta
2345 1307 2550 1362 mmnia
2578 1309 2980 1364 versabantur:
3007 1309 3104 1363 alii
3130 1311 3185 1363 in
3214 1310 3492 1365 moenibus

1901 1403 2110 1452 stantes
2141 1397 2298 1467 quasi
2333 1414 2402 1454 ex
2433 1399 2592 1470 plebe
2620 1401 2892 1466 homines,
2928 1419 3118 1472 pacem
3149 1403 3490 1470 clamabant,

1900 1494 1955 1538 et
1976 1481 2258 1539 dexteram
2283 1487 2568 1555 petebant,
2597 1489 2984 1558 Romanosque
3012 1490 3306 1553 vocabant,
3330 1489 3493 1560 quasi

1901 1585 2093 1646 portas
2116 1577 2361 1646 aperturi
2385 1588 2590 1633 essent.
2619 1582 2699 1634 Ac
2724 1581 2932 1635 milites
2953 1581 3178 1651 quidem
3212 1581 3349 1636 nihil
3375 1597 3493 1637 sus-

1901 1667 2092 1738 picati,
2124 1683 2264 1739 opus
2285 1671 2751 1742 aggrediebantur
2778 1691 2793 1728 :
2820 1673 2977 1728 Titus
3005 1685 3194 1730 autem
3232 1675 3492 1745 inexspe-

197 1767 294 1819 θεν
331 1767 444 1818 ὑπὸ
468 1765 576 1817 τῶν
603 1764 673 1818 τὰ
705 1763 959 1836 εἰρηνικὰ
988 1762 1354 1835 φρονούντων,
1381 1762 1508 1834 περὶ
1535 1761 1595 1815 τὸ
1620 1763 1795 1832 τεῖχος

1900 1770 2104 1816 ctatam
2151 1762 2498 1818 vocationem
2529 1773 2840 1835 suSpectam
2879 1766 3138 1822 habebat.
3190 1766 3328 1821 Nam
3360 1782 3490 1822 cum

191 1855 348 1930 ἦσαν
377 1857 722 1928 εἱλούμενοιο
751 1857 901 1910 ἄλλοι
931 1857 1009 1922 δὲ,
1035 1857 1262 1919 στάντες
1299 1855 1395 1909 ἐπὶ
1432 1853 1526 1907 τοῦ
1557 1855 1794 1924 τείχους,

192 1948 268 2011 ὡς
307 1951 376 2003 ὲκ
416 1947 514 2001 τοῦ
563 1948 737 2018 δήμου
777 1946 1160 2018 τυγχάνοντες,
1204 1947 1430 2017 εἰρήνην
1471 1943 1662 2009 ἐϐόων,
1704 1945 1798 1996 καὶ

190 2042 386 2106 δεξιὰν
416 2041 668 2112 ᾐτοῦντο,
713 2039 1006 2104 καλοῦντες
1049 2039 1178 2102 τοὺς
1217 2039 1543 2109 Ῥωμαίους,
1585 2036 1660 2099 ὡς
1698 2036 1798 2100 τὰς

193 2136 384 2196 πύλας
426 2132 758 2197 ἀνοίξοντες.
795 2132 922 2196 Τοῖς
963 2130 1062 2202 μὲν
1108 2126 1203 2184 οῦν
1241 2131 1608 2201 στρατιώταις
1644 2129 1797 2183 οὐδὲν

193 2227 603 2286 ὑπωπτεύετο,
663 2226 760 2278 καὶ
823 2224 1068 2296 ἐχώρουν
1127 2223 1222 2278 ἐπὶ
1277 2224 1337 2278 τὸ
1401 2225 1590 2294 ἔργον,
1653 2224 1796 2294 Τίτῳ

191 2319 250 2372 δὲ
309 2319 382 2371 δι’
429 2317 668 2386 ὑποψίας
715 2311 782 2387 ἦν
825 2319 925 2387 τῆς
975 2315 1319 2386 ἐπικλήσεως
1352 2314 1414 2367 re.
1461 2312 1793 2385 παράλογον.

196 2412 320 2482 Πρδ
365 2411 502 2480 μιᾶς
529 2409 640 2480 γὰρ
673 2408 886 2479 ἡμέρας
915 2407 1004 2462 διὰ
1030 2403 1124 2461 τοῦ
1155 2407 1421 2476 Ἰωσήπου
1463 2408 1558 2458 ἐπὶ
1594 2405 1799 2474 συμϐά-

197 2523 320 2570 σεις
358 2502 561 2564 αὐτοὺς
592 2501 1061 2572 προκαλούμενος,
1087 2499 1242 2554 οὐδὲν
1275 2497 1608 2569 φρονοῦντας
1642 2496 1798 2568 εὔρι-

196 2617 304 2652 σκε
345 2597 594 2668 μέτριον.
635 2595 839 2648 Μένειν
873 2591 966 2646 οῦν
995 2593 1137 2647 κατὰ
1158 2589 1344 2663 χώραν
1372 2592 1498 2655 τοὺς
1531 2591 1798 2662 στρατιώο

194 2709 298 2756 τῖς
351 2689 599 2744 ἐκέλευε.
629 2687 962 2741 Φθασάντων
1004 2687 1062 2740 δέ
1106 2703 1270 2740 τινων
1317 2685 1456 2756 πρὸς
1489 2686 1587 2749 τὰς
1621 2685 1797 2749 πύλας

193 2787 458 2857 δραμεῖν,
507 2783 568 2836 τὸ
610 2781 710 2854 μὲν
741 2781 958 2852 πρῶτον
1005 2781 1055 2833 oi
1101 2777 1470 2848 ἐκϐεϐλῆσθαι
1512 2777 1796 2842 δοκοῦντες

193 2879 303 2932 ὕτεέ
317 2894 529 2945 ςευγον
551 2893 566 2908 ο
602 2875 677 2938 ὡς
711 2873 768 2928 δὲ
808 2873 1015 2946 μεταξὺ
1043 2872 1150 2926 τῶν
1177 2873 1278 2943 τῆς
1305 2873 1516 2936 πόλεως
1544 2873 1797 2940 ἐγένοντο

194 2971 458 3042 πύργων,
493 2967 732 3032 ἐξέθεον,
766 2965 863 3019 καὶ
909 2965 1178 3018 ὲκύκλουν
1216 2964 1440 3024 αὐτού
1478 2965 1587 3017 Καὶ
1625 2965 1674 3016 oi
1703 2965 1796 3017 ἐπὶ

1902 1868 2000 1910 eos
2030 1855 2207 1925 pridie
2233 1872 2333 1928 per
2358 1857 2664 1929 .losephum
2695 1859 2762 1916 ad
2796 1861 3084 1931 pactiones
3105 1873 3488 1932 provocasset,

1900 1945 2042 1999 nihil
2087 1945 2361 2002 moderati
2416 1949 2666 2018 responsi
2717 1960 3030 2021 acceperat.
3090 1951 3292 2006 Milites
3323 1951 3492 2022 igitur

1899 2053 2000 2092 suo
2040 2038 2161 2094 loco
2195 2042 2623 2113 manerejussit.
2656 2042 2761 2098 Sed
2787 2060 2914 2098 cum
2941 2043 3165 2114 quidam
3206 2045 3273 2098 ad
3301 2056 3493 2115 portas

1892 2129 2006 2201 jam
2044 2131 2450 2200 procurrissent
2473 2175 2486 2198 ,
2524 2133 2561 2188 ii
2590 2133 2685 2204 qui
2721 2149 2782 2188 sc
2812 2135 3020 2205 ejectos
3049 2150 3172 2190 esse
3205 2135 3491 2205 ﬁngebant

1900 2223 2289 2296 refugiebant:
2329 2237 2387 2280 ut
2412 2243 2542 2282 vero
2593 2228 2738 2282 intra
2775 2228 2936 2283 urbis
2969 2237 3150 2284 turres
3178 2228 3256 2284 illi
3290 2246 3489 2300 perie-

1899 2326 2129 2381 nerant,
2152 2326 2542 2383 excurrerant,
2574 2333 2780 2390 eosque
2844 2321 3350 2376 circumvenerunt.
3382 2323 3486 2389 Qui

1898 2423 2032 2464 vero
2079 2410 2134 2464 in
2175 2411 2454 2466 moenibus
2501 2423 2694 2474 erant,
2741 2412 2846 2467 tela
2879 2423 2933 2467 et
2973 2427 3101 2467 saxa
3154 2423 3344 2469 contra
3391 2431 3491 2470 cos

1892 2498 2205 2569 jaculantes
2225 2543 2238 2567 ,
2276 2501 2603 2557 occiderunt
2631 2503 2834 2558 multos
2855 2543 2870 2569 ,
2905 2505 3094 2574 plures
3124 2507 3490 2562 convulnera-

1899 2601 2050 2647 runt.
2086 2591 2206 2659 Quo
2250 2609 2511 2648 successu
2543 2595 2718 2650 Judaei
2771 2597 3164 2660 exsultabant,
3228 2607 3286 2651 et
3331 2609 3489 2652 scuta

1898 2686 2335 2741 concutiebant:
2395 2687 2553 2744 Titus
2588 2704 2719 2743 vero
2763 2697 2818 2743 et
2872 2691 3233 2745 centuriones
3281 2691 3490 2745 milites

1899 2780 2262 2848 castigabant.
2309 2780 2390 2834 Eo
2421 2781 2600 2850 spatio
2632 2780 2779 2850 quod
2813 2791 2940 2836 ante
2968 2783 3169 2836 mamia
3201 2791 3290 2836 est
3330 2797 3490 2837 com-

1897 2869 2122 2938 planato
2148 2911 2164 2935 ,
2207 2871 2494 2940 copiarum
2530 2872 2700 2926 robur
2729 2872 2796 2926 ad
2831 2888 3026 2926 muros
3053 2873 3298 2928 extendit
3327 2891 3343 2930 :
3385 2873 3491 2928 ob-

1898 2964 2238 3032 struetisque
2273 2964 2604 3031 ,Judmorum
2659 2965 3126 3031 excursionibus,
3177 2975 3354 3021 castra
3409 2965 3487 3020 ibi

192 3063 291 3116 τοῦ
331 3063 557 3131 τείχους
598 3059 731 3129 βέλη
777 3055 900 3111 κατ’
943 3055 1125 3111 αὐτῶν
1158 3055 1413 3128 ἠφίεσαν,
1465 3055 1559 3109 καὶ
1611 3055 1794 3119 λίθους

1900 3057 2104 3122 posuit.
2130 3056 2269 3112 Urbs
2303 3058 2503 3126 triplici
2536 3073 2695 3112 muro
2724 3057 3061 3114 circumdata
3089 3057 3216 3122 fuit,
3238 3057 3333 3112 ubi
3356 3073 3490 3112 vero

193 3156 518 3225 ἠκόντιζον,
559 3154 654 3205 καὶ
685 3153 897 3205 ἀνεῖλον
934 3150 1184 3221 συχνοὺς,
1219 3151 1315 3203 καὶ
1364 3149 1587 3212 πλείους
1627 3149 1794 3202 κατέ-

193 3267 448 3318 τρωσαν.
483 3249 595 3301 Καὶ
618 3248 664 3298 οί
703 3247 804 3317 μὲν
840 3246 1085 3297 Ἰουδαῖ.ι
1111 3243 1382 3315 ἐσκίρτων
1412 3243 1540 3307 τοὺς
1570 3243 1792 3313 θυρεοὺς

195 3342 579 3402 ἀνασείοντες,
607 3339 719 3401 τοῖς
769 3335 824 3387 δὲ
875 3335 1240 3406 στρατιώταις
1283 3336 1312 3387 ὁ
1363 3333 1520 3398 Τίτος
1556 3335 1792 3405 ἠπείλει,

193 3436 293 3486 καὶ
322 3436 372 3486 oi
403 3432 714 3502 ταξίαρχοι.
754 3431 893 3499 Ἤδη
917 3431 972 3482 δὲ
1000 3429 1091 3481 τοῦ
1121 3430 1224 3500 πρὸ
1248 3426 1357 3480 τῶν
1388 3427 1586 3498 τειχῶν
1615 3428 1793 3498 χώρω

193 3526 587 3593 ἐξισωθέντος,
623 3525 739 3576 ἐκεῖ
771 3520 1087 3592 μεταθεῖναι
1120 3519 1442 3590 βουλόμενος
1468 3519 1528 3572 τὸ
1568 3522 1794 3592 στρσιτδ⁹

193 3618 333 3671 πεδο
353 3637 389 3680 ι,
432 3613 500 3668 τὸ
541 3613 961 3686 καρτερώτατον
991 3611 1090 3680 τῆς
1117 3611 1400 3678 δυνάμεως
1435 3611 1796 3681 ἀντιπαρεξέ-

192 3726 347 3762 τεινε
385 3707 469 3776 τῷ
503 3707 699 3775 τείχει,
739 3707 830 3758 καὶ
870 3702 1013 3758 οὕτω
1060 3706 1470 3776 πεπραγμένων
1521 3704 1796 3768 Ἰουδαίοις

191 3804 308 3857 τῶν
340 3803 660 3872 ἐκδρομῶν,
691 3797 1263 3869 ἐστρατοπεδεύσαντο
1282 3798 1334 3850 oi
1363 3797 1628 3866 Ῥωμαῖοι
1655 3797 1793 3852 ἐκεῖ.

189 3899 362 3967 Τρισί
403 3895 741 3964 senilem
772 3897 805 3964 ἡ
849 3893 1008 3955 πόλις
1039 3891 1436 3963 περιεϐέϐλητο
1464 3907 1480 3922 ο
1515 3891 1650 3945 ὅπου
1682 3892 1727 3946 δ’
1759 3895 1794 3963 ἡ

189 3991 367 4059 φύσις
437 3986 535 4039 τοῦ
595 3987 762 4039 τόπου
818 3986 1025 4055 ταύτην
1083 3984 1328 4055 ὠχύρου,
1394 3985 1474 4037 ἑνὶ
1521 3984 1797 4056 περιϐόλῳ

186 4084 469 4146 διέζωστο
490 4097 503 4109 ·
535 4079 679 4132 οῦτω
711 4077 756 4131 δ’
783 4079 1018 4148 ἐχούσης
1047 4078 1147 4148 τῆς
1180 4077 1411 4142 πόλεως,
1445 4077 1655 4148 ἄπορος
1682 4078 1798 4132 ἐδό-

189 4192 286 4227 κει
319 4172 397 4243 τῷ
428 4173 578 4242 Τίτῳ
606 4173 638 4242 ἡ
671 4172 970 4242 προσϐολή.
1005 4170 1154 4233 Τέως
1183 4169 1228 4223 δ’
1255 4164 1352 4223 οῦν
1382 4169 1527 4235 ἔδοξε
1563 4171 1704 4224 κατὰ
1738 4171 1796 4224 τὸ

188 4268 459 4320 Ἰωάννου
505 4263 601 4316 τοῦ
634 4264 937 4334 ἀρχιερέως
969 4264 1239 4333 μνημεῖον
1279 4261 1666 4332 προσϐάλλειν,
1702 4262 1797 4314 καὶ

186 4362 314 4421 τοῖς
346 4359 602 4426 τάγμασι
634 4355 796 4429 δῃοῦν
822 4357 891 4409 τὰ
923 4355 1026 4422 πρὸ
1058 4356 1155 4425 τῆς
1186 4355 1391 4419 πόλεως
1421 4353 1793 4423 ὲγκελεύεται,

1900 3149 2010 3203 situ
2072 3148 2193 3218 ipso
2249 3151 2644 3215 muniebatur,
2698 3151 2939 3222 simplici
2991 3151 3300 3207 duntaxat:
3337 3149 3489 3220 quod

1900 3257 2026 3297 cum
2046 3243 2116 3296 ita
2132 3253 2299 3308 esset,
2321 3248 2654 3314 oppugnatio
2677 3243 2997 3301 dil'licillima
3023 3244 3150 3300 Tito
3172 3244 3488 3300 videbatur.

1900 3333 2009 3389 Sed
2033 3345 2213 3390 tamen
2235 3336 2411 3390 visum
2437 3346 2544 3401 est,
2569 3339 2725 3408 juxta
2742 3337 2972 3392 Joannis
2997 3337 3270 3406 pontiﬁcis
3291 3351 3492 3391 monu-

1897 3435 2146 3482 mentum
2201 3441 2323 3482 eam
2374 3426 2582 3482 adoriri
2612 3446 2627 3482 :
2662 3428 2827 3497 idque
2872 3427 3188 3498 legionibus
3245 3425 3487 3481 indicari

1895 3517 2077 3589 jubet,
2114 3527 2175 3572 ut
2203 3518 2490 3574 materiam
2516 3521 2586 3574 ad
2615 3520 2943 3574 excitandos
2970 3535 3196 3590 aggeres
3223 3533 3488 3588 compor-

1902 3617 2104 3662 tarent.
2139 3609 2258 3675 Quo
2293 3609 2462 3676 facto,
2493 3620 2551 3664 et
2583 3611 2877 3680 aggeribus
2903 3611 3208 3666 exstructis
3231 3649 3246 3671 .
3282 3610 3491 3663 arietes

1897 3699 2148 3769 expediri
2179 3701 2368 3771 jussit.
2404 3700 2665 3767 Quicum
2709 3702 2913 3758 muenia
2949 3702 3215 3757 trifariam
3254 3714 3487 3770 percus-

1898 3791 2139 3854 sissent,
2167 3800 2224 3846 et
2256 3791 2560 3847 inusitatus
2593 3793 2779 3863 fragor
2808 3793 3001 3848 urbem
3039 3791 3486 3846 circumsonuis-

1899 3893 1984 3938 set
2014 3900 2029 3938 :
2064 3884 2306 3939 clamore
2338 3885 2408 3939 ab
2441 3886 2688 3941 obsessis
2717 3884 2960 3949 sublato,
2996 3884 3251 3940 seditiosi
3283 3884 3486 3949 territi,

1898 3989 1957 4029 se
1984 3976 2174 4030 hostes
2202 3977 2488 4031 communi
2523 3991 2627 4045 ope
2665 3977 3086 4048 prOpulsaturos
3114 3991 3236 4030 esse
3265 3975 3491 4046 pepige—

1899 4078 2048 4123 runt.
2073 4069 2262 4125 Murus
2296 4080 2478 4126 tamen
2508 4070 2711 4126 ictibus
2751 4072 2986 4125 arietum
3021 4085 3129 4123 non
3158 4069 3360 4133 cessit,
3386 4082 3486 4122 an-

1897 4161 2025 4231 gulo
2043 4161 2308 4218 duntaxat
2324 4161 2490 4234 294
2509 4163 2675 4219 turris
2690 4163 3079 4228 uniusemoto,
3097 4175 3256 4216 muro
3275 4160 3488 4214 incolu-

1898 4255 1993 4308 mi.
2015 4254 2186 4308 Judaei
2206 4270 2338 4310 vero
2359 4271 2484 4310 cum
2501 4253 3066 4323 Romanosinpastris
3078 4253 3377 4323 dissipatos
3393 4252 3491 4306 ob-

1897 4355 2216 4402 servasscut
2241 4387 2256 4414 ,
2291 4359 2597 4402 excurrunt
2625 4361 2821 4402 omnes
2845 4384 2861 4409 ,
2891 4355 2949 4400 et
2983 4349 3163 4417 ignem
3216 4345 3490 4400 machinis

189 4456 516 4524 συμφορείν
541 4467 600 4501 τε
633 4450 731 4520 τὴν
759 4448 915 4520 ὓλην,
946 4448 1009 4501 ἵν’
1038 4449 1309 4520 ὲγείροιεν
1336 4446 1587 4518 χώματα.
1613 4446 1719 4498 Καὶ
1745 4446 1794 4498 οἱ

1902 4437 2200 4511 injiciunt:
2247 4439 2342 4495 ubi
2375 4450 2532 4496 atrox
2572 4455 2755 4510 pugna
2794 4449 2984 4494 exorta
3016 4447 3121 4504 est,
3155 4438 3243 4492 his
3273 4454 3368 4492 eas
3399 4437 3488 4492 in—

191 4547 302 4618 μὲν
347 4547 430 4609 είς
473 4543 638 4614 ἔργον
669 4537 806 4613 ἦγον
847 4541 906 4593 τὸ
935 4540 1248 4608 κέλευσμα·
1279 4539 1390 4592 τῶν
1431 4538 1489 4593 δὲ
1519 4537 1794 4609 χωμάτων

187 4638 629 4710 ἐγηγερμὲνων,
666 4634 972 4703 προσάγειν
1001 4631 1128 4696 τοὺς
1157 4634 1347 4704 κριοὺς
1378 4633 1405 4684 ὁ
1434 4631 1594 4694 Τῖτος
1629 4647 1796 4702 προσ-

183 4736 420 4794 έταττε,
487 4729 587 4782 καὶ
633 4726 859 4779 τύπτειν
919 4725 978 4778 “to
1031 4726 1230 4793 τεῖχος.
1273 4722 1412 4792 Ἤδη
1468 4721 1577 4774 τῶν
1624 4720 1796 4790 κριῶν

187 4827 507 4900 ἠργμένων
541 4822 818 4894 τριχόθεν,
856 4819 1100 4888 ἐξαισίου
1131 4836 1192 4870 τε
1238 4818 1446 4871 κτύπου
1498 4819 1597 4889 τὴν
1635 4818 1794 4872 πόλιν

183 4917 679 4987 περιηχήσαντος,
717 4914 932 4983 κραυγὴ
967 4912 1118 4978 παρὰ
1152 4908 1262 4962 τῶν
1302 4910 1452 4962 ἔνδον
1488 4911 1652 4982 ἤρθη,
1702 4915 1795 4964 καὶ

183 5011 239 5062 οἱ
300 5006 661 5069 στασιασταὶ,
704 5005 1009 5065 δείσαντες,
1049 5002 1396 5071 ὡμονόησαν,
1449 5003 1635 5069 κοινὴν
1697 5002 1796 5071 τὴν

182 5108 425 5173 ἄμυνα-ι
471 5100 605 5169 πρὸς
647 5099 774 5160 τοὺς
808 5096 1104 5165 πολεμίους
1139 5093 1416 5147 ποιεῖσθαι
1455 5094 1795 5163 συνθέμενοι.

186 5199 329 5250 Τιυν
359 5211 428 5263 γε
464 5195 575 5263 μὴν
602 5191 773 5262 κριῶν
806 5191 1143 5251 τυπτόντων,
1180 5188 1279 5257 οὐχ
1307 5186 1556 5240 ύπεδίδου
1587 5187 1647 5238 το
1689 5189 1797 5238 τεῖ-

186 5308 296 5361 χος
321 5287 732 5359 πληττόμενον.
753 5285 791 5337 Γ
795 5283 931 5338 ωνία
960 5284 1018 5337 δέ
1053 5301 1136 5346 τις
1168 5283 1330 5353 μόνον
1361 5281 1480 5344 ἐνὸς
1517 5281 1626 5333 τῶν
1659 5279 1790 5349 πύρ-

188 5401 319 5450 γων
345 5362 798 5448 ἰιταροικεκίνητο,
829 5378 890 5430 τὸ
917 5377 974 5430 δὲ
1012 5379 1191 5446 τεῖχος
1221 5375 1480 5442 ἀκέραιον
1527 5369 1617 5444 ἦν.
1663 5375 1797 5428 ἰου-

187 5477 346 5531 δαῖοι
383 5473 468 5538 δὲ,
506 5472 632 5536 τοὺς
667 5471 981 5539 Ῥωμαίους
1003 5468 1436 5540 ἐσκεδασμένους
1470 5469 1800 5538 παρατηρή-

191 5583 399 5629 σαντες
436 5563 582 5618 κατὰ
616 5563 679 5616 τὸ
709 5561 1099 5634 στρατόπεδον,
1129 5559 1380 5613 ἐκθέουσι
1422 5559 1650 5624 πάντες,
1684 5559 1799 5630 πῦρ

189 5661 330 5718 ταῖς
362 5657 642 5726 μηχαναῖς
677 5650 1054 5720 ἐπιφέροντες.
1096 5649 1256 5719 Δεινὴ
1295 5649 1352 5702 δὲ
1385 5647 1518 5718 περὶ
1554 5650 1654 5711 τὰς
1681 5649 1800 5700 ἑλε-

190 5751 400 5812 πόλεις
459 5747 612 5820 μάχη
654 5744 941 5812 συνέπεσε,
972 5743 1082 5798 τῶν
1111 5742 1213 5814 μὲν
1254 5741 1645 5813 ὕποπιμπρᾷν,
1686 5740 1797 5794 τῶν

1903 4535 2140 4590 cendere
2160 4575 2175 4601 ,
2208 4535 2316 4590 illis
2347 4534 2662 4597 incendium
2692 4534 2951 4590 cohibere
2987 4532 3344 4588 conantibus.
3375 4531 3486 4587 Sed

1899 4627 2072 4683 Judmi
2108 4643 2176 4684 ex
2207 4627 2600 4698 desperatione
2645 4627 2966 4696 superiores
3003 4625 3252 4690 luerunt,
3279 4633 3337 4680 et
3368 4639 3487 4679 mae

1901 4722 2082 4778 china:
2109 4724 2218 4793 jam
2249 4721 2520 4777 ardebant
2550 4739 2564 4775 :
2601 4737 2666 4776 ac
2695 4721 2802 4775 nisi
2843 4719 3005 4774 Titus
3035 4733 3161 4773 cum
3197 4717 3488 4788 equitibus

1901 4814 2156 4871 subsidio
2188 4815 2452 4875 venisset,
2500 4811 2954 4884 conﬂagrassent.
3007 4811 3164 4866 Nunc
3201 4827 3330 4864 vero
3359 4826 3461 4880 pro

1900 4905 2303 4977 pugnatoribus
2330 4905 2650 4960 Judamruut
2681 4904 2904 4958 circiter
2933 4919 3010 4957 xu
3045 4902 3203 4957 caesis
3228 4943 3245 4967 ,
3281 4900 3484 4969 reliqui

1901 5000 1957 5053 in
1995 4997 2189 5053 urbem
2239 5006 2370 5052 sunt
2419 4997 2736 5066 compulsi:
2767 5001 2827 5052 et'
2858 5013 3002 5051 unus
3052 4995 3277 5051 Judaeus
3329 4993 3490 5050 tius

1899 5098 2118 5161 captus,
2147 5099 2277 5144 ante
2315 5091 2519 5145 mcenia
2549 5093 2601 5142 in
2630 5103 2851 5144 crucem
2885 5099 3044 5144 actus
3072 5097 3183 5153 est,
3212 5096 3272 5142 ut
3299 5102 3368 5141 eo
3396 5102 3485 5141 as-

1899 5192 2063 5255 pectu
2101 5183 2341 5252 perculsi
2370 5183 2554 5237 caeteri
2585 5197 2643 5238 se
2672 5181 2966 5238 dederent.
3009 5181 3115 5237 Sed
3153 5196 3278 5236 cum
3317 5179 3482 5233 Titus

1900 5276 2109 5346 ligneas
2141 5284 2323 5328 turres
2355 5273 2600 5343 singulas
2627 5289 2658 5327 ι,
2681 5273 2932 5328 cubitum
2963 5273 3016 5326 in
3044 5271 3338 5342 aggeribus
3364 5269 3486 5322 col-

1900 5368 2157 5428 locasset,
2186 5365 2360 5420 Judaei
2388 5367 2626 5420 arietum
2650 5367 2917 5434 impetum
2949 5381 3056 5419 non
3084 5363 3320 5430 amplius
3347 5375 3480 5430 pro-

1902 5462 2229 5524 hibuerunt,
2264 5475 2387 5514 cum
2420 5475 2488 5514 ex
2512 5460 2621 5514 illis
2645 5459 2972 5522 ferirentur,
3009 5473 3076 5512 ac
3103 5457 3244 5510 male
3275 5461 3482 5508 tracta-

1901 5563 2116 5608 rentur.
2157 5552 2276 5606 .lam
2323 5567 2456 5605 vero
2493 5565 2656 5605 muro
2689 5551 2907 5606 etiam»
2933 5549 3137 5603 Nicone
3177 5547 3277 5616 (sic
3325 5545 3476 5599 enim

1902 5647 2004 5715 ipsi
2032 5644 2207 5700 Judaei
2244 5644 2620 5698 Romanorum
2648 5643 2940 5697 maximam
2970 5639 3242 5695 vocabant
3271 5638 3485 5706 maelii:

1904 5753 2029 5793 nam
2056 5745 2075 5809 )
2137 5734 2514 5802 iabelactato,
2580 5735 2834 5807 plerique
2898 5731 3202 5788 dcbil‘latis
3280 5731 3485 5788 animis
