4042 6200
505 339 613 414 515

1697 309 1702 312 ’
1789 316 2125 402 ἸΟΑΝΝΙΞ
2156 331 2479 395 zonam:

3675 293 3784 390 se

504 473 860 524 recesserunt
891 483 906 518 ι
965 462 1271 532 eodemque
1302 475 1332 516 a
1364 457 1628 516 Romanis
1670 463 1942 525 occupato
1967 494 1984 517 ,
2023 454 2078 506 in

2209 452 2239 504 ἐ
2291 448 2528 503 κωλύειν
2579 442 2937 517 βιαζομένων.
2985 444 3232 498 Ἰουδαῖοι
3273 443 3328 496 δὲ
3374 441 3672 512 ὑπερεῖχον
3719 444 3786 508 ἐξ

507 561 741 614 alterum
777 573 994 612 murum
1029 555 1418 624 confugerunt.
1467 551 1622 606 Mure
1655 548 1833 617 primo
1865 561 1932 599 xv
1965 545 2086 599 die-

511 651 618 704 bus
652 657 839 718 capto,
868 647 1147 701 secundus
1169 645 1335 698 etiam
1367 641 1605 696 adducta
1637 637 1887 692 machina
1915 651 2088 706 oppu-

509 741 667 812 gnari
720 750 936 810 coeptus
971 757 984 794 :
1022 752 1086 793 ac
1123 736 1260 791 turri
1317 733 1556 804 quadam
1601 728 1949 792 labefactata,
1999 725 2090 780 alii

510 831 796 901 fugerunt.

2195 542 2480 604 ἀπονοίας,
2508 542 2604 592 καὶ
2638 539 2698 592 τὸ
2730 539 2838 608 πῦρ
2868 537 3296 591 τῶνέλεπόλεων
3323 536 3551 606 ἥπτετο.
3592 533 3704 586 Καὶ
3735 535 3786 587 εί

2201 633 2276 702 μὴ
2311 633 2340 684 0
2371 634 2529 693 Τῖτος
2560 633 2657 685 σὺν
2691 635 2802 693 τοῖς
2831 631 3090 683 ἱππεῦσιν
3122 628 3486 700 ἐπεϐοήθησε,
3516 628 3614 680 καὶ
3645 644 3789 680 κατ-

2199 725 2513 795 εφλέγησαν
2544 725 2628 779 ἀν.
2665 724 2778 777 Νῦν
2799 725 2853 777 δὲ
2888 724 2995 777 τῶν
3027 723 3330 793 προμάχων
3354 720 3464 774 τῶν
3512 720 3789 773 Ἰουδαίων

2200 817 2481 870 πεσόντων
2505 818 2578 880 ὼς
2610 819 2839 878 δώδεκα,
2876 820 2926 870 οἱ
2953 817 3134 870 λοιποὶ
3167 815 3470 880 ἐνέκλιναν,
3511 817 3605 866 καὶ
3649 831 3748 865 συν
3774 845 3792 854 ο

510 925 798 994 ηλάθησαν
851 925 932 986 εἰς
982 921 1082 992 τὴν
1131 920 1308 972 πόλιν.
1337 913 1652 988 Ζωγρηθεὶς
1705 911 1764 965 δέ
1834 910 1943 963 τῶν
1991 908 2265 963 Ἰουδαίων
2315 906 2416 975 εἷς,
2485 910 2592 981 πρὸ
2638 911 2731 963 τοῦ
2778 912 2994 980 τείχους
3043 906 3462 977 ἀνεσταυρώθη,
3533 907 3583 958 εί
3653 906 3795 977 προς

511 1023 616 1090 τὴν
638 1019 762 1089 δψιν
793 1021 840 1071 οἱ
871 1017 1054 1070 λοιποὶ
1083 1013 1532 1081 καταπλαγέντες
1575 1009 1797 1062 ἐνδοῖεν.
1869 1006 2124 1074 Πύργους
2162 1005 2220 1059 δὲ
2288 1007 2628 1076 πεντήκοντα
2656 1007 2880 1076 πήχεων
2921 1006 3154 1059 ἕκαστον
3184 1006 3247 1056 ἐκ
3289 1002 3465 1066 ξύλων
3495 999 3589 1052 τοῦ
3625 1000 3793 1052 ἰ’ίτου

513 1113 1060 1172 κατασκευάσαντος,
1091 1107 1321 1167 καὶτοῖς
1354 1104 1606 1175 χώμασιν
1673 1100 1872 1162 αὐτοὺς
1942 1099 2361 1169 ἐπιστήσαντος,
2437 1098 2625 1151 οὐκέτι
2675 1097 2914 1151 ἐκώλυον
2982 1096 3231 1149 Ἰουδαῖοι
3270 1094 3372 1157 τάς
3401 1092 3643 1164 ἐμϐολάς
3685 1093 3796 1143 τῶν

514 1209 709 1278 κριῶν,
745 1209 809 1259 ἐκ
834 1205 944 1257 τῶν
978 1203 1204 1273 πύργων
1245 1199 1566 1270 βαλλόμενοι
1633 1194 1731 1248 καὶ
1775 1193 2128 1263 κακούμενοι.
2175 1191 2312 1260 Ἤδη
2353 1193 2409 1246 δέ
2454 1192 2533 1262 τῷ
2568 1193 2777 1246 Νίκωνι
2828 1193 2923 1245 τοῦ
2979 1192 3194 1260 τείχους
3244 1189 3540 1251 ἐνδιδόντος
3611 1189 3797 1258 (αὐτοὶ

519 1303 629 1370 γὰρ
672 1297 917 1351 Ἰουδαῖοι
949 1295 1048 1365 τὴν
1090 1292 1354 1365 μεγίστην
1383 1288 1630 1342 ἑλέπολιν
1657 1287 1767 1339 τῶν
1833 1285 2126 1354 Ῥωμαίων
2164 1285 2338 1346 οὕτως
2380 1285 2696 1353 ἐκάλεσαν),
2730 1283 3160 1354 μαλακισθέντες
3219 1280 3532 1351 ἀνεχώρουν
3578 1283 3627 1332 οξ
3661 1279 3796 1332 πολ-

519 1395 625 1450 λοί.
671 1394 782 1446 Καὶ
824 1393 929 1445 τῶν
972 1389 1261 1460 Ῥωμαίων
1309 1386 1616 1440 ἐπιϐάντων
1656 1381 1848 1446 αὑτοῦ,
1898 1387 2099 1446 πάντες
2135 1388 2214 1446 είς
2277 1385 2338 1437 τὸ
2402 1384 2659 1454 δεύτερον
2701 1377 3069 1446 ἀναφεύγουσι
3114 1376 3317 1444 τεῖχος.
3364 1374 3472 1425 Καὶ
3516 1370 3692 1424 οὕτως
3745 1382 3796 1434 οι

531 1483 797 1550 Ῥωμαῖοι
828 1479 920 1532 τοῦ
952 1476 1168 1548 πρώτου
1194 1475 1406 1545 τείχους
1440 1476 1496 1526 ἐν
1529 1472 1926 1526 πεντεκαίδεκα
1999 1473 2234 1544 ἡμέραις
2287 1470 2624 1542 ἐκράτησαν.
2685 1464 2969 1520 Ἐντεῦθεν
3045 1463 3233 1524 αὑτοῖς
3281 1459 3426 1512 κατά
3499 1459 3597 1510 τοῦ
3675 1457 3798 1509 δευ-

513 1578 678 1646 τέρου
747 1571 960 1642 τείχους
1027 1573 1274 1636 ἐγένοντο
1342 1568 1681 1639 προσϐολαὶ,
1756 1570 1852 1622 καὶ
1923 1567 2265 1636 προσάγεται
2317 1569 2351 1638 ἡ
2441 1563 2727 1626 ἑλέπολιςο

2822 1557 3188 1629 σαλευομένου
3275 1557 3333 1610 δὲ
3381 1554 3476 1608 τοῦ
3554 1554 3796 1625 πύργου,

516 1663 640 1718 καθ’
666 1661 673 1666 ’
699 1657 758 1715 οὗ
812 1663 911 1724 ra;
977 1659 1217 1730 ἐμϐολάς
1271 1661 1528 1722 ἐποιεῖτο,
1569 1658 1619 1709 οἱ
1675 1656 1776 1728 μὲν
1810 1656 1960 1710 ἄλλοι
1996 1655 2328 1724 πεφεύγασι.

589 1756 711 1811 XX.
749 1753 946 1810 Castor
985 1767 1118 1806 vero
1150 1751 1372 1821 quidam
1399 1790 1413 1813 ,
1454 1750 1618 1803 homo
1659 1750 1947 1817 impostor,
1979 1761 2103 1801 cum

2287 1749 2372 1800 K'.
2406 1745 2645 1814 Κάστωρ
2675 1741 2730 1796 δέ
2771 1760 2854 1796 τις
2891 1739 3030 1809 ἀνὴρ
3065 1739 3218 1808 γόης.
3255 1737 3374 1807 μεθ’
3407 1738 3614 1805 ἐτέρων
3659 1737 3797 1789 δέκα

515 1849 639 1904 aliis
675 1864 704 1901 χ
736 1845 1064 1915 suppliciter
1104 1842 1347 1898 extentis
1381 1837 1635 1894 manibus
1673 1839 1859 1892 Titum
1895 1847 2095 1891 vocat:

2209 1840 2506 1910 προτείνων
2540 1837 2640 1900 τὰς
2669 1839 2860 1905 χεῖρας
2908 1832 2981 1895 ῶς
3013 1831 3295 1892 ἱκετεύων,
3327 1830 3513 1885 ἐκάλει
3562 1831 3656 1882 τδν
3703 1831 3796 1882 Τῖ-

517 1941 608 1996 cui
654 1940 745 1993 ille
778 1938 885 1992 fide
938 1935 1228 1998 adhibita,
1288 1933 1558 1987 machina:
1603 1931 1774 1985 ictum
1832 1930 2097 1984 inhibuit.

517 2033 712 2087 Castor
746 2046 802 2084 se
832 2029 1228 2083 descensurum
1266 2025 1545 2095 professus
1573 2033 1676 2086 est,
1707 2023 1774 2076 ad
1811 2021 2100 2092 petendam

518 2125 824 2179 dexteram.
881 2120 964 2174 Illi
1012 2133 1146 2173 vero
1191 2134 1224 2171 χ
1262 2117 1461 2187 partim
1510 2115 1812 2184 supplicem
1860 2128 1982 2166 cum
2035 2127 2102 2166 eo

519 2227 732 2287 gestum
766 2214 1133 2276 simulabant,
1180 2209 1381 2280 partim
1414 2224 1474 2262 se
1506 2222 1789 2276 nunquam
1840 2203 2103 2259 Romanis

519 2307 823 2361 serviturus
855 2303 1230 2358 clamitabant.
1259 2303 1439 2365 Quare
1467 2300 1595 2353 dum
1634 2309 1848 2368 tempus
1879 2298 2100 2362 teritur,

517 2396 1028 2453 Castor'Simoncin
1065 2403 1272 2456 monet,
1310 2401 1369 2446 ut
1397 2391 1528 2461 quid
1558 2389 1702 2444 facto
1729 2390 1802 2442 sit
1831 2403 1969 2457 opus
2001 2388 2100 2441 de-

520 2491 752 2554 liberet,
785 2489 915 2542 dum
961 2488 1078 2557 ipse
1119 2487 1491 2540 Romanorum
1525 2484 1788 2552 impetum
1832 2481 2105 2534 inhiberet

530 2595 696 2653 atque
731 2581 1007 2636 eluderet.
1035 2579 1169 2633 Dolo
1195 2579 1414 2632 tandem
1440 2575 1848 2639 animadverso,
1873 2571 2104 2626 Romani

523 2673 809 2736 comitati,
851 2673 1170 2742 majoreque
1203 2669 1254 2723 vi
1307 2668 1576 2722 machinis
1611 2666 1864 2736 impulsis
1886 2706 1900 2726 .
1937 2665 2105 2718 etiam

521 2765 824 2822 secundum
845 2778 1060 2819 murum
1082 2762 1277 2832 quinto
1301 2769 1424 2830 post
1442 2760 1679 2829 primum
1701 2758 1791 2812 die
1813 2763 2103 2826 ceperunt.

523 2858 684 2915 Titus
713 2859 1018 2926 ingressus,
1053 2855 1248 2918 vetuit,
1288 2867 1356 2906 ne
1391 2851 1778 2921 comprehensi
1820 2849 2105 2903 ca-deren-

523 2956 636 3007 tur.
671 2961 808 3000 neve
833 2945 980 2998 aedes
1003 2944 1412 3005 incederentur,
1439 2955 1618 3009 neque
1647 2939 1814 2993 etiam
1853 2953 2104 3008 magnam

523 3048 739 3110 partem
793 3035 936 3089 muri
991 3035 1140 3087 dirui
1189 3033 1383 3086 voluit.
1434 3031 1668 3086 Malebat
1709 3032 1855 3085 enitn
1907 3028 2102 3084 urbem

2202 1947 2314 1983 rov.
2346 1929 2407 1982 '0
2431 1929 2510 1993 δέ,
2538 1926 2856 1988 πιστεύσας,
2883 1924 3072 1993 ἐπέχει
3096 1921 3192 1992 τὴν
3224 1922 3461 1994 ἐμϐολὴν
3487 1921 3582 1974 τοῦ
3609 1921 3793 1994 κριοῦ,

2206 2022 2303 2075 καὶ
2333 2022 2360 2073 ὁ
2393 2021 2631 2091 Κάστωρ
2662 2019 2969 2088 καταϐῆναι
2999 2013 3284 2087 βούλεσθαι
3313 2015 3411 2068 ἐπὶ
3435 2015 3585 2086 δεξιᾷ
3612 2016 3794 2084 ἔλεγε,

2205 2110 2436 2165 καὶτῶν
2482 2111 2580 2163 σὺν
2623 2107 2774 2178 αὐτῷ
2809 2108 2940 2160 δέκα
2972 2108 3022 2158 oi
3055 2105 3155 2175 μὲν
3189 2103 3288 2174 τὴν
3331 2105 3544 2157 ἱκεσίαν
3586 2122 3797 2157 συνυπ-

2204 2205 2506 2273 εκρίνοντο,
2549 2203 2599 2256 οἱ
2638 2201 2685 2255 δ’
2724 2202 2824 2254 οὐκ
2857 2201 2921 2253 ἄν
2960 2216 3091 2252 ποτε
3135 2198 3448 2252 δουλεύσειν
3493 2198 3796 2263 Ῥωμαίοις

2204 2301 2393 2353 ἐϐόων.
2431 2295 2778 2368 Τριϐομένης
2810 2293 2856 2346 δ’
2885 2296 2942 2346 ἐν
2971 2292 3184 2354 τούτοις
3234 2291 3333 2360 τῆς
3381 2289 3552 2359 ὥρας,
3603 2293 3635 2343 0
3679 2291 3796 2342 Κά-

2209 2409 2355 2463 στωρ
2393 2391 2581 2462 ἐδήλου
2612 2389 2691 2460 τῷ
2723 2389 2952 2456 Σίμωνι,
2990 2387 3121 2456 περὶ
3157 2385 3266 2438 τῶν
3293 2384 3630 2452 ἐπειγόντων
3667 2383 3797 2453 βουο

2206 2485 2486 2550 λεύεσθαι,
2529 2485 2604 2547 ὡς
2629 2483 2995 2554 ἐμπαίζοντος
3038 2480 3333 2551 Ῥωμαίοις
3375 2478 3571 2546 αὑτοῦ,
3599 2482 3700 2532 καὶ
3736 2481 3796 2531 τι»

2208 2578 2359 2646 σφῶν
2391 2576 2678 2646 ἐπέχοντος
2716 2576 2966 2644 ὅρμημα.
3005 2572 3175 2634 Τέλος
3211 2572 3267 2624 δέ
3307 2571 3576 2639 γνωσθεὶς
3605 2573 3798 2643 ἀπάτῃ

2205 2669 2296 2721 τὸν
2322 2669 2516 2739 καιρὸν
2549 2669 2862 2739 παρέλκων,
2891 2667 3181 2738 παρώξυνε
3203 2669 3330 2731 τοὺς
3362 2667 3671 2735 Ῥωμαίους
3699 2667 3799 2728 τὰς

2209 2761 2447 2831 ἐμϐολάς
2497 2761 2590 2814 τοῦ
2639 2759 2800 2831 κριοῦ
2849 2761 3118 2815 ποιεῖσθαι
3165 2758 3568 2828 δυνατωτέρας.
3616 2757 3798 2810 Ἐάλω

2209 2855 2390 2907 τοίνυν
2427 2855 2520 2906 καὶ
2553 2852 2614 2906 τὸ
2643 2853 2901 2922 δεύτερον
2935 2853 3118 2923 τεῖχος
3173 2851 3358 2922 ἡμέρᾳ
3388 2851 3618 2926 πέμπτῃ
3659 2851 3801 2919 μετά

2208 2949 2270 3002 τὸ
2302 2949 2540 3019 πρῶτον.
2572 2949 2870 3019 Παρελθὼν
2891 2948 2938 3001 δ’
2971 2950 3120 3012 ἐντὸς
3162 2950 3191 3002 0
3227 2947 3408 3011 Τῖτος,
3454 2949 3699 3001 κτείνειν
3739 2962 3799 3001 τε

2205 3039 2333 3102 τοὺς
2360 3037 2959 3108 καταλαμϐανομένους
2988 3036 3258 3101 ἐκώλυσε,
3290 3037 3383 3089 καὶ
3423 3036 3559 3106 μηδέ
3588 3037 3686 3099 τὰς
3718 3039 3800 3088 οἷο

526 3129 656 3190 sibi,
693 3127 957 3196 templum
993 3125 1116 3178 urbi
1147 3138 1503 3178 conservare.
1536 3121 1794 3178 Seditiosi
1825 3137 1956 3176 vero
1996 3122 2103 3176 Ru-

2209 3129 2334 3193 κίας
2363 3131 2728 3202 ὑποπιμπρᾷν
2767 3131 2882 3193 τοῖς
2905 3128 3269 3199 στρατιώταις
3302 3127 3616 3182 ἐκέλευσεν.
3650 3127 3800 3180 Ἀλλ’

530 3235 724 3274 manos
755 3220 947 3272 urbem
984 3217 1264 3286 ingressos
1293 3214 1506 3280 adorti,
1543 3213 1635 3268 alii
1667 3213 1722 3267 in
1754 3213 2058 3282 angiportis
2083 3252 2099 3277 ,

525 3313 617 3366 alii
663 3325 728 3364 ex
767 3310 1000 3373 aedibus,
1032 3308 1123 3360 alii
1158 3323 1223 3360 ex
1272 3305 1552 3360 iuuenibus
1579 3304 1849 3359 feriebant
1877 3319 1892 3358 :
1922 3303 2106 3373 itaque

525 3401 852 3472 przesidiarii
878 3417 909 3454 e
940 3399 1196 3452 turribus
1217 3397 1536 3452 desilientes
1559 3438 1573 3462 ,
1607 3397 1661 3450 in
1708 3405 1888 3450 castra
1920 3412 2106 3450 rever—

529 3496 806 3549 tebantur.
849 3493 1022 3548 Judaei
1053 3507 1185 3546 vero
1215 3506 1339 3544 cum
1381 3505 1448 3544 ex
1485 3489 1680 3543 notitia
1715 3489 2104 3559 angiportuutn

528 3585 690 3654 295
723 3585 923 3638 inultos
947 3584 1356 3642 vulnerassent,
1381 3590 1437 3634 et
1462 3580 1737 3634 Romanos
1763 3587 1884 3649 post
1906 3593 2107 3632 secun—

526 3675 562 3730 d
610 3691 660 3728 iu
704 3688 925 3743 quoque
978 3687 1200 3724 murum
1233 3679 1452 3739 captum
1490 3668 1711 3723 fortiter
1754 3670 2104 3739 repulissent,

523 3766 872 3821 ευδιυιιιτιιιιι
918 3761 1170 3826 animos,
1207 3776 1272 3814 ac
1306 3763 1450 3814 l'ame
1492 3761 1603 3829 jam
1636 3775 1734 3829 per
1769 3760 1960 3813 urbem
1990 3775 2107 3814 ser-

530 3870 715 3927 perite,
748 3858 1048 3909 multorum
1083 3854 1350 3908 bonorum
1375 3853 1621 3906 virorum
1652 3867 1721 3907 ex
1751 3867 1984 3906 annona:
2014 3867 2109 3922 per

529 3951 692 4004 uuria
741 3949 968 4003 interitu
1017 3947 1264 4000 seditiosi
1313 3945 1774 4006 delectabantur,
1817 3959 1915 3998 eos
1965 3946 2109 4000 solos

525 4044 710 4098 salvos
732 4057 852 4096 esse
874 4040 1181 4111 cupientes,
1208 4038 1302 4108 qui
1328 4051 1515 4108 pacem
1543 4046 1950 4102 aversarentur,
1975 4037 2110 4090 alio-

531 4151 764 4204 rumque
799 4133 1104 4204 perniciem
1128 4147 1281 4185 suam
1307 4131 1542 4186 salutent
1578 4128 2105 4198 interpretabantur.

528 4227 795 4282 Romanis
833 4241 963 4280 vero
1003 4224 1313 4280 secundum
1354 4239 1574 4276 murum
1607 4223 1791 4278 denuo
1833 4237 2107 4292 occupare

529 4320 903 4382 studentibus,
940 4319 1184 4371 triduum
1219 4318 1542 4372 restiterunt
1571 4331 1585 4369 :
1620 4325 1819 4385 quarto
1869 4315 1958 4369 die
2000 4315 2109 4368 im-

529 4425 716 4484 petum
749 4428 944 4467 eorum
979 4427 1093 4467 non
1140 4411 1384 4466 ferentes
1409 4449 1424 4476 ,
1459 4409 1514 4462 in
1551 4409 1869 4463 interiorem
1906 4405 2109 4461 transi-

2208 3223 2328 3277 οὐδὲ
2354 3221 2448 3275 τοῦ
2483 3223 2697 3291 τείχους
2731 3221 2864 3273 πολὺ
2901 3220 3070 3290 μέρος
3102 3221 3503 3290 καθαιρεθῆναι
3533 3208 3812 3291 ἠθέλησε(

2210 3318 2341 3387 περὶ
2398 3313 2648 3375 πλείονος
2695 3313 2804 3383 γάρ
2846 3313 3084 3364 ἐποιεῖτο
3131 3312 3232 3381 τὴν
3283 3311 3383 3383 μὲν
3429 3313 3586 3365 πόλιν
3616 3314 3800 3385 ἐαυτῷ

2211 3406 2541 3478 περισῶσαι,
2582 3408 2647 3476 τῇ
2682 3405 2837 3458 πόλει
2865 3405 2920 3457 δὲ
2955 3405 3045 3458 τὸν
3083 3405 3229 3457 ναόν.
3275 3405 3647 3460 Ἐπιτίθενται
3688 3409 3801 3459 τοί-

2209 3517 2304 3552 νυν
2356 3499 2407 3551 οί
2461 3498 2789 3551 στασιασταὶ
2844 3499 2957 3560 τοῖς
3010 3496 3333 3550 ἐπελθοῦσιν
3377 3499 3460 3560 είς
3504 3498 3606 3568 τὴν
3642 3501 3800 3551 πόλιν

2222 3591 2542 3658 Ῥωμαίοις,
2587 3589 2683 3643 καὶ
2732 3592 2782 3643 οἱ
2819 3591 2918 3659 μὲν
2948 3588 3090 3642 κατά
3134 3590 3262 3652 τοὺς
3293 3590 3626 3655 στενωποὺς,
3673 3593 3722 3643 οἱ
3756 3593 3802 3644 δ’

2211 3686 2276 3736 ἐκ
2308 3681 2416 3734 τῶν
2449 3681 2661 3747 οίκιῶν,
2696 3682 2744 3734 οἱ
2767 3681 2811 3733 δ’
2840 3683 2904 3734 ἐκ
2939 3680 3032 3733 τοῦ
3063 3680 3280 3750 τείχους
3310 3681 3510 3744 αὐτοὺς
3548 3682 3798 3738 ἔϐαλλον.

2213 3775 2321 3827 Kal
2347 3775 2396 3827 οί
2426 3775 2617 3827 τούτου
2648 3775 2876 3845 φρουροὶ
2918 3773 3202 3841 Ῥωμαῖοι,
3244 3773 3647 3843 καθαλλόμενοι
3688 3776 3802 3827 τῶν

2212 3866 2457 3937 πύργων,
2487 3865 2798 3936 ἀνεχώρουν
2828 3866 2908 3928 είς
2937 3865 3000 3917 r0
3029 3865 3421 3936 στρατόπεδον.
3464 3866 3714 3919 Ἰουδαῖοι
3744 3867 3804 3920 δέ

2211 3957 2334 4012 κατ’
2363 3958 2658 4028 ἐμπειρίαν
2697 3956 2804 4010 τῶν
2853 3958 3150 4010 στενωπῶν
3184 3957 3522 4026 ἐτίτρωσκόν
3563 3975 3624 4010 τε
3661 3959 3799 4010 ϊεολ⁸

2211 4049 2356 4112 λοῦς,
2390 4050 2488 4100 καὶ
2515 4048 2960 4118 προσπίπτοντες
2985 4047 3245 4114 ἐξώθουν.
3282 4047 3547 4118 Ῥωμαῖοι
3581 4049 3685 4118 μὲν
3707 4044 3803 4103 οὖν

2211 4142 2609 4212 κρατήσαντες,
2637 4141 2731 4194 καὶ
2759 4140 2852 4192 τοῦ
2891 4140 3146 4211 δευτέρου
3181 4141 3417 4210 τείχους,
3470 4139 3632 4204 αὖθις
3669 4140 3808 4206 ἐξώο

2212 4232 2441 4302 σθησαν,
2473 4233 2681 4302 ἐπῆρτο
2712 4231 2768 4284 δὲ
2798 4234 2912 4294 τοῖς
2947 4235 3300 4295 στασιασταῖς
3336 4235 3404 4286 τά
3436 4235 3800 4303 φρονήματα.

2216 4325 2354 4394 Ἤδη
2407 4325 2463 4377 δὲ
2509 4326 2606 4377 καὶ
2647 4327 2674 4378 0
2721 4324 2877 4394 λιμὸς
2911 4325 3172 4394 ὑφέρπων
3203 4326 3304 4394 τὴν
3353 4326 3530 4387 πόλιν,
3561 4326 3801 4390 πολλοὺς

2211 4413 2319 4465 τῶν
2343 4414 2562 4481 ἀγαθῶν
2584 4414 2794 4484 ἀνδρῶν
2818 4415 2994 4484 ἐνδείᾳ.
3017 4416 3124 4468 τῶν
3147 4415 3466 4485 ἐπιτηδείων
3491 4417 3800 4488 διέφθειρε.

525 4514 711 4559 erunt.
737 4505 896 4558 Titus
930 4506 1132 4558 iterum
1168 4503 1376 4573 potitus
1408 4501 1710 4566 moenibus,
1743 4509 2007 4568 quantum
2037 4499 2103 4552 ad

2217 4505 2389 4558 Τοῦτο
2419 4507 2474 4558 δὲ
2521 4508 2634 4568 τοῖς
2680 4510 3035 4564 στασιασταῖς
3080 4508 3418 4574 καταθύμιον
3461 4505 3549 4580 ἦν,
3599 4513 3803 4578 μόνους

531 4597 969 4665 septentrionem
995 4604 1206 4665 spectat
1223 4595 1402 4648 diruit
1421 4611 1437 4650 :
1459 4593 1688 4662 reliquis
1705 4592 1952 4662 partibus
1975 4607 2107 4660 pra:-

527 4687 671 4740 sidio
695 4687 975 4754 imposito,
999 4687 1068 4738 ad
1095 4687 1320 4739 tertium
1340 4683 1767 4754 Oppuguandum
1791 4698 1848 4736 se
1871 4683 2102 4752 paravit,

529 4785 588 4832 et
623 4777 868 4847 legiones
915 4776 1167 4830 bifariam
1203 4775 1561 4845 dispertitus,
1609 4788 1838 4844 aggeres
1865 4774 2104 4828 excitare

528 4872 722 4938 carpit.
747 4869 823 4922 Ex
857 4868 926 4924 iis
953 4871 1046 4938 qui
1077 4868 1226 4922 intus
1255 4877 1449 4930 erant,
1475 4865 1720 4921 seditiosi
1750 4865 2107 4935 pertinaciter

531 4960 898 5017 resistebant:
935 4961 1172 5029 populus
1211 4974 1342 5014 vero
1375 4957 1739 5027 transfugium
1768 4956 2055 5026 spectabat
2083 4995 2098 5020 ,

529 5068 596 5107 ac
639 5052 798 5107 inulti
839 5068 972 5107 sane
1018 5055 1158 5108 clam
1206 5052 1662 5124 transfugiebaut.
1701 5051 1858 5117 Quod
1917 5051 2010 5120 qui
2051 5051 2103 5103 in

529 5147 719 5199 animo
771 5145 977 5199 habere
1041 5145 1406 5209 videbantur,
1459 5153 1554 5198 aut
1603 5147 1851 5198 umbram
1885 5154 2099 5198 tantum

531 5239 866 5308 suspicionis
885 5239 1223 5308 praebebant,
1243 5239 1633 5310 iugulabantur
1652 5237 1858 5303 statim,
1883 5254 2098 5293 eorum-

532 5346 645 5399 que
695 5330 834 5386 bona
873 5330 1314 5400 diripiebantur;
1357 5329 1658 5398 locupletes
1720 5343 1850 5382 vero
1878 5368 1893 5392 ,
1938 5339 2104 5382 etiam

533 5425 671 5479 falso
701 5423 987 5493 transfugii
1031 5415 1265 5478 crimine
1302 5421 1571 5484 conﬁcto,
1603 5420 1786 5475 statim
1813 5419 2107 5474 czedeban-

535 5527 657 5580 tur,
685 5526 746 5569 ut
771 5531 860 5570 res
888 5530 1087 5570 eorum
1113 5515 1405 5569 familiaris
1433 5514 1627 5583 praeda:
1660 5523 1824 5568 esset.
1857 5512 1990 5566 Eam
2014 5527 2105 5566 se-

537 5609 863 5662 ditiosorum
894 5607 1282 5663 crudelitatem
1320 5608 1493 5661 fames
1535 5608 1790 5675 angebat.
1845 5605 1980 5659 Nam
2034 5606 2107 5659 ob

538 5699 873 5753 tibariorum
908 5701 1198 5770 penuriam
1255 5699 1310 5753 in
1342 5698 1487 5753 aedes
1531 5696 1864 5760 iusiliebaut,
1905 5711 2110 5766 easque

538 5791 981 5862 pervestigabant
1006 5808 1021 5852 :
1052 5789 1660 5862 quarumhabitatores
1687 5803 1744 5842 se
1779 5787 1980 5842 habere
2005 5801 2106 5841 ne-

2214 4595 2426 4661 ἀξιοῠσι
2453 4597 2547 4649 τοῦ
2582 4598 2877 4660 σώζεσθαι,
2914 4599 3039 4661 τοὺς
3087 4601 3184 4668 μὲν
3226 4601 3446 4670 εἰρήνην
3499 4601 3575 4670 μὴ
3619 4602 3804 4657 θέλον·

2211 4708 2331 4753 τας,
2367 4692 2464 4758 τὴν
2506 4691 2561 4743 δέ
2589 4690 2697 4742 τῶν
2724 4690 2900 4744 ἄλλων
2931 4691 3140 4761 φθορὰν
3179 4693 3448 4761 οἰομένοις
3487 4697 3804 4764 κουφισμὸν

2213 4785 2449 4838 ἐαυτῶν.
2489 4785 2751 4854 Ῥωμαῖοι
2783 4786 2838 4839 δὲ
2868 4782 3024 4849 αὖθις
3062 4786 3447 4856 ἀπεπειρῶντο
3495 4790 3804 4857 κατασχεῖν

2212 4871 2272 4924 τὸ
2323 4875 2504 4943 τεῖχος
2553 4873 2612 4925 τὸ
2659 4873 2958 4945 δεύτερον*
3012 4875 3061 4925 οἱ
3112 4874 3168 4927 δέ
3203 4874 3520 4937 διεκώλυεν,
3566 4882 3664 4929 καὶ
3710 4879 3805 4930 ἐπὶ

2213 4960 2366 5029 τρισὶ
2413 4962 2511 5030 μὲν
2559 4961 2800 5031 ἡμέραις
2850 4963 3148 5032 ἀντέσχονο
3197 4967 3263 5034 τῇ
3315 4964 3373 5016 δὲ
3416 4967 3657 5038 τετάρτῃ
3720 4969 3801 5038 μὴ

2213 5054 2529 5121 ἐνεγκόντες
2548 5054 2646 5122 τὴν
2677 5054 3006 5125 προσϐολὴν,
3041 5057 3121 5117 εἰς
3145 5055 3206 5108 τὸ
3237 5057 3519 5127 ἐνδότερον
3551 5060 3804 5130 μετεχώ-

2217 5161 2410 5215 ρησαν.
2447 5146 2555 5198 Kal
2589 5145 2754 5198 πάλιν
2811 5146 2838 5197 0
2883 5145 3038 5208 Τῖτος
3097 5145 3191 5200 τοῦ
3223 5149 3435 5217 τείχους
3485 5152 3799 5220 κρατήσας,

2213 5237 2413 5290 αὐτίκα
2441 5235 2636 5288 τούτου
2673 5237 2953 5306 καθῄρησε
2989 5240 3049 5290 τὸ
3079 5239 3450 5309 προσάρκτιον
3473 5257 3486 5269 ·
3517 5241 3595 5308 τῷ
3628 5241 3801 5312 λοιπῷ

2211 5331 2259 5383 δ’
2307 5330 2724 5398 ἐγκαταστήσας
2783 5331 3054 5399 φρουράν,
3110 5330 3188 5400 τῷ
3239 5332 3406 5400 τρίτῳ
3460 5332 3800 5401 προσϐαλεῖν

2213 5421 2568 5493 ἡτοιμάζετο.
2609 5423 2720 5475 Ka‘t
2750 5422 2874 5491 διχῆ
2906 5425 2973 5475 τά
3011 5423 3270 5492 τάγματα
3305 5424 3520 5489 διελὼν,
3557 5428 3800 5494 ἐγείρειν

2213 5513 2414 5583 ἧρχετο
2455 5509 2708 5580 χώματα.
2763 5512 2885 5563 Τῶν
2936 5510 2982 5564 δ’
3033 5513 3183 5576 ἐντὸς
3226 5516 3274 5566 οί
3327 5514 3430 5584 μὲν
3471 5516 3801 5569 στασιασταὶ

2213 5603 2355 5676 ἦσαν
2384 5605 2640 5671 ἄτεγκτοι
2665 5605 2760 5657 καὶ
2781 5605 3082 5657 ἀνένδοτοι’
3111 5606 3140 5657 0
3177 5606 3234 5658 δὲ
3262 5607 3435 5676 δῆμος
3471 5608 3611 5676 πρὸς
3645 5610 3800 5661 αύτο-

2219 5697 2413 5764 μολίαν
2462 5694 2738 5765 κεκίνητο,
2772 5698 2866 5749 καὶ
2913 5695 3096 5749 πολλοὶ
3147 5693 3506 5763 λανθάνοντες
3556 5702 3798 5771 ηύ.ομόο

2217 5787 2361 5842 λουν,
2414 5783 2521 5848 Οὓς
2575 5785 2633 5838 δὲ
2676 5785 2836 5840 τοῦτο
2887 5787 3243 5858 βουλομένους
3296 5790 3346 5841 οἱ
3405 5793 3799 5857 στασιάζοντες
