4042 6200
306 335 412 399 5ιῖ

1583 343 1992 407 ΑΝΝᾹῙᾸΠΜ
2031 345 2180 408 LIB.
2223 346 2326 406 π.

3478 347 3583 418 5ι8

307 448 506 512 ἔγνων,
553 445 585 517 ἢ
633 445 727 498 καὶ
764 444 938 516 μόνην
974 443 1130 517 ἔσχον
1176 461 1430 514 υπονοιας
1469 454 1650 518 σκιὰν,
1696 456 1901 518 εὐθέως

2006 469 2220 528 gantes,
2250 460 2298 514 si
2321 458 2456 530 quid
2485 459 2863 530 reperiebant,
2894 449 3324 529 excruciabant;
3350 465 3396 520 si
3425 469 3582 529 nihil.

305 539 668 608 ἀπέσφαττον
692 555 706 569 ·
742 541 860 602 τοῖς
895 539 940 591 δ’
976 542 1230 612 εὐπόροις
1287 544 1381 597 καὶ
1433 546 1606 615 ψευδῆ
1651 547 1750 616 τὴν
1797 549 1899 618 τῆς

217 646 227 650 ’
307 629 646 710 αὐτομολίας
681 630 1024 702 κατηγορίαν
1047 634 1479 704 προσάπτοντες,
1506 639 1634 702 τοὺς
1663 639 1766 709 μὲν
1798 642 1900 694 αύ-

305 725 440 778 τίκα
464 723 798 792 διέφθειρον,
849 723 946 787 τὰς
973 724 1030 778 δὲ
1069 726 1295 780 ἐκείνων
1331 729 1520 793 οὐσίας
1559 730 1890 803 διήρπαζον.

316 814 380 868 ’0
408 814 567 884 λιμὸς
605 815 650 867 δ’
683 813 953 882 ἀκμάζων
983 815 1084 887 τὴν
1123 817 1232 870 τῶν
1261 821 1609 874 στασιαστῶν
1640 822 1902 892 ὡμότητα

305 906 535 978 ηὔξανε.
572 907 652 959 Δι’
679 905 888 959 ἔνδειαν
937 907 1047 977 γάρ
1087 907 1197 960 τῶν
1249 910 1469 980 τροφῶν
1507 914 1898 984 εἰσπηδῶντες,

305 1016 406 1068 τας
433 999 614 1061 οἰκίας
645 999 916 1066 ἠρεύνων,
950 1004 1044 1053 καὶ
1069 999 1196 1063 τοὺς
1218 1000 1504 1064 οἰκοῦντας
1529 1004 1904 1074 ἀρνουμένους

308 1092 480 1161 ἔχειν,
514 1091 562 1142 εί
594 1093 699 1161 μὲν
748 1090 1029 1162 εὕρισκον,
1068 1092 1292 1164 ᾔκιζονο
1321 1095 1369 1146 εἰ
1397 1094 1454 1148 δὲ
1478 1097 1579 1151 οὐκ
1623 1096 1900 1168 εὕρισκον,

305 1185 383 1248 ὡς
444 1183 768 1254 κρύψαντας
824 1185 1258 1256 ἐπιμελέστερον
1305 1188 1529 1258 ἧταζον.
1587 1190 1904 1248 Ἐποιοῦντο

311 1282 501 1348 μέντοι
546 1279 643 1332 τοῦ
709 1278 856 1348 ἔχειν
907 1279 1136 1349 τροφὰς,
1194 1279 1226 1350 ἢ
1267 1282 1368 1349 μὴ,
1411 1281 1480 1334 τά
1514 1280 1744 1352 σώματα
1791 1286 1902 1337 τῶν

306 1373 513 1425 ἀθλίων
549 1372 871 1441 τεκμήριον.
914 1366 1011 1435 Οἷς
1063 1371 1161 1442 μὲν
1203 1373 1311 1442 γὰρ
1345 1373 1428 1426 ἔτι
1478 1376 1651 1447 μετῆν
1693 1376 1900 1446 ίσχύος,

306 1466 457 1533 ἔχειν
492 1464 738 1526 ἐδόκουν,
765 1458 848 1526 οἷς
875 1463 921 1515 δ’
949 1464 1180 1534 ὲξετάκη
1217 1465 1287 1518 τά
1321 1465 1574 1536 σώματα,
1609 1469 1900 1538 παρωδεύ-

307 1571 458 1614 ονιό.
501 1560 565 1612 Εἰ
624 1559 684 1613 δέ
728 1577 813 1622 τις
860 1559 1136 1632 εὐπόρησε
1171 1561 1364 1632 πυρῶν
1393 1561 1426 1631 ἢ
1460 1561 1681 1632 κριθῆς,
1725 1583 1900 1618 κατα-

304 1653 535 1716 κλείσας
564 1653 664 1722 τὴν
688 1653 867 1706 οἰκίαν
899 1652 1056 1723 ἤσθιε
1077 1670 1092 1685 ·
1124 1655 1270 1717 τινὲς
1299 1655 1345 1707 δ’
1378 1655 1484 1708 ύπὸ
1515 1655 1638 1725 βίας
1667 1657 1769 1727 τῆς
1804 1658 1899 1711 τοῦ

304 1747 495 1815 λιμοῦ,
553 1745 648 1798 καὶ
697 1747 1039 1814 ἀνέργαστον
1090 1747 1185 1801 τὸν
1238 1750 1386 1802 σῖτον
1430 1749 1756 1818 προσίεντο’
1804 1751 1900 1804 καὶ

2006 551 2376 618 torquebant,
2457 552 2614 621 quasi
2675 554 2994 607 accuratius
3053 556 3474 623 occultassent;
3529 579 3595 618 ac

2005 651 2193 697 utrum
2216 643 2403 698 miseri
2420 643 2736 700 alimoniam
2761 645 3052 708 baberent,
3072 662 3268 713 necne,
3297 664 3329 702 e
3346 652 3596 720 corpori-

2005 733 2112 789 bus
2155 749 2350 788 eorum
2398 737 2780 806 conjecturam
2835 738 3152 807 capiebant.
3202 739 3338 794 Nam
3387 744 3596 812 quibus

2003 826 2188 883 adhuc
2225 826 2436 897 aliquid
2474 828 2675 882 virium
2713 839 3043 898 supererat,
3078 830 3284 886 habere
3318 835 3596 903 putaban-

2008 928 2138 974 tur:
2176 933 2414 988 quorum
2445 935 2578 975 vero
2609 935 2844 990 corpora
2879 922 3304 987 contabuerant,
3343 931 3594 997 praeteri-

2005 1013 2232 1066 bantur.
2269 1011 2325 1066 Si
2363 1013 2453 1068 cui
2486 1028 2618 1068 vero
2661 1013 2913 1068 triticum
2944 1025 3039 1070 aut
3070 1016 3344 1072 hordeum
3392 1036 3598 1090 suppe-

2006 1105 2179 1170 tebat,
2207 1104 2252 1157 is
2277 1119 2342 1158 eo
2369 1104 2571 1158 elansis
2597 1104 2809 1158 aedibus
2836 1107 3178 1161 vescebatur
3209 1110 3392 1178 Aliqui
3425 1113 3595 1166 etiam

2002 1198 2076 1250 ob
2120 1196 2282 1250 famis
2331 1195 2678 1259 violentiam,
2719 1197 2854 1251 rude
2896 1199 3140 1254 triticum
3182 1203 3591 1258 comedebant:

2004 1287 2272 1357 cibosque
2295 1303 2360 1341 ex
2388 1302 2485 1341 ore
2511 1288 2801 1342 infantium
2828 1299 3056 1353 matres,
3088 1292 3247 1345 liberi
3279 1303 3588 1364 parentum,

2005 1394 2212 1433 uxores
2236 1378 2564 1432 maritorum
2599 1380 2888 1449 rapiebant
2919 1399 2932 1440 :
2977 1393 3032 1436 et
3064 1401 3188 1437 cum
3217 1391 3290 1438 ita
3326 1387 3590 1454 ederent,

2006 1477 2186 1523 tamen
2217 1469 2515 1524 seditiosos
2550 1470 2724 1525 latere
2760 1489 2871 1526 non
2910 1483 3186 1542 poterant.
3225 1475 3410 1530 Sicubi
3445 1480 3593 1533 cnim

2002 1561 2246 1615 clausam
2275 1561 2500 1615 domum
2533 1572 2627 1614 aut
2663 1562 2875 1619 fumum
2899 1564 3246 1619 exsilientem
3277 1569 3599 1636 conspexis-

2003 1661 2146 1715 sent,
2177 1653 2232 1706 id
2257 1664 2640 1723 argumentum
2666 1657 2932 1725 putabant
2951 1658 3169 1712 edentis
3199 1659 3452 1714 familiae:
3479 1674 3598 1729 pcr-

2002 1743 2306 1814 fractisque
2333 1744 2553 1801 foribus
2594 1747 2751 1803 cibos
2776 1764 2844 1803 ex
2877 1749 3011 1819 ipsis
3044 1750 3303 1805 faucibus
3337 1755 3596 1806 extrahe-

303 1824 640 1910 ἀφήρπαξον
677 1837 740 1902 ἐξ
768 1838 936 1891 αὑτοῦ
972 1837 1066 1892 τοῦ
1097 1839 1368 1910 στόματος
1402 1838 1501 1902 τὰς
1526 1841 1738 1912 τροφὰς
1787 1859 1899 1913 μη-

2006 1838 2174 1901 bant,
2213 1837 2362 1891 nulla
2409 1837 2576 1893 ullius
2625 1841 2806 1893 aetatis
2834 1841 3217 1896 misericordia
3266 1842 3472 1898 affecti.
3533 1843 3594 1899 Si

301 1939 470 2004 τέρες
525 1932 767 2001 βρεφῶν,
804 1931 998 1994 παῖδες
1034 1933 1315 2005 πατέρων,
1359 1935 1622 2002 γυναῖκες
1667 1933 1904 2005 ἀνδρῶν.

306 2028 425 2080 Καὶ
473 2025 615 2078 οὕτω
649 2024 695 2078 δ’
731 2023 1031 2089 ἐσθίοντες,
1075 2024 1227 2094 ὅμως
1255 2027 1383 2089 τοὺς
1429 2027 1766 2089 στασιαστὰς
1799 2027 1904 2080 ούκ

306 2119 629 2172 ἐλάνθανον.
671 2117 844 2170 Ὅπου
875 2116 932 2169 δὲ
969 2115 1366 2186 κεκλεισμένην
1394 2118 1574 2171 οἰκίαν
1604 2119 1900 2184 κατίδοιεν,

305 2213 341 2282 ἣ
395 2210 607 2265 καπνὸν
643 2208 1100 2277 ἀποθρώσκοντα.
1139 2211 1370 2279 σημεῖον
1421 2207 1577 2262 ταῦτ’
1616 2209 1903 2264 ἐποιοῦντο

303 2303 402 2356 τοῦ
435 2303 561 2365 τοὺς
585 2302 736 2364 ἐντὸς
764 2300 990 2366 ἐσθίειν,
1023 2301 1116 2354 καὶ
1147 2301 1446 2372 ῥήσσοντες
1483 2303 1584 2366 τὰς
1610 2301 1802 2372 θύρας,
1837 2305 1901 2358 ὲκ

305 2395 416 2450 τῶν
447 2395 748 2465 φαρύγγων
772 2392 953 2446 αὐτῶν
975 2393 1242 2464 ἀνέφερον
1268 2393 1368 2455 τὰς
1389 2393 1598 2463 τροφάς
1619 2409 1633 2424 ·
1663 2394 1786 2448 ούδέ
1814 2412 1901 2460 τις

313 2483 384 2559 ἦν
415 2484 597 2550 οἶκτος
634 2487 667 2558 ἦ
703 2487 898 2550 πολιᾶς
947 2485 980 2557 ἢ
1035 2487 1312 2556 νεότητος.
1354 2486 1480 2550 Τοῖς
1521 2486 1604 2551 δὲ,
1654 2485 1898 2554 φθάσασι

307 2579 768 2652 προὸεὸρωκέναι
822 2579 884 2632 τὸ
943 2578 1287 2648 ἐσθιόμενον,
1341 2578 1526 2642 δεινὰς
1579 2578 1783 2648 ἐπῆγον
1822 2580 1902 2642 ὼς

304 2673 563 2728 ἀδικοῦσι
587 2673 685 2727 καὶ
706 2675 940 2744 ἀπηνεῖς
964 2671 1258 2744 τιμωρίας,
1277 2671 1494 2744 δρόσοις
1524 2672 1652 2735 τοὺς
1683 2672 1913 2725 αίδοίων

305 2767 516 2837 πόρους
543 2767 972 2836 μφράττοντες,
1002 2766 1099 2817 καὶ
1129 2764 1228 2826 τὰς
1253 2763 1419 2833 ἔδρας
1444 2763 1663 2834 ῥάϐδοις
1693 2763 1898 2827 ὀξείαις

303 2859 477 2928 ὠμῶς
543 2859 962 2928 ἀναπείροντες.
1027 2854 1108 2910 Τά
1174 2858 1379 2926 φρικτά
1439 2855 1495 2908 δὲ
1558 2855 1652 2908 καὶ
1702 2856 1896 2917 ἀκοαῖς

2003 1929 2100 1999 qui
2128 1945 2263 1985 vero
2287 1930 2479 1986 cibum
2503 1933 2616 2003 jam
2640 1932 3036 2003 deglutierant,
3065 1950 3162 1989 eos
3184 1936 3402 1990 acerbis
3429 1936 3596 1992 diris-

2002 2037 2110 2093 que
2142 2023 2434 2094 suppliciis
2471 2033 2532 2080 ut
2570 2024 2737 2095 296
2782 2026 3018 2096 injurias
3067 2029 3546 2097 persequebantur
3577 2068 3594 2094 ,

2001 2112 2192 2168 orobis
2240 2113 2628 2184 pudendorum
2688 2124 2902 2169 meatus
2931 2116 3258 2173 obturantes
3285 2160 3300 2184 ,
3337 2129 3391 2174 et
3434 2121 3594 2175 sedes

1999 2204 2170 2274 virgis
2195 2204 2378 2261 acutis
2402 2207 2767 2276 perforantes.
2805 2208 2994 2277 anue
3027 2209 3342 2277 perferebat
3369 2211 3594 2282 aliquis,

2007 2313 2132 2368 qua:
2158 2298 2362 2362 auditu
2403 2314 2627 2368 quoque
2661 2300 2955 2365 ,horrenda
3004 2299 3256 2365 fuerint,
3309 2311 3370 2357 ut
3401 2318 3459 2356 se
3509 2303 3594 2357 vel

2007 2402 2178 2444 unum
2209 2389 2414 2445 habere
2439 2406 2634 2460 panem
2667 2392 3047 2459 confiteretur,
3083 2400 3178 2446 aut
3207 2409 3375 2447 unum
3406 2394 3599 2450 farina:

2007 2483 2274 2553 pugillum
2301 2483 2655 2554 praedonibus
2683 2486 2861 2538 daret.
2884 2485 2962 2539 Ac
2990 2501 3112 2554 quae
3141 2496 3252 2541 tum
3277 2489 3417 2541 facta
3443 2498 3596 2551 sunt,

2005 2574 2326 2644 singulatim
2346 2578 2770 2631 commemorari
2797 2577 3114 2642 difﬁculter,
3145 2595 3209 2634 ac
3236 2580 3422 2649 potius
3448 2581 3601 2634 nullo

2007 2666 2174 2722 modo
2213 2677 2462 2736 queant:
2503 2668 2600 2723 sed
2645 2669 2778 2722 illud
2826 2671 3159 2740 compendio
3208 2673 3317 2726 diri
3375 2683 3597 2742 potest,

2007 2773 2190 2828 neque
2234 2759 2398 2814 aliam
2437 2760 2634 2814 urbem
2675 2761 2805 2815 talia
2837 2777 3156 2831 perpessam
3195 2779 3356 2829 esse,
3412 2780 3596 2834 neque

2007 2861 2231 2922 gentem
2259 2850 2427 2905 ullam
2451 2851 2521 2906 ab
2545 2853 2695 2907 omni
2719 2869 2839 2908 aevo
2858 2854 3272 2910 sceleratiorem
3293 2858 3594 2913 exstitisse.

304 2952 516 3023 ἔπασχέ
546 2968 630 3014 τις
661 2951 738 3012 εἰς
765 2950 883 3013 ἑνὸς
910 2950 1078 3018 ἀρτου
1103 2947 1513 3018 ἐξομολόγησιν,
1541 2945 1574 3016 ἦ
1600 2947 1688 2998 ῖνα
1715 2945 1893 3016 δράκα
1935 2942 2063 3014 μίαν
2131 2942 2374 3011 ἀλφίτων
2406 2944 2522 3004 τοῖς
2586 2942 2816 3016 λῃσταῖς
2851 2945 3261 3015 καταπρόηται.
3295 2948 3432 3000 Καθ’
3462 2949 3593 3000 Exa-

307 3067 438 3107 στον
472 3047 572 3116 μὲν
610 3043 706 3098 οὖν
746 3041 1024 3108 ἐπεξιέναι
1058 3040 1128 3092 τὰ
1169 3039 1294 3092 τότε
1338 3039 1610 3108 γενόμενα
1662 3035 1927 3108 δυσχερὲς
1966 3034 2002 3106 ἢ
2067 3035 2164 3088 καὶ
2193 3032 2458 3088 ἀδύνατον
2482 3051 2496 3066 ο
2556 3034 2848 3088 συνελόντα
2892 3036 2938 3089 δ’
3014 3039 3213 3106 εἰπεῖν,
3263 3040 3400 3109 μήτε
3437 3041 3595 3095 πόλιν

306 3145 483 3216 ἄλλην
515 3138 741 3194 τοιαῦτα
767 3137 988 3202 παθεῖν,
1028 3137 1166 3208 μήτε
1205 3133 1362 3203 γένος
1391 3132 1580 3204 ἕτερον
1645 3133 1705 3200 ἐξ
1763 3131 1966 3195 αἰῶνος
2005 3129 2260 3200 γενέσθαι
2291 3129 2491 3193 κακίας
2515 3129 2909 3200 γονιμώτερον,
2937 3128 3173 3184 Τοιαῦτα
3207 3131 3306 3201 μιν
3335 3127 3426 3186 οὖν
3458 3133 3595 3187 Em-

310 3251 443 3306 σχον
490 3230 764 3285 Ἰουδαῖοι.

369 3327 515 3382 KA’.
551 3321 697 3390 Τίτῳ
730 3318 788 3372 δὶ
820 3317 888 3371 τά
925 3317 1164 3388 χώματα
1195 3313 1532 3387 προύκοπτε,
1559 3314 1741 3370 καίτοι
1796 3332 1901 3369 κα·

2078 3311 2226 3369 ΧΧΙ.
2266 3314 2406 3368 Dum
2448 3312 2524 3367 ita
2557 3328 2683 3368 cum
2721 3311 2930 3368 Iudaeis
2967 3313 3151 3383 agitur
3177 3356 3190 3379 ,
3224 3313 3333 3370 Titi
3367 3335 3596 3388 aggeres

307 3417 602 3486 κουμένων
633 3413 744 3466 ἀπὸ
781 3410 878 3464 τοῦ
914 3410 1134 3480 τείχους
1176 3408 1283 3461 τῶν
1320 3408 1694 3479 στρατιωτῶν.
1729 3408 1791 3461 Oi
1844 3407 1904 3460 δὲ

281 3512 450 3581 ,πῴς
486 3506 756 3575 συλλογὴν
786 3503 1025 3568 ἐξιόντες
1066 3501 1278 3571 τροφῆς
1309 3501 1686 3573 ἑνηδρεύοντο.
1719 3495 1904 3554 Ἦσαν

307 3605 364 3658 δὲ
391 3601 454 3656 ού
498 3601 735 3670 δημόται
790 3598 972 3667 μόνον,
1003 3594 1140 3648 ἀλλὰ
1174 3594 1274 3648 καὶ
1310 3592 1418 3646 τῶν
1449 3593 1706 3663 μαχίμων
1733 3591 1900 3656 τινὲς,

306 3699 499 3752 οὐκέτι
528 3697 647 3757 ταῖς
677 3692 958 3762 ἁρπαγαῖς
988 3687 1344 3759 ἀρκούμενοι,
1391 3688 1489 3740 καὶ
1520 3685 1904 3755 συλλαμϐανό-

311 3805 469 3862 μενοι
528 3787 635 3840 ύπὸ
693 3785 804 3838 τῶν
871 3783 1187 3852 Ῥωμαίων,
1247 3782 1388 3850 μετά
1427 3779 1613 3833 πᾶσαν
1666 3777 1903 3847 βάσανον

309 3883 422 3952 πρὸ
442 3879 540 3933 τοῦ
573 3878 786 3947 τείχους
813 3871 1272 3944 ἀνεσταυροῦντο.
1293 3870 1441 3941 Τίτῳ
1469 3874 1657 3939 μέντοι
1683 3869 1904 3938 οἰκτρὸν

306 3977 373 4028 τὺ
409 3972 582 4033 πάθος
634 3971 835 4033 ἐδόκει,
868 3965 1250 4020 πεντακοσίων
1303 3964 1544 4032 ἑκάστης
1597 3961 1814 4033 ἡμέρας
1867 3962 1901 4033 ἢ

308 4070 410 4124 καὶ
450 4065 724 4120 πλειόνων
760 4061 1164 4131 ἁλισκομένων.
1199 4056 1340 4112 Οὔτε
1369 4057 1428 4111 δὲ
1453 4055 1748 4126 φυλάττειν
1804 4055 1905 4108 αύ-

308 4165 462 4224 τσὺς,
503 4157 618 4212 οὐτ’
655 4155 880 4225 ἀφιέναι
913 4153 1129 4223 ἔκρινεν
1160 4149 1426 4219 ἀσφαλὲς,
1483 4150 1578 4202 καὶ
1607 4146 1727 4218 ἅμα
1763 4149 1903 4218 πρὸς

308 4253 414 4326 τὴν
449 4252 580 4321 όψιν
632 4246 879 4301 ἐνδοῦναι
915 4245 1041 4307 τοὺς
1105 4241 1328 4304 λοιποὺς
1378 4239 1627 4309 ἤλπιζεν.
1667 4240 1729 4291 Οί
1769 4254 1902 4290 στα-

310 4351 539 4400 σιασταὶ
567 4343 624 4395 δὲ
655 4341 781 4403 τοὺς
821 4337 932 4391 τῶν
967 4333 1285 4405 αὐτομόλων
1317 4332 1552 4394 οἰκείους
1579 4331 1674 4381 ἐπὶ
1698 4330 1759 4382 τὸ
1791 4331 1905 4382 τεί-

307 4454 406 4510 χσς
459 4437 738 4495 ἕλκοντες,
777 4430 872 4484 καὶ
933 4427 1044 4480 τῶν
1083 4423 1339 4496 δημοτῶν
1395 4423 1520 4484 τοὺς
1569 4423 1665 4472 ἐπὶ
1719 4420 1904 4472 πίστιν

307 4526 708 4599 ὡρμημένους,
735 4518 824 4575 οἷα
854 4521 1156 4588 πάσχουσιν
1190 4517 1238 4568 σί
1289 4513 1588 4584 Ῥωμαίοις
1627 4510 1906 4581 προσφεύ-

309 4635 530 4690 γοντες,
573 4615 946 4675 ἐπεδείκνυον,
981 4607 1451 4677 καταψευδόμενοι
1477 4605 1574 4657 καὶ
1603 4603 1716 4657 τῶν
1751 4604 1906 4656 πολε-

2007 3406 2501 3478 promovebantur,
2538 3405 2795 3476 quamvis
2841 3406 3050 3461 milites
3076 3408 3144 3461 de
3177 3409 3353 3463 tauris
3383 3411 3598 3482 afﬂigc.

2006 3509 2222 3554 rentur.
2255 3498 2360 3564 Qui
2392 3514 2526 3554 vero
2556 3499 2622 3552 ad
2654 3498 3103 3568 conquirendum
3129 3501 3316 3555 cibum
3341 3505 3588 3573 egredie~

2006 3591 2230 3653 bantur,
2251 3608 2360 3646 non
2380 3591 2582 3662 plebeii
2603 3591 2897 3657 duntaxat,
2921 3591 3018 3647 sed
3037 3592 3202 3647 etiam
3225 3609 3291 3648 ex
3317 3595 3596 3651 bellicosis

2013 3683 2264 3752 aliquot,
2301 3681 2510 3751 rapinis
2543 3682 2690 3736 haud
2722 3683 3014 3749 contenti,
3054 3683 3269 3739 insidiis
3303 3686 3520 3755 excepti
3561 3702 3597 3741 τι

2007 3775 2270 3830 Romanis
2295 3784 2420 3843 post
2449 3777 2636 3829 omnia
2663 3774 3009 3830 cruciatuum
3043 3791 3242 3846 genera
3265 3792 3363 3846 pro
3393 3773 3608 3832 inueni?

2007 3865 2113 3920 bus
2155 3866 2211 3918 in
2246 3879 2442 3918 cruces
2481 3865 2841 3919 tollebantur.
2875 3865 2950 3920 Ea
2997 3866 3283 3920 calamitas
3317 3867 3420 3921 etsi
3463 3866 3608 3934 Tito,

2007 3957 2322 4012 miseranda
2358 3957 2689 4021 ,videbatur,
2725 3971 2852 4011 cum
2884 3957 2938 4011 in
2971 3956 3090 4012 dies
3142 3959 3439 4030 quingeni,
3496 3971 3593 4015 aut

2007 4050 2198 4120 plures
2225 4049 2394 4104 etiam
2428 4059 2786 4120 caperentur,
2815 4059 2998 4105 tamen
3036 4067 3139 4106 nec
3168 4051 3437 4106 custodiri
3469 4068 3590 4116 eos,

2006 4157 2112 4197 nec
2150 4141 2357 4198 dimitti
2395 4153 2575 4198 tutum
2613 4144 2887 4214 putabat:
2919 4145 3083 4200 simul
3128 4145 3294 4200 etiam
3321 4155 3549 4200 caeteros
3575 4186 3592 4210 ,

2007 4235 2078 4290 iis
2106 4237 2419 4306 conspectis
2454 4237 2673 4292 facilius
2700 4237 3042 4292 deditionem
3077 4237 3326 4293 facturos
3349 4279 3363 4303 ,
3397 4238 3596 4308 Opina-

2007 4326 2194 4382 batur.
2247 4326 2456 4384 Verum
2499 4328 2752 4384 seditiosi
2807 4328 3219 4399 transfugarum
3261 4313 3616 4388 necessariis.

2008 4422 2064 4476 in
2105 4435 2296 4477 muros
2328 4423 2656 4492 pertractis,
2687 4429 2749 4476 ut
2787 4431 3165 4477 tractarentur
3196 4421 3230 4474 ii
3259 4425 3351 4491 qui
3387 4421 3452 4474 ad
3487 4422 3588 4476 Ra-

2007 4526 2202 4566 tnanos
2233 4509 2627 4582 confugerent,
2660 4510 3028 4566 ostendebant
3055 4527 3069 4564 :
3105 4519 3213 4564 tam
3240 4511 3307 4565 de
3341 4511 3596 4566 hostibus

2008 4619 2172 4673 quam
2199 4603 2268 4658 de
2291 4604 2408 4658 suis
2435 4604 2791 4661 mentientes.
2817 4602 3127 4673 Aggeribus
3156 4603 3449 4668 absolutis,
3480 4619 3592 4657 ma-

313 4713 456 4783 μίων
487 4709 586 4762 καὶ
610 4707 716 4760 τῶν
747 4705 986 4759 οἰκείων.
1023 4702 1163 4769 Ἤδη
1187 4699 1246 4752 δὲ
1278 4700 1386 4752 τῶν
1409 4697 1682 4768 χωμάτων
1713 4712 1812 4747 συν
1827 4711 1901 4747 εε-

2008 4695 2188 4750 chinze
2223 4694 2701 4764 producebantur.
2747 4694 2922 4750 Judaei
2961 4711 3094 4749 vero
3131 4710 3198 4749 eo
3229 4697 3407 4764 spatio
3445 4696 3594 4764 quod

310 4805 644 4865 λεσθένῖων,
679 4800 740 4852 αἱ
784 4796 1062 4857 ἑλεπόλεις
1116 4794 1485 4862 προσήγοντοο
1525 4788 1901 4859 ὑπορύξαντες

310 4897 358 4951 δ’
393 4893 612 4948 ἔνδοθεν
654 4890 902 4944 Ἰουδαῖοι
947 4889 1009 4940 τὸ
1046 4887 1192 4939 κατά
1244 4885 1344 4955 τὴν
1389 4885 1687 4937 Ἀντωνίαν
1735 4883 1902 4952 μέχρι

311 4990 425 5043 τῶν
453 4985 733 5059 χωμάτων
762 4982 1066 5050 διάστημα,
1098 4978 1194 5031 καὶ
1220 4977 1349 5040 τοὺς
1377 4977 1687 5048 ὑπονόμους
1720 4972 1900 5039 ξύλοις

313 5078 814 5150 ὑποστηρίξαντες,
849 5076 1099 5143 μετέωρα
1135 5069 1204 5122 τὰ
1233 5069 1468 5140 χώματα
1505 5071 1898 5138 πεποιήκασιν.

314 5172 457 5230 Εἶτα
483 5172 619 5242 ὕλης
645 5170 708 5223 τὺ
735 5169 958 5239 ὄρυγμα
988 5165 1316 5236 πλήσαντες,
1343 5161 1457 5234 πῦρ
1489 5164 1557 5233 τῇ
1592 5161 1692 5232 ὕλῃ
1713 5161 1906 5214 ἐνέϐα-

313 5268 432 5328 λον.
466 5266 565 5319 καὶ
598 5262 708 5315 τῶν
755 5261 1236 5331 ὑποστηριςόντων
1285 5253 1462 5319 ξύλων
1497 5254 1832 5318 καυθέντων,
1869 5255 1901 5323 η

313 5357 526 5431 διώρυξ
555 5356 758 5426 ἀθρόον
788 5354 1043 5417 ἐνέδωκε,
1068 5352 1162 5403 καὶ
1185 5347 1519 5418 κατεσείσθη
1553 5349 1622 5401 τὰ
1647 5347 1902 5418 χώματα,

313 5456 416 5507 καὶ
453 5453 570 5512 τοῖς
618 5446 917 5516 Ῥωμαίοις
969 5442 1234 5512 ἔκπληξις
1265 5443 1360 5493 καὶ
1389 5440 1596 5511 ἀθυμία
1641 5441 1774 5510 πρὸς
1805 5440 1906 5509 τὴν

315 5545 575 5598 ἐπίνοιαν
623 5538 857 5607 γίνεται.
892 5537 1048 5590 Κατά
1102 5536 1160 5588 δὲ
1200 5534 1270 5587 τὰ
1300 5533 1463 5586 λοιπά
1487 5535 1586 5596 τὰς
1624 5531 1906 5594 ἑλεπόλεις

316 5639 370 5690 οἱ
411 5636 681 5704 Ῥωμαῖοι
713 5629 1107 5701 προσάγοντες,
1138 5627 1368 5680 διέσειον
1403 5626 1461 5679 τὸ
1493 5629 1691 5696 τεῖχος.
1739 5624 1904 5678 Ἀλλά

315 5747 467 5794 τινες
495 5725 824 5797 παραϐόλως
861 5724 1230 5794 ὁρμήσαντες,
1261 5722 1390 5775 κατ’
1414 5720 1597 5773 αὐτῶν
1629 5719 1741 5790 πῦρ
1773 5719 1903 5788 ὲνῆ-

319 5839 450 5890 καν,
477 5821 575 5876 καὶ
608 5818 786 5874 πάντα
818 5815 1200 5888 κατέπρησαν.
1230 5813 1660 5886 Διεφθαρμένων
1690 5813 1746 5866 δὲ
1791 5812 1900 5865 τῶν

2007 4787 2152 4841 inter
2179 4785 2473 4840 Antoniam
2508 4787 2580 4854 et}
2610 4800 2836 4856 aggeres
2867 4786 3194 4856 interiacet,
3232 4784 3472 4840 suffosso
3493 4825 3507 4850 ,
3538 4795 3594 4839 et

2005 4877 2260 4931 cavernis
2285 4876 2450 4946 lignis
2481 4873 2725 4929 suifultis
2753 4891 2768 4928 :
2801 4889 3028 4945 aggeres
3060 4873 3304 4944 pensiles
3335 4870 3596 4925 reddide-

2006 4978 2138 5024 runt
2159 5011 2174 5037 ,
2205 4970 2339 5039 qui,
2370 4970 2515 5023 fossa
2544 4968 2777 5022 materia
2810 4967 3072 5036 impleta,
3105 4974 3162 5021 et
3214 4965 3420 5035 injecto
3468 4967 3592 5033 igne

2003 5061 2196 5116 fulcris
2226 5061 2532 5116 combustis
2587 5059 2773 5112 subito
2803 5057 3069 5120 cedente,
3104 5065 3454 5111 corruerunt.
3487 5055 3596 5107 lio-

2005 5155 2153 5208 mani
2177 5167 2241 5206 ea
2265 5153 2487 5207 solertia
2523 5151 2892 5220 obstupefacti
2919 5158 2976 5205 et
2999 5149 3360 5214 consternati,
3392 5147 3598 5202 machi-

2003 5248 2094 5304 nis
2130 5246 2260 5300 alibi
2312 5246 2590 5308 adductis,
2630 5260 2820 5300 muros
2852 5243 3283 5297 labefactarunt.
3310 5241 3415 5296 Sed
3466 5240 3592 5312 qui-

2004 5341 2128 5393 dam
2165 5339 2433 5408 przecipiti
2480 5337 2712 5392 audacia
2744 5353 2840 5391 eas
2867 5351 3064 5391 omnes
3098 5343 3441 5390 crcmarunt.
3478 5336 3589 5401 Ag—
3618 5341 3622 5346 ‘

2005 5439 2232 5506 scribus
2275 5432 2565 5502 collapsis,
2618 5429 2851 5484 Romani
2893 5431 3080 5482 tristes
3135 5426 3382 5481 fuerunt.
3433 5423 3594 5477 Titus

2017 5545 2144 5584 vero
2173 5544 2299 5583 cum
2331 5527 2568 5581 ducibus
2590 5523 2940 5584 deliberavit,
2971 5535 3210 5591 quorum
3243 5517 3333 5571 alii
3364 5530 3593 5586 aggeres

2013 5623 2152 5676 alios
2175 5619 2520 5682 excitandos,
2547 5619 2639 5672 alii
2668 5617 2787 5672 sine
2815 5617 2902 5670 bis
2920 5613 3297 5676 assidentlum,
3329 5617 3386 5665 et
3412 5609 3595 5665 Judae-

2011 5731 2170 5773 orum
2204 5713 2529 5784 eruptiones
2560 5719 2621 5764 et
2653 5715 2998 5763 commeatus
3027 5703 3453 5773 importationcs
3486 5703 3591 5757 ob-

2014 5808 2317 5868 servandas
2345 5803 2669 5861 censebant.
2729 5801 2809 5858 lta
2840 5800 2989 5854 enim
3017 5799 3208 5854 urbem
3241 5797 3385 5856 fante
3413 5813 3590 5869 expu-
3625 5793 3628 5798 ’
