4042 6200
367 343 474 408 519

1656 333 1977 396 JOANNIS
2011 327 2331 394 ZONARE

3526 331 3632 392 520

366 463 592 527 gnatum
619 451 708 506 iri.
736 451 910 506 Erant
931 447 1098 506 etiam
1126 445 1219 517 qui
1252 443 1571 506 suaderent,
1598 454 1653 498 ut
1685 444 1946 498 omnibus

2066 442 2342 512 ίωμὰτων,
2384 441 2644 508 Ῥωμαῖοι
2695 438 2796 508 μέν
2846 437 3116 508 ἦθῦμσυν,
3167 437 3330 502 Τῖτος
3379 440 3434 495 δὲ
3489 451 3634 512 μετὰ

369 547 546 617 copiis
574 543 852 603 adductis.
879 542 1083 596 numnia
1113 547 1385 597 tentaret:
1418 538 1638 593 Iudaeos
1667 538 1814 590 enim
1843 539 1946 590 im-

375 649 564 710 petum
607 651 798 691 earum
841 630 949 687 neu
997 634 1226 686 laturos.
1273 631 1430 686 Titus
1477 645 1644 692 vero,
1680 630 1772 698 qui
1811 629 1946 682 nihil

373 727 574 780 borum
624 723 904 793 probaret.
933 737 1094 776 muro
1142 721 1334 774 urbem
1390 719 1739 774 circumdare
1784 719 1946 788 297

377 817 590 876 statuit.
621 825 679 869 ut
698 815 942 870 obsessis
963 827 1184 868 omnem
1203 812 1413 866 exitum
1438 811 1775 871 Obstrueret,
1797 825 1953 864 eum-

373 923 484 978 que
508 907 754 962 laborem
787 907 930 961 inter
955 905 1158 959 milites
1183 902 1498 957 distribuit:
1525 901 1616 972 qui
1642 903 1952 956 contentio-

376 1013 447 1053 ne
476 997 712 1067 quadam
735 1036 750 1055 .
783 995 1083 1064 divinaque
1117 993 1322 1062 impetu
1355 990 1652 1052 concitati,
1696 989 1954 1044 celeriter

377 1103 520 1158 opus
545 1087 924 1140 absolverunt.
949 1085 1028 1138 ιιι
1061 1083 1248 1136 clausa
1279 1081 1505 1136 civitate
1536 1083 1742 1150 primas
1773 1079 1956 1134 noctis

383 1179 654 1235 excubias
691 1178 852 1232 Titus
876 1178 990 1247 ipse
1020 1176 1231 1236 obibat,
1269 1189 1333 1228 ac
1361 1173 1633 1227 lustrabat
1660 1189 1674 1224 ε
1713 1172 1955 1241 reliquas

383 1272 507 1327 aliis
534 1269 850 1334 mandabat,
875 1268 1146 1322 militibus
1175 1268 1372 1320 sortito
1397 1265 1819 1319 dormientibus.
1853 1264 1955 1317 Ju-

381 1365 516 1419 daiis
545 1377 676 1416 vero
705 1361 857 1415 exitu
888 1362 1192 1413 intercluso
1217 1397 1230 1415 .
1276 1373 1402 1426 spes
1424 1357 1591 1411 etiam
1626 1357 1824 1412 salutis
1851 1371 1953 1410 una

379 1464 468 1508 est
494 1453 813 1515 interclusa,
839 1452 981 1505 fame
1009 1461 1150 1505 totas
1174 1450 1369 1503 domos
1405 1463 1573 1518 atque
1605 1449 1840 1503 familias
1862 1449 1958 1503 de-

381 1554 663 1616 pascente.
702 1547 780 1598 Ac
813 1544 960 1597 aades
995 1542 1220 1611 quidem
1249 1542 1543 1595 mulierum
1573 1553 1629 1594 et
1660 1557 1957 1611 puerorum

379 1639 596 1692 viribus
647 1635 1032 1699 defectorum,
1083 1633 1410 1705 angiportus
1458 1634 1684 1689 senibus
1724 1636 1961 1690 mortuis

383 1730 571 1784 referti
627 1737 805 1784 erant.
857 1727 1021 1783 Pueri
1083 1740 1142 1783 et
1185 1727 1571 1782 adolescentes
1629 1727 1958 1791 tumefacti,

2049 533 2159 586 τῶν
2213 531 2501 601 ήγεμόνων
2537 530 2875 583 ἐϐουλεύετο·
2916 531 3010 581 καὶ
3042 530 3092 580 οί
3143 529 3240 596 μὲν
3276 525 3431 594 αὖθις
3465 533 3636 602 ἔτερα

2049 624 2285 692 ἐγείρειν
2312 623 2584 676 ἐκέλευονο
2614 623 2664 674 οί
2695 621 2749 673 δὲ
2775 620 3049 690 χωμάτιον
3083 621 3213 672 ἄνευ
3251 623 3634 688 προσκαθέζε-

2053 718 2200 781 σθαι,
2235 717 2332 769 καὶ
2383 714 2677 782 φυλάττειν
2729 715 2828 774 τὰς
2887 712 3105 777 ἐξόδους
3156 711 3358 775 αὐτῶν,
3403 716 3640 778 καὶτὰς

2049 809 2158 861 τῶν
2190 806 2514 876 ἐπιτηδείων
2543 805 2876 871 εἰσαγωγὰς,
2907 803 3003 854 καὶ
3049 801 3222 865 οὕτως
3250 802 3438 872 ἔλεγον
3483 806 3637 874 λιμῷ

2049 901 2150 967 τὴν
2201 897 2355 950 πόλιν
2400 896 2622 948 ξασθαι
2680 895 2917 964 ἁλωτήν.
2961 896 3088 957 Τοῖς
3120 895 3176 947 δὲ
3227 898 3411 950 πᾶσαν
3455 897 3638 949 ἐδόκει

2054 989 2357 1057 προσάγειν
2386 987 2484 1057 τὴν
2511 985 2767 1054 δύναμιν,
2803 986 2898 1038 καὶ
2941 985 3354 1056 ἀποπειρᾶσθαι
3389 987 3485 1039 τοῦ
3518 987 3643 1039 τεί-

2053 1093 2213 1147 χουςο
2261 1075 2398 1146 μηδὲ
2429 1076 2538 1144 γὰρ
2589 1074 2760 1126 οἴσειν
2801 1073 3094 1136 Ἰουδχίους
3147 1075 3248 1144 τὴν
3288 1075 3500 1142 ἔφοδον.
3547 1076 3642 1144 Τῷ

2054 1186 2116 1237 γε
2171 1167 2280 1237 μὴν
2324 1167 2471 1238 Τίτῳ
2525 1166 2738 1219 τούτων
2789 1166 2943 1219 οὐδὲν
2995 1167 3233 1237 ήρεσκεν
3263 1181 3278 1197 ο
3341 1167 3517 1220 ἐδόκει
3575 1166 3638 1220 δὲ

2057 1260 2335 1331 περιϐόλῳ
2388 1261 2490 1328 τὴν
2545 1259 2701 1311 πόλιν
2770 1259 3074 1322 κυκλῶσαι,
3152 1259 3218 1311 ἵν’
3249 1258 3394 1312 οὕτω
3453 1261 3643 1314 πᾶσαν

2058 1349 2320 1423 ἐμφράξῃ
2366 1351 2481 1412 τοῖς
2542 1349 2692 1402 ἒνδον
2746 1348 2980 1412 διέξοδον
3009 1388 3025 1414 ,
3080 1350 3175 1402 καὶ
3235 1352 3297 1401 τὸ
3349 1349 3508 1421 ἔργον
3568 1353 3639 1421 τῇ

2061 1443 2290 1510 στρατιᾷ
2353 1439 2713 1508 κατεμέρισε.
2775 1439 2899 1502 Τοῖς
2959 1438 3016 1490 δέ
3076 1455 3157 1502 τις
3199 1439 3311 1508 ἔρις
3373 1440 3645 1508 ἐμπίπτει

2059 1535 2154 1587 ἐπὶ
2211 1537 2310 1604 τὴν
2373 1534 2639 1603 ἐργασίαν
2698 1535 2789 1586 καὶ
2835 1534 2981 1604 ὁρμή
3038 1551 3122 1596 τις
3169 1534 3468 1604 δαιμόνιος,
3498 1535 3642 1605 ταχύ

2058 1643 2118 1679 τε
2183 1628 2246 1678 τὸ
2319 1627 2480 1697 ἔργον
2547 1626 2944 1697 ἐξῳκοδόμητο.
3019 1629 3379 1698 Περικλείσας
3449 1629 3506 1683 δὲ
3559 1629 3644 1698 τῷ

2061 1717 2232 1787 τείχει
2309 1718 2409 1788 τὴν
2448 1717 2625 1782 πόλιν,
2683 1718 2782 1789 τὴν
2817 1719 2915 1788 μὲν
2983 1720 3212 1790 πρώτην
3263 1721 3514 1797 φυλακὴν
3537 1721 3646 1790 τῆς

382 1823 806 1876 simulacrorum
863 1821 1037 1875 instar
1081 1820 1138 1874 in
1170 1819 1307 1876 foris
1336 1821 1689 1877 circuibant:
1725 1829 1782 1875 ct
1820 1835 1962 1890 quo-

2066 1809 2254 1870 νυκτὸς
2318 1809 2549 1880 περιϊὼν
2599 1809 2761 1873 αὐτὸς
2794 1811 3166 1864 ἐπεσκέπτετο
3195 1853 3209 1876 ,
3263 1813 3364 1876 τὰς
3417 1814 3474 1866 δὲ
3533 1814 3651 1866 λοι-

381 1929 598 1985 cunque
622 1913 746 1968 loco
773 1913 921 1969 vires
963 1912 1302 1976 defecerant,
1355 1912 1776 1968 oceumbebant.
1821 1911 1968 1967 Mor-

385 2017 508 2062 tuos
538 2007 755 2076 cognati
788 2005 1027 2077 sepelire
1060 2021 1169 2060 non
1207 2014 1492 2076 poterant,
1541 2014 1598 2060 et
1622 2005 1780 2060 multi
1821 2005 1964 2060 inter

383 2099 762 2170 sepeliendum
806 2098 1244 2153 emoriebantur.
1299 2097 1562 2153 Seditiosi
1613 2113 1747 2152 vero
1790 2097 1961 2152 etiam

382 2193 544 2247 famis
577 2192 827 2246 cladibus
861 2191 1122 2246 suaviores
1148 2234 1163 2255 ,
1200 2191 1455 2259 sepulcra
1488 2189 1869 2256 effodiebam,
1906 2199 1964 2245 et

382 2285 530 2340 ades
564 2284 894 2353 spoliabant.
945 2285 1023 2338 Ac
1058 2283 1334 2353 principio
1378 2298 1445 2337 ex
1475 2284 1672 2336 aerario
1712 2295 1964 2338 mortuos

383 2377 605 2445 sepeliri
663 2375 970 2445 jnbcbant,
1037 2375 1110 2428 ob
1159 2375 1416 2428 fictorem
1501 2374 1960 2431 intolerabilem:

384 2469 586 2524 deinde
617 2471 672 2523 in
696 2469 866 2524 valles
895 2484 962 2522 ex
993 2468 1169 2522 muris
1196 2466 1639 2537 prarcipitabant.
1664 2467 1812 2532 Quas
1834 2483 1962 2521 cum

385 2562 650 2617 circuiret
679 2561 840 2616 Titus
863 2601 877 2624 ,
927 2572 984 2616 et
1024 2559 1392 2615 cadaveribus
1439 2559 1630 2628 plenas
1650 2599 1665 2623 ,
1695 2574 1727 2614 e
1760 2560 1966 2629 quibus

387 2651 840 2722 putrescentibus
881 2651 1102 2720 copiosa
1147 2649 1407 2704 manabat
1450 2649 1666 2710 sanies.
1710 2649 1960 2714 videret,

386 2745 656 2814 ingemuit
687 2764 702 2798 ;
729 2744 1070 2812 sublatisque
1106 2743 1362 2797 manibus
1392 2743 1562 2797 Deum
1601 2749 1835 2798 testatus
1855 2753 1962 2808 est,

383 2834 439 2891 Η
469 2850 568 2889 sua
585 2835 866 2888 voluntate
897 2849 1006 2887 non
1037 2832 1176 2886 fieri.
1200 2833 1388 2887 Denuo
1417 2849 1646 2903 aggeres
1678 2833 1920 2889 instituit
1947 2852 1962 2889 :

386 2925 492 2978 etsi
547 2922 776 2977 materia
803 2938 946 2992 aegre
979 2937 1044 2976 xc
1074 2921 1270 2976 stadiis
1300 2922 1753 2992 comportabatur
1774 2963 1789 2988 ,
1823 2924 1965 2977 ιιιυ1‹

391 3016 460 3070 tis
504 3015 721 3070 interim
755 3029 784 3068 e
818 3014 1023 3084 populo
1074 3012 1594 3084 transfugientibus,
1629 3015 1724 3084 qui
1761 3015 1962 3084 partim

389 3108 458 3162 de
487 3107 659 3160 muris
693 3120 752 3160 se
782 3104 1134 3175 dejiciebant,
1167 3104 1367 3172 partim
1399 3118 1528 3159 saxa
1568 3105 1738 3159 veluti
1767 3104 1835 3159 ad
1864 3121 1962 3174 pu-
1993 3136 2036 3192 ο

389 3213 550 3268 gnam
596 3201 767 3263 parati
804 3196 1059 3250 manibus
1109 3205 1388 3265 gestantes
1433 3195 1804 3250 Romanorum
1839 3196 1964 3251 fidei

387 3305 447 3343 se
501 3287 951 3350 committebant,
996 3297 1052 3341 et
1095 3295 1277 3342 tamen
1328 3287 1410 3342 sic
1463 3287 1632 3342 etiam
1678 3289 1870 3359 majori
1899 3303 1966 3344 ex

315 3375 318 3378 ’
389 3389 548 3447 parte
581 3377 907 3430 interibant.
940 3377 1076 3431 Nam
1103 3376 1339 3432 famelici
1369 3377 1620 3432 ciborum
1646 3379 1860 3447 copiam
1885 3379 1968 3430 in-

391 3467 722 3523 satiabiiiter
759 3467 1074 3537 ingerentes
1103 3469 1520 3538 rumpebantnr.
1555 3469 1768 3526 Accidit
1798 3470 1966 3524 etiam

389 3560 566 3622 aliud,
598 3558 745 3629 quod
774 3560 1006 3614 exitium
1043 3560 1341 3628 transfugis
1371 3560 1657 3616 afferebat.
1697 3562 1834 3616 Nam
1872 3578 1969 3617 eo-

389 3667 516 3706 rum
553 3651 776 3722 quidam
807 3652 874 3706 ad
904 3653 1184 3708 Romanos
1211 3652 1569 3723 confugituri,
1594 3671 1790 3709 aurum
1819 3656 1968 3726 quod

388 3740 669 3796 habebant
689 3781 703 3806 ,
735 3741 1113 3812 deglutiebant
1138 3784 1154 3809 ,
1185 3759 1254 3798 ne
1278 3745 1423 3813 capti
1457 3760 1524 3800 eo
1551 3746 1922 3816 spoliat-eatur
1949 3789 1967 3815 ,

392 3831 557 3900 idque
589 3833 642 3886 in
671 3831 868 3888 castris
912 3848 1038 3888 cum
1068 3835 1436 3888 excrementis
1467 3835 1705 3904 ejectum
1749 3837 1970 3908 collige—

393 3921 546 3975 bant.
579 3921 698 3987 Quo
727 3921 780 3975 in
819 3938 930 3977 uno
961 3923 1326 3993 deprehenso,
1357 3925 1608 3994 famaque
1666 3926 1721 3980 in
1771 3930 1970 3982 castris

393 4029 586 4086 sparsa
610 4054 624 4076 .
663 4015 980 4087 transfugas
1010 4032 1145 4072 auro
1170 4018 1362 4087 plenos
1390 4019 1598 4084 venire,
1640 4019 1969 4075 miserorum

392 4109 617 4156 ventres
644 4103 1082 4158 dissecabantur.
1107 4105 1224 4171 Qua
1258 4106 1325 4160 de
1350 4123 1516 4162 causa
1548 4108 1794 4179 plurimi,
1831 4125 1970 4165 una-

393 4208 502 4262 que
533 4203 696 4249 nocte
739 4196 848 4249 tria
889 4197 1060 4250 millia
1089 4206 1146 4250 et
1187 4199 1425 4268 amplius
1471 4201 1772 4270 perierunt.
1811 4201 1969 4267 Quod

391 4299 464 4338 nc
491 4283 646 4339 fieret
671 4325 685 4348 ,
719 4285 822 4339 etsi
861 4285 1021 4342 Titus
1057 4289 1418 4344 interdicebat
1449 4331 1462 4352 ,
1497 4301 1678 4346 tamen
1719 4293 1839 4363 ejus
1870 4292 1974 4347 mi-

393 4389 478 4430 na:
512 4392 704 4446 parum
729 4389 827 4434 aut
851 4378 988 4433 nibil
1018 4381 1236 4436 miseris
1267 4383 1686 4438 commodarum
1715 4401 1731 4440 :
1765 4395 1822 4440 et
1844 4401 1971 4439 eum

2064 1901 2174 1964 πᾶς
2200 1902 2409 1971 ἑτέροις
2438 1901 2728 1973 ἐπέτρεψε·
2765 1901 3156 1972 διεκληροῦντο
3185 1903 3243 1956 δέ
3273 1906 3364 1957 τὸν
3394 1904 3566 1958 ὕπνον
3594 1908 3648 1959 oi

2065 1995 2329 2062 φύλακες.
2370 1994 2648 2058 Ἰουδαίοις
2676 1995 2732 2048 δὲ
2766 1996 2906 2065 μετά
2931 1995 3041 2049 τῶν
3070 1996 3265 2061 ἐξόδων
3306 1999 3648 2070 ἀπεκλείσθη

2065 2087 2220 2140 πᾶσα
2253 2087 2529 2157 σωτηρίας
2561 2087 2740 2152 ἐλπὶς,
2763 2089 2857 2140 καὶ
2877 2089 2906 2140 ό
2932 2085 3088 2158 λιμὸς
3133 2087 3254 2142 κατ’
3305 2089 3488 2153 οῐκους
3549 2092 3651 2144 καὶ

2064 2179 2261 2247 γενεὰς
2289 2179 2380 2232 τὸν
2407 2178 2580 2250 δῆμον
2603 2179 2882 2242 ἐϐόσκετο,
2912 2181 3008 2232 καὶ
3037 2179 3106 2232 τὰ
3141 2179 3242 2242 μὲν
3260 2181 3396 2251 τέγη
3453 2198 3652 2248 γυναι·-

2066 2269 2177 2324 κῶν
2208 2270 2304 2324 καὶ
2342 2270 2562 2340 βρεφῶν
2591 2269 2968 2339 ἐκλελυμένων
3017 2270 3370 2340 πεπλήρωτο,
3416 2272 3465 2323 οί
3527 2287 3652 2324 στεο

2066 2363 2237 2415 νωπολ⁵
2267 2361 2325 2414 δὲ
2349 2362 2628 2433 γερόντων
2654 2363 2886 2431 νεκρῶνο
2931 2361 3126 2422 παῖδες
3175 2361 3232 2414 δὲ
3278 2365 3371 2417 καί⁸
3433 2365 3656 2416 νεανίαι

2065 2452 2393 2523 διῳδηκότες
2419 2452 2492 2514 ὡς
2525 2451 2722 2506 εἴδωλα
2744 2455 2886 2505 κατὰ
2914 2455 3012 2514 τὰς
3072 2453 3278 2521 ἀγορὰς
3325 2453 3654 2523 περιῄεσαν,

2065 2547 2160 2597 καὶ
2193 2545 2530 2599 κατέπιπτον
2557 2545 2666 2614 ὅπη
2715 2544 2952 2607 ἕκαστος
2991 2545 3262 2606 ἁτονήσας
3316 2545 3474 2612 ἔτυχε
3501 2561 3515 2573 ·
3552 2545 3656 2597 θά-

2067 2652 2224 2688 πτειν
2247 2636 2302 2688 δὲ
2326 2636 2454 2698 τοὺς
2490 2637 2869 2706 προσήκοντας
2896 2637 2945 2689 οί
2980 2636 3060 2689 ἔτι
3080 2635 3281 2700 ζῶντες
3310 2638 3411 2689 οὐκ
3436 2637 3654 2706 ἰσχυονο

2067 2729 2256 2781 πολλοὶ
2285 2729 2341 2782 δέ
2372 2729 2468 2782 καὶ
2496 2728 2728 2782 θάπτειν
2761 2731 3108 2800 ὁρμήσαντες
3134 2731 3248 2791 τοῖς
3285 2729 3658 2798 θαπτομένοις

2068 2821 2510 2890 ἐπαπέθνησκον.
2540 2821 2605 2874 Oi
2633 2819 2691 2874 δὲ
2724 2822 3048 2873 στασιασταὶ⁵
3080 2820 3176 2872 καὶ
3204 2821 3315 2873 τῶν
3335 2821 3399 2872 ἐκ
3429 2819 3526 2872 τοῦ
3570 2821 3659 2872 λι-

2072 2915 2173 2982 μοῦ
2200 2913 2386 2966 κακῶν
2419 2912 2662 2980 ἐγίνοντο
2685 2911 3086 2982 χαλεπώτεροι,
3138 2911 3654 2983 τυμϐωρυχοῦντες,

2071 3007 2168 3059 καὶ
2196 3006 2297 3069 τὰς
2327 3004 2510 3067 οἰκίας
2544 3003 2834 3065 συλῶντες.
2862 3004 2976 3056 Καὶ
2993 3003 3054 3055 τὸ
3091 3003 3189 3072 μὲν
3216 3003 3433 3074 πρῶτον
3462 3007 3528 3056 ὲκ
3557 3003 3656 3056 τοῦ

2067 3098 2327 3169 δημοσίου
2360 3096 2638 3168 θησαυροῦ
2669 3098 2894 3151 θάπτειν
2931 3097 3180 3149 ἐκέλευον
3223 3098 3350 3158 τοὺς
3395 3099 3653 3168 νεκροὺς,

2068 3192 2166 3262 τὴν
2191 3189 2457 3244 δυσωδίαν
2487 3189 2562 3260 μὴ
2591 3189 2878 3260 φέροντες’
2909 3186 3008 3242 εἶτ’
3029 3190 3321 3260 ἐρρίπτουν
3349 3188 3546 3252 αὐτοὺς
3583 3193 3651 3242 ἐκ

2066 3281 2177 3333 τῶν
2205 3281 2404 3350 τειχῶν
2434 3282 2511 3345 εἰς
2553 3281 2651 3344 τάς
2682 3283 2996 3354 φάραγγας.
3056 3281 3288 3354 Περιιὼν
3321 3281 3366 3335 δ’
3397 3285 3426 3336 ό
3468 3283 3656 3346 Τῖτος,

2068 3373 2163 3427 καὶ
2192 3371 2532 3442 θεασάμενος
2562 3374 2773 3445 νεκρῶν
2814 3375 3257 3444 πεπληρωμένας
3305 3374 3497 3438 αὐτὰς,
3556 3375 3659 3427 καὶ

2072 3463 2242 3534 βαθὺν
2279 3465 2453 3536 ἰχῶρα
2495 3464 2788 3534 μυδώντων
2829 3469 3099 3534 σωμάτων
3153 3467 3438 3536 ἑκρέοντα,
3501 3466 3664 3518 ἐστέο

2069 3557 2220 3622 ναξε,
2254 3557 2350 3609 καὶ
2405 3559 2504 3620 τὰς
2555 3559 2744 3627 χεῖρας
2794 3557 3104 3619 ἀνατείνας,
3163 3557 3511 3627 ἐμαρτύρετο
3556 3558 3656 3608 τὸν

2070 3649 2226 3711 Θεὸν,
2254 3648 2328 3712 ὡς
2357 3651 2458 3703 οὐκ
2487 3649 2573 3720 εῐη
2614 3651 2672 3702 τὸ
2705 3650 2868 3720 ἔργον
2892 3649 3042 3719 αὐτῷ
3077 3650 3215 3720 πρὸς
3262 3649 3482 3719 βουλῆς.
3544 3652 3659 3703 Καὶ

2071 3740 2234 3794 πάλιν
2252 3741 2459 3811 ἥπτετο
2488 3742 2781 3812 χωμάτιον,
2848 3742 3103 3812 χαλεπῶ;
3155 3742 3302 3809 αὑτῷ
3359 3745 3460 3810 τῆς
3519 3743 3659 3812 ὕλης

2073 3835 2465 3905 ποριζομένης·
2487 3835 2594 3904 πρὸ
2612 3835 2721 3904 γὰρ
2740 3835 2970 3887 σταδίων
2988 3835 3286 3904 κεκόμιστο
3303 3835 3658 3903 ἐνενήκοντα.

2071 3926 2264 3980 Πολλοὶ
2298 3926 2342 3980 δ’
2377 3927 2712 3996 ηὐτομόλουν
2743 3926 2836 3979 τοῦ
2867 3927 3064 3995 δήμου,
3089 3926 3140 3978 οἱ
3176 3925 3275 3996 μὲν
3301 3927 3364 3978 ἐκ
3389 3925 3497 3978 τῶν
3541 3943 3661 3978 τει-

2072 4020 2183 4090 χῶν
2209 4020 2604 4090 κρημνίζοντες
2637 4019 2883 4081 ἑαυτοὺς,
2915 4020 2963 4071 οί
3000 4018 3058 4070 δὲ
3093 4018 3374 4088 προῖόντες
3419 4017 3496 4078 ὡς
3564 4020 3664 4069 ἐπὶ

2075 4113 2258 4182 μάχην
2297 4113 2433 4180 μετὰ
2459 4111 2772 4180 χερμάδων,
2836 4111 2974 4183 πρὸς
3013 4110 3321 4182 Ῥωμαίους
3380 4109 3664 4176 κατέφευ-

2071 4221 2188 4273 γον’
2218 4206 2314 4256 καὶ
2344 4202 2491 4256 οὕτω
2541 4203 2586 4256 δ’
2635 4203 2685 4254 οί
2712 4202 2935 4265 πλείους
2970 4201 3307 4256 ἀπώλλυντο.
3343 4201 3666 4268 Διμώττυν-

2072 4313 2164 4360 τες
2191 4296 2300 4366 γὰρ
2322 4295 2416 4348 καὶ
2439 4293 2670 4364 ἀφθονίᾳ
2705 4293 2923 4363 τροφῶν
2972 4294 3414 4362 ἐντυγχάνοντες,
3474 4291 3665 4360 ἀπλή-

2077 4405 2218 4451 στως
2245 4405 2305 4440 τε
2333 4387 2748 4457 κορεννύμενοι,
2784 4386 3197 4457 διερρήγνυντο.
3256 4383 3460 4452 Συνέϐη
3515 4383 3572 4435 δέ
3603 4399 3664 4436 τι

395 4467 451 4521 in
483 4469 673 4535 paucis
728 4471 940 4524 nummi
1002 4473 1412 4542 reperirentur,
1479 4485 1708 4530 earn-ros
1775 4476 1963 4544 praeda:

2078 4479 2172 4532 καὶ
2191 4479 2380 4550 ἓτερον
2402 4479 2530 4541 τοὺς
2552 4477 2888 4547 αὐτομόλους
2914 4478 3164 4546 φθεῖρον.
3197 4477 3238 4531 Τ
3245 4477 3355 4540 ws,-
3407 4477 3517 4546 γὰρ
3563 4477 3666 4528 αὑ-

395 4568 524 4622 spcs
554 4555 841 4621 perdebat.
880 4558 1090 4613 Ferunt
1128 4570 1312 4614 autem
1354 4577 1694 4631 pauperum,
1747 4563 1843 4632 qui
1876 4578 1963 4632 pet

2071 4571 2182 4624 τῶν
2210 4573 2541 4641 κεκτημένοι
2567 4571 2827 4641 χρυσοῦς,
2865 4573 2924 4624 ἐν
2975 4570 3054 4640 τῷ
3091 4570 3304 4640 μέλλειν
3356 4569 3487 4638 πρὸς
3523 4569 3670 4620 Ῥω·-

377 4655 585 4724 ‘portas
611 4647 851 4703 civitatis
875 4651 1002 4704 elati
1031 4661 1085 4703 ct
1109 4653 1338 4723 projecti
1366 4653 1533 4724 298
1557 4654 1690 4716 sint.
1715 4670 1780 4709 nc
1807 4653 1963 4711 fuisse

2077 4660 2271 4728 μαίους
2303 4660 2650 4728 αὐτομολεῖν,
2700 4660 2993 4713 κατέπινον
3021 4660 3133 4727 σφᾶ
3153 4681 3184 4722 ·,
3212 4659 3298 4711 ἵνα
3333 4658 3407 4726 μὴ
3435 4656 3666 4718 ἁλόντες

395 4737 602 4792 millia'
644 4740 875 4794 aliormn
907 4756 1201 4796 numerum
1231 4743 1702 4814 inexplicabilem,
1729 4746 1963 4800 frumen-

2078 4753 2454 4823 ἀφαιρεθῶσιν
2478 4751 2701 4814 αὐτούς.
2732 4751 2893 4822 Παρὰ
2923 4752 2979 4804 δὲ
3007 4755 3118 4814 τοῖς
3159 4752 3456 4820 Ῥωμαίοις
3500 4749 3665 4815 γενό-

398 4830 550 4899 tique
577 4831 918 4886 medimnum
947 4834 1152 4888 talento
1174 4836 1411 4891 venisse.

2079 4859 2258 4909 μενοι,
2287 4843 2401 4904 τοῖς
2429 4841 2528 4911 τῆς
2557 4841 2795 4911 γαστρὸς
2829 4841 3120 4904 σκυόἀλοις
3151 4843 3280 4905 τοὺς
3307 4838 3543 4911 χρυσοῦς
3574 4856 3666 4890 ou-

409 4922 740 4994 νεξέκρινον,
771 4928 865 4979 καὶ
899 4927 1218 4996 ἐκλέγοντες
1278 4931 1476 4996 αὐτοὺς
1516 4931 1842 5004 ἐλάμϐανον.
1891 4935 2147 5005 Φωρᾶται
2217 4936 2399 4988 τοίνυν
2447 4934 2558 4988 τῶν
2609 4934 2927 5005 αὐτομόλων
2947 4952 3032 4998 τις
3077 4935 3235 4987 τοῦτο
3288 4934 3497 4986 ποιῶν·
3562 4933 3666 4983 καὶ

399 5020 588 5089 φήμης
617 5022 903 5089 γεγονυίας
935 5026 1015 5086 εἰς
1049 5025 1111 5075 τὸ
1146 5027 1534 5096 στρατόπεδον,
1558 5028 1631 5089 ὡς
1667 5029 1861 5097 μεστοὶ
1892 5032 2140 5099 χρυσίου,
2163 5031 2458 5101 προσίασιν
2503 5029 2550 5081 οί
2583 5028 2898 5098 αὐτόμολοι,
2936 5031 3296 5096 ἁνετέμνοντο
3320 5027 3418 5089 τᾶς
3452 5029 3666 5093 γαστέι

404 5136 504 5196 ρας
540 5121 589 5172 οί
611 5117 806 5180 ἄθλιοι,
837 5116 913 5180 ὡς
973 5118 1226 5172 ἐντεῦθεν
1258 5121 1462 5192 πολλὴν
1485 5122 1737 5189 γενέσθαι
1766 5123 1873 5176 τῶν
1904 5123 2177 5176 Ἰουδαίων
2201 5123 2410 5194 φθοράν
2433 5138 2448 5153 ·
2479 5125 2580 5193 μιᾷ
2607 5123 2716 5194 γὰρ
2751 5124 2909 5176 νυκτὶ
2955 5122 3096 5192 ὺπέρ
3144 5121 3484 5194 τρισχιλίους
3519 5126 3664 5175 ἀνα-

403 5211 696 5286 σχισθῆναι
751 5212 974 5281 συνέϐη.
1031 5213 1097 5264 Ὃ
1153 5215 1316 5280 γνοὺς
1358 5217 1386 5268 ό
1444 5217 1625 5282 Τῖτος,
1684 5218 1954 5286 ἠπείλησε
1979 5218 2057 5289 τῷ
2081 5219 2493 5289 στρτίιτειῦμοιτι⁹
2545 5217 2684 5271 ἀλλὰ
2720 5216 2978 5288 μικρὺνή
3010 5216 3166 5268 οὐδὲν
3195 5219 3309 5278 τοῖς
3332 5216 3668 5286 αὐτομόλοις

400 5308 686 5379 ἐπήμυνεν
717 5307 752 5377 ή
784 5305 877 5358 τοῦ
914 5306 1078 5358 Τίτου
1114 5307 1278 5376 ὀργή.
1346 5307 1435 5360 Ἑν
1495 5310 1700 5377 ὀλίγοις
1752 5310 1798 5361 δ’
1831 5311 2122 5380 εὑρίσκετο
2146 5310 2216 5364 τὰ
2243 5309 2510 5380 ἀργύρια,
2533 5310 2658 5370 τοὺς
2681 5308 2736 5360 δὲ
2771 5307 2994 5368 λοιποὺς
3026 5305 3247 5370 ἐλπίδες
3283 5307 3443 5376 μόναι
3467 5308 3667 5362 ἀπώλ-

403 5405 550 5462 λυον.
587 5409 826 5470 Λέγεται
863 5399 920 5453 δέ
945 5400 1070 5462 τοὺς
1112 5403 1176 5452 ἐκ
1216 5399 1316 5469 τῆς
1366 5401 1574 5464 πόλεως
1617 5403 1706 5455 διὰ
1735 5404 1846 5456 τῶν
1878 5405 2064 5458 πυλῶν
2115 5404 2571 5475 ἐκκομισθέντας,
2602 5403 2700 5455 καὶ
2724 5400 2985 5469 ριφέντας
3013 5401 3244 5469 νεκροὺς
3266 5400 3378 5452 τῶν
3403 5402 3666 5471 ἀπόρων,

400 5499 658 5573 γενέσθαι
689 5495 960 5566 μυριάδας
990 5496 1282 5566 ἐξήκοντα,
1314 5497 1422 5550 τῶν
1449 5498 1494 5552 δ’
1515 5501 1694 5554 ἄλλων
1730 5499 2090 5571 ἁνεξεύρετον
2126 5498 2270 5556 εἶναι
2300 5499 2394 5554 τὸν
2418 5500 2676 5570 ἀριθμὸν,
2705 5499 2799 5553 τοῦ
2838 5499 2942 5570 μέν
2983 5515 3071 5552 τοι
3117 5499 3268 5552 σίτου
3312 5497 3370 5549 τὸ
3394 5496 3671 5566 μέδιμνον

404 5592 686 5661 πραθῆναι
711 5587 1001 5641 ταλάντου.

474 5688 642 5746 XXII.
676 5692 822 5748 Urbe
851 5696 1061 5748 autem,
1100 5693 1158 5736 ut
1188 5699 1358 5754 supra
1387 5685 1646 5751 diximus,
1689 5701 1718 5739 a
1758 5685 1965 5741 Roma-

406 5781 494 5836 nis
529 5797 687 5836 maro
719 5778 1080 5846 circumdata,
1107 5793 1228 5832 cum
1252 5793 1358 5832 non
1383 5777 1620 5847 amplius
1647 5776 1843 5832 herbas
1863 5777 1975 5832 col-

2147 5684 2274 5740 ΚΠ.
2310 5688 2816 5759 Περιτειχισθείση;
2857 5690 2914 5743 δὲ
2954 5691 3055 5760 τῆς
3107 5690 3317 5751 πόλεως
3373 5690 3525 5758 ποιρά
3552 5691 3669 5743 τῶν

2095 5776 2408 5848 Ῥωμαίων,
2433 5780 2506 5844 ῶς
2529 5782 2639 5836 ἂνω
2665 5799 2755 5837 μοι
2779 5784 3032 5846 εἴρηται,
3055 5783 3174 5836 οὐδὲ
3199 5783 3514 5837 ποὶυὲονεῐν
3545 5779 3667 5836 οἷον
