3882 6192
279 343 390 406 529

1581 349 1988 410 ΛΝΝᾹΗΗΜ
2035 351 2177 413 LIB.
2209 352 2309 412 VI.

3434 355 3542 415 {‘30

279 455 564 522 φευγότων
616 456 694 517 είς
752 455 850 524 τὴν
903 455 1081 522 πόλιν,
1138 458 1431 526 καιομένου
1480 457 1534 512 δὲ
1581 458 1676 511 τοῦ
1721 459 1850 513 ναοῦ

1957 457 2047 520 sis,
2083 461 2367 530 templum,
2407 468 2462 514 et
2493 476 2614 530 quae
2648 459 2854 514 circum
2887 458 3146 529 templum
3172 472 3348 526 erant,
3382 462 3534 517 ardeo

278 545 380 599 καὶ
414 546 522 598 τῶν
573 546 738 616 πέριξ
780 544 1060 614 ἁπάντων,
1115 551 1446 620 κομίσαντες
1483 552 1584 614 τὰς
1617 553 1860 619 σημαίας

274 638 364 701 εἱς
397 638 457 691 τὸ
487 639 656 707 ἱερὸν,
702 641 839 709 μετὰ
893 641 1171 708 μεγίστων
1223 643 1514 712 εὐερημιῶν
1561 645 1648 695 τὸν
1702 646 1858 696 Τῖτον

277 733 573 801 ἀπέφηναν
623 733 1030 804 αὐτοκράτορα.
1085 735 1241 787 Οὕτω
1304 736 1360 788 δὲ
1411 739 1534 797 ταῖς
1581 737 1859 805 ἁρπαγαῖς

273 826 326 876 οἱ
370 823 708 894 στρατιῶται
763 825 965 888 πάντες
1015 828 1480 897 ἐχρηματίσαντο,
1538 827 1680 881 ὥστε
1715 829 1859 882 κατὰ

273 915 380 981 τὴν
418 914 620 984 Συρίαν
652 915 788 983 πρὶς
819 916 990 985 ἥμισυ
1015 917 1116 987 τῆς
1151 919 1321 972 πάλαι
1350 920 1518 990 τιμῆς
1551 920 1643 971 τὸν
1692 923 1853 972 σταθ·

273 1009 383 1075 μὸν
439 1008 537 1060 τοῦ
598 1011 824 1079 χρυσίου
883 1011 1319 1080 πιπράσκεσθαι.
1377 1014 1438 1065 Οί
1487 1011 1542 1064 δέ
1586 1012 1689 1065 ἀνὰ
1765 1014 1856 1064 τὸν

271 1104 461 1170 τοῖχον
516 1103 613 1155 τοῦ
669 1103 826 1170 ναοῦ,
877 1104 953 1166 ὡς
1008 1105 1264 1176 εἴρηται,
1308 1107 1626 1168 ἀνελθόντες
1669 1109 1852 1176 ἱερεῖς,

273 1194 374 1246 ἐπὶ
414 1193 578 1248 πέντε
625 1196 866 1266 ἡμέραις
907 1200 1500 1268 προσκαρτερήσαντες
1545 1200 1638 1252 καὶ
1679 1199 1857 1268 λιμώο

274 1285 494 1350 ξαντες,
553 1287 890 1359 κατέδησαν,
923 1288 1277 1354 ’ἱκετεύοντες
1311 1292 1500 1360 τυχεῖν
1556 1291 1850 1359 σωτηρίας.

280 1377 347 1428 ὐ
380 1377 439 1431 δὲ
467 1379 628 1442 Τῖτος
682 1381 774 1434 καὶ
823 1383 913 1434 τὸν
963 1383 1064 1452 τῆς
1115 1381 1445 1454 συγγνώμης
1499 1383 1691 1454 καιρὸν
1746 1402 1852 1437 πα-

272 1469 490 1540 ρελθεῖν
514 1469 681 1540 ἔφησε
706 1473 799 1525 καὶ
826 1473 920 1526 τοῦ
946 1473 1074 1527 ναοῦ
1101 1475 1384 1544 οἰχομένου
1415 1475 1657 1538 καὶτοὺς
1685 1476 1852 1545 ἱερεῖς

271 1563 683 1616 συναπολέσθαι
727 1565 878 1635 αὐτῷ
926 1565 1035 1618 δεῖν
1082 1567 1272 1629 είπὼν,
1339 1567 1666 1636 κολασθῆναι
1724 1571 1852 1630 τοῦς

267 1655 477 1723 ἄ.δρας
541 1655 846 1710 ἐκέλευσεν.
922 1659 986 1711 Οί
1060 1657 1117 1710 δὲ
1175 1661 1302 1728 περὶ
1366 1661 1491 1723 τοὺς
1554 1662 1851 1731 τυράννους

267 1746 560 1817 διαδράναι
604 1749 678 1817 μὴ
733 1749 1041 1819 ἰσχύοντες,
1085 1751 1520 1822 προσκαλοῦνται
1557 1751 1648 1804 τὸν
1693 1753 1850 1804 Τῖτον

269 1842 353 1900 είς
387 1839 604 1906 λόγους.
649 1841 755 1894 Καὶ
817 1840 874 1904 ὃς
920 1837 1049 1912 ἧκε,
1099 1843 1194 1894 καὶ
1237 1842 1337 1914 τὴν
1375 1843 1635 1896 ἀπόνοιαν
1668 1845 1851 1906 αὐτοῖς

266 1932 603 1998 ἐξωνείδιζε,
632 1932 728 1985 καὶ
769 1933 957 2002 ῥίψασι
1003 1933 1071 1986 τὰ
1127 1933 1266 1986 ὅπλα
1315 1934 1409 1986 καὶ
1459 1935 1759 2005 παραδοῦσι
1784 1935 1852 1988 τὰ

269 2031 507 2097 σώματα
538 2028 860 2099 χαρίζεσθαι
895 2029 996 2096 τὴν
1037 2031 1184 2098 ζωὴν
1221 2029 1612 2100 ἐπηγγέλλετο.
1657 2031 1766 2084 Καὶ
1801 2033 1851 2084 οἱ

266 2121 473 2190 λησταὶ
498 2120 682 2187 δεξιὰν
731 2121 828 2186 μέν
865 2123 938 2192 μὴ
971 2121 1237 2176 δύνασθαι
1271 2120 1403 2192 παρ’
1454 2122 1618 2175 αὑτοῦ
1665 2122 1852 2177 λαϐεῖν

267 2213 527 2280 ἔφησαν,
590 2200 948 2284 όμομωκότες
1008 2213 1282 2284 μηδέποτε
1334 2213 1494 2268 τοῦτο
1553 2213 1801 2284 ποιήσειν
1833 2229 1848 2244 ο

268 2306 457 2371 ἔξοδον
504 2305 562 2359 δὲ
619 2307 867 2376 ᾐτοῦντο,
931 2307 1072 2376 μετὰ
1135 2307 1415 2375 γυναικῶν
1470 2307 1564 2360 καὶ
1617 2311 1848 2374 τέκνων,

267 2396 628 2466 γιταλείψειν
682 2397 783 2468 τὴν
841 2396 997 2450 πόλιν
1055 2397 1228 2470 αὐτῷ.
1275 2397 1656 2465 Ἦγανάκτησε
1715 2400 1850 2466 πρὸς

263 2487 445 2540 ταῦτα
479 2490 507 2540 ό
539 2488 724 2554 Τῖτος,
774 2490 866 2542 καὶ
900 2491 1035 2559 μήτε
1082 2489 1398 2561 αὐτομολεῖν
1423 2490 1502 2544 ἔτι
1545 2492 1666 2545 τινὰ
1699 2492 1851 2561 σφῶν

267 2573 538 2626 ἐκέλευσε
592 2576 728 2644 μήτε
779 2573 962 2642 δεξιᾶς
996 2575 1237 2638 ἐλπίζειν
1295 2579 1480 2646 τυχεῖν
1533 2577 1843 2646 (φείσεσθαι

266 2669 379 2736 γὰρ
406 2665 672 2735 οὐδενὸς),
701 2667 968 2736 μάχεσθαι
1016 2669 1073 2722 δέ
1122 2669 1213 2721 καὶ
1261 2669 1452 2732 σώζειν
1496 2670 1569 2732 ὡς
1602 2669 1851 2724 δύναιντο

268 2761 529 2824 ἑαυτούς.
577 2763 699 2825 Τοῖς
728 2763 784 2816 δὲ
817 2762 1179 2832 στρατιώταις
1208 2764 1494 2834 ἐμπιπρᾷν
1540 2766 1641 2835 τὴν
1694 2765 1849 2818 πόλιν

269 2857 365 2906 καί
416 2854 742 2924 διαρπάζειν
799 2857 1128 2908 ἐκέλευσεν·
1161 2857 1210 2909 οἱ
1258 2857 1314 2910 δὲ
1361 2862 1419 2909 τὸ
1472 2856 1580 2926 πῦρ
1632 2857 1852 2910 ἐνίεσαν

270 2945 579 3014 πανταχοῦ.
643 2946 704 2999 Οἱ
761 2949 1085 3001 στασιασταὶ
1139 2947 1194 3000 δὲ
1253 2948 1342 3000 ἐπὶ
1412 2948 1508 3018 τὴν
1563 2948 1848 3018 βασιλικὴν

263 3039 453 3092 οἰκίαν
484 3038 850 3108 ὁρμήσαντες,
882 3042 959 3101 εἰς
992 3042 1056 3110 ἣν
1100 3038 1168 3092 δι’
1200 3040 1504 3110 ὀχυρότητα
1539 3038 1723 3092 πολλοὶ
1751 3039 1850 3105 τὰς

1884 1798 1925 1854 Β

1964 560 2085 606 rent
2114 554 2319 615 omnia,
2366 552 2537 622 signis
2574 553 2627 607 in
2664 552 2924 622 templum
2974 552 3160 618 illatis,
3193 553 3375 608 Titum
3406 571 3540 610 cum

1962 643 2313 697 faustissimis
2341 645 2830 699 acclamationibus
2863 644 3244 712 imperatorem
3281 645 3537 716 designa-

1961 745 2110 788 runt.
2165 736 2366 790 Milites
2407 745 2617 790 tantum
2658 751 2721 790 ex
2777 736 2981 805 rapinis
3017 737 3264 804 pecunia:
3318 751 3514 791 coaeer

1961 834 2183 889 varunt,
2232 834 2291 879 ut
2341 827 2393 879 in
2427 825 2578 896 Syria
2621 827 2836 896 pondus
2865 827 2984 880 auri
3041 826 3273 885 dimidio
3307 828 3539 882 minoris

1959 933 2121 985 quam
2158 918 2287 970 olim
2314 918 2666 973 venderctur.
2701 917 3049 984 Sacerdotes,
3080 920 3198 989 qui,
3229 930 3286 974 ut
3323 921 3535 974 dictum

1957 1021 2062 1075 est,
2120 1026 2336 1064 murum
2383 1011 2570 1079 templi
2615 1011 3073 1076 conscenderant,
3115 1027 3240 1066 cum
3289 1013 3537 1082 quinque

1958 1101 2076 1156 dies
2120 1101 2192 1155 ibi
2243 1103 2573 1171 exegissent,
2622 1102 2763 1156 [ωηο
2817 1103 3051 1157 confecti
3091 1103 3533 1158 descenderunt:

1959 1203 2127 1263 utque
2177 1193 2281 1248 sibi
2316 1205 2656 1262 parceretur,
2693 1194 3086 1262 supplicarunt.
3125 1194 3337 1260 Quibus
3379 1195 3536 1248 'l‘itus

1956 1285 2276 1353 respondit:
2323 1285 2506 1340 Venite
2534 1293 2780 1353 tempore
2805 1285 2915 1354 jam
2941 1287 3240 1354 praeterito,
3276 1285 3535 1339 sacerdo—

1959 1376 2105 1431 tibus
2146 1392 2272 1432 cum
2327 1378 2531 1446 templo
2581 1378 2923 1446 pereundum
2978 1392 3122 1441 esse,
3174 1388 3224 1430 et
3283 1378 3535 1431 homines

1953 1467 2240 1535 suppliciis
2285 1467 2424 1521 allici
2473 1466 2654 1536 jussit.
2705 1465 2944 1536 Tyranni
2978 1467 3072 1534 qui
3115 1467 3358 1536 emisere
3425 1481 3535 1520 non

1954 1570 2228 1632 poterant,
2279 1562 2463 1616 Titum
2495 1561 2560 1614 ad
2589 1561 2922 1630 colloquium
2970 1570 3241 1615 evocant:
3283 1563 3376 1630 qui
3405 1578 3532 1616 eum

1954 1655 2229 1721 venisset,
2269 1655 2461 1725 eisque
2535 1653 2850 1708 vecordiam
2921 1652 3248 1722 objccissct,
3295 1654 3403 1706 vita
3472 1669 3533 1707 se

1955 1747 2080 1803 illos
2106 1748 2439 1802 donaturum
2475 1746 2748 1816 promisit,
2789 1746 2834 1800 si
2881 1745 3111 1814 abjeetis
3143 1745 3312 1798 armis
3338 1760 3396 1798 se
3431 1744 3531 1798 de-

1953 1839 2166 1894 derent.
2210 1840 2478 1894 Latrones
2517 1852 2646 1892 vero
2684 1853 2742 1892 se
2793 1837 3040 1893 dextram
3073 1837 3140 1892 ab
3174 1852 3241 1892 eo
3281 1837 3534 1906 accipere

1953 1945 2112 2000 posse
2141 1940 2429 2002 negarunt,
2469 1930 2686 1999 jurasse
2721 1929 2868 1984 enim
2910 1943 2970 1983 se
3036 1929 3088 1984 id
3120 1944 3400 1998 nunquam
3448 1929 3530 1984 la-

1953 2034 2178 2078 cturos:
2217 2023 2311 2077 sed
2344 2022 2682 2091 petiverunt,
2713 2030 2771 2076 ut
2808 2038 2932 2076 cum
2965 2021 3232 2078 uxoribus
3257 2031 3315 2077 et
3340 2022 3534 2078 liberis

1954 2115 2093 2170 urbe
2144 2115 2412 2171 excedere
2460 2118 2672 2172 liceret.
2717 2115 3090 2183 Quamobrem
3141 2119 3299 2172 'l‘itus
3336 2117 3533 2178 iratus.

1952 2211 2144 2267 edixit.
2181 2225 2249 2264 ne
2294 2209 2420 2280 quis
2465 2225 2659 2264 eorum
2713 2210 2952 2280 amplius
3003 2210 3393 2281 transfugeret,
3435 2223 3533 2266 aut

1952 2317 2106 2371 spem
2147 2301 2351 2357 dextrae
2394 2302 2644 2366 haberet,
2671 2317 2730 2356 se
2771 2303 2915 2356 enim
2960 2317 3248 2372 parsurmn
3281 2317 3403 2358 esse
3429 2319 3529 2359 ne-

1955 2393 2089 2449 mini
2120 2413 2134 2448 :
2172 2403 2483 2465 pugnarent
2514 2394 2703 2466 igitur,
2746 2409 2812 2450 ac
2839 2395 3003 2451 saluti
3053 2411 3166 2450 suae
3194 2411 3292 2466 pro
3320 2396 3532 2451 viribus

1953 2486 2329 2541 consulerent.
2380 2486 2580 2542 Milites
2614 2488 2807 2542 urbem
2861 2489 3156 2544 incendere
3186 2506 3250 2545 ac
3287 2491 3530 2561 diripere

1946 2581 2114 2651 jussit
2138 2597 2156 2634 :
2188 2581 2430 2650 quicum
2460 2582 2712 2638 incendia
2746 2582 2951 2653 ubique
2984 2595 3326 2654 spargerent,
3358 2586 3532 2639 iatro-

1953 2687 2052 2727 nes
2075 2673 2142 2727 ad
2167 2673 2370 2742 regiam
2402 2673 2791 2738 decurrerunt,
2831 2675 2882 2728 in
2907 2691 3070 2743 quam
3101 2676 3173 2729 ob
3208 2677 3310 2729 loci
3346 2677 3530 2732 muni-

1955 2765 2158 2818 tionem
2191 2764 2348 2818 multi
2384 2780 2513 2818 suas
2561 2779 2694 2834 opes
2743 2765 3128 2821 contulerant:
3169 2781 3232 2820 ac
3267 2767 3530 2822 Romanis

1953 2852 2082 2908 inde
2114 2853 2311 2923 pulsis,
2340 2863 2396 2909 et
2427 2863 2574 2910 cmtu
2617 2855 2794 2924 plebis
2827 2855 2900 2910 ibi
2945 2864 3284 2926 congregata:
3321 2856 3387 2911 ad
3433 2873 3528 2912 vni

1952 2946 2122 3002 millia
2148 2957 2202 3001 et
2235 2962 2361 3002 cccc
2389 2946 2537 3002 omni
2599 2947 2908 3012 interfecto,
2967 2949 3252 3018 pecuniam
3277 2948 3528 3018 diripue-

1953 3047 2104 3091 runt.
2157 3037 2428 3093 Postridie
2501 3038 2734 3094 Romani
2785 3038 3097 3094 latronibus
3145 3055 3212 3095 ex
3269 3039 3528 3094 inferiore

269 3129 503 3197 κτήσεις
542 3128 826 3193 ἀπέθεντο,
862 3129 987 3191 τοῦς
1044 3147 1103 3182 τε
1169 3130 1471 3200 Ῥωμαίους
1527 3133 1623 3185 ἀπ’
1678 3133 1848 3202 αὐτῆς

1955 3127 2092 3182 urbe
2137 3127 2458 3199 proﬂigatis,
2491 3144 2664 3200 usque
2697 3128 2763 3183 ad
2794 3129 2997 3185 Siloam
3047 3132 3232 3185 omnia
3263 3130 3530 3185 incende-

265 3220 578 3287 τρέπονται
606 3234 619 3247 ⁸
650 3223 743 3272 καὶ
773 3223 833 3274 τὸ
857 3222 1321 3292 συνηθροισμένον
1345 3223 1531 3276 αῦτῦθι
1555 3225 1648 3277 τοῦ
1671 3225 1847 3296 δήμου

269 3312 386 3362 πεῖν
423 3311 816 3380 φονεύσαντες,
859 3314 940 3375 εἱς
966 3311 1408 3382 ὀκτακισχιλίους
1451 3315 1548 3368 καὶ
1587 3332 1851 3387 τετρακο-

266 3405 426 3467 siqu;
472 3405 934 3475 ἀριθμουμένους,
975 3405 1040 3458 τὰ
1080 3407 1340 3476 χρήματα
1388 3406 1720 3478 διήρπασαν.
1767 3408 1846 3478 Τῇ

259 3498 308 3550 δ’
357 3497 493 3568 ἑξῆς
547 3497 831 3567 Ῥωμαῖοι,
854 3498 1190 3568 τρεψάμενοι
1229 3500 1355 3559 τοὺς
1393 3497 1596 3570 λῃστὰς
1650 3499 1714 3551 ἐκ
1751 3499 1850 3569 τῆς

262 3591 424 3642 κάτω
457 3589 689 3654 πόλεως,
730 3591 799 3644 τὰ
825 3591 990 3660 μέχρι
1019 3589 1114 3642 τοῦ
1151 3588 1374 3660 Σιλωὰμ
1408 3591 1587 3644 πάντα
1615 3591 1850 3660 ἐνέπρη-

270 3697 397 3732 σαν.
426 3680 746 3748 Καιομένην
767 3679 824 3732 δὲ
849 3682 948 3749 τὴν
977 3679 1132 3732 πόλιν
1160 3679 1392 3749 ὁρῶντες
1423 3680 1475 3732 οἱ
1501 3680 1846 3748 στασιασταὶ,

269 3773 483 3842 ἱλαροῖς
510 3773 624 3834 τοῖς
649 3770 964 3842 προσώποις
995 3771 1224 3843 εὔθυμοι
1255 3773 1358 3843 τὴν
1388 3775 1649 3844 τελευτὴν
1679 3792 1851 3845 προσ⁴

261 3861 527 3932 δέχεσθαι
565 3860 774 3929 ἔλεγον.
820 3858 961 3914 οὔτε
987 3861 1045 3914 δὲ
1080 3860 1420 3932 παραδοῦναι
1449 3861 1679 3924 ἑαυτοὺς
1711 3863 1848 3914 ὑπέ-

269 3973 463 4027 μενον,
525 3952 649 4006 οὖτε
708 3953 971 4024 πολεμεῖν
1031 3953 1324 4024 Ῥωμαίοις
1379 3948 1483 4006 οἷοί
1549 3970 1609 4006 τε
1664 3950 1806 4024 ἦσαν
1833 3971 1850 3988 ο

268 4048 630 4118 σκιδνάμενοι
671 4046 729 4099 δέ
760 4046 902 4098 κατὰ
936 4045 1004 4099 τὰ
1048 4044 1360 4116 ἔμπροσθεν
1398 4045 1497 4114 τῆς
1535 4045 1763 4110 πόλεως,
1800 4044 1856 4098 εί

266 4156 428 4204 τινας
452 4137 777 4208 αὐτομολεῖν
808 4137 1097 4201 ἐθέλοντας
1128 4136 1414 4208 εὕρισκον,
1448 4137 1799 4207 ἀπέσφαττον
1831 4152 1846 4166 ⁸

263 4235 360 4286 καὶ
387 4231 569 4294 οὐδεὶς
606 4235 664 4285 ἐν
695 4234 762 4302 τῇ
793 4230 947 4285 πόλει
986 4231 1153 4294 τόπος
1184 4228 1523 4299 γεγύμνωτο,
1553 4229 1672 4282 ἁλλ’
1705 4229 1851 4293 ἅπας

264 4327 298 4392 ἥ
329 4323 500 4393 λιμοῦ
535 4322 732 4393 νεκρὸν
760 4318 932 4393 εἶχεν,
964 4323 997 4392 ἢ
1052 4324 1320 4385 στάσεως.
1356 4320 1606 4374 Ἔθαλπε
1633 4321 1689 4374 δὲ
1722 4320 1849 4384 τούς

263 4435 322 4470 τε
382 4416 690 4488 τυράννους
737 4416 832 4470 καὶ
871 4415 931 4468 τὸ
980 4415 1078 4469 σὺν
1107 4414 1292 4478 αὐτοῖς
1340 4414 1635 4485 λῃστρικὸν
1693 4413 1850 4476 ἐλπὶς

1952 3227 2101 3273 runt.
2138 3218 2395 3274 Seditiosi
2427 3234 2551 3274 cum
2587 3219 2781 3275 ardere
2813 3221 3010 3275 urbem
3041 3221 3314 3288 viderent,
3362 3221 3530 3276 hilari

1952 3311 2107 3365 vultu
2141 3326 2200 3366 se
2233 3311 2446 3366 alacres
2484 3310 2738 3367 obituros
2787 3311 3068 3376 dixerunt,
3103 3328 3226 3368 cum
3259 3327 3316 3368 se
3347 3327 3527 3382 neque

1953 3402 2214 3457 Romanis
2263 3401 2466 3458 dedere
2507 3403 2731 3468 vellent,
2777 3418 2954 3474 neque
3007 3419 3313 3474 repugnare
3361 3403 3526 3476 304

1951 3502 2216 3561 possent:
2257 3492 2350 3548 sed
2383 3504 2511 3550 ante
2552 3493 2746 3549 urbem
2796 3495 3058 3565 dispersi,
3110 3511 3250 3566 quos
3281 3498 3524 3550 transiu-

1952 3600 2082 3654 gere
2109 3586 2356 3640 volentes
2392 3584 2901 3656 deprehendebant,
2935 3589 3260 3659 jugulabant
3281 3605 3301 3643 :
3338 3603 3520 3657 neque

1954 3678 2098 3732 ullus
2135 3677 2289 3732 urbis
2315 3687 2435 3732 erat
2466 3679 2641 3742 locus,
2677 3678 2771 3748 qui
2806 3695 2916 3733 non
2951 3678 3097 3734 fame
3125 3690 3222 3734 aut
3250 3679 3523 3734 seditione

1953 3778 2268 3838 peremptos
2320 3769 2567 3824 haberet.
2643 3770 2929 3840 Tyrannos
2983 3786 3089 3824 una
3143 3785 3268 3840 spes
3314 3770 3526 3839 reliquo

1953 3861 2440 3915 subterraneorum
2489 3870 2763 3916 meatuum
2809 3861 3076 3916 fovebat:
3112 3877 3222 3931 quo
3255 3862 3301 3917 si
3333 3862 3528 3917 confu-

1952 3953 2178 4022 gissent,
2213 3969 2272 4008 se
2303 3969 2412 4008 non
2449 3954 2765 4024 indagatum
2793 3954 2861 4007 iri
2887 3954 3054 4008 stulta
3085 3955 3343 4023 opinione
3370 3963 3529 4024 puta—

1955 4047 2107 4100 bant.
2139 4044 2273 4099 Nam
2309 4060 2432 4099 cum
2464 4044 2696 4098 Romani
2728 4055 2908 4099 castra
2937 4053 3241 4107 moverent,
3272 4045 3525 4114 progredi

1951 4147 2116 4206 atque
2150 4137 2409 4206 aul‘ugcre
2434 4137 2575 4199 ausi,
2608 4152 2785 4207 neque
2819 4138 2988 4191 Deum
3033 4153 3213 4207 neque
3249 4137 3528 4191 Romanos

1953 4229 2125 4284 latere
2156 4238 2432 4298 poterant,
2466 4239 2522 4285 et
2555 4229 2699 4284 inter
2721 4244 2780 4283 se
2805 4229 2872 4283 de
2905 4229 3114 4298 rapinis
3145 4229 3345 4284 bellum
3375 4243 3530 4297 gero-

1954 4320 2107 4376 bant.
2139 4322 2321 4376 Ctesar
2352 4335 2484 4375 vero
2530 4335 2654 4375 cum
2705 4320 2838 4375 urbs
2879 4321 3134 4390 superior
3164 4321 3218 4374 in
3260 4316 3528 4388 praecipiti

1953 4413 2057 4466 sita
2112 4413 2254 4476 loco,
2306 4413 2424 4468 sine
2468 4411 2756 4484 aggeribus
2802 4411 2922 4482 capi
2959 4427 3068 4466 non
3103 4421 3308 4482 posset,
3352 4409 3534 4481 copiis

264 4483 482 4578 ἐσχάτη
510 4507 616 4562 τῶν
649 4509 961 4578 ὑπονόμων,
1013 4509 1094 4572 εἱς
1135 4506 1229 4569 οὓς
1271 4507 1320 4559 εί
1353 4483 1746 4575 κγαταφύγοιεν,
1783 4508 1844 4559 οὐ

1955 4520 2090 4574 opus
2117 4505 2420 4559 distribuit.

269 4605 628 4676 προσεδόκων
657 4604 1145 4676 ἐρευνηθήσεσθαι.
1181 4603 1621 4668 Ἀναζευξάντων
1686 4602 1743 4655 δὲ
1802 4603 1910 4655 τῶν
1960 4602 2270 4672 Ῥωμαίων,
2306 4601 2574 4672 ἐθάρρουν
2615 4600 2898 4671 προελθεῖν
2958 4617 3020 4652 τε
3058 4603 3150 4654 καὶ
3190 4597 3515 4668 ἀποδράναι.

261 4700 326 4750 τ’)
383 4698 441 4752 δὲ
475 4692 545 4768 ἦν
575 4697 684 4767 ἄρα
715 4697 924 4768 ὄνειρος
953 4714 968 4732 ο

264 4795 402 4857 λους
435 4795 496 4846 ἐν
545 4794 665 4855 ταῖς
707 4792 981 4862 ἁρπαγαῖς
1015 4791 1250 4862 πόλεμος
1289 4791 1496 4854 αὐτοῖς.

1023 4696 1144 4751 οὔτε
1199 4697 1308 4768 γὰρ
1367 4698 1458 4750 τὸν
1511 4696 1670 4757 Θεὸν,
1722 4694 1846 4748 οὗτε
1899 4696 2208 4764 Ῥωμαίους
2271 4696 2456 4766 λήσειν
2523 4695 2773 4764 ἔμελλον.
2809 4689 2920 4748 Ἤν
2961 4695 3018 4747 δέ
3051 4693 3320 4764 καὶπρὸς
3363 4692 3530 4762 ἀλλή-

1573 4791 1792 4860 Καῖσαρ
1833 4789 1916 4853 δὲ,
1958 4791 2033 4851 ώς
2075 4793 2362 4862 ἀμήχανον
2409 4787 2476 4860 ἦν
2530 4790 2630 4859 τὴν
2669 4789 2784 4842 ἄνω
2827 4789 2982 4842 πόλιν
3040 4787 3183 4841 ἐλεῖν
3230 4789 3527 4857 χωμάτωνο

272 4890 399 4954 ἅτε,
443 4887 615 4942 οὖσαν
643 4889 1041 4960 περίκρημνον,
1075 4887 1322 4954 διανέμει
1360 4886 1677 4957 τοῖςέργοις
1709 4886 1808 4956 τὴν
1844 4886 2094 4957 δύναμιν.

345 4983 496 5048 Κῷ.
526 4981 686 5034 Κατὰ
715 4979 920 5042 ταύτας
951 4973 1046 5032 οῦν
1074 4977 1174 5041 τὰς
1217 4979 1430 5048 ¹ἡμέρας
1464 4980 1513 5032 οἱ
1546 4979 1653 5030 τῶν
1685 4977 1848 5030 Ἰδου-

274 5078 457 5144 μαίων
516 5078 788 5148 ἡγεμόνες
849 5077 1168 5147 πέμψαντες
1221 5077 1422 5146 ἄνδρας
1485 5078 1649 5130 πέντε
1712 5079 1848 5148 πρὸς

269 5169 458 5234 τῖτον,
492 5169 742 5222 ἱκέτευον
763 5169 946 5224 δοῦναι
977 5170 1163 5230 αὐτοῖς
1187 5168 1386 5233 δεξιάν.
1429 5168 1490 5221 '0
1514 5169 1568 5222 δὲ
1606 5170 1701 5222 καὶ
1725 5170 1849 5232 τοὺς

269 5263 572 5329 τυράννους
630 5261 886 5314 ἐνδώσειν
933 5261 1163 5324 ἐλπίσας
1213 5245 1684 5314 ἀποσπασθέντων
1743 5261 1850 5315 τῶν

287 5355 626 5427 Ἰδουμαίων,
656 5356 945 5408 κατανεύει
1007 5354 1106 5424 τὴν
1158 5355 1432 5423 σωτηρίαν
1484 5355 1689 5416 αὐτοῖς.
1743 5354 1851 5406 Καὶ

271 5451 308 5500 6
335 5449 536 5520 Σίμων,
569 5449 731 5516 γνοὺς
764 5448 862 5519 τὴν
900 5445 1127 5515 γνώμην
1167 5447 1366 5507 αὐτῶν,
1390 5448 1516 5510 τοὺς
1560 5447 1658 5517 μὲν
1689 5446 1850 5497 πέντε

275 5540 407 5602 τοὺς
454 5539 779 5609 ἐντυχόντας
822 5538 898 5607 τῷ
928 5539 1075 5606 Τίτῳ
1107 5537 1304 5590 αὐτίκα
1350 5539 1584 5608 ἀναιρεῖ,
1635 5536 1758 5597 τοὺς
1805 5533 1850 5586 δ’

284 5631 559 5701 ἡγεμόνας
599 5629 882 5684 συλλαϐὼν
919 5630 1200 5701 εἵργνυσιν
1228 5645 1243 5660 ο
1280 5628 1616 5699 Ἰδουμαίους
1658 5627 1714 5680 δὲ
1753 5626 1853 5678 οὐκ

279 5721 629 5785 ἁυυλὰκτους
666 5717 801 5792 εἶχε,
835 5721 924 5775 καὶ
973 5722 1033 5773 τὺ
1072 5723 1246 5791 τεῖχος
1288 5723 1553 5789 φρουραῖς
1591 5718 1850 5788 ἐπιμελε-

284 5815 507 5882 στέραις
547 5813 896 5883 διεῦάμϐανε,
933 5813 1016 5866 διὰ
1049 5817 1174 5876 τοὺς
1216 5810 1662 5876 αὐτομολοῦντας.
1719 5809 1852 5862 llo).-

2025 4979 2209 5034 XXVI.
2253 4979 2322 5033 lis
2349 4979 2542 5034 diebus
2578 4978 2938 5032 ldumzeorum
2992 4978 3270 5048 principes
3311 4995 3341 5032 ν
3375 4979 3527 5047 loga-

1954 5070 2025 5124 tis
2072 5070 2138 5124 ad
2177 5069 2360 5122 Titum
2406 5067 2607 5130 missis,
2658 5067 2938 5136 supplices
2987 5083 3178 5137 pacem
3209 5069 3526 5138 petierunt:

1953 5161 2234 5230 quietiam
2271 5169 2550 5231 tyrannos,
2596 5157 2850 5214 ldumaais
2892 5159 3120 5224 avulsis,
3163 5161 3524 5229 pertinaciam

1953 5255 2267 5324 abjccturos
2312 5267 2558 5321 sperans,
2612 5251 3048 5306 incolumitatem
3102 5251 3217 5305 illis
3245 5251 3526 5321 promisit.

1953 5349 2022 5401 At
2055 5348 2242 5401 Simon
2271 5361 2462 5399 eorum
2499 5344 2726 5398 consilio
2757 5346 2994 5414 cognito.
3048 5361 3080 5398 ν
3109 5343 3312 5413 legatos
3339 5341 3526 5396 statim

1955 5439 2174 5502 occidit,
2215 5439 2382 5492 duces
2413 5437 2762 5490 incarcerem
2788 5435 3107 5506 compingit,
3137 5436 3400 5489 Idumaeos
3428 5435 3528 5488 ob-

1955 5527 2162 5580 servari
2206 5525 2384 5595 jubet,
2427 5534 2482 5578 et
2524 5523 2724 5578 mmnia
2782 5523 3037 5592 prasidiis
3085 5523 3528 5578 aecuratioribus

1957 5623 2154 5681 munit,
2191 5629 2415 5687 propter
2442 5614 2768 5685 transfugas.
2813 5613 2916 5668 Sed
2947 5616 3199 5683 quamvis
3233 5615 3390 5669 multi
3427 5631 3525 5670 oe-

1953 5709 2294 5767 cillerentur,
2340 5706 2524 5774 plures
2578 5713 2735 5756 erant
2776 5704 2868 5770 qui
2898 5703 3249 5772 dill'ugorcnt,
3295 5716 3464 5774 atque
3493 5723 3526 5763 a

1953 5801 2216 5857 Romanis
2244 5800 2314 5855 ob
2355 5797 2912 5851 undiuntsutictulcm
2949 5804 3005 5850 et
3028 5793 3164 5850 lucri
3215 5811 3368 5856 spem
3401 5810 3528 5854 sus-
