4042 6200
385 241 496 304 533

1690 246 2098 308 ANNALIUM
2137 247 2285 308 LIB.
2324 250 2427 312 VI.

3527 249 3638 312 5'.“

390 351 680 423 δπονόμοις
749 351 891 422 μετά
942 351 1054 404 τῶν
1107 353 1355 422 ἀδελφῶν
1405 353 1711 424 λιμώττων,
1777 355 1955 420 δεξιὰν

2083 358 2287 414 ndutus
2321 353 2530 423 tunica,
2563 367 2618 412 et
2647 358 2934 429 chlamyde
2973 374 3250 430 purpurea
3301 359 3639 415 intibulatus.

391 444 540 513 παρὰ
571 441 864 513 Ῥωμαίων
891 443 1076 498 λαϐεῖν
1107 447 1337 500 ἱκέτευε.
1372 449 1556 518 Σίμων
1580 449 1637 501 δὲ
1665 448 1965 518 μετέπειτα

390 536 717 606 συνελήφθη.
775 535 869 590 τοῦ
904 537 1066 593 Τίτου
1116 538 1400 607 διάγοντος
1451 543 1531 603 είς
1567 541 1662 610 τὴν
1690 539 1964 594 Φιλίππου

389 628 695 700 λεγομένην
729 630 1094 700 Καισάρειαν.
1127 631 1609 703 Πολιορκουμὲνων
1647 634 1755 702 γὰρ
1801 635 1965 702 Ἱερο-

387 721 665 792 σολύμων,
706 722 800 775 ἐπὶ
838 723 942 793 τῆς
974 724 1087 787 ἄνω
1128 723 1336 788 πόλεως
1373 723 1470 789 ῶν,
1521 725 1631 778 τῶν
1678 723 1966 796 Ῥωμαίων

387 813 542 876 ἐντὸς
572 814 883 884 γενομένων
908 816 1008 886 τῆς
1038 816 1263 884 πόλεως,
1296 819 1323 870 δ
1344 817 1527 888 Σίμων
1557 820 1682 882 τοὺς
1705 820 1966 873 πιστοτά-

393 921 512 969 sou;
559 907 900 977 παραλαϐὼν
935 908 1048 962 τῶν
1081 908 1270 977 φίλων,
1317 911 1411 962 καὶ
1451 909 1548 962 σὺν
1587 913 1771 974 αὐτοῖς
1823 912 1968 963 λιθο-

393 997 613 1067 τόμους,
669 998 765 1051 καὶ
822 999 915 1051 τὸν
978 999 1118 1071 πρὸς
1169 1001 1270 1071 τὴν
1330 1003 1596 1070 ἐργασίαν
1663 1005 1969 1072 ἐπιτήδειον

393 1087 601 1152 τούτοις
627 1089 866 1160 σίδηρον,
896 1092 978 1154 εἷς
1004 1109 1126 1144 τινα
1153 1093 1265 1146 τῶν
1292 1093 1580 1160 ὑπονόμων
1614 1095 1710 1147 σὺν
1739 1095 1967 1158 ἐκείνοις

388 1174 647 1245 καθίησιν
679 1178 896 1241 ἑαυτὸν,
954 1181 1050 1233 καὶ
1102 1181 1164 1234 τὸ
1199 1181 1430 1236 παλαιὸν
1457 1183 1684 1254 δρυγμα
1718 1184 1967 1253 διελθὼν,

386 1268 490 1335 τὴν
509 1268 616 1338 γῆν
641 1269 999 1341 ὑπενόμευεν,
1037 1273 1128 1327 ἵνα
1154 1275 1495 1348 πορρωτέρω
1525 1275 1882 1345 προελθόντες
1909 1278 1968 1331 ἐν

387 1359 664 1430 ἀσφαλείᾳ
714 1363 1051 1432 ποιήσωνται
1085 1365 1186 1435 τὴν
1222 1366 1500 1421 ἀνάδυσιν.
1541 1367 1752 1436 Ὀλίγον
1785 1368 1971 1438 μέντοι

385 1451 500 1502 τῶν
525 1453 963 1521 μεταλλευόντων
993 1459 1492 1529 προχωρησάντων,
1518 1461 1551 1529 ή
1573 1461 1747 1532 τροφὴ
1771 1461 1971 1526 αὐτοὺς

386 1540 725 1598 ἐπιλέλοιπε.
757 1545 890 1598 Τότε
919 1545 984 1616 δὴ
1031 1548 1261 1612 λευκοὺς
1307 1548 1552 1603 ἐνδύεται
1592 1551 1971 1620 χιτωνίσκους,

2068 463 2134 502 eo
2183 451 2236 504 in
2283 449 2406 505 loco
2452 465 2482 504 e
2531 459 2677 505 terra
2726 451 2974 514 emersit,
3025 451 3117 504 ubi
3147 451 3408 521 templum
3437 452 3642 506 dudum

2069 542 2271 595 luerat.
2321 542 2492 607 Quem
2545 541 2637 610 qui
2685 542 2963 605 viderunt,
2998 544 3237 613 primum
3266 552 3492 614 stupore
3522 559 3646 596 cor-

2069 633 2207 702 repti
2239 643 2386 696 sunt,
2420 634 2621 689 deinde
2661 635 2889 704 propius
2955 644 3331 700 accesserunt,
3362 635 3527 709 306
3555 636 3645 690 in-

2069 735 2410 796 terrogantes
2435 727 2558 796 quis
2601 729 2792 782 esset?
2831 729 3016 783 Simon
3065 742 3188 781 cum
3223 711 3419 782 ducem
3461 727 3643 782 vocari

2065 818 2339 888 jussisset,
2371 819 2665 874 Terentius
2697 820 2870 874 Rufus
2906 819 3076 882 (hunc
3101 820 3248 874 enim
3299 818 3455 872 Titus
3484 834 3644 872 exer-

2069 910 2201 964 citui
2238 911 2576 980 praefecerat)
2608 914 2931 977 accersitus,
2963 912 3268 974 Simonem,
3306 910 3495 966 audito
3525 911 3645 981 ejus

2071 1016 2345 1066 sermone,
2373 1001 2426 1056 in
2452 1003 2669 1057 vincula
2696 1003 3027 1073 conjectum,
3052 1002 3158 1056 Titi
3177 1003 3331 1072 jussu
3359 1001 3425 1055 ad
3453 1000 3645 1054 trium-

2071 1093 2240 1163 phum
2276 1095 2576 1148 asservavit
2605 1113 2618 1148 :
2663 1094 2716 1149 in
2760 1110 2890 1164 quo,
2923 1095 3121 1172 laqueo
3152 1105 3378 1158 enectus
3417 1100 3521 1157 cst,
3551 1106 3648 1161 per

2072 1187 2126 1242 id
2167 1186 2342 1250 forum
2371 1194 2601 1250 tractus,
2626 1186 2719 1242 ubi
2744 1187 2811 1243 de
2839 1187 3100 1250 maleﬁcis
3127 1187 3457 1259 supplicium
3482 1185 3650 1239 sumi-

2072 1287 2182 1334 tur.
2220 1278 2319 1333 Hic
2353 1279 2454 1333 fuit
2488 1279 2668 1334 exitus
2694 1279 2938 1334 Simonis
2981 1279 3180 1342 ϐίοι-ω.
3229 1280 3466 1334 Joannes
3491 1289 3646 1330 vero.

2072 1371 2244 1430 altera
2271 1371 2582 1426 Judzeorum
2609 1370 2771 1434 furia,
2802 1372 2866 1425 ad
2899 1381 3225 1442 perpetuum
3258 1384 3536 1425 carcerem
3563 1377 3648 1420 est

2072 1465 2385 1526 damnatus.
2446 1463 2798 1534 Captivorum
2832 1464 3129 1522 multitudo
3159 1461 3356 1538 partim
3394 1459 3458 1524 ad
3488 1457 3649 1528 IEgy-

2073 1557 2190 1628 ptia
2215 1556 2431 1620 metalla
2457 1556 2621 1612 missa
2646 1565 2750 1620 est,
2776 1554 2971 1625 partim
2997 1555 3050 1608 in
3075 1551 3404 1622 spectaculis
3425 1548 3644 1602 urbium

388 1635 488 1688 καὶ
521 1635 770 1706 χλαμύδα
793 1640 1084 1709 πορφυρᾶν
1111 1640 1649 1711 ἐμπερονησάμενος,
1686 1641 1844 1696 ἀνέδυ
1870 1645 1970 1713 τῆς

2079 1647 2388 1708 interfecta,
2444 1662 2538 1702 seu
2586 1661 2710 1701 cum
2757 1645 2910 1708 feris,
2965 1660 3062 1700 seu
3119 1645 3264 1699 inter
3301 1655 3424 1697 sese
3478 1639 3646 1693 dimi‘

387 1727 495 1796 γῆς
531 1731 655 1782 κατ’
694 1707 902 1784 ἐκεῖνον
920 1707 1020 1784 ίτδν
1053 1707 1400 1802 τόπονξὲνῷ
1429 1707 1666 1804 πρόσθεν
1711 1733 1773 1787 τὸ
1824 1707 1970 1806 ίερδν

2079 1741 2270 1796 cando.
2321 1740 2560 1795 Simonis
2587 1755 2652 1794 ex
2685 1749 2824 1794 terra
2875 1737 3113 1795 emersio
3159 1737 3212 1796 in
3249 1749 3410 1789 causa
3440 1731 3563 1797 fuit,
3592 1739 3651 1781 ut

387 1815 481 1890 ἦν.
516 1819 741 1890 Πρῶτον
775 1823 875 1891 μὲν
903 1819 998 1877 οὖν
1025 1823 1232 1894 θάμϐος
1261 1827 1375 1888 τοῖς
1412 1825 1579 1880 ἰδοῦσι
1611 1827 1973 1896 προσέπεσεν,

391 1910 515 1970 εἶτα
552 1917 601 1971 δ’
656 1919 940 1990 ἐγγυτέρω
1002 1923 1342 1990 προσιόντες,
1381 1923 1530 1985 ὅστις
1585 1921 1674 1992 εἴη
1722 1920 1974 1994 ἠρώτων.

2074 1841 2400 1887 cmterorum
2461 1833 2627 1886 etiam
2685 1830 3074 1886 seditiosorum
3130 1842 3324 1898 magna
3375 1823 3533 1879 turba
3592 1822 3647 1874 in

2073 1922 2347 1978 meatibus
2391 1922 2775 1978 inveniretur:
2837 1922 2984 1976 unde
3029 1919 3194 1975 etiam
3227 1915 3421 1988 templi
3455 1913 3653 1968 funda-

393 2008 582 2076 Σίμων
609 2009 664 2062 δὲ
698 2011 886 2066 καλεῖν
913 2013 1002 2073 τὸν
1029 2013 1267 2086 ἄρχοντα
1291 2013 1440 2084 σφῶν
1473 2013 1836 2085 προσέταττε,
1880 2014 1976 2072 καὶ

2079 2022 2258 2070 menta
2291 2023 2420 2067 sunt
2450 2012 2704 2070 sulfossa.

388 2094 496 2171 ἧκε
552 2103 776 2175 κληθεὶς
839 2108 1124 2179 Τερέντιος
1195 2108 1465 2178 Ῥοῦφος,
1522 2108 1581 2172 ὃς
1632 2107 1818 2180 ἄρχων
1872 2110 1971 2180 τῆς
2046 2110 2309 2180 στρατιᾶς
2363 2109 2793 2162 κατελέλειπτοο
2868 2101 2913 2176 ᾧ
2971 2107 3244 2179 γνωρίσας
3300 2104 3448 2166 ὅστις
3496 2096 3565 2172 ἦν
3623 2102 3651 2150 ὁ

391 2200 603 2270 Σίμων.
631 2204 964 2275 συνελήφθη,
999 2205 1090 2260 καὶ
1119 2206 1292 2271 δεθεὶς
1317 2206 1668 2276 ἐφυλάττετο.
1696 2205 1786 2278 Τιῖι
1851 2207 1907 2260 δέ
1955 2223 2019 2276 γε
2055 2207 2202 2278 Τίτῳ
2247 2209 2279 2277 ἡ
2321 2206 2582 2278 σύλληψις
2612 2205 2776 2260 αὐτοῦ
2813 2202 3079 2274 ἐδηλώθη,
3117 2204 3211 2256 καὶ
3244 2202 3272 2254 ὁ
3312 2198 3411 2272 μὲν
3449 2197 3529 2260 είς
3561 2194 3653 2256 τῖν

395 2293 666 2366 θρίαμόον
711 2284 979 2370 ἐτηρεῖτο,
1043 2300 1167 2355 καθ’
1219 2301 1279 2354 δν
1338 2300 1432 2354 καὶ
1483 2301 1728 2372 ἀνῃρέθη
1756 2301 1984 2372 ἀγχόνῃ,
2030 2300 2215 2372 συρεὶς
2271 2302 2326 2355 ἐν
2359 2304 2424 2373 τῇ
2484 2299 2620 2355 κατά
2648 2300 2744 2372 τὴν
2787 2299 3008 2370 Ῥώμην
3036 2297 3230 2368 ἀγορᾷ,
3256 2295 3388 2348 ὅπου
3417 2289 3654 2348 κτείνειν

407 2391 707 2462 Ῥωμαίοις
737 2393 974 2446 είθισται
1008 2395 1137 2457 τοὺς
1163 2395 1255 2448 ἐπὶ
1291 2395 1602 2468 κακουργίᾳ
1667 2393 2131 2464 θανατουμένους.
2197 2394 2370 2447 Τοῦτο
2443 2395 2541 2464 μὲν
2597 2389 2692 2448 οὖν
2745 2392 2940 2462 γέγονε
2997 2390 3151 2454 τέλος
3202 2385 3280 2458 τῷ
3341 2385 3434 2440 τοῦ
3470 2382 3651 2454 Γιώρα

394 2486 627 2555 Σίμωνι.
653 2485 910 2557 Ἰωάννης
939 2487 1018 2551 δὲ,
1051 2487 1272 2558 ήλοιπὴ
1305 2487 1413 2548 τῶν
1440 2487 1713 2542 Ἰουδαίων
1742 2487 1978 2557 ἐριννὺς,
2016 2486 2190 2556 δεσμὰ
2264 2486 2566 2558 κατεκρίθη
2633 2486 2878 2556 διηνεκῆ.
2939 2483 3013 2538 Τὸ
3058 2483 3116 2537 δέ
3148 2483 3256 2536 τῶν
3289 2479 3620 2550 αἰχμαλώτω

397 2579 607 2647 πλῆθος
646 2581 707 2634 τδ
740 2581 840 2650 μέν
879 2581 960 2644 είς
1026 2581 1094 2634 τὰ
1132 2580 1251 2634 κατ’
1317 2581 1594 2649 Αἴγυπτον
1638 2579 1775 2654 ἔργα
1826 2577 2050 2648 ἐστάλη,
2091 2577 2152 2631 τὸ
2208 2579 2264 2633 δὲ
2315 2581 2371 2633 ἐν
2421 2580 2542 2642 ταῖς
2592 2578 2734 2632 κατά
2761 2577 2942 2640 πόλεις
2987 2575 3340 2646 τελουμέναις
3396 2569 3654 2642 θεωρίαις

393 2673 705 2746 ἐφθείρετο.
765 2673 1230 2745 ἣθηριομαχίαις
1262 2675 1630 2744 ὲκδιδόμενον,
1802 2671 2386 2744 ἀλληλοκτονούμενον.
2464 2673 2527 2725 Ἠ
2583 2671 2641 2725 δὲ
2694 2668 2791 2725 τοῦ
2849 2671 3093 2740 Σίμωνος
3139 2668 3306 2737 γῆθεν
3374 2665 3650 2730 ἀνάδυσις,

395 2765 532 2820 πολὺ
554 2767 648 2818 καὶ
672 2764 781 2818 τῶν
809 2765 983 2818 ἄλλων
1011 2765 1350 2820 στασιαστῶν
1378 2765 1584 2836 πλῆθος
1613 2763 1970 2836 εὑρίσκεσθαι
2009 2763 2152 2824 κατά
2215 2765 2342 2828 τοὺς
2372 2762 2680 2833 ὑπονόμους
2728 2759 3008 2830 ἐποίησεν,
3041 2759 3116 2824 ὡς
3149 2757 3422 2822 ἐντεῦθεν,
3461 2758 3556 2811 καὶ
3585 2761 3654 2809 τα

394 2858 490 2912 τοῦ
524 2858 656 2912 ναοῦ
686 2859 1055 2929 ἀνορυχθῆναι
1088 2857 1336 2930 θεμέλια.

468 2955 599 3008 KZ'.
637 2954 711 3007 Οὐ
746 2953 907 3021 μόνον
930 2952 986 3008 δὲ
1015 2955 1129 3017 τοῖς
1169 2954 1228 3006 ὲν
1271 2951 1667 3026 Ἰεροσολύμοις
1696 2950 1976 3014 Ἰουδαίοις

2155 2947 2370 3006 XXVII.
2437 2948 2627 3021 Neque
2676 2963 2806 3006 vero
2854 2945 3337 3019 Hierosolymitani
3390 2943 3654 3000 duntaxat

396 3048 674 3116 ἐπήνεκτο
701 3045 966 3109 κίνδυνος,
1020 3045 1156 3102 ἀλλά
1208 3048 1304 3100 καὶ
1354 3049 1469 3109 τοῖς
1523 3047 1580 3097 ἐν
1634 3046 1755 3108 ταῖς
1785 3043 1973 3107 ἄλλαις

2081 3041 2253 3098 Judaei
2304 3041 2624 3097 discrimina
2659 3040 2971 3106 subierunt,
3013 3039 3109 3096 sed
3158 3039 3387 3095 aliarum
3434 3053 3654 3108 quoque

396 3137 611 3188 πόλεσι.
663 3135 852 3190 Πάντα
902 3135 959 3188 δὲ
1011 3135 1380 3206 διηγήσασθαι
1429 3135 1734 3206 δύσεργονο
1794 3135 1864 3188 τά
1919 3135 1976 3191 δὲ

2083 3133 2304 3190 urbium
2335 3132 2563 3188 incolat:
2603 3149 2725 3204 qua:
2759 3132 2978 3189 didit-ile
3017 3131 3182 3188 fuerit
3218 3145 3504 3186 recensere
3533 3145 3654 3183 om-

397 3229 486 3282 ἐπ’
559 3228 898 3297 Ἀντιοχείας
941 3231 1057 3290 τοῖς
1118 3227 1335 3296 ἐκείνην
1400 3227 1642 3282 οἰκοῦσιν
1701 3227 1978 3291 Ἰουδαίοις

400 3321 813 3390 συμϐεϐηκότα,
851 3320 1160 3388 διηγητέον.
1198 3320 1341 3374 Πολὺ
1375 3319 1478 3390 μὲν
1511 3320 1619 3394 γὰρ
1653 3319 1756 3374 ἀνὰ
1796 3321 1978 3373 πᾶσαν

399 3411 502 3481 τὴν
547 3411 881 3482 οἰκουμένην
921 3410 982 3464 τὸ
1036 3410 1310 3464 Ἰουδαίων
1364 3410 1519 3475 ἔθνος
1576 3412 1976 3482 κατέσπαρται,

399 3501 668 3564 πολλάκις
722 3501 1181 3572 αἰχμαλωτισθέν,
1233 3502 1309 3566 ὡς
1367 3503 1468 3574 ήδη
1521 3503 1824 3573 ἱστόρηται,
1883 3503 1979 3560 καὶ

404 3589 704 3642 σκεδασθὲν
743 3590 1022 3660 πανταχοῦ
1059 3609 1071 3622 ·
1124 3592 1378 3654 πλεῖστον
1421 3593 1476 3646 δὲ
1513 3596 1579 3664 τῇ
1615 3593 1784 3662 Συρία
1811 3593 1978 3662 ἐγκα-

400 3679 747 3750 ταμέμικται
795 3679 940 3733 κατά
981 3681 1081 3752 τὴν
1135 3682 1459 3750 γειτνίασιν,
1513 3682 1712 3754 μᾶλλον
1764 3683 1819 3738 δὲ
1868 3683 1978 3737 τῶν

400 3771 580 3825 ἄλλων
603 3771 808 3842 ταύτης
831 3770 1040 3825 πόλεων
1059 3773 1362 3841 Ἀντιόχεια
1381 3775 1666 3838 κατοίκους
1691 3774 1979 3840 Ἰουδαίους

401 3862 691 3940 ἐκέκτητο,
723 3863 810 3916 διά
840 3879 897 3915 τε
951 3863 1010 3914 τὸ
1052 3861 1153 3932 τῆς
1205 3863 1414 3926 πόλεως
1463 3863 1715 3932 μέγεθος,
1757 3867 1855 3918 καὶ
1895 3865 1979 3931 ὅτι

403 3955 538 4009 ἀδεᾶ
567 3955 668 4027 τὴν
714 3955 1038 4026 κατοίκησιν
1089 3957 1148 4008 ἐν
1208 3957 1348 4028 αὐτῇ
1402 3957 1681 4027 παρέσχον
1715 3957 1897 4022 αὐτοῖς
1928 3960 1978 4012 οἱ

404 4048 526 4117 μετ’
578 4047 855 4118 Ἀντίοχον
918 4046 1178 4116 βασιλεῖς.
1245 4047 1303 4100 Ὀ
1362 4047 1462 4117 μὲν
1524 4047 1634 4120 γὰρ
1673 4048 1981 4120 Ἐπιφανὴς

415 4140 694 4209 ’Δντίοχος
741 4139 811 4194 τά
852 4156 912 4191 τε
953 4140 1307 4210 Ἰεροσόλυμα
1333 4139 1692 4211 ἐξεπόρθησε,
1746 4141 1842 4194 καὶ
1888 4141 1980 4194 τδν

398 4231 534 4286 ναὸν
565 4233 852 4303 ἐσύλησεν.
881 4233 945 4286 Οἱ
972 4233 1028 4287 δὲ
1053 4234 1175 4304 μετ’
1199 4235 1364 4286 αὐτὸν
1391 4233 1632 4304 βασιλεῖς
1657 4233 1836 4299 ἐξίσου
1867 4236 1979 4300 τοῖς

402 4322 638 4390 Ἕλλησι
674 4324 924 4395 μετέχειν
968 4323 1068 4394 τῆς
1107 4323 1316 4388 πόλεως
1345 4324 1530 4388 αὐτοῖς
1572 4324 1978 4396 συνεχώρησαν.

2080 3226 2194 3290 nia,
2246 3242 2417 3282 unum
2467 3234 2648 3282 tamen
2691 3225 3077 3297 exponendum
3117 3233 3201 3280 est
3225 3223 3499 3295 quomodo
3528 3237 3653 3276 eum

2080 3316 2440 3374 Antiochcnis
2466 3317 2673 3375 Iudaeis
2705 3329 2885 3373 actum
2918 3317 3104 3372 fuerit.
3135 3315 3270 3371 Nam
3300 3315 3530 3370 multum
3556 3314 3656 3369 Ju-

2080 3407 2250 3463 daicte
2283 3409 2461 3480 gentis
2494 3424 2594 3478 per
2637 3416 2810 3464 totum
2857 3407 3048 3463 orbem
3092 3416 3365 3462 terrarum
3399 3412 3484 3460 est
3539 3403 3653 3457 dis-

2081 3513 2302 3570 persum
2330 3515 2349 3554 :
2389 3515 2532 3569 smpc
2584 3509 2739 3570 capta
2777 3509 2883 3565 est,
2935 3510 2988 3554 et
3034 3498 3237 3568 ubique
3277 3496 3564 3566 dissipata,
3597 3504 3657 3547 ιιι

2076 3592 2188 3662 jam
2215 3591 2570 3662 exposuimus
2599 3608 2613 3645 :
2657 3593 2891 3648 maxima
2927 3600 3108 3647 tamen
3140 3607 3266 3661 pars
3297 3589 3467 3661 Syria:
3527 3604 3656 3658 pro-

2081 3693 2204 3755 pter
2231 3685 2568 3740 vicinitatem
2599 3693 2684 3740 est
2709 3684 2980 3742 immista:
3021 3693 3076 3740 et
3101 3682 3391 3738 Antiochia
3422 3697 3548 3736 cum
3587 3683 3658 3732 ot.

2082 3776 2235 3830 urbis
2258 3776 2702 3846 amplitudinem,
2732 3785 2846 3834 tum
2881 3786 3106 3846 propter
3129 3775 3360 3830 liberam
3393 3772 3466 3826 ibi
3497 3772 3620 3826 habi

2084 3869 2234 3924 tandi
2267 3869 2600 3930 facultatem.
2634 3869 2702 3924 ab
2732 3868 2984 3923 Antiochi
3015 3863 3428 3922 successoribus
3481 3863 3654 3933 impe-

2086 3967 2302 4022 tralatu,
2344 3959 2528 4028 plures
2552 3958 2771 4013 Judzeos
2802 3956 3101 4027 inquilinos
3127 3954 3336 4020 habuit,
3360 3969 3519 4024 quant
3538 3953 3656 4007 alia:

2083 4041 2360 4114 civitates.
2409 4051 2542 4112 Nam
2578 4050 2883 4116 Antiochus
2916 4048 3231 4120 Epiphanes
3284 4046 3654 4114 Hierosolyma

2083 4143 2338 4209 Vastavit,
2390 4153 2445 4200 et
2500 4144 2760 4214 templum
2811 4141 3082 4211 spoliavit.
3115 4139 3216 4206 Qui
3253 4148 3433 4191 autent
3480 4137 3656 4190 secuti

2083 4245 2209 4289 sunt
2234 4250 2409 4306 reges,
2434 4237 2516 4290 eis
2544 4243 2957 4298 concesserunt,
2988 4240 3046 4286 ut
3073 4248 3138 4286 ex
3168 4245 3327 4301 aequo
3352 4245 3475 4286 cum
3506 4227 3656 4284 Grae—

2084 4327 2164 4382 cis
2193 4327 2486 4397 participes
2516 4327 2666 4382 urbis
2691 4335 2898 4382 essent.
2933 4325 3118 4395 Itaque
3151 4323 3204 4377 in
3236 4337 3482 4392 magnam
3517 4320 3656 4373 mul-

403 4417 501 4470 Διδ
535 4417 629 4470 καὶ
661 4419 741 4480 είς
769 4417 976 4487 πλῆθος
1009 4417 1312 4479 ἐπέδωκαν.
1348 4418 1484 4472 πολὺ
1532 4418 1736 4488 πλῆθος
1791 4419 1976 4491 Ἐλλή-

2088 4420 2379 4475 titudinem
2409 4427 2794 4484 excreverunt,
2846 4418 3034 4474 multis
3078 4415 3312 4472 subinde
3356 4413 3558 4470 Graecis
3589 4413 3654 4465 ad
3710 4460 3726 4476 ,

405 4527 517 4563 νων
546 4511 948 4580 προσαγόμενοι
979 4512 1046 4581 τῇ
1081 4507 1373 4582 θρησκείᾳ.
1423 4509 1564 4563 Καθ’
1602 4509 1662 4562 δν
1696 4509 1751 4564 δέ
1786 4512 1982 4583 καιρὸν

402 4607 434 4660 δ
475 4605 586 4658 τῶν
634 4603 1023 4676 Ἰεροσολύμων
1061 4602 1295 4672 πόλεμος
1322 4601 1618 4675 ἐξερράγη,
1653 4603 1746 4657 καὶ
1772 4604 1852 4668 εις
1882 4605 1983 4676 τὴν

402 4699 611 4770 Συρίαν
666 4697 1037 4751 κατέπλευσεν
1097 4697 1528 4762 Οὐεσπασιανὸς,
1588 4696 1650 4750 τὸ
1715 4697 1771 4751 δὲ
1827 4699 1984 4769 μῖσος

405 4791 555 4844 κατὰ
583 4789 677 4844 τοῦ
707 4789 900 4856 ἔθνους
929 4787 1081 4859 παρὰ
1121 4789 1288 4841 πᾶσιν
1329 4787 1567 4860 ἤκμαζε,
1613 4789 1736 4842 τότε
1780 4788 1844 4855 δή
1897 4807 1981 4854 τις

415 4882 676 4946 Ἰουδαῖος
705 4883 1001 4952 Ἀντίοχος,
1053 4881 1168 4946 υίὸς
1217 4880 1325 4934 τῶν
1373 4882 1458 4934 ἐπ’
1487 4880 1818 4951 Ἀντιοχείας
1845 4883 1983 4937 Ἰου-

403 4975 577 5030 δαίων
604 4975 698 5032 τοῦ
733 4975 975 5046 πρώτου,
1037 4976 1116 5038 είς
1167 4971 1258 5030 τδν
1305 4972 1477 5044 δῆμον
1528 4973 1634 5027 τῶν
1665 4975 1984 5045 Ἀντιοχέων

406 5065 722 5138 παρελθὼν,
763 5067 1063 5139 κατηγόρει
1113 5064 1213 5135 μὲν
1261 5064 1355 5118 τοῦ
1398 5064 1627 5134 πατρὸς,
1685 5067 1985 5136 κατηγόρει

405 5159 468 5212 δέ
497 5160 592 5212 καὶ
638 5157 748 5210 τῶν
785 5156 993 5210 λοιπῶν
1038 5155 1333 5219 Ἰουδαίων,
1370 5154 1456 5208 ὅτι
1492 5157 1852 5227 καταπρῆσαι
1881 5159 1982 5227 τὴν

411 5249 574 5303 πόλιν
602 5248 826 5304 ἃπασαν
869 5246 1286 5310 ἐϐουλεύσαντο,
1321 5245 1415 5300 καὶ
1458 5247 1747 5316 παρεδίδου
1802 5247 1987 5311 ξένους

421 5342 714 5404 Ἰουδαίους
743 5341 894 5402 τινὰς
923 5340 996 5404 ὡς
1033 5338 1128 5393 τοῦ
1169 5339 1536 5409 βουλεύματος
1569 5339 1881 5402 κοινωνούς.
1911 5340 1985 5392 Τὸ

407 5433 469 5486 δὲ
493 5432 603 5486 τῶν
628 5433 950 5505 Ἀντιοχέων
974 5430 1267 5504 δημοτικὸν
1288 5431 1416 5494 τοὺς
1449 5431 1546 5501 μὲν
1578 5431 1987 5502 παραδοθέντας

408 5525 609 5580 αὐτίκα
651 5526 1019 5590 κατέκαυσαν,
1068 5525 1210 5578 κατὰ
1248 5525 1306 5579 δὲ
1359 5525 1468 5579 τῶν
1502 5523 1803 5594 αὐθιγενῶν
1851 5524 1988 5577 ἰου-

409 5618 576 5678 δαίων
611 5617 867 5689 ὥρμηντο
893 5616 1171 5680 κάκείνους
1193 5617 1657 5690 τιμωρησόμενοι.
1701 5617 1759 5670 ’0
1787 5616 1844 5671 δέ
1873 5616 1985 5672 τῶν

415 5710 706 5770 όμοτύλων
767 5710 1070 5774 κατήνορος
1145 5709 1451 5776 ’Λντίογος,
1527 5709 1837 5774 ἀποστῆναι
1888 5710 1987 5774 τῆς

2087 4526 2242 4566 suam
2277 4511 2590 4582 religionem
2625 4509 2925 4580 perductis.
2954 4508 3224 4565 Caeterum
3273 4521 3383 4576 quo
3412 4515 3658 4574 tempore

2085 4605 2291 4658 bellum
2342 4604 2898 4675 Hierosolymitanum
2952 4601 3156 4671 erupit,
3189 4611 3244 4656 et
3295 4597 3660 4666 Vespasianus

2088 4697 2142 4750 itt
2173 4696 2326 4767 Syria
2361 4697 2592 4767 appulit,
2632 4695 2890 4751 omnibus
2917 4693 3230 4750 Iudaeorum
3263 4691 3391 4746 οιιὶο
3431 4691 3662 4757 ﬂagrat:-

2087 4789 2234 4845 tibus
2261 4807 2273 4842 :
2320 4799 2450 4844 tunc
2480 4788 2704 4848 Judazus
2737 4787 2960 4857 quidam
2987 4786 3313 4847 Antiochus,
3344 4786 3660 4844 Juda‘orum

2087 4881 2596 4936 Anthiochenorum
2625 4880 2888 4951 principis
2925 4880 3090 4940 filius.
3126 4880 3178 4933 in
3207 4879 3528 4935 concionem
3553 4878 3662 4930 An-

2088 4973 2468 5028 tiochenorum
2501 4988 2842 5044 progressus,
2882 4981 2938 5026 et
2976 4980 3189 5043 patrem
3220 4981 3278 5026 et
3308 4978 3534 5026 caeteros
3559 4971 3658 5023 Ju-

2089 5066 2235 5122 daeos
2265 5066 2563 5129 accusavit,
2599 5053 2694 5121 ρος
2734 5067 2792 5121 ie
2826 5066 3166 5122 incendenda
3212 5075 3323 5120 tota
3355 5064 3490 5118 urbe
3516 5062 3655 5116 deli«

2087 5161 2353 5216 berasse:
2392 5169 2448 5214 et
2489 5158 2810 5229 peregrinos
2837 5159 3102 5224 quosdam
3145 5159 3384 5219 Iudaeos.
3431 5164 3492 5210 ut
3540 5154 3663 5224 ejm‘

2091 5249 2306 5306 consilii
2340 5249 2612 5315 conscios,
2652 5250 2896 5305 tradidit.
2933 5251 3093 5306 Plebs
3121 5249 3456 5304 Antiochena
3487 5245 3661 5300 tradi-

2091 5350 2176 5394 tos
2199 5339 2416 5396 Jttdaaos
2441 5339 2600 5414 307
2635 5340 2820 5394 statim
2851 5340 3079 5402 exussit,
3108 5339 3173 5392 ad
3207 5337 3488 5406 indigenas
3516 5347 3659 5400 quo-

2091 5447 2198 5500 que
2247 5431 2464 5486 Iudaeos
2513 5432 2818 5500 puniendos
2862 5432 3157 5486 concitata.
3208 5429 3312 5483 Sed
3357 5424 3659 5480 Antiochus

2089 5523 2432 5594 popularium
2468 5539 2693 5578 suorum
2745 5532 3053 5586 accusator,
3089 5537 3147 5578 se
3171 5519 3402 5590 patriam
3435 5516 3659 5586 religio-

2088 5625 2214 5670 nem
2255 5615 2540 5682 reliquisse
2575 5615 2869 5684 professus.
2905 5629 3057 5669 more
3083 5613 3268 5668 Grzeco
3311 5609 3613 5664 immolavit
3639 5621 3660 5660 .'

2089 5717 2142 5761 ct
2182 5707 2442 5774 populum
2486 5707 2740 5762 hortatus
2786 5716 2891 5771 est,
2935 5715 2996 5763 ut
3045 5713 3272 5761 caeteros
3314 5701 3476 5760 etiam
3517 5702 3662 5758 idem
