  <div class='ocr_page' id='page_1' title='image "/cluster/home/n/w/nwhite01/storage/ocr_20150623/134/hvd.32044073502510/275.png"; bbox 0 0 3882 6192; ppageno 0'>
   <div class='ocr_carea' id='block_1_1' title="bbox 411 309 521 375">
    <p class='ocr_par' dir='ltr' id='par_1_1' title="bbox 411 309 521 375">
     <span class='ocr_line' id='line_1_1' title="bbox 411 309 521 375; baseline -0.018 0"><span class='ocrx_word' id='word_1_1' title='bbox 411 309 521 375; x_wconf 77' lang='grc'><strong>535</strong></span> 
     </span>
    </p>
   </div>
   <div class='ocr_carea' id='block_1_2' title="bbox 1662 314 2388 381">
    <p class='ocr_par' dir='ltr' id='par_1_2' title="bbox 1662 314 2388 381">
     <span class='ocr_line' id='line_1_2' title="bbox 1662 314 2388 381; baseline -0.01 0"><span class='ocrx_word' id='word_1_2' title='bbox 1662 370 1677 381; x_wconf 87' lang='grc'><strong>.</strong></span> <span class='ocrx_word' id='word_1_3' title='bbox 1705 314 2029 378; x_wconf 76' lang='lat' dir='ltr'><strong>JUANNIS</strong></span> <span class='ocrx_word' id='word_1_4' title='bbox 2067 314 2388 375; x_wconf 68' lang='grc' dir='ltr'><strong>ΖΟΝᾹΒᾸΞ</strong></span> 
     </span>
    </p>
   </div>
   <div class='ocr_carea' id='block_1_3' title="bbox 3543 309 3645 371">
    <p class='ocr_par' dir='ltr' id='par_1_3' title="bbox 3543 309 3645 371">
     <span class='ocr_line' id='line_1_3' title="bbox 3543 309 3645 371; baseline -0.01 0"><span class='ocrx_word' id='word_1_5' title='bbox 3543 309 3645 371; x_wconf 73' lang='lat'><strong>536</strong></span> 
     </span>
    </p>
   </div>
   <div class='ocr_carea' id='block_1_4' title="bbox 412 425 1975 512">
    <p class='ocr_par' dir='ltr' id='par_1_4' title="bbox 412 429 1975 512">
     <span class='ocr_line' id='line_1_4' title="bbox 412 429 1975 512; baseline 0.001 -27"><span class='ocrx_word' id='word_1_6' title='bbox 412 432 592 485; x_wconf 79' lang='lat' dir='ltr'><strong>facere</strong></span> <span class='ocrx_word' id='word_1_7' title='bbox 620 437 860 512; x_wconf 73' lang='lat' dir='ltr'><strong>cogeret.</strong></span> <span class='ocrx_word' id='word_1_8' title='bbox 910 429 1047 485; x_wconf 78' lang='lat' dir='ltr'><strong>Nam</strong></span> <span class='ocrx_word' id='word_1_9' title='bbox 1082 430 1154 487; x_wconf 86' lang='lat' dir='ltr'><strong>ita</strong></span> <span class='ocrx_word' id='word_1_10' title='bbox 1185 429 1534 487; x_wconf 70' lang='lat' dir='ltr'><strong>insidiatores</strong></span> <span class='ocrx_word' id='word_1_11' title='bbox 1576 431 1975 502; x_wconf 84' lang='lat' dir='ltr'><strong>deprehensum</strong></span> 
     </span>
    </p>
   </div>
   <div class='ocr_carea' id='block_1_5' title="bbox 2080 425 3646 512">
    <p class='ocr_par' dir='ltr' id='par_1_5' title="bbox 2087 425 3646 504">
     <span class='ocr_line' id='line_1_5' title="bbox 2087 425 3646 504; baseline -0.003 -21"><span class='ocrx_word' id='word_1_12' title='bbox 2087 431 2318 499; x_wconf 84' lang='grc' dir='ltr'><strong>πατρίου</strong></span> <span class='ocrx_word' id='word_1_13' title='bbox 2348 430 2523 498; x_wconf 84' lang='grc' dir='ltr'><strong>λέγων</strong></span> <span class='ocrx_word' id='word_1_14' title='bbox 2574 429 2896 504; x_wconf 74' lang='grc' dir='ltr'><strong>θρησκείας,</strong></span> <span class='ocrx_word' id='word_1_15' title='bbox 2956 428 3146 482; x_wconf 75' lang='grc' dir='ltr'><strong>ἔθυσεν</strong></span> <span class='ocrx_word' id='word_1_16' title='bbox 3205 425 3281 490; x_wconf 78' lang='grc' dir='ltr'><strong>ὡς</strong></span> <span class='ocrx_word' id='word_1_17' title='bbox 3334 425 3498 496; x_wconf 68' lang='grc' dir='ltr'><strong>νόμοι</strong></span> <span class='ocrx_word' id='word_1_18' title='bbox 3540 430 3646 490; x_wconf 81' lang='grc' dir='ltr'><strong>τοῖς</strong></span> 
     </span>
    </p>
   </div>
   <div class='ocr_carea' id='block_1_6' title="bbox 411 521 1977 596">
    <p class='ocr_par' dir='ltr' id='par_1_6' title="bbox 411 521 1977 596">
     <span class='ocr_line' id='line_1_6' title="bbox 411 521 1977 596; baseline 0.001 -18"><span class='ocrx_word' id='word_1_19' title='bbox 411 524 504 584; x_wconf 90' lang='lat' dir='ltr'><strong>iri,</strong></span> <span class='ocrx_word' id='word_1_20' title='bbox 549 522 593 576; x_wconf 80' lang='lat' dir='ltr'><strong>si</strong></span> <span class='ocrx_word' id='word_1_21' title='bbox 644 521 968 592; x_wconf 85' lang='lat' dir='ltr'><strong>religionem</strong></span> <span class='ocrx_word' id='word_1_22' title='bbox 1002 538 1155 578; x_wconf 82' lang='lat' dir='ltr'><strong>suam</strong></span> <span class='ocrx_word' id='word_1_23' title='bbox 1199 525 1412 595; x_wconf 88' lang='lat' dir='ltr'><strong>ejerare</strong></span> <span class='ocrx_word' id='word_1_24' title='bbox 1457 524 1686 580; x_wconf 87' lang='lat' dir='ltr'><strong>nollent.</strong></span> <span class='ocrx_word' id='word_1_25' title='bbox 1733 524 1867 596; x_wconf 84' lang='lat' dir='ltr'><strong>Ejus</strong></span> <span class='ocrx_word' id='word_1_26' title='bbox 1897 526 1977 581; x_wconf 90' lang='lat' dir='ltr'><strong>rei</strong></span> 
     </span>
    </p>
   </div>
   <div class='ocr_carea' id='block_1_7' title="bbox 409 615 1980 688">
    <p class='ocr_par' dir='ltr' id='par_1_7' title="bbox 409 615 1980 688">
     <span class='ocr_line' id='line_1_7' title="bbox 409 615 1980 688; baseline 0.003 -19"><span class='ocrx_word' id='word_1_27' title='bbox 409 631 535 670; x_wconf 90' lang='lat' dir='ltr'><strong>cum</strong></span> <span class='ocrx_word' id='word_1_28' title='bbox 562 615 887 671; x_wconf 81' lang='lat' dir='ltr'><strong>Autiocbeni</strong></span> <span class='ocrx_word' id='word_1_29' title='bbox 936 616 1239 686; x_wconf 90' lang='lat' dir='ltr'><strong>periculum</strong></span> <span class='ocrx_word' id='word_1_30' title='bbox 1285 617 1565 686; x_wconf 91' lang='lat' dir='ltr'><strong>fecissent,</strong></span> <span class='ocrx_word' id='word_1_31' title='bbox 1611 618 1769 688; x_wconf 83' lang='lat' dir='ltr'><strong>pauci</strong></span> <span class='ocrx_word' id='word_1_32' title='bbox 1799 633 1980 674; x_wconf 85' lang='lat' dir='ltr'><strong>cesse-</strong></span> 
     </span>
    </p>
   </div>
   <div class='ocr_carea' id='block_1_8' title="bbox 411 708 1977 781">
    <p class='ocr_par' dir='ltr' id='par_1_8' title="bbox 411 708 1977 781">
     <span class='ocr_line' id='line_1_8' title="bbox 411 708 1977 781; baseline 0.003 -18"><span class='ocrx_word' id='word_1_33' title='bbox 411 718 580 763; x_wconf 81' lang='lat' dir='ltr'><strong>runt:</strong></span> <span class='ocrx_word' id='word_1_34' title='bbox 622 709 718 780; x_wconf 88' lang='lat' dir='ltr'><strong>qui</strong></span> <span class='ocrx_word' id='word_1_35' title='bbox 752 708 1001 766; x_wconf 68' lang='lat' dir='ltr'><strong>Graecum</strong></span> <span class='ocrx_word' id='word_1_36' title='bbox 1048 712 1214 766; x_wconf 90' lang='lat' dir='ltr'><strong>ritum</strong></span> <span class='ocrx_word' id='word_1_37' title='bbox 1261 712 1643 781; x_wconf 88' lang='lat' dir='ltr'><strong>repudiarunt,</strong></span> <span class='ocrx_word' id='word_1_38' title='bbox 1702 710 1977 768; x_wconf 72' lang='lat' dir='ltr'><strong>interfecti</strong></span> 
     </span>
    </p>
   </div>
   <div class='ocr_carea' id='block_1_9' title="bbox 408 802 1977 860">
    <p class='ocr_par' dir='ltr' id='par_1_9' title="bbox 408 802 1977 860">
     <span class='ocr_line' id='line_1_9' title="bbox 408 802 1977 860; baseline 0 -1"><span class='ocrx_word' id='word_1_39' title='bbox 408 811 558 859; x_wconf 55' lang='lat' dir='ltr'><strong>sunt.</strong></span> <span class='ocrx_word' id='word_1_40' title='bbox 607 802 756 857; x_wconf 86' lang='lat' dir='ltr'><strong>Idem</strong></span> <span class='ocrx_word' id='word_1_41' title='bbox 790 803 1093 858; x_wconf 84' lang='lat' dir='ltr'><strong>Antiochus</strong></span> <span class='ocrx_word' id='word_1_42' title='bbox 1142 803 1411 860; x_wconf 83' lang='lat' dir='ltr'><strong>militibus</strong></span> <span class='ocrx_word' id='word_1_43' title='bbox 1442 803 1609 859; x_wconf 88' lang='lat' dir='ltr'><strong>etiam</strong></span> <span class='ocrx_word' id='word_1_44' title='bbox 1649 820 1679 858; x_wconf 90' lang='lat' dir='ltr'><strong>a</strong></span> <span class='ocrx_word' id='word_1_45' title='bbox 1729 805 1977 859; x_wconf 80' lang='lat' dir='ltr'><strong>Romano</strong></span> 
     </span>
    </p>
   </div>
   <div class='ocr_carea' id='block_1_10' title="bbox 410 894 1978 966">
    <p class='ocr_par' dir='ltr' id='par_1_10' title="bbox 410 894 1978 966">
     <span class='ocr_line' id='line_1_10' title="bbox 410 894 1978 966; baseline 0.001 -17"><span class='ocrx_word' id='word_1_46' title='bbox 410 894 643 964; x_wconf 70' lang='lat' dir='ltr'><strong>pneside</strong></span> <span class='ocrx_word' id='word_1_47' title='bbox 676 896 938 965; x_wconf 75' lang='lat' dir='ltr'><strong>acceptis,</strong></span> <span class='ocrx_word' id='word_1_48' title='bbox 967 911 1169 952; x_wconf 70' lang='lat' dir='ltr'><strong>saevum</strong></span> <span class='ocrx_word' id='word_1_49' title='bbox 1217 912 1276 952; x_wconf 87' lang='lat' dir='ltr'><strong>se</strong></span> <span class='ocrx_word' id='word_1_50' title='bbox 1310 895 1667 966; x_wconf 82' lang='lat' dir='ltr'><strong>popularibus</strong></span> <span class='ocrx_word' id='word_1_51' title='bbox 1692 896 1808 951; x_wconf 84' lang='lat' dir='ltr'><strong>suis</strong></span> <span class='ocrx_word' id='word_1_52' title='bbox 1837 912 1978 966; x_wconf 63' lang='lat' dir='ltr'><strong>prre-</strong></span> 
     </span>
    </p>
   </div>
   <div class='ocr_carea' id='block_1_11' title="bbox 408 982 1976 1057">
    <p class='ocr_par' dir='ltr' id='par_1_11' title="bbox 408 982 1976 1057">
     <span class='ocr_line' id='line_1_11' title="bbox 408 982 1976 1057; baseline 0.001 -18"><span class='ocrx_word' id='word_1_53' title='bbox 408 984 550 1051; x_wconf 88' lang='lat' dir='ltr'><strong>buit,</strong></span> <span class='ocrx_word' id='word_1_54' title='bbox 603 982 778 1040; x_wconf 91' lang='lat' dir='ltr'><strong>otium</strong></span> <span class='ocrx_word' id='word_1_55' title='bbox 823 984 933 1040; x_wconf 89' lang='lat' dir='ltr'><strong>diei</strong></span> <span class='ocrx_word' id='word_1_56' title='bbox 986 987 1204 1056; x_wconf 86' lang='lat' dir='ltr'><strong>septimi</strong></span> <span class='ocrx_word' id='word_1_57' title='bbox 1248 1001 1345 1042; x_wconf 83' lang='lat' dir='ltr'><strong>eos</strong></span> <span class='ocrx_word' id='word_1_58' title='bbox 1378 1002 1540 1057; x_wconf 80' lang='lat' dir='ltr'><strong>agere</strong></span> <span class='ocrx_word' id='word_1_59' title='bbox 1594 1002 1703 1041; x_wconf 92' lang='lat' dir='ltr'><strong>non</strong></span> <span class='ocrx_word' id='word_1_60' title='bbox 1759 1001 1976 1056; x_wconf 87' lang='lat' dir='ltr'><strong>passus,</strong></span> 
     </span>
    </p>
   </div>
   <div class='ocr_carea' id='block_1_12' title="bbox 406 1074 1975 1145">
    <p class='ocr_par' dir='ltr' id='par_1_12' title="bbox 406 1074 1975 1145">
     <span class='ocr_line' id='line_1_12' title="bbox 406 1074 1975 1145; baseline -0.001 -15"><span class='ocrx_word' id='word_1_61' title='bbox 406 1089 583 1145; x_wconf 88' lang='lat' dir='ltr'><strong>eoque</strong></span> <span class='ocrx_word' id='word_1_62' title='bbox 619 1075 964 1130; x_wconf 78' lang='lat' dir='ltr'><strong>necessitatis</strong></span> <span class='ocrx_word' id='word_1_63' title='bbox 991 1075 1223 1145; x_wconf 86' lang='lat' dir='ltr'><strong>redegit,</strong></span> <span class='ocrx_word' id='word_1_64' title='bbox 1255 1084 1315 1130; x_wconf 88' lang='lat' dir='ltr'><strong>ut</strong></span> <span class='ocrx_word' id='word_1_65' title='bbox 1344 1074 1563 1130; x_wconf 86' lang='lat' dir='ltr'><strong>Sabhati</strong></span> <span class='ocrx_word' id='word_1_66' title='bbox 1597 1074 1833 1145; x_wconf 86' lang='lat' dir='ltr'><strong>ignavia,</strong></span> <span class='ocrx_word' id='word_1_67' title='bbox 1866 1089 1975 1128; x_wconf 92' lang='lat' dir='ltr'><strong>non</strong></span> 
     </span>
    </p>
   </div>
   <div class='ocr_carea' id='block_1_13' title="bbox 405 1165 1978 1240">
    <p class='ocr_par' dir='ltr' id='par_1_13' title="bbox 405 1165 1978 1240">
     <span class='ocr_line' id='line_1_13' title="bbox 405 1165 1978 1240; baseline 0.001 -17"><span class='ocrx_word' id='word_1_68' title='bbox 405 1165 714 1224; x_wconf 68' lang='lat' dir='ltr'><strong>Antiochia:</strong></span> <span class='ocrx_word' id='word_1_69' title='bbox 760 1167 1047 1233; x_wconf 81' lang='lat' dir='ltr'><strong>duntaxat,</strong></span> <span class='ocrx_word' id='word_1_70' title='bbox 1095 1169 1191 1225; x_wconf 88' lang='lat' dir='ltr'><strong>sed</strong></span> <span class='ocrx_word' id='word_1_71' title='bbox 1228 1168 1284 1223; x_wconf 91' lang='lat' dir='ltr'><strong>in</strong></span> <span class='ocrx_word' id='word_1_72' title='bbox 1314 1169 1439 1225; x_wconf 84' lang='lat' dir='ltr'><strong>aliis</strong></span> <span class='ocrx_word' id='word_1_73' title='bbox 1489 1184 1709 1240; x_wconf 90' lang='lat' dir='ltr'><strong>quoque</strong></span> <span class='ocrx_word' id='word_1_74' title='bbox 1746 1169 1978 1224; x_wconf 86' lang='lat' dir='ltr'><strong>urbibus</strong></span> 
     </span>
    </p>
   </div>
   <div class='ocr_carea' id='block_1_14' title="bbox 408 1258 1972 1332">
    <p class='ocr_par' dir='ltr' id='par_1_14' title="bbox 408 1258 1972 1332">
     <span class='ocr_line' id='line_1_14' title="bbox 408 1258 1972 1332; baseline 0.001 -18"><span class='ocrx_word' id='word_1_75' title='bbox 408 1258 474 1314; x_wconf 91' lang='lat' dir='ltr'><strong>ad</strong></span> <span class='ocrx_word' id='word_1_76' title='bbox 510 1270 727 1330; x_wconf 83' lang='lat' dir='ltr'><strong>tempus</strong></span> <span class='ocrx_word' id='word_1_77' title='bbox 762 1260 1141 1332; x_wconf 76' lang='lat' dir='ltr'><strong>abrogaretur.</strong></span> <span class='ocrx_word' id='word_1_78' title='bbox 1168 1261 1358 1332; x_wconf 87' lang='lat' dir='ltr'><strong>Neque</strong></span> <span class='ocrx_word' id='word_1_79' title='bbox 1383 1278 1514 1319; x_wconf 83' lang='lat' dir='ltr'><strong>vero</strong></span> <span class='ocrx_word' id='word_1_80' title='bbox 1546 1262 1662 1318; x_wconf 68' lang='lat' dir='ltr'><strong>haec</strong></span> <span class='ocrx_word' id='word_1_81' title='bbox 1688 1263 1972 1317; x_wconf 75' lang='lat' dir='ltr'><strong>duntaxat.</strong></span> 
     </span>
    </p>
   </div>
   <div class='ocr_carea' id='block_1_15' title="bbox 405 1352 1977 1419">
    <p class='ocr_par' dir='ltr' id='par_1_15' title="bbox 405 1352 1977 1419">
     <span class='ocr_line' id='line_1_15' title="bbox 405 1352 1977 1419; baseline 0 -11"><span class='ocrx_word' id='word_1_82' title='bbox 405 1352 770 1409; x_wconf 81' lang='lat' dir='ltr'><strong>Antiochenis</strong></span> <span class='ocrx_word' id='word_1_83' title='bbox 797 1352 1000 1410; x_wconf 78' lang='lat' dir='ltr'><strong>Judaeis</strong></span> <span class='ocrx_word' id='word_1_84' title='bbox 1035 1354 1381 1419; x_wconf 84' lang='lat' dir='ltr'><strong>acciderunt,</strong></span> <span class='ocrx_word' id='word_1_85' title='bbox 1407 1353 1502 1410; x_wconf 89' lang='lat' dir='ltr'><strong>sed</strong></span> <span class='ocrx_word' id='word_1_86' title='bbox 1532 1362 1589 1410; x_wconf 89' lang='lat' dir='ltr'><strong>et</strong></span> <span class='ocrx_word' id='word_1_87' title='bbox 1620 1355 1724 1409; x_wconf 84' lang='lat' dir='ltr'><strong>alia</strong></span> <span class='ocrx_word' id='word_1_88' title='bbox 1752 1353 1977 1411; x_wconf 85' lang='lat' dir='ltr'><strong>calami-</strong></span> 
     </span>
    </p>
   </div>
   <div class='ocr_carea' id='block_1_16' title="bbox 408 1444 1973 1517">
    <p class='ocr_par' dir='ltr' id='par_1_16' title="bbox 408 1444 1973 1517">
     <span class='ocr_line' id='line_1_16' title="bbox 408 1444 1973 1517; baseline 0 -16"><span class='ocrx_word' id='word_1_89' title='bbox 408 1458 492 1501; x_wconf 85' lang='lat' dir='ltr'><strong>tas</strong></span> <span class='ocrx_word' id='word_1_90' title='bbox 534 1444 784 1502; x_wconf 76' lang='lat' dir='ltr'><strong>accessit.</strong></span> <span class='ocrx_word' id='word_1_91' title='bbox 815 1445 1031 1502; x_wconf 83' lang='lat' dir='ltr'><strong>Accidit</strong></span> <span class='ocrx_word' id='word_1_92' title='bbox 1084 1456 1143 1501; x_wconf 89' lang='lat' dir='ltr'><strong>ut</strong></span> <span class='ocrx_word' id='word_1_93' title='bbox 1187 1446 1514 1517; x_wconf 87' lang='lat' dir='ltr'><strong>quadratum</strong></span> <span class='ocrx_word' id='word_1_94' title='bbox 1572 1445 1726 1501; x_wconf 87' lang='lat' dir='ltr'><strong>urbis</strong></span> <span class='ocrx_word' id='word_1_95' title='bbox 1772 1445 1973 1510; x_wconf 83' lang='lat' dir='ltr'><strong>forum,</strong></span> 
     </span>
    </p>
   </div>
   <div class='ocr_carea' id='block_1_17' title="bbox 408 1535 1976 1608">
    <p class='ocr_par' dir='ltr' id='par_1_17' title="bbox 408 1535 1976 1608">
     <span class='ocr_line' id='line_1_17' title="bbox 408 1535 1976 1608; baseline 0.001 -18"><span class='ocrx_word' id='word_1_96' title='bbox 408 1535 777 1607; x_wconf 69' lang='lat' dir='ltr'><strong>praetorisque</strong></span> <span class='ocrx_word' id='word_1_97' title='bbox 807 1545 863 1592; x_wconf 87' lang='lat' dir='ltr'><strong>et</strong></span> <span class='ocrx_word' id='word_1_98' title='bbox 892 1536 1095 1591; x_wconf 88' lang='lat' dir='ltr'><strong>tablina</strong></span> <span class='ocrx_word' id='word_1_99' title='bbox 1128 1544 1529 1600; x_wconf 87' lang='lat' dir='ltr'><strong>cremarentur,</strong></span> <span class='ocrx_word' id='word_1_100' title='bbox 1555 1537 1712 1608; x_wconf 83' lang='lat' dir='ltr'><strong>cujus</strong></span> <span class='ocrx_word' id='word_1_101' title='bbox 1733 1535 1976 1593; x_wconf 89' lang='lat' dir='ltr'><strong>incendii</strong></span> 
     </span>
    </p>
   </div>
   <div class='ocr_carea' id='block_1_18' title="bbox 407 1626 1975 1695">
    <p class='ocr_par' dir='ltr' id='par_1_18' title="bbox 407 1626 1975 1695">
     <span class='ocr_line' id='line_1_18' title="bbox 407 1626 1975 1695; baseline 0 -13"><span class='ocrx_word' id='word_1_102' title='bbox 407 1628 550 1683; x_wconf 89' lang='lat' dir='ltr'><strong>idem</strong></span> <span class='ocrx_word' id='word_1_103' title='bbox 585 1626 894 1685; x_wconf 85' lang='lat' dir='ltr'><strong>Antiochus</strong></span> <span class='ocrx_word' id='word_1_104' title='bbox 939 1627 1159 1683; x_wconf 73' lang='lat' dir='ltr'><strong>Judzeos</strong></span> <span class='ocrx_word' id='word_1_105' title='bbox 1200 1626 1633 1695; x_wconf 84' lang='lat' dir='ltr'><strong>criminabatur;</strong></span> <span class='ocrx_word' id='word_1_106' title='bbox 1674 1636 1732 1682; x_wconf 89' lang='lat' dir='ltr'><strong>et</strong></span> <span class='ocrx_word' id='word_1_107' title='bbox 1778 1627 1975 1683; x_wconf 86' lang='lat' dir='ltr'><strong>Antio-</strong></span> 
     </span>
    </p>
   </div>
   <div class='ocr_carea' id='block_1_19' title="bbox 402 1718 1977 1791">
    <p class='ocr_par' dir='ltr' id='par_1_19' title="bbox 402 1718 1977 1791">
     <span class='ocr_line' id='line_1_19' title="bbox 402 1718 1977 1791; baseline 0.001 -18"><span class='ocrx_word' id='word_1_108' title='bbox 402 1719 612 1774; x_wconf 87' lang='lat' dir='ltr'><strong>eheuos</strong></span> <span class='ocrx_word' id='word_1_109' title='bbox 625 1718 740 1791; x_wconf 86' lang='lat' dir='ltr'><strong>jam</strong></span> <span class='ocrx_word' id='word_1_110' title='bbox 771 1726 897 1773; x_wconf 85' lang='lat' dir='ltr'><strong>ante</strong></span> <span class='ocrx_word' id='word_1_111' title='bbox 931 1719 1071 1773; x_wconf 88' lang='lat' dir='ltr'><strong>male</strong></span> <span class='ocrx_word' id='word_1_112' title='bbox 1104 1723 1467 1787; x_wconf 74' lang='lat' dir='ltr'><strong>suspicantes,</strong></span> <span class='ocrx_word' id='word_1_113' title='bbox 1501 1728 1695 1775; x_wconf 91' lang='lat' dir='ltr'><strong>contra</strong></span> <span class='ocrx_word' id='word_1_114' title='bbox 1717 1734 1813 1775; x_wconf 86' lang='lat' dir='ltr'><strong>eos</strong></span> <span class='ocrx_word' id='word_1_115' title='bbox 1843 1734 1977 1775; x_wconf 79' lang='lat' dir='ltr'><strong>con-</strong></span> 
     </span>
    </p>
   </div>
   <div class='ocr_carea' id='block_1_20' title="bbox 2084 518 3647 593">
    <p class='ocr_par' dir='ltr' id='par_1_20' title="bbox 2084 518 3647 593">
     <span class='ocr_line' id='line_1_20' title="bbox 2084 518 3647 593; baseline 0.001 -18"><span class='ocrx_word' id='word_1_116' title='bbox 2084 518 2332 592; x_wconf 84' lang='grc' dir='ltr'><strong>Ἕλλησι,</strong></span> <span class='ocrx_word' id='word_1_117' title='bbox 2365 520 2597 593; x_wconf 71' lang='grc' dir='ltr'><strong>παρῄνει</strong></span> <span class='ocrx_word' id='word_1_118' title='bbox 2641 522 2699 581; x_wconf 76' lang='grc' dir='ltr'><strong>δὲ</strong></span> <span class='ocrx_word' id='word_1_119' title='bbox 2729 524 2822 576; x_wconf 74' lang='grc' dir='ltr'><strong>καὶ</strong></span> <span class='ocrx_word' id='word_1_120' title='bbox 2860 523 2988 586; x_wconf 71' lang='grc' dir='ltr'><strong>τοὺς</strong></span> <span class='ocrx_word' id='word_1_121' title='bbox 3024 521 3220 584; x_wconf 71' lang='grc' dir='ltr'><strong>ἄλλους</strong></span> <span class='ocrx_word' id='word_1_122' title='bbox 3254 523 3426 575; x_wconf 79' lang='grc' dir='ltr'><strong>ποιεῖν</strong></span> <span class='ocrx_word' id='word_1_123' title='bbox 3451 522 3647 590; x_wconf 81' lang='grc' dir='ltr'><strong>ὁμοίως</strong></span> 
     </span>
    </p>
   </div>
   <div class='ocr_carea' id='block_1_21' title="bbox 2083 611 3650 684">
    <p class='ocr_par' dir='ltr' id='par_1_21' title="bbox 2083 611 3650 684">
     <span class='ocr_line' id='line_1_21' title="bbox 2083 611 3650 684; baseline -0.001 -17"><span class='ocrx_word' id='word_1_124' title='bbox 2083 613 2368 684; x_wconf 75' lang='grc' dir='ltr'><strong>βιάζεσθαι</strong></span> <span class='ocrx_word' id='word_1_125' title='bbox 2399 629 2415 645; x_wconf 87' lang='grc'><strong>·</strong></span> <span class='ocrx_word' id='word_1_126' title='bbox 2453 613 2671 667; x_wconf 71' lang='grc' dir='ltr'><strong>ἔσεσθαι</strong></span> <span class='ocrx_word' id='word_1_127' title='bbox 2711 613 2820 683; x_wconf 81' lang='grc' dir='ltr'><strong>γὰρ</strong></span> <span class='ocrx_word' id='word_1_128' title='bbox 2872 612 3142 683; x_wconf 71' lang='grc' dir='ltr'><strong>φανεροὺς</strong></span> <span class='ocrx_word' id='word_1_129' title='bbox 3176 612 3300 675; x_wconf 73' lang='grc' dir='ltr'><strong>τοὺς</strong></span> <span class='ocrx_word' id='word_1_130' title='bbox 3333 611 3650 665; x_wconf 79' lang='grc' dir='ltr'><strong>ἐπιϐουλεύ-</strong></span> 
     </span>
    </p>
   </div>
   <div class='ocr_carea' id='block_1_22' title="bbox 2083 703 3647 777">
    <p class='ocr_par' dir='ltr' id='par_1_22' title="bbox 2083 703 3647 777">
     <span class='ocr_line' id='line_1_22' title="bbox 2083 703 3647 777; baseline 0.001 -19"><span class='ocrx_word' id='word_1_131' title='bbox 2083 723 2303 770; x_wconf 87' lang='grc' dir='ltr'><strong>σαντας,</strong></span> <span class='ocrx_word' id='word_1_132' title='bbox 2334 705 2415 777; x_wconf 78' lang='grc' dir='ltr'><strong>τῷ</strong></span> <span class='ocrx_word' id='word_1_133' title='bbox 2441 706 2516 776; x_wconf 86' lang='grc' dir='ltr'><strong>μὴ</strong></span> <span class='ocrx_word' id='word_1_134' title='bbox 2539 706 2637 776; x_wconf 78' lang='grc' dir='ltr'><strong>τὴν</strong></span> <span class='ocrx_word' id='word_1_135' title='bbox 2660 704 2930 777; x_wconf 73' lang='grc' dir='ltr'><strong>σφετέραν</strong></span> <span class='ocrx_word' id='word_1_136' title='bbox 2952 703 3247 776; x_wconf 77' lang='grc' dir='ltr'><strong>θρησκείαν</strong></span> <span class='ocrx_word' id='word_1_137' title='bbox 3279 705 3647 773; x_wconf 82' lang='grc' dir='ltr'><strong>ἀπόμνυσθαι.</strong></span> 
     </span>
    </p>
   </div>
   <div class='ocr_carea' id='block_1_23' title="bbox 2079 796 3649 871">
    <p class='ocr_par' dir='ltr' id='par_1_23' title="bbox 2079 796 3649 871">
     <span class='ocr_line' id='line_1_23' title="bbox 2079 796 3649 871; baseline -0.003 -20"><span class='ocrx_word' id='word_1_138' title='bbox 2079 798 2395 868; x_wconf 83' lang='grc' dir='ltr'><strong>Χρωμένων</strong></span> <span class='ocrx_word' id='word_1_139' title='bbox 2444 799 2500 852; x_wconf 83' lang='grc' dir='ltr'><strong>δὲ</strong></span> <span class='ocrx_word' id='word_1_140' title='bbox 2529 801 2594 871; x_wconf 80' lang='grc' dir='ltr'><strong>τῇ</strong></span> <span class='ocrx_word' id='word_1_141' title='bbox 2621 797 2787 869; x_wconf 72' lang='grc' dir='ltr'><strong>πείρᾳ</strong></span> <span class='ocrx_word' id='word_1_142' title='bbox 2813 799 2921 853; x_wconf 85' lang='grc' dir='ltr'><strong>τῶν</strong></span> <span class='ocrx_word' id='word_1_143' title='bbox 2951 797 3297 867; x_wconf 77' lang='grc' dir='ltr'><strong>Ἀντιοχέων,</strong></span> <span class='ocrx_word' id='word_1_144' title='bbox 3333 796 3501 865; x_wconf 67' lang='grc' dir='ltr'><strong>ὀλίγοι</strong></span> <span class='ocrx_word' id='word_1_145' title='bbox 3550 797 3649 866; x_wconf 69' lang='grc' dir='ltr'><strong>μὲν</strong></span> 
     </span>
    </p>
   </div>
   <div class='ocr_carea' id='block_1_24' title="bbox 2080 888 3643 963">
    <p class='ocr_par' dir='ltr' id='par_1_24' title="bbox 2080 888 3643 963">
     <span class='ocr_line' id='line_1_24' title="bbox 2080 888 3643 963; baseline 0 -23"><span class='ocrx_word' id='word_1_146' title='bbox 2080 889 2371 959; x_wconf 77' lang='grc' dir='ltr'><strong>ὑπέκυψαν</strong></span> <span class='ocrx_word' id='word_1_147' title='bbox 2400 904 2415 920; x_wconf 82' lang='lat'><strong><em>°</em></strong></span> <span class='ocrx_word' id='word_1_148' title='bbox 2441 891 2490 942; x_wconf 87' lang='grc' dir='ltr'><strong>οἰ</strong></span> <span class='ocrx_word' id='word_1_149' title='bbox 2526 889 2584 943; x_wconf 80' lang='grc' dir='ltr'><strong>δὲ</strong></span> <span class='ocrx_word' id='word_1_150' title='bbox 2620 889 2695 963; x_wconf 81' lang='grc' dir='ltr'><strong>μὴ</strong></span> <span class='ocrx_word' id='word_1_151' title='bbox 2728 888 3006 959; x_wconf 81' lang='grc' dir='ltr'><strong>ἐλληνίσαι</strong></span> <span class='ocrx_word' id='word_1_152' title='bbox 3029 888 3398 959; x_wconf 86' lang='grc' dir='ltr'><strong>ἀνασχόμενοι</strong></span> <span class='ocrx_word' id='word_1_153' title='bbox 3426 889 3643 956; x_wconf 71' lang='grc' dir='ltr'><strong>διεφθά-</strong></span> 
     </span>
    </p>
   </div>
   <div class='ocr_carea' id='block_1_25' title="bbox 2084 979 3648 1054">
    <p class='ocr_par' dir='ltr' id='par_1_25' title="bbox 2084 979 3648 1054">
     <span class='ocr_line' id='line_1_25' title="bbox 2084 979 3648 1054; baseline -0.001 -22"><span class='ocrx_word' id='word_1_154' title='bbox 2084 996 2276 1049; x_wconf 76' lang='grc' dir='ltr'><strong>ρησαν.</strong></span> <span class='ocrx_word' id='word_1_155' title='bbox 2318 980 2377 1034; x_wconf 84' lang='grc' dir='ltr'><strong>Ὀ</strong></span> <span class='ocrx_word' id='word_1_156' title='bbox 2409 980 2455 1034; x_wconf 84' lang='grc' dir='ltr'><strong>δ’</strong></span> <span class='ocrx_word' id='word_1_157' title='bbox 2506 981 2799 1054; x_wconf 71' lang='grc' dir='ltr'><strong>εἰρημένος</strong></span> <span class='ocrx_word' id='word_1_158' title='bbox 2850 979 3127 1051; x_wconf 80' lang='grc' dir='ltr'><strong>’Δντίοχος</strong></span> <span class='ocrx_word' id='word_1_159' title='bbox 3170 980 3266 1034; x_wconf 79' lang='grc' dir='ltr'><strong>καί</strong></span> <span class='ocrx_word' id='word_1_160' title='bbox 3313 979 3648 1051; x_wconf 77' lang='grc' dir='ltr'><strong>στρατιώτας</strong></span> 
     </span>
    </p>
   </div>
   <div class='ocr_carea' id='block_1_26' title="bbox 2080 1069 3650 1145">
    <p class='ocr_par' dir='ltr' id='par_1_26' title="bbox 2080 1069 3650 1145">
     <span class='ocr_line' id='line_1_26' title="bbox 2080 1069 3650 1145; baseline 0.001 -21"><span class='ocrx_word' id='word_1_161' title='bbox 2080 1072 2231 1142; x_wconf 61' lang='grc' dir='ltr'><strong>παρὰ</strong></span> <span class='ocrx_word' id='word_1_162' title='bbox 2261 1070 2358 1125; x_wconf 81' lang='grc' dir='ltr'><strong>τοῦ</strong></span> <span class='ocrx_word' id='word_1_163' title='bbox 2419 1071 2702 1143; x_wconf 86' lang='grc' dir='ltr'><strong>Ῥωμαίων</strong></span> <span class='ocrx_word' id='word_1_164' title='bbox 2746 1073 3016 1145; x_wconf 75' lang='grc' dir='ltr'><strong>ἡγεμόνος</strong></span> <span class='ocrx_word' id='word_1_165' title='bbox 3062 1072 3267 1137; x_wconf 86' lang='grc' dir='ltr'><strong>λαϐὼν,</strong></span> <span class='ocrx_word' id='word_1_166' title='bbox 3324 1073 3555 1143; x_wconf 74' lang='grc' dir='ltr'><strong>χαλεπὸς</strong></span> <span class='ocrx_word' id='word_1_167' title='bbox 3583 1069 3650 1144; x_wconf 68' lang='grc' dir='ltr'><strong>ἦν</strong></span> 
     </span>
    </p>
   </div>
   <div class='ocr_carea' id='block_1_27' title="bbox 2076 1163 3647 1236">
    <p class='ocr_par' dir='ltr' id='par_1_27' title="bbox 2076 1163 3647 1236">
     <span class='ocr_line' id='line_1_27' title="bbox 2076 1163 3647 1236; baseline 0 -20"><span class='ocrx_word' id='word_1_168' title='bbox 2076 1166 2189 1227; x_wconf 78' lang='grc' dir='ltr'><strong>τοῖς</strong></span> <span class='ocrx_word' id='word_1_169' title='bbox 2220 1163 2539 1233; x_wconf 77' lang='grc' dir='ltr'><strong>ὁμοφύλοις,</strong></span> <span class='ocrx_word' id='word_1_170' title='bbox 2576 1165 2765 1235; x_wconf 82' lang='grc' dir='ltr'><strong>ἀργεῖν</strong></span> <span class='ocrx_word' id='word_1_171' title='bbox 2790 1165 2889 1235; x_wconf 83' lang='grc' dir='ltr'><strong>τὴν</strong></span> <span class='ocrx_word' id='word_1_172' title='bbox 2913 1164 3151 1236; x_wconf 87' lang='grc' dir='ltr'><strong>ἐϐδόμην</strong></span> <span class='ocrx_word' id='word_1_173' title='bbox 3183 1165 3284 1219; x_wconf 84' lang='grc' dir='ltr'><strong>οὐκ</strong></span> <span class='ocrx_word' id='word_1_174' title='bbox 3313 1165 3647 1235; x_wconf 68' lang='grc' dir='ltr'><strong>ἐπιτρέπωνυ</strong></span> 
     </span>
    </p>
   </div>
   <div class='ocr_carea' id='block_1_28' title="bbox 2077 1256 3652 1332">
    <p class='ocr_par' dir='ltr' id='par_1_28' title="bbox 2077 1256 3652 1332">
     <span class='ocr_line' id='line_1_28' title="bbox 2077 1256 3652 1332; baseline 0 -22"><span class='ocrx_word' id='word_1_175' title='bbox 2077 1256 2220 1311; x_wconf 77' lang='grc' dir='ltr'><strong>οὕτω</strong></span> <span class='ocrx_word' id='word_1_176' title='bbox 2248 1275 2307 1312; x_wconf 86' lang='grc' dir='ltr'><strong>τε</strong></span> <span class='ocrx_word' id='word_1_177' title='bbox 2338 1259 2437 1330; x_wconf 77' lang='grc' dir='ltr'><strong>τὴν</strong></span> <span class='ocrx_word' id='word_1_178' title='bbox 2485 1258 2734 1330; x_wconf 82' lang='grc' dir='ltr'><strong>ἀνάγκην</strong></span> <span class='ocrx_word' id='word_1_179' title='bbox 2784 1258 2938 1313; x_wconf 81' lang='grc' dir='ltr'><strong>ἐθετο</strong></span> <span class='ocrx_word' id='word_1_180' title='bbox 2985 1260 3235 1332; x_wconf 73' lang='grc' dir='ltr'><strong>ἰσχυρὰν,</strong></span> <span class='ocrx_word' id='word_1_181' title='bbox 3273 1259 3349 1323; x_wconf 82' lang='grc' dir='ltr'><strong>ὡς</strong></span> <span class='ocrx_word' id='word_1_182' title='bbox 3376 1261 3454 1329; x_wconf 80' lang='grc' dir='ltr'><strong>μὴ</strong></span> <span class='ocrx_word' id='word_1_183' title='bbox 3491 1259 3652 1330; x_wconf 88' lang='grc' dir='ltr'><strong>μόνον</strong></span> 
     </span>
    </p>
   </div>
   <div class='ocr_carea' id='block_1_29' title="bbox 2077 1349 3653 1423">
    <p class='ocr_par' dir='ltr' id='par_1_29' title="bbox 2077 1349 3653 1423">
     <span class='ocr_line' id='line_1_29' title="bbox 2077 1349 3653 1423; baseline 0.003 -23"><span class='ocrx_word' id='word_1_184' title='bbox 2077 1349 2167 1403; x_wconf 87' lang='grc' dir='ltr'><strong>ἐπ’</strong></span> <span class='ocrx_word' id='word_1_185' title='bbox 2196 1350 2531 1421; x_wconf 78' lang='grc' dir='ltr'><strong>Ἀντιοχείας</strong></span> <span class='ocrx_word' id='word_1_186' title='bbox 2556 1349 2655 1422; x_wconf 79' lang='grc' dir='ltr'><strong>τὴν</strong></span> <span class='ocrx_word' id='word_1_187' title='bbox 2678 1351 2779 1405; x_wconf 84' lang='grc' dir='ltr'><strong>τοῦ</strong></span> <span class='ocrx_word' id='word_1_188' title='bbox 2805 1350 3088 1406; x_wconf 85' lang='grc' dir='ltr'><strong>Σαϐϐἀτου</strong></span> <span class='ocrx_word' id='word_1_189' title='bbox 3119 1351 3321 1423; x_wconf 79' lang='grc' dir='ltr'><strong>ἀργίαν</strong></span> <span class='ocrx_word' id='word_1_190' title='bbox 3351 1350 3653 1404; x_wconf 82' lang='grc' dir='ltr'><strong>καταλελύ-</strong></span> 
     </span>
    </p>
   </div>
   <div class='ocr_carea' id='block_1_30' title="bbox 2082 1440 3655 1514">
    <p class='ocr_par' dir='ltr' id='par_1_30' title="bbox 2082 1440 3655 1514">
     <span class='ocr_line' id='line_1_30' title="bbox 2082 1440 3655 1514; baseline 0 -21"><span class='ocrx_word' id='word_1_191' title='bbox 2082 1440 2227 1504; x_wconf 90' lang='grc' dir='ltr'><strong>σθαι,</strong></span> <span class='ocrx_word' id='word_1_192' title='bbox 2256 1440 2392 1495; x_wconf 83' lang='grc' dir='ltr'><strong>ἀλλά</strong></span> <span class='ocrx_word' id='word_1_193' title='bbox 2424 1443 2529 1496; x_wconf 88' lang='grc' dir='ltr'><strong>κάν</strong></span> <span class='ocrx_word' id='word_1_194' title='bbox 2553 1445 2676 1504; x_wconf 84' lang='grc' dir='ltr'><strong>ταῖς</strong></span> <span class='ocrx_word' id='word_1_195' title='bbox 2702 1441 2890 1507; x_wconf 82' lang='grc' dir='ltr'><strong>ἄλλαις</strong></span> <span class='ocrx_word' id='word_1_196' title='bbox 2932 1442 3155 1497; x_wconf 81' lang='grc' dir='ltr'><strong>πόλεσιν</strong></span> <span class='ocrx_word' id='word_1_197' title='bbox 3192 1442 3285 1496; x_wconf 84' lang='grc' dir='ltr'><strong>ἐπί</strong></span> <span class='ocrx_word' id='word_1_198' title='bbox 3317 1460 3438 1496; x_wconf 85' lang='grc' dir='ltr'><strong>τινα</strong></span> <span class='ocrx_word' id='word_1_199' title='bbox 3457 1443 3655 1514; x_wconf 79' lang='grc' dir='ltr'><strong>χρόνον</strong></span> 
     </span>
    </p>
   </div>
   <div class='ocr_carea' id='block_1_31' title="bbox 2077 1530 3657 1607">
    <p class='ocr_par' dir='ltr' id='par_1_31' title="bbox 2077 1530 3657 1607">
     <span class='ocr_line' id='line_1_31' title="bbox 2077 1530 3657 1607; baseline 0.003 -22"><span class='ocrx_word' id='word_1_200' title='bbox 2077 1530 2236 1585; x_wconf 81' lang='grc' dir='ltr'><strong>τοῦτο</strong></span> <span class='ocrx_word' id='word_1_201' title='bbox 2276 1533 2672 1604; x_wconf 78' lang='grc' dir='ltr'><strong>ἐπικρατῆσαι.</strong></span> <span class='ocrx_word' id='word_1_202' title='bbox 2702 1537 2778 1589; x_wconf 83' lang='grc' dir='ltr'><strong>Οὐ</strong></span> <span class='ocrx_word' id='word_1_203' title='bbox 2807 1534 2982 1589; x_wconf 82' lang='grc' dir='ltr'><strong>ταῦτα</strong></span> <span class='ocrx_word' id='word_1_204' title='bbox 3033 1536 3091 1590; x_wconf 88' lang='grc' dir='ltr'><strong>δέ</strong></span> <span class='ocrx_word' id='word_1_205' title='bbox 3133 1537 3271 1607; x_wconf 87' lang='grc' dir='ltr'><strong>μόνα</strong></span> <span class='ocrx_word' id='word_1_206' title='bbox 3302 1539 3415 1600; x_wconf 87' lang='grc' dir='ltr'><strong>τοῖς</strong></span> <span class='ocrx_word' id='word_1_207' title='bbox 3445 1540 3505 1590; x_wconf 83' lang='grc' dir='ltr'><strong>ἐν</strong></span> <span class='ocrx_word' id='word_1_208' title='bbox 3532 1538 3657 1590; x_wconf 75' lang='grc' dir='ltr'><strong>Ἀν-</strong></span> 
     </span>
    </p>
   </div>
   <div class='ocr_carea' id='block_1_32' title="bbox 2076 1622 3655 1697">
    <p class='ocr_par' dir='ltr' id='par_1_32' title="bbox 2076 1622 3655 1697">
     <span class='ocr_line' id='line_1_32' title="bbox 2076 1622 3655 1697; baseline 0.003 -20"><span class='ocrx_word' id='word_1_209' title='bbox 2076 1622 2285 1695; x_wconf 78' lang='grc' dir='ltr'><strong>τιοχείᾳ</strong></span> <span class='ocrx_word' id='word_1_210' title='bbox 2345 1623 2695 1695; x_wconf 87' lang='grc' dir='ltr'><strong>συμϐέϐηκεν</strong></span> <span class='ocrx_word' id='word_1_211' title='bbox 2729 1625 3031 1692; x_wconf 77' lang='grc' dir='ltr'><strong>Ἰουδαίοις,</strong></span> <span class='ocrx_word' id='word_1_212' title='bbox 3080 1627 3219 1681; x_wconf 79' lang='grc' dir='ltr'><strong>ἀλλὰ</strong></span> <span class='ocrx_word' id='word_1_213' title='bbox 3264 1628 3362 1681; x_wconf 82' lang='grc' dir='ltr'><strong>καὶ</strong></span> <span class='ocrx_word' id='word_1_214' title='bbox 3413 1628 3655 1697; x_wconf 81' lang='grc' dir='ltr'><strong>δευτέρα</strong></span> 
     </span>
    </p>
   </div>
   <div class='ocr_carea' id='block_1_33' title="bbox 2079 1715 3659 1789">
    <p class='ocr_par' dir='ltr' id='par_1_33' title="bbox 2079 1715 3659 1789">
     <span class='ocr_line' id='line_1_33' title="bbox 2079 1715 3659 1789; baseline 0.002 -22"><span class='ocrx_word' id='word_1_215' title='bbox 2079 1715 2437 1786; x_wconf 76' lang='grc' dir='ltr'><strong>προσεγένετο</strong></span> <span class='ocrx_word' id='word_1_216' title='bbox 2496 1718 2771 1788; x_wconf 82' lang='grc' dir='ltr'><strong>συμφορά.</strong></span> <span class='ocrx_word' id='word_1_217' title='bbox 2829 1718 3038 1789; x_wconf 86' lang='grc' dir='ltr'><strong>Συνέϐη</strong></span> <span class='ocrx_word' id='word_1_218' title='bbox 3073 1719 3171 1789; x_wconf 79' lang='grc' dir='ltr'><strong>μὲν</strong></span> <span class='ocrx_word' id='word_1_219' title='bbox 3206 1717 3317 1789; x_wconf 72' lang='grc' dir='ltr'><strong>γὰρ</strong></span> <span class='ocrx_word' id='word_1_220' title='bbox 3361 1735 3659 1788; x_wconf 79' lang='grc' dir='ltr'><strong>καταπρη-</strong></span> 
     </span>
    </p>
   </div>
   <div class='ocr_carea' id='block_1_34' title="bbox 405 1786 1975 1881">
    <p class='ocr_par' dir='ltr' id='par_1_34' title="bbox 405 1807 1972 1873">
     <span class='ocr_line' id='line_1_34' title="bbox 405 1807 1972 1873; baseline 0.001 -10"><span class='ocrx_word' id='word_1_221' title='bbox 405 1808 615 1873; x_wconf 78' lang='lat' dir='ltr'><strong>citavit,</strong></span> <span class='ocrx_word' id='word_1_222' title='bbox 645 1817 704 1863; x_wconf 88' lang='lat' dir='ltr'><strong>ut</strong></span> <span class='ocrx_word' id='word_1_223' title='bbox 732 1807 1067 1862; x_wconf 85' lang='lat' dir='ltr'><strong>furiosorum</strong></span> <span class='ocrx_word' id='word_1_224' title='bbox 1101 1808 1274 1862; x_wconf 91' lang='lat' dir='ltr'><strong>instar</strong></span> <span class='ocrx_word' id='word_1_225' title='bbox 1302 1822 1494 1864; x_wconf 90' lang='lat' dir='ltr'><strong>omnes</strong></span> <span class='ocrx_word' id='word_1_226' title='bbox 1521 1818 1710 1865; x_wconf 91' lang='lat' dir='ltr'><strong>contra</strong></span> <span class='ocrx_word' id='word_1_227' title='bbox 1742 1824 1972 1865; x_wconf 87' lang='lat' dir='ltr'><strong>accusa-</strong></span> 
     </span>
    </p>
   </div>
   <div class='ocr_carea' id='block_1_35' title="bbox 2080 1786 3661 1881">
    <p class='ocr_par' dir='ltr' id='par_1_35' title="bbox 2080 1786 3661 1881">
     <span class='ocr_line' id='line_1_35' title="bbox 2080 1786 3661 1881; baseline 0.001 -20"><span class='ocrx_word' id='word_1_228' title='bbox 2080 1808 2272 1878; x_wconf 83' lang='grc' dir='ltr'><strong>σθῆναι</strong></span> <span class='ocrx_word' id='word_1_229' title='bbox 2304 1809 2404 1878; x_wconf 79' lang='grc' dir='ltr'><strong>τὴν</strong></span> <span class='ocrx_word' id='word_1_230' title='bbox 2434 1809 2532 1879; x_wconf 84' lang='grc' dir='ltr'><strong>τῆς</strong></span> <span class='ocrx_word' id='word_1_231' title='bbox 2564 1786 2773 1873; x_wconf 77' lang='grc' dir='ltr'><strong>πόλεως</strong></span> <span class='ocrx_word' id='word_1_232' title='bbox 2801 1786 3145 1880; x_wconf 80' lang='grc' dir='ltr'><strong>τετράγωνον</strong></span> <span class='ocrx_word' id='word_1_233' title='bbox 3191 1786 3420 1881; x_wconf 70' lang='grc' dir='ltr'><strong>ἀγορὰν,</strong></span> <span class='ocrx_word' id='word_1_234' title='bbox 3454 1786 3661 1880; x_wconf 75' lang='grc' dir='ltr'><strong>ἀρχεῖά</strong></span> 
     </span>
    </p>
   </div>
   <div class='ocr_carea' id='block_1_36' title="bbox 405 1900 1973 1972">
    <p class='ocr_par' dir='ltr' id='par_1_36' title="bbox 405 1900 1973 1972">
     <span class='ocr_line' id='line_1_36' title="bbox 405 1900 1973 1972; baseline 0.001 -17"><span class='ocrx_word' id='word_1_235' title='bbox 405 1911 491 1956; x_wconf 88' lang='lat' dir='ltr'><strong>tos</strong></span> <span class='ocrx_word' id='word_1_236' title='bbox 531 1909 777 1963; x_wconf 88' lang='lat' dir='ltr'><strong>ruerent,</strong></span> <span class='ocrx_word' id='word_1_237' title='bbox 816 1910 873 1956; x_wconf 92' lang='lat' dir='ltr'><strong>et</strong></span> <span class='ocrx_word' id='word_1_238' title='bbox 912 1916 1056 1971; x_wconf 59' lang='lat' dir='ltr'><strong>aegre</strong></span> <span class='ocrx_word' id='word_1_239' title='bbox 1088 1917 1118 1955; x_wconf 92' lang='lat' dir='ltr'><strong>a</strong></span> <span class='ocrx_word' id='word_1_240' title='bbox 1158 1900 1487 1971; x_wconf 82' lang='lat' dir='ltr'><strong>quibusdam</strong></span> <span class='ocrx_word' id='word_1_241' title='bbox 1522 1901 1973 1972; x_wconf 88' lang='lat' dir='ltr'><strong>reprimerentur,</strong></span> 
     </span>
    </p>
   </div>
   <div class='ocr_carea' id='block_1_37' title="bbox 405 1991 1975 2065">
    <p class='ocr_par' dir='ltr' id='par_1_37' title="bbox 405 1991 1975 2065">
     <span class='ocr_line' id='line_1_37' title="bbox 405 1991 1975 2065; baseline 0.003 -20"><span class='ocrx_word' id='word_1_242' title='bbox 405 1991 767 2048; x_wconf 79' lang='lat' dir='ltr'><strong>suadentibus</strong></span> <span class='ocrx_word' id='word_1_243' title='bbox 827 2001 888 2047; x_wconf 92' lang='lat' dir='ltr'><strong>ut</strong></span> <span class='ocrx_word' id='word_1_244' title='bbox 930 2007 1150 2048; x_wconf 85' lang='lat' dir='ltr'><strong>causam</strong></span> <span class='ocrx_word' id='word_1_245' title='bbox 1199 2008 1318 2048; x_wconf 89' lang='lat' dir='ltr'><strong>eam</strong></span> <span class='ocrx_word' id='word_1_246' title='bbox 1380 1993 1505 2049; x_wconf 89' lang='lat' dir='ltr'><strong>Tito</strong></span> <span class='ocrx_word' id='word_1_247' title='bbox 1561 1994 1975 2065; x_wconf 83' lang='lat' dir='ltr'><strong>disceptandam</strong></span> 
     </span>
    </p>
   </div>
   <div class='ocr_carea' id='block_1_38' title="bbox 406 2084 1975 2157">
    <p class='ocr_par' dir='ltr' id='par_1_38' title="bbox 406 2084 1975 2157">
     <span class='ocr_line' id='line_1_38' title="bbox 406 2084 1975 2157; baseline 0.003 -20"><span class='ocrx_word' id='word_1_248' title='bbox 406 2093 770 2140; x_wconf 83' lang='lat' dir='ltr'><strong>reservarem.</strong></span> <span class='ocrx_word' id='word_1_249' title='bbox 822 2084 1035 2141; x_wconf 90' lang='lat' dir='ltr'><strong>Interea</strong></span> <span class='ocrx_word' id='word_1_250' title='bbox 1089 2084 1311 2156; x_wconf 89' lang='lat' dir='ltr'><strong>quidem</strong></span> <span class='ocrx_word' id='word_1_251' title='bbox 1365 2100 1422 2139; x_wconf 92' lang='lat' dir='ltr'><strong>re</strong></span> <span class='ocrx_word' id='word_1_252' title='bbox 1474 2084 1765 2157; x_wconf 88' lang='lat' dir='ltr'><strong>diligenter</strong></span> <span class='ocrx_word' id='word_1_253' title='bbox 1792 2086 1975 2157; x_wconf 86' lang='lat' dir='ltr'><strong>inqui-</strong></span> 
     </span>
    </p>
   </div>
   <div class='ocr_carea' id='block_1_39' title="bbox 403 2173 1977 2247">
    <p class='ocr_par' dir='ltr' id='par_1_39' title="bbox 403 2173 1977 2247">
     <span class='ocr_line' id='line_1_39' title="bbox 403 2173 1977 2247; baseline 0.001 -15"><span class='ocrx_word' id='word_1_254' title='bbox 403 2176 529 2243; x_wconf 80' lang='lat' dir='ltr'><strong>sita,</strong></span> <span class='ocrx_word' id='word_1_255' title='bbox 574 2183 792 2246; x_wconf 78' lang='lat' dir='ltr'><strong>gentem</strong></span> <span class='ocrx_word' id='word_1_256' title='bbox 846 2173 1131 2231; x_wconf 73' lang='lat' dir='ltr'><strong>Iudaicam</strong></span> <span class='ocrx_word' id='word_1_257' title='bbox 1186 2176 1462 2232; x_wconf 83' lang='lat' dir='ltr'><strong>insontem</strong></span> <span class='ocrx_word' id='word_1_258' title='bbox 1510 2188 1877 2247; x_wconf 88' lang='lat' dir='ltr'><strong>repererunt:</strong></span> <span class='ocrx_word' id='word_1_259' title='bbox 1920 2185 1977 2245; x_wconf 81' lang='lat' dir='ltr'><strong>et</strong></span> 
     </span>
    </p>
   </div>
   <div class='ocr_carea' id='block_1_40' title="bbox 403 2266 1976 2339">
    <p class='ocr_par' dir='ltr' id='par_1_40' title="bbox 403 2266 1976 2339">
     <span class='ocr_line' id='line_1_40' title="bbox 403 2266 1976 2339; baseline 0 -15"><span class='ocrx_word' id='word_1_260' title='bbox 403 2269 524 2339; x_wconf 89' lang='lat' dir='ltr'><strong>ejus</strong></span> <span class='ocrx_word' id='word_1_261' title='bbox 553 2266 816 2325; x_wconf 78' lang='lat' dir='ltr'><strong>facinoris</strong></span> <span class='ocrx_word' id='word_1_262' title='bbox 866 2276 1124 2324; x_wconf 89' lang='lat' dir='ltr'><strong>auctores</strong></span> <span class='ocrx_word' id='word_1_263' title='bbox 1152 2283 1275 2324; x_wconf 89' lang='lat' dir='ltr'><strong>esse</strong></span> <span class='ocrx_word' id='word_1_264' title='bbox 1311 2268 1566 2325; x_wconf 84' lang='lat' dir='ltr'><strong>homines</strong></span> <span class='ocrx_word' id='word_1_265' title='bbox 1594 2268 1875 2339; x_wconf 89' lang='lat' dir='ltr'><strong>improbos</strong></span> <span class='ocrx_word' id='word_1_266' title='bbox 1903 2268 1976 2324; x_wconf 90' lang='lat' dir='ltr'><strong>ob</strong></span> 
     </span>
    </p>
   </div>
   <div class='ocr_carea' id='block_1_41' title="bbox 403 2359 1977 2430">
    <p class='ocr_par' dir='ltr' id='par_1_41' title="bbox 403 2359 1977 2430">
     <span class='ocr_line' id='line_1_41' title="bbox 403 2359 1977 2430; baseline -0.001 -13"><span class='ocrx_word' id='word_1_267' title='bbox 403 2364 527 2417; x_wconf 69' lang='lat' dir='ltr'><strong>reris</strong></span> <span class='ocrx_word' id='word_1_268' title='bbox 552 2360 717 2416; x_wconf 90' lang='lat' dir='ltr'><strong>alieni</strong></span> <span class='ocrx_word' id='word_1_269' title='bbox 745 2359 1151 2424; x_wconf 84' lang='lat' dir='ltr'><strong>necessitatem,</strong></span> <span class='ocrx_word' id='word_1_270' title='bbox 1188 2370 1357 2426; x_wconf 87' lang='lat' dir='ltr'><strong>ratos,</strong></span> <span class='ocrx_word' id='word_1_271' title='bbox 1390 2360 1435 2415; x_wconf 89' lang='lat' dir='ltr'><strong>si</strong></span> <span class='ocrx_word' id='word_1_272' title='bbox 1466 2360 1648 2415; x_wconf 88' lang='lat' dir='ltr'><strong>curias</strong></span> <span class='ocrx_word' id='word_1_273' title='bbox 1669 2370 1724 2416; x_wconf 92' lang='lat' dir='ltr'><strong>et</strong></span> <span class='ocrx_word' id='word_1_274' title='bbox 1756 2359 1977 2430; x_wconf 88' lang='lat' dir='ltr'><strong>publica</strong></span> 
     </span>
    </p>
   </div>
   <div class='ocr_carea' id='block_1_42' title="bbox 403 2453 1977 2524">
    <p class='ocr_par' dir='ltr' id='par_1_42' title="bbox 403 2453 1977 2524">
     <span class='ocr_line' id='line_1_42' title="bbox 403 2453 1977 2524; baseline 0.001 -16"><span class='ocrx_word' id='word_1_275' title='bbox 403 2453 611 2510; x_wconf 87' lang='lat' dir='ltr'><strong>tablina</strong></span> <span class='ocrx_word' id='word_1_276' title='bbox 641 2453 1038 2517; x_wconf 85' lang='lat' dir='ltr'><strong>incendissent,</strong></span> <span class='ocrx_word' id='word_1_277' title='bbox 1072 2453 1187 2509; x_wconf 90' lang='lat' dir='ltr'><strong>fore</strong></span> <span class='ocrx_word' id='word_1_278' title='bbox 1218 2454 1491 2509; x_wconf 89' lang='lat' dir='ltr'><strong>neminem</strong></span> <span class='ocrx_word' id='word_1_279' title='bbox 1525 2467 1555 2508; x_wconf 93' lang='lat' dir='ltr'><strong>a</strong></span> <span class='ocrx_word' id='word_1_280' title='bbox 1591 2468 1702 2523; x_wconf 92' lang='lat' dir='ltr'><strong>quo</strong></span> <span class='ocrx_word' id='word_1_281' title='bbox 1734 2454 1977 2524; x_wconf 85' lang='lat' dir='ltr'><strong>appella-</strong></span> 
     </span>
    </p>
   </div>
   <div class='ocr_carea' id='block_1_43' title="bbox 404 2543 1973 2615">
    <p class='ocr_par' dir='ltr' id='par_1_43' title="bbox 404 2543 1973 2615">
     <span class='ocr_line' id='line_1_43' title="bbox 404 2543 1973 2615; baseline -0.001 -15"><span class='ocrx_word' id='word_1_282' title='bbox 404 2556 620 2603; x_wconf 84' lang='lat' dir='ltr'><strong>rentur.</strong></span> <span class='ocrx_word' id='word_1_283' title='bbox 673 2545 882 2601; x_wconf 90' lang='lat' dir='ltr'><strong>Interea</strong></span> <span class='ocrx_word' id='word_1_284' title='bbox 911 2544 1093 2600; x_wconf 84' lang='lat' dir='ltr'><strong>Titum</strong></span> <span class='ocrx_word' id='word_1_285' title='bbox 1128 2543 1472 2600; x_wconf 83' lang='lat' dir='ltr'><strong>Antiochiam</strong></span> <span class='ocrx_word' id='word_1_286' title='bbox 1513 2543 1973 2615; x_wconf 77' lang='lat' dir='ltr'><strong>proficiscentem,</strong></span> 
     </span>
    </p>
   </div>
   <div class='ocr_carea' id='block_1_44' title="bbox 404 2635 1977 2711">
    <p class='ocr_par' dir='ltr' id='par_1_44' title="bbox 404 2635 1977 2711">
     <span class='ocr_line' id='line_1_44' title="bbox 404 2635 1977 2711; baseline 0 -19"><span class='ocrx_word' id='word_1_287' title='bbox 404 2638 642 2711; x_wconf 87' lang='lat' dir='ltr'><strong>populus</strong></span> <span class='ocrx_word' id='word_1_288' title='bbox 675 2636 1057 2693; x_wconf 84' lang='lat' dir='ltr'><strong>Antiochenus</strong></span> <span class='ocrx_word' id='word_1_289' title='bbox 1091 2637 1307 2693; x_wconf 75' lang='lat' dir='ltr'><strong>obviam</strong></span> <span class='ocrx_word' id='word_1_290' title='bbox 1356 2652 1633 2708; x_wconf 89' lang='lat' dir='ltr'><strong>egressus,</strong></span> <span class='ocrx_word' id='word_1_291' title='bbox 1675 2635 1815 2692; x_wconf 83' lang='lat' dir='ltr'><strong>laetis</strong></span> <span class='ocrx_word' id='word_1_292' title='bbox 1837 2639 1977 2692; x_wconf 91' lang='lat' dir='ltr'><strong>omi-</strong></span> 
     </span>
    </p>
   </div>
   <div class='ocr_carea' id='block_1_45' title="bbox 404 2726 1977 2799">
    <p class='ocr_par' dir='ltr' id='par_1_45' title="bbox 404 2726 1977 2799">
     <span class='ocr_line' id='line_1_45' title="bbox 404 2726 1977 2799; baseline 0.002 -20"><span class='ocrx_word' id='word_1_293' title='bbox 404 2731 566 2785; x_wconf 82' lang='lat' dir='ltr'><strong>nibus</strong></span> <span class='ocrx_word' id='word_1_294' title='bbox 593 2728 817 2799; x_wconf 82' lang='lat' dir='ltr'><strong>excipit,</strong></span> <span class='ocrx_word' id='word_1_295' title='bbox 850 2728 1026 2784; x_wconf 88' lang='lat' dir='ltr'><strong>mistis</strong></span> <span class='ocrx_word' id='word_1_296' title='bbox 1060 2729 1321 2799; x_wconf 88' lang='lat' dir='ltr'><strong>precibus</strong></span> <span class='ocrx_word' id='word_1_297' title='bbox 1349 2728 1416 2782; x_wconf 91' lang='lat' dir='ltr'><strong>de</strong></span> <span class='ocrx_word' id='word_1_298' title='bbox 1460 2727 1665 2783; x_wconf 66' lang='lat' dir='ltr'><strong>Iudaeis</strong></span> <span class='ocrx_word' id='word_1_299' title='bbox 1695 2727 1829 2783; x_wconf 89' lang='lat' dir='ltr'><strong>urbe</strong></span> <span class='ocrx_word' id='word_1_300' title='bbox 1860 2726 1977 2797; x_wconf 78' lang='lat' dir='ltr'><strong>pcl-</strong></span> 
     </span>
    </p>
   </div>
   <div class='ocr_carea' id='block_1_46' title="bbox 402 2818 1976 2891">
    <p class='ocr_par' dir='ltr' id='par_1_46' title="bbox 402 2818 1976 2891">
     <span class='ocr_line' id='line_1_46' title="bbox 402 2818 1976 2891; baseline -0.002 -14"><span class='ocrx_word' id='word_1_301' title='bbox 402 2823 602 2878; x_wconf 81' lang='lat' dir='ltr'><strong>tendis.</strong></span> <span class='ocrx_word' id='word_1_302' title='bbox 652 2822 702 2877; x_wconf 93' lang='lat' dir='ltr'><strong>Is</strong></span> <span class='ocrx_word' id='word_1_303' title='bbox 747 2836 879 2877; x_wconf 84' lang='lat' dir='ltr'><strong>vero</strong></span> <span class='ocrx_word' id='word_1_304' title='bbox 908 2830 1022 2875; x_wconf 91' lang='lat' dir='ltr'><strong>tum</strong></span> <span class='ocrx_word' id='word_1_305' title='bbox 1064 2835 1128 2875; x_wconf 87' lang='lat' dir='ltr'><strong>ea</strong></span> <span class='ocrx_word' id='word_1_306' title='bbox 1175 2820 1345 2875; x_wconf 83' lang='lat' dir='ltr'><strong>verba</strong></span> <span class='ocrx_word' id='word_1_307' title='bbox 1376 2819 1589 2891; x_wconf 85' lang='lat' dir='ltr'><strong>placide</strong></span> <span class='ocrx_word' id='word_1_308' title='bbox 1622 2818 1976 2875; x_wconf 86' lang='lat' dir='ltr'><strong>dissimulans</strong></span> 
     </span>
    </p>
   </div>
   <div class='ocr_carea' id='block_1_47' title="bbox 403 2914 1976 2984">
    <p class='ocr_par' dir='ltr' id='par_1_47' title="bbox 403 2914 1976 2984">
     <span class='ocr_line' id='line_1_47' title="bbox 403 2914 1976 2984; baseline 0 -15"><span class='ocrx_word' id='word_1_309' title='bbox 403 2916 731 2984; x_wconf 71' lang='lat' dir='ltr'><strong>prreteribat.</strong></span> <span class='ocrx_word' id='word_1_310' title='bbox 764 2915 970 2971; x_wconf 87' lang='lat' dir='ltr'><strong>Deinde</strong></span> <span class='ocrx_word' id='word_1_311' title='bbox 996 2931 1189 2971; x_wconf 89' lang='lat' dir='ltr'><strong>rursus</strong></span> <span class='ocrx_word' id='word_1_312' title='bbox 1210 2915 1573 2971; x_wconf 88' lang='lat' dir='ltr'><strong>Antiochenis</strong></span> <span class='ocrx_word' id='word_1_313' title='bbox 1599 2914 1741 2970; x_wconf 80' lang='lat' dir='ltr'><strong>idem</strong></span> <span class='ocrx_word' id='word_1_314' title='bbox 1771 2914 1976 2969; x_wconf 86' lang='lat' dir='ltr'><strong>acriter</strong></span> 
     </span>
    </p>
   </div>
   <div class='ocr_carea' id='block_1_48' title="bbox 402 3007 1975 3081">
    <p class='ocr_par' dir='ltr' id='par_1_48' title="bbox 402 3007 1975 3081">
     <span class='ocr_line' id='line_1_48' title="bbox 402 3007 1975 3081; baseline 0 -19"><span class='ocrx_word' id='word_1_315' title='bbox 402 3008 811 3081; x_wconf 81' lang='lat' dir='ltr'><strong>flagitantibus:</strong></span> <span class='ocrx_word' id='word_1_316' title='bbox 852 3010 942 3072; x_wconf 80' lang='lat' dir='ltr'><strong>At,</strong></span> <span class='ocrx_word' id='word_1_317' title='bbox 980 3007 1178 3078; x_wconf 82' lang='lat' dir='ltr'><strong>inquit,</strong></span> <span class='ocrx_word' id='word_1_318' title='bbox 1210 3009 1390 3077; x_wconf 85' lang='lat' dir='ltr'><strong>patria</strong></span> <span class='ocrx_word' id='word_1_319' title='bbox 1423 3025 1625 3072; x_wconf 86' lang='lat' dir='ltr'><strong>eorum,</strong></span> <span class='ocrx_word' id='word_1_320' title='bbox 1671 3024 1773 3078; x_wconf 87' lang='lat' dir='ltr'><strong>quo</strong></span> <span class='ocrx_word' id='word_1_321' title='bbox 1802 3023 1975 3062; x_wconf 79' lang='lat' dir='ltr'><strong>rever-</strong></span> 
     </span>
    </p>
   </div>
   <div class='ocr_carea' id='block_1_49' title="bbox 2075 1897 3660 1973">
    <p class='ocr_par' dir='ltr' id='par_1_49' title="bbox 2075 1897 3660 1973">
     <span class='ocr_line' id='line_1_49' title="bbox 2075 1897 3660 1973; baseline -0.001 -20"><span class='ocrx_word' id='word_1_322' title='bbox 2075 1915 2138 1953; x_wconf 83' lang='grc' dir='ltr'><strong>τε</strong></span> <span class='ocrx_word' id='word_1_323' title='bbox 2186 1900 2280 1952; x_wconf 72' lang='grc' dir='ltr'><strong>καὶ</strong></span> <span class='ocrx_word' id='word_1_324' title='bbox 2337 1898 2774 1973; x_wconf 81' lang='grc' dir='ltr'><strong>χαρτοφυλὰκια.</strong></span> <span class='ocrx_word' id='word_1_325' title='bbox 2820 1897 2881 1952; x_wconf 85' lang='lat'><strong>&#39;0</strong></span> <span class='ocrx_word' id='word_1_326' title='bbox 2924 1899 2970 1953; x_wconf 81' lang='grc' dir='ltr'><strong>δ’</strong></span> <span class='ocrx_word' id='word_1_327' title='bbox 3026 1900 3323 1973; x_wconf 77' lang='grc' dir='ltr'><strong>εἰρημένος</strong></span> <span class='ocrx_word' id='word_1_328' title='bbox 3373 1899 3660 1970; x_wconf 77' lang='grc' dir='ltr'><strong>’Δντίοχος</strong></span> 
     </span>
    </p>
   </div>
   <div class='ocr_carea' id='block_1_50' title="bbox 2076 1990 3661 2063">
    <p class='ocr_par' dir='ltr' id='par_1_50' title="bbox 2076 1990 3661 2063">
     <span class='ocr_line' id='line_1_50' title="bbox 2076 1990 3661 2063; baseline 0.003 -20"><span class='ocrx_word' id='word_1_329' title='bbox 2076 1993 2188 2053; x_wconf 84' lang='grc' dir='ltr'><strong>τοῖς</strong></span> <span class='ocrx_word' id='word_1_330' title='bbox 2214 1991 2494 2055; x_wconf 77' lang='grc' dir='ltr'><strong>Ἰουδαίοις</strong></span> <span class='ocrx_word' id='word_1_331' title='bbox 2545 1990 2830 2061; x_wconf 79' lang='grc' dir='ltr'><strong>προσῆπτε</strong></span> <span class='ocrx_word' id='word_1_332' title='bbox 2863 1990 2957 2045; x_wconf 71' lang='grc' dir='ltr'><strong>τὸν</strong></span> <span class='ocrx_word' id='word_1_333' title='bbox 3004 1990 3360 2063; x_wconf 70' lang='grc' dir='ltr'><strong>ἐμπρησμὸν,</strong></span> <span class='ocrx_word' id='word_1_334' title='bbox 3396 1991 3493 2043; x_wconf 78' lang='grc' dir='ltr'><strong>καὶ</strong></span> <span class='ocrx_word' id='word_1_335' title='bbox 3528 1992 3661 2055; x_wconf 74' lang='grc' dir='ltr'><strong>τοὺς</strong></span> 
     </span>
    </p>
   </div>
   <div class='ocr_carea' id='block_1_51' title="bbox 2088 2080 3662 2153">
    <p class='ocr_par' dir='ltr' id='par_1_51' title="bbox 2088 2080 3662 2153">
     <span class='ocr_line' id='line_1_51' title="bbox 2088 2080 3662 2153; baseline -0.001 -18"><span class='ocrx_word' id='word_1_336' title='bbox 2088 2083 2385 2152; x_wconf 80' lang='grc' dir='ltr'><strong>’Δντιοχεῖς</strong></span> <span class='ocrx_word' id='word_1_337' title='bbox 2415 2081 2696 2143; x_wconf 76' lang='grc' dir='ltr'><strong>ὑπόπτους</strong></span> <span class='ocrx_word' id='word_1_338' title='bbox 2738 2081 2964 2151; x_wconf 75' lang='grc' dir='ltr'><strong>ἔχοντας</strong></span> <span class='ocrx_word' id='word_1_339' title='bbox 3022 2081 3126 2153; x_wconf 72' lang='grc' dir='ltr'><strong>ἥδη</strong></span> <span class='ocrx_word' id='word_1_340' title='bbox 3174 2082 3394 2144; x_wconf 76' lang='grc' dir='ltr'><strong>αὐτοὺς,</strong></span> <span class='ocrx_word' id='word_1_341' title='bbox 3427 2080 3662 2151; x_wconf 67' lang='grc' dir='ltr'><strong>ἠρέθισε</strong></span> 
     </span>
    </p>
   </div>
   <div class='ocr_carea' id='block_1_52' title="bbox 2077 2170 3663 2244">
    <p class='ocr_par' dir='ltr' id='par_1_52' title="bbox 2077 2170 3663 2244">
     <span class='ocr_line' id='line_1_52' title="bbox 2077 2170 3663 2244; baseline 0 -19"><span class='ocrx_word' id='word_1_342' title='bbox 2077 2173 2201 2225; x_wconf 77' lang='grc' dir='ltr'><strong>κατ’</strong></span> <span class='ocrx_word' id='word_1_343' title='bbox 2232 2172 2432 2235; x_wconf 78' lang='grc' dir='ltr'><strong>αὐτῶν,</strong></span> <span class='ocrx_word' id='word_1_344' title='bbox 2466 2174 2561 2226; x_wconf 74' lang='grc' dir='ltr'><strong>καὶ</strong></span> <span class='ocrx_word' id='word_1_345' title='bbox 2586 2170 2777 2242; x_wconf 83' lang='grc' dir='ltr'><strong>ὥσπερ</strong></span> <span class='ocrx_word' id='word_1_346' title='bbox 2816 2173 3109 2242; x_wconf 72' lang='grc' dir='ltr'><strong>ἐμμανεῖς,</strong></span> <span class='ocrx_word' id='word_1_347' title='bbox 3148 2172 3284 2244; x_wconf 81' lang='grc' dir='ltr'><strong>πρὸς</strong></span> <span class='ocrx_word' id='word_1_348' title='bbox 3311 2171 3438 2236; x_wconf 78' lang='grc' dir='ltr'><strong>τοὺς</strong></span> <span class='ocrx_word' id='word_1_349' title='bbox 3470 2173 3663 2226; x_wconf 86' lang='grc' dir='ltr'><strong>διαϐε-</strong></span> 
     </span>
    </p>
   </div>
   <div class='ocr_carea' id='block_1_53' title="bbox 2077 2262 3663 2335">
    <p class='ocr_par' dir='ltr' id='par_1_53' title="bbox 2077 2262 3663 2335">
     <span class='ocr_line' id='line_1_53' title="bbox 2077 2262 3663 2335; baseline 0.001 -18"><span class='ocrx_word' id='word_1_350' title='bbox 2077 2262 2383 2333; x_wconf 86' lang='grc' dir='ltr'><strong>ϐλημένους</strong></span> <span class='ocrx_word' id='word_1_351' title='bbox 2412 2264 2651 2327; x_wconf 78' lang='grc' dir='ltr'><strong>ἀπαντες</strong></span> <span class='ocrx_word' id='word_1_352' title='bbox 2687 2263 2967 2335; x_wconf 84' lang='grc' dir='ltr'><strong>ὥρμηντο.</strong></span> <span class='ocrx_word' id='word_1_353' title='bbox 3000 2263 3170 2325; x_wconf 79' lang='grc' dir='ltr'><strong>Μόλις</strong></span> <span class='ocrx_word' id='word_1_354' title='bbox 3208 2264 3256 2316; x_wconf 81' lang='grc' dir='ltr'><strong>δ’</strong></span> <span class='ocrx_word' id='word_1_355' title='bbox 3281 2264 3482 2327; x_wconf 78' lang='grc' dir='ltr'><strong>αὐτοὺς</strong></span> <span class='ocrx_word' id='word_1_356' title='bbox 3552 2281 3663 2318; x_wconf 79' lang='grc' dir='ltr'><strong>κα-</strong></span> 
     </span>
    </p>
   </div>
   <div class='ocr_carea' id='block_1_54' title="bbox 2074 2355 3665 2428">
    <p class='ocr_par' dir='ltr' id='par_1_54' title="bbox 2074 2355 3665 2428">
     <span class='ocr_line' id='line_1_54' title="bbox 2074 2355 3665 2428; baseline 0.001 -18"><span class='ocrx_word' id='word_1_357' title='bbox 2074 2357 2270 2427; x_wconf 84' lang='grc' dir='ltr'><strong>τέσχον</strong></span> <span class='ocrx_word' id='word_1_358' title='bbox 2292 2355 2457 2421; x_wconf 84' lang='grc' dir='ltr'><strong>τινές,</strong></span> <span class='ocrx_word' id='word_1_359' title='bbox 2507 2355 3034 2427; x_wconf 85' lang='grc' dir='ltr'><strong>συμϐουλεύσαντες,</strong></span> <span class='ocrx_word' id='word_1_360' title='bbox 3064 2356 3209 2428; x_wconf 85' lang='grc' dir='ltr'><strong>Τίτῳ</strong></span> <span class='ocrx_word' id='word_1_361' title='bbox 3246 2355 3346 2428; x_wconf 79' lang='grc' dir='ltr'><strong>τὴν</strong></span> <span class='ocrx_word' id='word_1_362' title='bbox 3394 2356 3665 2412; x_wconf 73' lang='grc' dir='ltr'><strong>ὑπόθεσιν</strong></span> 
     </span>
    </p>
   </div>
   <div class='ocr_carea' id='block_1_55' title="bbox 2077 2446 3664 2519">
    <p class='ocr_par' dir='ltr' id='par_1_55' title="bbox 2077 2446 3664 2519">
     <span class='ocr_line' id='line_1_55' title="bbox 2077 2446 3664 2519; baseline -0.001 -18"><span class='ocrx_word' id='word_1_363' title='bbox 2077 2446 2383 2502; x_wconf 83' lang='grc' dir='ltr'><strong>ἀναθεῖναι.</strong></span> <span class='ocrx_word' id='word_1_364' title='bbox 2418 2447 2508 2501; x_wconf 83' lang='grc' dir='ltr'><strong>Ἐν</strong></span> <span class='ocrx_word' id='word_1_365' title='bbox 2554 2447 2632 2519; x_wconf 83' lang='grc' dir='ltr'><strong>τῷ</strong></span> <span class='ocrx_word' id='word_1_366' title='bbox 2686 2449 2837 2519; x_wconf 83' lang='grc' dir='ltr'><strong>μέσῳ</strong></span> <span class='ocrx_word' id='word_1_367' title='bbox 2892 2448 2949 2501; x_wconf 85' lang='grc' dir='ltr'><strong>δέ</strong></span> <span class='ocrx_word' id='word_1_368' title='bbox 3004 2465 3148 2511; x_wconf 88' lang='grc' dir='ltr'><strong>τινες</strong></span> <span class='ocrx_word' id='word_1_369' title='bbox 3182 2447 3498 2519; x_wconf 77' lang='grc' dir='ltr'><strong>ποιούμενοι</strong></span> <span class='ocrx_word' id='word_1_370' title='bbox 3534 2449 3664 2502; x_wconf 69' lang='grc' dir='ltr'><strong>ἐπι-</strong></span> 
     </span>
    </p>
   </div>
   <div class='ocr_carea' id='block_1_56' title="bbox 2081 2532 3664 2612">
    <p class='ocr_par' dir='ltr' id='par_1_56' title="bbox 2081 2532 3664 2612">
     <span class='ocr_line' id='line_1_56' title="bbox 2081 2532 3664 2612; baseline 0.002 -21"><span class='ocrx_word' id='word_1_371' title='bbox 2081 2537 2220 2608; x_wconf 84' lang='grc' dir='ltr'><strong>μελῆ</strong></span> <span class='ocrx_word' id='word_1_372' title='bbox 2276 2539 2372 2593; x_wconf 84' lang='grc' dir='ltr'><strong>τοῦ</strong></span> <span class='ocrx_word' id='word_1_373' title='bbox 2438 2538 2768 2609; x_wconf 78' lang='grc' dir='ltr'><strong>πράγματος</strong></span> <span class='ocrx_word' id='word_1_374' title='bbox 2816 2539 3068 2612; x_wconf 75' lang='grc' dir='ltr'><strong>ζήτησιν,</strong></span> <span class='ocrx_word' id='word_1_375' title='bbox 3118 2532 3282 2610; x_wconf 76' lang='grc' dir='ltr'><strong>εὗρον</strong></span> <span class='ocrx_word' id='word_1_376' title='bbox 3318 2541 3508 2609; x_wconf 77' lang='grc' dir='ltr'><strong>τὸμὲν</strong></span> <span class='ocrx_word' id='word_1_377' title='bbox 3547 2542 3664 2595; x_wconf 70' lang='grc' dir='ltr'><strong>τᾷν</strong></span> 
     </span>
    </p>
   </div>
   <div class='ocr_carea' id='block_1_57' title="bbox 2088 2630 3664 2704">
    <p class='ocr_par' dir='ltr' id='par_1_57' title="bbox 2088 2630 3664 2704">
     <span class='ocr_line' id='line_1_57' title="bbox 2088 2630 3664 2704; baseline 0 -18"><span class='ocrx_word' id='word_1_378' title='bbox 2088 2630 2360 2686; x_wconf 82' lang='grc' dir='ltr'><strong>Ἰουδαίων</strong></span> <span class='ocrx_word' id='word_1_379' title='bbox 2385 2631 2543 2698; x_wconf 76' lang='grc' dir='ltr'><strong>γένος</strong></span> <span class='ocrx_word' id='word_1_380' title='bbox 2569 2630 2835 2696; x_wconf 87' lang='grc' dir='ltr'><strong>ἀναίτιον,</strong></span> <span class='ocrx_word' id='word_1_381' title='bbox 2864 2634 3130 2704; x_wconf 72' lang='grc' dir='ltr'><strong>πονηροὺς</strong></span> <span class='ocrx_word' id='word_1_382' title='bbox 3154 2631 3202 2686; x_wconf 81' lang='grc' dir='ltr'><strong>δ’</strong></span> <span class='ocrx_word' id='word_1_383' title='bbox 3235 2631 3563 2703; x_wconf 80' lang='grc' dir='ltr'><strong>ἀνθρώπους</strong></span> <span class='ocrx_word' id='word_1_384' title='bbox 3596 2636 3664 2686; x_wconf 77' lang='grc' dir='ltr'><strong>τὸ</strong></span> 
     </span>
    </p>
   </div>
   <div class='ocr_carea' id='block_1_58' title="bbox 2077 2721 3661 2795">
    <p class='ocr_par' dir='ltr' id='par_1_58' title="bbox 2077 2721 3661 2795">
     <span class='ocr_line' id='line_1_58' title="bbox 2077 2721 3661 2795; baseline 0.003 -20"><span class='ocrx_word' id='word_1_385' title='bbox 2077 2721 2241 2794; x_wconf 76' lang='grc' dir='ltr'><strong>ἔργον</strong></span> <span class='ocrx_word' id='word_1_386' title='bbox 2268 2723 2646 2793; x_wconf 79' lang='grc' dir='ltr'><strong>τολμήσαντας</strong></span> <span class='ocrx_word' id='word_1_387' title='bbox 2672 2723 2760 2778; x_wconf 74' lang='grc' dir='ltr'><strong>διὰ</strong></span> <span class='ocrx_word' id='word_1_388' title='bbox 2806 2725 2984 2795; x_wconf 84' lang='grc' dir='ltr'><strong>χρεῶν</strong></span> <span class='ocrx_word' id='word_1_389' title='bbox 3022 2726 3295 2793; x_wconf 80' lang='grc' dir='ltr'><strong>ἀνάγκας,</strong></span> <span class='ocrx_word' id='word_1_390' title='bbox 3343 2724 3661 2793; x_wconf 80' lang='grc' dir='ltr'><strong>οἰηθέντας,</strong></span> 
     </span>
    </p>
   </div>
   <div class='ocr_carea' id='block_1_59' title="bbox 2077 2814 3665 2892">
    <p class='ocr_par' dir='ltr' id='par_1_59' title="bbox 2077 2814 3665 2892">
     <span class='ocr_line' id='line_1_59' title="bbox 2077 2814 3665 2892; baseline 0.001 -23"><span class='ocrx_word' id='word_1_391' title='bbox 2077 2817 2127 2869; x_wconf 88' lang='grc' dir='ltr'><strong>εἰ</strong></span> <span class='ocrx_word' id='word_1_392' title='bbox 2155 2814 2253 2886; x_wconf 76' lang='grc' dir='ltr'><strong>τὴν</strong></span> <span class='ocrx_word' id='word_1_393' title='bbox 2277 2815 2487 2886; x_wconf 72' lang='grc' dir='ltr'><strong>ἀγορὰν</strong></span> <span class='ocrx_word' id='word_1_394' title='bbox 2519 2815 2613 2869; x_wconf 74' lang='grc' dir='ltr'><strong>καὶ</strong></span> <span class='ocrx_word' id='word_1_395' title='bbox 2642 2815 2711 2869; x_wconf 75' lang='grc' dir='ltr'><strong>τὰ</strong></span> <span class='ocrx_word' id='word_1_396' title='bbox 2741 2816 2979 2887; x_wconf 85' lang='grc' dir='ltr'><strong>δημόσια</strong></span> <span class='ocrx_word' id='word_1_397' title='bbox 3029 2822 3389 2889; x_wconf 81' lang='grc' dir='ltr'><strong>γραμματεῖα</strong></span> <span class='ocrx_word' id='word_1_398' title='bbox 3432 2818 3665 2892; x_wconf 80' lang='grc' dir='ltr'><strong>ἐμπρή-</strong></span> 
     </span>
    </p>
   </div>
   <div class='ocr_carea' id='block_1_60' title="bbox 2079 2907 3664 2979">
    <p class='ocr_par' dir='ltr' id='par_1_60' title="bbox 2079 2907 3664 2979">
     <span class='ocr_line' id='line_1_60' title="bbox 2079 2907 3664 2979; baseline 0.003 -19"><span class='ocrx_word' id='word_1_399' title='bbox 2079 2924 2254 2973; x_wconf 89' lang='grc' dir='ltr'><strong>σειαν,</strong></span> <span class='ocrx_word' id='word_1_400' title='bbox 2281 2907 2424 2973; x_wconf 73' lang='grc' dir='ltr'><strong>ἕξειν</strong></span> <span class='ocrx_word' id='word_1_401' title='bbox 2453 2908 2779 2979; x_wconf 75' lang='grc' dir='ltr'><strong>ἀπαλλαγὴν</strong></span> <span class='ocrx_word' id='word_1_402' title='bbox 2810 2909 2908 2977; x_wconf 83' lang='grc' dir='ltr'><strong>τῆς</strong></span> <span class='ocrx_word' id='word_1_403' title='bbox 2937 2910 3299 2979; x_wconf 80' lang='grc' dir='ltr'><strong>εἰσπράξεως.</strong></span> <span class='ocrx_word' id='word_1_404' title='bbox 3329 2911 3419 2964; x_wconf 82' lang='grc' dir='ltr'><strong>Ἑν</strong></span> <span class='ocrx_word' id='word_1_405' title='bbox 3440 2911 3664 2976; x_wconf 82' lang='grc' dir='ltr'><strong>τούτοις</strong></span> 
     </span>
    </p>
   </div>
   <div class='ocr_carea' id='block_1_61' title="bbox 2077 2999 3665 3074">
    <p class='ocr_par' dir='ltr' id='par_1_61' title="bbox 2077 2999 3665 3074">
     <span class='ocr_line' id='line_1_61' title="bbox 2077 2999 3665 3074; baseline 0.003 -21"><span class='ocrx_word' id='word_1_406' title='bbox 2077 2999 2135 3054; x_wconf 81' lang='grc' dir='ltr'><strong>δέ</strong></span> <span class='ocrx_word' id='word_1_407' title='bbox 2163 3000 2257 3053; x_wconf 62' lang='grc' dir='ltr'><strong>καὶ</strong></span> <span class='ocrx_word' id='word_1_408' title='bbox 2286 2999 2316 3052; x_wconf 85' lang='grc' dir='ltr'><strong>ό</strong></span> <span class='ocrx_word' id='word_1_409' title='bbox 2343 3001 2503 3065; x_wconf 85' lang='grc' dir='ltr'><strong>Τῖτος</strong></span> <span class='ocrx_word' id='word_1_410' title='bbox 2532 3001 2816 3070; x_wconf 73' lang='grc' dir='ltr'><strong>ἀφικνεῖτο</strong></span> <span class='ocrx_word' id='word_1_411' title='bbox 2844 3004 2925 3065; x_wconf 79' lang='grc' dir='ltr'><strong>εἰς</strong></span> <span class='ocrx_word' id='word_1_412' title='bbox 2961 3003 3320 3074; x_wconf 72' lang='grc' dir='ltr'><strong>Ἀντιόχειαν.</strong></span> <span class='ocrx_word' id='word_1_413' title='bbox 3353 3007 3449 3057; x_wconf 74' lang='grc' dir='ltr'><strong>καὶ</strong></span> <span class='ocrx_word' id='word_1_414' title='bbox 3482 3006 3511 3057; x_wconf 85' lang='grc' dir='ltr'><strong>ό</strong></span> <span class='ocrx_word' id='word_1_415' title='bbox 3548 3007 3665 3059; x_wconf 76' lang='grc' dir='ltr'><strong>τῶν</strong></span> 
     </span>
    </p>
   </div>
   <div class='ocr_carea' id='block_1_62' title="bbox 402 3091 1975 3189">
    <p class='ocr_par' dir='ltr' id='par_1_62' title="bbox 402 3100 1974 3172">
     <span class='ocr_line' id='line_1_62' title="bbox 402 3100 1974 3172; baseline -0.001 -16"><span class='ocrx_word' id='word_1_416' title='bbox 402 3103 613 3157; x_wconf 79' lang='lat' dir='ltr'><strong>tendum</strong></span> <span class='ocrx_word' id='word_1_417' title='bbox 645 3101 752 3157; x_wconf 74' lang='lat' dir='ltr'><strong>illis</strong></span> <span class='ocrx_word' id='word_1_418' title='bbox 780 3111 935 3168; x_wconf 76' lang='lat' dir='ltr'><strong>esset,</strong></span> <span class='ocrx_word' id='word_1_419' title='bbox 984 3116 1161 3156; x_wconf 75' lang='lat' dir='ltr'><strong>eversa</strong></span> <span class='ocrx_word' id='word_1_420' title='bbox 1214 3109 1311 3165; x_wconf 76' lang='lat' dir='ltr'><strong>est,</strong></span> <span class='ocrx_word' id='word_1_421' title='bbox 1355 3116 1520 3172; x_wconf 84' lang='lat' dir='ltr'><strong>neque</strong></span> <span class='ocrx_word' id='word_1_422' title='bbox 1551 3100 1690 3155; x_wconf 81' lang='lat' dir='ltr'><strong>ullus</strong></span> <span class='ocrx_word' id='word_1_423' title='bbox 1730 3101 1871 3155; x_wconf 84' lang='lat' dir='ltr'><strong>locus</strong></span> <span class='ocrx_word' id='word_1_424' title='bbox 1897 3110 1974 3155; x_wconf 81' lang='lat' dir='ltr'><strong>est</strong></span> 
     </span>
    </p>
   </div>
   <div class='ocr_carea' id='block_1_63' title="bbox 2080 3091 3659 3189">
    <p class='ocr_par' dir='ltr' id='par_1_63' title="bbox 2091 3091 3659 3166">
     <span class='ocr_line' id='line_1_63' title="bbox 2091 3091 3659 3166; baseline 0.004 -22"><span class='ocrx_word' id='word_1_425' title='bbox 2091 3091 2409 3162; x_wconf 72' lang='grc' dir='ltr'><strong>’Δντιοχέων</strong></span> <span class='ocrx_word' id='word_1_426' title='bbox 2433 3091 2603 3162; x_wconf 84' lang='grc' dir='ltr'><strong>δῆμος</strong></span> <span class='ocrx_word' id='word_1_427' title='bbox 2655 3094 2982 3164; x_wconf 79' lang='grc' dir='ltr'><strong>προῦπήντα</strong></span> <span class='ocrx_word' id='word_1_428' title='bbox 3014 3094 3187 3166; x_wconf 80' lang='grc' dir='ltr'><strong>αὐτῷ,</strong></span> <span class='ocrx_word' id='word_1_429' title='bbox 3240 3096 3334 3150; x_wconf 75' lang='grc' dir='ltr'><strong>καὶ</strong></span> <span class='ocrx_word' id='word_1_430' title='bbox 3364 3098 3611 3166; x_wconf 69' lang='grc' dir='ltr'><strong>εὐφήμει</strong></span> <span class='ocrx_word' id='word_1_431' title='bbox 3643 3113 3659 3128; x_wconf 82' lang='lat'><strong><em>°</em></strong></span> 
     </span>
    </p>
   </div>
   <div class='ocr_carea' id='block_1_64' title="bbox 402 3182 1975 3267">
    <p class='ocr_par' dir='ltr' id='par_1_64' title="bbox 402 3191 1970 3267">
     <span class='ocr_line' id='line_1_64' title="bbox 402 3191 1970 3267; baseline -0.001 -19"><span class='ocrx_word' id='word_1_432' title='bbox 402 3213 502 3267; x_wconf 81' lang='lat' dir='ltr'><strong>quo</strong></span> <span class='ocrx_word' id='word_1_433' title='bbox 556 3194 902 3265; x_wconf 78' lang='lat' dir='ltr'><strong>recipiantur.</strong></span> <span class='ocrx_word' id='word_1_434' title='bbox 961 3192 1073 3247; x_wconf 81' lang='lat' dir='ltr'><strong>Hac</strong></span> <span class='ocrx_word' id='word_1_435' title='bbox 1124 3191 1493 3262; x_wconf 88' lang='lat' dir='ltr'><strong>postulatione</strong></span> <span class='ocrx_word' id='word_1_436' title='bbox 1552 3192 1848 3258; x_wconf 85' lang='lat' dir='ltr'><strong>frustrati,</strong></span> <span class='ocrx_word' id='word_1_437' title='bbox 1901 3193 1970 3247; x_wconf 88' lang='lat' dir='ltr'><strong>ad</strong></span> 
     </span>
    </p>
   </div>
   <div class='ocr_carea' id='block_1_65' title="bbox 2080 3182 3661 3267">
    <p class='ocr_par' dir='ltr' id='par_1_65' title="bbox 2080 3182 3661 3257">
     <span class='ocr_line' id='line_1_65' title="bbox 2080 3182 3661 3257; baseline 0.004 -22"><span class='ocrx_word' id='word_1_438' title='bbox 2080 3184 2199 3245; x_wconf 83' lang='grc' dir='ltr'><strong>ταῖς</strong></span> <span class='ocrx_word' id='word_1_439' title='bbox 2250 3182 2296 3236; x_wconf 89' lang='grc' dir='ltr'><strong>δ’</strong></span> <span class='ocrx_word' id='word_1_440' title='bbox 2353 3183 2656 3253; x_wconf 80' lang='grc' dir='ltr'><strong>εὐφημίαις</strong></span> <span class='ocrx_word' id='word_1_441' title='bbox 2714 3187 2933 3255; x_wconf 83' lang='grc' dir='ltr'><strong>συνεῖρε</strong></span> <span class='ocrx_word' id='word_1_442' title='bbox 2991 3188 3087 3240; x_wconf 82' lang='grc' dir='ltr'><strong>καί</strong></span> <span class='ocrx_word' id='word_1_443' title='bbox 3135 3187 3341 3257; x_wconf 75' lang='grc' dir='ltr'><strong>δέησιν,</strong></span> <span class='ocrx_word' id='word_1_444' title='bbox 3402 3190 3661 3242; x_wconf 79' lang='grc' dir='ltr'><strong>ἐκϐαλεῖν</strong></span> 
     </span>
    </p>
   </div>
   <div class='ocr_carea' id='block_1_66' title="bbox 402 3281 1974 3353">
    <p class='ocr_par' dir='ltr' id='par_1_66' title="bbox 402 3281 1974 3353">
     <span class='ocr_line' id='line_1_66' title="bbox 402 3281 1974 3353; baseline 0.001 -18"><span class='ocrx_word' id='word_1_445' title='bbox 402 3283 559 3341; x_wconf 81' lang='lat' dir='ltr'><strong>aliam</strong></span> <span class='ocrx_word' id='word_1_446' title='bbox 591 3292 1013 3346; x_wconf 88' lang='lat' dir='ltr'><strong>convertuntur,</strong></span> <span class='ocrx_word' id='word_1_447' title='bbox 1049 3291 1299 3353; x_wconf 88' lang='lat' dir='ltr'><strong>petentes</strong></span> <span class='ocrx_word' id='word_1_448' title='bbox 1330 3289 1389 3335; x_wconf 93' lang='lat' dir='ltr'><strong>ut</strong></span> <span class='ocrx_word' id='word_1_449' title='bbox 1419 3296 1576 3336; x_wconf 81' lang='lat' dir='ltr'><strong>aereae</strong></span> <span class='ocrx_word' id='word_1_450' title='bbox 1604 3281 1823 3347; x_wconf 70' lang='lat' dir='ltr'><strong>tabulae,</strong></span> <span class='ocrx_word' id='word_1_451' title='bbox 1850 3283 1974 3352; x_wconf 88' lang='lat' dir='ltr'><strong>qui-</strong></span> 
     </span>
    </p>
   </div>
   <div class='ocr_carea' id='block_1_67' title="bbox 404 3372 1969 3443">
    <p class='ocr_par' dir='ltr' id='par_1_67' title="bbox 404 3372 1969 3443">
     <span class='ocr_line' id='line_1_67' title="bbox 404 3372 1969 3443; baseline -0.001 -13"><span class='ocrx_word' id='word_1_452' title='bbox 404 3378 507 3430; x_wconf 90' lang='lat' dir='ltr'><strong>bus</strong></span> <span class='ocrx_word' id='word_1_453' title='bbox 533 3376 660 3443; x_wconf 88' lang='lat' dir='ltr'><strong>jura</strong></span> <span class='ocrx_word' id='word_1_454' title='bbox 691 3372 920 3430; x_wconf 73' lang='lat' dir='ltr'><strong>Judaiea</strong></span> <span class='ocrx_word' id='word_1_455' title='bbox 954 3373 1218 3443; x_wconf 88' lang='lat' dir='ltr'><strong>inscripta</strong></span> <span class='ocrx_word' id='word_1_456' title='bbox 1248 3383 1430 3437; x_wconf 89' lang='lat' dir='ltr'><strong>erant,</strong></span> <span class='ocrx_word' id='word_1_457' title='bbox 1480 3373 1827 3428; x_wconf 91' lang='lat' dir='ltr'><strong>tollerentur.</strong></span> <span class='ocrx_word' id='word_1_458' title='bbox 1863 3373 1969 3429; x_wconf 88' lang='lat' dir='ltr'><strong>Sed</strong></span> 
     </span>
    </p>
   </div>
   <div class='ocr_carea' id='block_1_68' title="bbox 404 3465 1971 3538">
    <p class='ocr_par' dir='ltr' id='par_1_68' title="bbox 404 3465 1971 3538">
     <span class='ocr_line' id='line_1_68' title="bbox 404 3465 1971 3538; baseline 0.001 -17"><span class='ocrx_word' id='word_1_459' title='bbox 404 3484 471 3523; x_wconf 91' lang='lat' dir='ltr'><strong>ne</strong></span> <span class='ocrx_word' id='word_1_460' title='bbox 505 3466 558 3522; x_wconf 88' lang='lat' dir='ltr'><strong>id</strong></span> <span class='ocrx_word' id='word_1_461' title='bbox 592 3465 816 3538; x_wconf 85' lang='lat' dir='ltr'><strong>quidem</strong></span> <span class='ocrx_word' id='word_1_462' title='bbox 844 3466 1002 3521; x_wconf 85' lang='lat' dir='ltr'><strong>Titus</strong></span> <span class='ocrx_word' id='word_1_463' title='bbox 1032 3465 1325 3532; x_wconf 84' lang='lat' dir='ltr'><strong>concessit,</strong></span> <span class='ocrx_word' id='word_1_464' title='bbox 1359 3465 1577 3521; x_wconf 70' lang='lat' dir='ltr'><strong>Iudaeos</strong></span> <span class='ocrx_word' id='word_1_465' title='bbox 1601 3466 1971 3522; x_wconf 86' lang='lat' dir='ltr'><strong>Antiochcnos</strong></span> 
     </span>
    </p>
   </div>
   <div class='ocr_carea' id='block_1_69' title="bbox 402 3548 1972 3628">
    <p class='ocr_par' dir='ltr' id='par_1_69' title="bbox 402 3548 1972 3628">
     <span class='ocr_line' id='line_1_69' title="bbox 402 3548 1972 3628; baseline -0.001 -18"><span class='ocrx_word' id='word_1_466' title='bbox 402 3556 587 3610; x_wconf 81' lang='lat' dir='ltr'><strong>Olltllia</strong></span> <span class='ocrx_word' id='word_1_467' title='bbox 619 3570 740 3628; x_wconf 68' lang='lat' dir='ltr'><strong>qua</strong></span> <span class='ocrx_word' id='word_1_468' title='bbox 773 3554 928 3626; x_wconf 90' lang='lat' dir='ltr'><strong>prius</strong></span> <span class='ocrx_word' id='word_1_469' title='bbox 976 3548 1306 3619; x_wconf 85' lang='lat' dir='ltr'><strong>habuerant,</strong></span> <span class='ocrx_word' id='word_1_470' title='bbox 1361 3562 1548 3609; x_wconf 91' lang='lat' dir='ltr'><strong>tenere</strong></span> <span class='ocrx_word' id='word_1_471' title='bbox 1587 3569 1801 3625; x_wconf 88' lang='lat' dir='ltr'><strong>passus.</strong></span> <span class='ocrx_word' id='word_1_472' title='bbox 1839 3552 1972 3609; x_wconf 88' lang='lat' dir='ltr'><strong>Inde</strong></span> 
     </span>
    </p>
   </div>
   <div class='ocr_carea' id='block_1_70' title="bbox 403 3645 1973 3719">
    <p class='ocr_par' dir='ltr' id='par_1_70' title="bbox 403 3645 1973 3719">
     <span class='ocr_line' id='line_1_70' title="bbox 403 3645 1973 3719; baseline -0.004 -13"><span class='ocrx_word' id='word_1_473' title='bbox 403 3647 786 3706; x_wconf 76' lang='lat' dir='ltr'><strong>Alexandriam</strong></span> <span class='ocrx_word' id='word_1_474' title='bbox 811 3646 1180 3718; x_wconf 86' lang='lat' dir='ltr'><strong>profecturus,</strong></span> <span class='ocrx_word' id='word_1_475' title='bbox 1205 3661 1329 3704; x_wconf 91' lang='lat' dir='ltr'><strong>cum</strong></span> <span class='ocrx_word' id='word_1_476' title='bbox 1350 3645 1724 3719; x_wconf 78' lang='lat' dir='ltr'><strong>Hierosolyma</strong></span> <span class='ocrx_word' id='word_1_477' title='bbox 1749 3654 1973 3718; x_wconf 60' lang='lat' dir='ltr'><strong>praeter.</strong></span> 
     </span>
    </p>
   </div>
   <div class='ocr_carea' id='block_1_71' title="bbox 405 3736 1975 3807">
    <p class='ocr_par' dir='ltr' id='par_1_71' title="bbox 405 3736 1975 3807">
     <span class='ocr_line' id='line_1_71' title="bbox 405 3736 1975 3807; baseline -0.003 -10"><span class='ocrx_word' id='word_1_478' title='bbox 405 3744 531 3807; x_wconf 88' lang='lat' dir='ltr'><strong>iret,</strong></span> <span class='ocrx_word' id='word_1_479' title='bbox 572 3740 864 3798; x_wconf 87' lang='lat' dir='ltr'><strong>miseratus</strong></span> <span class='ocrx_word' id='word_1_480' title='bbox 920 3748 1004 3794; x_wconf 89' lang='lat' dir='ltr'><strong>est</strong></span> <span class='ocrx_word' id='word_1_481' title='bbox 1030 3738 1185 3795; x_wconf 87' lang='lat' dir='ltr'><strong>urbis</strong></span> <span class='ocrx_word' id='word_1_482' title='bbox 1227 3738 1529 3804; x_wconf 77' lang='lat' dir='ltr'><strong>excidium,</strong></span> <span class='ocrx_word' id='word_1_483' title='bbox 1561 3749 1617 3793; x_wconf 88' lang='lat' dir='ltr'><strong>et</strong></span> <span class='ocrx_word' id='word_1_484' title='bbox 1646 3736 1975 3793; x_wconf 86' lang='lat' dir='ltr'><strong>defectionis</strong></span> 
     </span>
    </p>
   </div>
   <div class='ocr_carea' id='block_1_72' title="bbox 402 3829 1978 3906">
    <p class='ocr_par' dir='ltr' id='par_1_72' title="bbox 402 3829 1978 3906">
     <span class='ocr_line' id='line_1_72' title="bbox 402 3829 1978 3906; baseline -0.003 -16"><span class='ocrx_word' id='word_1_485' title='bbox 402 3843 657 3891; x_wconf 85' lang='lat' dir='ltr'><strong>auctores</strong></span> <span class='ocrx_word' id='word_1_486' title='bbox 688 3833 855 3906; x_wconf 78' lang='lat'><strong>308</strong></span> <span class='ocrx_word' id='word_1_487' title='bbox 877 3831 1200 3899; x_wconf 80' lang='lat' dir='ltr'><strong>detestatus,</strong></span> <span class='ocrx_word' id='word_1_488' title='bbox 1237 3840 1296 3887; x_wconf 91' lang='lat' dir='ltr'><strong>ut</strong></span> <span class='ocrx_word' id='word_1_489' title='bbox 1321 3831 1519 3887; x_wconf 82' lang='lat' dir='ltr'><strong>excidii</strong></span> <span class='ocrx_word' id='word_1_490' title='bbox 1568 3846 1786 3903; x_wconf 86' lang='lat' dir='ltr'><strong>quoque</strong></span> <span class='ocrx_word' id='word_1_491' title='bbox 1825 3829 1978 3886; x_wconf 84' lang='lat' dir='ltr'><strong>urbis</strong></span> 
     </span>
    </p>
   </div>
   <div class='ocr_carea' id='block_1_73' title="bbox 402 3924 1972 3997">
    <p class='ocr_par' dir='ltr' id='par_1_73' title="bbox 402 3924 1972 3997">
     <span class='ocr_line' id='line_1_73' title="bbox 402 3924 1972 3997; baseline -0.002 -16"><span class='ocrx_word' id='word_1_492' title='bbox 402 3925 642 3997; x_wconf 75' lang='lat' dir='ltr'><strong>antiqua:</strong></span> <span class='ocrx_word' id='word_1_493' title='bbox 687 3937 744 3981; x_wconf 88' lang='lat' dir='ltr'><strong>et</strong></span> <span class='ocrx_word' id='word_1_494' title='bbox 779 3924 959 3981; x_wconf 85' lang='lat' dir='ltr'><strong>felicis</strong></span> <span class='ocrx_word' id='word_1_495' title='bbox 997 3933 1272 3989; x_wconf 89' lang='lat' dir='ltr'><strong>auctores,</strong></span> <span class='ocrx_word' id='word_1_496' title='bbox 1324 3924 1379 3979; x_wconf 91' lang='lat' dir='ltr'><strong>iu</strong></span> <span class='ocrx_word' id='word_1_497' title='bbox 1411 3924 1569 3995; x_wconf 86' lang='lat' dir='ltr'><strong>cujus</strong></span> <span class='ocrx_word' id='word_1_498' title='bbox 1604 3924 1781 3979; x_wconf 90' lang='lat' dir='ltr'><strong>ruinis</strong></span> <span class='ocrx_word' id='word_1_499' title='bbox 1808 3924 1972 3978; x_wconf 89' lang='lat' dir='ltr'><strong>etiam</strong></span> 
     </span>
    </p>
   </div>
   <div class='ocr_carea' id='block_1_74' title="bbox 402 4015 1976 4089">
    <p class='ocr_par' dir='ltr' id='par_1_74' title="bbox 402 4015 1976 4089">
     <span class='ocr_line' id='line_1_74' title="bbox 402 4015 1976 4089; baseline -0.002 -17"><span class='ocrx_word' id='word_1_500' title='bbox 402 4026 587 4089; x_wconf 86' lang='lat' dir='ltr'><strong>partes</strong></span> <span class='ocrx_word' id='word_1_501' title='bbox 614 4016 853 4086; x_wconf 78' lang='lat' dir='ltr'><strong>ingentis</strong></span> <span class='ocrx_word' id='word_1_502' title='bbox 879 4016 1176 4087; x_wconf 72' lang='lat' dir='ltr'><strong>opulentiae</strong></span> <span class='ocrx_word' id='word_1_503' title='bbox 1209 4015 1631 4087; x_wconf 86' lang='lat' dir='ltr'><strong>reperiebantur</strong></span> <span class='ocrx_word' id='word_1_504' title='bbox 1660 4033 1672 4069; x_wconf 93' lang='lat'>:</span> <span class='ocrx_word' id='word_1_505' title='bbox 1713 4015 1976 4070; x_wconf 85' lang='lat' dir='ltr'><strong>Romanis</strong></span> 
     </span>
    </p>
   </div>
   <div class='ocr_carea' id='block_1_75' title="bbox 404 4105 1977 4179">
    <p class='ocr_par' dir='ltr' id='par_1_75' title="bbox 404 4105 1977 4179">
     <span class='ocr_line' id='line_1_75' title="bbox 404 4105 1977 4179; baseline -0.003 -14"><span class='ocrx_word' id='word_1_506' title='bbox 404 4108 574 4165; x_wconf 89' lang='lat' dir='ltr'><strong>multa</strong></span> <span class='ocrx_word' id='word_1_507' title='bbox 620 4105 1039 4176; x_wconf 78' lang='lat' dir='ltr'><strong>eﬂ‘odientibus,</strong></span> <span class='ocrx_word' id='word_1_508' title='bbox 1075 4108 1308 4178; x_wconf 83' lang='lat' dir='ltr'><strong>captivis</strong></span> <span class='ocrx_word' id='word_1_509' title='bbox 1340 4107 1497 4179; x_wconf 85' lang='lat' dir='ltr'><strong>plura</strong></span> <span class='ocrx_word' id='word_1_510' title='bbox 1547 4105 1977 4163; x_wconf 86' lang='lat' dir='ltr'><strong>demonstranti-</strong></span> 
     </span>
    </p>
   </div>
   <div class='ocr_carea' id='block_1_76' title="bbox 402 4198 1977 4273">
    <p class='ocr_par' dir='ltr' id='par_1_76' title="bbox 402 4198 1977 4273">
     <span class='ocr_line' id='line_1_76' title="bbox 402 4198 1977 4273; baseline -0.003 -16"><span class='ocrx_word' id='word_1_511' title='bbox 402 4201 529 4268; x_wconf 88' lang='lat' dir='ltr'><strong>bus,</strong></span> <span class='ocrx_word' id='word_1_512' title='bbox 564 4216 688 4273; x_wconf 72' lang='lat' dir='ltr'><strong>qure</strong></span> <span class='ocrx_word' id='word_1_513' title='bbox 720 4215 1067 4272; x_wconf 90' lang='lat' dir='ltr'><strong>possessores</strong></span> <span class='ocrx_word' id='word_1_514' title='bbox 1091 4200 1162 4255; x_wconf 90' lang='lat' dir='ltr'><strong>ob</strong></span> <span class='ocrx_word' id='word_1_515' title='bbox 1197 4199 1440 4255; x_wconf 89' lang='lat' dir='ltr'><strong>incertos</strong></span> <span class='ocrx_word' id='word_1_516' title='bbox 1462 4198 1592 4255; x_wconf 89' lang='lat' dir='ltr'><strong>belli</strong></span> <span class='ocrx_word' id='word_1_517' title='bbox 1623 4214 1785 4255; x_wconf 90' lang='lat' dir='ltr'><strong>casus</strong></span> <span class='ocrx_word' id='word_1_518' title='bbox 1816 4208 1977 4254; x_wconf 73' lang='lat' dir='ltr'><strong>terra:</strong></span> 
     </span>
    </p>
   </div>
   <div class='ocr_carea' id='block_1_77' title="bbox 403 4295 749 4350">
    <p class='ocr_par' dir='ltr' id='par_1_77' title="bbox 403 4295 749 4350">
     <span class='ocr_line' id='line_1_77' title="bbox 403 4295 749 4350; baseline 0 -2"><span class='ocrx_word' id='word_1_519' title='bbox 403 4295 749 4350; x_wconf 79' lang='lat' dir='ltr'><strong>mandaram.</strong></span> 
     </span>
    </p>
   </div>
   <div class='ocr_carea' id='block_1_78' title="bbox 2081 3274 3659 3347">
    <p class='ocr_par' dir='ltr' id='par_1_78' title="bbox 2081 3274 3659 3347">
     <span class='ocr_line' id='line_1_78' title="bbox 2081 3274 3659 3347; baseline 0.006 -20"><span class='ocrx_word' id='word_1_520' title='bbox 2081 3274 2340 3341; x_wconf 66' lang='grc' dir='ltr'><strong>ἀξιοῦσαν</strong></span> <span class='ocrx_word' id='word_1_521' title='bbox 2386 3277 2517 3339; x_wconf 82' lang='grc' dir='ltr'><strong>τοὺς</strong></span> <span class='ocrx_word' id='word_1_522' title='bbox 2562 3275 2851 3341; x_wconf 86' lang='grc' dir='ltr'><strong>Ἰουδαίους</strong></span> <span class='ocrx_word' id='word_1_523' title='bbox 2887 3278 2987 3347; x_wconf 81' lang='grc' dir='ltr'><strong>τῆς</strong></span> <span class='ocrx_word' id='word_1_524' title='bbox 3042 3278 3270 3342; x_wconf 87' lang='grc' dir='ltr'><strong>πόλεως.</strong></span> <span class='ocrx_word' id='word_1_525' title='bbox 3332 3280 3391 3334; x_wconf 87' lang='lat'><strong>&#39;0</strong></span> <span class='ocrx_word' id='word_1_526' title='bbox 3436 3281 3499 3334; x_wconf 72' lang='grc' dir='ltr'><strong>δὲ</strong></span> <span class='ocrx_word' id='word_1_527' title='bbox 3538 3285 3659 3336; x_wconf 75' lang='grc' dir='ltr'><strong>τῖτε</strong></span> 
     </span>
    </p>
   </div>
   <div class='ocr_carea' id='block_1_79' title="bbox 2054 3362 3663 3446">
    <p class='ocr_par' dir='ltr' id='par_1_79' title="bbox 2054 3362 3663 3446">
     <span class='ocr_line' id='line_1_79' title="bbox 2054 3362 3663 3446; baseline 0.006 -28"><span class='ocrx_word' id='word_1_528' title='bbox 2054 3362 2057 3369; x_wconf 80' lang='grc'><em>’</em></span> <span class='ocrx_word' id='word_1_529' title='bbox 2080 3369 2190 3420; x_wconf 78' lang='grc' dir='ltr'><strong>τῶν</strong></span> <span class='ocrx_word' id='word_1_530' title='bbox 2211 3367 2521 3438; x_wconf 78' lang='grc' dir='ltr'><strong>λεγομένων</strong></span> <span class='ocrx_word' id='word_1_531' title='bbox 2547 3369 2728 3440; x_wconf 78' lang='grc' dir='ltr'><strong>ἡσυχῆ</strong></span> <span class='ocrx_word' id='word_1_532' title='bbox 2763 3369 3107 3436; x_wconf 76' lang='grc' dir='ltr'><strong>κατακούων,</strong></span> <span class='ocrx_word' id='word_1_533' title='bbox 3137 3373 3359 3445; x_wconf 75' lang='grc' dir='ltr'><strong>παρῄει.</strong></span> <span class='ocrx_word' id='word_1_534' title='bbox 3386 3374 3663 3446; x_wconf 79' lang='grc' dir='ltr'><strong>’Υστερον</strong></span> 
     </span>
    </p>
   </div>
   <div class='ocr_carea' id='block_1_80' title="bbox 2077 3460 3661 3535">
    <p class='ocr_par' dir='ltr' id='par_1_80' title="bbox 2077 3460 3661 3535">
     <span class='ocr_line' id='line_1_80' title="bbox 2077 3460 3661 3535; baseline 0.006 -22"><span class='ocrx_word' id='word_1_535' title='bbox 2077 3462 2123 3513; x_wconf 81' lang='grc' dir='ltr'><strong>δ’</strong></span> <span class='ocrx_word' id='word_1_536' title='bbox 2157 3460 2311 3525; x_wconf 56' lang='grc' dir='ltr'><strong>αὖθις</strong></span> <span class='ocrx_word' id='word_1_537' title='bbox 2358 3461 2563 3533; x_wconf 75' lang='grc' dir='ltr'><strong>σφόδρα</strong></span> <span class='ocrx_word' id='word_1_538' title='bbox 2611 3462 2859 3532; x_wconf 79' lang='grc' dir='ltr'><strong>λιπαρῶς</strong></span> <span class='ocrx_word' id='word_1_539' title='bbox 2918 3466 3256 3535; x_wconf 79' lang='grc' dir='ltr'><strong>ἐγκειμένων</strong></span> <span class='ocrx_word' id='word_1_540' title='bbox 3301 3467 3414 3520; x_wconf 83' lang='grc' dir='ltr'><strong>τῶν</strong></span> <span class='ocrx_word' id='word_1_541' title='bbox 3444 3470 3661 3522; x_wconf 76' lang='grc' dir='ltr'><strong>Ἀντιο-</strong></span> 
     </span>
    </p>
   </div>
   <div class='ocr_carea' id='block_1_81' title="bbox 2077 3551 3660 3625">
    <p class='ocr_par' dir='ltr' id='par_1_81' title="bbox 2077 3551 3660 3625">
     <span class='ocr_line' id='line_1_81' title="bbox 2077 3551 3660 3625; baseline 0.005 -21"><span class='ocrx_word' id='word_1_542' title='bbox 2077 3554 2260 3624; x_wconf 81' lang='grc' dir='ltr'><strong>χέων,</strong></span> <span class='ocrx_word' id='word_1_543' title='bbox 2323 3551 2643 3623; x_wconf 75' lang='grc' dir='ltr'><strong>ἐξελαθῆναι</strong></span> <span class='ocrx_word' id='word_1_544' title='bbox 2708 3554 2837 3616; x_wconf 81' lang='grc' dir='ltr'><strong>τοὺς</strong></span> <span class='ocrx_word' id='word_1_545' title='bbox 2903 3555 3195 3619; x_wconf 78' lang='grc' dir='ltr'><strong>Ἰουδαίους</strong></span> <span class='ocrx_word' id='word_1_546' title='bbox 3244 3560 3343 3625; x_wconf 74' lang='grc' dir='ltr'><strong>τῆς</strong></span> <span class='ocrx_word' id='word_1_547' title='bbox 3408 3559 3660 3623; x_wconf 77' lang='grc' dir='ltr'><strong>πόλεως,</strong></span> 
     </span>
    </p>
   </div>
   <div class='ocr_carea' id='block_1_82' title="bbox 2087 3644 3660 3719">
    <p class='ocr_par' dir='ltr' id='par_1_82' title="bbox 2087 3644 3660 3719">
     <span class='ocr_line' id='line_1_82' title="bbox 2087 3644 3660 3719; baseline 0.003 -20"><span class='ocrx_word' id='word_1_548' title='bbox 2087 3644 2252 3699; x_wconf 60' lang='lat' dir='ltr'><strong>’AJJ&#39;</strong></span> <span class='ocrx_word' id='word_1_549' title='bbox 2276 3644 2313 3713; x_wconf 79' lang='grc' dir='ltr'><em>ἦ</em></span> <span class='ocrx_word' id='word_1_550' title='bbox 2342 3662 2409 3715; x_wconf 77' lang='grc' dir='ltr'><strong>τε</strong></span> <span class='ocrx_word' id='word_1_551' title='bbox 2428 3646 2641 3714; x_wconf 78' lang='grc' dir='ltr'><strong>πατρὶς</strong></span> <span class='ocrx_word' id='word_1_552' title='bbox 2673 3646 2892 3714; x_wconf 79' lang='grc' dir='ltr'><strong>αὐτῶν,</strong></span> <span class='ocrx_word' id='word_1_553' title='bbox 2921 3647 3048 3718; x_wconf 78' lang='grc' dir='ltr'><strong>ἔφη,</strong></span> <span class='ocrx_word' id='word_1_554' title='bbox 3088 3650 3176 3714; x_wconf 84' lang='grc' dir='ltr'><strong>εἰς</strong></span> <span class='ocrx_word' id='word_1_555' title='bbox 3210 3647 3288 3717; x_wconf 77' lang='grc' dir='ltr'><strong>ἣν</strong></span> <span class='ocrx_word' id='word_1_556' title='bbox 3315 3648 3660 3719; x_wconf 72' lang='grc' dir='ltr'><strong>ἀναχωρεῖν</strong></span> 
     </span>
    </p>
   </div>
   <div class='ocr_carea' id='block_1_83' title="bbox 2079 3736 3667 3808">
    <p class='ocr_par' dir='ltr' id='par_1_83' title="bbox 2079 3736 3667 3808">
     <span class='ocr_line' id='line_1_83' title="bbox 2079 3736 3667 3808; baseline 0.005 -19"><span class='ocrx_word' id='word_1_557' title='bbox 2079 3736 2301 3802; x_wconf 77' lang='grc' dir='ltr'><strong>αὐτοὺς</strong></span> <span class='ocrx_word' id='word_1_558' title='bbox 2343 3737 2555 3807; x_wconf 78' lang='grc' dir='ltr'><strong>ἐχρῆν,</strong></span> <span class='ocrx_word' id='word_1_559' title='bbox 2585 3738 2900 3806; x_wconf 75' lang='grc' dir='ltr'><strong>ἀνῄρηται,</strong></span> <span class='ocrx_word' id='word_1_560' title='bbox 2938 3738 3033 3794; x_wconf 81' lang='grc' dir='ltr'><strong>καί</strong></span> <span class='ocrx_word' id='word_1_561' title='bbox 3067 3740 3286 3805; x_wconf 79' lang='grc' dir='ltr'><strong>δέξαιτ’</strong></span> <span class='ocrx_word' id='word_1_562' title='bbox 3315 3739 3393 3795; x_wconf 79' lang='grc' dir='ltr'><strong>ἂν</strong></span> <span class='ocrx_word' id='word_1_563' title='bbox 3436 3744 3667 3808; x_wconf 81' lang='grc' dir='ltr'><strong>αὐτοὺς</strong></span> 
     </span>
    </p>
   </div>
   <div class='ocr_carea' id='block_1_84' title="bbox 2081 3830 3667 3904">
    <p class='ocr_par' dir='ltr' id='par_1_84' title="bbox 2081 3830 3667 3904">
     <span class='ocr_line' id='line_1_84' title="bbox 2081 3830 3667 3904; baseline 0 -19"><span class='ocrx_word' id='word_1_564' title='bbox 2081 3831 2282 3898; x_wconf 67' lang='grc' dir='ltr'><strong>οὐδεὶς</strong></span> <span class='ocrx_word' id='word_1_565' title='bbox 2315 3834 2401 3886; x_wconf 76' lang='grc' dir='ltr'><strong>ἐτι</strong></span> <span class='ocrx_word' id='word_1_566' title='bbox 2443 3830 2647 3897; x_wconf 78' lang='grc' dir='ltr'><strong>τόπος.</strong></span> <span class='ocrx_word' id='word_1_567' title='bbox 2692 3832 3084 3903; x_wconf 78' lang='grc' dir='ltr'><strong>Ἀποτυχόντες</strong></span> <span class='ocrx_word' id='word_1_568' title='bbox 3111 3830 3203 3886; x_wconf 77' lang='grc' dir='ltr'><strong>οὖν</strong></span> <span class='ocrx_word' id='word_1_569' title='bbox 3244 3833 3346 3901; x_wconf 74' lang='grc' dir='ltr'><strong>τῆς</strong></span> <span class='ocrx_word' id='word_1_570' title='bbox 3385 3834 3667 3904; x_wconf 75' lang='grc' dir='ltr'><strong>αἰτήσεως</strong></span> 
     </span>
    </p>
   </div>
   <div class='ocr_carea' id='block_1_85' title="bbox 2075 3902 3664 3997">
    <p class='ocr_par' dir='ltr' id='par_1_85' title="bbox 2075 3902 3664 3997">
     <span class='ocr_line' id='line_1_85' title="bbox 2075 3902 3664 3997; baseline 0.003 -22"><span class='ocrx_word' id='word_1_571' title='bbox 2075 3921 2303 3992; x_wconf 76' lang='grc' dir='ltr'><strong>ταύτης,</strong></span> <span class='ocrx_word' id='word_1_572' title='bbox 2336 3924 2429 3974; x_wconf 71' lang='grc' dir='ltr'><strong>ἐπὶ</strong></span> <span class='ocrx_word' id='word_1_573' title='bbox 2484 3923 2746 3992; x_wconf 72' lang='grc' dir='ltr'><strong>δευτέραν</strong></span> <span class='ocrx_word' id='word_1_574' title='bbox 2801 3922 3124 3993; x_wconf 73' lang='grc' dir='ltr'><strong>ἐτράποντο,</strong></span> <span class='ocrx_word' id='word_1_575' title='bbox 3177 3926 3273 3979; x_wconf 77' lang='grc' dir='ltr'><strong>καὶ</strong></span> <span class='ocrx_word' id='word_1_576' title='bbox 3310 3925 3414 3987; x_wconf 84' lang='grc' dir='ltr'><strong>τὰς</strong></span> <span class='ocrx_word' id='word_1_577' title='bbox 3451 3902 3664 3997; x_wconf 60' lang='grc' dir='ltr'><strong>χαλκὲς</strong></span> 
     </span>
    </p>
   </div>
   <div class='ocr_carea' id='block_1_86' title="bbox 2076 4011 3664 4086">
    <p class='ocr_par' dir='ltr' id='par_1_86' title="bbox 2076 4011 3664 4086">
     <span class='ocr_line' id='line_1_86' title="bbox 2076 4011 3664 4086; baseline 0.001 -20"><span class='ocrx_word' id='word_1_578' title='bbox 2076 4013 2265 4085; x_wconf 75' lang='grc' dir='ltr'><strong>ἠξίουν</strong></span> <span class='ocrx_word' id='word_1_579' title='bbox 2321 4013 2539 4076; x_wconf 75' lang='grc' dir='ltr'><strong>δέλτους</strong></span> <span class='ocrx_word' id='word_1_580' title='bbox 2592 4014 2971 4086; x_wconf 77' lang='grc' dir='ltr'><strong>ἀναιρεθῆναι,</strong></span> <span class='ocrx_word' id='word_1_581' title='bbox 3033 4011 3122 4080; x_wconf 73' lang='grc' dir='ltr'><strong>αἷς</strong></span> <span class='ocrx_word' id='word_1_582' title='bbox 3184 4016 3253 4071; x_wconf 78' lang='grc' dir='ltr'><strong>τὰ</strong></span> <span class='ocrx_word' id='word_1_583' title='bbox 3315 4016 3506 4072; x_wconf 83' lang='grc' dir='ltr'><strong>δίκαια</strong></span> <span class='ocrx_word' id='word_1_584' title='bbox 3555 4018 3664 4070; x_wconf 65' lang='grc' dir='ltr'><strong>τῶν</strong></span> 
     </span>
    </p>
   </div>
   <div class='ocr_carea' id='block_1_87' title="bbox 2090 4107 3661 4181">
    <p class='ocr_par' dir='ltr' id='par_1_87' title="bbox 2090 4107 3661 4181">
     <span class='ocr_line' id='line_1_87' title="bbox 2090 4107 3661 4181; baseline 0 -20"><span class='ocrx_word' id='word_1_585' title='bbox 2090 4107 2362 4161; x_wconf 80' lang='grc' dir='ltr'><strong>Ἰουδαίων</strong></span> <span class='ocrx_word' id='word_1_586' title='bbox 2409 4110 2741 4179; x_wconf 86' lang='grc' dir='ltr'><strong>ἐγέγραπτο.</strong></span> <span class='ocrx_word' id='word_1_587' title='bbox 2777 4108 2919 4161; x_wconf 81' lang='grc' dir='ltr'><strong>Ἀλλ’</strong></span> <span class='ocrx_word' id='word_1_588' title='bbox 2956 4107 3080 4162; x_wconf 78' lang='grc' dir='ltr'><strong>οὐδὲ</strong></span> <span class='ocrx_word' id='word_1_589' title='bbox 3115 4109 3252 4181; x_wconf 84' lang='grc' dir='ltr'><strong>πρὸς</strong></span> <span class='ocrx_word' id='word_1_590' title='bbox 3292 4108 3455 4163; x_wconf 81' lang='grc' dir='ltr'><strong>τοῦτο</strong></span> <span class='ocrx_word' id='word_1_591' title='bbox 3502 4110 3661 4170; x_wconf 83' lang='grc' dir='ltr'><strong>Τῖτος</strong></span> 
     </span>
    </p>
   </div>
   <div class='ocr_carea' id='block_1_88' title="bbox 2079 4200 3663 4272">
    <p class='ocr_par' dir='ltr' id='par_1_88' title="bbox 2079 4200 3663 4272">
     <span class='ocr_line' id='line_1_88' title="bbox 2079 4200 3663 4272; baseline -0.001 -18"><span class='ocrx_word' id='word_1_592' title='bbox 2079 4200 2361 4254; x_wconf 80' lang='grc' dir='ltr'><strong>ἐπένευσε.</strong></span> <span class='ocrx_word' id='word_1_593' title='bbox 2416 4200 2600 4254; x_wconf 69' lang='grc' dir='ltr'><strong>Πάντα</strong></span> <span class='ocrx_word' id='word_1_594' title='bbox 2629 4200 2686 4253; x_wconf 84' lang='grc' dir='ltr'><strong>δὲ</strong></span> <span class='ocrx_word' id='word_1_595' title='bbox 2719 4202 2832 4263; x_wconf 86' lang='grc' dir='ltr'><strong>τοῖς</strong></span> <span class='ocrx_word' id='word_1_596' title='bbox 2862 4201 2951 4253; x_wconf 80' lang='grc' dir='ltr'><strong>ἐπ’</strong></span> <span class='ocrx_word' id='word_1_597' title='bbox 2999 4201 3341 4272; x_wconf 79' lang='grc' dir='ltr'><strong>Ἀντιοχείας</strong></span> <span class='ocrx_word' id='word_1_598' title='bbox 3381 4201 3663 4261; x_wconf 77' lang='grc' dir='ltr'><strong>Ἰουδαίοις</strong></span> 
     </span>
    </p>
   </div>
   <div class='ocr_carea' id='block_1_89' title="bbox 2082 4290 3663 4364">
    <p class='ocr_par' dir='ltr' id='par_1_89' title="bbox 2082 4290 3663 4364">
     <span class='ocr_line' id='line_1_89' title="bbox 2082 4290 3663 4364; baseline 0.001 -19"><span class='ocrx_word' id='word_1_599' title='bbox 2082 4292 2288 4357; x_wconf 77' lang='grc' dir='ltr'><strong>εῐασεν,</strong></span> <span class='ocrx_word' id='word_1_600' title='bbox 2319 4291 2394 4355; x_wconf 82' lang='grc' dir='ltr'><strong>ὡς</strong></span> <span class='ocrx_word' id='word_1_601' title='bbox 2428 4293 2692 4364; x_wconf 85' lang='grc' dir='ltr'><strong>πρότερον</strong></span> <span class='ocrx_word' id='word_1_602' title='bbox 2715 4290 2858 4363; x_wconf 74' lang='grc' dir='ltr'><strong>εἶχον</strong></span> <span class='ocrx_word' id='word_1_603' title='bbox 2888 4293 3044 4349; x_wconf 77' lang='grc' dir='ltr'><strong>αὐτά.</strong></span> <span class='ocrx_word' id='word_1_604' title='bbox 3077 4294 3247 4357; x_wconf 63' lang='lat' dir='ltr'><strong>am;</strong></span> <span class='ocrx_word' id='word_1_605' title='bbox 3285 4294 3329 4347; x_wconf 77' lang='grc' dir='ltr'><strong>δ’</strong></span> <span class='ocrx_word' id='word_1_606' title='bbox 3360 4295 3441 4359; x_wconf 89' lang='grc' dir='ltr'><strong>εἰς</strong></span> <span class='ocrx_word' id='word_1_607' title='bbox 3472 4294 3663 4358; x_wconf 76' lang='grc' dir='ltr'><strong>Ἀλεξ-</strong></span> 
     </span>
    </p>
   </div>
   <div class='ocr_carea' id='block_1_90' title="bbox 401 4386 3656 4463">
    <p class='ocr_par' dir='ltr' id='par_1_90' title="bbox 401 4386 3656 4463">
     <span class='ocr_line' id='line_1_90' title="bbox 401 4386 3656 4463; baseline -0.001 -19"><span class='ocrx_word' id='word_1_608' title='bbox 401 4390 654 4463; x_wconf 77' lang='grc' dir='ltr'><strong>άνδρειαν</strong></span> <span class='ocrx_word' id='word_1_609' title='bbox 687 4391 885 4455; x_wconf 82' lang='grc' dir='ltr'><strong>ἀπιὼν,</strong></span> <span class='ocrx_word' id='word_1_610' title='bbox 933 4391 1200 4446; x_wconf 71' lang='grc' dir='ltr'><strong>καὶκατὰ</strong></span> <span class='ocrx_word' id='word_1_611' title='bbox 1235 4392 1333 4463; x_wconf 78' lang='grc' dir='ltr'><strong>τὴν</strong></span> <span class='ocrx_word' id='word_1_612' title='bbox 1379 4390 1607 4461; x_wconf 83' lang='grc' dir='ltr'><strong>πορείαν</strong></span> <span class='ocrx_word' id='word_1_613' title='bbox 1661 4388 1728 4442; x_wconf 70' lang='grc' dir='ltr'><strong>τὲ</strong></span> <span class='ocrx_word' id='word_1_614' title='bbox 1808 4386 2162 4458; x_wconf 79' lang='grc' dir='ltr'><strong>Ἰεροσόλυμα</strong></span> <span class='ocrx_word' id='word_1_615' title='bbox 2226 4389 2588 4454; x_wconf 72' lang='grc' dir='ltr'><strong>θεασάμενος,</strong></span> <span class='ocrx_word' id='word_1_616' title='bbox 2649 4387 2882 4460; x_wconf 80' lang='grc' dir='ltr'><strong>ᾤκτειρε</strong></span> <span class='ocrx_word' id='word_1_617' title='bbox 2908 4389 3001 4443; x_wconf 75' lang='grc' dir='ltr'><strong>τὸν</strong></span> <span class='ocrx_word' id='word_1_618' title='bbox 3026 4390 3128 4460; x_wconf 88' lang='grc' dir='ltr'><strong>τῆς</strong></span> <span class='ocrx_word' id='word_1_619' title='bbox 3172 4391 3381 4452; x_wconf 83' lang='grc' dir='ltr'><strong>πόλεως</strong></span> <span class='ocrx_word' id='word_1_620' title='bbox 3418 4390 3656 4460; x_wconf 79' lang='grc' dir='ltr'><strong>δὶεθρον,</strong></span> 
     </span>
    </p>
   </div>
   <div class='ocr_carea' id='block_1_91' title="bbox 403 4581 740 4647">
    <p class='ocr_par' dir='ltr' id='par_1_91' title="bbox 403 4581 740 4647">
     <span class='ocr_line' id='line_1_91' title="bbox 403 4581 740 4647; baseline 0.003 -17"><span class='ocrx_word' id='word_1_621' title='bbox 403 4581 740 4647; x_wconf 70' lang='grc' dir='ltr'><strong>εὐδαίμονος.</strong></span> 
     </span>
    </p>
   </div>
   <div class='ocr_carea' id='block_1_92' title="bbox 300 4478 3661 4555">
    <p class='ocr_par' dir='ltr' id='par_1_92' title="bbox 300 4478 3661 4555">
     <span class='ocr_line' id='line_1_92' title="bbox 300 4478 3661 4555; baseline -0.002 -20"><span class='ocrx_word' id='word_1_622' title='bbox 300 4480 311 4495; x_wconf 87' lang='grc'><em>’</em></span> <span class='ocrx_word' id='word_1_623' title='bbox 405 4486 763 4555; x_wconf 73' lang='grc' dir='ltr'><strong>ἐπαρώμενος</strong></span> <span class='ocrx_word' id='word_1_624' title='bbox 787 4488 898 4549; x_wconf 88' lang='grc' dir='ltr'><strong>τοῖς</strong></span> <span class='ocrx_word' id='word_1_625' title='bbox 922 4487 1117 4550; x_wconf 78' lang='grc' dir='ltr'><strong>αἰτίοις</strong></span> <span class='ocrx_word' id='word_1_626' title='bbox 1146 4487 1245 4555; x_wconf 78' lang='grc' dir='ltr'><strong>τῆς</strong></span> <span class='ocrx_word' id='word_1_627' title='bbox 1272 4484 1649 4547; x_wconf 78' lang='grc' dir='ltr'><strong>ἀποστάσεως,</strong></span> <span class='ocrx_word' id='word_1_628' title='bbox 1683 4482 1757 4546; x_wconf 84' lang='grc' dir='ltr'><strong>ὡς</strong></span> <span class='ocrx_word' id='word_1_629' title='bbox 1821 4481 2013 4545; x_wconf 82' lang='grc' dir='ltr'><strong>αἰτίοις</strong></span> <span class='ocrx_word' id='word_1_630' title='bbox 2052 4483 2152 4550; x_wconf 80' lang='grc' dir='ltr'><strong>τῆς</strong></span> <span class='ocrx_word' id='word_1_631' title='bbox 2180 4482 2279 4552; x_wconf 79' lang='grc' dir='ltr'><strong>τῆς</strong></span> <span class='ocrx_word' id='word_1_632' title='bbox 2313 4480 2521 4545; x_wconf 85' lang='grc' dir='ltr'><strong>πόλεως</strong></span> <span class='ocrx_word' id='word_1_633' title='bbox 2550 4479 2908 4554; x_wconf 83' lang='grc' dir='ltr'><strong>ἐρημώσεως,</strong></span> <span class='ocrx_word' id='word_1_634' title='bbox 2939 4481 3147 4544; x_wconf 82' lang='grc' dir='ltr'><strong>πόλεως</strong></span> <span class='ocrx_word' id='word_1_635' title='bbox 3173 4482 3408 4550; x_wconf 75' lang='grc' dir='ltr'><strong>ἀρχαὲας</strong></span> <span class='ocrx_word' id='word_1_636' title='bbox 3444 4498 3503 4533; x_wconf 87' lang='grc' dir='ltr'><strong>τε</strong></span> <span class='ocrx_word' id='word_1_637' title='bbox 3566 4478 3661 4532; x_wconf 74' lang='grc' dir='ltr'><strong>καὶ</strong></span> 
     </span>
    </p>
   </div>
   <div class='ocr_carea' id='block_1_93' title="bbox 801 4571 3658 4649">
    <p class='ocr_par' dir='ltr' id='par_1_93' title="bbox 801 4571 3658 4649">
     <span class='ocr_line' id='line_1_93' title="bbox 801 4571 3658 4649; baseline -0.003 -17"><span class='ocrx_word' id='word_1_638' title='bbox 801 4578 1130 4649; x_wconf 80' lang='grc' dir='ltr'><strong>Εύρίσκοντο</strong></span> <span class='ocrx_word' id='word_1_639' title='bbox 1182 4577 1226 4630; x_wconf 86' lang='grc' dir='ltr'><strong>δ’</strong></span> <span class='ocrx_word' id='word_1_640' title='bbox 1264 4578 1343 4630; x_wconf 74' lang='grc' dir='ltr'><strong>ἔτι</strong></span> <span class='ocrx_word' id='word_1_641' title='bbox 1388 4578 1490 4631; x_wconf 84' lang='grc' dir='ltr'><strong>κάν</strong></span> <span class='ocrx_word' id='word_1_642' title='bbox 1541 4579 1652 4635; x_wconf 73' lang='grc' dir='ltr'><strong>τοῖς</strong></span> <span class='ocrx_word' id='word_1_643' title='bbox 1709 4575 1973 4646; x_wconf 79' lang='grc' dir='ltr'><strong>ἐρειπίοις</strong></span> <span class='ocrx_word' id='word_1_644' title='bbox 2011 4575 2217 4642; x_wconf 82' lang='grc' dir='ltr'><strong>αὐτοῖς,</strong></span> <span class='ocrx_word' id='word_1_645' title='bbox 2264 4573 2403 4643; x_wconf 83' lang='grc' dir='ltr'><strong>μέρη</strong></span> <span class='ocrx_word' id='word_1_646' title='bbox 2448 4572 2543 4626; x_wconf 82' lang='grc' dir='ltr'><strong>τοῦ</strong></span> <span class='ocrx_word' id='word_1_647' title='bbox 2606 4571 2912 4643; x_wconf 81' lang='grc' dir='ltr'><strong>βαθυτάτου</strong></span> <span class='ocrx_word' id='word_1_648' title='bbox 2946 4573 3177 4627; x_wconf 80' lang='grc' dir='ltr'><strong>πλούτου</strong></span> <span class='ocrx_word' id='word_1_649' title='bbox 3224 4572 3419 4642; x_wconf 68' lang='grc' dir='ltr'><strong>αὐτῆς.</strong></span> <span class='ocrx_word' id='word_1_650' title='bbox 3488 4571 3658 4625; x_wconf 74' lang='grc' dir='ltr'><strong>Πολλά</strong></span> 
     </span>
    </p>
   </div>
   <div class='ocr_carea' id='block_1_94' title="bbox 407 4662 3697 4739">
    <p class='ocr_par' dir='ltr' id='par_1_94' title="bbox 407 4662 3697 4739">
     <span class='ocr_line' id='line_1_94' title="bbox 407 4662 3697 4739; baseline -0.001 -19"><span class='ocrx_word' id='word_1_651' title='bbox 407 4672 506 4739; x_wconf 71' lang='grc' dir='ltr'><strong>μὲν</strong></span> <span class='ocrx_word' id='word_1_652' title='bbox 536 4667 643 4737; x_wconf 79' lang='grc' dir='ltr'><strong>γὰρ</strong></span> <span class='ocrx_word' id='word_1_653' title='bbox 679 4668 727 4718; x_wconf 81' lang='grc' dir='ltr'><strong>οἱ</strong></span> <span class='ocrx_word' id='word_1_654' title='bbox 791 4667 1050 4735; x_wconf 56' lang='grc' dir='ltr'><strong>Ῥωμαῖοι</strong></span> <span class='ocrx_word' id='word_1_655' title='bbox 1104 4668 1467 4728; x_wconf 75' lang='grc' dir='ltr'><strong>ἀνέσκαπτον,</strong></span> <span class='ocrx_word' id='word_1_656' title='bbox 1523 4666 1587 4718; x_wconf 66' lang='grc' dir='ltr'><strong>τὰ</strong></span> <span class='ocrx_word' id='word_1_657' title='bbox 1628 4666 1797 4718; x_wconf 82' lang='grc' dir='ltr'><strong>πλείω</strong></span> <span class='ocrx_word' id='word_1_658' title='bbox 1839 4666 1895 4718; x_wconf 82' lang='grc' dir='ltr'><strong>δὲ</strong></span> <span class='ocrx_word' id='word_1_659' title='bbox 1959 4667 2008 4718; x_wconf 85' lang='grc' dir='ltr'><strong>οἰ</strong></span> <span class='ocrx_word' id='word_1_660' title='bbox 2052 4665 2393 4735; x_wconf 78' lang='grc' dir='ltr'><strong>αἰχμάλωτοι</strong></span> <span class='ocrx_word' id='word_1_661' title='bbox 2430 4662 2800 4732; x_wconf 80' lang='grc' dir='ltr'><strong>ὑπεδείκνυον,</strong></span> <span class='ocrx_word' id='word_1_662' title='bbox 2844 4664 2991 4737; x_wconf 72' lang='grc' dir='ltr'><strong>ἅπερ</strong></span> <span class='ocrx_word' id='word_1_663' title='bbox 3034 4668 3085 4719; x_wconf 94' lang='grc' dir='ltr'><strong>οἰ</strong></span> <span class='ocrx_word' id='word_1_664' title='bbox 3149 4665 3477 4736; x_wconf 80' lang='grc' dir='ltr'><strong>κεκτημένοι</strong></span> <span class='ocrx_word' id='word_1_665' title='bbox 3520 4666 3697 4738; x_wconf 69' lang='grc' dir='ltr'><strong>πρὶς·</strong></span> 
     </span>
    </p>
   </div>
   <div class='ocr_carea' id='block_1_95' title="bbox 402 4756 2225 4831">
    <p class='ocr_par' dir='ltr' id='par_1_95' title="bbox 402 4756 2225 4831">
     <span class='ocr_line' id='line_1_95' title="bbox 402 4756 2225 4831; baseline -0.002 -16"><span class='ocrx_word' id='word_1_666' title='bbox 402 4761 503 4826; x_wconf 70' lang='grc' dir='ltr'><strong>τὰς</strong></span> <span class='ocrx_word' id='word_1_667' title='bbox 553 4757 783 4828; x_wconf 78' lang='grc' dir='ltr'><strong>ἀδήλους</strong></span> <span class='ocrx_word' id='word_1_668' title='bbox 843 4756 937 4812; x_wconf 82' lang='grc' dir='ltr'><strong>τοῦ</strong></span> <span class='ocrx_word' id='word_1_669' title='bbox 985 4757 1226 4828; x_wconf 87' lang='grc' dir='ltr'><strong>πολέμου</strong></span> <span class='ocrx_word' id='word_1_670' title='bbox 1279 4759 1451 4828; x_wconf 79' lang='grc' dir='ltr'><strong>ῥοπὰς</strong></span> <span class='ocrx_word' id='word_1_671' title='bbox 1500 4759 1641 4812; x_wconf 84' lang='grc' dir='ltr'><strong>κατά</strong></span> <span class='ocrx_word' id='word_1_672' title='bbox 1691 4757 1797 4828; x_wconf 80' lang='grc' dir='ltr'><strong>γῆς</strong></span> <span class='ocrx_word' id='word_1_673' title='bbox 1844 4757 2225 4831; x_wconf 76' lang='grc' dir='ltr'><strong>ἐθησαυρίζον.</strong></span> 
     </span>
    </p>
   </div>
   <div class='ocr_carea' id='block_1_96' title="bbox 473 4851 1975 4924">
    <p class='ocr_par' dir='ltr' id='par_1_96' title="bbox 473 4851 1972 4924">
     <span class='ocr_line' id='line_1_96' title="bbox 473 4851 1972 4924; baseline -0.003 -11"><span class='ocrx_word' id='word_1_674' title='bbox 473 4853 710 4913; x_wconf 78' lang='lat' dir='ltr'><strong>XXVIII.</strong></span> <span class='ocrx_word' id='word_1_675' title='bbox 752 4851 912 4908; x_wconf 82' lang='lat' dir='ltr'><strong>Titus</strong></span> <span class='ocrx_word' id='word_1_676' title='bbox 953 4869 1022 4909; x_wconf 80' lang='lat' dir='ltr'><strong>ex</strong></span> <span class='ocrx_word' id='word_1_677' title='bbox 1059 4851 1297 4924; x_wconf 62' lang='lat' dir='ltr'><strong>Egypto</strong></span> <span class='ocrx_word' id='word_1_678' title='bbox 1330 4861 1386 4909; x_wconf 90' lang='lat' dir='ltr'><strong>et</strong></span> <span class='ocrx_word' id='word_1_679' title='bbox 1410 4853 1741 4911; x_wconf 78' lang='lat' dir='ltr'><strong>Alexandria</strong></span> <span class='ocrx_word' id='word_1_680' title='bbox 1772 4854 1828 4908; x_wconf 90' lang='lat' dir='ltr'><strong>in</strong></span> <span class='ocrx_word' id='word_1_681' title='bbox 1860 4853 1972 4909; x_wconf 87' lang='lat' dir='ltr'><strong>Ita-</strong></span> 
     </span>
    </p>
   </div>
   <div class='ocr_carea' id='block_1_97' title="bbox 2080 4851 3649 4924">
    <p class='ocr_par' dir='ltr' id='par_1_97' title="bbox 2148 4852 3649 4924">
     <span class='ocr_line' id='line_1_97' title="bbox 2148 4852 3649 4924; baseline -0.002 -17"><span class='ocrx_word' id='word_1_682' title='bbox 2148 4855 2283 4908; x_wconf 75' lang='grc' dir='ltr'><strong>κη’.</strong></span> <span class='ocrx_word' id='word_1_683' title='bbox 2309 4855 2468 4917; x_wconf 87' lang='grc' dir='ltr'><strong>Τῖτος</strong></span> <span class='ocrx_word' id='word_1_684' title='bbox 2510 4853 2556 4907; x_wconf 81' lang='grc' dir='ltr'><strong>δ’</strong></span> <span class='ocrx_word' id='word_1_685' title='bbox 2592 4854 2679 4907; x_wconf 78' lang='grc' dir='ltr'><strong>ἐπ’</strong></span> <span class='ocrx_word' id='word_1_686' title='bbox 2717 4853 2998 4923; x_wconf 76' lang='grc' dir='ltr'><strong>Αἴγυπτον</strong></span> <span class='ocrx_word' id='word_1_687' title='bbox 3038 4852 3351 4924; x_wconf 69' lang='grc' dir='ltr'><strong>πορευθεὶς,</strong></span> <span class='ocrx_word' id='word_1_688' title='bbox 3383 4856 3480 4908; x_wconf 74' lang='grc' dir='ltr'><strong>καὶ</strong></span> <span class='ocrx_word' id='word_1_689' title='bbox 3518 4869 3649 4907; x_wconf 83' lang='grc' dir='ltr'><strong>κατ-</strong></span> 
     </span>
    </p>
   </div>
   <div class='ocr_carea' id='block_1_98' title="bbox 402 4945 1974 5017">
    <p class='ocr_par' dir='ltr' id='par_1_98' title="bbox 402 4945 1974 5017">
     <span class='ocr_line' id='line_1_98' title="bbox 402 4945 1974 5017; baseline -0.005 -9"><span class='ocrx_word' id='word_1_690' title='bbox 402 4952 531 5008; x_wconf 85' lang='lat' dir='ltr'><strong>liam</strong></span> <span class='ocrx_word' id='word_1_691' title='bbox 583 4945 976 5017; x_wconf 83' lang='lat' dir='ltr'><strong>navigaturus,</strong></span> <span class='ocrx_word' id='word_1_692' title='bbox 1019 4945 1359 5017; x_wconf 80' lang='lat' dir='ltr'><strong>captivorum</strong></span> <span class='ocrx_word' id='word_1_693' title='bbox 1412 4946 1581 5001; x_wconf 86' lang='lat' dir='ltr'><strong>duces</strong></span> <span class='ocrx_word' id='word_1_694' title='bbox 1620 4945 1882 5001; x_wconf 84' lang='lat' dir='ltr'><strong>Joannem</strong></span> <span class='ocrx_word' id='word_1_695' title='bbox 1916 4954 1974 5000; x_wconf 88' lang='lat' dir='ltr'><strong>et</strong></span> 
     </span>
    </p>
   </div>
   <div class='ocr_carea' id='block_1_99' title="bbox 403 5036 1975 5110">
    <p class='ocr_par' dir='ltr' id='par_1_99' title="bbox 403 5036 1975 5110">
     <span class='ocr_line' id='line_1_99' title="bbox 403 5036 1975 5110; baseline -0.003 -14"><span class='ocrx_word' id='word_1_696' title='bbox 403 5044 680 5096; x_wconf 74' lang='lat' dir='ltr'><strong>Simonem</strong></span> <span class='ocrx_word' id='word_1_697' title='bbox 710 5078 724 5101; x_wconf 89' lang='lat'><strong>,</strong></span> <span class='ocrx_word' id='word_1_698' title='bbox 757 5047 918 5107; x_wconf 86' lang='lat' dir='ltr'><strong>atque</strong></span> <span class='ocrx_word' id='word_1_699' title='bbox 961 5037 1098 5092; x_wconf 84' lang='lat' dir='ltr'><strong>alios</strong></span> <span class='ocrx_word' id='word_1_700' title='bbox 1136 5036 1512 5110; x_wconf 81' lang='lat' dir='ltr'><strong>septingentos</strong></span> <span class='ocrx_word' id='word_1_701' title='bbox 1541 5037 1689 5093; x_wconf 86' lang='lat' dir='ltr'><strong>viros</strong></span> <span class='ocrx_word' id='word_1_702' title='bbox 1732 5037 1975 5108; x_wconf 89' lang='lat' dir='ltr'><strong>proceri-</strong></span> 
     </span>
    </p>
   </div>
   <div class='ocr_carea' id='block_1_100' title="bbox 404 5129 1973 5202">
    <p class='ocr_par' dir='ltr' id='par_1_100' title="bbox 404 5129 1973 5202">
     <span class='ocr_line' id='line_1_100' title="bbox 404 5129 1973 5202; baseline 0.001 -16"><span class='ocrx_word' id='word_1_703' title='bbox 404 5144 514 5189; x_wconf 83' lang='lat' dir='ltr'><strong>tate</strong></span> <span class='ocrx_word' id='word_1_704' title='bbox 562 5142 618 5188; x_wconf 90' lang='lat' dir='ltr'><strong>et</strong></span> <span class='ocrx_word' id='word_1_705' title='bbox 660 5129 926 5202; x_wconf 81' lang='lat' dir='ltr'><strong>elegantia</strong></span> <span class='ocrx_word' id='word_1_706' title='bbox 957 5144 1253 5199; x_wconf 89' lang='lat' dir='ltr'><strong>corporum</strong></span> <span class='ocrx_word' id='word_1_707' title='bbox 1288 5139 1607 5201; x_wconf 54' lang='lat' dir='ltr'><strong>praestantes</strong></span> <span class='ocrx_word' id='word_1_708' title='bbox 1630 5172 1646 5195; x_wconf 91' lang='lat'><strong>,</strong></span> <span class='ocrx_word' id='word_1_709' title='bbox 1699 5132 1884 5187; x_wconf 89' lang='lat' dir='ltr'><strong>statim</strong></span> <span class='ocrx_word' id='word_1_710' title='bbox 1917 5132 1973 5188; x_wconf 91' lang='lat' dir='ltr'><strong>in</strong></span> 
     </span>
    </p>
   </div>
   <div class='ocr_carea' id='block_1_101' title="bbox 400 5222 1974 5297">
    <p class='ocr_par' dir='ltr' id='par_1_101' title="bbox 400 5222 1974 5297">
     <span class='ocr_line' id='line_1_101' title="bbox 400 5222 1974 5297; baseline -0.001 -14"><span class='ocrx_word' id='word_1_711' title='bbox 400 5228 608 5283; x_wconf 82' lang='lat' dir='ltr'><strong>Italiam</strong></span> <span class='ocrx_word' id='word_1_712' title='bbox 641 5223 768 5280; x_wconf 86' lang='lat' dir='ltr'><strong>duci</strong></span> <span class='ocrx_word' id='word_1_713' title='bbox 796 5223 993 5294; x_wconf 84' lang='lat' dir='ltr'><strong>jussit,</strong></span> <span class='ocrx_word' id='word_1_714' title='bbox 1041 5222 1107 5279; x_wconf 88' lang='lat' dir='ltr'><strong>ad</strong></span> <span class='ocrx_word' id='word_1_715' title='bbox 1150 5223 1472 5294; x_wconf 79' lang='lat' dir='ltr'><strong>explendam</strong></span> <span class='ocrx_word' id='word_1_716' title='bbox 1508 5226 1772 5297; x_wconf 88' lang='lat' dir='ltr'><strong>triumphi</strong></span> <span class='ocrx_word' id='word_1_717' title='bbox 1820 5243 1974 5297; x_wconf 88' lang='lat' dir='ltr'><strong>pom-</strong></span> 
     </span>
    </p>
   </div>
   <div class='ocr_carea' id='block_1_102' title="bbox 402 5316 1977 5392">
    <p class='ocr_par' dir='ltr' id='par_1_102' title="bbox 402 5316 1977 5392">
     <span class='ocr_line' id='line_1_102' title="bbox 402 5316 1977 5392; baseline 0.001 -16"><span class='ocrx_word' id='word_1_718' title='bbox 402 5337 546 5392; x_wconf 84' lang='lat' dir='ltr'><strong>pam.</strong></span> <span class='ocrx_word' id='word_1_719' title='bbox 588 5318 711 5375; x_wconf 89' lang='lat' dir='ltr'><strong>Tito</strong></span> <span class='ocrx_word' id='word_1_720' title='bbox 740 5317 962 5372; x_wconf 80' lang='lat' dir='ltr'><strong>Romam</strong></span> <span class='ocrx_word' id='word_1_721' title='bbox 995 5316 1474 5384; x_wconf 85' lang='lat' dir='ltr'><strong>reverso,Lucius</strong></span> <span class='ocrx_word' id='word_1_722' title='bbox 1520 5319 1719 5376; x_wconf 87' lang='lat' dir='ltr'><strong>Bassus</strong></span> <span class='ocrx_word' id='word_1_723' title='bbox 1774 5332 1977 5391; x_wconf 70' lang='lat' dir='ltr'><strong>praztor</strong></span> 
     </span>
    </p>
   </div>
   <div class='ocr_carea' id='block_1_103' title="bbox 401 5409 1974 5473">
    <p class='ocr_par' dir='ltr' id='par_1_103' title="bbox 401 5409 1974 5473">
     <span class='ocr_line' id='line_1_103' title="bbox 401 5409 1974 5473; baseline -0.001 -4"><span class='ocrx_word' id='word_1_724' title='bbox 401 5414 457 5469; x_wconf 88' lang='lat' dir='ltr'><strong>in</strong></span> <span class='ocrx_word' id='word_1_725' title='bbox 515 5411 757 5471; x_wconf 64' lang='lat' dir='ltr'><strong>Iudaeam</strong></span> <span class='ocrx_word' id='word_1_726' title='bbox 822 5410 1017 5466; x_wconf 80' lang='lat' dir='ltr'><strong>missus</strong></span> <span class='ocrx_word' id='word_1_727' title='bbox 1049 5451 1063 5473; x_wconf 92' lang='lat'><strong>,</strong></span> <span class='ocrx_word' id='word_1_728' title='bbox 1121 5410 1345 5466; x_wconf 86' lang='lat' dir='ltr'><strong>castello</strong></span> <span class='ocrx_word' id='word_1_729' title='bbox 1402 5409 1640 5466; x_wconf 85' lang='lat' dir='ltr'><strong>Herodio</strong></span> <span class='ocrx_word' id='word_1_730' title='bbox 1694 5411 1974 5469; x_wconf 87' lang='lat' dir='ltr'><strong>deditione</strong></span> 
     </span>
    </p>
   </div>
   <div class='ocr_carea' id='block_1_104' title="bbox 402 5502 1977 5575">
    <p class='ocr_par' dir='ltr' id='par_1_104' title="bbox 402 5502 1977 5575">
     <span class='ocr_line' id='line_1_104' title="bbox 402 5502 1977 5575; baseline 0.002 -18"><span class='ocrx_word' id='word_1_731' title='bbox 402 5514 581 5575; x_wconf 68' lang='lat' dir='ltr'><strong>rupto,</strong></span> <span class='ocrx_word' id='word_1_732' title='bbox 616 5518 806 5559; x_wconf 89' lang='lat' dir='ltr'><strong>omnes</strong></span> <span class='ocrx_word' id='word_1_733' title='bbox 834 5506 953 5573; x_wconf 85' lang='lat' dir='ltr'><strong>ejus</strong></span> <span class='ocrx_word' id='word_1_734' title='bbox 976 5502 1270 5572; x_wconf 64' lang='lat' dir='ltr'><strong>provincim</strong></span> <span class='ocrx_word' id='word_1_735' title='bbox 1299 5502 1486 5571; x_wconf 84' lang='lat' dir='ltr'><strong>copias</strong></span> <span class='ocrx_word' id='word_1_736' title='bbox 1518 5512 1708 5557; x_wconf 89' lang='lat' dir='ltr'><strong>contra</strong></span> <span class='ocrx_word' id='word_1_737' title='bbox 1758 5502 1977 5560; x_wconf 49' lang='lat' dir='ltr'><strong>Machay</strong></span> 
     </span>
    </p>
   </div>
   <div class='ocr_carea' id='block_1_105' title="bbox 406 5592 1974 5662">
    <p class='ocr_par' dir='ltr' id='par_1_105' title="bbox 406 5592 1974 5662">
     <span class='ocr_line' id='line_1_105' title="bbox 406 5592 1974 5662; baseline 0.001 -13"><span class='ocrx_word' id='word_1_738' title='bbox 406 5606 621 5649; x_wconf 88' lang='lat' dir='ltr'><strong>rnutem</strong></span> <span class='ocrx_word' id='word_1_739' title='bbox 677 5594 958 5649; x_wconf 85' lang='lat' dir='ltr'><strong>castellum</strong></span> <span class='ocrx_word' id='word_1_740' title='bbox 1005 5592 1434 5648; x_wconf 81' lang='lat' dir='ltr'><strong>munitissimum</strong></span> <span class='ocrx_word' id='word_1_741' title='bbox 1472 5603 1644 5662; x_wconf 88' lang='lat' dir='ltr'><strong>parat.</strong></span> <span class='ocrx_word' id='word_1_742' title='bbox 1690 5594 1783 5647; x_wconf 80' lang='lat' dir='ltr'><strong>Est</strong></span> <span class='ocrx_word' id='word_1_743' title='bbox 1827 5596 1974 5651; x_wconf 90' lang='lat' dir='ltr'><strong>enim</strong></span> 
     </span>
    </p>
   </div>
   <div class='ocr_carea' id='block_1_106' title="bbox 406 5684 1973 5756">
    <p class='ocr_par' dir='ltr' id='par_1_106' title="bbox 406 5684 1973 5756">
     <span class='ocr_line' id='line_1_106' title="bbox 406 5684 1973 5756; baseline 0.003 -19"><span class='ocrx_word' id='word_1_744' title='bbox 406 5687 460 5739; x_wconf 89' lang='lat' dir='ltr'><strong>in</strong></span> <span class='ocrx_word' id='word_1_745' title='bbox 513 5696 732 5754; x_wconf 88' lang='lat' dir='ltr'><strong>petroso</strong></span> <span class='ocrx_word' id='word_1_746' title='bbox 791 5686 1000 5740; x_wconf 91' lang='lat' dir='ltr'><strong>tumulo</strong></span> <span class='ocrx_word' id='word_1_747' title='bbox 1051 5687 1258 5750; x_wconf 89' lang='lat' dir='ltr'><strong>situm,</strong></span> <span class='ocrx_word' id='word_1_748' title='bbox 1299 5684 1575 5740; x_wconf 71' lang='lat' dir='ltr'><strong>mmuibus</strong></span> <span class='ocrx_word' id='word_1_749' title='bbox 1636 5684 1925 5756; x_wconf 83' lang='lat' dir='ltr'><strong>obseptum</strong></span> <span class='ocrx_word' id='word_1_750' title='bbox 1958 5730 1973 5754; x_wconf 89' lang='lat'><strong>,</strong></span> 
     </span>
    </p>
   </div>
   <div class='ocr_carea' id='block_1_107' title="bbox 410 5778 1977 5843">
    <p class='ocr_par' dir='ltr' id='par_1_107' title="bbox 410 5778 1977 5843">
     <span class='ocr_line' id='line_1_107' title="bbox 410 5778 1977 5843; baseline 0.005 -14"><span class='ocrx_word' id='word_1_751' title='bbox 410 5780 592 5839; x_wconf 84' lang='lat' dir='ltr'><strong>itaque</strong></span> <span class='ocrx_word' id='word_1_752' title='bbox 645 5795 675 5830; x_wconf 82' lang='lat' dir='ltr'><strong>a</strong></span> <span class='ocrx_word' id='word_1_753' title='bbox 736 5788 925 5832; x_wconf 71' lang='lat' dir='ltr'><strong>natura</strong></span> <span class='ocrx_word' id='word_1_754' title='bbox 970 5788 1219 5843; x_wconf 74' lang='lat' dir='ltr'><strong>paratum</strong></span> <span class='ocrx_word' id='word_1_755' title='bbox 1248 5817 1264 5841; x_wconf 89' lang='lat'><strong>,</strong></span> <span class='ocrx_word' id='word_1_756' title='bbox 1299 5785 1355 5832; x_wconf 86' lang='lat' dir='ltr'><strong>ut</strong></span> <span class='ocrx_word' id='word_1_757' title='bbox 1384 5792 1483 5833; x_wconf 84' lang='lat' dir='ltr'><strong>nec</strong></span> <span class='ocrx_word' id='word_1_758' title='bbox 1526 5790 1780 5834; x_wconf 81' lang='lat' dir='ltr'><strong>accessus</strong></span> <span class='ocrx_word' id='word_1_759' title='bbox 1836 5778 1890 5836; x_wconf 84' lang='lat' dir='ltr'><strong>in</strong></span> <span class='ocrx_word' id='word_1_760' title='bbox 1923 5780 1977 5837; x_wconf 85' lang='lat' dir='ltr'><strong>id</strong></span> 
     </span>
    </p>
   </div>
   <div class='ocr_carea' id='block_1_108' title="bbox 2083 4944 3651 5018">
    <p class='ocr_par' dir='ltr' id='par_1_108' title="bbox 2083 4944 3651 5018">
     <span class='ocr_line' id='line_1_108' title="bbox 2083 4944 3651 5018; baseline -0.004 -16"><span class='ocrx_word' id='word_1_761' title='bbox 2083 4950 2326 5017; x_wconf 79' lang='grc' dir='ltr'><strong>αντήσας</strong></span> <span class='ocrx_word' id='word_1_762' title='bbox 2360 4949 2443 5010; x_wconf 84' lang='grc' dir='ltr'><strong>εἰς</strong></span> <span class='ocrx_word' id='word_1_763' title='bbox 2483 4947 2924 5018; x_wconf 75' lang='grc' dir='ltr'><strong>Ἀλεξάνδρειαν,</strong></span> <span class='ocrx_word' id='word_1_764' title='bbox 2962 4945 3221 5001; x_wconf 84' lang='grc' dir='ltr'><strong>κάκεῖθεν</strong></span> <span class='ocrx_word' id='word_1_765' title='bbox 3246 4945 3404 5000; x_wconf 86' lang='grc' dir='ltr'><strong>πλεῖν</strong></span> <span class='ocrx_word' id='word_1_766' title='bbox 3442 4946 3529 4998; x_wconf 71' lang='grc' dir='ltr'><strong>ἐπὶ</strong></span> <span class='ocrx_word' id='word_1_767' title='bbox 3555 4944 3651 5014; x_wconf 60' lang='grc' dir='ltr'><strong>τὴν</strong></span> 
     </span>
    </p>
   </div>
   <div class='ocr_carea' id='block_1_109' title="bbox 2082 5037 3649 5111">
    <p class='ocr_par' dir='ltr' id='par_1_109' title="bbox 2082 5037 3649 5111">
     <span class='ocr_line' id='line_1_109' title="bbox 2082 5037 3649 5111; baseline -0.004 -16"><span class='ocrx_word' id='word_1_768' title='bbox 2082 5038 2315 5096; x_wconf 73' lang='grc' dir='ltr'><strong>Ἰταλίαν</strong></span> <span class='ocrx_word' id='word_1_769' title='bbox 2365 5040 2599 5111; x_wconf 81' lang='grc' dir='ltr'><strong>μέλλων,</strong></span> <span class='ocrx_word' id='word_1_770' title='bbox 2643 5040 2751 5094; x_wconf 85' lang='grc' dir='ltr'><strong>τῶν</strong></span> <span class='ocrx_word' id='word_1_771' title='bbox 2792 5038 3157 5111; x_wconf 81' lang='grc' dir='ltr'><strong>αἰχμαλώτων</strong></span> <span class='ocrx_word' id='word_1_772' title='bbox 3199 5037 3331 5103; x_wconf 75' lang='grc' dir='ltr'><strong>τοὺς</strong></span> <span class='ocrx_word' id='word_1_773' title='bbox 3383 5038 3649 5110; x_wconf 72' lang='grc' dir='ltr'><strong>ἡγεμόνας</strong></span> 
     </span>
    </p>
   </div>
   <div class='ocr_carea' id='block_1_110' title="bbox 2095 5130 3647 5205">
    <p class='ocr_par' dir='ltr' id='par_1_110' title="bbox 2095 5130 3647 5205">
     <span class='ocr_line' id='line_1_110' title="bbox 2095 5130 3647 5205; baseline -0.003 -19"><span class='ocrx_word' id='word_1_774' title='bbox 2095 5133 2350 5205; x_wconf 67' lang='grc' dir='ltr'><strong>Ἰωάννην</strong></span> <span class='ocrx_word' id='word_1_775' title='bbox 2400 5132 2498 5187; x_wconf 77' lang='grc' dir='ltr'><strong>καί⁸</strong></span> <span class='ocrx_word' id='word_1_776' title='bbox 2537 5131 2781 5203; x_wconf 83' lang='grc' dir='ltr'><strong>Σίμωνα,</strong></span> <span class='ocrx_word' id='word_1_777' title='bbox 2815 5131 2908 5186; x_wconf 79' lang='grc' dir='ltr'><strong>καί</strong></span> <span class='ocrx_word' id='word_1_778' title='bbox 2940 5130 3135 5195; x_wconf 75' lang='grc' dir='ltr'><strong>ἄλλους</strong></span> <span class='ocrx_word' id='word_1_779' title='bbox 3177 5130 3379 5201; x_wconf 77' lang='grc' dir='ltr'><strong>ἄνδρας</strong></span> <span class='ocrx_word' id='word_1_780' title='bbox 3426 5133 3647 5184; x_wconf 82' lang='grc' dir='ltr'><strong>ἐπτακο⁴</strong></span> 
     </span>
    </p>
   </div>
   <div class='ocr_carea' id='block_1_111' title="bbox 2088 5220 3643 5294">
    <p class='ocr_par' dir='ltr' id='par_1_111' title="bbox 2088 5220 3643 5294">
     <span class='ocr_line' id='line_1_111' title="bbox 2088 5220 3643 5294; baseline -0.003 -17"><span class='ocrx_word' id='word_1_781' title='bbox 2088 5224 2238 5287; x_wconf 72' lang='grc' dir='ltr'><strong>σίους</strong></span> <span class='ocrx_word' id='word_1_782' title='bbox 2272 5222 2493 5294; x_wconf 83' lang='grc' dir='ltr'><strong>μεγέθει</strong></span> <span class='ocrx_word' id='word_1_783' title='bbox 2527 5239 2589 5277; x_wconf 88' lang='grc' dir='ltr'><strong>τε</strong></span> <span class='ocrx_word' id='word_1_784' title='bbox 2627 5223 2724 5278; x_wconf 76' lang='grc' dir='ltr'><strong>καὶ</strong></span> <span class='ocrx_word' id='word_1_785' title='bbox 2755 5220 2942 5278; x_wconf 79' lang='grc' dir='ltr'><strong>κάλλει</strong></span> <span class='ocrx_word' id='word_1_786' title='bbox 2975 5222 3229 5292; x_wconf 83' lang='grc' dir='ltr'><strong>σώματος</strong></span> <span class='ocrx_word' id='word_1_787' title='bbox 3252 5222 3643 5294; x_wconf 82' lang='grc' dir='ltr'><strong>διαπρέποντας</strong></span> 
     </span>
    </p>
   </div>
   <div class='ocr_carea' id='block_1_112' title="bbox 2085 5312 3639 5382">
    <p class='ocr_par' dir='ltr' id='par_1_112' title="bbox 2085 5312 3639 5382">
     <span class='ocr_line' id='line_1_112' title="bbox 2085 5312 3639 5382; baseline -0.004 -14"><span class='ocrx_word' id='word_1_788' title='bbox 2085 5319 2163 5378; x_wconf 80' lang='grc' dir='ltr'><strong>εἰς</strong></span> <span class='ocrx_word' id='word_1_789' title='bbox 2204 5316 2303 5377; x_wconf 76' lang='grc' dir='ltr'><strong>τὴν</strong></span> <span class='ocrx_word' id='word_1_790' title='bbox 2353 5313 2586 5369; x_wconf 84' lang='grc' dir='ltr'><strong>Ἰταλίαν</strong></span> <span class='ocrx_word' id='word_1_791' title='bbox 2630 5314 2833 5369; x_wconf 82' lang='grc' dir='ltr'><strong>αὐτίκα</strong></span> <span class='ocrx_word' id='word_1_792' title='bbox 2879 5312 3025 5382; x_wconf 83' lang='grc' dir='ltr'><strong>μάλα</strong></span> <span class='ocrx_word' id='word_1_793' title='bbox 3068 5313 3359 5368; x_wconf 66' lang='grc' dir='ltr'><strong>ἐκέλευσεν</strong></span> <span class='ocrx_word' id='word_1_794' title='bbox 3406 5313 3639 5382; x_wconf 81' lang='grc' dir='ltr'><strong>ἄγεσθαι,</strong></span> 
     </span>
    </p>
   </div>
   <div class='ocr_carea' id='block_1_113' title="bbox 2084 5403 3637 5479">
    <p class='ocr_par' dir='ltr' id='par_1_113' title="bbox 2084 5403 3637 5479">
     <span class='ocr_line' id='line_1_113' title="bbox 2084 5403 3637 5479; baseline -0.005 -16"><span class='ocrx_word' id='word_1_795' title='bbox 2084 5409 2152 5463; x_wconf 83' lang='grc' dir='ltr'><strong>ἶν’</strong></span> <span class='ocrx_word' id='word_1_796' title='bbox 2188 5411 2245 5461; x_wconf 80' lang='grc' dir='ltr'><strong>ἐν</strong></span> <span class='ocrx_word' id='word_1_797' title='bbox 2276 5410 2351 5478; x_wconf 81' lang='grc' dir='ltr'><strong>τῷ</strong></span> <span class='ocrx_word' id='word_1_798' title='bbox 2377 5408 2631 5478; x_wconf 80' lang='grc' dir='ltr'><strong>θριάμϐῳ</strong></span> <span class='ocrx_word' id='word_1_799' title='bbox 2657 5407 2990 5478; x_wconf 81' lang='grc' dir='ltr'><strong>πληρώσωσι</strong></span> <span class='ocrx_word' id='word_1_800' title='bbox 3023 5406 3120 5479; x_wconf 81' lang='grc' dir='ltr'><strong>τὴν</strong></span> <span class='ocrx_word' id='word_1_801' title='bbox 3153 5412 3402 5478; x_wconf 78' lang='grc' dir='ltr'><strong>πομπήν.</strong></span> <span class='ocrx_word' id='word_1_802' title='bbox 3430 5403 3637 5462; x_wconf 67' lang='grc' dir='ltr'><strong>Μετάδέ</strong></span> 
     </span>
    </p>
   </div>
   <div class='ocr_carea' id='block_1_114' title="bbox 2085 5497 3633 5570">
    <p class='ocr_par' dir='ltr' id='par_1_114' title="bbox 2085 5497 3633 5570">
     <span class='ocr_line' id='line_1_114' title="bbox 2085 5497 3633 5570; baseline -0.004 -19"><span class='ocrx_word' id='word_1_803' title='bbox 2085 5499 2185 5570; x_wconf 78' lang='grc' dir='ltr'><strong>τὴν</strong></span> <span class='ocrx_word' id='word_1_804' title='bbox 2214 5503 2292 5563; x_wconf 78' lang='grc' dir='ltr'><strong>εἰς</strong></span> <span class='ocrx_word' id='word_1_805' title='bbox 2334 5498 2552 5570; x_wconf 84' lang='grc' dir='ltr'><strong>Ῥώμην</strong></span> <span class='ocrx_word' id='word_1_806' title='bbox 2590 5498 2684 5550; x_wconf 83' lang='grc' dir='ltr'><strong>τοῦ</strong></span> <span class='ocrx_word' id='word_1_807' title='bbox 2717 5498 2880 5551; x_wconf 81' lang='grc' dir='ltr'><strong>Τίτου</strong></span> <span class='ocrx_word' id='word_1_808' title='bbox 2907 5497 3088 5567; x_wconf 74' lang='grc' dir='ltr'><strong>ἄφιξιν</strong></span> <span class='ocrx_word' id='word_1_809' title='bbox 3121 5498 3395 5568; x_wconf 68' lang='grc' dir='ltr'><strong>πεμφθεὶς</strong></span> <span class='ocrx_word' id='word_1_810' title='bbox 3418 5510 3633 5565; x_wconf 78' lang='grc' dir='ltr'><strong>στρατη·-</strong></span> 
     </span>
    </p>
   </div>
   <div class='ocr_carea' id='block_1_115' title="bbox 2087 5583 3630 5661">
    <p class='ocr_par' dir='ltr' id='par_1_115' title="bbox 2087 5583 3630 5661">
     <span class='ocr_line' id='line_1_115' title="bbox 2087 5583 3630 5661; baseline -0.004 -16"><span class='ocrx_word' id='word_1_811' title='bbox 2087 5594 2179 5661; x_wconf 75' lang='grc' dir='ltr'><strong>γὺς</strong></span> <span class='ocrx_word' id='word_1_812' title='bbox 2237 5595 2315 5654; x_wconf 76' lang='grc' dir='ltr'><strong>εἰς</strong></span> <span class='ocrx_word' id='word_1_813' title='bbox 2378 5591 2633 5647; x_wconf 77' lang='grc' dir='ltr'><strong>Ὶύδαίαν</strong></span> <span class='ocrx_word' id='word_1_814' title='bbox 2691 5592 2919 5654; x_wconf 74' lang='grc' dir='ltr'><strong>Λούκιος</strong></span> <span class='ocrx_word' id='word_1_815' title='bbox 2969 5590 3199 5653; x_wconf 75' lang='grc' dir='ltr'><strong>Βάσσος,</strong></span> <span class='ocrx_word' id='word_1_816' title='bbox 3242 5591 3304 5644; x_wconf 81' lang='grc' dir='ltr'><strong>τὸ</strong></span> <span class='ocrx_word' id='word_1_817' title='bbox 3354 5593 3448 5660; x_wconf 84' lang='grc' dir='ltr'><strong>μὲν</strong></span> <span class='ocrx_word' id='word_1_818' title='bbox 3486 5591 3539 5641; x_wconf 81' lang='grc' dir='ltr'><strong>ἐν</strong></span> <span class='ocrx_word' id='word_1_819' title='bbox 3566 5583 3630 5650; x_wconf 72' lang='grc' dir='ltr'><strong>τῷ</strong></span> 
     </span>
    </p>
   </div>
   <div class='ocr_carea' id='block_1_116' title="bbox 2098 5674 3627 5757">
    <p class='ocr_par' dir='ltr' id='par_1_116' title="bbox 2098 5674 3627 5757">
     <span class='ocr_line' id='line_1_116' title="bbox 2098 5674 3627 5757; baseline -0.008 -19"><span class='ocrx_word' id='word_1_820' title='bbox 2098 5684 2346 5755; x_wconf 75' lang='grc' dir='ltr'><strong>Ἡρωδίῳ</strong></span> <span class='ocrx_word' id='word_1_821' title='bbox 2403 5684 2666 5757; x_wconf 60' lang='grc' dir='ltr'><strong>φρούριον</strong></span> <span class='ocrx_word' id='word_1_822' title='bbox 2735 5682 2873 5753; x_wconf 74' lang='grc' dir='ltr'><strong>μετά</strong></span> <span class='ocrx_word' id='word_1_823' title='bbox 2940 5682 3048 5736; x_wconf 82' lang='grc' dir='ltr'><strong>τῶν</strong></span> <span class='ocrx_word' id='word_1_824' title='bbox 3114 5683 3452 5754; x_wconf 77' lang='grc' dir='ltr'><strong>κατεχόντων</strong></span> <span class='ocrx_word' id='word_1_825' title='bbox 3510 5674 3627 5732; x_wconf 73' lang='grc' dir='ltr'><strong>αὐτὸ</strong></span> 
     </span>
    </p>
   </div>
   <div class='ocr_carea' id='block_1_117' title="bbox 2090 5766 3623 5839">
    <p class='ocr_par' dir='ltr' id='par_1_117' title="bbox 2090 5766 3623 5839">
     <span class='ocr_line' id='line_1_117' title="bbox 2090 5766 3623 5839; baseline -0.008 -6"><span class='ocrx_word' id='word_1_826' title='bbox 2090 5779 2490 5839; x_wconf 64' lang='grc' dir='ltr'><strong>προεπκέιυετο.</strong></span> <span class='ocrx_word' id='word_1_827' title='bbox 2528 5772 2661 5832; x_wconf 71' lang='grc' dir='ltr'><strong>Εἶτα</strong></span> <span class='ocrx_word' id='word_1_828' title='bbox 2695 5777 2805 5832; x_wconf 72' lang='grc' dir='ltr'><strong>πᾶν</strong></span> <span class='ocrx_word' id='word_1_829' title='bbox 2855 5778 2977 5833; x_wconf 74' lang='grc' dir='ltr'><strong>ὅσον</strong></span> <span class='ocrx_word' id='word_1_830' title='bbox 3007 5772 3072 5831; x_wconf 65' lang='grc' dir='ltr'><strong>ἦν</strong></span> <span class='ocrx_word' id='word_1_831' title='bbox 3113 5776 3230 5830; x_wconf 78' lang='grc' dir='ltr'><strong>ἐκεῖ</strong></span> <span class='ocrx_word' id='word_1_832' title='bbox 3263 5766 3623 5830; x_wconf 66' lang='grc' dir='ltr'><strong>στρατιωτικὸν</strong></span> 
     </span>
    </p>
   </div>
  </div>
