4042 6200
351 261 450 325 5Ί7

1645 272 2046 333 ANNALIUM
2092 275 2241 336 [ΑΒ.
2280 277 2384 338 γι.

3489 281 3597 343 538

356 378 700 448 σιναγαγὼν,
743 379 835 434 ἐπὶ
866 382 1256 451 Μαχαιροῦντα
1296 383 1605 454 στρατεύει.
1637 380 1744 440 ἾΙν
1772 387 1826 440 δέ
1858 386 1918 440 τὸ

2048 396 2207 442 lateat
2231 429 2247 453 ,
2281 389 2568 458 profundis
2599 389 2831 444 vallibus
2860 398 3116 460 tanquam
3151 390 3310 448 fossis
3333 394 3597 451 cinctum.

352 472 609 540 φρούριον
645 471 804 524 τοῦτο
840 471 962 524 λίαν
993 474 1318 537 δυσάλωτον,
1360 475 1640 545 πετρώδης
1660 477 1736 528 ὢν
1761 476 1919 542 ὄχθος

355 564 760 632 τετειχισμένος
781 580 794 594 ο
828 564 970 618 οὕτω
992 565 1038 618 δ’
1065 565 1168 618 ὑπὸ
1193 567 1292 636 τῆς
1323 567 1542 633 φύσεως
1581 569 1919 623 κατεσκεύα-

350 672 466 719 στο,
498 654 574 718 ὡς
605 655 740 726 μηδέ
772 657 1030 726 προσιτὸς
1073 653 1212 710 εἶναι
1239 674 1252 688 ο
1290 659 1533 727 φάραγξι
1567 660 1675 729 γὰρ
1722 660 1921 714 πάντο-

351 747 442 800 θεν
478 747 729 816 βαθείαις
761 748 1150 819 ἐτετάφρευτο.
1190 751 1348 804 Οὕτω
1378 751 1752 822 δ’ὀχυρότητος
1779 752 1920 822 ἕχον,

348 844 448 895 avi.
485 839 761 911 βασίλειον
783 838 932 912 εἶχεν
963 842 1116 906 ἐντὸς
1143 845 1362 911 μεγέθει
1394 861 1452 897 τε
1481 845 1574 898 καὶ
1600 845 1787 898 κάλλει
1816 846 1922 899 τῶν

347 934 623 1004 οίκὴσεων
658 933 997 1004 θαυμαστὸν,
1044 934 1242 998 πολλάς
1275 936 1331 988 δὲ
1362 936 1457 989 καὶ
1502 937 1802 1004 δεξαμένας
1845 938 1924 999 είς

349 1026 624 1096 ὑποδοχὴν
653 1025 845 1089 ὓδατος
880 1028 939 1078 ἐν
974 1028 1085 1090 τοῖς
1119 1027 1580 1096 ἐπιτηδειοτάτοις
1601 1028 1712 1081 τῶν
1743 1029 1926 1082 τόπων

348 1119 638 1186 ἐκέκτητο.
671 1120 817 1188 Πρὸς
866 1119 921 1172 δὲ
975 1121 1087 1182 τοῖς
1130 1119 1310 1182 ἄλλοις
1364 1120 1423 1173 ἐν
1479 1123 1590 1186 τοῖς
1634 1123 1927 1192 βασιλείοις

341 1213 452 1266 ,καὶ
481 1214 725 1281 πήγανον
748 1207 839 1283 ἦν,
861 1212 1012 1280 ἄξιον
1039 1214 1128 1267 διὰ
1157 1213 1384 1284 μέγεθος
1415 1215 1695 1285 θαύματος
1712 1233 1728 1250 ο
1753 1217 1927 1287 συκῆς

347 1305 462 1372 γὲρ
491 1302 616 1356 οὐδέ
647 1305 777 1373 μιᾶς
813 1301 982 1372 ὕψους
1007 1304 1102 1357 καὶ
1135 1287 1346 1374 πάχους
1377 1304 1626 1360 ἐλείπετο
1645 1324 1659 1339 ο
1699 1307 1856 1375 λόγος
1881 1308 1927 1361 δ’

348 1393 420 1465 ἧι
482 1397 591 1449 ἀπὸ
630 1397 742 1448 τῶν
787 1393 1029 1466 Ἡρώδου
1071 1397 1282 1466 χρόνων
1311 1397 1444 1451 αὐτὸ
1487 1399 1796 1470 διαρκέσαι,
1834 1401 1929 1454 καὶ

345 1487 450 1539 ἐπὶ
473 1488 719 1540 πλεῖστον
753 1488 885 1548 ἴσως
923 1485 1136 1555 ἔμεινεν
1168 1487 1256 1551 ἂν,
1286 1490 1334 1542 εί
1362 1488 1438 1557 μὴ
1473 1489 1578 1542 ὑπὸ
1606 1489 1715 1542 τῶν
1746 1508 1929 1562 παρα-

345 1579 631 1631 λαῆόντων
664 1579 759 1631 τὸν
787 1579 954 1631 τόπον
987 1578 1260 1632 Ἰουδαίων
1283 1581 1609 1636 ἐκκέκοπτο.
1647 1584 1738 1636 Ἐν
1774 1583 1830 1636 δέ
1861 1586 1926 1652 τῇ

346 1668 497 1722 att-:8:
530 1669 624 1738 τὴν
659 1668 861 1738 ἄρκτον
895 1669 990 1722 τοῦ
1031 1671 1294 1740 φρουρίου
1323 1673 1567 1742 φάραγγι
1601 1674 1930 1744 ὀνομάζεταί

345 1780 432 1824 τις
465 1762 629 1824 τόπος
658 1759 833 1832 Βαὰρ,
862 1763 956 1814 καὶ
986 1762 1111 1830 φύει
1141 1762 1296 1834 ῥίζαν
1329 1764 1640 1835 ὁμωνύμως
1664 1767 1933 1837 καλουμέ-

350 1871 457 1923 νην
487 1851 658 1924 αὐτῷ.
691 1852 842 1923 Αὕτη
880 1854 1038 1922 φλογὶ
1076 1854 1178 1923 μὲν
1225 1854 1368 1909 ἔοικε
1405 1857 1504 1926 τὴν
1534 1859 1760 1929 χροιάν·
1802 1861 1933 1930 περὶ

345 1946 405 1998 δὲ
437 1946 535 2007 τὰς
573 1944 815 2014 ἑσπέρας
852 1944 1010 2008 σέλας
1047 1946 1430 2016 άπαστράπτει
1464 1960 1479 1976 ο
1508 1949 1624 2011 τοῖς
1656 1947 1712 2000 δὲ
1747 1947 1932 2017 βουλο-

353 2038 545 2110 μένοις
587 2036 775 2090 λαϐεῖν
825 2035 995 2105 αὐτὴν
1044 2037 1143 2089 οὐκ
1196 2036 1346 2092 ἐστιν
1404 2037 1752 2110 εὐχείρωτος,
1817 2039 1933 2094 ἀλλ’

351 2128 690 2197 ὑποφεύγει,
727 2129 826 2182 καὶ
862 2129 925 2180 οὐ
976 2129 1244 2200 πρότερον
1288 2130 1530 2196 ἵσταται,
1569 2132 1701 2202 πρὶν
1751 2133 1819 2187 ἄν
1850 2151 1935 2197 τις

350 2219 522 2292 οὖρον
552 2221 812 2288 γυναικὸς
839 2221 872 2293 ἢ
899 2220 959 2275 τὸ
1003 2215 1142 2292 αἷμα
1178 2222 1240 2275 τὸ
1279 2221 1528 2293 ἔμμηνον
1559 2227 1805 2298 καταχέῃ
1834 2228 1934 2280 αὐ-

351 2318 485 2383 τῆς,
527 2315 620 2366 καὶ
659 2313 782 2366 τότε
812 2312 869 2366 δέ
897 2315 1010 2377 τοῖς
1040 2313 1342 2384 ἁψαμένοις
1376 2316 1608 2379 θάνατός
1645 2319 1763 2372 ἐστι
1803 2336 1937 2391 προ-

352 2406 561 2476 φανὴς.
603 2405 654 2458 εί
684 2406 760 2475 μὴ
787 2403 927 2476 τύχη
970 2423 1054 2470 τις
1095 2407 1267 2478 αὐτὴν
1297 2409 1517 2480 ἐκείνην
1551 2410 1935 2482 ἀπενεγκάμεο

351 2515 453 2559 νος
476 2497 575 2566 τὴν
602 2497 762 2568 ῥίζαν
791 2498 1190 2568 ἀπηρτημένην
1223 2500 1287 2552 ἐκ
1314 2501 1415 2571 τῆς
1453 2501 1657 2572 χειρός.
1697 2503 1939 2556 Ἀλίσκε·

351 2607 454 2642 ται
486 2589 544 2642 δέ
583 2593 679 2642 καὶ
728 2589 850 2642 καθ’
893 2590 1083 2660 ἕτερον
1123 2591 1324 2660 τρόπον
1369 2593 1685 2654 ἀκινδύνως.
1738 2594 1941 2665 Κύκλῳ

351 2683 478 2752 γὰρ
504 2681 675 2750 αὐτὴν
706 2680 1185 2751 περιορύσσουσιν,
1222 2683 1296 2743 ὡς
1325 2679 1464 2738 εἶναι
1503 2687 1569 2755 τῇ
1595 2688 1666 2756 γῇ
1695 2685 1939 2756 κρυπτό·

359 2795 533 2847 μενον
564 2774 666 2843 τῆς
696 2773 851 2845 ῥίζης
882 2773 1241 2843 βραχύτατον,
1274 2773 1372 2828 εἰτ’
1401 2777 1459 2842 ἐξ
1489 2777 1656 2846 αὐτῆς
1682 2777 1942 2830 ἀποδοῦσι

356 2866 531 2923 κύνα.
566 2864 826 2918 κάκείνου
858 2863 937 2934 τῷ
964 2864 1188 2935 δήσαντι
1221 2866 1640 2919 συνακολουθεῖν
1667 2868 1945 2937 ὁρμήσαν-

355 2977 482 3021 τὴς,
523 2959 556 3025 ἠ
599 2957 700 3027 μὲν
732 2958 1042 3010 ἀνασπᾶται
1082 2958 1316 3027 ῥᾳδίωςο
1368 2958 1594 3028 θνήσκει
1631 2959 1676 3010 δ’
1703 2960 1864 3021 εὐθὺς
1916 2961 1945 3013 ὁ

2022 480 2210 550 Neque
2237 497 2368 536 vero
2399 483 2701 538 munitione
2734 485 3028 548 duntaxat,
3062 486 3159 539 sed
3189 499 3243 540 et
3267 488 3337 542 ob
3366 491 3600 558 regiam,

2022 571 2401 640 magnitudine
2459 583 2515 627 et
2570 573 2840 644 elegantia
2890 576 3232 630 conclavium
3291 578 3601 650 insignem,

2021 662 2404 716 admirandum
2434 664 2556 726 fuit,
2609 675 2666 720 et
2706 667 2904 722 multas
2937 669 3205 724 cisternas
3227 669 3440 725 idoneis
3471 672 3605 727 locis

2024 754 2090 808 ad
2146 755 2383 823 pluviam
2430 771 2625 825 aquam
2678 757 3054 828 excipiendam
3093 760 3305 816 habuit.
3359 763 3414 816 in
3458 765 3602 833 regia

2025 860 2245 914 quoque
2304 855 2424 899 ruta
2460 847 2564 900 fuit
2620 849 2772 903 mira:
2827 851 3258 920 magnitudinis,
3315 855 3461 908 nulla
3497 857 3599 909 licu

2023 936 2112 990 vel
2170 936 2460 990 altitudine
2507 937 2592 991 vel
2648 939 3014 994 crassitudine
3072 941 3324 1007 inferior,
3379 960 3499 1013 quze
3538 945 3606 999 ab

2025 1028 2260 1084 Herodis
2292 1029 2522 1085 durasse
2568 1031 2906 1099 temporibus
2942 1032 3224 1087 ferebatur
3261 1051 3274 1088 :
3317 1043 3372 1088 et
3405 1035 3608 1105 longis-

2027 1122 2166 1177 simo
2201 1121 2384 1176 forsan
2415 1131 2659 1190 tempore
2691 1123 2979 1178 mansisset
3001 1167 3014 1188 ,
3048 1125 3153 1178 nisi
3180 1142 3208 1179 a
3239 1125 3444 1181 Iuda-is
3467 1168 3479 1191 ,
3515 1127 3608 1197 qui

2026 1214 2208 1269 locum
2241 1213 2392 1268 illum
2424 1224 2790 1283 occuparant,
2819 1215 2999 1270 excisa
3027 1215 3244 1272 fuisset.
3308 1216 3366 1270 In
3400 1225 3532 1271 cast:
3553 1217 3609 1270 lli

2027 1306 2169 1360 valle
2214 1305 2634 1374 septentrionali
2680 1306 2818 1360 Baar
2870 1307 3026 1362 locus
3058 1317 3140 1362 est
3167 1348 3180 1371 ,
3219 1308 3312 1376 qui
3370 1309 3610 1363 radicem

2029 1398 2200 1468 gignit
2248 1397 2491 1468 ejusdem
2545 1398 2822 1463 nominis,
2855 1399 3041 1453 colore
3091 1397 3346 1452 ﬂammeo
3396 1399 3609 1468 vesperi

2025 1489 2189 1561 jubar
2211 1488 2484 1558 quoddam
2532 1491 2931 1560 ejuculantem,
2980 1491 3077 1546 sed
3136 1500 3297 1560 captu
3351 1491 3610 1548 diilieilli-

2032 1596 2199 1635 mam.
2252 1579 2471 1650 Refugit
2501 1580 2648 1634 enim
2675 1621 2689 1645 ,
2725 1596 2903 1650 neque
2936 1581 3086 1646 prius
3119 1581 3411 1645 consistit,
3447 1598 3611 1652 quam

2033 1673 2249 1727 urinam
2284 1673 2535 1728 mulieris
2562 1713 2577 1737 ,
2609 1679 2703 1726 aut
2749 1674 3070 1744 sanguinem
3131 1684 3471 1728 menstruum
3528 1675 3611 1728 οἷς

2035 1766 2244 1821 fuderis
2285 1781 2392 1820 :ac
2421 1774 2534 1820 tum
2585 1781 2705 1820 eam
2751 1767 3153 1836 attingentibus
3204 1767 3424 1832 indubia
3471 1783 3615 1822 mors

2034 1858 2302 1922 imminet,
2333 1858 2436 1912 nisi
2469 1857 2592 1928 quis
2625 1873 2744 1912 eam
2787 1858 3026 1912 radicem
3072 1858 3142 1913 de
3175 1873 3338 1912 manu
3381 1876 3616 1929 suspen-

2034 1967 2150 2008 sam
2189 1950 2498 2006 abstulerit.
2554 1950 2786 2020 Capitur
2833 1950 2997 2004 etiam
3047 1950 3152 2003 alia
3211 1951 3422 2004 ratione
3479 1953 3617 2006 citra

2033 2043 2360 2114 periculum.
2389 2042 2522 2096 Nam
2582 2041 2824 2110 undique
2868 2056 2988 2095 eam
3045 2041 3512 2106 circumfodiunt,
3559 2052 3619 2096 ut

2034 2135 2155 2205 ejus
2179 2148 2342 2203 quam
2383 2133 2670 2187 minimum
2704 2141 2848 2186 terra
2892 2141 3106 2201 tegatur
3145 2151 3157 2184 :
3191 2132 3392 2186 deinde
3423 2148 3617 2185 canem

2035 2225 2087 2282 ei
2147 2226 2406 2295 alligant,
2463 2225 2556 2293 qui
2615 2240 2739 2278 cum
2794 2223 3080 2277 dominmn
3149 2239 3308 2277 suum
3369 2223 3620 2284 comitari

2037 2317 2229 2386 cupit.
2263 2317 2349 2369 illa
2378 2315 2632 2370 facillime
2672 2316 2858 2370 evulsa
2890 2357 2904 2380 ,
2937 2316 3120 2370 statim
3162 2317 3393 2370 moritur
3427 2334 3439 2370 :
3473 2317 3618 2370 acci-

2037 2409 2318 2481 pientibus
2351 2424 2479 2463 vero
2509 2424 2630 2462 eam
2657 2419 2814 2477 post,
2843 2407 2982 2461 nihil
3018 2417 3100 2461 est
3123 2408 3370 2477 periculi.
3403 2406 3623 2476 Expcti-

2041 2511 2130 2557 tur
2158 2512 2341 2555 autem
2374 2499 2444 2554 ob
2474 2515 2641 2554 unam
2681 2500 2967 2553 virtutem.
3013 2499 3157 2554 Nam
3193 2515 3313 2568 qua:
3354 2499 3623 2553 daemonia

2039 2600 2324 2650 vocantur,
2354 2599 2409 2643 et
2436 2590 2696 2658 quosdam
2739 2589 2984 2652 intrant,
3021 2589 3066 2643 si
3123 2589 3285 2644 modo
3308 2589 3626 2660 aegrotanti-

2041 2683 2148 2736 bus
2214 2681 2589 2744 admoveatur,
2649 2679 2809 2733 facile
2879 2679 3125 2748 expellit.
3206 2679 3261 2732 Id
3337 2679 3624 2732 castellum

2041 2773 2243 2828 Bassus
2268 2771 2520 2839 subigere
2571 2770 2736 2840 309
2789 2769 3016 2837 cupiens
3036 2810 3048 2830 ,
3080 2769 3272 2822 vallem
3301 2768 3624 2822 orientalem

2043 2872 2260 2935 aggesta
2317 2872 2458 2916 terra
2494 2862 2713 2930 explere
2761 2860 3020 2914 instituit.
3086 2859 3258 2914 Judrei
3312 2858 3520 2913 obsessi
3551 2901 3563 2922 ,
3595 2875 3626 2912 ιι

2047 2953 2350 3028 peregrinis
2374 2955 2604 3020 separati
2634 2995 2648 3017 ,
2681 2953 2805 3007 illos
2837 2953 2891 3006 in
2934 2951 3070 3005 urbe
3104 2951 3362 3006 inferiore
3406 2965 3627 3004 manere

357 3051 542 3105 κύων.
587 3048 753 3116 φόὸος
785 3047 830 3101 δ’
869 3048 1044 3111 οὐδεὶς
1075 3050 1191 3109 τοῖς
1241 3048 1380 3118 μετὰ
1420 3049 1593 3102 ταῦτα
1624 3049 1938 3120 λαμϐάνουο

2048 3055 2384 3115 coegerunt:
2427 3043 2680 3113 superius
2721 3043 2998 3097 castellum
3037 3043 3138 3111 ipsi
3187 3052 3522 3105 tenuerunt,
3561 3055 3626 3095 ac

358 3156 479 3191 σιν.
511 3137 668 3189 Ἐστι
688 3137 746 3189 δέ
774 3136 860 3190 διὰ
887 3136 1018 3206 μίαν
1045 3137 1199 3206 ίσχὺν
1223 3137 1707 3208 περισπούδαστος.
1734 3141 1814 3192 Τὰ
1838 3141 1948 3212 γὰρ

358 3227 689 3296 καλούμενα
723 3227 979 3296 δαιμόνια
1017 3227 1109 3279 καί
1132 3244 1274 3280 τισιν
1303 3229 1646 3298 εἰσδυόμενα,
1678 3231 1816 3302 αὐτὴ
1849 3249 1950 3285 τα-

359 3324 520 3392 χὲως
545 3319 848 3384 ἐξελαύνει,
882 3320 988 3372 κᾶν
1017 3320 1180 3389 μόνον
1211 3322 1322 3383 τοῖς
1347 3320 1563 3375 νοσοῦσι
1592 3324 1949 3395 προσενεχθῇ.

360 3411 552 3469 Τοῦτο
579 3412 642 3464 τὸ
680 3411 943 3480 φρούριον
981 3413 1008 3464 ὁ
1037 3411 1245 3475 Βάσσος
1268 3415 1731 3484 παραστήσασθαι
1760 3415 1950 3480 θέλων,

359 3508 476 3575 τὴν
517 3505 653 3574 πρὸς
692 3502 957 3566 ἀνατολὰς
990 3503 1154 3557 αὐτοῦ
1189 3504 1452 3575 φάραγγα
1497 3507 1672 3576 χῶσαι
1717 3509 1952 3561 άπεπει.

368 3601 534 3672 pato.
561 3598 624 3650 Οἱ
648 3595 695 3650 δ’
717 3594 1181 3666 ἐναπειλημμένοι
1204 3595 1311 3649 τῶν
1349 3597 1642 3664 Ἰουδαίων,
1671 3599 1821 3654 ἔνδον
1845 3600 1954 3655 ἀπὸ

363 3691 489 3746 τῶν
515 3690 682 3754 ξένων
707 3687 1106 3758 διακριθέντες,
1138 3688 1382 3762 ἐκείνους
1414 3689 1514 3759 μὲν
1547 3692 1869 3762 ἠνάγκασαν
1897 3695 1955 3748 ἐν

363 3788 441 3853 τῇ
469 3783 622 3836 κάτω
648 3780 799 3834 πόλει
826 3779 1192 3851 παραμένειν,
1215 3781 1277 3833 τὸ
1303 3781 1348 3834 δ’
1375 3781 1488 3835 ἄνω
1518 3784 1780 3854 φρούριον
1807 3781 1954 3856 εἶχον

367 3875 559 3931 αὐτοί.
609 3871 926 3926 Ἐποιοῦντο
951 3871 1136 3942 μέντοι
1161 3871 1262 3936 τὰς
1290 3873 1505 3938 ἐξόδους
1533 3875 1833 3946 προθύμως
1853 3876 1958 3930 ἀνὰ

370 3969 566 4021 πᾶσαν
619 3964 857 4035 ἡμέραν,
902 3963 999 4018 καὶ
1043 3965 1160 4028 τοῖς
1209 3963 1433 4034 τυχοῦσι
1489 3966 1955 4036 συμπλεκόμενοι,

371 4058 572 4112 πολλοὶ
607 4058 706 4126 μὲν
730 4055 1016 4125 ἔθνησκον,
1047 4056 1279 4120 πολλοὺς
1303 4057 1360 4110 δέ
1388 4057 1496 4111 τῶν
1536 4057 1825 4128 Ῥωμαίων
1861 4060 1956 4112 άν-

372 4156 574 4223 ῄρουν,
606 4147 907 4210 πονοῦντας
953 4147 1048 4200 ἐπὶ
1088 4149 1202 4209 τοῖς
1249 4147 1519 4216 χώμασιν.
1579 4148 1674 4200 Ἐκ
1708 4147 1765 4201 δέ
1813 4165 1957 4211 τινος

375 4239 682 4310 συντυχίας
730 4241 764 4306 ἡ
813 4239 909 4291 τοῦ
956 4238 1221 4308 φρουρίου
1262 4239 1560 4308 παράδοσις
1601 4240 1815 4308 γέγονε,
1865 4239 1959 4292 καὶ

373 4339 492 4389 τῶν
522 4334 800 4404 χωμάτων
830 4330 1021 4402 χιιςρίς.
1050 4330 1289 4394 Νεανίας
1314 4348 1398 4394 τις
1421 4326 1488 4402 ἦν
1515 4333 1572 4384 ἐν
1604 4334 1718 4396 τοῖς
1752 4331 1963 4401 πολιορ-

2053 3138 2224 3194 nihilo
2262 3136 2440 3190 secius
2482 3135 2830 3204 quotidianas
2877 3135 3193 3204 eruptiones
3248 3133 3495 3188 fecerunt
3521 3174 3534 3196 ,
3575 3144 3631 3187 et

2054 3245 2178 3286 cum
2208 3228 2390 3283 obviis
2432 3227 2708 3296 congressi
2745 3234 2896 3282 sunt.
2949 3229 3059 3280 Nec
3094 3227 3335 3296 ipsorum
3369 3226 3632 3279 duntaxat

2055 3321 2211 3376 multi
2244 3319 2548 3390 perierunt,
2580 3318 2676 3373 sed
2714 3329 2770 3373 et
2797 3319 3073 3373 Romanos
3105 3319 3307 3372 multos
3337 3317 3390 3370 in
3423 3317 3633 3386 aggeri-

2056 3418 2160 3473 bus
2220 3417 2532 3470 laborantes
2585 3415 2928 3469 occiderunt.
2982 3413 3123 3468 Casu
3173 3422 3352 3468 tamen
3393 3411 3630 3481 quodam

2055 3511 2258 3566 factum
2291 3520 2376 3565 est
2397 3550 2412 3576 ,
2439 3517 2500 3563 ut
2528 3509 2812 3563 castellum
2849 3508 2966 3562 sine
3003 3508 3292 3576 aggeribus
3318 3504 3632 3559 dederetur.

2055 3601 2204 3655 Inter
2257 3599 2510 3654 obsessos
2561 3597 2882 3652 adolescens
2930 3597 3034 3651 fuit
3081 3597 3411 3658 Eleazarus.
3449 3594 3634 3648 animo

2056 3688 2382 3753 confidens,
2426 3698 2485 3742 et
2535 3703 2699 3742 manu
2745 3698 3042 3750 strenuus,
3089 3684 3182 3753 qui
3239 3683 3498 3752 populum
3568 3681 3634 3735 ad

2056 3779 2378 3848 eruptiones
2417 3785 2475 3832 et
2518 3792 2770 3847 aggerem
2820 3773 3220 3844 prohibendum
3261 3771 3471 3825 hortari
3499 3770 3634 3824 soli-

2060 3879 2178 3932 tus,
2212 3870 2266 3923 in
2298 3869 2499 3939 praeliis
2528 3867 2930 3922 illustrissimus
2956 3873 3203 3919 evaserat
3227 3903 3241 3928 ,
3269 3861 3636 3928 Romanisque

2059 3961 2262 4014 multas
2312 3959 2497 4014 clades
2559 3957 2838 4012 intulerat.
2907 3955 3215 4024 Aliquando
3267 3963 3450 4008 autem
3511 3966 3635 4006 cum

2059 4053 2248 4122 praelia
2269 4051 2542 4120 dirempto
2572 4059 2723 4103 extra
2756 4058 2944 4120 portas
2971 4063 3095 4103 cum
3131 4047 3198 4102 iis
3238 4047 3330 4116 qui
3377 4047 3430 4100 in
3466 4061 3629 4100 muro

2061 4153 2222 4198 erant
2292 4142 2740 4212 colloqueretur,
2807 4140 2984 4195 Rufus
3061 4139 3282 4209 quidam
3363 4137 3640 4191 Romanus

2064 4234 2224 4288 miles
2249 4275 2264 4298 ,
2296 4249 2496 4304 genere
2523 4231 2846 4304 Egyptius,
2873 4232 3057 4286 subito
3089 4231 3324 4286 accurrit
3344 4272 3357 4290 .
3390 4241 3444 4283 et
3485 4229 3639 4282 Elea-

2065 4339 2252 4378 zarum
2302 4339 2427 4378 cum
2489 4324 2622 4394 ipsis
2678 4324 2847 4378 armis
2906 4324 3230 4384 sublatum,
3273 4321 3524 4375 celeriter
3585 4320 3640 4373 in

375 4428 705 4499 κουμένοις,
737 4425 914 4496 τόλμῃ
955 4423 1184 4492 θρασὺς,
1228 4424 1492 4477 καὶκατὰ
1535 4427 1695 4495 χεῖρα
1721 4424 1947 4495 δραστή-

2067 4425 2248 4471 castra
2314 4417 2688 4472 Romanorum
2753 4415 3027 4470 transfert.
3085 4416 3255 4479 Quem
3337 4427 3461 4466 cum
3531 4410 3642 4465 dux

384 4538 532 4593 ριος,
579 4518 845 4587 Ἐλεάζαρ
880 4515 1238 4585 καλούμενος,
1280 4513 1337 4577 ὃς
1364 4513 1566 4579 ἐξιέναι
1605 4518 1699 4568 καὶ
1736 4514 1966 4569 κωλύειν

380 4615 487 4686 τὴν
519 4602 692 4684 χῶσιν
737 4608 1072 4679 παρακαλῶν
1100 4606 1226 4670 τοὺς
1256 4606 1506 4670 πολλοὺς,
1533 4608 1590 4659 ἐν
1617 4611 1736 4670 ταῖς
1767 4607 1971 4679 μάχαις

381 4700 825 4770 ἐπιφανέστατος
856 4697 1068 4765 γέγονε,
1104 4694 1274 4747 πολλὰ
1295 4696 1422 4757 τοὺς
1464 4693 1769 4765 Ῥωμαίους
1799 4696 1970 4749 διατι-

385 4793 530 4855 θείς.
573 4789 683 4846 Καί
710 4805 839 4841 ποτε
875 4787 974 4854 τῆς
1009 4787 1192 4856 μάχης
1216 4784 1614 4855 διακριθείσης,
1648 4786 1808 4848 αὐτὸς
1845 4785 1969 4854 μείη-

385 4903 489 4947 νας
521 4883 629 4950 ἔξω
674 4881 783 4934 τῶν
831 4877 1040 4942 πυλῶν,
1069 4880 1183 4939 τοῖς
1229 4878 1321 4929 ἐπὶ
1354 4876 1448 4928 τοῦ
1486 4877 1701 4946 τείχους
1745 4874 1967 4946 ὡμίλει.

401 4977 636 5044 Ῥοῦφος
661 4975 718 5027 δέ
746 4990 827 5035 τις
853 4971 946 5024 τοῦ
979 4968 1288 5039 Ῥωμαϊκοῦ
1316 4970 1702 5039 στρατοπέδου,
1729 4969 1788 5020 τὸ
1813 4967 1970 5035 γένος

388 5071 717 5139 Αἰγύπτιος,
748 5065 1009 5133 ἐξαίφνης
1051 5045 1391 5132 ἐπιδραμὼν,
1430 5062 1527 5114 σὺν
1557 5061 1745 5122 ὅπλοις
1788 5059 1973 5119 αὐτοῖς

391 5166 491 5217 τὸν
511 5160 778 5229 Ἐλεάζαρ
809 5158 1102 5225 ἀράμενος,
1140 5152 1333 5223 φθάνει
1367 5152 1621 5221 μεταθεὶς
1645 5153 1722 5214 είς
1754 5151 1817 5203 τὸ
1849 5151 1982 5202 Ῥω-

397 5255 581 5327 μαίων
619 5247 1007 5322 στρατόπεδον.
1038 5245 1146 5301 Τοῦ
1179 5245 1236 5298 δὲ
1276 5244 1583 5315 στρατηγοῦ
1613 5242 1974 5314 γυμνωθῆναι

321 5389 328 5396 .
393 5348 760 5406 κελεύσαντος
787 5340 970 5404 αὑτὸν,
1001 5341 1094 5393 καὶ
1128 5335 1504 5407 μαστίζεσθαι,
1531 5333 1840 5405 βλεπόντων
1864 5330 1970 5385 τῶν

393 5440 469 5492 ἐκ
508 5435 608 5504 τῆς
667 5431 894 5492 πόλεως,
941 5425 1138 5496 ἀθρόον
1185 5424 1218 5494 ἡ
1269 5423 1422 5486 πόλις
1474 5419 1763 5492 ἀνῴμωξε.
1805 5417 1977 5472 Τοῦτο

397 5528 546 5584 κατὰ
569 5529 679 5580 τῶν
707 5521 983 5592 πολεμίων
1020 5517 1048 5568 ὁ
1080 5519 1288 5578 Βάσσος
1321 5515 1687 5586 στρατήγημα
1715 5513 1976 5579 ἐποιήσαο

392 5639 486 5688 το,
511 5622 606 5674 καὶ
636 5617 868 5686 σταυρὸν
908 5611 1209 5685 προσέταξε
1250 5606 1728 5675 καταπήγνυσθαι,
1762 5605 1836 5665 ibi
1880 5604 1975 5655 αὑ⁶

396 5715 530 5771 τίκα
555 5709 852 5796 ›.ρεμ.άσων
879 5707 969 5762 τὸν
1010 5701 1356 5772 Ἐλεάζαρον.
1387 5699 1448 5753 Ol
1475 5699 1518 5753 δ’
1547 5698 1653 5753 ἀπὸ
1680 5696 1770 5751 τοῦ
1803 5713 1970 5767 φρομ

2067 4508 2300 4571 nudari,
2329 4515 2385 4562 et
2427 4509 2478 4560 in
2503 4518 2799 4577 conspectu
2827 4507 3028 4571 civium
3074 4504 3254 4574 ﬂagris
3283 4503 3414 4557 caedi
3445 4501 3642 4572 jussis-

2069 4608 2174 4661 set,
2204 4600 2456 4654 universa
2485 4597 2996 4667 civitasingemuit.
3037 4596 3114 4649 Ea
3145 4610 3204 4648 re
3229 4595 3426 4648 Bassus
3446 4609 3646 4662 oppor-

2070 4700 2204 4746 tune
2265 4702 2457 4747 contra
2507 4692 2694 4746 hostes
2746 4705 2916 4753 usus,
2961 4703 3180 4743 crucem
3233 4687 3394 4758 defigi
3442 4687 3643 4758 jussit,

2071 4783 2228 4854 quasi
2277 4783 2596 4838 Eleazarum
2637 4784 2820 4836 statim
2845 4782 2901 4835 in
2931 4795 3051 4835 eam
3086 4781 3250 4834 vellet
3280 4779 3494 4832 tollere.
3520 4778 3641 4844 Quo

2071 4880 2389 4943 conspecto,
2414 4874 2448 4926 ii
2466 4889 2559 4942 qui
2585 4873 2640 4927 in
2669 4874 2894 4928 castello
2918 4881 3080 4927 erant
3099 4913 3113 4932 .
3141 4872 3312 4942 magis
3329 4871 3644 4933 doluerunt,

2073 4965 2327 5019 maximis
2369 4963 2622 5034 suspiriis
2675 4963 2862 5017 editis.
2923 4963 3222 5016 Eleazarus
3276 4976 3498 5030 quoque
3551 4973 3649 5014 eos

2073 5059 2312 5126 rogavit,
2343 5070 2414 5109 ne
2461 5068 2519 5109 se
2551 5054 2623 5108 ita
2665 5053 2806 5106 mori
2853 5053 3138 5116 sinerent,
3171 5061 3228 5107 et
3250 5067 3363 5106 suae
3403 5052 3649 5120 ipsorum

2074 5148 2267 5202 salutis
2295 5161 2602 5209 memores,
2634 5145 3003 5199 Romanorum
3050 5143 3262 5197 viribus
3314 5152 3372 5198 et
3411 5143 3649 5197 fortuna

2073 5235 2352 5292 cederent.
2402 5235 2484 5290 illi
2523 5243 2580 5289 et
2627 5234 2866 5289 Eleazari
2908 5233 3098 5288 verbis
3120 5231 3312 5293 fracti.
3356 5241 3412 5286 et
3451 5232 3652 5284 multo-

2075 5345 2197 5384 rum
2228 5344 2326 5398 pro
2364 5343 2432 5384 eo
2474 5327 2886 5398 deprecantium
2921 5325 3178 5395 precibus
3211 5324 3350 5394 (erat
3389 5321 3538 5377 enim
3577 5337 3646 5374 ex

2077 5435 2273 5490 magna
2315 5428 2372 5475 et
2413 5419 2679 5489 populosa
2716 5416 2944 5483 familia)
2973 5414 3234 5480 adducti,
3265 5413 3332 5468 ad
3363 5407 3651 5468 commise-

2076 5511 2349 5566 rationem
2397 5509 2739 5566 deﬂexerunt
2785 5525 2801 5564 :
2855 5507 3147 5575 missisque
3194 5503 3385 5574 legatis
3438 5503 3650 5558 castelli

2076 5602 2410 5657 deditionem
2441 5602 2846 5670 promiserunt,
2873 5598 2920 5653 si
2943 5606 3168 5665 accepto
3196 5595 3458 5650 Eleazaro
3479 5593 3649 5650 salvis

2073 5694 2356 5751 d;scedcr'e
2379 5693 2583 5750 liceret.
2617 5692 2786 5759 Quam
2829 5688 3194 5748 conditionem
3224 5686 3316 5742 ubi
3353 5687 3460 5742 dux
3492 5703 3646 5744 acccc
