4042 6200
393 309 503 376 548

1688 317 2011 378 JOAN‘NIS
2061 314 2376 377 ZONAIUE

3539 272 3648 372 ενι

391 424 541 481 cium
585 422 888 496 eﬂ'ugcrct,
921 432 978 481 et
1003 426 1217 500 Catyllo
1263 429 1580 498 iniquorum
1623 430 1967 485 emolumen-

2083 428 2294 490 οότατος
2339 426 2646 498 ἄνθρωποὶ,
2679 429 2778 497 τὴν
2806 427 3005 498 τέχνην
3042 426 3304 496 ὑφάντης,
3351 429 3506 490 nvi;
3540 429 3657 480 τεῖιν

395 523 576 571 torum
614 531 777 572 ansas
817 518 1087 587 praeberet
1134 537 1149 574 :
1200 520 1501 577 ditissimos
1557 520 1704 576 enim
1752 521 1972 577 Iudaeos

392 620 590 660 eorum
657 606 961 663 facinorum
1030 610 1136 664 sibi
1189 620 1443 667 auctores
1504 613 1781 668 exstitisse
1832 612 1971 667 falso

394 699 702 755 asserebat.
752 699 900 766 Quas
954 702 1261 757 calumnias
1310 718 1512 773 praeses
1551 704 1808 758 alacriter
1853 718 1970 757 am-

397 794 592 861 plexus
612 835 627 857 ,
659 804 860 863 praeter
887 811 1008 850 eam
1039 796 1418 851 credulitatem
1462 797 1690 852 sicarios
1722 798 1972 852 eamdem

399 887 730 940 calumniam
760 887 1027 944 edocebat
1064 907 1079 946 ;
1110 889 1203 958 qui
1234 888 1303 945 ab
1340 890 1430 945 illo
1471 890 1798 954 subornati,
1833 890 1975 945 mul-

403 986 488 1030 tos
534 990 887 1033 accusarunt.
938 981 1014 1035 Ac
1082 981 1397 1037 Judaeorum
1455 983 1796 1039 calamitates
1857 993 1972 1039 tum

402 1068 551 1122 hunc
596 1069 759 1125 tinem
810 1071 1155 1137 habuerunt,
1202 1072 1590 1145 Hierosolymis
1634 1091 1664 1129 a
1716 1074 1974 1130 Romanis

399 1169 711 1216 extremum
741 1164 967 1218 eversis.
1013 1165 1170 1229 Post,
1211 1165 1314 1220 sub
1344 1165 1490 1221 Elia
1536 1165 1777 1220 Adriano
1803 1167 1976 1236 impe-

399 1259 580 1307 ratore
608 1267 803 1309 rursus
832 1271 928 1325 per
953 1255 1281 1311 seditionem
1312 1273 1460 1312 arma
1488 1266 1676 1313 contra
1700 1257 1975 1312 Romanos

401 1353 708 1414 ceperunt:
759 1347 854 1401 sed
889 1356 1002 1403 tum
1044 1366 1261 1419 quoque
1288 1351 1458 1415 victi,
1492 1352 1774 1420 attritique
1806 1361 1974 1415 sunt,

401 1432 592 1487 multis
623 1434 869 1492 millibus
898 1438 1533 1511 interfectis,lpcrpaucis
1549 1441 1972 1510 superstitibus:

401 1521 455 1575 id
495 1524 641 1592 quod
681 1541 783 1581 suo
815 1528 937 1583 loco
974 1530 1268 1586 referetur.
1304 1532 1423 1587 lam
1450 1546 1573 1586 cum
1598 1532 1974 1588 Romanorum

401 1613 735 1671 mentionem
788 1617 983 1674 fecerit
1028 1621 1256 1677 historia
1285 1663 1299 1688 ,
1330 1623 1521 1692 eisque
1565 1625 1863 1694 petentiam
1896 1626 1978 1679 in-

2073 519 2295 587 ἀπόρων
2346 517 2602 571 ἀνέπεισε
2657 519 2948 589 προσέχειν
2992 518 3163 589 αὐτῷ,
3200 520 3291 570 καί
3332 521 3659 588 προήγαγεν

2072 610 2148 670 εἰς
2173 610 2269 679 τὴν
2294 608 2518 679 ἔρημον,
2545 613 2747 679 σημεῖα
2768 609 2962 676 δείξειν
2992 609 3087 663 καὶ
3123 610 3330 680 τέρατα
3358 609 3659 678 ὑπισχνού-

2076 718 2256 771 μενος.
2296 703 2357 755 Oi
2387 701 2442 754 δὲ
2471 702 2580 755 τῶν
2615 702 2707 754 ἐπὶ
2750 704 3008 773 Κυρήνης
3035 702 3306 755 Ἰουδαίων
3344 701 3661 771 πρωτεῦον-

2071 807 2184 855 τεε,
2208 791 2473 861 Κατύλλῳ
2494 792 2569 862 τῷ
2599 793 2695 863 τῆς
2718 784 2976 864 Κυρήνης
2997 794 3223 864 ἡγεμόνι
3252 793 3423 846 ταῦτα
3457 794 3662 861 ἀπέλα⁴

2073 882 2277 938 λουσιν.
2323 881 2383 936 Ὀ
2414 883 2469 937 δὲ
2510 884 2846 956 στρατιώτας
2878 884 3228 950 ἀποστείλας,
3262 886 3488 955 συνέσχε
3528 887 3659 949 τοὺς

2078 973 2219 1043 μετὰ
2262 973 2533 1028 Ἰωνάθου.
2562 974 2735 1036 Αὐτὸς
2758 974 2814 1027 δὲ
2842 976 2870 1027 ό
2910 973 3166 1040 Ἰωνάθης
3192 974 3313 1027 τότε
3342 974 3442 1044 μὲν
3465 975 3663 1043 διέφυο

2076 1081 2206 1133 γεν³
2240 1066 2516 1136 ἐπιμελῶς
2553 1066 2610 1119 δὲ
2640 1064 2897 1138 ζητηθεὶς
2927 1065 3062 1135 ἥλω,
3100 1065 3196 1119 καὶ
3225 1065 3485 1135 ἀναχθεὶς
3518 1066 3662 1135 πρὸς

2074 1159 2168 1212 τὸν
2210 1161 2473 1230 ἡγεμόνα,
2522 1161 2702 1230 ἑαυτῷ
2754 1161 2854 1230 μὲν
2881 1160 3197 1230 ἐμηχανᾶτο
3236 1159 3339 1229 τῆς
3380 1160 3662 1231 τιμωρίας

2076 1251 2329 1317 ἒξάλυξιν
2353 1268 2368 1282 ο
2415 1252 2492 1321 τῷ
2528 1251 2794 1323 Κατύλλῳ
2828 1252 2884 1306 δὲ
2919 1252 3176 1323 ἀφορμὰς
3214 1252 3415 1306 ἀδίκων
3448 1251 3663 1322 κερδῶν

2077 1343 2526 1415 περιεποιήσατο.
2559 1344 2699 1407 Τοὺς
2736 1342 2845 1412 γὰρ
2888 1342 3329 1407 πλουσιωτάτους
3375 1343 3486 1396 τῶν
3527 1343 3666 1396 Ἰουο

2075 1434 2242 1489 δαίων
2290 1435 2468 1502 ἔλεγε,
2514 1435 2993 1505 καταψευδόμενος
3046 1435 3251 1502 αὐτῶν,
3298 1435 3664 1499 διδασκάλους

2077 1526 2225 1597 αὐτῷ
2268 1526 2373 1579 τῶν
2406 1527 2700 1597 δρωμένων
2729 1526 3010 1593 γενέσθαι.
3049 1527 3161 1581 Καὶ
3190 1529 3217 1581 ὁ
3251 1525 3477 1598 ἡγεμὼν
3521 1544 3662 1599 προ-

2080 1617 2269 1687 θύμως
2297 1617 2513 1688 ἐδέχετο
2542 1619 2641 1682 τὰς
2672 1618 2925 1682 διαϐολάς
2945 1635 2959 1649 ο
2997 1620 3135 1690 πρὸς
3165 1618 3221 1672 δὲ
3259 1619 3337 1689 τῷ
3373 1620 3663 1673 πιστεύειν

402 1703 602 1759 victam
651 1708 948 1767 tribuerit:
977 1714 1203 1767 omnino
1244 1715 1620 1769 necessarium
1665 1724 1749 1769 est
1787 1714 1974 1771 dicere

2083 1709 2300 1778 ῥᾳδίως,
2334 1710 2427 1762 καὶ
2457 1710 2556 1780 τὴν
2593 1709 2760 1779 ψευδῆ
2810 1710 3146 1781 κατηγορίαν
3192 1708 3319 1774 τοὺς
3373 1712 3665 1781 σικαρίους

401 1809 468 1850 ac
504 1796 740 1865 docere,
779 1813 877 1857 aut
924 1803 1224 1860 admonere
1269 1806 1504 1862 lectores
1528 1847 1542 1872 ,
1583 1808 1675 1877 qui
1719 1808 1829 1862 sint
1864 1807 1978 1861 Ro-

2083 1775 2344 1865 εδίδασκε,
2378 1800 2471 1854 καὶ
2504 1775 2715 1855 πολλῶν
2740 1775 3145 1867 κατείποι-ὐπ’
3176 1802 3388 1857 ἐκείνου
3424 1775 3669 1857 ὐποόαλζ

402 1890 588 1956 mani,
629 1908 753 1962 qua:
812 1897 990 1964 gentis
1044 1896 1227 1967 origo,
1269 1898 1414 1954 unde
1476 1914 1679 1954 nomen
1740 1898 1974 1962 habeat,

401 1981 603 2051 quibus
630 1999 812 2040 rerum
852 1987 1192 2056 publicarum
1221 1989 1411 2045 formis
1443 2007 1537 2047 usa
1558 2031 1572 2055 ,
1611 1991 1812 2061 quibus
1835 1990 1980 2045 casi-

406 2068 510 2124 bus
557 2072 759 2141 jaetata
808 2076 915 2140 sit,
967 2078 1171 2146 quibus
1226 2079 1536 2136 rationibus
1584 2080 1651 2135 ad
1711 2095 1980 2135 summam

400 2159 721 2218 felicitatem
768 2168 1118 2235 ascenderit,
1166 2180 1224 2225 ut
1259 2173 1357 2227 toti
1403 2171 1518 2227 fere
1551 2182 1821 2228 terrarum
1860 2172 1981 2229 orbi

406 2250 722 2320 imperarit.
764 2271 1032 2327 suamque
1088 2269 1416 2328 potestatem
1478 2262 1546 2316 ad
1595 2276 1784 2318 omnes
1844 2278 1983 2332 pune

404 2346 757 2416 propagarit:
798 2359 857 2404 et
909 2358 968 2403 ut
1010 2352 1279 2422 principio
1332 2355 1551 2424 regibus
1597 2354 1883 2426 paruerit,
1920 2369 1984 2410 ac

408 2442 531 2500 post
552 2433 619 2487 ad
650 2437 975 2504 Optimatum
1027 2451 1384 2510 potestatem,
1412 2445 1529 2499 sive
1563 2445 1889 2500 dictaturam
1925 2453 1981 2501 ct

407 2524 750 2581 consulatum
788 2530 1048 2586 reciderit
1084 2549 1099 2588 :
1135 2534 1333 2588 deinde
1366 2551 1556 2590 rursus
1603 2536 1668 2589 ad
1698 2535 1983 2590 democra~

409 2616 539 2670 tiam
586 2619 879 2687 devoluta,
933 2640 1057 2678 mox
1098 2626 1164 2680 ad
1209 2628 1580 2682 monarchiam
1627 2629 1700 2682 sit
1743 2643 1981 2683 reversa.

416 2707 490 2764 De
525 2711 608 2766 his
657 2713 824 2783 igitur
846 2717 1009 2770 etiam
1044 2718 1340 2774 dicendqu
1368 2730 1484 2786 est,
1515 2721 1826 2790 prolixitate
1858 2737 1987 2775 nar-

408 2802 672 2870 ratiOnis,
731 2818 997 2877 quantum
1052 2810 1169 2865 fieri
1232 2819 1445 2880 potest,
1495 2813 1549 2866 in
1598 2812 1984 2881 compendium

2078 1888 2319 1959 λόμενοι.
2366 1890 2631 1945 Ἐνταῦθα
2675 1891 2775 1961 μὲν
2812 1887 2907 1945 οὖν
2955 1894 3077 1946 τότε
3125 1894 3194 1947 τά
3238 1892 3348 1946 τῶν
3388 1894 3667 1948 Ἰουδαίων

2080 1983 2409 2055 ἐτελεύτησε
2448 1984 2618 2056 πάθη,
2669 1985 2775 2039 ὑπὸ
2815 1985 3109 2054 Ῥωμαίων
3156 1989 3255 2057 τῆς
3298 1984 3667 2059 Ἰερουσαλὴμ

2079 2077 2181 2148 τὴν
2213 2077 2535 2133 τελευταίαν
2581 2079 2917 2150 ὑποστάσης,
2953 2079 3177 2134 ἅλωσιν.
3211 2079 3320 2134 Καὶ
3383 2079 3550 2145 αὖθις
3604 2082 3668 2136 δὲ
3722 2134 3757 2153 ο

2079 2169 2260 2223 Αἰλίου
2297 2168 2405 2223 τῶν
2452 2169 2742 2242 Ῥωμαίων
2786 2170 3118 2242 κρατοῦντος
3163 2171 3446 2243 ’Δδριανοῦ
3492 2174 3664 2227 ἐστα-

2086 2261 2283 2314 σίασαν
2325 2260 2593 2326 Ἰουδαῖοι,
2635 2260 2731 2315 καὶ
2768 2263 2909 2316 κατὰ
2952 2260 3245 2331 Ῥωμαίων
3281 2260 3666 2333 ὡπλίσθησαν.

2095 2351 2256 2404 Ἀλλά
2279 2354 2374 2405 καὶ
2397 2354 2519 2406 τότε
2544 2353 2858 2425 ήττήθησάν
2887 2371 2968 2419 τε,
3002 2353 3096 2407 καὶ
3120 2353 3499 2426 ὲξετρίσησαν,
3536 2356 3669 2409 πολ-

2082 2444 2191 2497 λῶν
2236 2445 2551 2517 φθαρεισῶν
2604 2448 2914 2517 μυριάδων,
2950 2446 3026 2510 ὡς
3072 2447 3192 2501 λίαν
3238 2447 3667 2520 περιλεινρθῆ-αι

2089 2536 2331 2607 βραχεῖς,
2363 2538 2494 2607 περὶ
2522 2532 2596 2592 ὧν
2632 2540 2690 2591 ὲν
2728 2540 2838 2603 τοῖς
2882 2539 3035 2602 ἰδίοις
3070 2542 3258 2603 τόποις
3299 2540 3669 2611 ίστορηθήσει·

2081 2646 2197 2682 ται.
2234 2626 2522 2699 Ῥωμαίων
2542 2629 2597 2682 δὲ
2627 2629 2962 2701 μνησθείσης
2988 2630 3085 2701 τῆς
3117 2630 3384 2699 ἱστορίας,
3417 2633 3513 2685 καὶ
3540 2632 3671 2685 τοὺ-

2082 2739 2198 2785 τοις
2236 2724 2434 2791 κράτος
2464 2722 2808 2793 ἀναθεμένης
2839 2724 3131 2794 ἀήττητον,
3174 2722 3478 2792 ἀναγκαῖον
3522 2725 3668 2777 πάν-

2087 2830 2194 2877 τως
2226 2815 2406 2865 circer
2439 2816 2532 2866 καὶ
2553 2813 2815 2883 διδάξαιιῆ
2850 2814 3161 2884 ἀναμνῆσαι
3190 2814 3316 2877 τοὺς
3340 2813 3670 2884 ἐντευξομέο

410 2905 728 2965 contracta,
778 2900 1057 2972 vitataque
1111 2903 1405 2957 verborum
1471 2903 1821 2958 multitudine
1869 2919 1884 2960 :
1927 2912 1980 2957 ut

2084 2924 2210 2970 νους
2228 2906 2405 2974 τούτῳ
2426 2904 2492 2975 δὴ
2514 2903 2590 2975 τῷ
2615 2904 3029 2975 συγγράμματι.
3048 2904 3191 2966 τίνες
3213 2921 3271 2957 τε
3297 2905 3347 2957 oi
3376 2905 3667 2976 Ῥωμαῖοι.

409 2982 641 3039 historia
696 2994 753 3041 et
815 2987 974 3045 facile
1047 2991 1311 3063 intelligi,
1354 3006 1412 3047 et
1473 2991 1739 3048 memoria
1810 2991 1980 3046 teneri

2085 3001 2179 3052 atati.
2199 2998 2322 3052 ὅθεν
2349 2998 2553 3050 τούτων
2590 2998 2737 3061 ἔθνος
2767 2998 3058 3068 συνέστητο
3095 2996 3153 3061 ἐξ
3181 2998 3377 3069 ἀρχῆς,
3411 3000 3510 3050 καὶ
3564 2998 3670 3050 πόὲ

408 3085 595 3146 πυρίη.
2087 3091 2180 3146 θεν
2215 3093 2317 3161 τήν
2347 3091 2537 3161 κλῆσιν
2567 3090 2717 3161 έσχε,
2757 3090 2852 3144 καὶ
2883 3089 2992 3143 τίσι
3025 3090 3327 3153 πολιτείαις
3365 3091 3679 3162 ἐχρήσατο,

409 3171 503 3225 καὶ
532 3173 676 3239 οίαις
702 3176 894 3247 τύχαις
928 3179 1210 3254 ἐνέκυρσε,
1243 3183 1339 3239 καὶ
1370 3185 1518 3249 ὅπως
1548 3184 1859 3257 προῦκοψεν
1901 3189 1983 3251 είς
2019 3187 2370 3257 εὐδαιμονίας
2433 3186 2735 3257 ἀκρότητα,
2767 3185 2843 3249 ὡς
2905 3183 3107 3256 μικροῦ
3136 3184 3427 3254 κυριεῦσαι
3456 3186 3559 3256 τῆς
3584 3188 3678 3239 οε·

409 3264 687 3337 κουμένης
714 3269 951 3344 ἁπάσης,
985 3276 1164 3329 καὶτὸ
1191 3279 1391 3349 κράτος
1431 3279 1574 3332 κατὰ
1632 3280 1852 3334 πάντων
1921 3282 2109 3352 σχεδὸν
2163 3282 2561 3349 ἀναδήσασθαι,
2633 3280 2725 3331 καὶ
2771 3278 2918 3342 ὅπως
2966 3278 3285 3347 βασιλενθὲν
3335 3279 3393 3343 ἐξ
3465 3280 3675 3351 ἀρχῆς,

407 3358 492 3421 εἰς
541 3360 968 3435 ἀριστοκρατίαν
1007 3369 1128 3440 ἦτοι
1195 3370 1547 3441 δικτατορίας
1609 3374 1704 3427 καὶ
1747 3372 2015 3434 ὑπατείας
2059 3373 2350 3441 μετέπεσε,
2422 3372 2517 3424 καὶ
2588 3374 2667 3433 εἰς
2718 3369 3093 3440 δημοκρατίαν
3137 3370 3295 3432 αὖθις
3336 3373 3676 3443 μετήνεκτο.

410 3445 531 3504 εἶτα
570 3455 651 3519 είς
694 3461 994 3530 μοναρχίαν
1030 3463 1420 3534 ἐπανελήλυθε.
1510 3465 1733 3537 ξΡητέον
1811 3483 1901 3534 μοι
1974 3463 2156 3518 τοίνυν
2216 3468 2312 3518 καὶ
2370 3466 2501 3536 περὶ
2579 3463 2809 3530 τούτων,
2862 3465 2956 3517 καὶ
3009 3464 3319 3533 διηγητέον,
3381 3466 3458 3528 ὡς
3520 3467 3681 3530 ὲνδν,

410 3548 754 3620 ὲπιτέμνοντι
803 3556 867 3608 τὸ
925 3555 1128 3621 πλάτος
1183 3559 1276 3628 τῆς
1336 3559 1660 3629 διηγήσεως,
1700 3562 1794 3615 καὶ
1848 3562 1948 3631 τὴν
1990 3559 2372 3631 μακρηγορίαν
2433 3559 2801 3624 συστίλλοντι,
2835 3560 2901 3612 ἶν’
2969 3555 3078 3612 εἷεν
3124 3561 3435 3615 εὐσύνοπτοι
3466 3562 3536 3617 τὰ
3564 3565 3677 3633 τῆς

413 3641 676 3713 ἱστορίας,
716 3647 811 3700 καὶ
847 3645 944 3714 τὴν
976 3649 1087 3703 τῶν
1121 3650 1386 3705 ἐπιόντων
1420 3651 1595 3706 ταῦτα
1646 3654 1868 3725 μνήμην
1907 3653 1983 3725 μὴ
2019 3653 2390 3724 διαφεύγοιεν.

1381 4013 1544 4088 313
1618 3993 1979 4085 LIBER
2047 3991 2684 4115 SEPTIMUS.

485 4179 526 4234 l.
566 4179 768 4239 Encas
811 4189 935 4252 post
976 4181 1273 4256 Troianum
1305 4186 1510 4243 bellum
1541 4188 1610 4244 ad
1637 4189 1980 4262 Aborigenes

2151 4186 2231 4244 A'.
2287 4188 2504 4254 Αἰνείας
2560 4190 2699 4261 μετὰ
2752 4189 2844 4244 τὸν
2902 4190 3151 4259 Τρωῖκὸν
3228 4190 3467 4259 πόλεμον
3522 4192 3675 4264 πρὸς

414 4274 586 4339 venit,
619 4275 713 4345 qui
746 4289 868 4332 eam
899 4275 1206 4347 regionem,
1251 4278 1307 4334 in
1351 4294 1461 4350 qua
1501 4280 1674 4337 Roma
1724 4283 1827 4337 sita
1873 4289 1979 4350 est,

414 4369 544 4422 olim
578 4377 895 4435 tenuerunt,
935 4369 1132 4426 Latino
1169 4370 1346 4426 Fauni
1394 4372 1509 4428 lilio
1559 4382 1825 4445 regnante
1865 4392 1878 4428 :
1925 4382 1984 4429 et

416 4459 678 4516 Laurenti
704 4462 857 4531 juxta
891 4461 1123 4518 ﬂuvium
1162 4462 1475 4527 Numicium
1506 4466 1739 4535 appulit,
1780 4465 1874 4520 ubi
1916 4480 1985 4519 ex

415 4552 902 4622 oraculo‘quodam
959 4554 1249 4611 considere
1296 4556 1491 4610 voluit.
1524 4556 1681 4624 Quod
1713 4557 1834 4627 ejus
1862 4555 1985 4622 ΔΙορί

415 4655 509 4695 rex
547 4639 774 4696 Latinus
818 4643 1226 4712 prohibiturus,
1255 4646 1550 4701 commisso
1583 4645 1773 4715 praelio
1811 4644 1989 4699 vinci-

415 4740 527 4789 tur.
565 4731 771 4787 Deinde
802 4748 902 4803 per
925 4734 1160 4800 somnia,
1193 4752 1315 4806 qua:
1344 4747 1574 4807 uterque
1595 4737 1871 4801 viderant,
1903 4752 1989 4792 re-

416 4824 694 4879 conciliati
717 4833 846 4879 sunt
867 4842 888 4878 τ
913 4841 977 4880 ac
992 4825 1223 4882 Latinus
1250 4843 1515 4885 concesso
1535 4829 1819 4884 habitandi
1838 4830 1984 4896 loco,

420 4917 584 4972 tiliam
629 4918 911 4973 Laviniam
950 4918 1140 4975 :Enea:
1184 4920 1239 4975 in
1274 4924 1685 4977 matrimonium
1731 4923 1985 4992 collocat,

417 5015 486 5068 de
523 5014 686 5084 cujus
708 5015 933 5072 nomine
959 5016 1154 5072 urbem
1186 5033 1217 5073 a
1245 5033 1304 5073 se
1333 5018 1609 5074 conditam
1646 5017 1848 5073 Encas
1886 5017 1990 5073 La-

417 5108 628 5161 vinium
672 5107 921 5162 nominat
969 5125 987 5163 :
1040 5109 1192 5179 regio
1233 5108 1469 5175 Latium,
1527 5110 1763 5180 populus
1805 5110 1988 5165 Latini

420 5200 698 5268 appellati.
722 5201 911 5255 Rutuli
938 5216 1073 5272 gens
1101 5201 1349 5266 finitima,
1379 5203 1516 5257 urbe
1539 5204 1715 5258 Ardea
1743 5204 1987 5271 oriundi,

416 5307 547 5348 ante
575 5294 771 5349 infensi
797 5294 1157 5360 Latinis,tnm
1182 5309 1403 5365 quoque
1433 5296 1635 5350 bellum
1664 5296 1991 5357 intulerunt.

419 5386 717 5450 adiuvante
758 5385 948 5440 Turno
992 5388 1114 5441 viro
1142 5388 1364 5454 illustri,
1399 5399 1632 5458 cognato
1663 5388 1864 5455 Latini,
1900 5392 1989 5446 cui

418 5476 492 5530 ob
513 5475 752 5530 Laviniae
768 5475 990 5545 nuptias
1015 5476 1188 5533 iratus
1216 5485 1358 5539 erat,
1382 5478 1487 5533 sibi
1512 5479 1667 5549 prius
1682 5481 1985 5550 desponsae.

2095 4282 2477 4355 ’Δϐορῤίγινας
2508 4283 2724 4353 ἀφῖκτο,
2750 4283 2803 4337 οἳ
2852 4281 3048 4355 πρώην
3117 4282 3215 4353 τὴν
3248 4282 3434 4356 χώραν
3460 4281 3671 4354 ᾤκουν,

2084 4374 2207 4428 καθ’
2233 4374 2303 4444 ἢν
2344 4376 2379 4446 ἠ
2414 4372 2603 4446 Ῥώμη
2650 4374 3001 4440 πεπόλισται,
3057 4376 3288 4429 Λατίνου
3327 4374 3422 4428 τοῦ
3452 4375 3670 4431 1Ιιαῦνου

2084 4465 2208 4520 τότε
2230 4465 2331 4537 τὴν
2361 4465 2569 4520 τούτων
2596 4467 2771 4538 ἀρχὴν
2797 4467 3039 4538 ἔχοντοςο
3071 4468 3167 4521 καὶ
3206 4467 3478 4538 προσέσχε
3510 4469 3670 4522 Λαυ-

2088 4557 2265 4630 ρέντῳ
2303 4560 2447 4613 κατὰ
2480 4558 2574 4612 τὸν
2621 4559 2926 4630 Νουμίκιον
2966 4560 3234 4630 ποταμὸν,
3268 4560 3398 4615 ἔνθα
3429 4561 3575 4615 κατά
3613 4579 3671 4614 τι

2085 4647 2151 4719 δὴ
2175 4646 2501 4721 θεοπρόπιον
2526 4648 2745 4717 λέγεται
2767 4649 3299 4718 παρασκευάζεσθαι
3325 4652 3672 4723 ποιήσασθαι

2085 4740 2186 4812 τὴν
2223 4741 2565 4814 κατοίκησιν.
2606 4742 2666 4797 '0
2705 4742 2764 4797 δὲ
2819 4740 2919 4814 τῆς
2970 4740 3157 4814 χώρας
3196 4744 3380 4815 άρχων
3431 4745 3675 4809 Λατῖνος

2087 4834 2320 4905 ἀπεῖργε
2365 4833 2443 4904 τῷ
2469 4834 2655 4906 Αἰνείᾳ
2675 4835 2776 4904 τὴν
2814 4835 2873 4887 ὲν
2902 4838 2968 4906 τῇ
3005 4835 3158 4907 χώρᾳ
3196 4836 3537 4907 καθίδρυσιν,
3571 4837 3670 4891 καὶ

2090 4925 2386 4995 συμϐαλὼν
2434 4928 2690 4996 ἡττᾶται.
2747 4920 2880 4981 Εῐτα
2934 4927 3005 4981 δι’
3035 4928 3334 4997 ὀνειράτων
3385 4929 3671 4997 φανέντων

2087 5017 2292 5087 ἀμφοῖν
2324 5017 2804 5086 καταλλάττονται,
2836 5019 3055 5090 καὶτῆς
3083 5021 3464 5091 κατοικήσεως
3511 5021 3668 5093 αὖτῷ

2089 5111 2415 5180 παραχωρεῖ
2439 5125 2455 5142 ο
2480 5110 2576 5162 καὶ
2606 5111 2706 5180 τὴν
2739 5110 3018 5182 θυγατέρα
3054 5112 3350 5166 Δαουῖνίαν
3371 5113 3453 5176 είς
3482 5113 3666 5183 γάμον

2089 5202 2390 5256 ἐκδίδωσιν.
2452 5202 2625 5257 Ἔνθα
2680 5205 2838 5257 πόλιν
2902 5207 2931 5257 ὁ
3000 5205 3217 5268 Αίνείας
3274 5205 3660 5275 οἰκοδομήσας,

2089 5294 2346 5363 ὠνόμασε
2407 5294 2690 5348 Λαουΐνιον
2716 5312 2731 5327 ο
2760 5296 2858 5366 ἦτε
2910 5294 3066 5366 χώρα
3119 5295 3321 5350 Λάτιον
3358 5297 3661 5367 ἐπεκλήθη,

2090 5386 2184 5440 καὶ
2212 5386 2262 5438 oi
2299 5385 2576 5453 ἄνθρωποι
2604 5385 2654 5437 οἱ
2690 5386 2806 5438 ἐκεῖ
2843 5387 3068 5440 Λατῖνοι
3108 5387 3660 5458 προσηγορεύθησαν.

2102 5478 2405 5533 Ῥουτοῦλοι
2436 5477 2493 5532 δὲ
2528 5475 2861 5549 ὁμοροῦντες
2904 5479 2971 5548 τῇ
3014 5476 3170 5549 χώρᾳ
3202 5481 3264 5531 ἐκ
3302 5478 3507 5541 πόλεως
3542 5480 3666 5550 ’Δρ-

346 5579 360 5595 ⁶
424 5570 608 5638 Pugna
640 5570 775 5625 inita
807 5544 865 5625 et
888 5569 1116 5626 Latinus
1144 5579 1200 5626 et.
1228 5571 1448 5626 Turnus
1486 5544 1710 5630 cadunt.
1732 5544 1902 5630 linea
1932 5584 1980 5630 et

2091 5570 2217 5635 θέας
2263 5544 2649 5643 ὁρμώμενος-
2675 5570 2768 5622 καὶ
2823 5544 3065 5640 πρόσθεν
3102 5544 3400 5641 ’δυσμενῶς
3450 5544 3668 5641 ἔχοντες

374 5700 387 5705 -
419 5661 707 5717 victoriam
740 5671 794 5718 et
820 5663 997 5719 soceri
1026 5678 1254 5735 regnum
1279 5663 1500 5735 adepto.
1531 5664 1835 5735 Aliquanto
1865 5677 1988 5736 post

423 5753 636 5817 Rutuli.
687 5755 874 5814 ascitis
904 5757 1314 5825 Tyrrhenorum
1364 5758 1604 5829 auxiliis,
1641 5758 1867 5816 Encam
1904 5761 1985 5817 vi-

2096 5664 2234 5735 πρὸς
2285 5662 2569 5727 Λατίνους,
2603 5662 2698 5716 καὶ
2743 5661 2864 5715 τότε
2911 5660 3147 5731 πόλεμον
3190 5662 3664 5732 {xyw/tmen”-

2096 5775 2284 5827 τοντος
2345 5757 2529 5823 αὐτοῖς
2555 5757 2651 5812 καὶ
2679 5755 2946 5828 Τούρνου,
2974 5752 3165 5825 ἀνδρδς
3210 5756 3528 5827 ἐπιφανοῦς,
3560 5770 3667 5822 κει-ι
