4042 6200
367 256 466 322 53:1

1662 243 1902 305 JOANN
1919 245 1988 303 IS
2022 241 2345 304 ZONAlrle

3497 242 3609 304 551

368 383 476 428 tur.
505 369 611 423 Sed
638 369 765 439 quia
789 353 1048 423 convenae
1072 366 1142 421 oh
1158 364 1391 436 stirpem
1419 362 1638 432 inopem
1657 370 1823 431 atque
1841 359 1942 415 ob-

2049 360 2280 422 ἐκαστος
2310 359 2375 411 ἐκ
2407 356 2594 426 γένους
2623 353 2776 418 ὄντες
2829 351 3108 424 γνωρίμου
3131 370 3145 384 ο
3181 352 3214 422 ἦ
3243 352 3352 407 ἀπὸ
3383 353 3480 421 τῆς
3520 366 3617 407 πα⁶

367 479 584 518 scuram
607 479 636 515 a
656 463 853 526 vicinis
869 461 1086 532 populis
1105 457 1822 528 Spernebautur,consilium
1841 457 1942 512 init

369 567 528 622 raptu
563 555 786 621 parandi
822 555 1082 622 conjugcs
1117 553 1232 606 suis
1271 551 1486 605 civibus
1519 571 1531 604 :
1566 559 1623 604 et
1663 565 1777 604 rem
1802 549 1941 603 divi-

367 661 520 706 nam,
553 644 920 711 ludorumque
951 643 1330 697 celebritatem
1379 641 1596 703 indicit,
1639 642 1797 709 quasi
1846 657 1940 694 ara

369 735 498 788 novi
533 733 620 788 dei
657 734 878 787 inventa
924 743 1092 788 esset.
1141 733 1259 798 Quo
1293 748 1417 786 cum
1466 730 1622 784 multi
1657 731 1942 784 convenis-

371 835 510 887 sent,
555 825 671 893 ipse
716 841 838 878 cum
886 825 1248 894 Optimatibus
1299 823 1602 893 prxsidens
1629 863 1643 886 ,
1695 837 1938 892 purpura

371 916 722 985 conspicuus,
779 933 900 970 eam
965 917 1170 986 papulo
1203 927 1468 971 tesseram
1515 915 1688 980 dedit,
1717 925 1777 969 ut
1815 930 1939 968 cum

371 1025 669 1078 purpuram
727 1010 1094 1078 explicasset,
1148 1024 1210 1062 ac
1266 1022 1460 1062 rursus
1513 1006 1939 1075 complicasset,

373 1114 486 1152 rem
519 1098 969 1168 aggrederentur.
999 1099 1120 1163 Quo
1159 1097 1328 1161 facto,
1355 1096 1569 1152 strictis
1606 1095 1855 1156 ensibus,
1886 1104 1944 1149 et

371 1204 496 1242 cum
545 1189 882 1243 clamoribus
937 1190 1147 1258 impetu
1197 1188 1362 1250 facto,
1421 1185 1752 1240 Sabinorum
1803 1185 1942 1240 lilias

370 1278 626 1349 virgines,
669 1280 845 1333 nullas
876 1288 1060 1332 autem
1093 1292 1291 1332 uxores
1323 1275 1631 1345 rapiebant.
1655 1275 1732 1329 0b
1771 1275 1824 1328 id
1862 1274 1942 1330 fa-

373 1369 530 1426 cinus
564 1371 775 1436 Sabini,
805 1371 1072 1440 populosa
1106 1385 1262 1438 gens,
1301 1379 1356 1423 et
1404 1369 1682 1433 bellicosa,
1711 1383 1943 1438 quasque

373 1463 442 1516 ob
458 1463 765 1517 animorum
797 1460 1235 1530 magnitudinem
1261 1500 1276 1522 ,
1310 1467 1370 1513 ut
1398 1459 1941 1513 Lacedaemoniorum

373 1551 597 1606 colonos
643 1568 740 1620 par
783 1563 888 1617 est,
937 1567 1102 1621 pagos
1137 1551 1256 1605 sine
1306 1549 1480 1604 muris
1519 1548 1816 1610 incolebat,
1845 1563 1944 1617 per

370 1643 579 1713 legatos
613 1659 643 1696 a
687 1643 921 1697 Romulo
963 1643 1262 1712 petierunt,
1291 1652 1351 1696 ut
1384 1641 1645 1695 violentia
1686 1639 1939 1704 rescissa,

2043 451 2276 518 τρωνίας
2301 464 2314 478 ·
2350 446 2493 501 οὕτω
2523 445 2568 500 δ’
2597 444 2827 500 ἐκάλουν
2854 442 2952 514 τὴν
2984 444 3346 512 προστασίαν,
3390 444 3623 514 πατρω-

2043 559 2140 604 νας
2169 541 2278 611 γὰρ
2308 541 2435 604 τοὺς
2462 537 2858 610 κηδεμονικοὺς
2883 537 2978 588 καὶ
3013 534 3377 604 βοηθητικοὺς
3406 552 3617 605 προση-

2043 635 2289 702 γόρευον.
2324 631 2578 686 Μάλιστα
2609 629 2655 682 δ’
2683 631 2748 684 ἄν
2779 645 2860 690 τις
2891 626 3364 696 καταστοχάσαιτο
3395 629 3494 696 τῆς
3524 625 3622 678 τοῦ

2057 723 2338 795 Ῥωμύλου
2385 722 2650 788 διανοίας,
2683 722 2732 774 εί
2759 721 2922 774 οἴοιτο
2956 719 3042 772 διὰ
3073 718 3173 788 τῆς
3207 717 3457 787 κλήσεως
3490 717 3596 770 ταῦ

2042 834 2142 886 της
2181 815 2489 886 ἐμφαίνειν,
2526 815 2722 884 χρῆναι
2777 812 2900 874 τοὺς
2954 809 3205 879 πρώτους
3246 808 3339 862 καὶ
3371 809 3622 862 δυνατωο

2044 905 2238 970 τάτους
2289 906 2388 976 τῆς
2439 905 2646 967 πόλεως
2698 903 2941 972 πατρικῇ
3004 898 3306 971 κηδεμονίᾳ
3357 899 3623 964 κήδεσθαι

2043 1000 2150 1054 τῶν
2197 998 2627 1067 ταπεινοτέρων,
2663 993 2780 1064 ἅμα
2815 993 2872 1046 δὲ
2919 992 3013 1045 καὶ
3065 991 3157 1044 τὸν
3190 991 3364 1061 δῆμον
3400 992 3625 1060 ἐνάγειν

2043 1093 2132 1146 διὰ
2183 1093 2282 1162 τῆς
2337 1091 2445 1143 τῶν
2507 1085 2820 1157 πατρικίων
2879 1085 3253 1154 προσηγορίας
3295 1085 3374 1146 είς
3428 1084 3489 1137 τδ
3545 1083 3626 1155 μὴ

2045 1185 2307 1255 ἄχθεσθαι
2361 1184 2482 1245 ταῖς
2531 1181 2640 1233 τῶν
2671 1178 3002 1249 κρειττόνων
3055 1178 3266 1247 τιμαῖς,
3303 1175 3419 1230 ἀλλ’
3448 1176 3626 1228 εύνοῖ-

2044 1279 2154 1341 κῶς
2199 1275 2527 1339 διακεῖσθαι,
2587 1273 2907 1341 νομίζοντας
2961 1271 3205 1338 πατέρας
3259 1269 3480 1333 αὐτοὺς,
3526 1272 3626 1323 καὶ

2045 1368 2576 1442 προσαγορεύοντας.
2615 1364 2833 1418 Πολλῶν
2886 1363 2942 1416 δέ
2990 1365 3058 1433 τῇ
3094 1360 3246 1414 πόλει
3285 1360 3623 1414 ἐνοικισθέν-

2043 1479 2174 1526 των,
2205 1455 2280 1514 ὧν
2318 1461 2490 1528 ὀλίγοι
2535 1458 2754 1527 γυναιξὶ
2804 1453 3252 1522 συνεζεύγνυντο,
3282 1453 3507 1523 φροντὶς
3540 1453 3624 1524 τῷ

2056 1553 2316 1624 Ῥωμύλῳ
2365 1554 2611 1621 ἐγένετο,
2648 1551 2736 1604 ἵνα
2787 1551 3033 1602 κάκεῖνοι
3083 1548 3353 1615 γυναῖκας
3405 1547 3627 1610 ἑαυτοῖς

2051 1647 2416 1698 συνοικίσωσι.
2473 1642 2776 1712 Σύγκλυδες
2811 1641 2868 1695 δέ
2925 1640 3021 1694 καὶ
3057 1638 3118 1702 ἐξ
3162 1640 3390 1709 ἀπόρων
3443 1639 3622 1702 ὄντες,

369 1734 649 1788 voluntate
693 1746 749 1788 et
791 1735 912 1804 lege
949 1734 1192 1788 amicitia
1232 1734 1379 1786 inter
1414 1734 1583 1801 ipsos,
1627 1740 1682 1786 et
1707 1731 1941 1786 alIinitas

2045 1740 2139 1791 καὶ
2173 1737 2418 1806 ἀφανῶν,
2477 1734 2874 1806 ὑπερεωρῶντο
2911 1731 3047 1802 πρὸς
3095 1728 3257 1800 κῆδος
3307 1728 3461 1799 παρὰ
3508 1730 3624 1781 τῶν

370 1828 816 1881 contraheretur.
849 1826 1082 1882 Romulo
1111 1841 1242 1880 vero
1270 1825 1480 1894 puellas
1510 1839 1619 1879 non
1647 1823 1936 1887 reddente,

369 1917 464 1971 sed
521 1917 855 1986 postulante,
900 1927 959 1973 ut
1007 1916 1196 1972 Sabini
1264 1915 1518 1986 coniugia
1567 1913 1870 1984 probarent
1922 1931 1935 1966 :

369 2009 492 2065 aliis
525 2009 890 2063 consultando
916 1998 1134 2078 tempus
1168 2007 1534 2072 trahentibus,
1566 2008 1747 2062 Acron
1781 2004 1943 2060 Ceni-

369 2099 624 2152 nensium
681 2115 817 2160 rex.
857 2100 941 2154 vir
1000 2099 1302 2154 iracundus
1345 2108 1404 2153 et
1465 2097 1938 2164 bellicosissimus,

369 2189 525 2259 prior
561 2191 728 2244 armis
754 2191 986 2260 arreptis
1028 2205 1253 2261 magnas
1280 2189 1466 2258 c0pias
1493 2199 1684 2245 contra
1725 2191 1939 2245 [tomu-

371 2284 484 2336 lum
520 2281 692 2335 ducit.
735 2283 870 2335 Cum
907 2282 1068 2335 ambo
1096 2282 1151 2335 in
1202 2281 1514 2351 propinquo
1533 2291 1744 2346 essent,
1786 2291 1940 2336 uter-

371 2397 481 2452 que
503 2383 738 2436 alterum
805 2382 872 2436 ad
927 2397 1163 2452 pugnam
1198 2391 1486 2452 provocat,
1526 2383 1942 2452 quiescentibus

370 2474 725 2530 exercitibus.
794 2475 852 2528 In
900 2490 968 2528 eo
1006 2474 1272 2544 singulari
1324 2476 1626 2530 certamine
1672 2475 1940 2530 Romulus

371 2565 644 2618 Acroncm
705 2563 1000 2618 obtruncat
1057 2580 1072 2618 :
1123 2564 1528 2632 commissaque
1588 2564 1795 2632 praelia,
1823 2565 1942 2635 ejus

373 2657 678 2712 exercitum
740 2655 944 2721 l'undit,
998 2654 1276 2723 fugatque,
1331 2653 1525 2707 urbem
1553 2653 1940 2723 capit:neque

375 2757 553 2800 tamen
596 2745 744 2799 cit-es
783 2746 888 2798 alia
928 2744 1080 2798 clade
1119 2744 1306 2806 allicit.
1340 2759 1503 2813 Quam
1555 2744 1704 2813 quod
1738 2744 1940 2800 dirutis

372 2837 603 2898 aedibus,
645 2851 703 2889 se
756 2835 984 2889 Romam
1024 2834 1181 2903 sequi
1217 2834 1406 2904 jussit,
1440 2835 1591 2888 cives
1622 2833 1858 2894 futuros,
1885 2842 1941 2887 et

367 2941 529 2995 sequo
556 2927 678 2996 jure
707 2941 923 2980 usuros.
952 2924 1160 2978 Deinde
1195 2924 1362 2978 etiam
1388 2924 1483 2979 alii
1517 2923 1708 2978 Sabini
1741 2924 1940 2978 Roma-

2041 1830 2403 1902 γειτνιώντων
2433 1829 2622 1882 ἐθνῶν.
2652 1825 2912 1880 Βούλεται
2944 1823 3124 1877 τοίνυν
3152 1821 3212 1888 ἐξ
3239 1822 3499 1892 ἁρπαγῆς
3530 1820 3603 1875 λα»

2043 1929 2156 1982 ϐεῖν
2209 1927 2475 1995 γυναῖκας
2525 1923 2652 1984 τοὺς
2707 1920 2934 1983 πολίτας
2971 1918 3162 1982 αὐτοῦ,
3201 1923 3295 1970 καὶ
3348 1916 3625 1987 κηρύσσει

2043 2017 2236 2072 θυσίαν
2267 2017 2362 2071 καὶ
2393 2013 2580 2082 ἀγῶνα
2607 2011 2702 2065 καὶ
2729 2009 2858 2064 θέαν
2888 2008 3106 2079 μέλλειν
3132 2006 3404 2061 ἐπιτελεῖν
3437 2023 3622 2076 πανη-

2041 2110 2294 2183 γυρικὴν,
2330 2107 2404 2170 ὡς
2462 2104 2649 2176 βωμοῦ
2700 2103 3008 2173 εὑρημένου
3063 2100 3188 2153 θεοῦ
3240 2098 3452 2154 καινοῦ.
3506 2099 3625 2152 Καὶ

2042 2205 2231 2258 πολλοὶ
2285 2199 2566 2268 συνῆλθον,
2618 2195 2778 2258 αὐτὸς
2817 2194 2874 2247 δέ
2922 2193 3276 2263 προύκάθητο
3327 2192 3469 2261 μετά
3507 2192 3624 2245 τῶν

2041 2296 2304 2367 ἀρίστων,
2357 2290 2639 2361 ἁλουργίδι
2687 2287 3127 2358 κεκοσμημένος.
3159 2285 3372 2339 Δέδωκε
3419 2283 3477 2337 δὲ
3538 2282 3623 2354 τῷ

2040 2390 2196 2460 δήμῳ
2230 2389 2329 2456 τῆς
2361 2384 2760 2455 ἐπιχειρήσεως
2793 2379 3086 2451 σύμϐολον,
3135 2378 3236 2448 τὴν
3277 2378 3377 2446 τῆς
3420 2377 3626 2460 ἀλουρέ

2042 2459 2187 2550 γίδος
2236 2477 2546 2541 διάπτυξιν,
2594 2473 2688 2526 καὶ
2733 2470 2892 2534 αὖθις
2931 2470 3138 2539 ταύτης
3181 2467 3498 2538 περιϐολήν.
3542 2459 3623 2523 Οὔ

2043 2575 2338 2642 γενομένου
2391 2567 2734 2637 σπασάμενοι
2767 2564 2836 2619 τὰ
2886 2563 3035 2631 ξίφη,
3084 2559 3224 2631 μετά
3249 2560 3376 2632 βοῆς
3417 2559 3621 2630 ὥρμη-

2043 2683 2162 2730 σαν,
2217 2663 2313 2718 καὶ
2375 2660 2622 2732 ἥρπαζον
2679 2658 2779 2720 τάς
2835 2655 3144 2726 θυγατέρας
3199 2653 3308 2706 τῶν
3365 2652 3619 2705 Σαϐίνων

2041 2755 2372 2826 παρθένους,
2405 2753 2467 2804 οὑ
2504 2751 2691 2821 μέντοι
2716 2748 2985 2816 γυναῖκάς
3014 2761 3200 2798 τινων.
3234 2743 3619 2814 Τολμηθείσης

2039 2847 2096 2900 δὲ
2127 2848 2225 2916 τῆς
2259 2842 2540 2914 ἁρπαγῆς,
2585 2843 2633 2893 οἱ
2668 2839 2909 2902 Σαϐῖνοι,
2941 2837 3126 2890 πολλοὶ
3184 2836 3278 2889 καὶ
3325 2835 3621 2906 πολεμικοὶ

2041 2941 2214 3006 ὀντες,
2240 2939 2336 2992 καὶ
2365 2937 2557 3006 κώμας
2585 2933 2924 3002 ἀτειχίστους
2956 2928 3254 2992 οἰκοῦντες,
3273 2927 3360 2982 διὰ
3384 2926 3444 2978 τὸ
3470 2927 3622 2996 μέγα

372 3035 475 3074 nos
509 3018 666 3074 bellis
694 3018 955 3088 aggressi,
976 3027 1032 3071 et
1065 3017 1332 3086 superati,
1366 3015 1586 3071 demum
1613 3015 1772 3070 Tatio
1793 3015 1933 3070 duce

2045 3033 2295 3103 ςρονείν,
2363 3030 2438 3091 ὡς
2500 3023 2946 3095 Λακεδαιμονίων
3007 3022 3250 3086 ἄποικοι,
3311 3017 3620 3089 πρεσϐείαν

372 3118 581 3175 creato,
610 3109 796 3162 Romae
825 3107 1033 3163 bellum
1068 3107 1378 3163 intulerunt
1407 3125 1421 3161 :
1448 3115 1504 3161 et
1544 3105 1877 3176 Capitolium
1911 3123 1941 3160 a

375 3203 632 3272 Tarpeia,
659 3205 780 3274 ejus
811 3205 905 3274 qui
934 3204 1048 3259 arci
1094 3213 1328 3273 praeerat
1365 3203 1498 3270 lilia,
1543 3203 1826 3274 proditum
1855 3220 1948 3259 ee-

374 3303 594 3364 perunt.
643 3295 773 3360 Quae
827 3311 951 3350 cum
1000 3311 1199 3365 aquam
1252 3296 1485 3365 petitum
1529 3305 1683 3350 extra
1739 3297 1944 3352 mmnia

373 3385 582 3446 ivisset,
621 3385 692 3439 ad
724 3385 948 3440 Tatium
990 3386 1276 3454 perducta,
1308 3387 1633 3456 persuaderi
1658 3387 1765 3442 sibi
1791 3388 1943 3453 sivit,

375 3485 437 3526 ut
461 3489 640 3526 arcem
667 3473 863 3542 prodat
887 3491 902 3528 :
925 3474 1270 3545 Sabinosque
1293 3491 1490 3532 aureas
1512 3476 1776 3543 armillas,
1808 3493 1948 3548 quas

371 3565 510 3618 hero
544 3565 772 3618 brachio
820 3565 1117 3626 habebant,
1163 3575 1341 3635 pacta,
1380 3582 1484 3620 una
1518 3574 1675 3636 porta
1722 3567 1946 3637 accipit.

375 3655 564 3710 Tatius
594 3655 894 3725 ingressus,
939 3672 1071 3711 suos
1093 3656 1260 3727 318
1293 3657 1561 3727 quidquid
1590 3660 1724 3712 laeva
1754 3668 1945 3728 gesta-

375 3757 518 3812 rent,
559 3749 806 3816 Tarpeiae
856 3749 986 3802 dare
1029 3749 1214 3818 jussit,
1256 3763 1322 3804 ac
1370 3749 1489 3820 ipse
1518 3749 1732 3819 primus
1765 3750 1949 3804 armil-

373 3843 482 3896 lam
513 3851 569 3894 et
607 3853 823 3896 scutum
861 3843 915 3896 in
941 3857 1062 3896 eam
1094 3844 1334 3914 conjecit
1363 3857 1378 3896 :
1416 3842 1565 3914 quod
1595 3858 1723 3897 cum
1753 3857 1948 3898 omnes

374 3934 643 3995 facerent,
697 3937 816 3989 auri
851 3946 1242 4005 scutorumque
1285 3935 1642 3990 multitudine
1685 3949 1949 4006 oppressa

374 4026 635 4094 exapirat.
673 4025 772 4079 llic
799 4026 963 4094 igitur
996 4027 1175 4094 reipsa
1206 4027 1544 4092 declaravit,
1583 4026 1731 4096 quod
1763 4026 1948 4082 Cazsar

375 4118 761 4187 etAntigonus
789 4129 905 4186 pust
940 4134 1196 4172 sermone
1223 4126 1584 4188 usurparunt.
1625 4118 1761 4172 Nam
1804 4118 1947 4170 alter

373 4224 434 4263 se
479 4209 848 4280 proditionem
903 4225 1112 4274 amare,
1156 4210 1473 4279 proditores
1501 4211 1701 4280 .odisse
1735 4229 1748 4265 :
1787 4211 1950 4273 alter,

373 4301 468 4368 qui
517 4300 775 4370 prodant,
809 4302 1045 4372 benigne
1092 4304 1411 4368 admittere,
1446 4304 1542 4374 qui
1571 4302 1948 4374 prodiderint,

375 4405 434 4444 se
463 4393 700 4447 aversari
734 4393 885 4447 dixit.

2043 3124 2179 3196 πρὸς
2211 3123 2304 3176 τὸν
2343 3117 2625 3189 Ῥωμύλον
2658 3114 3007 3185 πεποίηνται,
3055 3110 3216 3164 λῦσαι
3257 3109 3319 3162 τὸ
3349 3109 3446 3180 τῆς
3492 3107 3620 3180 βίας

2043 3216 2208 3284 ἔργον
2239 3213 2549 3283 ζητοῦντες,
2591 3209 2774 3264 ⁴ιιειθοῖ
2808 3207 2866 3260 δὲ
2906 3206 3001 3259 καὶ
3025 3207 3178 3274 νόμῳ
3211 3203 3474 3274 πράττειν
3500 3204 3623 3267 τοῖς

2046 3309 2232 3376 γένεσι
2264 3305 2450 3374 φιλίαν
2493 3303 2588 3356 καὶ
2613 3300 2947 3369 οἰκειότητα.
2977 3295 3087 3350 Τοῦ
3115 3295 3171 3348 δέ
3207 3294 3485 3364 Ῥωμύλου
3518 3293 3622 3356 τὰς

2048 3401 2148 3472 μὲν
2174 3399 2343 3469 κόρας
2382 3396 2458 3466 μὴ
2487 3392 2835 3466 προϊεμένου,
2863 3389 3148 3457 ἀξιοῦντος
3173 3387 3230 3440 δέ
3275 3385 3375 3458 τὴν
3421 3401 3622 3439 κοινωο

2043 3495 2165 3548 νίαν
2209 3490 2463 3560 δέχεσθαι
2492 3487 2616 3549 τοὺς
2650 3484 2931 3549 Σαϐίνους,
2959 3483 3010 3536 οί
3049 3481 3148 3552 μέν
3174 3479 3327 3535 ἄλλοι
3361 3477 3620 3548 βουλευό-

2049 3598 2202 3652 μενοι
2242 3577 2537 3648 διέτριϐονο
2580 3576 2802 3644 ’Δκρων
2831 3572 2890 3626 δέ
2923 3573 2952 3626 6
2983 3569 3240 3642 βασιλεὺς
3271 3567 3381 3622 τῶν
3409 3567 3624 3637 Καινη-

2043 3675 2230 3739 νιτῶν,
2279 3670 2572 3742 θυμοειδὴς
2627 3667 2769 3739 ἀνὴρ
2811 3664 2908 3720 καὶ
2965 3661 3431 3734 πολεμικώτατος,
3484 3675 3623 3730 προ-

2047 3767 2334 3836 εξανέστη,
2376 3765 2472 3817 καὶ
2505 3762 2646 3833 μετά
2696 3758 2898 3828 πολλῆς
2947 3757 3148 3828 ἐχώρει
3184 3753 3471 3824 δυνάμεως
3525 3753 3624 3806 ἐπὶ

2043 3860 2136 3911 τὸν
2175 3855 2474 3927 Ῥωμύλον.
2521 3850 2689 3922 Ὁμοῦ
2719 3851 2777 3904 δέ
2815 3849 3126 3918 γεγονότος,
3153 3844 3414 3916 ἀλλήλους
3449 3859 3625 3914 προε-

2047 3949 2312 4006 καλοῦντο
2367 3943 2656 4016 μάχεσθαι,
2707 3937 3094 4011 ἀτρεμούντων
3127 3935 3237 3988 τῶν
3273 3931 3624 4004 στρατευμά-

2048 4061 2181 4096 των.
2207 4041 2318 4111 Τῆς
2345 4036 2475 4108 γοῦν
2506 4033 2844 4106 μονομαχίας
2869 4031 3074 4100 ἀμφοῖν
3104 4026 3427 4096 γενομένης,
3458 4040 3628 4077 κατα-

2049 4134 2232 4188 ϐάλλει
2284 4132 2381 4202 μὲν
2435 4130 2464 4182 ὁ
2503 4125 2782 4196 Ῥωμύλος
2810 4123 2902 4176 τὸν
2937 4123 3220 4190 Ἄκρωνα,
3264 4116 3532 4188 τρέπεται
3563 4115 3626 4169 δὲ

2049 4229 2146 4280 καὶ⁵
2187 4226 2244 4278 τὸ
2292 4221 2501 4276 ἐκείνου
2538 4219 2880 4290 στράτευμα,
2919 4214 3100 4285 μάχης
3127 4206 3620 4281 συγκροτηθείσης·

2057 4319 2156 4373 καὶ
2194 4317 2295 4388 τὴν
2341 4315 2496 4368 πόλιν
2545 4314 2714 4384 αἱρεῖ,
2748 4310 2808 4364 οὑ
2848 4310 3036 4378 μέντοι
3071 4308 3130 4358 ἐν
3159 4306 3314 4372 ,αὐτῇ
3361 4299 3533 4354 κακόν
3568 4315 3626 4350 τι

2057 4408 2284 4472 διέθετο,
2320 4404 2434 4459 ἀλλ’
2465 4403 2498 4473 ἢ
2534 4403 2696 4472 μόνον
2741 4399 2997 4453 ἐκέλευσε
3028 4396 3126 4458 τὰς
3161 4392 3338 4455 οίκίας
3367 4388 3629 4443 καθελόν-

2056 4519 2176 4565 τας,
2234 4497 2553 4553 ἀκολουθεῖν
2610 4495 2691 4556 είς
2759 4491 2984 4562 Ῥώμην
3034 4488 3213 4554 αὐτῷ,
3263 4487 3340 4550 ὡς
3395 4484 3624 4546 πολίτας

2063 4594 2384 4664 ἐσομένους,
2418 4588 2642 4644 καὶτῶν
2663 4587 2795 4638 ἰσων
2843 4581 3336 4652 ἀξιωθησομένους.
3371 4573 3506 4630 Εῐτα
3532 4576 3630 4627 καὶ

377 4694 527 4748 ἄλλοι
559 4696 667 4747 τῶν
695 4697 935 4750 Σαϐίνων
971 4701 1082 4760 τοῖς
1123 4699 1417 4768 Ῥωμαίοις
1452 4698 1814 4769 ἐμαχέσαντο,
1852 4697 1948 4748 καὶ
1985 4689 2325 4764 ἡττήθησαν.
2403 4684 2529 4738 Ἐπὶ
2559 4680 2772 4742 τούτοις
2813 4679 2862 4731 οἱ
2888 4676 3066 4730 λοιποὶ
3091 4675 3200 4726 τῶν
3229 4671 3495 4734 ham":
3530 4669 3626 4722 τὸν

375 4791 572 4845 Τάτιον
617 4792 921 4862 στρατηγὸν
970 4764 1378 4860 ἀποδείξαντες,
1429 4764 1522 4846 ἐπὶ
1561 4764 1658 4862 τὴν
1722 4792 1945 4861 Ῥώμην
1985 4789 2379 4858 ἐστράτευσαν,
2416 4783 2512 4832 καὶ
2579 4777 2640 4830 τὸ
2690 4774 3036 4829 Καπιτώλιον
3104 4765 3251 4823 εἶλον
3293 4764 3628 4838 προδεδομέ-

375 4901 465 4938 νο¹
514 4887 619 4940 ὑπὸ
672 4887 958 4954 Ταρπηῖας
1003 4887 1100 4956 τῆς
1135 4887 1406 4958 θυγατρὸς
1443 4889 1537 4942 τοῦ
1571 4890 1939 4960 φρουράρχου.
1994 4885 2212 4951 Ἐκείνη
2265 4881 2376 4948 γὰρ
2443 4875 2530 4945 ἐφ’
2563 4875 2707 4944 ὓδωρ
2743 4869 3105 4930 κατελθοῦσα,
3157 4865 3489 4935 συνελήφθη,
3529 4871 3628 4914 καὶ

381 4979 523 5050 ἢχθη
573 4981 710 5048 πρὸς
763 4979 1000 5044 Τάτιον,
1040 4982 1132 5033 καὶ
1186 4982 1486 5050 ἀνεπείσθη
1541 4959 1840 5053 προδοῦναι
1885 4980 1946 5031 τὸ
1985 4977 2191 5048 ἔρυμα,
2256 4974 2365 5025 τῶν
2429 4969 2648 5041 χρυσῶν
2681 4965 3148 5037 βραχιονιστήρων
3189 4961 3505 5031 ἐρασθεῖσα,
3529 4959 3629 5022 οὓς

377 5073 434 5123 ἓν
481 5074 601 5134 ταῖς
634 5072 953 5142 ἀριστεραῖς
1001 5071 1230 5141 ἐφόρουν
1259 5073 1449 5143 χερσὶν
1477 5075 1524 5125 οἱ
1553 5073 1796 5135 Σαϐῖνοι,
1846 5071 1942 5123 καὶ
1983 5070 2176 5137 μισθὸν
2229 5067 2370 5135 ὑπὲρ
2430 5065 2529 5132 τῆς
2575 5060 2865 5132 προδοσίας
2909 5055 3109 5116 αὐτοὺς
3174 5054 3358 5108 λαϐεῖν
3386 5056 3632 5122 ἀπαιτή-

377 5185 542 5222 σασα.
569 5168 906 5238 Συνθεμένου
935 5169 991 5221 δὲ
1025 5169 1121 5220 τοῦ
1157 5165 1384 5225 Τατίου.
1423 5167 1646 5235 νύκτωρ
1713 5165 1842 5237 μίαν
1908 5163 2088 5233 πύλην
2153 5160 2435 5225 ἀνοίξασα,
2477 5157 2605 5218 τοὺς
2671 5153 2932 5214 Σαϐίνους
2967 5149 3204 5212 ἐδέξατο.
3259 5147 3530 5202 Εἰσελθὼν
3567 5148 3628 5200 δὲ

374 5267 404 5317 6
439 5265 629 5319 Τάτιος
657 5266 909 5318 ἐκέλευσε
939 5268 1066 5328 τοὺς
1098 5265 1190 5316 ὑπ’
1226 5263 1390 5316 αὑτὸν
1431 5263 1533 5316 ὅσα
1601 5264 1660 5314 ἐν
1698 5264 1818 5324 ταῖς
1861 5259 2183 5330 ἀριστεραῖς
2251 5258 2449 5326 χερσὶν
2501 5256 2697 5326 ἔφερον
2751 5253 2950 5306 διδόναι
3020 5252 3160 5321 αὐτῇ
3188 5265 3205 5282 ο
3253 5246 3348 5300 καὶ
3407 5244 3628 5312 πρὼτιις

375 5357 539 5418 αὐτὸς
569 5359 661 5410 τὸν
689 5358 1118 5427 βραχιονιστῆρα
1150 5359 1216 5426 τῇ
1243 5356 1505 5425 Ταρπηῖᾳ
1575 5352 1865 5425 ἐπέρριψε,
1927 5353 2021 5404 καὶ
2059 5351 2152 5402 τὸν
2191 5347 2406 5406 θυρεόν.
2459 5348 2684 5401 Πάντων
2717 5347 2772 5398 δέ
2821 5344 3026 5414 ὁμοίως
3059 5340 3380 5402 ποιούντων,
3431 5336 3632 5427 βαλλο-

379 5454 518 5522 μένη
550 5468 608 5504 τε
641 5425 955 5523 τῷχρυσῷ,
989 5425 1085 5505 καὶ
1117 5453 1535 5522 καταχωσθεῖσα
1564 5453 1679 5513 τοῖς
1708 5452 1944 5520 θυρεοῖς,
1983 5449 2090 5502 ὑπὸ
2132 5446 2372 5518 πλήθους
2445 5444 2540 5496 καὶ
2609 5444 2808 5514 βάρους
2844 5442 3140 5495 ἀπέθανεν.
3174 5438 3362 5507 Ἐργῳ
3409 5433 3504 5486 οῦν
3535 5425 3630 5484 οὗ·

309 5561 316 5568 ‘
375 5564 467 5609 τος
495 5547 774 5616 ἐποίησεν,
805 5547 833 5599 6
862 5548 1043 5615 λόγοις
1078 5548 1306 5617 ὕστερον
1333 5542 1488 5600 εἷπον
1549 5545 1577 5596 6
1623 5547 1842 5614 Καῖσαρ
1885 5545 1980 5596 καὶ
2019 5546 2046 5595 6
2099 5543 2426 5610 Ἀντίγονος·
2481 5542 2508 5594 ὁ
2558 5540 2654 5607 μὲν
2700 5540 2810 5607 γὰρ
2865 5535 3178 5603 προδοσίαν,
3222 5533 3349 5602 ἔφη,
3428 5531 3630 5599 φιλεῖν,

377 5643 644 5712 πριδότην
692 5643 748 5696 δὲ
823 5647 1023 5712 μισείνί
1085 5646 1112 5697 6
1162 5643 1218 5696 δὲ
1278 5643 1609 5711 Ἀντίγονος,
1666 5641 2018 5712 προδιδόντας
2061 5640 2161 5711 μὲν
2220 5639 2508 5699 ἀσπασίως
2561 5632 2680 5688 εἷπε
2734 5634 3094 5704 προσίεσθαι,
3149 5629 3515 5700 προδεδωκόσι
3571 5627 3636 5684 δὲ

379 5737 829 5796 ἀπεγθείνεσθαι.
