4042 6200
301 295 414 360 553

275 498 464 566 pom
491 494 738 566 καρτερά
789 495 1104 566 συνερῤἀγη
1161 496 1326 565 μέσον
1385 495 1568 550 αὐτῶν
1611 495 1708 548 καὶ
1747 495 1884 547 Ῥω-

309 588 512 656 μαίων,
541 588 600 638 ὲν
681 586 868 638 πολλοὶ
899 588 996 656 μὲν
1020 588 1216 640 ἔπεσον
1235 605 1250 620 ο
1277 591 1303 641 ὁ
1329 588 1386 640 δὲ
1420 587 1700 656 Ῥωμύλος
1725 586 1889 656 ἐπλή-

308 697 382 749 γη
411 680 545 748 λίθῳ
576 678 672 746 τὴν
703 679 970 748 κεφαλήν.
1001 679 1127 732 Ἔτι
1153 679 1210 731 δὲ
1237 679 1506 750 μάχεσθαι
1529 695 1886 749 παρασκευα-

310 769 580 836 ζομένους
620 768 746 830 τοὺς
774 766 1034 832 Σαϐίνους
1063 768 1299 839 ἐπέσχον
1329 771 1384 822 αἱ
1414 770 1767 840 ἡρπασμέναι
1791 770 1888 822 Θυ-

306 861 540 926 γατέρες
578 859 778 921 αὐτῶν,
808 859 1034 912 ἄλλοοεν
1058 858 1217 912 ἄλλαι
1273 861 1410 929 μετά
1462 860 1592 930 βοῆς
1635 861 1729 912 καὶ
1767 861 1889 912 ὀλο-

308 951 524 1020 λυγμοῦ
585 950 841 1018 ὀφθεῖσαι
883 951 1092 1012 αὐτοῖς,
1127 953 1184 1004 αἱ
1246 952 1346 1021 μὲν
1382 953 1552 1022 νήπια
1609 953 1742 1022 πρὶς
1770 955 1890 1016 ταῖς

310 1045 586 1108 ἀγκάλαις
621 1039 972 1110 κομίζουσαι,
1007 1043 1064 1094 αἱ
1098 1039 1156 1092 δὲ
1207 1041 1304 1111 τὴν
1338 1041 1519 1110 κόμην
1555 1042 1893 1112 προϊσχόμε-

312 1151 401 1186 ναι
423 1135 751 1203 λελυμένην,
787 1133 964 1186 πᾶσαι
992 1131 1048 1185 δὲ
1077 1131 1521 1202 ἀνακαλούμεναι
1547 1137 1659 1196 τοῖς
1708 1133 1898 1202 φιλτά-

312 1244 430 1287 τοις
453 1226 688 1296 ὀνόμασι
724 1224 858 1276 ποτὲ
894 1225 992 1294 μὲν
1019 1223 1146 1288 τοὺς
1199 1224 1484 1287 Σαϐίνους.
1534 1225 1663 1278 ποτε
1689 1225 1744 1277 δὲ
1771 1227 1898 1288 τοὺς

325 1319 658 1387 Ῥωμαίους.
688 1317 1145 1385 Ἐπεκλάσθησαν
1171 1316 1266 1370 οὖν
1297 1317 1346 1368 οἱ
1381 1317 1640 1380 ἐναντίοι,
1676 1319 1771 1371 καὶ
1817 1317 1898 1370 διο

316 1411 556 1480 ἔστησαν
598 1410 786 1472 αὑταῖς
844 1411 903 1462 ἐν
945 1409 1098 1480 μέσῳ
1137 1408 1331 1479 στῆναι
1377 1409 1473 1480 τῆς
1513 1410 1894 1481 παρατάξεως,

317 1504 414 1555 καὶ
444 1501 723 1571 κλαυθμὸς
745 1503 863 1573 ἅμα
889 1501 979 1554 διὰ
1001 1502 1219 1554 πάντων
1244 1501 1466 1571 ἐχώρει.
1497 1501 1900 1572 Διαλεχῦέντων

316 1597 372 1646 δὲ
407 1595 518 1646 τῶν
574 1595 835 1662 γυναίων,
893 1593 1160 1662 συνῆλθον
1191 1595 1272 1658 είς
1301 1593 1501 1662 λόγους
1534 1595 1584 1648 οἱ
1610 1595 1898 1666 ἡγεμόνες,

318 1689 415 1738 καὶ
448 1686 736 1738 συνέθεντο
764 1686 874 1738 τῶν
904 1687 1003 1757 μὲν
1031 1685 1331 1754 γυναικῶν,
1372 1685 1428 1739 αῖ
1460 1686 1766 1757 βούλονται,
1789 1689 1904 1750 τοῖς

1555 290 1964 350 ANNALlUM
2002 289 2151 348 LIB.
2192 289 2324 350 νη.

379 407 452 457 Δ’.
482 401 805 473 Δηψείσης
830 401 888 456 δὲ
917 401 1019 471 τῆς
1075 402 1254 474 ἄκρας
1310 399 1417 456 ὑπὸ
1470 401 1579 456 τῶν
1615 401 1878 464 Σαϐίνων,
1910 401 1961 460 Λ

3454 286 3562 352 554

2058 399 2150 454 ιν.
2196 399 2336 454 Arce
2361 412 2393 453 a
2413 395 2634 452 Sabinis
2664 406 2847 464 capta,
2871 409 3052 466 pugna
3086 397 3386 452 vehemens
3415 399 3564 456 inter

1989 507 2084 546 eos
2103 501 2158 545 et
2190 492 2468 545 Romanos
2499 489 2727 552 exarsit,
2771 488 2828 542 in
2868 503 2975 560 qua
3017 488 3174 542 malli
3208 491 3562 553 ceciderunt:

1989 579 2462 648 Romuluslapide
2491 587 2658 647 caput
2710 579 2853 632 ictus
2887 587 2995 636 est.
3049 578 3286 634 Sabinos
3318 597 3450 634 vero
3497 583 3562 635 ad

1993 669 2302 738 urgendum
2357 668 2603 737 praelium
2635 675 2876 736 paratos,
2929 678 3099 738 raptas
3137 671 3386 738 ipsorum
3445 671 3570 725 tiliae

1995 760 2380 825 inhibuerunt,
2414 760 2535 815 alite
2561 760 2785 815 aliunde
2828 775 2953 814 cum
2999 763 3243 816 clamore
3271 773 3328 816 et
3357 763 3569 816 ululatu

1994 866 2338 922 progressae,
2405 853 2602 922 partim
2651 852 2901 909 infantes
2952 855 3006 907 in
3055 853 3200 908 ulnis
3253 865 3570 922 gestantes,

1997 944 2198 1014 partim
2221 959 2440 1014 passum
2460 945 2718 1014 capillum
2750 946 3188 1014 pmtendentes:
3221 961 3414 1001 omnes
3443 964 3574 1001 vero

1987 1036 2341 1112 suavissimis
2393 1037 2734 1100 nominibus.
2767 1053 2916 1092 nunc
2951 1037 3207 1102 Sabinos,
3264 1054 3413 1093 nunc
3463 1038 3575 1094 Ro-

1999 1144 2192 1184 manos
2263 1129 2648 1186 inclamantes.
2725 1129 2897 1184 Movit
2945 1145 3040 1185 ea.
3081 1145 3172 1186 res
3226 1131 3450 1195 hostes,
3517 1141 3578 1186 ut

1999 1219 2271 1291 dirempta
2303 1223 2420 1276 acie
2443 1223 2708 1278 mulieres
2731 1224 2784 1278 in
2818 1224 3000 1278 medio
3043 1235 3190 1278 stare
3232 1233 3576 1294 paterentur,

2000 1315 2221 1370 nemine
2250 1329 2358 1368 non
2383 1315 2651 1386 plorante.
2681 1320 2758 1371 Ac
2783 1318 3075 1371 mulierum
3119 1319 3304 1372 verbis
3357 1318 3580 1373 adducti

2002 1405 2195 1471 duces,
2221 1408 2507 1476 colloquio
2537 1407 2750 1473 habito,
2796 1409 3147 1478 pepigerunt,
3201 1419 3262 1464 ut
3317 1421 3582 1465 matrona:

2003 1498 2286 1567 quaaapud
2330 1492 2560 1554 maritos
2607 1515 2830 1556 manere
2885 1502 3122 1565 vellent,
3161 1505 3344 1558 omnis
3375 1506 3581 1573 operis,

2003 1590 2295 1660 omnisque
2327 1591 2648 1656 ministerii,
2696 1603 3061 1663 praeterquam
3095 1595 3340 1656 laniﬁcii,
3379 1596 3583 1650 immu-

2005 1697 2106 1737 nes
2151 1694 2356 1746 essent,
2407 1694 2464 1739 et
2521 1685 2713 1740 Sabini
2756 1703 2916 1756 :equo
2961 1688 3086 1758 jure
3139 1703 3266 1743 cum
3324 1689 3585 1743 Romanis

318 1782 510 1849 ἔχουσι
544 1784 844 1845 συνοικεῖν,
871 1781 1070 1844 παντὸς
1099 1779 1260 1850 ἔργου
1290 1781 1383 1833 καὶ
1412 1781 1594 1852 πάσης
1646 1781 1903 1852 λατρείας

2021 1778 2262 1831 viverent
2290 1793 2304 1831 :
2364 1777 2594 1848 ipsaque
2621 1779 2754 1833 urbs
2783 1795 2812 1834 a
2849 1781 3086 1835 Romulo
3133 1781 3327 1842 Roma,
3353 1782 3590 1852 pepulus

321 1873 463 1941 πλὴν
489 1874 759 1936 ταλασίας
789 1875 1108 1945 ἀφειμέναι,
1136 1878 1310 1931 οἰκεῖν
1342 1876 1400 1930 δὲ
1443 1875 1541 1947 τὴν
1575 1876 1728 1929 πόλιν
1771 1875 1908 1929 Ῥω-

322 1964 522 2030 μαίους
581 1967 676 2016 καὶ
727 1963 991 2027 Σαϐίνους
1024 1969 1210 2038 κοινῇ,
1255 1968 1349 2020 καὶ
1405 1966 1694 2022 καλεῖσθαι
1738 1966 1910 2036 αὐτὴν

330 2055 560 2126 Ῥώμην
594 2060 686 2109 ἐπὶ
724 2056 1015 2128 Ῥωμύλῳ,
1055 2057 1301 2129 Κυρίτας
1355 2059 1412 2112 δὲ
1480 2061 1786 2130 Ῥωμαίους
1818 2061 1913 2114 ἐπὶ

321 2152 388 2220 τῇ
415 2151 618 2201 Τατίου
653 2150 876 2222 πατρίδι
906 2151 1153 2221 Κυρίται⁸
1188 2151 1505 2222 βασιλεύειν
1538 2153 1596 2206 δὲ
1632 2156 1790 2224 κοινῇ
1818 2156 1913 2208 καὶ

326 2246 665 2312 στρατηγεῖν
696 2243 1065 2313 ἀμφοτέρους.
1109 2246 1168 2297 Ὀ
1201 2245 1258 2298 δὲ
1294 2245 1458 2308 τόπος
1495 2247 1554 2298 ἐν
1583 2239 1628 2314 ᾧ
1649 2247 1750 2310 τὰς
1786 2264 1914 2300 συν.

327 2334 503 2402 Θήκας
573 2333 780 2397 ἒϐεντο,
839 2335 1086 2389 καλεῖται
1143 2336 1435 2406 Κομίτιον,
1498 2337 1661 2400 τόπος
1712 2337 1914 2409 δηλαδὴ

331 2425 951 2498 συνελεύσεωςοκόμιρε
982 2428 1090 2494 γὰρ
1173 2426 1472 2497 Ῥωμαίοις
1523 2427 1586 2480 τὸ
1639 2428 1916 2482 συνελθεῖν

327 2519 572 2586 λέγεται.
637 2519 1202 2590 ιΙροσκατελέχθησαν
1257 2521 1315 2572 δὲ
1345 2523 1460 2584 τοῖς
1513 2521 1826 2591 πατρικίοις
1851 2524 1918 2575 ἐκ

328 2612 440 2662 τῶν
466 2611 717 2663 Σαϐίνων
747 2611 928 2682 ἕτεροι
973 2611 1192 2666 ἑκατόν.
1234 2611 1621 2666 Ἐϐουλεύοντο
1649 2613 1708 2666 δὲ
1741 2615 1791 2666 οί
1821 2614 1919 2683 βα-

331 2705 503 2767 σιλεῖς
534 2705 636 2756 οὐκ
687 2705 846 2766 εὐθὺς
898 2706 956 2755 ἐν
989 2703 1158 2774 κοινῷ
1185 2705 1304 2773 μετ’
1338 2703 1613 2776 ἀλλήλων,
1645 2704 1762 2758 ἀλλ’
1791 2705 1920 2760 ἑκά-

331 2809 498 2864 τερος
550 2794 817 2866 πρότερον
855 2795 965 2866 ίδία
995 2797 1137 2866 μετὰ
1168 2795 1278 2850 τῶν
1316 2799 1536 2864 ἑκατὸν,
1580 2792 1703 2852 εἶτα
1745 2799 1826 2861 εἰς
1858 2799 1920 2852 τὸ

331 2889 474 2940 αὐτὸ
498 2889 700 2950 πάντες
731 2888 1050 2957 συνήγοντο.
1075 2888 1227 2941 Ἔτει
1248 2887 1304 2942 δὲ
1332 2889 1570 2959 πέμπτῳ
1601 2889 1695 2943 τοῦ
1720 2889 1920 2945 Τάτιον

344 2975 622 3046 Ῥωμύλῳ
657 2977 1107 3047 συμϐασιλεύειν,
1131 2981 1416 3047 συγγενεῖς
1447 2978 1617 3033 αὐτοῦ
1651 2979 1919 3050 πρέσϐεσι

331 3069 613 3154 καςρὸδον
659 3071 1000 3140 ἐντυχόντες,
1051 3073 1133 3133 είς
1179 3069 1406 3142 Ῥώμην
1465 3073 1574 3126 ἀπὸ
1603 3073 1919 3146 Λαυρέντου

333 3163 674 3234 βαδίζουσιν,
707 3164 1031 3234 ἐπεχείρουν
1061 3164 1414 3235 ἀφαιρεῖσθαι
1439 3164 1532 3236 βίᾳ
1561 3165 1630 3218 τὰ
1659 3166 1924 3238 χρήματα

329 3255 370 3310 ἃ
396 3256 694 3325 ἐπήγοντο,
732 3258 825 3307 καὶ
852 3257 926 3324 μὴ
962 3256 1346 3324 προϊεμένους,
1375 3255 1492 3307 ἀλλ’
1539 3257 1925 3327 ἀμυνομένους

333 3346 580 3397 ἀνεῖλον.
621 3345 680 3397 '0
730 3345 829 3416 μὲν
859 3345 952 3398 οὖν
992 3344 1274 3416 Ῥωμύλος
1321 3346 1554 3399 κολάσαι
1579 3347 1704 3410 τοὺς
1737 3347 1928 3421 ἀδική-

336 3454 550 3499 σαντας
569 3435 864 3508 ἐψηφίζετο
887 3455 898 3468 ·
926 3439 952 3490 ὁ
972 3437 1029 3490 δὲ
1056 3440 1252 3500 Τάτιος
1279 3439 1538 3509 ἐξέκρουε
1563 3440 1657 3492 καὶ
1681 3439 1925 3510 παρῆγε,

336 3529 440 3580 καὶ
461 3527 620 3578 τοῦτο
649 3527 810 3595 μόνον
857 3527 1100 3597 ὑπῆρξεν
1129 3528 1304 3579 αἴτιον
1341 3529 1494 3595 σφίσι
1531 3529 1798 3600 διαςςορᾶς
1829 3533 1927 3598 ἐμ-

339 3620 575 3689 φανοῦς.
606 3623 668 3671 Οἱ
691 3621 747 3672 δὲ
769 3622 878 3673 τῶν
909 3621 1274 3692 ἀνῃρημένων
1299 3623 1492 3675 οἰκεῖοι
1523 3621 1598 3692 μὴ
1628 3623 1928 3692 τυγχανονο

336 3731 436 3773 τες
463 3713 638 3780 δίκης,
669 3714 724 3763 ἐν
761 3712 1002 3783 Ἀλϐἀνῳ
1057 3711 1253 3766 θύοντα
1314 3716 1454 3784 μετά
1496 3713 1776 3784 Ῥωμύλου
1837 3714 1931 3766 τὸν

339 3806 548 3856 ἰ’ἀτιον
581 3805 988 3873 προσπεσόντες
1045 3804 1376 3870 κτιννύουσι,
1413 3804 1505 3857 τὸν
1535 3805 1594 3856 δὲ
1638 3805 1924 3874 Ῥωμύλον

336 3899 423 3951 ὡς
457 3898 664 3950 όίκαιον
717 3897 886 3966 ἄνδρα
921 3899 1018 3949 σὺν
1054 3897 1361 3967 εὐφημίαις
1419 3897 1806 3968 προέπεμψαν.
1856 3899 1928 3951 Οὐ

343 3991 459 4058 μὴν
496 3987 726 4057 ἐτάραξε
761 3987 887 4050 τοὺς
948 3986 1213 4049 Σαϐίνους
1274 3989 1302 4039 ό
1351 3987 1512 4055 φόνος
1547 3985 1642 4038 τοῦ
1672 3987 1932 4056 ἄρχοντος

345 4082 530 4146 σφῶν,
561 4081 672 4132 ἀλλ’
706 4081 754 4132 οἱ
811 4079 909 4149 μὲν
938 4079 1128 4148 εὐνοία
1163 4082 1230 4149 τῇ
1271 4078 1406 4149 πρὸς
1472 4079 1771 4150 Ῥωμύλον,
1799 4081 1850 4132 οἱ
1878 4081 1933 4132 δὲ

344 4173 506 4241 (potio:
530 4172 626 4240 τῆς
675 4171 956 4238 δυνάμεως
989 4172 1232 4232 είκοντες
1261 4169 1552 4226 διετέλουν.
1591 4167 1723 4222 Εἶτα
1749 4171 1934 4240 λοιμὸς

343 4265 620 4332 ἐμπίπτει
649 4266 715 4333 τῇ
749 4262 959 4335 Ῥώμῃ,
989 4262 1258 4326 Θανάτους
1290 4262 1592 4332 αἰφνιδίους
1623 4261 1936 4335 ἀνθρώποις

346 4358 638 4424 ἐττφέρων
698 4356 869 4408 νόσων
905 4356 1098 4426 χωρὶς,
1157 4357 1250 4408 καὶ
1297 4356 1500 4426 ἀφορία
1543 4357 1810 4426 καρπῶν,
1841 4357 1936 4407 καὶ

2009 1869 2289 1934 Quirites,
2335 1886 2365 1924 a
2415 1870 2660 1926 Curibus
2718 1872 2864 1926 Tatii
2921 1873 3120 1942 patria,
3170 1885 3503 1930 vocaretur:
3535 1885 3590 1930 et

2011 1960 2173 2014 ambo
2201 1976 2428 2031 regnum
2469 1977 2533 2014 ac
2572 1962 2812 2018 militare
2847 1964 3140 2034 imperium
3185 1967 3590 2022 consociarent.

2013 2051 2194 2108 Locus
2251 2054 2305 2106 in
2355 2069 2465 2123 quo
2508 2053 2687 2110 fmdus
2729 2057 2898 2110 ictum
2937 2067 3052 2121 est,
3100 2073 3132 2112 a
3175 2061 3446 2122 coeundo,
3493 2075 3590 2114 seu

2014 2146 2404 2211 commeando,
2431 2147 2720 2202 comitium
2748 2150 3079 2218 appellatur.
3127 2151 3202 2214 Ex
3237 2149 3507 2206 Sabinisc
3537 2153 3592 2206 in

2016 2237 2282 2307 patricios
2314 2239 2452 2294 lecti
2497 2249 2649 2294 sunt.
2690 2241 2868 2310 Reges
2896 2258 3031 2297 vero
3068 2258 3180 2297 non
3224 2243 3410 2297 statim
3442 2260 3594 2299 com-

2018 2329 2285 2394 muniter,
2317 2330 2415 2384 sed
2462 2346 2586 2385 cum
2641 2332 2758 2386 suis
2797 2342 3028 2403 uterque
3070 2344 3290 2388 centum
3343 2336 3596 2402 patribus

2019 2422 2252 2476 seorsim
2269 2423 2649 2479 deliberarunt
2673 2442 2688 2478 :
2715 2423 2918 2480 deinde
2939 2428 2994 2481 in
3012 2426 3196 2481 locum
3219 2443 3389 2481 unum
3403 2443 3597 2482 omnes

2019 2529 2353 2570 convenere.
2413 2517 2573 2570 Anno
2623 2517 2822 2586 quinto
2856 2517 2998 2572 Tatii
3046 2533 3173 2573 cum
3216 2519 3454 2574 Romulo
3509 2536 3598 2576 re-

2018 2608 2256 2677 gnantis,
2292 2607 2590 2678 propinqui
2617 2609 2762 2679 regis
2794 2609 2968 2675 Tatii,
2996 2610 3359 2666 Laurentium
3391 2613 3602 2683 legatos

2019 2699 2248 2755 Romam
2279 2701 2458 2754 ituros
2503 2702 2559 2755 in
2603 2701 2808 2756 itinere
2850 2703 3089 2772 spoliare
3118 2705 3382 2773 aggressi,
3436 2721 3600 2774 repu-

2019 2799 2272 2860 gnantes,
2298 2798 2356 2846 et
2393 2807 2452 2846 se
2498 2807 2707 2860 suaque
2743 2791 3106 2847 defendentes
3140 2794 3485 2848 occiderunt.
3521 2796 3600 2849 Ae

2022 2883 2261 2938 Romulo
2287 2883 2522 2955 injurias
2556 2884 2870 2954 puniendos
2897 2899 3020 2940 esse
3042 2886 3397 2954 decernente,
3440 2887 3600 2944 Tatio

2023 2988 2243 3043 pinnam
2274 2975 2534 3032 eludente
2565 2986 2624 3031 et
2647 2975 2958 3042 diﬁ‘erente,
2988 2992 3147 3048 reges
3183 2978 3284 3032 hac
3310 2995 3418 3034 uua
3461 2982 3516 3035 in
3544 2996 3601 3034 re

1946 3106 1992 3164 ϐ
2024 3076 2214 3138 aperte
2268 3067 2672 3124 dissenserunt.
2731 3068 3014 3124 Caesarum
3081 3071 3413 3140 propinqui,
3478 3074 3602 3141 jure

2027 3167 2248 3230 negato,
2307 3160 2526 3214 Tatium
2578 3161 2634 3214 in
2680 3159 2892 3214 Albano
2935 3176 3058 3215 cum
3107 3161 3341 3218 Romulo
3390 3162 3602 3217 sacriﬁ-

2030 3260 2288 3318 cantem,
2353 3269 2630 3308 concursu
2678 3253 2825 3309 facto
2872 3253 3249 3326 interﬁciunt:
3281 3256 3600 3321 Romulum,

2029 3354 2091 3400 ut
2115 3345 2294 3400 virum
2338 3346 2572 3417 justum,
2621 3346 2880 3402 laudibus
2913 3357 3334 3418 prosequentes.
3371 3350 3605 3405 Sabinos

2029 3439 2117 3492 sui
2155 3437 2314 3492 ducis
2369 3438 2547 3493 caedes
2605 3454 2717 3493 non
2769 3439 3044 3504 turbavit,
3102 3440 3268 3510 319
3309 3443 3605 3510 quominus

2031 3527 2230 3597 partim
2261 3527 2652 3584 benevolentia
2697 3545 2823 3600 erga
2849 3531 3180 3598 Romulum,
3236 3535 3433 3603 partim
3483 3538 3607 3606 ejus

2031 3617 2290 3684 potentia:
2313 3626 2486 3682 metu,
2519 3631 2799 3688 parerent.
2834 3621 3042 3675 Deinde
3070 3622 3258 3677 Roma:
3288 3626 3605 3692 pestilentia

2031 3708 2362 3772 laboratum,
2398 3711 2718 3766 hominibus
2740 3713 2861 3768 sine
2880 3714 3090 3770 morbis
3121 3725 3346 3784 repente
3369 3721 3607 3773 morien-

2033 3800 2203 3865 tibus,
2249 3817 2314 3856 ac
2358 3804 2649 3858 sterilitate
2679 3820 2936 3874 agrorum
2965 3815 3022 3859 et
3057 3807 3355 3875 pecudum,
3394 3819 3451 3863 et
3479 3825 3610 3865 san-

2033 3892 2246 3961 guinea:
2271 3901 2438 3962 guttae
2487 3895 2840 3963 depluerunt.
2881 3895 3017 3950 Cum
3048 3896 3418 3954 Laurentibus
3442 3902 3609 3956 etiam

2035 3984 2240 4038 similia
2273 3984 2628 4050 accidissent,
2655 3987 2846 4056 opinio
2876 3988 3000 4047 fuit.
3032 4004 3238 4042 numen
3274 3991 3441 4047 caedis
3465 3992 3607 4048 Tatii

2035 4076 2454 4143 etlegatorum,
2491 4093 2632 4145 quos
2683 4078 2872 4132 Sabini
2929 4080 3332 4149 trucidassent,
3387 4086 3609 4156 exigere

2036 4179 2250 4234 poenas.
2283 4166 2586 4224 Homicidia
2616 4170 2684 4224 ad
2710 4172 3039 4240 supplicium
3079 4174 3316 4242 deditis,
3354 4179 3493 4231 mala
3519 4179 3610 4236 an

2037 4255 2339 4311 desierunt.
2383 4257 2774 4314 Crescentibus
2833 4261 3202 4318 Romanorum
3251 4267 3496 4332 viribus,
3542 4285 3612 4324 ex

2040 4347 2291 4403 ﬁnitimis
2317 4351 2532 4419 populis
2550 4352 2941 4408 imbecilliores
2967 4355 3258 4410 cedebant.
3290 4358 3616 4415 Potentibus

347 4449 694 4517 Θίρεμματων
730 4448 957 4515 ἀγονία·
1003 4447 1141 4517 ὖσῦη
1171 4447 1227 4500 δὲ
1277 4449 1370 4500 καὶ
1420 4445 1678 4515 σταγόσιν
1706 4446 1919 4515 αἵματος

2042 4452 2177 4490 vero
2209 4453 2318 4491 non
2343 4440 2752 4494 connivendum
2796 4457 2917 4496 esse
2951 4444 3116 4508 ratis,
3152 4445 3247 4498 sed
3277 4448 3614 4503 incrementa

349 4544 386 4611 ἡ
423 4541 594 4602 πόλις.
627 4541 833 4610 Ὅμοια
861 4541 918 4592 δὲ
943 4541 1172 4602 καὶτοῖς
1205 4538 1559 4606 Λαυρεντίοις
1591 4537 1928 4591 συνέϐαινεν.

363 4633 576 4684 Ἐδόκει
610 4633 792 4685 τοίνυν
821 4632 908 4684 διὰ
937 4632 1028 4684 τὸν
1059 4631 1258 4683 Τατίου
1292 4631 1472 4700 φόνον,
1501 4631 1593 4683 καὶ
1624 4630 1748 4690 τοὺς
1779 4629 1932 4697 παρά

350 4723 466 4776 τῶν
529 4723 772 4776 Σαϐίνων
828 4723 1211 4793 ἀνῃρημένους
1263 4722 1523 4793 πρέσϐεις
1585 4721 1932 4791 ποινηλατεῖν

350 4815 456 4876 τὰς
498 4817 684 4876 πόλεις
719 4813 1002 4883 δαιμόνιον
1058 4813 1292 4881 μήνιμα.
1337 4811 1700 4864 Ἐκδοοέντων
1746 4811 1802 4862 δὲ
1824 4812 1934 4863 τῶν

351 4909 589 4975 φονέων,
618 4908 714 4959 καὶ
736 4905 1136 4968 κολασθέντων,
1162 4902 1449 4972 ὲλύκρηάαν
1478 4905 1545 4955 τα
1570 4903 1738 4956 δεινά.
1772 4903 1936 4953 Ῥων-

350 5003 607 5067 νυμενων
631 4999 689 5050 δὲ
711 4998 822 5050 τῶν
852 4999 1197 5067 πραγμάτων
1235 4995 1549 5063 Ῥωμαίοις,
1579 4996 1629 5046 οἱ
1654 4995 1751 5063 μὲν
1776 4993 1936 5046 ἀσθε-

349 5096 606 5162 νέστεροι
661 5093 774 5144 τῶν
825 5091 1137 5160 προσοίκων
1166 5089 1504 5151 ὑπέκυπτον,
1554 5089 1602 5139 οἱ
1637 5088 1854 5140 δυνατοὶ
1877 5087 1934 5139 δὲ

349 5188 460 5238 οὐκ
483 5184 651 5255 ᾤοντο
680 5186 792 5237 δεῖν
825 5184 1110 5254 περιορᾷν,
1135 5180 1271 5232 ἀλλά
1297 5179 1526 5232 κωλύειν
1556 5180 1654 5248 τὴν
1683 5179 1932 5247 αὔξησιν.

351 5280 576 5348 Πρῶτοι
609 5279 665 5332 δὲ
696 5277 998 5348 Τυρρηνῶν
1031 5276 1218 5346 Οὐήϊοι
1259 5273 1433 5344 ἀρχὴν
1481 5275 1809 5343 ἐποιήσαντο
1841 5289 1938 5325 πο-

351 5377 548 5442 λέμου.
589 5371 972 5441 Συμϐαλὸντες
997 5365 1114 5432 οὖν,
1163 5368 1258 5420 καὶ
1285 5365 1512 5428 πολλοὺς
1546 5367 1934 5431 ἀποϐαλόντες,

351 5461 658 5531 ὁμολογίαν
715 5463 1070 5530 ἐποιήσαντο,
1127 5461 1221 5512 καὶ
1267 5457 1451 5526 φιλίαν
1505 5457 1599 5511 ἐπὶ
1655 5458 1936 5520 ἐνιαυτοὺς

350 5555 583 5619 ἑκατὸν,
621 5555 719 5607 κει.)⁵
750 5553 858 5606 τῶν
891 5552 1022 5622 παρ’
1053 5552 1236 5613 αὐτοῖς
1264 5549 1506 5619 ἀρίστων
1551 5548 1826 5618 παρέσχον
1857 5554 1936 5612 εἰς

349 5647 635 5718 ὁμηρείαν
689 5645 1052 5715 πεντήκοντα.
1095 5639 1530 5711 Ἐθριάμϐευσεν
1570 5636 1666 5693 οὖν
1714 5641 1938 5704 τούτους

354 5741 599 5812 νικήσας
652 5737 927 5807 Ῥωμύλος
948 5752 962 5767 ·
1017 5731 1137 5788 εἶτα
1168 5733 1430 5802 ἐπαρθεὶς
1453 5734 1576 5796 ταῖς
1606 5733 1938 5803 παραλόγοις

601 5838 875 5899 Paeon.
917 5836 1030 5896 Gn.
1077 5831 1405 5895 CXXXIV.

2041 4531 2426 4598 prohibenda,
2483 4533 2646 4601 primi
2704 4533 3120 4605 Tyrrhenorqu
3170 4539 3291 4594 Veii
3345 4551 3616 4611 occupant

2045 4625 2248 4680 bellum
2279 4625 2482 4680 facere.
2511 4627 2827 4698 Congressi,
2893 4631 3192 4701 multisque
3235 4635 3473 4700 amissis,
3525 4651 3620 4704 pa-

2044 4717 2226 4772 ctione
2249 4719 2503 4773 inducias
2548 4721 2601 4774 itt
2637 4736 2665 4772 c
2696 4736 2871 4776 annos
2901 4724 3287 4793 impetrarunt,
3324 4745 3354 4782 ι.
3377 4746 3443 4784 ex
3473 4734 3616 4798 epti-

2047 4808 2286 4862 matibus
2321 4809 2609 4863 obsidibus
2661 4809 2825 4863 datis.
2876 4811 2972 4864 llis
3021 4815 3298 4884 superatis
3349 4817 3618 4874 Romulus

2047 4901 2456 4970 triumphavit:
2519 4913 2683 4971 atque
2737 4903 2865 4956 inde
2938 4906 3200 4962 mirandis
3267 4909 3620 4965 successibus

2044 4994 2243 5048 elatior
2277 5003 2332 5046 et
2371 4995 2588 5065 gravior
2621 4995 2818 5058 iactus,
2852 4997 3042 5050 relicta
3093 5007 3411 5069 mutataque
3444 5017 3619 5070 popu-

2047 5087 2146 5140 lari
2199 5088 2625 5152 consuetudine,
2669 5104 2726 5142 se
2760 5089 2826 5142 ad
2867 5090 3072 5144 odiosae
3115 5100 3168 5145 et
3209 5092 3452 5147 molestae
3496 5108 3616 5147 nio-

2046 5178 2284 5233 narchim
2317 5179 2561 5233 habitum
2583 5181 2972 5245 conformavil,
2993 5183 3231 5238 tunicam
3257 5200 3616 5255 purpuream,

2045 5281 2100 5326 et
2137 5282 2314 5340 tegam
2348 5282 2665 5343 prtetexlam
2702 5274 2964 5339 induere,
2997 5285 3053 5329 et
3091 5277 3275 5332 rubris
3309 5278 3510 5333 calceis
3537 5279 3619 5332 uti

2046 5365 2260 5430 solitus,
2297 5365 2431 5419 etin
2459 5366 2597 5420 solio
2623 5368 2925 5423 reclinatus
2973 5370 3310 5439 respondere
3337 5387 3350 5423 :
3383 5370 3615 5424 multos-

2046 5473 2152 5527 que
2187 5458 2442 5528 juvenes,
2481 5474 2622 5528 quos
2673 5459 2898 5515 Celeres
2926 5462 3182 5527 vocabat,
3215 5477 3432 5532 semper
3461 5462 3618 5528 juxta

2047 5567 2105 5605 se
2153 5551 2384 5615 habuit,
2436 5560 2492 5606 ct
2537 5551 2760 5607 lictores
2813 5565 2940 5609 ante
2992 5571 3087 5620 se,
3141 5555 3354 5609 baculis
3400 5552 3618 5608 turbam

2046 5640 2475 5703 submoventes,
2513 5652 2568 5695 et
2604 5643 2720 5696 lora
2761 5653 3048 5714 gerentes,
3095 5645 3301 5714 quibus
3344 5642 3622 5698 vincirent

2048 5736 2338 5800 homines,
2388 5735 2524 5805 jussi
2582 5750 2785 5806 arege.
2825 5735 2896 5790 Ut
2947 5747 3130 5790 autem
3185 5752 3288 5791 avo
3337 5736 3624 5792 Numitore

3236 5830 3308 5893 18
