4042 6200
365 205 481 273 557

1649 200 2054 274 ANNALIUM
2095 201 2245 262 LIB.
2285 199 2422 264 VII.

3527 205 3640 275 558

444 321 522 376 E’.
556 321 778 378 Τούτων
803 321 860 377 δὲ
884 340 952 377 πε
961 323 1016 397 pi
1038 323 1131 381 τδν
1169 324 1452 398 Ῥωμύλον
1499 323 1954 396 συμϐεϐηκότων,

2133 311 2199 368 ν.
2226 311 2365 368 Cum
2403 313 2518 368 haec
2540 312 2779 368 Romulo
2800 311 3149 379 accidissent,
3177 329 3362 385 regem
3381 317 3642 375 volebant

367 412 764 486 βασιλεύεσθαι
790 414 896 485 μὲν
922 414 1101 470 “dum
1133 417 1302 472 πᾶσιν
1321 431 1336 447 ο
1367 416 1488 488 ερις
1515 415 1574 470 δέ
1597 433 1681 480 τις
1715 413 1810 466 καὶ
1837 410 1963 463 στά-

371 526 462 574 σις
481 507 685 578 ἐφύετο
714 509 830 573 τοῖς
882 510 943 563 ἐν
978 507 1168 584 Ῥώμῃ
1244 510 1344 581 οὑχ
1375 510 1516 580 ὑπὲρ
1566 506 1758 578 ἀνδρὸς
1800 502 1960 573 μόνον

369 600 832 674 ἡγεμονεύοντος,
867 599 1009 656 ἀλλὰ
1053 603 1152 657 καὶ
1184 604 1313 657 πότε
1326 620 1416 674 ρον
1447 601 1556 656 τῶν
1603 598 1781 669 γενῶν
1811 613 1960 668 παρ.

372 696 486 760 ἐξει
559 692 654 746 τον
705 691 965 766 ἄρξοντα.
1028 693 1154 757 Τοῖς
1197 710 1258 746 τε
1311 694 1420 763 γὰρ
1469 691 1606 762 μετὰ
1679 686 1961 757 Ῥωμύλον

371 787 618 854 πρώτοις
652 787 994 840 συνοικίσασι
1026 785 1127 857 τὴν
1155 786 1314 839 πόλιν
1342 787 1446 838 οὑκ
1497 783 1727 837 ἀνεκτὸν
1758 779 1958 842 ἐδόκει,

369 875 505 948 παρ’
529 875 718 930 αὐτῶν
745 875 1198 947 προσληφθέντας
1229 875 1356 937 τοὺς
1388 874 1649 938 Σαϐίνους
1698 872 1778 934 είς
1809 871 1962 923 πολι·

369 970 552 1037 τείαν,
592 969 786 1039 ἄρχειν
819 969 932 1022 τῶν
969 968 1282 1038 δεξαμένων
1313 965 1622 1038 βιάζεσθαι.
1656 965 1718 1018 Oi
1743 962 1960 1016 Σαϐῖνοι

371 1062 430 1115 δὲ
455 1062 728 1130 ἑτέρωθεν
779 1063 864 1115 ὅτι
905 1062 1000 1115 τοῦ
1050 1061 1254 1116 Τατίου
1277 1061 1537 1125 θανόντος
1578 1061 1740 1132 μόνον
1767 1057 1959 1110 εἴασαν

369 1154 468 1206 τὸν
512 1153 794 1224 Ῥωμύλον
823 1155 1030 1224 ἄρχειν,
1055 1153 1116 1219 ἐξ
1169 1153 1383 1208 ἑαυτῶν
1429 1153 1619 1225 ἠξίουν
1673 1150 1960 1222 αἱρεθῆναι

369 1245 470 1299 τὸν
495 1245 757 1317 ἄρξοντα.
781 1247 1012 1316 Ἥριζον
1037 1247 1137 1316 μὲν
1156 1241 1249 1300 οὖν
1276 1245 1424 1300 οὕτω
1440 1246 1507 1300 τὰ
1533 1245 1676 1319 μέρη
1694 1243 1956 1313 ἑκάτερα.

373 1337 679 1408 Μετεώρου
702 1337 751 1392 δ’
784 1339 880 1390 ἐπὶ
906 1336 1121 1398 τούτοις
1141 1336 1297 1401 ὂντος
1325 1335 1424 1389 τοῦ
1447 1335 1872 1404 πολιτεύματος,
1906 1333 1958 1385 oi

375 1428 662 1500 πατρίκιοι
683 1430 1031 1498 πεντήκοντα
1055 1427 1150 1481 καὶ
1173 1426 1371 1481 ἑκατὸν
1392 1426 1548 1490 ὄντες
1582 1424 1782 1490 ἔταξαν
1829 1422 1960 1477 ἕκα-

375 1539 502 1576 στον
529 1523 592 1574 ὲν
627 1523 786 1593 μέρει
833 1525 948 1586 τοῖς
995 1521 1298 1592 βασιλικοῖς
1330 1520 1687 1591 παρασήμοις
1715 1513 1958 1586 κοσμού-

377 1629 560 1683 μενον,
591 1612 743 1664 θύειν
773 1627 833 1664 τε
871 1613 982 1672 τοῖς
1012 1610 1178 1676 θεοῖς,
1219 1609 1316 1662 καὶ
1343 1605 1726 1678 χρηματίζειν,
1763 1601 1825 1667 ἒξ
1855 1601 1959 1672 μὲν

369 1667 473 1768 τῆς
502 1667 700 1761 vum;
721 1699 891 1770 ὧρας,
924 1667 983 1766 ἓξ
1013 1701 1070 1752 δὲ
1099 1667 1200 1768 της
1218 1667 1469 1768 qut-igni;
1503 1695 1568 1749 Ἥ
1587 1696 1698 1765 γὰρ
1723 1667 1956 1761 διανομή
1989 1667 2032 1722 Β

369 1795 486 1846 τῶν
522 1793 737 1863 καιρῶν
768 1794 911 1847 κατὰ
969 1793 1030 1844 τὸ
1073 1792 1188 1845 ἴσον
1216 1793 1474 1854 ἑκάστου,
1521 1791 1615 1842 καὶ
1665 1787 1802 1858 πρὸς
1832 1785 1961 1850 τοὺς

369 1889 647 1959 ἄρχοντας
679 1887 859 1950 καλῶς
898 1887 1044 1956 ἔχειν
1076 1887 1278 1950 ἐδόκει,
1326 1886 1422 1938 καὶ
1479 1882 1618 1952 πρὸς
1641 1881 1770 1943 τοὺς
1799 1881 1964 1950 ἀρχο-

375 1981 581 2051 μένους
616 1977 817 2039 αὐτούς
840 1995 854 2008 ·
885 1976 1090 2048 ἀφῄρει
1140 1978 1248 2046 γὰρ
1279 1975 1372 2028 τὸν
1413 1973 1608 2043 φθόνον
1665 1973 1699 2042 ἡ
1727 1972 1960 2042 ταχίστη

369 2069 476 2139 τῆς
503 2070 758 2134 ἔξουσίας
786 2070 1072 2132 ἀπόθεσις,
1097 2065 1349 2136 ὁρώντων
1381 2065 1492 2118 τῶν
1513 2062 1836 2133 ἀρχομένων
1860 2061 1964 2130 τῆς

370 2163 547 2231 αὑτῆς
589 2163 809 2231 ἡμέρας
860 2178 922 2213 τε
973 2161 1071 2213 καλ⁸
1106 2159 1300 2222 νυκτὸς
1322 2157 1416 2210 τὸν
1441 2156 1605 2210 αὑτὴν
1650 2154 1866 2224 ἰδιώτην
1897 2155 1963 2207 ὲκ

375 2254 651 2324 βασιλέως
701 2253 1012 2322 γινόμενον.
1074 2247 1208 2303 Οἶδα
1259 2251 1357 2320 μὲν
1391 2244 1487 2301 οὖν
1519 2247 1616 2301 καὶ
1643 2245 1812 2316 ἕτερὰ
1839 2261 1963 2298 τινα

376 2346 511 2416 περὶ
539 2347 641 2416 τῆς
667 2343 928 2413 τοιαύτης
981 2343 1256 2414 εἰρημένα
1302 2341 1501 2413 ἀρχῆς,
1529 2340 1645 2392 ἀλλ’
1673 2338 1836 2402 αὐτὸς
1883 2334 1962 2406 τῷ

376 2439 745 2508 πιθανωτέρῳ
777 2437 867 2490 ὲθέ
878 2454 1006 2506 μην.
1034 2437 1108 2488 Τὸ
1139 2435 1196 2489 δὲ
1248 2433 1440 2504 σχῆμα
1468 2434 1567 2503 τῆς
1594 2431 1772 2501 ἀρχῆς
1801 2428 1964 2484 τοῦτο

379 2529 777 2598 μεσοϐασιλιία
813 2531 928 2591 τοῖς
992 2526 1288 2596 Ῥωμαίοις
1340 2524 1649 2593 ὠνόμαστο,
1701 2521 1838 2576 ἀλλὰ
1870 2521 1964 2575 καὶ

375 2621 552 2684 οὑτως
579 2621 640 2686 ἐξ
667 2619 924 2682 ὑπονοίας
956 2619 1187 2687 ἐθύοντο
1225 2617 1470 2688 θόρυϐοι,
1499 2615 1962 2685 ὑποπτευομένων

373 2715 487 2768 τῶν
513 2712 824 2782 πατρικίων
849 2715 929 2775 εἰς
969 2712 1292 2780 ὀλιγαρχίαν
1333 2710 1431 2779 τὴν
1461 2707 1743 2761 πολιτείαν
1800 2724 1964 2778 περι-

380 2809 556 2878 ιστᾷν,
586 2807 685 2859 καὶ
721 2805 795 2875 μὴ
819 2803 1106 2876 βούλεσθαι
1130 2799 1540 2873 βασιλεύεσθαι,
1584 2802 1649 2852 ἐκ
1683 2800 1738 2852 δὲ
1769 2798 1962 2853 τούτου

377 2899 842 2962 κατεστασίαξον.
889 2896 1342 2968 Ὀμονοησάντων
1398 2895 1456 2947 δὲ
1487 2894 1707 2948 πάντων
1738 2892 1962 2962 αἱρεθῆ-

375 3009 471 3046 ναι
516 2991 609 3043 τὸν
640 2989 1035 3060 βασιλεύσοντα
1061 3028 1074 3050 ,
1127 2989 1175 3040 οἱ
1223 2985 1442 3038 Σαϐῖνοι
1479 2986 1592 3047 τοῖς
1663 2982 1962 3053 Ῥωμαίοις

375 3082 672 3153 προτέροις
731 3082 833 3151 τὴν
895 3081 1110 3150 αἵρεσιν
1172 3078 1386 3140 ἔδοσαν.
1445 3077 1510 3130 Oi
1544 3077 1588 3128 δ’
1620 3077 1686 3128 ὲκ
1716 3073 1960 3126 Σαϐίνων

377 3177 592 3231 εἴλοντο
647 3175 840 3243 Νομᾶν
889 3172 1217 3242 Πομπίλιον,
1273 3169 1448 3240 ἄνδρα
1496 3169 1777 3238 γνώριμον
1829 3165 1961 3220 ὄντα

377 3272 520 3322 πᾶσι
571 3266 642 3318 δι’
697 3267 921 3336 ἀρετήν.
952 3263 1274 3315 Στέλλονται
1325 3260 1456 3328 γοῦν
1491 3261 1625 3329 πρὸς
1649 3261 1857 3312 ἐκεῖνον
1897 3260 1964 3311 ἐκ

391 3361 618 3430 Ῥώμης
646 3357 914 3426 πρέσϐεις
933 3371 950 3388 ο
979 3357 1039 3408 οὑ
1069 3354 1180 3424 γὰρ
1213 3355 1273 3406 ὲν
1299 3355 1367 3423 τῇ
1410 3351 1600 3423 Ῥώμῃ
1630 3351 1960 3421 μετιρκιστο,

379 3453 500 3505 ἀλλ’
527 3455 586 3506 ἐν
620 3450 869 3512 Σαϐίνοις
899 3446 990 3519 ἦν,
1041 3450 1136 3499 καὶ
1171 3446 1329 3499 πόλιν
1376 3444 1510 3515 ῷκει
1542 3445 1650 3497 τῶν
1685 3443 1961 3513 Κυριτῶν,

380 3541 592 3612 πατρὸς
615 3539 691 3595 ὢν
713 3537 1042 3609 Πομπωνίου
1067 3535 1259 3606 ἀνδρὸς
1281 3533 1596 3602 εὐδοκίμου,
1626 3534 1808 3584 πᾶσαν
1834 3533 1964 3598 ἁρε-

379 3639 482 3707 τὴν
513 3636 679 3706 φύσει
707 3653 766 3688 τε
797 3637 893 3688 καὶ
927 3633 1151 3704 παιδείᾳ
1192 3630 1596 3702 ἐξησκημένος.
1659 3627 1829 3680 Ὅθεν
1867 3626 1964 3679 καὶ

380 3730 555 3799 ὂνομα
590 3728 736 3798 μέγα
779 3726 1059 3790 καὶδόξαν
1090 3719 1259 3796 εἶχεν,
1291 3724 1366 3786 ὡς
1398 3723 1494 3776 καὶ
1521 3722 1717 3775 Τάτιον
1765 3719 1858 3771 τὸν
1883 3719 1962 3786 τῷ

394 3819 666 3892 Ῥωμύλῳ
728 3815 1246 3887 συμϐασιλεύσαντα
1319 3811 1589 3883 κηδεστὴν
1651 3809 1815 3864 αὑτὸν
1869 3809 1964 3862 ἐπὶ

381 3912 558 3982 Τατίᾳ
579 3911 772 3964 θέσθαι
805 3912 870 3980 τῇ
903 3908 1158 3978 θυγατρὶ,
1195 3908 1262 3977 ἣν
1295 3907 1426 3976 μίαν
1456 3905 1666 3966 ἐκεῖνος
1689 3899 1962 3969 ἐγείνατο·

379 4005 416 4075 ἦ
445 4005 586 4057 δέκα
618 4005 712 4056 ἐπὶ
744 4003 924 4072 τρισὶν
945 4001 1232 4063 ἐνιαυτοὺς
1265 3999 1343 4069 τῷ
1372 3997 1536 4067 Νομᾷ
1569 3996 1962 4064 συνοικήσασα,

385 4093 694 4164 μετήλλαξε
725 4095 825 4162 τὴν
849 4091 1018 4160 ζωήν.
1064 4089 1123 4144 Ὀ
1153 4089 1209 4142 δὲ
1237 4089 1452 4158 Νομᾶς,
1483 4085 1754 4138 ἐκλείπων
1779 4082 1878 4144 τὰς
1908 4085 1966 4135 ἐν

380 4187 536 4240 ἄστει
570 4183 878 4256 διατριϐὰς,
934 4182 1235 4254 ἁγραυλείν
1272 4181 1341 4232 τὰ
1371 4178 1564 4242 πολλὰ,
1620 4176 1715 4229 καὶ
1751 4173 1962 4244 διατρί-

382 4278 504 4338 ϐειν
529 4278 723 4346 ἢθελεν
749 4277 807 4329 ἐν
843 4275 1077 4344 λειμῶσι
1107 4274 1200 4326 καὶ
1235 4272 1478 4324 ἄλσεσιν.
1517 4266 1697 4320 Ἧκον
1729 4263 1825 4319 οὖν
1854 4263 1964 4318 ἀπὸ

2061 419 2261 460 omnes
2291 421 2308 460 Ξ
2341 404 2438 460 sed
2471 404 2852 460 Romanorum
2883 407 3103 460 animos
3145 415 3425 463 certamen
3452 423 3508 465 Cl
3554 429 3640 468 86-

2059 497 2204 551 ditio
2233 497 2508 558 versabat.
2547 513 2657 552 non
2689 497 2758 553 de
2782 498 2904 552 viro
2945 507 3182 563 tantum,
3206 500 3302 568 qui
3330 501 3637 572 principatu

2062 587 2378 657 potiretur:
2411 589 2506 642 sed
2563 590 2728 643 etiam
2788 589 2858 645 de
2938 599 3100 660 gente
3167 599 3291 646 utra
3337 593 3639 663 principem

2061 678 2360 748 praeberet.
2389 676 2550 734 'Nam
2597 692 2654 734 et
2705 680 3009 746 Romanis,
3051 682 3246 752 primis
3303 685 3457 739 urbis
3504 701 3642 742 cum

2055 772 2302 827 Romulo
2330 773 2738 836 conditoribus,
2768 788 2876 828 non
2909 775 3194 830 ferendum
3228 776 3538 838 videbatur.
3577 785 3645 832 ut

2061 862 2255 919 Sabini
2281 864 2335 918 in
2369 865 2647 920 civitatem
2675 867 2859 932 asciti,
2905 883 3135 938 regnum
3175 868 3279 923 sibi
3326 869 3381 923 in
3432 885 3548 934 eos,
3606 887 3638 925 a

2055 955 2266 1024 quibus
2299 958 2506 1026 recepti
2555 956 2766 1024 essent,
2824 974 2923 1028 per
2985 961 3094 1013 vim
3147 960 3543 1019 vindicarent:
3579 973 3638 1019 et

2060 1035 2289 1103 Sabinis
2321 1065 2385 1105 ex
2402 1051 2578 1104 altera
2610 1059 2766 1120 parte
2791 1052 3276 1116 contendentibus,
3305 1054 3460 1124 quia,
3481 1056 3641 1109 Tatio

2061 1149 2282 1197 mortuo
2305 1185 2320 1207 ,
2361 1143 2658 1198 Romulum
2706 1159 2938 1212 regnare
2968 1146 3112 1214 passi
3145 1156 3353 1210 essent,
3396 1147 3482 1201 sui
3517 1162 3645 1201 eor-

2060 1234 2216 1305 poris
2273 1249 2456 1306 regem
2523 1236 2683 1306 321
2728 1237 3029 1291 creandum
3079 1253 3223 1292 esse.
3284 1239 3643 1295 Factionibus

2062 1327 2207 1382 inter
2234 1342 2356 1383 sese
2393 1329 2466 1383 ita
2487 1329 2851 1395 certantibus,
2882 1346 3005 1385 cum
3030 1330 3223 1385 civitas
3242 1332 3360 1386 sine
3383 1333 3638 1402 imperio,

2061 1421 2340 1476 exercitus
2372 1421 2492 1476 sine
2523 1421 2664 1476 duce
2719 1432 2890 1485 esset,
2934 1424 3151 1492 patricii
3204 1439 3438 1479 numero
3466 1442 3496 1480 c
3524 1436 3582 1480 et
3607 1444 3638 1480 ι.

2060 1510 2494 1576 constituerunt,
2529 1522 2591 1566 ut
2611 1512 2846 1582 quilibet
2864 1514 3031 1584 regiis
3054 1514 3364 1583 insignibus
3386 1524 3639 1583 ornatus,

2061 1609 2119 1658 et
2171 1603 2280 1658 diis
2339 1601 2675 1670 immolaret,
2737 1615 2794 1660 et
2832 1606 2958 1675 jura
2988 1607 3236 1670 diceret,
3291 1609 3444 1662 senis
3491 1611 3643 1665 horis

2061 1704 2258 1762 noctu,
2307 1692 2611 1754 cttotidem
2645 1699 2906 1753 interdiu.
2970 1698 3096 1754 Haec
3145 1701 3290 1755 enim
3329 1711 3637 1773 temporum

2063 1787 2402 1855 distributio,
2454 1798 2679 1860 prepter
2710 1792 3138 1860 aequabilitatem
3192 1802 3249 1848 et
3299 1795 3432 1864 ipsis
3470 1799 3635 1868 magi-

2061 1880 2330 1936 stratibus
2374 1891 2432 1936 et
2462 1881 2669 1952 populo
2693 1883 2980 1938 commoda
3006 1884 3295 1939 videbatur
3322 1902 3335 1939 :
3372 1897 3429 1942 et
3459 1890 3638 1943 celer—

2063 1973 2238 2027 rimus
2262 1974 2584 2044 magistratu
2607 1975 2794 2031 abitus
2816 1975 3040 2032 invidize
3057 1977 3347 2032 minimum
3376 1979 3638 2041 habebat.

2062 2077 2188 2119 cum
2219 2066 2425 2120 subditi
2452 2069 2706 2122 eumdem
2747 2069 2942 2123 eodem
2975 2069 3085 2130 die,
3121 2070 3427 2140 eademque
3479 2083 3641 2127 nocte

2061 2165 2118 2212 ct
2149 2172 2332 2227 regem
2355 2167 2411 2212 et
2442 2160 2714 2228 privatum
2755 2169 3038 2216 cerneret.
3067 2161 3222 2216 llaud
3250 2179 3351 2218 nos
3373 2167 3644 2234 pra-terit,

2063 2246 2132 2302 de
2167 2249 2272 2304 hac
2317 2249 2532 2332 imperii
2583 2251 2780 2319 forma,
2812 2268 2934 2323 qua:
2983 2254 3362 2326 interregnum
3410 2259 3636 2324 dicitur,

2061 2340 2170 2396 alia
2189 2357 2412 2412 quoque
2434 2344 2636 2414 jactata
2667 2361 2788 2402 esse
2813 2363 2826 2401 :
2864 2363 2966 2418 ego
2993 2363 3124 2404 vero
3153 2365 3217 2404 ea
3249 2367 3370 2406 sum
3394 2363 3640 2410 secutus.

2063 2447 2186 2503 qua:
2210 2433 2344 2488 mihi
2383 2435 2754 2504 probabiliora
2781 2438 3136 2495 videbantur.
3173 2441 3429 2497 Frcmerc
3457 2454 3639 2500 tamen

2061 2525 2425 2582 nihilominus
2442 2527 2614 2596 plebs,
2633 2529 3052 2599 multiplicatam
3073 2535 3421 2597 servitutem,
3438 2536 3644 2591 multos

2059 2635 2164 2688 pro
2191 2636 2303 2674 uno
2329 2621 2585 2675 dominos
2613 2621 2810 2676 factos.
2853 2622 2958 2677 Sed
2987 2625 3222 2678 tumultu
3249 2627 3472 2692 sedato,
3515 2645 3642 2683 cum

2065 2727 2260 2766 omnes
2305 2727 2489 2784 regem
2537 2715 2838 2768 creandum
2896 2729 3019 2768 esse
3078 2717 3518 2783 consensissent,
3579 2735 3646 2776 ac

2065 2801 2255 2857 Sabini
2282 2805 2402 2874 ejus
2441 2804 2679 2873 eligendi
2729 2814 3053 2873 potestatem
3104 2807 3370 2864 Romanis
3415 2811 3648 2866 detulis-

2063 2901 2205 2958 sent,
2242 2893 2472 2948 Numam
2507 2896 2856 2965 Pompilium,
2886 2899 3044 2968 cujus
3069 2898 3266 2971 inclyta
3297 2901 3472 2956 virtus
3497 2904 3643 2974 apud

2065 2999 2259 3038 omnes
2315 2993 2468 3043 erat.
2516 2985 2754 3038 electum
2806 3002 2907 3055 per
2955 2989 3162 3058 legatos
3205 2991 3641 3049 accersiverunt.

2066 3073 2180 3129 Nec
2227 3075 2374 3127 enim
2438 3075 2622 3129 Romae
2673 3075 2975 3140 habitabat,
3036 3078 3131 3132 sed
3179 3079 3234 3133 in
3285 3079 3525 3145 Sabinis,
3585 3083 3642 3138 in

2066 3169 2342 3236 Quiritum
2397 3170 2534 3223 urbe
2581 3169 2856 3234 habitans,
2896 3181 3048 3240 patre
3094 3183 3260 3228 natus
3317 3176 3641 3246 Pomponio,

2065 3263 2298 3332 probato
2333 3263 2476 3324 viro,
2511 3263 2662 3316 omni
2714 3279 2916 3331 genere
2970 3265 3192 3320 virtutis
3243 3276 3300 3320 et
3347 3275 3546 3323 natura
3587 3278 3647 3326 et

2066 3355 2356 3424 disciplina
2380 3356 2654 3409 excultus.
2685 3355 2839 3410 Unde
2869 3365 3077 3410 tantum
3107 3374 3306 3414 nomen
3333 3372 3387 3416 et
3412 3364 3640 3433 gloriam

2066 3459 2396 3503 eonsmutus
2427 3448 2549 3506 fuit.
2586 3458 2644 3502 ut
2679 3448 2890 3508 Tatius,
2945 3450 3164 3505 Ronmli
3212 3453 3355 3522 regis
3401 3457 3632 3527 collega,

2066 3541 2278 3596 Tatiam
2301 3543 2351 3595 ei
2383 3543 2547 3595 tiliam
2579 3545 2796 3595 unicam
2827 3541 3197 3610 deSponderet
3223 3561 3236 3596 :
3267 3559 3389 3613 qua:
3434 3560 3557 3599 cum
3592 3547 3643 3601 ei

2066 3649 2242 3688 annos
2292 3650 2383 3687 xm
2417 3632 2832 3703 nuptal‘uisset,
2881 3633 3048 3687 vitam
3108 3649 3233 3688 cum
3277 3645 3454 3689 morte
3493 3652 3648 3692 com-

2065 3725 2322 3779 mutavit.
2385 3726 2559 3779 Numa
2599 3740 2758 3788 vero,
2810 3725 2997 3778 relicta
3054 3725 3263 3780 urbana
3319 3727 3465 3792 vita,
3525 3729 3644 3783 ruri

2063 3818 2392 3887 plerumque
2440 3817 2494 3870 in
2549 3817 2724 3886 prnlis
2760 3826 2815 3871 et
2848 3817 3078 3872 saltibus
3131 3818 3330 3888 degere
3380 3821 3643 3879 malebat.

2062 3908 2313 3977 Cumque
2344 3909 2574 3963 Romani
2605 3909 2767 3978 legati
2800 3909 2867 3961 ad
2889 3924 3013 3962 eum
3042 3910 3325 3964 venissent
3375 3929 3442 3968 xl.
3465 3916 3645 3969 :etatis

2067 4015 2272 4054 annum
2333 4009 2614 4070 agentem,
2672 4015 2900 4070 regnum
2959 4000 3278 4068 offerentes,
3341 4007 3639 4060 recusavit.

2067 4091 2175 4147 Sed
2204 4108 2328 4146 cum
2363 4093 2656 4154 instarent,
2684 4103 2740 4146 et
2770 4092 2908 4146 nihil
2949 4108 3057 4147 non
3095 4093 3162 4148 ad
3196 4097 3642 4163 persuadendum

2067 4184 2419 4248 adhiberent,
2477 4193 2701 4239 orantes
2735 4200 2803 4239 ne
2851 4185 3133 4240 civitatem
3166 4187 3349 4241 denuo
3397 4189 3450 4242 in
3497 4191 3645 4243 sedi-

2069 4275 2277 4329 tionem
2333 4285 2390 4330 ct
2441 4275 2645 4330 bellum
2702 4277 3025 4331 intestinum
3078 4279 3380 4348 conjiceret
3429 4283 3644 4350 (neque

395 4369 618 4437 Ῥώμης
676 4369 725 4422 oi
757 4366 1042 4437 πρέσϐεις,
1091 4363 1382 4424 καλοῦντες
1418 4361 1510 4414 ἐπὶ
1542 4360 1642 4430 τὴν
1681 4356 1959 4428 βασιλείαν

2068 4367 2214 4422 cnim
2245 4382 2367 4422 esse
2410 4368 2613 4432 alium,
2660 4367 2714 4421 in
2762 4382 2924 4437 quem
2972 4367 3144 4422 ambae
3181 4378 3366 4438 partes
3412 4385 3648 4426 consen-

379 4463 546 4517 αὑτὸν
570 4462 674 4531 ἠδη
700 4459 1143 4528 τεσσαρακοστὸν
1173 4457 1293 4519 ἔτος
1316 4457 1550 4509 ἀνύοντα
1575 4469 1589 4483 °
1618 4454 1648 4505 ὀ
1696 4453 1753 4506 δὲ
1795 4450 1957 4503 ἀπεί-

381 4573 543 4610 πατο.
583 4555 650 4607 Οἱ
679 4554 938 4623 πρέσϐεις
976 4551 1021 4605 δ’
1051 4551 1346 4613 ἐνέκειντο,
1394 4550 1572 4619 πάντα
1601 4547 1803 4616 τρόπον
1836 4543 1960 4595 πεί-

384 4667 502 4704 σειν
534 4649 700 4701 αὑτὸν
733 4646 1146 4718 μηχανώμενοι,
1176 4645 1272 4697 καὶ
1300 4643 1546 4712 δεόμενοι
1573 4641 1648 4712 μὴ
1679 4641 1778 4708 τὴν
1804 4638 1959 4692 πόλιν

381 4737 542 4801 αὖθις
587 4739 668 4800 είς
711 4737 903 4791 στάσιν
953 4733 1240 4804 ἐμϐαλεῖν,
1274 4731 1370 4784 καὶ
1397 4729 1662 4800 ἐμφύλιον
1699 4727 1955 4795 πόλεμον,

379 4833 483 4884 οὑκ
504 4833 660 4892 ὄντος
682 4830 900 4898 ἑτέρου,
931 4828 1068 4898 πρὸς
1097 4826 1157 4877 ὃν
1184 4825 1351 4894 ἄμφω
1375 4823 1443 4874 τὰ
1475 4821 1613 4892 μέρη
1641 4817 1962 4872 συννεύσου-

383 4937 490 4972 σιν.
533 4918 666 4987 ἰὀίᾳ
693 4916 880 4987 μέντοι
911 4919 1004 4968 καὶ
1032 4915 1060 4966 ὁ
1101 4915 1284 4983 πατὴρ
1335 4913 1618 4982 παρεκίνει
1651 4909 1742 4962 τὸν
1771 4906 1958 4977 Νομᾶν

381 5011 644 5076 δέξασθαι
670 5011 770 5081 τὴν
796 5010 992 5080 ἀρχὴν,
1029 5009 1104 5070 ὼς
1139 5008 1281 5058 θεῖον
1314 5005 1508 5075 δῶρον,
1539 5006 1634 5057 καὶ⁸
1655 5001 1960 5073 ὑπηρεσίαν

383 5105 546 5170 Θεοῦ,
584 5107 680 5158 καὶ
715 5104 968 5173 πράξεων
1003 5101 1183 5154 καλῶν
1215 5102 1308 5152 καὶ
1333 5099 1593 5168 μεγάλων
1638 5096 1795 5166 ἀνδρὶ
1827 5111 1961 5165 cppe-

382 5194 526 5264 νίμῳ
549 5211 608 5245 τε
640 5197 734 5246 καὶ
766 5192 988 5264 χρηστῷ
1012 5192 1283 5260 ἐσομένην
1319 5188 1523 5253 αἰτίαν,
1563 5187 1864 5256 σύνδεσμον
1897 5203 1958 5238 τε

381 5290 448 5357 τῇ
487 5286 729 5356 πατρίδι,
764 5285 859 5338 καὶ
889 5285 1052 5336 παντὶ
1080 5283 1155 5353 τῷ
1185 5281 1431 5336 Σαϐίνων
1459 5280 1602 5332 ἔθνει
1651 5280 1866 5341 εὐνοίας
1899 5294 1959 5331 τε

383 5383 480 5434 καὶ
534 5382 722 5450 φιλίας
762 5380 897 5450 πρὸς
947 5379 1104 5432 πόλιν
1135 5377 1373 5446 δυνατὴν
1425 5375 1522 5428 καὶ
1575 5373 1958 5444 ἀκμάζουσαν.

383 5473 610 5538 Τούτοις
642 5472 947 5536 ἐνδεδωκώς
978 5473 1007 5522 ὁ
1039 5472 1248 5540 Νομᾶς,
1272 5467 1440 5532 θύσας
1465 5470 1579 5532 τοῖς
1624 5466 1787 5528 θεοῖς,
1821 5480 1957 5533 προ-

382 5567 519 5637 ῆγεν
554 5567 636 5628 εἰς
681 5563 924 5635 Ῥὡμηνο
967 5565 1179 5634 ὑπήντα
1206 5563 1262 5616 δὲ
1297 5563 1329 5630 ἠ
1377 5561 1542 5632 βουλὴ
1574 5561 1666 5612 καὶ
1708 5561 1736 5610 ὁ
1788 5557 1960 5626 δῆμος

381 5655 768 5730 εὐφημοῦντες
797 5659 890 5711 καὶ
911 5655 1210 5728 χαίροντες.
1247 5656 1398 5709 Ἐπεὶ
1419 5653 1476 5706 δὲ
1509 5652 1854 5721 κατέστησαν
1880 5651 1959 5712 εἰς

2070 4459 2281 4530 tirent),
2312 4460 2543 4514 Numam
2567 4468 2723 4530 pater
2748 4475 2968 4530 quoque
2993 4460 3226 4514 seorsim
3253 4461 3508 4517 hortatus
3535 4473 3638 4528 est,

2065 4562 2127 4607 ut
2168 4551 2540 4621 principatum
2587 4561 2848 4608 tanquam
2882 4551 3133 4605 divinum
3166 4552 3393 4618 donum,
3441 4564 3496 4607 et
3539 4571 3646 4608 nu-

2060 4647 2227 4699 minis
2260 4644 2611 4715 obsequium,
2667 4645 2875 4715 quique
2909 4645 3029 4698 viro
3087 4645 3232 4698 bono
3270 4656 3326 4700 et
3383 4648 3639 4715 prudenti

2064 4736 2326 4791 honestas
2351 4753 2681 4806 magnasque
2703 4753 2790 4791 res
2814 4737 3038 4807 gerendi
3061 4738 3405 4792 occasionem
3433 4740 3641 4808 prmbe—

2065 4837 2168 4889 ret,
2199 4837 2254 4882 et
2280 4829 2558 4881 vinculum
2588 4829 2807 4884 futurus
2836 4839 3000 4892 esset,
3031 4845 3141 4898 quo
3175 4831 3350 4899 patria
3380 4838 3436 4883 et
3463 4833 3643 4885 onmis

2065 4919 2396 4973 Sabinorum
2424 4920 2576 4973 natio
2599 4919 2981 4974 benevolentia
3006 4929 3062 4975 et
3084 4921 3325 4975 amicitia
3354 4937 3478 4976 cum
3504 4923 3640 4975 urbe

2063 5013 2272 5080 potenti
2304 5023 2355 5065 et
2379 5011 2609 5066 ﬂorente
2631 5013 3016 5082 iungerentur.
3055 5012 3150 5067 llis
3173 5013 3364 5067 Numa:
3393 5015 3559 5076 victo,
3583 5025 3641 5068 et

2063 5124 2124 5162 re
2171 5107 2332 5177 322
2380 5107 2564 5162 divina
2619 5116 2874 5178 peracta,
2933 5109 3162 5163 Romam
3225 5108 3637 5179 proﬁciscenti,

2064 5213 2290 5258 senatus
2333 5203 2678 5272 populusque
2710 5203 2992 5257 Romanus
3029 5219 3151 5257 cum
3194 5203 3334 5256 lzetis
3367 5203 3638 5257 acclama-

2065 5293 2311 5349 tionibus
2336 5294 2554 5348 obviam
2590 5295 2892 5365 egreditur.
2926 5294 3062 5350 Cum
3106 5295 3163 5350 in
3193 5295 3372 5368 forum
3401 5293 3637 5347 deducto

2064 5385 2299 5455 insignia
2330 5385 2482 5456 regni
2511 5384 2867 5450 aderrentur,
2906 5385 3151 5449 diﬁ‘erre,
3181 5401 3246 5439 ac
3289 5385 3358 5439 de
3382 5398 3441 5437 se
3487 5381 3639 5450 regni

2067 5475 2320 5529 ﬁrmandi
2347 5491 2510 5530 causa
2546 5475 2681 5532 deos
2710 5478 2923 5532 consuli
2946 5477 3112 5546 jussit
3148 5493 3162 5529 :
3195 5484 3250 5529 et
3281 5489 3340 5529 re
3369 5471 3556 5528 divina
3579 5471 3637 5526 in

2064 5563 2334 5634 Capitolio
2357 5574 2601 5636 peracta,
2621 5566 2924 5636 indutaque
2943 5574 3091 5620 veste
3125 5563 3296 5634 regia,
3325 5563 3637 5618 descendit.

2067 5657 2380 5728 Principatu
2412 5669 2691 5729 suscepto,
2748 5659 2983 5728 primum
3031 5672 3126 5712 ccc
3178 5664 3442 5722 armatos,
3495 5669 3639 5726 quos
