2021 3100
176 126 232 156 659

836 116 999 147 JOANNIS
1019 115 1180 147 ZONAIUE

1757 113 1813 145 560

178 178 316 210 Romulus
334 177 369 205 ad
386 173 542 204 custodiam
557 171 682 207 corporis
696 178 805 206 semper
822 170 965 201 habuerat,

1031 170 1068 205 ηὴν
1096 169 1200 204 ἀγορὰν
1226 167 1461 203 προσφερομένων
1488 166 1564 202 αὐτῷ
1577 166 1633 195 τῶν
1664 166 1816 202 βασιλικῶν

179 225 292 254 amovit.
317 223 374 251 Nec
391 222 465 249 enim
492 220 602 251 decere,
618 218 650 245 iis
675 217 816 250 diﬂiderc,
846 217 893 251 qui
914 215 968 251 ipsi

180 273 318 300 ﬁderent:
344 275 435 303 neque
461 265 650 294 difﬁdentibus
679 263 870 299 imperandum
896 269 968 289 esse.

180 317 285 346 Deinde
312 316 411 343 urbem
431 321 447 341 e
469 313 538 340 dura
563 316 592 339 et
616 311 747 338 bellicosa
772 309 912 336 mitiorem
941 314 968 335 et

179 363 256 399 pacis
270 361 449 389 amantiorem
464 357 580 385 reddere
589 363 733 391 aggressus
747 359 789 382 est
802 362 810 381 :
827 354 968 388 edixitque

180 418 215 437 ne
228 408 375 443 imaginem
386 405 433 432 Dei
443 405 486 431 vel
499 404 629 433 humana,
646 401 688 428 vel
701 401 814 428 alterius
822 399 971 427 animantis

181 457 268 484 forma
293 453 440 488 erigerent.
466 451 562 484 Itaque
591 447 670 475 annis
690 455 706 474 c
724 453 753 476 et
768 454 820 474 ιιι
842 445 970 481 quamvis

183 500 285 535 templa
299 498 460 529 conderent,
475 495 580 522 nullum
597 498 688 520 tamen
708 492 736 519 in
758 492 793 519 iis
815 499 907 526 neque
929 491 972 526 pi-

184 534 274 579 ctum,
286 551 377 579 neque
391 542 485 569 ﬁctum
499 539 678 567 simulacrum
686 537 859 565 collocarunt
872 544 879 563 :
897 534 972 570 quod

182 593 260 621 nefas
289 594 380 620 esset,
412 586 621 623 praestantiores
648 583 834 612 deterioribus
866 582 972 610 similes

182 642 285 671 facere,
298 644 388 671 neque
401 636 473 662 Deus
491 634 571 661 aliter
588 632 640 659 nisi
657 636 748 659 mente
772 628 971 665 comprehendi

181 689 285 722 posset.
305 682 437 710 Vietimas
452 680 612 707 incruentas
631 677 713 704 farris
734 681 762 703 et
777 675 922 703 libationis
933 674 973 701 ci-

182 721 263 759 vilius
278 729 336 757 suis
348 727 446 755 edixit.
465 726 536 752 Deos
550 724 623 751 enim
646 723 720 758 pacis
733 726 760 749 et
788 721 903 757 iustitia:
922 728 970 748 cu—

186 777 291 808 stodes,
307 783 322 802 a
338 773 411 802 cmde
428 779 513 807 puros
527 778 587 797 esse
599 774 737 805 oportere.
762 768 856 800 Neque
885 766 971 794 divini

182 822 333 858 quidquam
359 819 450 846 obiter
477 822 505 844 et
533 815 702 851 negligenter
724 813 893 841 audiendum
924 816 972 839 aut

181 854 333 896 ridendum
352 864 482 901 praecepit
496 872 502 889 :
518 862 566 889 sed
583 864 670 889 otium
687 861 821 896 agendum
834 868 848 887 a
867 859 973 886 exteris
990 854 1011 883 Β

183 916 278 945 rebus,
294 918 322 941 et
335 910 474 947 religioni.
497 914 527 936 ut
543 909 582 935 rci
600 908 725 935 maxima:
750 906 857 933 animos
880 906 973 932 inlen-

184 961 300 989 dendos.
330 959 378 986 llis
409 955 575 986 rationibus.
609 959 637 981 et
658 954 720 980 aliis
740 952 877 987 pluribus,
906 959 974 986 quas

183 1009 219 1036 ob
237 1004 444 1033 multitudinem
462 1000 703 1037 printerinisimus,
732 998 834 1025 civium
860 1005 974 1025 suorum

184 1054 293 1081 animos
309 1051 343 1078 ad
369 1050 499 1084 pietatem
515 1046 672 1075 assuefeeit.
703 1046 763 1079 Ipse
785 1049 877 1072 autem
898 1052 974 1079 spem

185 1106 263 1126 suam
280 1098 317 1125 ita
340 1097 367 1123 iu
389 1095 444 1122 Deo
459 1094 609 1120 collocasse
622 1092 721 1123 fertur,
746 1095 777 1118 ut
800 1099 862 1118 curn
882 1090 907 1118 ei
924 1090 975 1117 ali-

186 1144 297 1180 quando
309 1139 475 1169 sacrilicanti
493 1139 614 1165 hostium
639 1137 775 1164 adventus
788 1136 974 1168 nuntiaretur,

186 1190 334 1220 subridens
358 1186 482 1215 dixerit:
503 1185 558 1219 Ego
584 1191 649 1210 vero
674 1182 810 1210 sacriﬁco.
838 1182 941 1217 Agrum
961 1188 976 1207 a

187 1237 306 1267 nonnulo
322 1234 393 1262 bello
404 1236 524 1267 partum,
533 1230 604 1256 inter
620 1229 717 1263 inopes
728 1228 802 1255 cives
814 1226 975 1254 distribuit:

186 1289 218 1311 ut
242 1281 362 1315 inopiam
387 1278 522 1305 scelerum
547 1280 688 1310 parentem
712 1274 830 1305 tolleret,
853 1277 881 1300 et
902 1272 977 1307 agri-

187 1329 298 1357 cultura
312 1326 398 1352 fcrum
413 1322 543 1358 pepuium
557 1321 694 1352 domaret,
714 1327 774 1354 qua:
796 1326 888 1346 acrem
903 1318 978 1354 pacis

188 1381 310 1403 amorem
325 1369 465 1399 inanimis
482 1368 603 1395 excitare
619 1371 721 1401 posset.
743 1366 882 1393 Feruntur
895 1365 929 1392 ab
944 1372 977 1392 eo

187 1420 335 1452 Ianuarius
354 1422 382 1445 et
399 1415 567 1444 Februarius
587 1413 700 1448 reliquis
723 1412 864 1440 mensibus
878 1411 978 1447 adjecti

188 1452 259 1496 esse,
279 1468 307 1491 et
326 1470 415 1490 annus
431 1461 464 1488 ad
486 1467 599 1488 cursum
616 1459 689 1486 luna:
712 1458 739 1485 in
757 1466 796 1485 xu
810 1465 920 1485 menses
932 1458 979 1484 de-

189 1509 321 1544 scriptus,
334 1515 396 1536 cum
423 1515 439 1533 x
459 1509 522 1532 ante
541 1503 678 1531 mensium
698 1502 810 1529 habitus
832 1506 905 1529 esset
926 1509 932 1527 :
949 1504 980 1527 ut

189 1555 262 1590 apud
288 1553 436 1582 nonnullos
462 1550 596 1578 barbaros
620 1548 768 1576 trimestris
795 1546 922 1579 habetur,
952 1551 980 1573 et

190 1601 262 1627 inter
284 1599 392 1626 Graecos
411 1596 483 1632 apud
499 1595 618 1622 Arcades
633 1603 671 1627 ιν,
687 1593 760 1629 apud
777 1593 934 1620 Acarnanes
953 1599 979 1619 vr

190 1642 337 1674 mensium.
367 1643 446 1678 Apud
469 1641 612 1677 Aigyptios
647 1647 713 1667 vero
738 1644 895 1666 menstruus
928 1638 980 1665 fuit

190 1700 297 1724 annus,
317 1690 417 1718 deinde
440 1687 661 1724 quadrimestris.
692 1685 770 1713 Unde
795 1684 979 1720 antiquissimi

192 1739 259 1765 falso
287 1737 444 1768 habentur,
463 1742 524 1762 cum
568 1734 596 1761 in
632 1731 799 1768 genealogiis
830 1731 981 1766 inexplica-

192 1785 273 1811 bilem
291 1782 371 1818 323
393 1789 527 1808 annorum
544 1787 688 1806 numerum
704 1783 865 1811 recensent,
881 1778 982 1813 quippe

193 1830 334 1859 mensibus
366 1835 502 1855 annorum
539 1827 600 1854 loco
636 1825 783 1860 ponendis.
818 1825 981 1852 Ianuarium

193 1886 258 1905 vero
284 1876 374 1903 Numa
390 1880 473 1910 caput
495 1873 560 1901 anni
585 1880 645 1900 esse
669 1871 775 1899 voluit:
795 1871 842 1906 qui
862 1879 925 1898 cum
948 1871 982 1899 ad

191 1922 325 1958 justitiam
353 1925 381 1947 et
403 1921 532 1955 pietatem
557 1918 682 1946 subditos
700 1918 737 1946 ita
758 1918 983 1951 consuel'ecisset,

194 1962 291 1995 omnes
304 1966 439 1994 bellorum
456 1970 548 1992 motus
561 1964 790 1998 conquieverunt.
804 1963 898 1998 Neque
910 1963 985 1991 enim

195 2003 472 2050 populus‘Romanus
493 2011 628 2038 duntaxat
654 2010 785 2045 aequitate
802 2014 830 2037 et
855 2017 985 2037 mansue-

195 2060 292 2088 tudine
308 2059 380 2094 regis
395 2058 484 2085 factus
498 2062 542 2085 est
561 2057 709 2084 humanior
724 2065 730 2084 :
750 2056 797 2084 sed
812 2061 840 2084 et
865 2056 986 2083 circum-

194 2106 268 2132 circa
283 2105 414 2132 ﬁnitimas
428 2104 564 2137 civitates,
580 2103 692 2131 mutatis
707 2102 843 2133 moribus.
860 2102 936 2138 pacis
958 2107 987 2130 et

193 2153 319 2187 justitim,
344 2150 466 2178 colendae
491 2156 581 2183 terrae,
609 2149 713 2177 liberos
740 2149 767 2176 in
786 2149 986 2184 tranquillitate

195 2197 342 2229 educandi,
360 2197 482 2231 deosque
501 2196 650 2223 venerandi
670 2195 771 2230 cupido
787 2196 869 2230 cepit.
890 2195 986 2230 Neque

196 2243 270 2270 enim
288 2243 401 2275 bellum,
418 2247 465 2270 aut
477 2242 586 2274 seditio,
602 2247 650 2269 aut
665 2249 799 2269 novarum
816 2249 907 2268 rerum
926 2246 987 2268 stu-

196 2289 282 2320 dium,
292 2289 380 2316 Nurna
393 2293 536 2323 regnante,
547 2288 661 2315 exstitit.
672 2288 766 2322 Neque
777 2287 861 2314 etiam
872 2287 912 2314 in‘.
920 2287 985 2320 idia,

198 2335 354 2367 inimicitia,
373 2339 420 2361 aut
435 2334 621 2369 conspiratio,
637 2338 719 2369 atque
733 2334 838 2360 insidia:
856 2342 889 2360 ex
909 2334 988 2367 cupi-

197 2382 281 2408 ditate
308 2381 385 2415 regni
412 2384 508 2407 contra
534 2379 650 2406 Numam
683 2384 847 2414 comparata:
872 2387 987 2413 usquam

198 2431 359 2454 narrantur.
375 2426 471 2458 Filiam
499 2426 658 2460 Pompilium
674 2425 769 2453 Martio
783 2426 938 2460 despondit,
954 2435 987 2453 ex

198 2480 252 2507 qua
270 2473 295 2499 ei
310 2472 403 2499 Ancus
421 2472 535 2499 Martius
555 2479 641 2506 nepos
656 2478 699 2500 est
722 2473 843 2507 genitus,
855 2474 901 2507 qui
926 2477 988 2507 post

198 2519 306 2547 Tullum
325 2518 473 2545 llostilium
485 2518 629 2554 regnavit:
646 2526 701 2553 quo
713 2518 801 2545 Numa
817 2519 989 2554 quinquenni

198 2565 305 2597 relicto,
319 2565 448 2598 decessit,
463 2573 526 2592 cum
544 2565 674 2600 paulatim
689 2566 767 2593 senio
779 2570 807 2593 et
819 2566 874 2594 leni
893 2566 991 2594 morbo

198 2611 354 2639 defecisset.
370 2611 442 2639 Vixit
454 2619 542 2638 annos
557 2619 672 2644 Lxxxnl,
684 2613 809 2647 regnavit
826 2621 900 2640 xttn.

1021 216 1204 251 παρασήμων,
1236 215 1359 249 ἐπισχεῖν
1386 212 1530 245 κελεύσας,
1555 213 1607 248 ἔφη
1631 213 1737 241 δεῖσθαι
1766 215 1814 241 καὶ

1020 261 1068 289 τοῦ
1086 261 1165 294 Θεοῦ,
1181 262 1231 295 τὴν
1247 260 1387 295 βασιλείαν
1398 259 1581 294 ἐμπεδοῦντος
1596 259 1683 295 αὐτῷ.
1693 261 1818 288 ’Δνεισιν

1021 308 1068 335 οὖν
1079 309 1118 339 εἱς
1134 308 1162 333 τὸ
1178 306 1364 336 Καπιτώλιον.
1381 305 1428 332 καὶ
1440 305 1536 338 θύσας,
1547 305 1620 332 οὕτω
1633 306 1661 332 δὲ
1676 306 1726 341 τὴν
1739 307 1818 341 βασι-

1022 355 1101 389 λικὴν
1121 352 1265 380 ἀναλαϐὼν
1281 352 1395 387 ἐσθῆτα,
1418 351 1575 379 κατέϐαινε.
1597 352 1770 387 Παραλαϐὼν
1787 353 1818 379 δὲ

1022 401 1072 436 τὴν
1084 400 1171 435 ἀρχὴν
1190 399 1299 434 πρῶτον
1323 398 1372 433 μὲν
1391 397 1422 424 τὸ
1436 398 1491 424 τῶν
1514 398 1682 433 τριακοσίων
1708 398 1819 425 διέλυσε

1024 447 1161 482 σύστημα,
1175 446 1222 478 οὒς
1240 446 1303 481 περὶ
1318 447 1347 472 τὺ
1373 445 1455 481 σῶμα
1478 442 1535 479 εἶχε
1553 444 1693 479 Ῥωμύλος
1708 444 1768 471 ἀεί·
1786 444 1819 470 οὐ

1023 494 1078 530 γὰρ
1100 494 1157 528 δεῖν
1187 494 1313 520 ἀπιστεῖν
1339 492 1516 519 πιστεύουσιν
1539 491 1642 526 ἔλεγεν,
1658 491 1719 517 οὐδὲ
1737 490 1820 525 βασι-

1023 540 1111 567 λεύειν
1135 538 1323 565 ἀπιστούντων
1345 537 1433 573 ἠξίου.
1447 535 1513 564 Εῐτα
1532 537 1582 572 τὴν
1595 536 1672 563 πόλιν
1685 537 1718 563 ἐκ
1734 536 1820 571 σκλη-

1023 588 1074 623 ρᾶς
1089 585 1137 614 καὶ
1152 585 1303 620 πολεμικῆς
1328 585 1466 619 ἐπεχείρει
1484 583 1685 618 μαλακωτέραν
1702 583 1820 618 ποιῆσαι

1024 633 1071 660 καὶ
1098 630 1328 667 είρηνιιίωτέραν,
1342 629 1530 664 ἀνθρωποειδῆ
1549 637 1577 655 τε
1595 629 1644 655 καὶ
1655 628 1821 664 ζωόμορςρον

1025 679 1118 707 εἰκόνα
1143 678 1211 704 Θεοῦ
1235 677 1348 711 ἀνιστᾷν
1385 675 1529 711 Ῥωμαίοις
1554 675 1717 709 ἀπείρηκεν,
1736 674 1821 701 Ὀθεν

1028 726 1083 753 οὐδ’
1096 723 1131 761 ἦν
1144 724 1208 760 παρ’
1220 724 1311 754 αὐτοῖς
1322 721 1383 749 οὔτε
1394 722 1516 756 γραπτὸν
1540 721 1602 747 οὗτε
1616 721 1737 747 πλαστὸν
1748 719 1789 747 εῐδ
1806 729 1821 751 ς

1034 771 1113 800 Θεοῦ.
1126 771 1173 798 Ἐν
1188 769 1283 798 ἑκατὸν
1300 769 1328 795 δὲ
1355 769 1423 802 πρὸς
1447 768 1634 803 ἐϐδομήκοντα
1659 768 1732 793 ἔτεσι
1746 767 1821 793 ναιῖιν

1024 819 1118 851 αὐτοῖς
1138 816 1367 852 ἀνεγειρομένων,
1380 815 1458 842 οὐδὲν
1475 814 1617 850 ἔμμορφον
1630 813 1739 841 ἐποίουν
1755 814 1822 847 ἀφί-

1025 866 1128 900 δρυμα,
1154 864 1192 895 ὡς
1218 861 1280 889 οὔτε
1305 863 1379 889 ὅσιον
1416 859 1566 895 ἀφομοιοῦν
1593 861 1649 890 τοϊς
1664 860 1767 894 χείροσι
1785 859 1821 884 τὰ

1028 912 1160 947 βελτίονα,
1189 909 1251 936 οὔτε
1278 907 1448 942 ἐφάπτεσθαι
1470 907 1558 938 ἄλλως
1578 905 1646 932 Θεοῦ
1673 906 1788 931 ὄυνατὶν
1802 905 1819 940 ἢ

1026 958 1128 992 νοήσει.
1156 955 1213 983 Καὶ
1233 955 1283 986 τὰς
1309 953 1404 983 θυσίας
1427 953 1454 980 δὲ
1479 953 1667 987 ἀναιμάκτους
1682 952 1822 978 ποιεῖσθαι

1026 1003 1154 1029 ἐθέσπισε
1167 1001 1200 1027 δι’
1215 1000 1336 1034 ἀλφίτων
1347 1007 1376 1024 τε
1392 999 1440 1025 καὶ
1454 998 1571 1032 σπονδῆς
1585 1005 1592 1013 ”
1609 999 1669 1024 Δεῖν
1688 998 1741 1031 γὰρ
1757 997 1823 1027 τοὺς

1028 1049 1117 1079 θεοὺς,
1133 1048 1244 1082 εἰρήνης
1256 1046 1303 1072 καὶ
1314 1044 1489 1079 δικαιοσύνης
1497 1045 1622 1078 φύλακας
1636 1044 1728 1076 ὄντας,
1736 1044 1822 1077 ψόγου

1027 1094 1165 1128 καθαροὺς
1181 1090 1265 1119 εἶναι’
1280 1091 1347 1127 μήτε
1362 1091 1391 1117 δὲ
1406 1090 1518 1117 ἀκούειν
1529 1099 1556 1117 τι
1573 1090 1628 1116 τῶν
1642 1090 1734 1121 θείων,
1749 1089 1823 1124 μήτε

1027 1141 1093 1176 ὀρᾷν
1106 1141 1135 1167 ἐν
1150 1138 1285 1175 παρέργῳ
1305 1137 1351 1164 καὶ
1367 1137 1487 1172 ἀμελῶς,
1504 1136 1573 1163 ἀλλὰ
1589 1136 1688 1171 σχολὴν
1703 1136 1824 1169 ἄγοντας

1028 1187 1083 1214 ἀπὸ
1098 1186 1152 1213 τῶν
1177 1185 1275 1217 ἄλλων,
1301 1184 1348 1211 καὶ
1375 1184 1559 1219 προσέχοντας
1572 1183 1622 1218 τὴν
1649 1182 1768 1208 διάνοιαν
1783 1181 1824 1213 ὡς

1030 1232 1130 1270 πράξει
1147 1231 1264 1267 μεγίστῃ
1279 1232 1312 1266 τῇ
1338 1231 1403 1265 περὶ
1419 1230 1469 1265 τὴν
1484 1229 1639 1256 εὐσέϐειαν.
1653 1228 1702 1254 Ἐκ
1713 1228 1742 1254 δὲ
1759 1227 1825 1254 τοὺ-

1028 1288 1083 1306 των
1095 1278 1145 1305 καὶ
1158 1278 1246 1305 ἄλλων
1270 1278 1412 1308 πλειόνων,
1425 1277 1443 1304 ἃ.
1453 1277 1497 1303 διὰ
1513 1277 1543 1303 τὸ
1562 1276 1664 1310 πλῆθος
1688 1275 1823 1311 παρῆκα-

1031 1334 1092 1361 μεν,
1104 1325 1226 1352 διάθεσιν
1243 1324 1312 1358 πρὸς
1327 1325 1357 1350 τὸ
1371 1323 1448 1350 Θεῖον
1464 1324 1520 1354 τοῖς
1531 1323 1592 1349 τότε
1618 1321 1775 1357 ἀνθρώποις
1792 1321 1823 1353 ξ

1031 1373 1147 1408 ἐθισμοῦ
1161 1374 1175 1399 ὁ
1189 1373 1286 1407 Νομᾶς
1312 1368 1483 1406 ἐνεποίησεν.
1499 1370 1585 1397 Αὑτὸν
1600 1370 1628 1395 δὲ
1642 1368 1715 1395 οὓτω
1737 1368 1823 1402 φασὶν

1029 1421 1070 1452 εις
1080 1420 1111 1446 τὸ
1126 1420 1204 1446 Θεϊον
1218 1419 1391 1454 ἀνηρτῆσθαι
1407 1419 1466 1448 ταῖς
1480 1417 1597 1449 ἐλπίσιν,
1610 1415 1679 1442 ὥστε
1698 1422 1824 1449 προσαγ-

1030 1465 1125 1500 γελίας
1151 1464 1226 1500 αὐτῷ
1242 1464 1333 1491 θύοντι
1357 1463 1424 1489 ποτὲ
1437 1462 1590 1498 γενομένης
1606 1462 1643 1492 ὡς
1657 1461 1824 1496 ἐπέρχονται

1031 1511 1169 1546 πολέμιοι,
1200 1511 1338 1546 μειδιάσαι
1363 1510 1411 1536 καὶ
1427 1510 1528 1541 εἰπεῖν,
1551 1507 1623 1541 Ἐγὼ
1636 1507 1665 1534 δὲ
1683 1507 1750 1533 θύω.
1768 1506 1827 1532 Καὶ

1030 1559 1080 1593 τὴν
1096 1558 1188 1594 χώραν
1201 1557 1230 1584 δὲ
1250 1558 1283 1592 ἣν
1300 1558 1386 1591 αἰχμῇ
1409 1555 1549 1590 Ῥωμύλος
1564 1555 1711 1589 ἐκτήσατο,
1724 1553 1827 1579 διένει-

1033 1613 1082 1640 μεν
1106 1601 1183 1634 οὗτος
1207 1605 1265 1635 τοῖς
1293 1603 1408 1636 ἀπόροις
1423 1602 1477 1628 τῶν
1503 1601 1634 1630 πολιτῶν,
1654 1600 1784 1634 ἀφαιρῶν
1796 1599 1828 1631 ἐξ

1032 1651 1122 1678 αὐτῶν
1134 1652 1183 1686 τὴν
1196 1650 1325 1685 ἀπορίαν,
1340 1649 1378 1681 ὡς
1390 1649 1513 1683 ἀνάγκην
1527 1648 1578 1683 τῆς
1596 1646 1703 1678 ἀδικίας
1718 1654 1831 1680 ποιητιο

1033 1697 1095 1733 κὴν,
1110 1698 1158 1724 καὶ
1172 1696 1282 1731 τρέπων
1297 1696 1337 1728 είς
1348 1696 1489 1730 γεωργίαν
1504 1695 1543 1726 ὡς
1553 1695 1657 1729 ταύτης
1671 1693 1830 1728 ἐξημεροῦ-

1034 1752 1085 1779 σης
1101 1743 1147 1770 τὸν
1162 1743 1258 1778 δῆμον,
1286 1743 1333 1769 καὶ
1361 1742 1461 1777 δριμὺν
1477 1742 1590 1777 εἰρήνης
1611 1741 1762 1774 δυναμένης
1781 1740 1830 1773 ἐμ-

1037 1791 1126 1816 ποιεῖν
1157 1789 1257 1826 ἐρωτα.
1279 1790 1397 1823 Λέγεται
1418 1788 1446 1815 δὲ
1472 1788 1520 1814 καὶ
1538 1788 1584 1814 τὸν
1601 1787 1764 1821 Ἰανουάριον
1781 1787 1830 1813 καὶ

1036 1837 1082 1863 τὸν
1096 1836 1280 1871 Φεϐρουάριον
1302 1835 1367 1870 παρ’
1379 1834 1464 1861 αὐτοῦ
1475 1835 1533 1865 τοῖς
1547 1833 1614 1869 μησὶ
1629 1832 1828 1868 προστεθῆναι,

1036 1882 1229 1917 δωδεκάμηνον
1247 1881 1318 1908 κατὰ
1334 1880 1379 1907 τὸν
1395 1880 1446 1914 τῆς
1468 1880 1584 1915 σελήνης
1599 1879 1700 1914 δρόμον
1714 1879 1831 1913 vapos:-

1036 1929 1169 1963 τήσαντος
1192 1927 1349 1961 λογίζεσθαι
1364 1927 1410 1953 τὸν
1423 1927 1560 1959 ὲνιαυτδν,
1584 1927 1740 1961 δεκάμηνον
1762 1926 1835 1959 ἰτρὸ-

1038 1974 1101 2001 σθεν
1114 1974 1189 2006 οντα,
1199 1974 1235 2004 ὠς
1251 1973 1332 2005 ἐνίοις
1341 1973 1396 1999 τῶν
1406 1973 1554 2008 βαρϐάρων
1562 1974 1703 2008 τρίμηνον,
1715 1972 1761 1998 καὶ
1773 1971 1833 1997 τῶν

1043 2020 1180 2056 Ἐλλήνων
1191 2020 1309 2055 ’Δρκὸισι
1335 2020 1384 2054 μὲν
1401 2020 1584 2055 τετράμηνον,
1600 2021 1656 2050 τοῖς
1679 2019 1708 2045 δὲ
1728 2019 1832 2052 Ἀκαρ-

1038 2066 1116 2092 νᾶσιν
1126 2064 1271 2099 ἑξάμηνον.
1293 2064 1455 2098 Αἰγυπτίοις
1478 2064 1507 2090 δὲ
1521 2064 1648 2098 μηνιαῖος
1664 2060 1698 2098 ἦν
1712 2063 1726 2088 6
1737 2063 1832 2088 ἐνιαυ-

1038 2112 1095 2144 τὸς,
1109 2109 1170 2137 εἶτα
1183 2111 1354 2146 τετράμηνος
1365 2119 1372 2126 ·
1400 2110 1440 2136 διὸ
1455 2111 1503 2137 καὶ
1513 2110 1690 2145 ἀρχαιότατοι
1706 2107 1833 2134 δοκοῦσιν

1039 2156 1120 2191 εἷναι,
1137 2157 1229 2184 καίτοι
1258 2158 1295 2192 μὴ
1309 2157 1396 2188 ὄντες,
1412 2156 1515 2191 πλῆθος
1532 2156 1674 2191 ἀμήχανον
1700 2154 1768 2180 ἐτῶν
1784 2154 1835 2180 επὶ

1002 2205 1100 2242 Βταῖς
1116 2203 1305 2237 γενεαλογίαις
1327 2204 1496 2237 είσάγοντες,
1531 2202 1579 2229 ac;
1606 2202 1638 2236 δὴ
1663 2201 1725 2232 τοὺς
1745 2200 1836 2235 μῆνας

1044 2251 1084 2281 εἰς
1096 2250 1164 2276 ὲτῶν
1178 2249 1317 2285 τιθέμενοι
1342 2249 1471 2284 ἀριθμόν.
1488 2249 1543 2275 Καὶ
1561 2248 1607 2275 τὸν
1627 2247 1793 2282 Ἰανουάριον
1806 2246 1836 2272 δὲ

1041 2295 1138 2330 Νομᾶς
1153 2295 1194 2326 είς
1211 2296 1298 2330 ἀρχὴν
1312 2295 1359 2321 τοῦ
1376 2295 1454 2326 ἔτους
1475 2295 1635 2329 ἀπένειμεν.
1656 2293 1736 2321 Οὕτω
1750 2293 1778 2318 δὲ
1795 2292 1838 2319 δι-

1041 2342 1175 2378 καιοσύνῃ
1197 2342 1243 2368 καὶ
1272 2341 1402 2377 εὐσεϐείᾳ
1433 2341 1624 2372 συνεθίσαντος
1644 2342 1675 2367 τὸ
1703 2341 1836 2374 ὑπήκοον.

1042 2389 1159 2424 ἐξῄρητο
1185 2388 1276 2414 πάντα
1304 2388 1337 2413 τὰ
1357 2387 1404 2414 τοῦ
1423 2388 1554 2423 πολέμου.
1584 2387 1622 2413 0'3
1644 2385 1699 2420 γὰρ
1727 2386 1809 2419 μόνον
1823 2385 1839 2410 ὀ

1046 2434 1191 2468 Ῥωμαίων
1210 2433 1297 2468 δῆμος
1313 2434 1442 2469 ἡμέρωτο
1451 2436 1483 2469 τῇ
1499 2433 1547 2459 τοῦ
1559 2433 1693 2468 βασιλέως
1720 2431 1838 2466 εὐνομία

1043 2480 1135 2515 καὶτῇ
1156 2480 1304 2515 πραότητι,
1334 2480 1403 2507 ἀλλὰ
1416 2481 1464 2507 καὶ
1488 2480 1537 2511 τὰς
1553 2479 1645 2514 κύκλῳ
1662 2479 1753 2509 πόλεις
1766 2477 1840 2513 ἁρχὴ

1047 2525 1201 2560 μεταϐολῆς
1217 2524 1308 2557 ἔλαϐε,
1325 2525 1374 2552 καὶ
1388 2525 1469 2556 πόθος
1489 2525 1620 2560 εἰσερρύη
1639 2525 1746 2554 πάντας
1762 2523 1842 2557 εἰρή-

1047 2579 1095 2605 νης
1123 2570 1171 2597 καὶ
1186 2570 1234 2596 τοῦ
1252 2570 1368 2602 δικαίου,
1386 2572 1437 2606 γῆν
1448 2570 1588 2605 φυτεύειν,
1606 2571 1653 2597 καὶ
1670 2570 1754 2596 τέκνα
1777 2568 1842 2603 τρέ-

1048 2625 1110 2651 φειν
1124 2618 1153 2643 ὲν
1166 2616 1278 2652 ἡσυχίᾳ,
1293 2619 1340 2644 καὶ
1356 2617 1486 2644 σέϐεσθαι
1501 2617 1591 2648 θεούς.
1609 2616 1678 2643 Οὔτε
1692 2616 1748 2650 γὰρ
1760 2615 1844 2641 πόλε-

200 2667 260 2695 μος·
278 2658 339 2684 οὔτε
357 2658 463 2690 στάσις»
480 2657 543 2684 οὕτε
562 2659 746 2693 νεωτερισμὸς
774 2661 852 2695 περὶ,
869 2661 1009 2695 πολιτείας
1031 2664 1174 2700 ἱστόρηται
1191 2665 1272 2700 Νομᾶ
1301 2665 1505 2700 βασιλεύοντος.
1526 2665 1588 2692 Οὐδ’
1613 2665 1657 2691 ἐπ’
1685 2663 1789 2690 ἐκεῖνόν
1800 2671 1845 2694 τις

199 2708 309 2742 φθόνοςι
332 2706 458 2742 “xilem.
474 2707 490 2741 ἦ
508 2706 639 2738 σύστασις
672 2707 789 2742 ἀνδρῶν.
825 2709 871 2734 καὶ
895 2710 1026 2747 ἐπιϐουλὴ
1040 2712 1074 2739 δι’
1111 2713 1201 2748 ἔρωτα
1232 2713 1374 2748 βασιλείας
1391 2713 1518 2747 γενέσθαι
1546 2721 1592 2739 ποι
1618 2713 1844 2746 ἀναγέγραπται.

199 2754 343 2789 Θυγατέρα
366 2753 387 2780 δ’
403 2754 530 2788 ἐσχηκὼς
563 2754 728 2788 Πομπιλίαν.
753 2755 873 2791 Μαρκίῳ
909 2758 1012 2794 ταύτην
1033 2759 1150 2793 ἐξέδοτο,
1167 2761 1195 2794 ἐξ
1225 2758 1258 2796 ἧς
1273 2761 1399 2797 Μάρκιος
1425 2761 1528 2795 ’Ἄγκος
1546 2760 1727 2795 θυγατριδοῦς
1744 2759 1847 2795 ἐτέχθη

200 2802 284 2836 αὐτῷ,
303 2801 331 2831 ὃς
347 2800 416 2835 μετὰ
430 2800 547 2827 Τοῦλλον
566 2800 716 2828 Ὀστίλλιον
732 2801 906 2830 ἐϐασίλευσε.
943 2805 1044 2832 Τοῦτον
1079 2807 1215 2841 πενταέτη
1246 2807 1406 2834 καταλιπὼν
1435 2808 1449 2833 ὁ
1465 2808 1560 2842 Νομᾶς
1574 2806 1749 2840 ἐτελεύτησε,
1774 2811 1848 2831 κατι

203 2849 300 2885 μικρὸν
318 2847 370 2873 ὑπὸ
387 2848 480 2883 γήρως
497 2848 635 2874 καὶνόσου
668 2848 793 2883 μαλακῆς
818 2849 1088 2887 ἁπομσραινὸμενος,
1120 2853 1215 2887 χρόνον
1248 2854 1343 2889 τριετῆ
1373 2854 1429 2885 τοῖς
1460 2853 1628 2888 ὀγδοήιοδιτα
1654 2852 1846 2887 προσϐιώςας,

203 2896 364 2929 βασιλεύσας
376 2896 425 2932 ἐτη
440 2897 485 2924 ἐπὶ
504 2897 579 2932 τρ;τιὶ
594 2897 813 2931 τεσσαράκοντα.
