4042 6200
383 266 491 330 563

1698 271 2024 333 JO.\NNIS
2067 272 2390 334 ΖΟΝΛῐῖιΕ

3550 273 3662 336 564

381 399 516 436 vero
565 381 636 436 ob
688 381 840 453 pacis
876 380 1145 446 studium,
1197 380 1418 452 injuriis
1447 391 1822 451 opportunum
1851 395 1965 438 esse

2076 379 2251 450 ὀργῆς
2280 380 2381 451 μὲν
2403 376 2550 450 εἶχον
2595 377 2931 448 Ῥωμαίους·
2961 376 3071 440 ἕως
3097 376 3154 431 δλ
3192 377 3390 450 περιῆν
3424 379 3454 432 ὀ
3491 380 3669 440 T061.-

381 473 508 536 rati,
545 474 760 545 pra-das
801 490 867 528 cx
921 477 1072 544 agris
1119 483 1370 544 egerunt.
1417 472 1513 527 llle
1561 488 1695 528 vero
1741 488 1968 544 gnarus,

381 569 534 639 pacis
584 583 803 622 causam
843 584 966 622 csse
1004 565 1234 630 bellum,
1272 565 1481 620 invadit
1524 579 1642 630 eos,
1692 581 1722 620 a
1764 565 1970 636 quibus

383 661 770 720 imadebatnr,
837 669 1006 729 atque
1067 659 1376 724 ulciscitur,
1444 658 1611 714 urbes
1667 668 1966 731 expugnat,

379 772 613 826 quarum
675 772 838 810 unam
886 755 1134 812 evertit:
1180 766 1237 811 et
1270 756 1528 826 captivis,
1575 771 1716 826 quos
1765 756 1970 811 multos

379 859 626 920 ceperat,
681 866 781 919 pro
834 851 1126 921 mancipiis
1173 853 1370 914 utitur,
1435 851 1638 906 multos
1689 851 1858 906 etiam
1911 851 1966 905 in

378 941 661 995 civitatem
712 942 1014 996 lloinanam
1051 941 1239 996 mittit.
1293 941 1548 1007 Romani,
1587 957 1714 996 cum
1747 939 1968 996 finitimi

380 1029 683 1100 petentiam
727 1046 944 1096 eorum,
996 1041 1052 1085 et
1100 1030 1366 1085 ditionem
1417 1045 1670 1086 crescere
1712 1046 1855 1101 mgre
1888 1030 1970 1087 fe-

381 1133 588 1184 rentes,
625 1124 816 1179 hostes
847 1139 905 1179 se
930 1124 1164 1196 professi
1187 1132 1392 1188 essent,
1423 1122 1660 1180 Fidenas
1677 1123 1969 1180 obsidione

382 1224 689 1284 ceperunt;
723 1215 960 1274 Sabinos
1004 1217 1335 1282 aﬂlixerunt,
1375 1217 1656 1288 dispersos
1682 1215 1964 1288 aggressi;

380 1318 438 1360 et
466 1311 662 1366 castris
716 1328 909 1366 eorum
951 1313 1149 1382 captis,
1193 1312 1332 1366 alios
1378 1322 1590 1366 terrore
1647 1311 1848 1382 injecto
1879 1311 1965 1367 vel

383 1397 588 1454 invitos
625 1418 815 1470 pacem
846 1419 1066 1458 servare
1097 1412 1417 1473 coegerunt.
1456 1399 1553 1456 llis
1584 1400 1749 1455 rebus
1774 1400 1965 1471 gestis,

2071 471 2188 536 λος,
2246 473 2746 536 δεδιότες’ἐκεῖνον
2793 472 2871 535 ὡς
2910 471 3183 541 μάχιμον,
3223 473 3664 532 συνεστέλλοντο.

2069 565 2175 618 Τὸν
2202 565 2260 619 δὲ
2293 567 2543 637 Μάρκιον
2570 565 2890 619 εὐεπίθετον
2923 566 3269 636 ἡγησάμενοι
3307 567 3394 620 διὰ
3416 567 3479 621 τὸ
3507 569 3670 640 είρη-

2071 658 2224 711 ναῖον
2255 659 2350 727 τῆς
2385 658 2637 728 γνώμης,
2667 661 2732 728 τῇ
2768 675 2827 711 τε
2857 657 3012 729 χώρα
3048 657 3310 728 ἐπῆλθον,
3359 661 3456 714 καὶ
3488 660 3671 730 αὐτὴν

2070 751 2389 822 ἐληίσαντο.
2435 752 2628 816 Συνεὶς
2677 750 2724 804 δ’
2754 751 2965 812 ἐκεῖνος
2997 751 3224 820 εἰρήνης
3257 745 3398 804 εἶναι
3436 752 3530 804 τδν
3560 752 3669 806 πό-

2069 844 2236 914 λεμον
2273 844 2468 911 αἴτιον,
2502 843 2809 899 ἐπιτίθεται
2836 846 2950 907 τοῖς
2971 843 3344 914 ἐπιθεμένοις,
3371 843 3468 897 καὶ
3497 844 3672 917 ἀντη-

2073 937 2310 1008 μύνατο,
2367 939 2461 992 καὶ
2505 937 2692 1002 πόλεις
2737 935 2885 991 είλεν
2940 935 3145 999 αὐτῶν,
3201 929 3276 990 ὧν
3320 936 3450 1007 μίαν
3503 938 3674 992 κατι-

2072 1028 2271 1099 σκαψε,
2310 1029 2406 1083 καὶ
2439 1029 2664 1092 πολλοῖς
2717 1027 2828 1082 τῶν
2877 1028 3124 1083 ἁλόντων
3149 1027 3228 1091 ὡς
3285 1026 3671 1099 αίχμαλὼτοις

2070 1121 2370 1194 ἐχρήσατο,
2395 1121 2493 1176 καὶ⁷
2516 1123 2575 1186 ἐς
2604 1121 2706 1191 τὴν
2749 1119 2975 1193 Ῥώμην
3027 1119 3084 1174 δέ
3145 1122 3378 1189 συχνοὺς
3439 1121 3672 1190 ἐτέρους

2074 1213 2402 1286 μετῴκισεν.
2436 1213 2836 1284 Αὐξανομένων
2859 1214 2917 1268 δὲ
2945 1214 3056 1268 τῶν
3105 1214 3414 1286 Ῥωμαίων,
3445 1213 3539 1267 καὶ
3563 1214 3674 1284 τῆς

2069 1305 2253 1378 χώρας
2271 1306 2426 1375 σφίσι
2455 1305 2916 1377 προστιθεμένης,
2940 1307 2991 1360 οἱ
3015 1307 3385 1378 πλησιόχωροι
3404 1305 3669 1378 ἠχθοντο,

2076 1399 2173 1454 καὶ
2192 1401 2424 1465 ἑαυτοὺς
2461 1399 2758 1472 Ῥωμαίοις
2803 1400 3249 1471 ἐξεπολέμωσαν·
3303 1400 3429 1454 ὅθεν
3478 1400 3670 1454 αὐτῶν

381 1489 622 1547 Marcius
677 1505 909 1549 mortem
955 1495 1116 1560 obiit,
1153 1510 1298 1550 anno
1350 1495 1504 1567 regni
1553 1510 1678 1549 xxiv
1716 1493 1965 1564 exemplo

2075 1499 2382 1570 Φιδηνάτας
2415 1501 2516 1572 μὲν
2546 1500 2837 1571 πολιορκίᾳ
2885 1497 3223 1569 ἐκράτησαν,
3287 1492 3552 1554 Σαϐίνους
3615 1492 3666 1546 δ’

377 1583 468 1637 avi
497 1585 792 1656 religiosus
819 1588 1050 1642 deorum
1077 1589 1276 1643 cultor.

2076 1591 2394 1658 ἐκάκωσαν,
2432 1593 2619 1657 αὐτοῖς
2662 1609 2725 1646 τε
2756 1590 3166 1663 προσπεσόντες
3211 1585 3664 1656 ἐσκεδασμένοις,

377 1679 478 1732 καὶ
545 1681 604 1733 τὸ
665 1684 816 1751 σφῶν
876 1684 1090 1747 ἑλόντες
1131 1685 1778 1756 στρατόπεδονθέτέρους
1812 1683 1856 1737 δ’
1900 1685 2340 1756 ἐκφοϐήσαντες,
2381 1688 2691 1760 εἰρηνεύειν
2739 1686 2835 1741 καὶ
2911 1685 3148 1748 ἄκοντας
3207 1683 3664 1754 παρεσκεύασαν·

379 1772 474 1825 καὶ
500 1773 595 1826 ἐπὶ
619 1772 829 1839 τούτοις
860 1776 1100 1848 Μαρκίῳ
1131 1777 1359 1830 ἐπέλιπε
1389 1776 1451 1830 τὸ
1501 1777 1794 1847 βιώσιμον,
1841 1776 2050 1828 εἴκοσιν
2081 1779 2365 1844 ἐνιαυτοὺς
2429 1781 2526 1835 καὶ
2579 1782 2856 1852 τέσσαρας
2880 1777 3138 1849 ἄρξαντι,
3169 1776 3269 1829 καὶ
3331 1774 3538 1845 πολλὴν
3565 1771 3668 1828 τοῦ

379 1867 538 1921 θείου
568 1867 708 1920 κατὰ
734 1867 824 1920 τὸν
851 1869 1074 1922 πάππον
1099 1869 1291 1939 Νομᾶν
1315 1871 1626 1940 ποιουμένῳ
1686 1870 1787 1940 τὴν
1836 1867 2163 1938 ἐπιμέλειαν
2187 1872 2323 1946 (8i).

449 1965 587 2022 Vill.
625 1965 686 2020 L.
721 1965 1059 2036 Tarquinius
1105 1967 1380 2023 Demarati
1432 1967 1706 2023 Corinthii
1739 1965 1965 2030 exsulis,

2151 1970 2232 2024 H'.
2262 1971 2494 2036 Λούκιος
2521 1970 2579 2026 δὲ
2616 1968 2926 2042 Ταρκύνιος
2951 1969 3052 2041 τὴν
3091 1967 3270 2040 ἀρχὴν
3316 1967 3668 2040 ᾠκειώσατο.

377 2057 476 2127 qui
509 2058 842 2127 Tarquinios
885 2059 1048 2128 325
1095 2058 1420 2130 Tyrrhenia:
1451 2059 1644 2113 urbem
1680 2057 1967 2128 migrarat,

378 2167 446 2207 ex
481 2151 738 2221 indigena
785 2151 1017 2206 muliere
1067 2152 1232 2214 filius,
1281 2151 1563 2206 Lucamon
1594 2160 1844 2216 vocatus,
1877 2165 1969 2206 re-

379 2258 547 2311 gnum
573 2241 680 2298 sibi
726 2242 1048 2297 vindicavit.
1073 2242 1123 2296 ls
1146 2258 1270 2296 cum
1304 2243 1547 2312 amplum
1574 2241 1970 2311 patrimonium

378 2331 882 2402 suscepisset,.ncc
922 2341 1104 2385 tamen
1163 2341 1224 2385 ut
1253 2331 1464 2385 advena
1494 2346 1524 2385 a
1551 2330 1969 2401 Tarquiniensi-

381 2427 484 2479 bus
515 2425 582 2478 ad
617 2439 866 2480 summos
915 2424 1157 2479 honores
1201 2425 1556 2484 eveheretur,
1596 2424 1826 2478 Romam
1859 2423 1969 2478 mi-

378 2527 501 2587 grat
528 2534 542 2569 :
575 2525 899 2586 mutatoque
924 2515 1169 2580 nomine,
1196 2516 1266 2570 ab
1289 2517 1423 2570 urbe
1452 2516 1507 2570 in
1530 2531 1636 2584 qua
1667 2515 1963 2580 habitarat,

381 2607 444 2664 L.
475 2607 813 2676 Tarquinius
854 2607 1185 2676 appellatur.
1225 2606 1426 2661 Fertur
1465 2617 1673 2671 autem,
1725 2623 1848 2662 cum
1883 2622 1969 2662 se-

378 2699 505 2754 dem
560 2708 824 2764 mutaret,
875 2699 1064 2768 aquila
1109 2697 1415 2764 devolasse,
1475 2710 1746 2769 raptoque
1797 2699 1964 2769 pileo,

377 2804 542 2860 quem
568 2791 747 2860 capite
770 2791 1018 2860 gerebat,
1042 2790 1364 2845 subvolasse
1391 2805 1456 2845 ac
1485 2806 1684 2861 magno
1709 2791 1968 2860 clangore

378 2882 562 2948 edito,
613 2888 870 2937 eumdem
905 2882 1070 2954 capiti
1102 2891 1226 2952 apte
1260 2883 1598 2954 reposuisse.
1634 2883 1790 2940 Unde
1828 2883 1967 2938 nihil

380 2975 592 3032 humile
621 2975 808 3030 animo
839 2977 1182 3045 conceperit,
1229 2985 1285 3030 et
1326 2975 1586 3030 alacriter
1614 2975 1802 3030 Romae
1835 2990 1970 3030 con-

378 3067 608 3132 sederit,
645 3067 737 3121 ubi
773 3083 883 3121 non
916 3067 1091 3122 multo
1126 3077 1250 3137 post
1285 3068 1338 3122 in
1367 3067 1563 3138 primis
1591 3076 1676 3122 est
1704 3082 1968 3122 numera-

379 3165 490 3211 tus.
525 3156 661 3210 Nam
703 3172 827 3210 cum
863 3156 1065 3226 Opibus
1106 3155 1254 3210 haud
1310 3171 1474 3227 parce
1508 3167 1781 3221 uteretur,
1830 3173 1966 3228 pru-

379 3247 569 3303 dentia
598 3257 654 3302 et
685 3248 998 3304 urbanitate
1040 3247 1452 3320 potentioribus
1490 3249 1592 3304 sibi
1633 3247 1962 3311 conciliatis,

382 3358 413 3396 a
454 3341 659 3396 Marcio
693 3341 748 3395 in
789 3341 1048 3410 patricios
1077 3350 1134 3397 et
1165 3349 1417 3396 senatqu
1449 3341 1626 3396 lectus
1647 3350 1752 3404 est,
1775 3348 1828 3396 et
1853 3339 1964 3395 dux

380 3432 664 3490 exercitus
705 3433 1044 3504 designatus,
1090 3433 1300 3489 credita
1344 3434 1510 3489 etiam
1555 3433 1858 3488 liberorum
1907 3443 1964 3491 et

380 3526 536 3598 regni
588 3526 778 3582 tutela.
826 3526 964 3582 Nam
995 3541 1055 3582 se
1083 3527 1290 3583 bonum
1324 3527 1505 3582 virum
1535 3527 1833 3598 praebebat,
1863 3543 1964 3598 pe-

380 3621 603 3678 cuniam
630 3621 924 3692 egentibus
954 3621 1329 3693 impertiebat,
1372 3621 1694 3692 rogantibus
1724 3622 1965 3676 libenter

381 3714 596 3772 ferebat
641 3729 827 3784 opem,
876 3715 1082 3770 malum
1126 3715 1362 3770 faciebat
1405 3715 1696 3770 dicebatve
1732 3712 1962 3776 nemini,

379 3821 606 3878 accepta
655 3809 926 3865 beneficia
969 3809 1351 3880 exaggerabat.
1402 3808 1655 3864 Ollensas
1687 3809 1772 3862 vel
1797 3809 1965 3865 dissi-

383 3901 648 3968 mulabat,
696 3903 780 3958 vel
825 3911 1137 3958 extenuans
1183 3902 1450 3958 oblivioni
1486 3901 1826 3958 mandabat:
1867 3918 1965 3960 eos

381 4009 412 4047 a
439 3993 643 4063 quibus
686 3994 850 4050 laesus
895 4003 1065 4060 esset,
1113 3993 1254 4049 adeo
1303 4009 1414 4048 non
1463 3994 1858 4059 ulciscebatur,
1903 4005 1965 4052 ut

379 4089 548 4144 etiam
576 4085 865 4143 beneficiis
895 4086 1300 4142 demereretur.
1333 4087 1430 4142 llis
1463 4089 1712 4143 moribus
1746 4100 1802 4144 et
1825 4089 1965 4144 Mar-

381 4181 530 4235 cium
577 4179 780 4249 ipsum,
811 4187 867 4234 et
897 4179 1079 4251 regios
1103 4179 1314 4234 amicos
1343 4179 1449 4234 sibi
1481 4179 1747 4245 devinxit,
1767 4181 1964 4236 existi-

385 4272 683 4328 mationem
714 4271 816 4326 viri
843 4271 975 4326 boni
1010 4281 1067 4328 et
1101 4271 1367 4342 sapientis
1397 4284 1751 4338 consecutus,
1796 4289 1962 4343 quam

384 4381 494 4420 non
525 4373 793 4435 perpetuo
825 4365 1195 4420 conservavit.
1232 4363 1418 4418 Marcii
1448 4379 1685 4434 namque
1715 4365 1965 4420 defuncti

383 4460 601 4516 duobus
645 4460 774 4515 filiis
805 4459 1054 4528 iniquum
1100 4474 1159 4514 se
1208 4459 1463 4530 praebuit,
1518 4470 1711 4529 erepto
1766 4475 1960 4530 regno,

383 4551 530 4622 quod
568 4566 692 4606 cum
725 4550 835 4606 illis
860 4561 1086 4606 senatus
1109 4552 1455 4621 populusque
1483 4551 1770 4606 delaturus
1798 4560 1962 4618 esset,

2072 2062 2134 2126 δς
2166 2064 2501 2135 Δημαράτου
2533 2063 2632 2132 μὲν
2653 2060 2722 2134 ἦν
2751 2064 2884 2126 παῖς
2915 2060 3237 2132 Κορινθίου,
3282 2059 3554 2129 φυγόντος
3607 2061 3671 2114 δι

2073 2149 2168 2203 καὶ
2203 2151 2284 2214 είς
2313 2152 2470 2204 πόλιν
2500 2151 2813 2224 Τυρσηνίδα
2843 2151 3182 2221 Ταρκυινίαν
3227 2151 3673 2221 ἐγκατοικήσαν-

2071 2256 2165 2305 τος
2204 2241 2265 2306 ἐξ
2287 2241 2614 2312 αὐθιγενοῦς
2645 2241 2906 2309 γυναικὸς
2929 2242 3124 2312 ἐκείνῳ
3163 2240 3383 2312 ἐτέχθη,
3411 2240 3668 2294 Λουκού-

2075 2352 2195 2405 μων
2232 2334 2581 2406 ὀνομασθείς.
2617 2334 2794 2388 Πολλὰ
2867 2334 3051 2405 μέντοι
3109 2332 3385 2404 πατρόθεν
3407 2331 3668 2400 διαδεξά-

2075 2444 2259 2498 μενος,
2292 2428 2374 2481 ὃτι
2409 2427 2484 2499 μὴ
2511 2427 2622 2480 τῶν
2657 2427 2944 2498 πρωτείων
2974 2427 3130 2499 «ap-5.
3182 2427 3292 2479 τῶν
3349 2425 3670 2498 Ταρκυινη-

2073 2516 2206 2572 σίων
2238 2518 2314 2583 ὡς
2345 2518 2553 2590 ἔπηλυς
2582 2517 2915 2589 κατηξίωτο,
2951 2517 3089 2590 πρὸς
3113 2516 3214 2589 τὴν
3282 2515 3509 2590 Ῥώμην
3557 2535 3668 2590 με-

2070 2609 2420 2676 ταναστεύει,
2469 2611 2566 2664 καὶ
2588 2609 2686 2680 τὴν
2729 2610 2926 2680 κλῆσιν
2978 2607 3500 2681 συμμεταθέμενος,
3565 2610 3670 2666 καὶ

2075 2699 2480 2773 μετωνομάσθη
2512 2702 2748 2766 Λούκιος
2798 2701 3105 2774 Ταρκύνιος
3185 2703 3249 2753 ἐκ
3287 2699 3389 2768 τῆς
3446 2700 3668 2764 πόλεως

2073 2795 2132 2848 ἐν
2231 2793 2503 2867 παρῴκει.
2539 2794 2776 2862 Λέγεται
2807 2795 2864 2848 δέ
2896 2793 3351 2865 μετοικιζομένου
3384 2791 3547 2855 άετδς
3564 2810 3671 2845 κα-

2069 2886 2282 2951 ταπτὰς
2306 2887 2553 2959 ἁρπάσαι
2583 2887 2675 2940 τὸν
2729 2886 2907 2951 πῖλον,
2957 2885 3017 2939 ὃν
3073 2881 3220 2956 εἶχεν
3284 2884 3378 2939 ἐπὶ
3433 2883 3534 2954 τῆς
3563 2901 3665 2936 κε-

2071 2979 2274 3050 φαλῆς,
2307 2981 2404 3034 καὶ
2446 2979 2843 3052 μετεωρισθεὶς
2904 2979 2999 3034 καὶ
3055 2977 3300 3048 κλάγξας
3357 2963 3468 3031 ἐπι
3496 2974 3666 3042 πολὺ,

2071 3071 2234 3136 αὐθις
2266 3072 2432 3126 αὐτὸν
2463 3072 2782 3144 ἐφαρμόσαι
2813 3073 2884 3144 τῇ
2930 3070 3101 3127 αὐτοῦ
3159 3069 3397 3140 κεφαλῇ,
3437 3070 3515 3132 ὡς
3571 3069 3669 3122 ἐν·

2071 3163 2264 3218 τεῦθεν
2298 3164 2466 3235 μηδὲν
2515 3163 2737 3218 ἐλπίσαι
2805 3162 3026 3233 μικρὸν,
3079 3163 3178 3216 καὶ
3233 3160 3538 3233 προθύμως
3589 3162 3664 3230 τῇ

2082 3257 2272 3328 Ῥώμῃ
2310 3256 2725 3326 ἐγκατοικῆσαι,
2755 3255 2877 3310 ὅθεν
2902 3257 3017 3320 τοῖς
3066 3255 3308 3327 πρώτοις
3385 3255 3446 3308 οὐ
3512 3253 3667 3324 μετᾰ

2071 3349 2209 3403 πολὺ
2245 3347 2641 3419 συνηρίθμητο.
2687 3349 2778 3418 Τῷ
2833 3347 2890 3402 δὲ
2946 3349 3056 3418 γὰρ
3094 3346 3314 3419 πλούτῳ
3365 3345 3661 3419 χρώμενος

2071 3439 2480 3510 ἀφειδέστερον,
2515 3440 2734 3494 συνέσει
2767 3457 2826 3493 τε
2854 3441 2949 3492 καὶ
2979 3437 3322 3510 εὐτραπελίᾳ
3379 3440 3506 3502 τοὺς
3558 3439 3664 3493 δυο

2069 3533 2266 3595 νατοὺς
2301 3531 2698 3601 οίκειούμενος,
2736 3534 2794 3596 ἐς
2859 3531 2990 3596 τοὺς
3034 3531 3368 3602 εὐπατρίδας
3415 3531 3512 3585 καὶ
3553 3531 3664 3603 τὴν

2071 3625 2269 3698 βουλὴν
2307 3625 2611 3697 κατελέχθη
2653 3625 2806 3697 παρὰ
2862 3624 3139 3696 Μαρκίου,
3197 3624 3293 3678 καὶ
3348 3623 3663 3695 στρατηγὸς

2071 3718 2395 3790 ἀπεδείχθη,
2431 3721 2522 3773 καὶ
2544 3720 2644 3790 τὴν
2667 3719 2773 3773 τῶν
2793 3718 3004 3772 παίδων
3027 3717 3240 3771 ἐκείνου
3272 3718 3662 3787 ἐπιτροπείαν,

2071 3813 2170 3866 καὶ
2199 3814 2300 3884 τῆς
2335 3811 2618 3883 βασιλείας
2642 3813 3000 3866 πεπίστευτο.
3047 3810 3321 3864 Ἐδείκνυε
3357 3811 3468 3880 γὰρ
3525 3811 3661 3867 ἑαυ-

2069 3905 2162 3960 τδν
2196 3905 2404 3974 ἀγαθὸν
2444 3905 2634 3975 ἄνδρα,
2660 3905 2966 3974 χρημάτων
2987 3922 3046 3958 τε
3070 3909 3183 3969 τοῖς
3236 3906 3516 3975 δεομένοις
3555 3923 3661 3974 με-

2069 3998 2335 4060 ταδιδοὺς,
2371 3997 2464 4050 καὶ
2497 3999 2688 4051 ἑαυτὸν
2713 3997 2933 4066 ἕτοιμον
2966 3998 3226 4068 παρέχων
3254 3996 3308 4051 εί
3353 4015 3436 4059 τις
3479 3996 3665 4051 δέοιτο

2069 4089 2236 4144 αὐτοῦ
2266 4091 2347 4151 είς
2378 4088 2655 4160 βοήθειαν·
2689 4089 2893 4158 φαῦλον
2922 4089 2979 4143 δέ
3007 4089 3120 4160 (83)
3139 4108 3190 4143 τι
3218 4088 3329 4144 οὔτ’
3357 4089 3661 4160 ἔπραττεν,

2071 4183 2185 4237 οὐτ’
2215 4184 2402 4253 ἔλεγεν
2419 4183 2617 4237 οὐδενί.
2645 4184 2754 4236 Καὶ
2779 4183 2897 4236 είτι
2935 4182 3073 4253 πρός
3103 4199 3267 4235 τινων
3297 4181 3358 4234 εὖ
3385 4181 3660 4250 ἔπασχεν,

2070 4280 2233 4351 ἐξῇρε
2267 4281 2327 4332 τὸ
2355 4280 2658 4348 γινόμενον·
2687 4281 2736 4332 εί
2767 4279 2822 4332 δέ
2855 4297 2906 4332 τι
2937 4279 3033 4332 καὶ
3063 4277 3475 4349 ἐπαχθέστερον
3502 4276 3663 4347 αὐτῷ

2071 4372 2307 4440 γένοιτο,
2338 4371 2371 4442 ἢ
2403 4370 2515 4423 οὐδ’
2550 4368 2826 4438 ἐλογίζετο
2855 4370 2916 4424 τὸ
2944 4369 3225 4439 λυποῦν,ἢ
3255 4370 3352 4424 καὶ
3383 4368 3663 4438 φαυλίσας

2072 4462 2488 4532 παρελογίξετο’
2533 4464 2593 4515 οὐ
2629 4463 2793 4532 μόνον
2818 4480 2878 4515 τε
2901 4463 3002 4516 οὐκ
3029 4462 3280 4533 ἠμύνατο
3338 4461 3432 4514 τὸν
3495 4459 3664 4514 λελυ-

2073 4555 2317 4626 πηκότα,
2352 4555 2488 4608 ἀλλὰ
2517 4554 2612 4608 καὶ
2645 4555 2961 4625 εὐηργέτει.
2987 4555 3214 4618 Τούτοις
3253 4555 3417 4608 αὐτόν
3447 4571 3506 4608 τε
3561 4553 3662 4607 τὸν

386 4645 477 4700 ille
522 4646 873 4702 senatoribus
927 4645 1323 4716 potentissimis
1374 4645 1478 4699 sibi
1536 4644 1848 4714 adiunctis,
1909 4652 1965 4700 et

2073 4647 2344 4716 Μάρκιον,
2374 4647 2470 4700 καὶ
2499 4646 2624 4709 τοὺς
2655 4648 2785 4718 περὶ
2812 4646 2976 4700 αὐτὸν
2995 4646 3352 4719 ἐχειρώσατο,
3380 4643 3665 4711 καὶδόξαν

383 4737 829 4796 adolescentibus
883 4740 1077 4809 procul
1124 4739 1192 4794 ad
1263 4739 1610 4794 venationem
1675 4736 1962 4807 ablegatis,

384 4832 523 4887 nihil
566 4847 676 4886 non
710 4839 767 4887 et
821 4831 958 4889 dixit
987 4841 1045 4887 et
1082 4831 1234 4893 fecit,
1283 4830 1458 4887 donec
1510 4845 1736 4901 regnum
1789 4829 1965 4900 impe-

384 4931 620 4978 trasset:
665 4922 715 4976 id
745 4937 804 4977 se
831 4924 1037 4992 pueris,
1065 4922 1154 4978 ubi
1187 4922 1580 4987 adolevissent,
1611 4921 1962 4977 redditurum

382 5012 675 5084 professus.
715 5012 918 5067 Rerum
949 5024 1133 5070 autem
1182 5015 1390 5086 potitus
1423 5016 1704 5070 Romanos
1737 5016 1810 5070 ita
1854 5025 1964 5071 tra-

383 5105 572 5171 ctavit,
607 5115 667 5160 ut
697 5106 877 5178 regios
906 5107 1289 5163 adolescentes
1316 5124 1598 5178 nunquam
1634 5106 1734 5177 ipsi
1767 5109 1966 5179 praela-

384 5199 494 5253 turi
523 5210 733 5263 essent,
761 5215 1002 5270 quorum
1048 5200 1266 5256 animos
1323 5211 1381 5256 et
1449 5216 1681 5272 corpora
1712 5209 1965 5255 assuetu-

382 5291 512 5348 dine
564 5291 794 5364 ignavia:
843 5306 945 5362 per
991 5291 1350 5365 benignitatis
1399 5294 1637 5365 speciem
1692 5294 1963 5364 corrupit.

2073 4739 2266 4810 ἀνδρὸς
2294 4740 2563 4810 ἐκτήσατο
2586 4738 2753 4808 σοφοῦ
2774 4757 2832 4792 τε
2856 4741 2951 4792 καὶ
2971 4739 3200 4808 ἀγαθοῦσ
3232 4740 3348 4794 ἀλλ’
3378 4740 3439 4794 οὐ
3483 4757 3664 4810 προσ-

2075 4830 2256 4901 ἐμεινε
2286 4830 2448 4900 μέχρι
2471 4829 2662 4894 τέλους
2703 4829 2852 4902 αὐτῷ
2891 4832 2923 4901 ἡ
2954 4830 3241 4901 ὑπόληψις.
3266 4831 3375 4886 Τοῦ
3400 4831 3662 4902 Μαρκίου

2071 4922 2181 4991 γὰρ
2210 4924 2657 4992 τελευτήσαντος,
2697 4925 2884 4987 κακῶς
2902 4925 3028 4994 περὶ
3041 4925 3166 4985 τούς
3194 4924 3405 4977 ἐκείνου
3432 4923 3657 4994 διετέθη

2069 5017 2180 5070 δύω
2197 5017 2357 5080 υἱεῖς,
2376 5016 2468 5070 καὶ
2489 5016 2588 5088 τὴν
2603 5015 2883 5085 βασιλείαν
2901 5017 3314 5087 ἐσφετερίσατο.
3333 5016 3450 5085 Τῆς
3468 5035 3532 5070 τε
3547 5018 3661 5090 γὰρ

2073 5098 2277 5179 βουλῆς
2294 5107 2390 5162 καὶ
2419 5107 2513 5161 τοῦ
2539 5107 2715 5178 δήμου
2740 5109 2864 5171 τούς
2889 5107 2982 5162 τοῦ
3017 5109 3269 5180 Μαρκίου
3306 5110 3505 5172 παῖδας
3533 5129 3656 5181 χει-

2076 5202 2315 5270 ροτονεῖν
2351 5198 2683 5270 μελλόντων,
2719 5201 2928 5264 ἐκεῖνος
2955 5201 3067 5254 τῶν
3096 5200 3401 5271 βουλευτῶν
3434 5219 3495 5256 τε
3525 5204 3660 5267 τοὺς

2069 5293 2485 5358 δυνατωτάτους
2549 5292 2814 5365 μετῆλθε,
2844 5296 2942 5349 καὶ
2973 5294 3102 5360 τοὺς
3152 5295 3425 5368 ὀρφανοὺς
3463 5295 3659 5368 πόρρω

1584 5451 1793 5513 νει-ἰῶ
1826 5450 2086 5514 lectiom
2110 5470 2140 5514 s
2185 5459 2247 5515 et
2277 5460 2469 5515 nom.

452 5594 569 5664 (81)
601 5593 710 5648 λαὶ
739 5595 988 5661 πολλὴν
1017 5597 1125 5652 τοῦ
1184 5591 1348 5651 θείου
1385 5598 1535 5650 κατὰ
1569 5594 1674 5649 τὸν
1713 5595 1967 5648 πάππον

383 5665 632 5736 Νοῦμαν
659 5665 1002 5736 ποιουμένῳ
1029 5667 1146 5732 τὴν
1175 5667 1543 5736 ἐπιμέλειαν.
1598 5667 1805 5720 Desunt
1854 5666 1967 5720 lia-e

389 5735 554 5791 verba
582 5736 638 5790 in
666 5735 830 5793 codd.
861 5737 997 5810 Reg.
1022 5747 1075 5797 et
1097 5739 1254 5794 (lolb.

2079 5599 2535 5726 νιιίῗξίοῖἷξλπ
2561 5601 2651 5657 δέ’
2689 5601 2770 5658 Ε¹
2818 5601 3010 5660 Dim“
3039 5603 3136 5662 ¹ί¹³ο
3181 5619 3223 5671 ⁸»
3253 5603 3309 5660 in
3359 5603 3656 5678 διιτψὼ
