4042 6200
371 298 487 363 ωδ

1679 297 2090 361 ANNALIUM
2128 299 2280 365 LIB.
2320 299 2460 362 VII.

369 433 469 470 ποι
490 413 824 485 πέμψας.είς
863 413 1063 486 θήραν,
1096 412 1180 480 οἷς
1209 431 1269 470 τε
1303 413 1447 484 εἷπε,
1485 419 1579 473 καὶ
1641 412 1725 481 οἷς
1787 417 1958 489 ἐπραο

2063 417 2198 474 Cum
2229 427 2412 474 autem
2455 431 2554 473 eos
2585 415 2754 472 etiam
2783 415 2866 472 sic
2901 421 3210 479 metueret,
3241 427 3372 470 suas
3410 428 3546 484 opes
3585 413 3645 470 in

373 506 486 570 ξεν,
523 505 674 575 αύτῷ
697 506 800 577 τὴν
832 505 1112 576 βασιλείαν
1134 507 1480 578 ψηφίσασθαι
1514 510 1952 580 παρεσκεύασεν,

255 613 262 619 '
371 596 451 658 ὡς
474 597 835 670 ἀνδρωθεῖσιν
851 599 1027 670 αὐτὴν
1050 599 1214 671 δῆθεν
1232 603 1346 665 τοῖς
1373 602 1566 656 παισὶν
1592 603 1954 658 ἀποδώσοντι.

384 691 702 762 Ἐγκρατὴς
734 691 791 744 δὲ
826 690 1107 757 καταστὰς
1125 693 1237 746 τῶν
1262 693 1627 764 πραγμάτων,
1663 693 1806 747 οὓτω
1831 694 1957 756 τοὺς

381 781 694 852 Ῥωμαίους
725 782 958 844 διέθετο,
989 782 1132 838 ὥστε
1169 785 1442 856 μηδέποτε
1489 785 1770 856 ἐθελήσειν
1800 783 1960 838 ἀνθε-

371 872 564 926 λέσῡαι
593 874 724 936 τοὺς
762 874 964 937 παῖδας
1018 875 1255 929 ἐκείνου*
1314 875 1413 929 καὶ
1461 877 1532 929 τὰ
1583 877 1849 947 μειράκια
1899 876 1958 929 δὲ

370 964 514 1035 πρὸς
538 963 827 1035 ῥᾳστώνην
857 966 1082 1032 ἐθίζων,
1108 969 1208 1032 τάς
1231 985 1291 1022 τε
1319 968 1501 1040 ψυχὰς
1529 969 1735 1035 αὐτῶν,
1769 970 1866 1022 καὶ
1891 969 1960 1024 τὰ

372 1056 609 1126 σώματα
642 1057 740 1111 σὺν
772 1056 959 1129 χάριτι
979 1058 1045 1129 δή
1070 1076 1180 1113 τινι
1214 1059 1460 1133 ἔφθειρε.
1512 1061 1710 1125 Δεόιὼς
1756 1063 1814 1115 δὲ
1861 1062 1959 1115 καὶ

369 1150 545 1215 οὕτως
581 1149 742 1221 ἔχων,
779 1151 936 1222 ἰσχὺν
964 1151 1146 1223 ἑαυτῷ
1163 1155 1222 1206 δν
1247 1154 1326 1223 τῷ
1347 1154 1609 1224 συνεδρίῳ
1641 1153 1959 1225 περιεποιή’

373 1263 534 1300 σατο.
563 1246 706 1310 Τοὺς
736 1247 848 1316 γὰρ
887 1246 1082 1315 φιλίως
1103 1244 1257 1316 αύτῷ
1281 1246 1347 1298 ἐκ
1380 1244 1476 1298 τοῦ
1522 1245 1700 1316 δήμου
1747 1245 1959 1298 διακειο-

374 1337 573 1407 μένους
591 1337 721 1409 περὶ⁵
747 1337 1058 1402 διακοσίους
1087 1343 1145 1400 ἐς
1165 1338 1295 1401 τοὺς
1313 1330 1648 1407 εὐπατρίδας
1662 1335 1955 1406 ἐνέγραψε,

371 1435 470 1486 καὶ
505 1433 824 1504 βουλευτάς⁸
857 1436 951 1488 καὶ
980 1435 1126 1489 οὕτω
1156 1435 1257 1505 τήν
1287 1453 1348 1488 τε
1377 1434 1672 1504 γερουσίαν
1712 1433 1804 1503 ὑφ’
1831 1434 1959 1488 ἐαυ-

369 1527 490 1592 τδν,
525 1526 784 1591 καὶτοὺς
815 1527 1048 1592 πολλοὺς
1085 1529 1407 1599 ἐποιήσατο,
1458 1527 1552 1581 καὶ
1604 1528 1704 1599 τὴν
1763 1527 1959 1596 στολὴν

370 1619 516 1688 πρὸς
542 1618 605 1673 τὸ
637 1620 1224 1692 μεγαλοπρεπέστερον
1247 1620 1508 1692 ἧμειψεν.
1549 1619 1619 1674 Ἦ
1647 1621 1704 1675 δὲ
1731 1615 1800 1690 ἦν
1826 1620 1957 1688 ἱμά-

369 1727 491 1764 τιον
514 1712 609 1764 καὶ
643 1710 808 1781 χιτὼν
837 1712 1194 1784 όλοπόρφυρα
1224 1714 1319 1765 καὶ
1345 1711 1728 1782 χρυσόπαστα,
1753 1711 1959 1780 στέφα-

368 1800 466 1862 νός
497 1817 559 1852 τε
583 1800 752 1854 λίθων
780 1802 1152 1872 χρυσοδέτων,
1186 1802 1283 1856 καὶ
1305 1803 1612 1872 σκῆπτρον,
1655 1801 1847 1872 δίφρος
1897 1817 1958 1854 τε

369 1891 750 1961 ἐλεφάντινος,
786 1887 872 1957 οἷς
898 1895 993 1947 καὶ
1025 1895 1074 1948 oi
1107 1893 1246 1964 μετὰ
1276 1893 1452 1949 ταῦτα
1483 1894 1536 1947 οῖ
1569 1911 1628 1948 τε
1655 1892 1828 1960 ἄλλοι,
1863 1893 1959 1948 καὶ

368 1985 426 2037 oi
457 1984 560 2056 τὴν
590 1985 1006 2056 αὐτοκράτορος
1039 1986 1258 2057 ἔχοντες
1281 1987 1585 2058 ἠγεμονίαν
1626 1987 1955 2058 ἐχρήσαντο.

369 2076 488 2129 Καὶ
537 2077 828 2147 τεθρίππῳ
877 2079 937 2132 ἐν
979 2073 1094 2141 τοῖς
1157 2079 1448 2143 ἐπινικίοις
1483 2081 1824 2150 ἐπόμπευσε,
1865 2079 1962 2134 καὶ

373 2169 716 2242 ῥαϐδούχους
739 2172 828 2224 διὰ
858 2170 974 2242 βίου
1019 2170 1230 2226 δώδεκα
1271 2171 1424 2244 ἔσχε.
1493 2171 1720 2238 Πάντως
1771 2172 1826 2226 δὲ
1863 2172 1960 2227 καὶ

370 2262 514 2316 ἄλλα
554 2263 728 2318 πλείω
774 2264 1208 2334 ἐκαινοτόμησεν
1272 2265 1362 2330 ἂν,
1386 2265 1436 2318 εί
1487 2265 1562 2335 μή
1612 2281 1696 2329 τις
1762 2266 1960 2329 ’Δττος

371 2354 611 2419 Ναούῖος
632 2355 734 2420 τάς
768 2355 946 2426 φυλὰς
967 2358 1136 2412 αὑτὸν
1172 2357 1506 2428 βουληθέντα
1537 2358 1960 2430 μετακοσμῆσαι

373 2447 712 2515 κεκώλυκεν,
732 2447 792 2512 ὃς
827 2449 1116 2520 οίωνιστὴς
1140 2445 1230 2521 ἦν,
1264 2446 1376 2514 οἶος
1408 2451 1506 2522 ούχ
1527 2450 1616 2504 ἐτε
1626 2468 1716 2522 ρος
1741 2451 1956 2520 γέγονε.

371 2539 582 2594 Τοῦτον
601 2540 915 2612 ἐνυϐρίσαι,
953 2541 1045 2596 διὰ
1062 2541 1161 2614 τὴν
1193 2537 1514 2597 ἐναντίωσιν
1539 2542 1838 2612 ὀργισθεὶς,
1863 2545 1961 2598 καὶ

371 2631 472 2701 τὴν
496 2631 696 2702 τέχνην
720 2632 1074 2703 ἐξουθενῆσαι
1103 2634 1494 2705 διεμελέτησεν
1549 2636 1577 2687 ὁ
1629 2634 1956 2704 Ταρκύνιος.

372 2720 575 2775 Λαϐὼν
594 2722 690 2776 οὖν
710 2724 771 2776 ἐν
791 2723 871 2794 τῷ
894 2723 1083 2795 κόλπῳ
1115 2725 1319 2794 ἀκόνην
1345 2742 1405 2780 τε
1436 2726 1532 2800 καὶ
1571 2724 1756 2798 ξυρὸν,
1790 2729 1846 2790 ἐς
1867 2728 1958 2782 τὸν

372 2813 554 2883 δῆμον
580 2813 884 2886 παρῆλθεν,
935 2815 1077 2887 ἔχων
1121 2819 1179 2872 ἐν
1233 2819 1311 2890 νῷ
1360 2819 1640 2890 τμηθῆναι
1690 2820 1769 2890 τῷ
1809 2819 1959 2890 ξυρῷ

371 2909 477 2979 τὴν
507 2910 733 2980 ἀκόνην,
767 2913 1005 2981 πρᾶγμα
1031 2910 1142 2965 τῶν
1179 2912 1480 2980 ἀδυνάτων,
1528 2912 1704 2968 εἰπών
1748 2932 1810 2968 τε
1858 2916 1960 2972 ὅσα

375 3000 655 3067 ἐϐούλετο,
687 3004 809 3056 ἐπεὶ
843 3005 1042 3069 ’Δττος
1099 3004 1396 3073 ἀντέλεγεν
1436 3005 1799 3075 ἐντονώτατα,
1853 3026 1959 3079 μη-

2059 511 2297 566 concilio
2327 508 2502 574 auxit,
2529 523 2591 565 cc
2630 524 2699 564 ex
2748 507 2906 578 plebe
2947 505 3153 562 amicis.
3186 505 3242 560 in
3282 506 3546 576 patricios
3588 516 3647 564 et

2061 607 2347 655 senatores
2389 600 2586 654 lectis:
2622 613 2734 667 quo
2761 605 2922 668 pacto
2943 604 3000 651 et
3043 603 3296 650 senatum
3327 601 3386 648 et
3427 590 3644 660 plebem

2062 690 2301 762 subegit.
2332 691 2594 747 Habitum
2623 689 2790 745 etiam
2823 685 3354 759 magniﬁcentiorem
3390 683 3644 754 sumpsit,

2062 786 2306 842 tunicam
2353 775 2422 841 et
2458 795 2666 842 vestem
2719 795 3052 854 purpuream
3105 793 3244 834 auro
3301 776 3646 841 distinctam,

2062 894 2324 936 coronam
2368 893 2588 932 auream
2642 876 2873 948 gemmis
2919 882 3194 939 ornatam,
3242 877 3544 940 sceptrum,
3591 877 3650 923 et

2063 973 2253 1030 sellam
2283 972 2632 1028 eburneam:
2687 969 2892 1038 quibus
2938 966 3104 1038 326
3149 971 3207 1019 et
3263 962 3440 1020 secuti
3466 977 3643 1032 rcges,

2061 1077 2116 1123 et
2149 1067 2507 1136 imperatores
2544 1077 2765 1134 quoque
2785 1063 3161 1117 Romanorum
3184 1063 3316 1114 sunt
3338 1056 3444 1112 usi.
3473 1055 3648 1112 Victis

2061 1161 2339 1224 hostibus,
2385 1157 2665 1230 quadrigis
2696 1155 2986 1227 magniﬁce
3032 1159 3118 1208 est
3161 1151 3440 1215 invectus,
3479 1157 3536 1202 et
3577 1147 3648 1202 li-

2061 1259 2241 1308 ctores
2266 1265 2364 1320 per
2393 1263 2610 1304 omnem
2641 1255 2855 1302 aetatem
2887 1261 2959 1300 xu
2984 1241 3197 1298 habuit;
3219 1239 3457 1298 Omnino
3478 1237 3644 1294 etiam

2062 1343 2166 1398 alia
2227 1343 2594 1396 iunovaturus
2645 1337 2786 1401 fuit,
2841 1335 2949 1391 nisi
3014 1334 3065 1390 ei
3121 1331 3301 1388 tribus
3363 1337 3648 1384 mutatura

2060 1434 2252 1492 Actius
2292 1432 2501 1488 Navius
2555 1445 2732 1500 augur
2781 1423 3276 1497 praestantissimus
3315 1417 3645 1476 obstitisset.

2059 1529 2123 1585 Ei
2161 1543 2286 1584 cum
2322 1525 2393 1581 ob
2426 1523 2842 1579 adversationes
2873 1520 3049 1575 iratus
3095 1516 3348 1582 illudere,
3380 1521 3438 1570 et
3469 1522 3648 1568 artem

2060 1620 2286 1677 eludere
2347 1617 2616 1680 studeret,
2669 1623 2850 1670 cotem
2901 1621 2958 1668 et
3019 1609 3346 1666 novaculam
3407 1605 3468 1661 in
3515 1603 3648 1660 sinu

2061 1721 2300 1784 gestans,
2328 1709 2395 1764 ad
2433 1708 2694 1780 populum
2731 1705 2958 1777 prodiit,
2994 1703 3048 1758 id
3085 1702 3272 1757 animo
3317 1698 3554 1770 agitans,
3587 1705 3649 1750 ut

2062 1820 2159 1861 cos
2188 1803 2454 1859 novacula
2482 1799 2912 1862 discinderetur,
2941 1795 3090 1868 quod
3134 1793 3252 1850 ﬁeri
3296 1801 3648 1862 nequaquam

2061 1906 2273 1968 posset.
2297 1896 2548 1967 Cumque
2583 1894 2814 1950 dixisset
2835 1907 2958 1962 quae
2995 1887 3268 1952 voluerat,
3303 1881 3460 1939 Actio
3495 1894 3650 1936 acer-

2062 1993 2203 2049 rime
2232 1990 2578 2051 adversante,
2605 2003 2670 2043 ac
2706 1986 2931 2041 minime
2962 1981 3196 2040 cedente
3229 1990 3245 2034 :
3273 1976 3410 2044 Nisi,
3442 1972 3645 2045 inquit,

2063 2083 2382 2140 adversandi
2424 2081 2597 2136 studio
2632 2077 2950 2147 refragaris,
3005 2083 3056 2128 et
3102 2087 3229 2127 vera
3262 2068 3414 2132 dicis,
3469 2077 3646 2118 coram

2063 2177 2208 2232 omni
2228 2173 2421 2247 populo
2455 2173 2584 2228 mihi
2609 2169 2939 2240 respondeto,
2973 2182 3100 2220 num
3129 2162 3184 2218 id
3214 2160 3352 2232 quod
3376 2159 3433 2213 in
3465 2154 3646 2247 animo

2063 2243 2248 2335 habeo,
2270 2267 2436 2340 possit
2463 2264 2604 2334 ﬁeri.
2633 2262 2771 2317 Cum
2817 2259 2910 2314 ille
2947 2257 3002 2312 in
3037 2253 3270 2324 augurio
3306 2263 3420 2305 rem
3457 2243 3646 2302 statim

2061 2338 2348 2434 expertus,
2411 2357 2658 2429 profecto
2706 2353 2949 2409 futuram
2997 2346 3275 2404 dixisset:
3335 2340 3497 2412 Atqui
3550 2338 3648 2392 hoc

2063 2457 2243 2513 animo
2263 2452 2483 2526 agitavi,
2504 2447 2703 2521 inquit,
2725 2455 2775 2501 te
2803 2441 3063 2500 novacula
3090 2448 3257 2495 cotem
3282 2436 3644 2508 discissarum.

2064 2551 2206 2606 Tum
2246 2521 2398 2602 illum
2450 2541 2598 2599 haud
2649 2547 2977 2596 cunctanter
3012 2531 3302 2591 discidisse
3346 2537 3528 2583 cotem
3562 2521 3644 2580 fe-

2065 2652 2218 2700 runt.
2248 2641 2306 2696 Id
2341 2638 2646 2696 admiratus
2673 2630 3031 2702 Tarquinius,
3063 2636 3180 2682 tum
3236 2623 3377 2678 alios
3407 2619 3646 2674 honores

2065 2737 2223 2794 Actio
2249 2733 2465 2796 habuit,
2496 2739 2611 2784 tum
2641 2741 2850 2784 aeneam
2889 2731 3125 2778 statuam
3161 2715 3341 2774 erexit
3377 2735 3392 2770 ι
3431 2721 3488 2767 et
3538 2708 3646 2764 rei-

2065 2829 2302 2903 publicae
2328 2824 2522 2881 ordine
2540 2835 2658 2876 non
2688 2827 2920 2876 mutato.
2955 2811 3203 2869 consiliis
3238 2808 3357 2879 ejus
3400 2818 3532 2860 usus
3561 2808 3647 2857 est

2066 2895 2134 2976 ad
2187 2918 2392 2974 omnia.
2446 2914 2769 2970 Latinorum
2839 2905 3205 2963 defectionem
3279 2895 3643 2966 compescuit.

2067 3011 2326 3071 Sabinos.
2371 3008 2467 3078 qui
2515 3002 2818 3078 Tyrrhenis
2849 2995 3197 3071 adiutoribus
3243 2993 3298 3047 in
3333 2991 3644 3044 Romanum

373 3090 466 3142 δὲν
489 3091 806 3162 ὑφιέμενοςο
833 3096 902 3148 Ei
927 3093 1016 3164 μὴ
1046 3095 1406 3163 φιλονείκως
1436 3096 1794 3167 ἀντιλέγεις,
1829 3098 1958 3170 ἐφη,

2064 3119 2256 3176 agrum
2289 3099 2709 3171 impressionem
2740 3096 3003 3157 fecerant,
3037 3084 3342 3159 superavit.
3373 3080 3551 3139 Unam
3613 3091 3646 3132 e

371 3183 728 3254 ἀλλ’ἀληθῆ
757 3184 976 3255 λέγεις,
994 3185 1093 3240 ἐπὶ
1115 3185 1362 3248 πάντων
1391 3187 1617 3242 τούτων
1640 3189 1963 3258 ἀπόκριναι

372 3291 498 3343 μοι,
541 3277 596 3328 εί
648 3276 680 3330 ὃ
709 3276 865 3330 κατὰ
898 3277 1054 3333 νοῦν
1079 3278 1198 3349 ἔχω
1225 3278 1503 3348 ποιῆσαι,
1531 3280 1872 3350 γενήσεται.
1901 3281 1963 3335 '0

373 3367 438 3420 δὲ
478 3368 675 3432 ’Δττος
714 3369 882 3423 αὑτοῦ
925 3387 1029 3424 που
1054 3371 1448 3443 οἰωνισάμενος
1486 3373 1822 3445 παραυτίκα,
1850 3373 1962 3428 Καὶ

373 3459 542 3514 ,πάνυ
574 3478 661 3529 τε,
689 3457 1234 3529 εἷπεν,ὦ.,ϐασι.ιεῦ,
1261 3463 1292 3519 ὃ
1317 3463 1745 3534 διανοῇ,ἐσται
1772 3467 1966 3520 ἐπιτε-

372 3554 504 3618 λές,
524 3553 761 3620 Οὐκοῦν,
784 3554 907 3624 ἔφη.
932 3557 1032 3624 τὴν
1048 3557 1256 3627 ἀκόνην
1272 3556 1478 3628 ταύτην
1498 3556 1702 3624 λαϐὼν,
1720 3557 1798 3628 τῷ
1815 3557 1963 3629 ξυρῷ

377 3644 556 3712 τούτῳ
585 3646 812 3717 διάτεμε
835 3662 850 3677 ο
884 3647 1043 3702 τοῦτο
1066 3649 1180 3720 γάρ
1199 3649 1454 3717 γενέσθαι
1490 3649 1862 3720 διανενόημαι.
1903 3649 1963 3705 '0

375 3737 436 3790 δὲ
482 3737 642 3792 ἔλαϐέ
661 3757 721 3792 τε
746 3739 916 3812 αὐτὴν
937 3741 1099 3805 εὐθὺς
1127 3744 1223 3796 καὶ
1253 3741 1494 3809 διέκοψε.
1520 3742 1822 3812 Θαυμάσας
1848 3743 1904 3796 δὲ
1934 3745 1964 3798 ό

379 3831 712 3901 Ταρκύνιος,
767 3831 934 3896 ἄλλας
978 3849 1039 3886 τε
1088 3835 1256 3904 τιμὰς
1300 3833 1498 3904 ἐκείνῳ
1545 3833 1811 3903 παρέσχε,
1867 3835 1962 3888 καὶ

380 3921 588 3990 χαλκῆς
609 3924 821 3986 εἰκόνος
844 3923 1067 3993 ἠξίωσε,
1108 3925 1204 3978 καὶ
1233 3923 1387 3977 οὐδὲν
1417 3923 1502 3977 ἐτι
1546 3925 1649 3993 τῆς
1682 3924 1963 3990 πολιτείας

379 4012 674 4081 ἡλλοίωσε,
707 4015 842 4085 πρὸς
871 4016 1050 4070 πάντα
1080 4033 1142 4070 τε
1175 4015 1256 4086 τῷ
1289 4017 1472 4088 ’Δττῳ
1504 4017 1798 4089 συμϐούλῳ
1837 4018 1962 4072 ἐκέ-

380 4122 578 4175 χρητο.
623 4107 1026 4176 Μαχεσάμενος
1067 4109 1125 4164 δὲ
1176 4108 1432 4171 Λατίνοις
1489 4110 1960 4181 άποστατήσασιν,

381 4198 579 4252 ἔπειτα
622 4201 716 4252 καὶ
763 4200 1012 4264 Σαϐίνοις
1059 4203 1119 4266 ἐς
1153 4203 1254 4270 τὴν
1325 4203 1606 4274 Ῥωμαῖδα
1659 4203 1962 4272 ἐμϐαλοῦσι

382 4296 872 4360 συμμαχουμένοις
901 4293 1005 4346 ύπδ
1027 4295 1625 4365 Τυρσηνῶν,άπάντων
1663 4295 1958 4366 ἐκράτησε.

379 4381 504 4434 Τῶν
545 4382 602 4435 δὲ
665 4382 768 4452 τῆς
807 4384 1025 4450 Ἑστίας
1074 4388 1288 4457 ἱερειῶν
1339 4387 1407 4451 ἃς
1446 4366 1807 4458 παρθενεύειν
1872 4387 1961 4440 διὰ

383 4473 502 4541 βίου
523 4475 866 4544 νενόμισται,
894 4480 1158 4550 φωράσας
1188 4480 1311 4533 τινὰ
1340 4481 1758 4551 συμφθαρείσαν
1784 4480 1960 4551 ἀνδρὶ,

380 4565 635 4635 ύπόγεὼν
678 4586 802 4622 τινα
850 4574 1272 4636 κατασκευάσας
1318 4572 1635 4645 ὑποδρομὴν
1674 4575 1964 4645 προμήκη,

380 4661 574 4731 κλίνην
599 4678 659 4714 τε
683 4661 796 4726 θεὶς
827 4666 885 4718 ἐν
941 4665 1110 4736 αὐτῇ,
1147 4667 1244 4720 καὶ
1272 4665 1486 4736 λύχνον,
1537 4669 1631 4720 καὶ
1678 4667 1965 4736 τράπεζαν

380 4752 571 4805 σιτίων
601 4755 914 4822 ὑπόπλεων,
947 4757 1068 4809 ἐκεῖ
1135 4756 1234 4828 τὴν
1285 4757 1591 4828 φθαρεῖσαν
1630 4772 1964 4829 προπεμπο-

384 4844 560 4914 μένην
594 4845 846 4916 ἐκόμισε⁹
875 4849 972 4903 καὶ
996 4847 1180 4912 ζῶσαν
1205 4849 1544 4917 εἰσαγαγὼν,
1591 4845 1964 4917 ἐγκατῳκοδό-

384 4951 552 5004 μησε,
579 4936 675 4990 καὶ
696 4937 840 4990 οὕτω
867 4938 969 5002 τὰς
998 4939 1100 5010 τὴν
1140 4937 1442 5008 παρθενίαν
1494 4938 1570 5010 μὴ
1645 4938 1968 5008 τηρησάσας

380 5026 493 5079 τῶν
523 5028 742 5099 ἱερειῶν
774 5030 836 5094 ἐξ
862 5030 1076 5084 ἐκείνου
1109 5030 1478 5102 τιμωρεῖσθαι
1502 5030 1880 5101 κεκράτηκεν.
1904 5027 1970 5081 οι

2066 3169 2401 3255 vestalibus.
2432 3191 2640 3262 quibus
2683 3196 2950 3259 perpetua
2983 3178 3255 3238 servanda
3295 3183 3381 3231 est
3411 3169 3646 3243 virgini-

2066 3297 2171 3353 tas,
2223 3302 2255 3342 a
2300 3284 2538 3357 quodam
2592 3289 2918 3350 stupratam,
2969 3275 3025 3330 iu
3073 3272 3434 3329 subterraneo
3478 3278 3649 3334 specu

2064 3379 2305 3449 oblongo
2334 3384 2618 3437 excavata,
2640 3372 2827 3443 ibique
2854 3367 3080 3433 lectulo,
3100 3365 3348 3427 lucerna,
3381 3368 3440 3418 et
3458 3372 3650 3415 mensa

2065 3472 2292 3530 cibariis
2318 3473 2500 3542 plena,
2539 3463 2844 3527 collocatis,
2874 3461 3064 3518 multis
3096 3466 3400 3528 stupratam
3449 3468 3517 3510 eo
3547 3451 3650 3507 de-

2065 3565 2418 3628 ducentibus,
2449 3561 2726 3616 viventem
2759 3554 3051 3612 obstruxit.
3081 3551 3150 3607 Et
3173 3551 3254 3606 sic
3287 3548 3356 3604 ab
3383 3546 3478 3602 illo
3509 3551 3650 3598 tem-

2065 3673 2198 3728 pore
2232 3656 2302 3712 de
2330 3653 2578 3710 iactastis
2611 3648 2924 3708 Vestalibus
2955 3660 3145 3716 pmnas
3171 3641 3336 3706 sumi,
3367 3646 3648 3708 receptum

2065 3722 2171 3802 est.
2193 3745 2300 3812 Qui
2326 3758 2458 3798 vero
2483 3742 2604 3797 illas
2629 3737 2909 3796 violarint.
2945 3733 3090 3788 collo
3131 3730 3299 3784 furca:
3329 3727 3386 3781 in
3415 3723 3532 3778 foro
3564 3722 3652 3775 in-

2066 3847 2235 3900 serto,
2285 3834 2419 3889 nudi
2470 3831 2656 3902 ﬂagris
2709 3828 3014 3886 caeduntur,
3059 3822 3238 3877 donec
3287 3813 3646 3886 exspirarint.

2067 3926 2338 3982 Cmterum
2363 3921 2526 3976 Marci
2553 3901 2736 3983 liberi,
2763 3929 2890 3970 cum
2934 3925 3166 3984 regnum
3212 3907 3296 3962 eis
3336 3920 3448 3960 non
3482 3901 3646 3958 resti-

2067 4024 2271 4079 tueret,
2315 4011 2413 4068 sed
2449 4009 2692 4064 Tullium
2741 4002 3035 4076 quemdam
3085 4014 3246 4056 serva
3303 3995 3410 4052 sibi
3456 4001 3648 4047 natum

2065 4111 2325 4168 omnibus
2345 4106 2666 4168 anteferret,
2697 4101 2860 4171 idque
2883 4094 3097 4169 patricii
3118 4106 3337 4166 quoque
3366 4086 3650 4159 :egerrime

2066 4211 2409 4276 paterentur,
2447 4196 2778 4269 quibusdam
2818 4193 3038 4247 illorum
3089 4187 3297 4249 ascitis,
3330 4180 3558 4238 insidias
3596 4177 3649 4234 ei

2065 4273 2260 4366 parant
2295 4311 2309 4348 :
2342 4287 2660 4348 subornatis
2707 4284 2944 4343 duobus.
2995 4279 3091 4350 qui
3145 4273 3442 4347 agrestium
3496 4281 3650 4322 more

2067 4357 2230 4440 asciis
2257 4391 2314 4437 ct
2357 4380 2590 4436 falcibus
2629 4374 2849 4438 armati,
2877 4388 3004 4428 eum
3053 4367 3506 4440 aggrederentur.
3543 4357 3651 4426 Qui

2064 4494 2190 4535 cum
2239 4473 2602 4544 Tarquinium
2637 4470 2694 4525 in
2740 4469 2862 4524 foro
2905 4481 3015 4520 non
3050 4459 3412 4520 invenissent,
3457 4453 3523 4510 ad
3561 4467 3649 4506 re-

2063 4571 2180 4642 gias
2221 4567 2366 4622 fores
2407 4570 2702 4628 venerunt,
2744 4561 2890 4616 inter
2934 4572 3054 4614 sese
3098 4555 3361 4617 rixantes,
3399 4555 3456 4604 et
3487 4561 3546 4602 se
3577 4543 3646 4600 ad

2065 4681 2250 4737 regem
2279 4661 2496 4718 admitti
2532 4659 2892 4730 postulantes.
2916 4654 3035 4722 Quo
3064 4651 3376 4719 impetrato,
3405 4659 3530 4700 cum
3561 4642 3647 4695 in-

2064 4736 2240 4814 vicem
2273 4755 2541 4817 dicerent,
2583 4767 2678 4806 rex
2729 4748 2782 4802 in
2834 4747 3069 4803 alterum
3117 4753 3338 4798 causam
3371 4736 3647 4800 dicentem

2066 4850 2348 4911 intentus,
2403 4845 2472 4900 ab
2538 4843 2712 4897 altero
2777 4837 3068 4894 occiditur.
3119 4830 3278 4902 327
3343 4825 3446 4881 llic
3506 4817 3646 4877 Tar-

2065 4937 2241 5009 quinii
2291 4935 2397 4990 fuit
2443 4933 2664 4998 exitus,
2707 4946 2833 4985 cum
2890 4941 3065 4982 annos
3117 4938 3214 4977 vm
3271 4929 3328 4976 et
3402 4931 3506 4971 xxx
3563 4927 3649 4966 re-

2067 5033 2309 5099 gnasset.

379 5120 438 5174 δὲ
459 5098 665 5188 ταύτας
697 5124 1069 5197 αἰσχύνοντες,
1104 5098 1185 5188 είς
1206 5098 1366 5191 ξύλον
1390 5125 1483 5178 τὸν
1515 5098 1720 5194 αὐχένα
1776 5124 1998 5194 δίκρουν
2036 5098 2404 5193 ἐμϐάλλονται
2467 5123 2525 5172 ἐν
2547 5122 2614 5190 τῇ
2646 5118 2845 5188 ἀγορᾷ,
2879 5114 2974 5168 καὶ
2999 5110 3140 5184 μετά
3163 5108 3322 5164 τοῦτο
3346 5100 3546 5175 γυμνοὶ
3567 5098 3648 5153 αίο

380 5215 665 5288 κιζόμενοι
719 5219 1114 5300 ἀποψύχουσιν.
1155 5219 1444 5273 Ἐπέθεντο
1483 5218 1668 5289 μέντοι
1714 5218 1794 5289 τῷ
1872 5215 2166 5288 Ταρκυνίῳ
2223 5216 2274 5270 οἱ
2331 5214 2426 5268 τοῦ
2457 5213 2713 5283 Μαρκίου
2763 5212 2972 5271 παῖδες,
3022 5206 3148 5260 ἐπεὶ
3203 5200 3278 5276 μὴ
3327 5202 3426 5272 τῆς
3471 5196 3648 5268 ἀρχῆς

381 5311 574 5376 αὐτοῖς
603 5290 946 5385 παρεχώρει,
978 5313 1116 5368 ἀλλά
1145 5329 1267 5367 τινα
1305 5312 1562 5367 Τούλλιον
1590 5312 1857 5382 τεχθέντα
1907 5312 1957 5364 οἱ
1993 5312 2052 5380 ἐξ
2109 5308 2510 5382 αίχμα).ωτίδος
2553 5308 2761 5378 προῆγε
2786 5306 3002 5359 πάντων
3035 5317 3048 5332 ο
3073 5300 3100 5353 ὃ
3125 5299 3203 5366 δὲ,
3251 5295 3486 5368 μάλιστα
3523 5290 3648 5352 τοὺς

382 5409 724 5480 εὐπατρίδας
775 5411 987 5478 ἐλύπει,
1047 5405 1124 5466 ὧν
1168 5429 1324 5476 τινας
1391 5411 1963 5483 προσεταιρισάμενοι,
2006 5407 2154 5477 αὐτῷ
2217 5407 2646 5468 ἐπεϐούλευσαν,
2703 5403 2816 5458 δύω
2889 5401 3042 5466 τινὰς
3114 5393 3418 5468 χωριτικῶς
3465 5391 3648 5447 ἐσταλ-

386 5499 591 5569 μένους
629 5500 844 5567 ἀξίναις
878 5500 975 5555 καὶ
1024 5501 1315 5574 δρεπάνοις
1347 5481 1771 5570 ὁπλισαμένους,
1821 5496 1970 5567 αὐτῷ
2010 5496 2300 5552 ἐπιθέσθαι
2366 5496 2907 5567 παρασκευάσαντες.
2977 5491 3040 5544 Οἳ
3067 5490 3191 5544 ἐπεὶ
3215 5486 3290 5558 μὴ
3321 5481 3646 5553 ἀγοράζυντι

378 5592 463 5662 τῷ
480 5571 1183 5665 Ί“αρκυνίῳὲνέτυχον,ὲπὶ
1219 5594 1318 5659 τάς
1343 5593 1516 5662 θύρας
1543 5591 1654 5643 τῶν
1682 5589 1971 5660 βασιλείων
2010 5582 2166 5662 ἦκον,
2224 5588 2478 5659 ἀλλήλοις
2519 5588 2682 5657 δῆθεν
2721 5584 3136 5654 διαμαχόμενοι,
3187 5577 3279 5632 καί
3326 5577 3377 5628 οἱ
3436 5576 3492 5636 ὲς
3522 5571 3648 5640 δ’ίιιν

380 5681 565 5739 ἐλθεῖν
589 5685 819 5754 ἐδέοντο,
893 5689 988 5742 καὶ
1053 5689 1307 5761 τυχόντες
1373 5685 1598 5748 τούτους
1644 5684 1727 5747 είς
1777 5682 1965 5754 λόγους
2015 5679 2265 5753 ἀλλήλοις
2325 5681 2810 5751 ἀντικατέστησαν,
2871 5679 2964 5730 καὶ
3030 5669 3527 5739 δικαιολογουμένη»
3572 5666 3646 5736 τῴ
