4042 6200
357 284 471 360 561

1681 303 2002 365 JOANNIS
2039 286 2359 367 ZONARIE

3515 306 3623 370 568

350 404 436 458 ἐνὶ
465 404 804 486 προσέχοντα
825 407 921 462 τὸν
954 408 1261 480 Ταρκύνιον
1329 412 1363 463 ὁ
1412 411 1604 483 ἕτερος
1669 417 2096 487 κατειργάσατο.
2178 418 2242 475 ’0
2315 420 2416 491 μὲν
2444 414 2539 475 οὖν
2578 418 2885 490 Ταρκύνιος
2936 416 3178 473 τοιοῦτον
3254 418 3386 490 ἔσχε
3441 417 3624 485 τέλος,

348 494 652 565 τριάκοντα
679 498 783 551 καὶ⁸
803 498 950 553 ὀκτὼ
978 499 1306 570 βασιλεύσας
1337 502 1625 568 ἐνιαυτούς
1650 505 1788 576 (83).

421 590 516 647 lx.
550 591 801 663 Regnum
852 602 1037 649 antem
1089 596 1466 652 Romanorum
1517 599 1737 655 Tullius
1762 616 1929 671 opera

2106 600 2184 656 ϐ’.
2251 600 2364 670 Τὴν
2411 600 2469 654 δὲ
2511 600 2611 668 τῆς
2671 598 2891 670 Ῥώμης
2950 598 3231 667 βασιλείαν
3283 601 3313 652 ὁ
3362 598 3627 662 Τούλλιος

349 685 703 757 Tanaquilis,
739 686 1032 757 Tarquinii
1077 690 1303 757 uxoris,
1343 702 1429 747 est
1474 692 1731 764 adeptus.
1772 693 1931 751 Hunc

349 778 558 835 Ocrisia
600 778 850 847 quaedam
872 821 888 845 ,
935 779 1112 835 Servii
1149 781 1316 836 Tullii
1348 782 1529 839 Latini
1562 786 1788 856 eonjux.
1815 786 1933 841 bel-

349 870 406 925 lo
435 879 615 940 capta,
643 879 701 925 et
737 870 1040 942 Tarquinio
1073 873 1273 929 tradita
1297 918 1311 940 ,
1349 876 1465 931 sive
1512 878 1678 932 domo
1713 886 1946 933 uterum-

350 964 566 1027 ferens,
626 963 744 1019 sive
802 973 930 1035 post
989 966 1370 1036 captivitatem
1437 970 1722 1038 gravidam
1790 970 1935 1025 facta

353 1054 373 1126 (
403 1065 706 1127 utrumque
733 1057 882 1112 enim
919 1057 1100 1114 fertur
1128 1066 1145 1130 )
1173 1061 1407 1131 peperit.
1450 1062 1511 1116 Ei
1544 1077 1719 1132 puero
1761 1063 1935 1118 inter-

350 1146 447 1203 diu
490 1148 546 1203 in
592 1148 731 1204 sella
764 1148 1063 1207 dormienti
1108 1168 1360 1223 magnam
1387 1169 1419 1208 e
1448 1155 1627 1223 capite
1654 1155 1933 1210 ﬂammam

348 1240 645 1297 emicuisse
684 1242 948 1299 tradunt:
982 1258 1090 1314 qua
1122 1243 1237 1299 visa
1275 1258 1305 1297 a
1339 1245 1672 1314 Tarquinio,
1704 1245 1937 1317 diligen-

349 1332 437 1387 ter
466 1333 539 1389 sit
566 1334 865 1401 educatus,
890 1346 946 1391 et
976 1352 1074 1407 per
1103 1345 1318 1392 aetatem
1364 1337 1417 1391 in
1452 1338 1713 1407 patricios
1743 1347 1799 1394 et
1831 1338 1934 1394 Se-

348 1436 541 1481 natum
596 1428 795 1483 lectus.
866 1428 1153 1498 Tarquinii
1207 1431 1632 1499 percussoribus
1683 1446 1936 1502 compre-

349 1519 564 1586 hensis,
602 1535 742 1575 uxor
772 1523 895 1588 ejus
954 1529 1010 1576 et
1041 1522 1302 1584 Servius,
1339 1524 1640 1593 compertis
1671 1524 1888 1580 insidiis
1918 1564 1936 1587 ,

348 1614 584 1668 mortem
630 1611 775 1683 regis
801 1613 1080 1684 principio
1115 1615 1299 1670 celant
1330 1635 1345 1669 :
1381 1616 1775 1687 sublatumque
1809 1626 1935 1670 tan-

347 1716 514 1776 Quam
550 1704 733 1761 adhuc.
765 1706 1042 1761 viventem
1064 1747 1078 1771 ,
1114 1723 1173 1762 se
1204 1723 1398 1763 curare
1428 1709 1734 1764 simulant:
1767 1717 1825 1763 et
1853 1708 1938 1763 in-

349 1797 512 1853 terim
576 1799 979 1870 paciscuutur,
1034 1809 1094 1855 ut
1140 1800 1359 1856 Tullius
1404 1817 1575 1871 regno
1622 1802 1789 1863 ﬁliis,
1839 1800 1935 1856 ubi

349 1889 722 1955 adoleverint,
751 1891 932 1946 cedat.
971 1889 1110 1946 Cum
1135 1899 1319 1946 autem
1350 1888 1563 1946 clarndr
1584 1891 1938 1961 impetusque

350 1981 723 2038 multitudinis
753 1984 847 2038 vix
885 1984 1149 2040 sustineri
1181 1993 1407 2055 posset,
1439 1984 1713 2054 Tanaquil
1741 1998 1808 2038 ex
1843 1998 1937 2038 su-

350 2075 574 2145 periore
618 2083 775 2144 parte
821 2076 1058 2142 mdium,
1109 2076 1373 2147 Populum
1421 2077 1556 2131 bono
1604 2077 1785 2131 animo
1822 2091 1937 2130 esse

351 2170 498 2236 iubet
516 2186 534 2222 .·
568 2171 821 2223 maritum
854 2170 994 2222 enim
1022 2182 1179 2223 suum
1211 2169 1404 2231 vivere,
1432 2168 1734 2239 propediem
1761 2170 1936 2240 ipsum

353 2277 441 2315 eos
475 2262 699 2314 visuros.
731 2260 794 2316 Ut
823 2271 1001 2314 atatem
1029 2277 1122 2331 per
1141 2262 1307 2314 otium
1342 2261 1526 2315 curari
1554 2262 1742 2332 possit,
1769 2275 1938 2330 neque

355 2362 535 2410 tamen
568 2370 746 2409 rerum
768 2355 1183 2413 administratio.
1205 2371 1264 2409 eo
1295 2363 1606 2425 wgrotante,
1644 2354 1926 2425 langueat,

353 2448 571 2501 interim
625 2446 797 2502 Tullio
852 2449 1033 2502 munia
1092 2449 1225 2519 regis
1275 2447 1576 2501 mandasse.
1624 2444 1759 2521 Quae
1808 2461 1936 2501 cum

353 2538 609 2604 dixisset,
633 2540 877 2596 Tullium
900 2539 972 2593 ob
993 2539 1220 2594 virtutis
1244 2539 1566 2609 Opinionem
1593 2538 1740 2593 baud
1775 2537 1936 2593 inviti

354 2628 723 2685 admiserunt.
761 2629 811 2686 Is
841 2640 1097 2699 suscepta
1142 2630 1464 2700 reipublicae
1504 2631 1934 2700 procuratione,

352 2719 618 2790 pleraque
636 2735 694 2783 se
708 2719 776 2775 de
786 2711 1074 2790 Tarquinii
1097 2719 1283 2775 facere
1305 2721 1578 2776 sententia
1600 2720 1893 2775 simulabat
1918 2739 1932 2776 :

357 2824 598 2880 cumque
626 2810 730 2865 sibi
761 2811 1027 2881 populum
1061 2810 1116 2865 in
1149 2809 1408 2866 omnibus
1439 2811 1591 2867 dicto
1616 2812 1935 2867 audientem

353 2915 476 2956 esse
510 2912 787 2963 cerneret.
825 2916 1185 2973 percussores
1230 2903 1556 2973 Tarquinii,
1596 2919 1760 2973 quem
1796 2903 1937 2958 forte

355 2992 539 3047 adhuc
567 2993 749 3049 vivere
776 2993 934 3057 dixit,
965 3005 1193 3064 propter
1218 2994 1448 3050 insidias
1480 2994 1649 3050 factas
1672 2995 1741 3050 ad
1768 2993 1938 3050 Sena.

354 3096 472 3140 tum
517 3087 816 3150 adductos,
870 3098 927 3141 et
960 3089 1158 3159 capitis
1205 3089 1492 3144 damnatos
1542 3088 1766 3145 occidit.
1797 3088 1935 3145 Cum

353 3192 489 3232 vero
522 3177 711 3232 Marcii
747 3177 846 3232 filii
870 3188 1018 3233 metu
1042 3179 1109 3234 ad
1143 3179 1374 3235 Volscos
1393 3179 1791 3251 confugissent,
1819 3188 1935 3234 tum

2035 694 2334 761 διεδέξατο,
2374 694 2639 763 συνεργίᾳ
2691 691 2792 762 τῆς
2822 691 2918 744 τοῦ
2967 692 3281 763 Ταρκυνίου
3332 693 3622 759 γυναικὸς,

2037 785 2457 847 Τανακυίλιδος.
2500 784 2704 838 Τοῦτον
2732 784 2790 837 δὲ
2827 785 2964 855 γυνή
3009 801 3095 847 τις
3134 783 3388 853 Ὀκρισία
3418 785 3623 839 καλου-

2039 880 2198 950 μένη,
2228 879 2484 949 Σερουΐου
2512 877 2766 930 Τουλλίου
2825 877 2941 948 (84)
2964 876 3161 947 ἀνδρὸς
3199 880 3429 932 Λατῖνου
3457 881 3630 946 εὐνή-

2036 989 2193 1041 τειρα
2222 975 2281 1025 ἐν
2322 969 2400 1041 τῷ
2428 971 2651 1041 πολέμῳ
2685 969 2911 1031 ἁλοῦσα,
2958 970 3052 1022 καὶ
3098 978 3176 1038 τῷ
3205 969 3500 1038 Ταρκυνίῳ
3530 970 3627 1034 ἐξ·

2037 1063 2339 1132 αιρεθεῖσα,
2391 1062 2652 1128 τέτοκεν,
2718 1062 2750 1128 ἦ
2807 1061 3073 1132 ἐγκύμων
3112 1061 3333 1114 οἴκοθεν
3376 1059 3535 1123 οὖσα,
3588 1062 3628 1131 ἢ

2040 1154 2379 1209 συλλαϐοῦσα
2437 1140 2603 1224 peri
2633 1153 2734 1223 τὴν
2786 1153 2990 1206 ἅλωσιν
3014 1152 3037 1183 ·’
3072 1153 3295 1221 λέγεται
3356 1151 3468 1223 γὰρ
3496 1172 3499 1175 λ
3526 1154 3630 1205 καὶ

2038 1248 2352 1318 ἀμφότερα.
2398 1239 2572 1309 Οὗτος
2606 1248 2664 1308 ἐς
2711 1246 2906 1309 παῖδας
2940 1246 3043 1318 ἤδη
3077 1246 3251 1299 τελῶν
3281 1247 3376 1298 ἐπὶ
3427 1244 3628 1315 δίφρου

2043 1339 2165 1410 μεθ’
2211 1339 2430 1409 ἡμέραν
2464 1337 2787 1405 κατέδαρθε,
2829 1338 2924 1391 καὶ
2970 1336 3083 1407 πῦρ
3131 1336 3244 1390 ἀπὸ
3296 1336 3398 1404 τῆς
3452 1336 3631 1389 αὑτοῦ

2041 1432 2286 1503 κεφαλῆς
2339 1431 2477 1484 πολὺ
2538 1431 2717 1485 ἐδόκει
2772 1429 3115 1494 ἐξάλλεσθαι.
3172 1429 3353 1499 Ὅπερ
3411 1428 3537 1481 ἰδὼν
3597 1430 3633 1482 ὁ

2038 1523 2365 1595 Ταρκύνιος,
2414 1522 2503 1576 διὰ
2544 1523 2784 1592 σπουδῆς
2839 1518 2943 1593 ἦγε
2996 1522 3091 1576 τὸν
3154 1521 3339 1584 παῖδα,
3391 1522 3486 1575 καὶ
3543 1522 3631 1583 είς

2039 1615 2259 1685 ἡλικίαν
2292 1615 2594 1683 ἀφιγμένον
2630 1617 2744 1674 τοῖς
2803 1614 3161 1684 εὐπατρίδαις
3201 1615 3295 1669 καὶ
3331 1616 3399 1685 τῇ
3431 1631 3634 1684 γερου-

2042 1709 2134 1779 σίᾳ
2157 1707 2442 1774 συνέταξε.
2475 1707 2899 1776 Συλληφθέντων
2922 1706 3017 1760 οὖν
3054 1708 3164 1759 τῶν
3190 1707 3284 1760 τοῦ
3315 1706 3630 1776 Ταρκυνίου

2041 1800 2268 1868 φονέων,
2301 1799 2550 1870 μαθοῦσα
2580 1802 2613 1869 ἠ
2645 1799 2855 1853 ἐκείνου
2882 1798 3021 1869 γυνὴ
3058 1801 3153 1853 καὶ
3179 1799 3208 1851 ὁ
3243 1799 3502 1861 Τούλλιος
3526 1797 3633 1868 τὴν

2042 1892 2402 1961 παρασκευὴν
2448 1891 2546 1960 τῆς
2600 1890 2893 1961 ἐπιϐουλῆς
2929 1931 2945 1954 ,
3005 1892 3067 1944 οὗ
3123 1893 3358 1963 φανερὸν
3427 1893 3635 1946 αοτίκα

2039 1983 2134 2038 τδν
2161 1984 2258 2039 τοῦ
2290 1983 2600 2055 Ταρκυνίου
2629 1985 2863 2039 θάνατον
2908 1983 3115 2047 ἔθεντο,
3149 1984 3269 2038 ἀλλ’
3309 1985 3634 2054 ἀνελόμενοι

2038 2076 2202 2131 αὐτὸν
2222 2076 2301 2140 ὡς
2321 2076 2402 2129 ἐτι
2424 2076 2732 2147 ἐμπνέοντα
2753 2075 3090 2147 ἐθεράπευον
3112 2075 3300 2146 δῆθεν,
3325 2076 3428 2130 κάν
3444 2077 3635 2147 τούτῳ

2039 2168 2255 2231 πίστεις
2302 2167 2555 2238 ἀλλήλοις
2608 2167 2819 2232 ἔδοσαν,
2875 2166 3019 2222 ὥστε
3075 2168 3167 2222 τὸν
3232 2168 3489 2222 Τούλλιον
3529 2169 3635 2230 τὴν

2038 2257 2213 2330 ἀρχὴν
2242 2259 2526 2330 είληφότα,
2561 2262 2670 2323 τοῖς
2714 2261 2903 2313 παισὶν
2930 2261 3099 2330 αὐτῆς
3144 2260 3504 2330 ἀνδρωθεῖσιν
3538 2263 3637 2312 ἑκ-

2040 2354 2236 2420 στῆναι
2265 2353 2489 2422 ταύτης.
2521 2354 2677 2407 Ἐπεὶ
2706 2353 2764 2407 δὲ
2794 2353 2855 2406 τὸ
2896 2353 3105 2423 πλῆθος
3147 2352 3476 2425 συνδραμὼν
3505 2353 3635 2405 ἐθο-

2040 2444 2220 2517 ρύϐει,
2269 2445 2605 2516 προκύψασα
2631 2447 2695 2500 ἐκ
2727 2446 2839 2501 τῶν
2867 2445 3136 2517 ὑπερῴων
3174 2448 3207 2516 ἡ
3261 2445 3626 2508 Τανακυίλις.

2038 2537 2134 2605 Μὴ
2173 2537 2480 2606 φοϐεῖσθε,
2516 2537 2646 2608 ἔφη,
2687 2541 2722 2593 ό
2760 2537 2875 2607 γὰρ
2917 2538 3073 2607 ἀνήρ
3105 2556 3225 2608 μου
3268 2538 3367 2592 καί
3402 2536 3492 2605 ζῇ,
3527 2537 3636 2591 καί

2037 2631 2183 2702 ὑμῖν
2217 2631 2344 2701 μετ’
2396 2633 2609 2702 ὀλίγον
2660 2632 3011 2702 ὀφθήσεται.
3062 2633 3197 2687 Ἵνα
3242 2632 3312 2685 δὲ
3350 2634 3536 2698 αὑτός
3564 2647 3633 2686 ts

2039 2724 2361 2792 σχολάζων
2394 2722 2689 2794 ὑγιασθῇ,
2725 2726 2825 2779 καὶ
2871 2723 2958 2794 μή
3000 2742 3056 2779 τι
3107 2725 3233 2791 τοῖς
3279 2727 3633 2794 πράγμασιν

2038 2813 2108 2868 ἐκ
2139 2813 2250 2881 τῆς
2275 2815 2464 2870 αὐτοῦ
2494 2816 2815 2881 ἀσθενείας
2860 2816 2957 2884 ειη
3000 2816 3309 2886 ἐμπόδιον,
3354 2817 3635 2882 Τουλλίφ

2038 2909 2193 2964 κατά
2238 2927 2306 2978 τε
2351 2911 2420 2964 τὸ
2465 2914 2664 2980 παρὸν
2722 2911 2842 2979 τὴν
2896 2910 3019 2965 τῶν
3058 2912 3281 2965 κοινῶν
3324 2911 3636 2979 ἐπιτρέπει

2038 3000 2364 3069 διοίκησιν.
2402 2997 2573 3055 Εἶπεν
2600 3003 2788 3074 ἐκείνη
2813 3002 3008 3057 ταῦτα.
3040 3004 3105 3056 Οἱ
3135 3003 3195 3056 δὲ
3230 3002 3323 3055 τὸν
3372 3003 3637 3055 Ἰὀύλλιον

2037 3092 2142 3146 οὐκ
2190 3093 2465 3157 ἀκουσίως
2512 3094 2785 3158 ἐδέξαντο,
2843 3093 3049 3161 ἀγαθὸς
3091 3093 3199 3163 γὰρ
3237 3094 3378 3159 ἀνὴρ
3426 3092 3633 3145 ἐδόκει.

2036 3184 2435 3257 Ἔγχειρισθεὶς
2483 3182 2576 3239 οὖν
2595 3188 2804 3249 ἐκεῖνος
2821 3187 2920 3257 τὴν
2937 3186 3046 3238 τῶν
3068 3186 3266 3239 κοινῶν
3289 3186 3633 3253 οἰκονομίαν,

354 3268 578 3324 demum
614 3269 903 3340 Tarquinii
955 3283 1188 3328 mortem
1221 3273 1403 3344 palam
1440 3273 1605 3341 fecit,
1639 3284 1939 3345 aperteque

2044 3279 2115 3333 τὰ
2141 3277 2313 3333 πλείω
2341 3279 2465 3332 κατ’
2495 3277 2717 3340 ἐντολὰς
2748 3277 2912 3348 δῆθεν
2951 3275 3142 3348 διῴκει
3168 3277 3265 3330 τοῦ
3294 3277 3633 3347 Ταρκυνίου.

354 3377 589 3432 regnum
621 3363 833 3418 tenuit:
867 3379 931 3419 ac
955 3365 1193 3436 primum
1219 3381 1332 3437 pra
1365 3381 1427 3422 se
1458 3367 1604 3431 tulit,
1641 3384 1701 3423 se
1734 3372 1940 3424 tutorio

355 3458 583 3512 nomine
619 3456 855 3512 filiorum
908 3457 1231 3528 Tarquinii,
1298 3458 1667 3530 principatum
1700 3460 1941 3515 admitti-

357 3549 922 3606 stratururu.Deinde
965 3550 1036 3605 ad
1068 3551 1250 3622 plebis
1293 3552 1509 3608 animos
1557 3553 1942 3610 conciliandos

358 3658 694 3709 conversus,
740 3645 889 3715 quod
924 3660 989 3700 ea
1020 3644 1238 3701 facilius
1285 3660 1451 3716 quam
1500 3655 1686 3716 patres
1716 3662 1943 3702 cessura

360 3744 528 3797 esset.
548 3737 837 3806 pecuniam
856 3736 1163 3802 distribuit,
1185 3752 1344 3809 agros
1368 3738 1601 3808 singulis
1620 3738 1939 3808 assignavit,

359 3833 417 3881 et
465 3840 655 3882 servos
696 3826 1169 3883 manumittendos
1211 3836 1267 3882 et
1305 3827 1361 3882 in
1389 3827 1570 3882 tribus
1618 3827 1943 3883 referendos

359 3918 598 3974 curavit.
621 3918 754 3987 Qua:
779 3933 905 3974 cum
931 3927 1185 3989 potentes
1205 3934 1352 3991 πετο
1378 3919 1608 3985 ferrent,
1633 3918 1944 3984 constituit,

359 4025 424 4067 ut
458 4012 644 4068 liberti
675 4017 924 4082 patronis
949 4013 1201 4086 quaedam
1227 4012 1406 4069 otllcia
1440 4013 1680 4068 vicissim
1714 4021 1945 4084 praesta-

360 4116 506 4163 rent.
538 4108 788 4166 Patriciis
814 4117 998 4164 autem
1033 4108 1085 4163 ei
1126 4107 1617 4171 succensentibus,
1657 4116 1715 4162 et
1746 4115 1945 4177 praeter

362 4200 469 4255 alia
506 4199 642 4254 illud
673 4216 897 4271 quoque
930 4199 1275 4266 dicentibus,
1311 4214 1436 4253 eum
1464 4199 1685 4254 nemine
1715 4206 1944 4253 auctore

360 4294 529 4364 potiri
577 4309 802 4350 rerum:
861 4310 958 4364 pro
1008 4294 1277 4349 concione
1321 4293 1488 4364 328
1524 4292 1692 4347 multa
1740 4291 1946 4362 populo

361 4394 520 4453 grato
549 4384 770 4439 locutus
814 4385 1036 4449 ellecit,
1087 4397 1150 4440 ut
1185 4385 1371 4439 statim
1414 4385 1691 4454 integrum
1723 4383 1828 4438 sibi
1861 4398 1947 4438 re—

361 4492 527 4546 gnum
552 4477 620 4532 ab
646 4493 714 4532 eo
737 4477 1153 4534 decerneretur.
1180 4478 1286 4534 Pro
1310 4493 1421 4548 quo
1442 4476 1744 4547 utgratiam
1769 4476 1946 4530 refer-

362 4573 486 4629 ret,
525 4582 648 4621 cum
680 4568 784 4622 alia
816 4569 964 4638 plebi
999 4569 1248 4631 donavit,
1279 4578 1393 4622 tum
1426 4567 1724 4622 nonnullos
1751 4581 1943 4620 eorum

2053 3370 2146 3434 Ὠς
2182 3368 2227 3421 δ’
2274 3371 2335 3423 ἐν
2381 3370 2551 3422 πᾶσιν
2597 3368 2744 3440 ἐώρα
2794 3368 3233 3440 πειθαρχοῦντας
3278 3367 3451 3438 αὐτῷ.
3496 3369 3636 3431 τοὺς

2042 3462 2369 3534 αὐτόχειρας
2400 3460 2497 3515 τοῦ
2522 3461 2828 3533 Ταρκυνίου
2859 3461 2996 3532 πρὸς
3020 3460 3120 3531 τὴν
3155 3461 3449 3532 γερουσίαν
3484 3478 3638 3532 παρ-

2044 3555 2245 3624 ἡγαγε,
2292 3553 2383 3608 διὰ
2408 3554 2506 3624 τὴν
2539 3554 2831 3625 ἐπιδουλὴν
2853 3553 3024 3623 τάχαο
3050 3553 3132 3606 ἔτι
3152 3554 3263 3626 γὰρ
3291 3552 3390 3624 ζῇν
3422 3556 3637 3608 ἐκεῖνον

2045 3648 2454 3717 προσεποιεῖτο,
2503 3646 2601 3700 καὶ
2635 3646 2688 3699 οί
2738 3646 2839 3717 μὲν
2880 3646 3395 3716 καταψηφισθέντες
3425 3645 3639 3700 ἀπιθαν-

2044 3755 2155 3793 νον.
2196 3740 2259 3792 Ol
2288 3738 2347 3791 δέ
2377 3737 2473 3791 τοῦ
2508 3739 2762 3810 Μαρκίου
2793 3738 2907 3793 nlo).
2938 3738 3292 3810 φοσηθέντες,
3326 3740 3407 3802 είς
3434 3737 3641 3793 Οὐολό-

2047 3842 2212 3891 σκους
2233 3831 2347 3901 (85)
2388 3830 2717 3900 κατέφυγον,
2743 3830 2997 3895 κάκεῖνος
3025 3831 3146 3885 τότε
3174 3830 3271 3883 τόν
3302 3847 3361 3883 τε
3393 3830 3637 3884 θάνατον

2046 3920 2142 3975 τοῦ
2167 3921 2475 3992 Ταρκυνίου
2505 3921 2756 3991 ἐξέφηνε,
2800 3921 2896 3976 καὶ
2939 3922 3190 3995 φανερῶς
3217 3922 3321 3992 τῆς
3348 3921 3637 3991 βασιλείας

2048 4008 2352 4081 ἐπείληπτο
2383 4027 2397 4042 ·
2446 4011 2543 4064 καὶ
2588 4012 2811 4082 πρῶτον
2867 4010 2969 4081 μὲν
3002 4013 3131 4075 τοὺς
3181 4011 3276 4065 τοῦ
3318 4010 3634 4081 Ταρκυνίου

2047 4102 2248 4164 παῖδας
2278 4102 2676 4173 προύϐάλλετο,
2705 4103 2784 4163 ὡς
2830 4104 2995 4169 αὐτὸς
3037 4104 3140 4175 τὴν
3174 4102 3477 4173 ἡγεμονίαν
3505 4103 3638 4156 ἐπι-

2045 4191 2329 4263 τροπεύων
2347 4209 2362 4224 ·
2386 4187 2506 4245 εἶτα
2526 4193 2662 4263 πρὸς
2700 4192 3003 4263 θεραπείαν
3027 4193 3122 4246 τοῦ
3141 4192 3318 4262 δήμου
3336 4192 3635 4263 ἐτράπετο,

2046 4287 2123 4348 ὼς
2145 4284 2321 4355 ῥᾷστα
2356 4283 2559 4354 μᾶλλον
2585 4286 2678 4337 τὸν
2708 4285 2898 4356 ὅμιλον
2923 4285 2955 4356 ἢ
2986 4286 3115 4348 τοὺς
3144 4285 3476 4354 εὐπατρίδας
3495 4283 3641 4338 ὑπο-

2050 4376 2436 4445 ποιησόμενος,
2473 4377 2738 4448 χρήματά
2767 4395 2827 4432 τε
2885 4379 3073 4442 αὐτοῖς
3124 4377 3320 4439 ἐδίδου,
3380 4379 3476 4430 καὶ
3526 4376 3641 4445 γῆν

2047 4467 2265 4538 ἑκάστῳ
2304 4467 2656 4538 προσένειμε,
2682 4470 2777 4523 καὶ
2806 4470 2934 4532 τοὺς
2968 4469 3187 4532 δούλους
3218 4467 3643 4538 ἐλευθεροῦσθαι

2048 4560 2145 4612 καὶ
2198 4559 2594 4627 φυλετεύεσθαι
2653 4561 2767 4631 (86)
2813 4560 3252 4632 παρεσκεύασεν.
3288 4560 3641 4631 ’Λχθομένων

364 4657 422 4711 in
459 4666 710 4712 senatum
738 4658 903 4729 legit:
932 4659 1028 4729 qui
1059 4673 1188 4713 cum
1217 4659 1346 4714 olim
1375 4657 1629 4728 plurimis
1655 4655 1825 4711 rebus
1848 4655 1939 4711 de-

2050 4648 2096 4702 δ⁹
2128 4650 2221 4703 ἐπὶ
2247 4650 2461 4715 τούτοις
2488 4651 2598 4707 τῶν
2630 4654 2895 4719 δυνατῶν,
2923 4652 3081 4718 suae
3114 4669 3233 4705 τινα
3260 4653 3385 4714 τοὺς
3418 4650 3644 4704 ἐλευθει

366 4750 569 4805 teriore
617 4750 931 4806 conditione
981 4761 1203 4817 essent,
1269 4765 1435 4820 quam
1480 4749 1736 4819 patricii,
1812 4762 1944 4817 pro-

364 4858 555 4915 gressu
597 4844 862 4913 temporis
892 4843 1251 4915 (interregno
1281 4852 1339 4897 et
1368 4840 1693 4897 sacerdotiis
1716 4841 1948 4911 quibus‘

364 4935 492 4990 dam
527 4936 811 5005 exceptis)
838 4951 937 5006 par
960 4950 1087 4990 cum
1114 4933 1327 5005 illisjus
1347 4934 1733 4998 obtinuerunt,
1760 4946 1943 5002 neque

363 5036 566 5097 praeter
594 5029 809 5083 calceos
831 5027 1133 5098 quidquam
1174 5026 1243 5081 ab
1282 5026 1393 5081 illis
1416 5024 1699 5080 diversum
1729 5023 1943 5077 habue—

364 5128 517 5175 runt.
552 5115 688 5171 Nam
729 5115 946 5187 patricii
993 5115 1206 5171 calceos
1246 5115 1490 5170 urbanos
1534 5121 1857 5185 gestarum.
1889 5122 1947 5168 et

363 5208 731 5278 corrigiarum
755 5206 1088 5276 implexione
1112 5215 1169 5263 et
1197 5207 1373 5263 forma
1400 5206 1601 5262 litterae
1622 5205 1945 5271 adornatos,

2048 4741 2325 4813 ρωθέντας
2343 4746 2459 4807 τοῖς
2484 4743 2889 4814 ἐλευθερώσασι
2914 4746 3053 4812 σφᾶς
3080 4742 3507 4809 ἀνθυπουργεῖν.
3549 4741 3641 4804 Ὧς

2042 4832 2102 4886 δέ
2130 4834 2385 4903 χαλεπῶς
2419 4829 2568 4905 εἶχον
2593 4837 2643 4889 οἱ
2668 4836 2996 4905 εὐπατρίδαι
3022 4834 3197 4905 αὐτῷ,
3227 4834 3323 4887 καὶ
3354 4832 3643 4901 διεθρόουν

2046 4928 2184 4983 ἄλλα
2214 4945 2294 4990 τε,
2319 4929 2418 4983 καὶ
2450 4930 2534 4982 ὅτι
2565 4929 2793 4999 μηδενὸς
2826 4928 2992 4982 αὑτὸν
3038 4922 3293 4995 ἑλομένου
3336 4928 3437 4994 τὴν
3460 4928 3643 4996 ἀρχὴν

2045 5020 2182 5092 εχει,
2206 5021 2536 5090 συναγαγὼν
2569 5019 2661 5074 τδν
2689 5021 2864 5091 δῆμον
2890 5019 3276 5090 ἐδημηγόρησε
3297 5035 3311 5047 ·
3340 5018 3437 5071 καὶ
3466 5018 3641 5069 πολλὰ

2053 5114 2319 5183 ἐπαγωγὰ
2342 5113 2647 5184 διαλεχθεὶς
2678 5112 2850 5182 αὐτῷ,
2880 5110 3026 5165 οὕτω
3050 5111 3286 5177 διέθετο,
3317 5110 3393 5173 ὡς
3433 5110 3641 5164 αὐτίκα

2056 5207 2238 5260 πᾶσαν
2277 5205 2430 5277 αὐτῷ
2461 5205 2560 5278 τὴν
2610 5204 2890 5276 βασιλείαν
2943 5202 3410 5274 ἐπιψηφίσασθαι.
3476 5202 3534 5254 '0
3581 5201 3640 5254 δὲ

1562 5344 1761 5408 Varia:
1790 5344 2098 5409 lectiones
2136 5351 2197 5407 et
2226 5350 2419 5408 notae.

435 5496 551 5578 (85)
594 5493 1378 5578 'Ezrrfwtotic.Addunt-Reg.
1400 5492 1692 5578 etpolbh:
1730 5493 1807 5578 ρύ
1843 5494 1944 5563 μὲν

360 5562 466 5639 τῆς
510 5562 792 5638 βασιλείας
825 5566 872 5619 oi
909 5565 1005 5618 τοῦ
1056 5562 1560 5637 Μαρκίου’παῐδες
1619 5562 1940 5635 ἐδράξαντο,

365 5637 483 5671 ιη·
505 5636 816 5671 ...πω-λη...
847 5635 1059 5671 ".1"...
1096 5636 1220 5671 εγω.
1243 5639 1308 5671 ,ει
1351 5636 1614 5671 mamma.
1667 5645 1755 5671 ηερ

363 5636 483 5694 ἀλλ’
504 5636 816 5697 Haemo;
847 5636 1059 5706 ταύτην
1095 5636 1221 5705 ἔσχε
1243 5639 1310 5707 τῇ
1351 5636 1637 5709 συνεργίᾳ,
1667 5645 1775 5689 etc.

377 5777 380 5778 ν
434 5707 548 5771 (84)
593 5707 914 5775 Ἐπουρίου
967 5709 1283 5763 Τουλλίου.
1336 5705 1429 5762 Sic
1465 5723 1594 5764 mss.
1624 5703 1940 5778 Legendum

363 5777 505 5834 forte
528 5778 820 5848 Σπουρίου,
854 5780 939 5834 vel
967 5779 1153 5849 potius
1193 5778 1444 5851 Σερσὶου.

2122 5493 2235 5562 (85)
2272 5492 2682 5556 Οὐολόσκους.
2713 5490 2852 5548 Cod.
2874 5491 3030 5547 Colb.
3057 5489 3420 5554 Οὖελέσκους.

2124 5564 2237 5633 (86)
2306 5564 2771 5633 (ﬁniendam/at.
2841 5562 2934 5618 Sic
2979 5573 3179 5633 praeter
3228 5562 3640 5633 Viennensem,

2051 5630 2286 5761 regii?
2319 5631 2670 5691 Colberteus.
2722 5630 2880 5690 Alius
2933 5630 3308 5704 φυλάττεσθαι
3340 5646 3642 5704 perperam

2072 5721 2118 5759 la
2166 5721 2217 5761 ιιι
2251 5747 2265 5760 .
