4042 6200
443 265 546 332 571

1748 277 1786 339 J
1790 277 1940 340 ΟΔΝ
1947 279 1996 341 Ν
2011 281 2078 342 IS
2111 281 2431 342 ZONARIE

3569 286 3712 352 '512

439 384 646 442 affecit.
679 385 784 455 Qui
813 403 940 444 cum
978 390 1195 462 trepido
1220 392 1420 448 nuntio
1467 391 1740 451 excitatus
1776 398 2036 453 sermoni-

2143 419 2251 465 :ou;
2276 401 2574 472 πηποίητο,
2609 403 2708 458 καὶ
2740 400 2870 466 τοὺς
2923 401 3234 473 Ῥωμαίους
3282 401 3422 475 πρὸς
3445 400 3713 476 τδδημο-

442 478 844 536 intervenisset
868 521 883 546 ,
913 489 1082 552 atque
1115 483 1326 554 aliquid
1377 485 1608 540 dixisset
1634 525 1650 548 ,
1690 485 2028 557 Tarquinius

439 585 628 625 senem
671 572 914 627 medium
955 573 1173 644 arripit,
1221 576 1540 648 elatumque
1567 594 1597 634 e
1625 579 1812 645 curia,
1847 580 1902 635 in
1938 583 2027 638 in-

443 663 703 717 feriorem
733 674 944 733 partem
979 681 1076 734 per
1097 667 1302 736 gradus
1321 668 1531 740 dejicit.
1563 671 1663 726 ille
1687 672 1754 726 ad
1788 652 2026 743 Tarqui-

442 753 520 807 nii
549 755 836 810 audaciam
861 798 874 820 ,
911 773 1090 828 eoque
1118 761 1291 830 magis
1323 761 1470 831 quod
1501 762 1572 817 ab
1634 764 1898 819 omnibus
1929 766 2025 821 de-

441 849 673 902 stitutus
709 859 877 914 esset,
911 861 1304 908 consternatus
1327 893 1342 917 ,
1394 853 1533 908 nihil
1575 856 1815 926 amplius
1842 871 2021 926 neque

441 938 617 1002 dixit,
653 956 833 1010 neque
862 940 1016 999 fecit.
1051 943 1386 1015 Tarquinius
1411 962 1545 1001 vero
1572 949 1755 1002 statim
1790 965 2020 1020 regnum

440 1047 470 1084 a
495 1033 748 1100 patribus
771 1035 1008 1105 accepit,
1028 1047 1086 1092 et
1109 1053 1207 1106 per
1228 1039 1496 1106 quosdam
1531 1040 1771 1095 Tullium
1794 1041 2020 1097 domum

440 1139 500 1178 se
549 1125 910 1195 recipientem
951 1131 1195 1185 sustulit.
1237 1131 1309 1186 At
1353 1133 1474 1203 ejus
1513 1131 1623 1186 tilia
1670 1132 1929 1188 maritum
1964 1133 2019 1188 in

442 1217 597 1271 curia
629 1217 950 1274 deosculata
970 1263 984 1286 ,
1010 1238 1192 1292 regem
1219 1225 1512 1279 salutavit:
1538 1232 1704 1294 atque
1731 1226 1786 1279 in
1819 1226 2021 1297 regiam

443 1307 636 1361 abiens
656 1348 669 1371 ,
700 1324 800 1378 per
833 1313 1007 1379 patris
1032 1328 1234 1383 corpus
1259 1325 1584 1385 carpentum
1617 1316 1796 1385 egisse
1822 1315 2018 1371 fertur.

447 1399 538 1453 Sic
567 1399 782 1456 Tullius
814 1405 1214 1474 rempublicam
1250 1409 1690 1476 administravit,
1733 1409 1814 1465 sic
1855 1409 2021 1465 vitam

445 1492 624 1558 ﬁniit,
664 1510 788 1548 eum
821 1512 996 1552 annos
1026 1515 1149 1552 κων
1179 1510 1484 1570 regnasset.

2131 495 2397 562 κρατικδν
2437 495 2600 565 ἐνῆγε
2630 495 2728 548 καὶ
2775 495 2838 548 τὸ
2889 494 3200 566 ἐλεύθερον.
3260 495 3385 549 Ἔτι
3415 495 3474 549 δέ
3509 495 3714 566 μᾶλλον

2130 588 2224 642 ἐπὶ
2255 588 2468 652 τούτοις
2493 588 2763 660 ἧσχαλλον
2794 590 2846 642 ol
2872 589 2914 641 Τ
2917 587 3194 659 αρκύνιοι.
3222 588 3364 642 Ἀλλ’
3396 590 3424 642 δ
3451 587 3556 658 μὲν
3580 587 3698 642 νεών

2127 697 2307 751 τερος,
2335 681 2446 735 κᾶν
2470 681 2845 752 ἐχαλέπαινεν,
2882 681 3071 750 ἔφερε,
3139 680 3220 751 τῷ
3269 681 3327 734 δὲ
3366 681 3550 750 χρόνῳ
3575 694 3716 750 προ-

2127 771 2316 840 ήκοντι
2339 772 2528 825 οὐκέτι
2555 772 2652 826 τοῦ
2696 772 2955 826 Τουλλίου
2983 772 3162 826 ἐδόκει
3209 771 3523 841 ἀνέχεσθαι.
3554 771 3716 824 Ἐπεὶ

2127 862 2184 916 δέ
2223 863 2299 932 μὴ
2331 863 2764 919 συνευδοκοῦσαν
2798 863 3024 935 εὕρισκε
3073 864 3174 934 τὴν
3210 865 3468 934 γυναῖκα,
3496 866 3594 919 καὶ
3622 864 3717 920 τδν

2127 954 2430 1025 ὁμαίμονα,
2475 956 2638 1020 αὐτὸς
2675 958 2775 1028 μὲν
2820 957 2920 1028 τὴν
2958 961 3224 1026 γυναῖκα,
3268 958 3358 1011 τὸν
3399 957 3446 1011 δ’
3480 958 3715 1026 ἀδελφὸν

2126 1047 2218 1101 διὰ
2262 1049 2363 1116 τῆς
2417 1051 2679 1117 γυναικὸς
2733 1051 2948 1104 ἐκείνου
3001 1051 3322 1122 φαρμάκοις
3369 1051 3571 1116 ἀνεῖλε,
3620 1054 3717 1104 καὶ

2130 1139 2426 1208 συναφθεὶς
2459 1143 2525 1211 τῇ
2551 1142 2793 1212 συνεύνῳ
2819 1140 2919 1196 τοῦ
2948 1143 3203 1213 ἀδελφοῦ,
3230 1141 3310 1207 τῷ
3338 1142 3584 1212 Τουλλίῳ
3619 1143 3720 1195 σὺν

2131 1232 2269 1303 αὐτῇ
2326 1232 2677 1288 ἐπεϐούλευε.
2735 1237 2844 1290 Kal
2876 1235 3107 1300 πολλοὺς
3145 1236 3256 1289 τῶν
3288 1252 3349 1288 τε
3406 1235 3720 1305 βουλευτῶν

2129 1325 2228 1378 καὶ
2251 1324 2360 1378 τῶν
2383 1327 2732 1396 εὐπατριδῶν
2755 1327 2937 1390 αἰτίας
2973 1327 3201 1398 ἔχοντας
3239 1328 3384 1382 κατά
3419 1326 3516 1380 τοῦ
3545 1325 3723 1380 Ton).-

2129 1416 2244 1469 λίου
2277 1415 2475 1480 πείσας
2507 1418 2848 1490 συνάρασθαί
2887 1420 2962 1484 oi,
3006 1419 3340 1484 ἐξαπιναίως
3387 1418 3506 1488 μετ’
3534 1417 3724 1471 αὐτῶν

2128 1508 2210 1572 είς
2235 1506 2296 1560 τὸ
2328 1508 2613 1579 συνέδριον
2653 1511 3061 1582 παραγέγονεν,
3105 1513 3382 1582 ἑπομένης
3431 1509 3585 1580 αύτῷ
3625 1512 3725 1563 καὶ

443 1587 542 1654 τῆς
609 1589 869 1656 γυναικὸς
916 1592 1180 1656 Τουλλίας
1211 1611 1227 1627 ’
1281 1596 1378 1648 καὶ
1416 1594 1591 1648 πολλὰ
1639 1595 1738 1666 μὲν
1783 1593 1931 1663 εἷπε,
1996 1599 2098 1670 τῆς
2136 1597 2231 1652 τοῦ
2277 1599 2488 1670 πατρὸς
2541 1599 2702 1666 ἀξίας
2745 1602 2877 1664 τοὺς
2927 1601 3205 1673 παρόντας
3253 1603 3721 1672 ἀναμιμνήσκων.

444 1676 617 1730 πολλὰ
677 1678 723 1731 δ’
772 1681 1071 1753 ἀπέσκωψε
1124 1684 1261 1756 πρὸς
1305 1686 1397 1740 τὸν
1437 1687 1716 1744 Τούλλιον.
1769 1688 1927 1743 Ἐπεὶ
1971 1691 2019 1744 δ’
2059 1694 2270 1756 ἐκεῖνος
2310 1692 2485 1746 ταῦτα
2549 1692 2737 1765 μαθὼν
2804 1693 3008 1763 ἐπέστη
3042 1695 3273 1768 σπουδῇ,
3301 1693 3397 1750 καί
3425 1711 3482 1748 τι
3515 1695 3585 1765 δὴ
3617 1693 3720 1750 καὶ

442 1769 767 1838 ἐφθέγξατο,
797 1777 1146 1846 συνήρπασεν
1179 1779 1364 1846 αὐτὸν,
1396 1782 1490 1835 καὶ
1515 1781 1714 1852 ἐξάρας
1777 1777 1886 1838 ὦσε
1943 1787 2085 1840 κατά
2123 1787 2233 1840 τῶν
2276 1787 2381 1857 πρὸ
2412 1786 2507 1840 τοῦ
2563 1787 2948 1860 βουλευτηρίου
2995 1789 3332 1858 ἀναδαθμόν.
3393 1791 3506 1844 Καὶ
3537 1791 3568 1844 ὁ
3623 1790 3726 1859 μὲν

441 1866 742 1934 ταραχθεὶς
768 1869 909 1940 πρὸς
937 1871 1037 1941 τὴν
1077 1873 1174 1926 τοῦ
1206 1875 1516 1946 Ταρκυνίου
1555 1878 1786 1947 τόλμαν,
1822 1881 1918 1934 καὶ
1971 1882 2054 1935 ὅτι
2093 1882 2214 1937 οὐδέ
2257 1900 2343 1947 τις
2395 1883 2548 1953 αύτῷ
2609 1884 3005 1954 ἐπεκούρησεν,
3046 1883 3162 1938 οὔτ’
3207 1881 3362 1938 εἶπεν
3403 1885 3487 1939 ἐτι
3570 1885 3732 1939 οὐδὲν

591 1960 841 2031 ἐποίησε.
875 1965 1186 2036 Ταρκύνιος
1229 1969 1285 2022 δὲ
1325 1971 1424 2040 τήν
1462 1989 1522 2024 τε
1587 1971 1869 2042 βασιλείαν
1921 1975 2084 2040 εὐθὺς
2124 1978 2276 2046 παρά
2329 1981 2429 2047 τῆς
2483 1978 2682 2048 βουλῆς
2723 1977 2909 2032 ἔλαϐε.
2944 1979 3052 2031 Καὶ
3103 1978 3328 2049 πέμψας
3369 1978 3549 2044 τινάς,
3631 1975 3730 2031 τδν

447 2048 703 2102 Τούλλιον
736 2051 1097 2124 κομιζόμενον
1135 2057 1318 2112 οἴκαδε
1346 2059 1695 2130 διεχρήσατο.
1739 2063 1804 2116 Ἦ
1877 2063 1936 2116 δέ
2006 2063 2256 2133 θυγάτηρ
2328 2067 2547 2120 ἐκείνου
2592 2068 2685 2122 τὸν
2735 2068 2905 2137 ἀνδρα
2936 2069 2994 2120 ἐν
3025 2067 3104 2135 τῷ
3135 2048 3508 2138 βουλευτηρίῳ
3561 2086 3733 2122 κατα.

446 2141 722 2232 φιλήσασα
747 2183 762 2208 ,
830 2147 926 2200 κα)⁸
1013 2148 1240 2219 βασιλέα
1315 2154 1814 2225 προσαγορεύσασα
1838 2197 1852 2217 ,
1930 2157 2024 2211 καὶ
2057 2158 2301 2212 ἀπιοῦσα
2331 2161 2468 2230 πρὸς
2495 2161 2565 2214 τὰ
2625 2160 2894 2230 βασίλεια,
2925 2160 2984 2214 τὸ
3011 2161 3194 2230 δχημα
3225 2161 3369 2214 κατὰ
3401 2161 3496 2214 τοῦ
3521 2161 3729 2232 νεκροῦ

424 2231 546 2287 ,τοῦ
597 2235 800 2306 πατρὸς
821 2237 896 2301 ῶς
923 2234 1072 2309 εῖχεν
1099 2241 1392 2311 ἐπήλασεν.
1428 2243 1586 2298 Οὖτω
1617 2246 1717 2316 μὲν
1743 2245 1836 2302 οὖν
1857 2250 1886 2300 ὁ
1915 2247 2173 2310 Τούλλιος
2210 2246 2366 2321 ἦρξε,
2432 2251 2528 2304 καὶ
2560 2250 2736 2314 οὕτως
2795 2250 3058 2316 ἀπέθανε,
3091 2251 3418 2321 βασιλεύσας
3444 2231 3733 2325 τέσσαρας

449 2327 737 2390 ἐνιαυτοὺς
771 2329 864 2382 ἐπὶ
904 2333 1342 2402 τεσσαράκοντα.

521 2416 589 2470 Χ.
621 2417 957 2488 Tarquinius
985 2438 1158 2494 regno
1191 2438 1472 2497 suscepto,
1506 2429 1727 2485 Romuli
1758 2446 1911 2486 more
1939 2445 2031 2485 ar-

2216 2431 2274 2483 I'.
2315 2426 2377 2483 Ὀ
2405 2426 2711 2495 Ταρκύνιος
2757 2427 2814 2480 δὲ
2865 2428 2965 2497 τὴν
3006 2428 3292 2499 βασιλείαν
3338 2430 3732 2501 παρειληφὼς.

448 2511 613 2566 matis
641 2528 846 2583 corpus
876 2515 1265 2588 circumsepsit
1291 2536 1306 2574 :
1347 2521 1552 2591 quibus
1573 2533 1630 2577 et
1662 2531 1830 2578 noctu
1860 2533 1918 2578 et
1947 2523 2034 2578 in-

456 2605 641 2662 terdiu
669 2646 686 2672 ,
731 2607 883 2665 domi
916 2618 976 2666 et
1019 2611 1158 2668 foris
1198 2629 1334 2670 usus
1388 2624 1494 2671 est.
1546 2616 1682 2672 Nam
1722 2618 1870 2688 quod
1919 2618 2035 2687 ipse

453 2718 585 2773 erga
611 2717 870 2759 socerum
889 2744 905 2770 ,
938 2721 1078 2760 uxor
1118 2722 1248 2778 erga
1274 2717 1486 2777 patrem
1521 2710 1596 2763 ila
1624 2724 1683 2765 se
1714 2710 2033 2782 gessissent,

456 2795 644 2849 timuit
675 2811 746 2851 ne
779 2812 810 2851 a
837 2799 1025 2868 seipso
1061 2798 1332 2856 adversus
1369 2817 1430 2857 se
1470 2804 1784 2873 exemplum
1817 2816 2039 2872 capere-

455 2897 568 2942 tur.
597 2887 717 2943 Jam
748 2889 878 2960 quia
906 2899 1058 2947 metu
1083 2907 1314 2963 regnum
1337 2895 1630 2949 tutandum
1649 2902 1804 2959 erat,
1839 2904 2037 2965 poten-

463 2978 709 3034 tissimos
746 2989 1038 3038 senatores
1067 2993 1126 3039 et
1155 2984 1305 3040 cives
1339 2987 1774 3057 comprehensos
1816 2985 2037 3042 occide-

458 3068 597 3125 bat:
640 3073 782 3128 alios
840 3075 1070 3143 palam,
1119 3076 1326 3146 quibus
1365 3078 1575 3148 aliquid
1637 3077 1857 3134 crimini
1906 3078 2039 3133 dare

455 3173 708 3234 poterat,
741 3166 882 3222 alios
919 3167 1061 3222 clam
1090 3183 1105 3222 :
1139 3171 1442 3225 nonnullos
1475 3171 1530 3225 in
1559 3171 1814 3226 exsilium
1851 3171 2037 3226 mitte-

457 3256 572 3310 bat.
591 3257 780 3326 Neque
799 3273 931 3312 vero
956 3258 1121 3313 Tullii
1145 3259 1426 3315 studiosos
1441 3260 1727 3327 duntaxat,
1756 3260 1853 3316 sed
1869 3261 2035 3316 etiam

461 3349 774 3420 tyrannidis
803 3365 917 3405 suae
945 3351 1236 3422 adjutores
1263 3351 1528 3421 perdidit.
1556 3353 1635 3408 lta
1660 3353 1886 3424 optimis
1913 3354 2040 3424 qui-

459 3440 676 3510 busque
733 3442 995 3498 senatorii
1051 3451 1108 3503 et
1154 3443 1434 3512 equestris
1486 3443 1699 3499 ordinis
1759 3445 2034 3511 sublatis,

461 3547 588 3585 cum
615 3546 672 3586 se
695 3531 845 3587 omni
872 3533 1077 3602 populo
1102 3533 1347 3588 invisum
1381 3548 1504 3588 esse
1543 3533 1816 3599 crederet,
1847 3535 2040 3590 statuit

460 3624 648 3680 nullos
684 3625 740 3679 in
773 3636 959 3695 patres
1001 3626 1224 3696 legere:
1256 3625 1353 3680 sed
1382 3633 1639 3681 senatum
1666 3627 1891 3697 penitus
1936 3629 2040 3684 tol-

2141 2523 2478 2595 δορυφόρους
2505 2523 2649 2583 κατά
2685 2523 2964 2594 Ῥωμύλον
2996 2523 3175 2594 ἐαυτῷ
3235 2526 3596 2597 περιέστησε,
3633 2528 3734 2581 καὶ

2143 2618 2366 2684 νύκτωρ
2419 2614 2518 2668 καὶ
2585 2613 2706 2685 μεθ’
2770 2614 2984 2687 ἡμέραν
3030 2616 3215 2679 αὐτοῖς
3286 2619 3383 2671 καὶ
3449 2617 3728 2688 οἰκουρῶν

2144 2708 2241 2762 καὶ
2271 2703 2564 2778 ἀγοράζων
2603 2703 2893 2776 ἐκέχρητο.
2941 2703 3036 2770 Ἐξ
3067 2699 3144 2760 ὧν
3186 2707 3294 2777 γὰρ
3329 2707 3492 2769 αὐτὸς
3523 2709 3606 2770 είς
3635 2707 3733 2760 τὸν

2144 2799 2437 2870 κηδεστὴν,
2481 2796 2579 2851 καὶ
2609 2798 2644 2869 ή
2684 2797 2822 2866 γυνὴ
2863 2797 3000 2868 πρὸς
3039 2797 3131 2852 τὸν
3175 2798 3393 2867 πατέρα
3433 2799 3730 2869 ἐποίησαν,

2145 2891 2390 2954 καὶτοὺς
2425 2889 2648 2952 λοιποὺς
2675 2888 2968 2943 ἐδεδίεσαν.
3000 2888 3156 2942 Ἐπεὶ
3186 2888 3246 2942 δέ
3269 2889 3346 2953 ὡς
3368 2890 3731 2960 τυραννήσων

2145 2983 2622 3057 παρεσκευάσατο,
2665 2982 2793 3045 τοὺς
2821 2982 3234 3043 δυνατωτάτους
3269 2982 3380 3035 τῶν
3419 2982 3730 3052 βουλευτῶν

2147 3075 2244 3130 καὶ
2291 3073 2399 3127 τῶν
2445 3072 2620 3128 ἄλλων
2665 3070 3056 3141 συλλαμϐάνων
3117 3069 3394 3123 ἐκτίννυεν
3417 3110 3432 3134 ,
3487 3063 3573 3130 οἷς
3625 3069 3730 3139 μιν

2147 3167 2330 3220 αἰτίαν
2357 3163 2504 3236 εἶχεν
2553 3165 2872 3232 ἐπενεγκεῖν
2898 3202 2914 3228 ,
2953 3161 3202 3233 φανερῶς
3239 3159 3503 3231 ἀναιρῶν,
3541 3159 3638 3224 οὓς
3671 3158 3733 3212 δέ

2147 3259 2345 3328 λάθρα,
2381 3257 2556 3322 ἐνίους
2599 3257 2658 3311 δέ
2705 3273 2770 3324 γε
2801 3256 2897 3310 καὶ
2925 3253 3296 3326 ὑπερώριξεν.
3343 3253 3420 3307 Οὐ
3461 3252 3572 3324 γὰρ
3598 3251 3733 3315 τοὺς

2148 3351 2226 3423 τῷ
2253 3350 2497 3421 Τουλλίῳ
2539 3350 2974 3421 προσκειμένους
3021 3347 3241 3419 μόνους,
3283 3347 3423 3401 ἀλλά
3462 3346 3560 3399 καὶ
3598 3343 3734 3406 τοὺς

2149 3444 2287 3514 πρὸς
2310 3441 2410 3514 τὴν
2453 3439 2756 3512 μοναρχίαν
2783 3439 3194 3510 συναραμένους
3229 3437 3380 3508 αὐτῷ
3399 3434 3736 3508 προσαπῶλδ

2148 3535 2267 3589 λυε.
2305 3535 2416 3587 Καὶ
2452 3532 2596 3586 οὕτω
2638 3532 2701 3584 τὸ
2745 3531 3036 3601 κράτιστον
3082 3529 3182 3598 τῆς
3232 3528 3448 3600 βουλῆς,
3493 3528 3590 3582 καὶ
3629 3527 3741 3597 τῆς

2151 3629 2386 3693 ἱππάδος
2447 3626 2715 3688 ἀνάλωσε,
2779 3623 3058 3694 μισεῖσθαι
3112 3640 3172 3676 τε
3220 3622 3327 3676 ὑπὸ
3370 3621 3573 3684 παντὸς
3628 3619 3734 3674 τοῦ

459 3717 573 3772 lere
601 3733 912 3789 aggressus,
941 3733 1123 3788 neque
1158 3718 1332 3774 ullum
1366 3730 1681 3775 senatorem
1709 3721 2038 3777 substituit:

2151 3725 2324 3794 δήμου
2371 3721 2647 3777 ἐπίστευε.
2686 3717 2782 3771 Διδ
2811 3717 2934 3771 οὑδέ
2961 3716 3312 3782 ἁντικαίιίστη
3356 3717 3417 3769 τὸ
3461 3714 3738 3786 παράπαν

462 3821 643 3876 neque
672 3824 798 3864 cum
830 3809 900 3864 iis
930 3809 1027 3879 qui
1060 3810 1382 3877 restabant,
1419 3810 1723 3881 quidquam
1756 3811 1906 3881 quod
1934 3811 2038 3866 ali-

2148 3817 2271 3871 ἀντὶ
2295 3814 2406 3869 τῶν
2438 3812 2832 3882 ἀπολλυμένων
2860 3810 3034 3874 τινὰς,
3085 3809 3222 3864 ἀλλά
3267 3808 3363 3861 καὶ
3403 3808 3505 3877 τὴν
3529 3823 3739 3877 γεραί-

463 3903 625 3973 cujus
684 3903 948 3957 momenti
1015 3911 1205 3970 esset,
1259 3903 1712 3960 communicavit.
1776 3903 2038 3970 Quamvis

2153 3909 2276 3962 σίαν
2301 3904 2606 3962 καταλῦσαι
2645 3901 2926 3965 παντελῶς
2953 3901 3334 3971 ἐπιχειρήσας,
3358 3897 3483 3952 οὕτε
3511 3899 3735 3952 ἀντεισο

461 3993 611 4046 enim
645 4009 742 4048 eos
775 4003 1146 4060 convocaret,
1180 4011 1290 4049 non
1321 4005 1504 4051 tamen
1540 3995 1667 4050 ideo
1697 3995 1953 4062 faciebat,
1984 4004 2038 4050 ul

2149 4001 2285 4071 ἦγεν
2339 4001 2398 4062 ἐς
2451 3998 2621 4067 αὐτὴν
2651 3995 2865 4060 οὐδένα,
2901 3993 3026 4048 οὔτε
3075 3996 3187 4057 τοῖς
3235 3990 3388 4046 οὖσιν
3440 3992 3737 4046 ἐπεκοίνου

459 4085 698 4156 alicujus
746 4085 824 4140 rei
858 4089 1113 4156 gerenda
1142 4087 1424 4158 adjutores
1453 4099 1640 4143 essent
1667 4103 1681 4142 :
1711 4088 1809 4144 sed
1838 4098 1900 4143 ut
1927 4089 2045 4144 visa

460 4193 655 4232 eorum
691 4179 988 4248 paucitate,
1009 4179 1078 4234 ab
1095 4181 1355 4236 omnibus
1373 4189 1868 4236 contemnerentur
1890 4200 1903 4236 :
1929 4182 2048 4251 ple-

461 4284 633 4338 raque
680 4286 813 4326 vero
857 4287 954 4342 per
986 4287 1045 4328 sc
1102 4282 1199 4328 aut
1243 4271 1386 4328 ﬁlios
1417 4273 1867 4329 administrabat.
1924 4274 2047 4328 Fuit

464 4361 617 4416 aditu
668 4362 948 4432 aﬂ‘atuque
987 4363 1267 4430 diliicilis,
1310 4365 1573 4435 superbia
1614 4376 1668 4421 et
1719 4365 2047 4420 crudelitate

461 4468 528 4507 ex
569 4469 726 4523 aequo
756 4471 885 4527 erga
924 4471 1119 4511 omnes
1152 4456 1315 4527 330
1352 4472 1526 4512 usus:
1561 4471 1625 4511 ac
1670 4473 1825 4510 more
1863 4465 2051 4526 tyran-

465 4547 594 4600 nico
619 4555 727 4601 tam
759 4549 895 4619 ipse.
927 4565 1091 4620 quam
1124 4551 1286 4604 liberi
1316 4551 1434 4620 ejus
1464 4565 1589 4604 cum
1620 4549 1882 4603 omnibus
1916 4562 2049 4618 ege-

467 4645 617 4689 runt-
657 4637 1026 4703 Quamobrem
1054 4641 1389 4696 satellitibus
1418 4639 1585 4694 etiam
1627 4639 1872 4702 ditiisus,
1913 4653 2048 4693 con-

466 4727 764 4801 ciliataque
812 4732 915 4786 sibi
965 4732 1290 4786 Latinorum
1342 4731 1614 4794 custodia,
1657 4741 1714 4786 et
1753 4731 1806 4786 in
1849 4729 2051 4786 Roma-

467 4839 669 4877 norum
726 4824 952 4879 ordines
982 4825 1186 4880 inserta
1217 4863 1232 4890 ,
1279 4823 1334 4878 id
1364 4823 1637 4894 spectavit
1658 4863 1673 4888 ,
1729 4833 1790 4878 ut
1821 4822 2050 4879 Latinos

469 4916 733 4974 Romanis
786 4925 1072 4987 aequatos,
1123 4931 1225 4972 suo
1277 4917 1384 4972 sibi
1434 4917 1709 4972 beneﬁcio
1750 4917 2050 4973 obstrictos

469 5009 729 5074 haberet,
763 5019 820 5066 et
851 5011 1129 5066 Romanos
1151 5011 1429 5082 adjunctis
1465 5013 1674 5066 exteris
1707 5010 1892 5066 minus
1938 5010 2052 5066 for-

2148 4112 2204 4148 τι
2232 4093 2392 4160 λόγου
2417 4091 2590 4157 ἀξιον.
2631 4087 2926 4143 Συνεκάλει
2978 4086 3075 4156 μέν
3133 4085 3240 4155 γὰρ
3287 4085 3506 4150 αὐτοὺς,
3529 4086 3592 4137 οὐ
3621 4084 3738 4156 μὴν

2151 4187 2292 4242 ὥστε
2337 4203 2390 4238 τι
2433 4184 2541 4236 τῶν
2571 4180 2887 4250 ἀναγκαίων
2923 4178 3269 4243 συνδιοικεῖν,
3313 4176 3428 4229 ἀλλ’
3461 4177 3549 4229 ἶνα
3593 4176 3738 4246 δήλη

2151 4278 2394 4347 αὑτῶνή
2433 4273 2711 4347 βραχύτης
2751 4273 2958 4340 γίνοιτο
2991 4269 3185 4332 ἅπασι,
3221 4258 3520 4323 κάντεῦθεν
3562 4285 3742 4321 κατα-

2153 4371 2455 4444 φρονεῖντο.
2485 4369 2566 4423 Τά
2593 4367 2651 4420 δὲ
2691 4366 2919 4421 πλεῖστα
2965 4365 3087 4418 καθ’
3139 4361 3353 4426 ἐαυτὸν,
3387 4363 3418 4432 ἢ
3454 4361 3548 4414 καὶ⁵
3592 4361 3739 4431 μετά

2152 4465 2263 4518 τῶν
2287 4462 2449 4516 υἱέων
2485 4460 2743 4530 ἔπραττε.
2785 4454 3159 4524 Δυσπρόσιτὸς
3204 4471 3265 4506 τε
3296 4455 3390 4506 καὶ
3416 4454 3737 4522 δυσπροσή-

2153 4571 2316 4624 γορος
2352 4547 2421 4624 ἦν
2464 4550 2558 4604 καὶ
2597 4551 2665 4620 τῇ
2715 4546 2990 4619 ὑπεροψίᾳ
3021 4546 3116 4600 καὶ
3144 4548 3210 4616 τῇ
3247 4544 3492 4616 ὠμότητι
3529 4545 3742 4611 ὁμοίως

2153 4647 2352 4718 ἐχρῆτο
2395 4643 2532 4715 πρὸς
2563 4643 2834 4706 ἅπαντας,
2862 4643 2957 4694 καὶ
2981 4638 3444 4711 τυραννικώτερον
3475 4639 3638 4700 αὐτός
3671 4655 3740 4692 τε

2117 4731 2120 4734 ’
2155 4740 2251 4792 καὶ
2279 4738 2328 4791 οἱ
2360 4735 2550 4792 παῖδες
2583 4731 2750 4788 αὐτοῦ
2787 4732 3190 4803 προσεφέροντο
3210 4729 3404 4784 ἀπασι.
3438 4730 3536 4782 Διά
3559 4728 3744 4783 ταῦτα

2153 4829 2211 4882 δέ
2263 4827 2362 4882 καὶ
2422 4828 2547 4890 τοὺς
2601 4825 2936 4896 δορυφόρους
2964 4823 3240 4885 ὑπόπτους
3283 4820 3448 4891 ἔχων,
3509 4822 3576 4873 ἐκ
3624 4819 3742 4872 τῶν

2155 4921 2400 4976 Λατίνων
2438 4917 2910 4992 προσηταιρίσατο
2957 4915 3333 4986 δορυφορικὸν,
3389 4915 3485 4967 καὶ
3532 4914 3590 4976 ἐς
3638 4913 3742 4974 τὰς

2155 5014 2264 5067 τῶν
2304 5012 2598 5079 Ῥωμαίων
2627 5011 2810 5074 τάξεις
2837 5007 3100 5071 Λατίνους
3125 5005 3395 5078 ἐνέμιξεν,
3429 5006 3518 5060 ἶνα
3549 5007 3599 5059 οἱ
3636 5006 3741 5076 μὲν

470 5103 725 5159 midaret.
761 5105 1034 5170 Gabinos,
1067 5105 1236 5160 armis
1268 5103 1570 5160 infeliciter
1609 5105 1868 5170 adortus,
1921 5106 2038 5161 dolc

2156 5107 2375 5160 Λατῖνοι
2411 5105 2716 5175 ἰσομοιρίας
2775 5106 2888 5166 τοϊς
2961 5101 3255 5172 Ῥωμαίοις
3308 5100 3604 5169 τυχόντες,
3643 5099 3744 5153 εὖ-

472 5200 774 5266 auperavit.
807 5198 943 5253 Nam
987 5168 1213 5252 Sextum
1242 5196 1414 5252 ﬁlium
1465 5197 1808 5268 transfugere
1849 5168 2038 5255 Gabios

2155 5216 2308 5254 νοιαν
2353 5195 2502 5266 αὐτῷ
2551 5195 2803 5249 ἐντεῦθεν
2859 5193 3157 5263 ὀφείλωσι,
3211 5194 3305 5246 καὶ
3360 5194 3410 5245 οἱ
3471 5193 3740 5262 Ῥωμαῖοι

464 5290 668 5360 jussit:
703 5292 862 5362 cujus
888 5290 1014 5346 facti
1044 5291 1334 5360 utjuslam
1361 5289 1572 5345 habere
1621 5306 1844 5345 causam
1897 5291 2052 5346 vide-

471 5391 656 5446 retur,
695 5391 906 5452 patrem
958 5391 1148 5453 aperte
1196 5390 1258 5436 ut
1298 5391 1592 5452 tyrannum
1621 5392 1675 5437 et
1701 5382 2051 5455 fcedil'ragum

472 5482 559 5529 est
586 5476 909 5537 insectatus,
939 5484 1107 5544 atque
1130 5489 1162 5528 a
1183 5481 1341 5545 patre
1372 5474 1619 5529 vicissim
1644 5475 1829 5546 ﬂagris
1853 5491 2050 5531 csesus.

473 5567 684 5624 Deinde
712 5584 836 5622 cum
859 5584 928 5623 ex
953 5568 1265 5638 composito
1289 5568 1358 5623 ad
1379 5567 1625 5623 Gabinos
1651 5583 1776 5622 cum
1800 5568 2054 5638 pecuniis

474 5668 531 5714 et
573 5661 739 5717 sociis
778 5659 1193 5731 transfugisset,
1230 5661 1305 5716 illi
1343 5670 1402 5717 ut
1429 5661 1480 5716 ei
1512 5667 1830 5715 commento
1859 5657 2052 5714 crede-

481 5761 626 5822 rent,
653 5763 709 5810 et
731 5752 1020 5825 Tarquinii
1049 5754 1401 5833 crudelitate,
1425 5762 1481 5812 ct
1510 5752 1699 5810 multis
1719 5751 1874 5809 Sexti
1901 5750 2051 5809 veris

2154 5285 2316 5363 ⁴ἦττον
2359 5288 2666 5359 ἐκφοόῶσιν
2701 5286 2888 5350 αὑτὸν.
2948 5285 3141 5357 μηκέτι
3199 5285 3344 5337 κατά
3391 5286 3532 5350 σφᾶς
3561 5283 3736 5350 ὄντες,

2154 5381 2292 5437 ἀλλὰ
2323 5382 2436 5444 τοῖς
2495 5378 2750 5440 Λατίνοις
2807 5375 3301 5438 συνοπλιτεύοντες.
3356 5373 3636 5436 Γαουϊνοις
3680 5373 3738 5426 δὲ

2160 5474 2343 5545 μάχην
2378 5472 2607 5542 συνῆψε,
2642 5470 2736 5523 καὶ
2768 5468 2956 5533 κακῶς
2986 5466 3084 5538 μὲν
3112 5466 3450 5538 ἠγωνίσατο,
3499 5465 3640 5536 δόλῳ
3681 5463 3738 5518 δὲ

2157 5568 2356 5629 αὐτοὺς
2390 5560 2742 5636 ἐχειρώσατο.
2774 5559 3159 5632 Δῦτομολῆσαι
3201 5559 3311 5631 γὰρ
3342 5560 3528 5622 αὐτοῖς
3559 5558 3738 5627 Σέξτῳ

2163 5658 2402 5712 ὑπέθετο
2442 5656 2519 5726 τῷ
2575 5655 2720 5724 υἱῷ·
2779 5654 2868 5709 ἵνα
2915 5653 2962 5707 δ’
3014 5652 3372 5724 εὐπρόσωπος
3432 5653 3582 5721 αὐτῷ
3640 5650 3739 5720 τῆς

2160 5748 2494 5821 αὐτομολίας
2519 5746 2794 5819 πρόφασις
2825 5747 3077 5818 γένηται,
3115 5747 3321 5810 ἐκεῖνος
3356 5744 3456 5816 μὲν
3485 5740 3740 5814 φανερῶς
