3882 6192
193 290 307 358 ωε

1435 289 1848 356 ANNALIUM
1887 290 2034 352 LIB.
2071 289 2209 355 VII.

3345 289 3453 354 574

183 407 286 459 τὸν
313 402 530 472 πατέρα
555 400 632 464 ὡς
666 398 936 470 τύραννον
958 399 1056 455 καὶ
1082 399 1468 472 παράσπονδον
1491 401 1774 472 ἐλοιδόρη-

1892 417 1934 456 .ιι
1978 406 2196 472 patrem
2240 395 2550 454 maledictis
2585 395 3007 453 adducebantur
3040 412 3059 453 :
3093 411 3126 454 a
3156 412 3268 470 quo
3321 415 3451 456 cum

186 513 309 552 σεν.
360 494 421 549 '0
449 493 508 547 δὶ
536 492 630 546 τὸν
660 491 781 546 υίδν
801 491 1156 562 ἐμαστίγωσέ
1181 511 1243 547 τε
1276 496 1372 550 καὶ
1399 495 1771 567 ἀντημΰνατο,

184 586 312 640 εἶτα
335 584 480 640 κατὰ
529 583 810 654 συνθήκας
862 585 1001 654 πρδς
1047 585 1342 650 Γαουῖνους
1373 586 1779 657 ἐψευδαυτομό-

184 679 347 746 λησε,
378 675 643 747 χρήματά
681 693 743 729 τε
777 677 873 729 καὶ
910 676 1164 748 ἑταίρους
1207 677 1584 751 παρειληφώς.
1621 678 1688 732 Ol
1719 676 1778 731 δὶ

187 766 596 828 πιστεύσαντες
626 768 692 835 τῇ
731 767 908 836 σκηνῇ
950 766 1040 820 διά
1078 783 1138 820 τε
1166 769 1266 838 τὴν
1317 767 1416 821 τοῦ
1467 768 1778 839 Ταρκυνίου

183 858 476 928 ὠμότητα,
503 857 604 912 καὶ
639 859 721 910 ὅτι
757 858 879 913 τότε
913 858 1085 912 πολλὰ
1111 859 1208 914 καὶ
1231 859 1406 931 ἀληθῆ
1435 861 1526 914 τὸν
1566 863 1782 934 πατέρα

185 949 553 1020 ἐκακηγόρει,
577 948 873 1003 κάντεῦθεν
895 951 1388 1021 ἐκπεπολεμῶσθαι
1404 953 1554 1024 αὑτῷ
1575 954 1778 1019 ἐδόκει,

186 1041 450 1107 ἐδέξαντό
486 1059 549 1094 τε
575 1042 740 1096 αὑτὸν
772 1043 1210 1111 ἀσμενέστατας,
1244 1045 1340 1098 καί
1368 1063 1520 1109 τινας
1555 1045 1782 1100 ἐπελεύ-

189 1152 307 1199 σεις
340 1134 490 1189 κατά
522 1135 623 1204 τῆς
673 1133 993 1202 Ῥωμαῖκῆς
1029 1135 1214 1205 χώρας
1246 1137 1344 1190 σὺν
1387 1137 1539 1208 αὑτῷ
1585 1139 1778 1209 ἐποιή-

187 1245 377 1290 σαντο,
414 1229 513 1282 καὶ
547 1229 609 1280 οὑ
657 1227 892 1298 μετρίως
919 1227 1058 1298 αὑτῇ
1085 1228 1446 1298 ἐλυμήναντο.
1476 1231 1575 1282 Διά
1603 1229 1779 1283 ταῦτα

185 1319 324 1387 γοῦν
349 1321 450 1372 καὶ
483 1320 566 1372 ὅτι
599 1321 692 1371 καὶ
733 1320 993 1389 χρήματα
1025 1319 1132 1389 ίδία
1161 1321 1224 1372 τέ
1256 1336 1368 1372 τισι
1401 1322 1653 1390 παρεῖχε,
1687 1320 1783 1373 καὶ

187 1415 245 1476 ἐς
278 1410 344 1464 τὸ
377 1410 562 1464 κοινὸν
609 1411 872 1480 ἀνήλισκε
915 1410 1182 1480 δαψιλῶς,
1227 1411 1397 1482 ᾑρέθη
1437 1413 1568 1482 παρ’
1602 1412 1782 1466 αὑτῶν

189 1505 526 1576 στρατηγὸς,
558 1503 654 1556 καὶ
680 1502 778 1574 τὴν
809 1502 919 1556 τῶν
961 1503 1257 1555 πολιτικῶν
1284 1503 1343 1554 ἐν
1387 1504 1570 1568 αὑτοῖς
1603 1519 1786 1573 πραγ-

191 1597 386 1666 μάτων
456 1596 746 1665 ἐπετράπη
803 1597 1092 1668 διοίκησιν.
1149 1601 1274 1654 Ἐπὶ
1334 1600 1548 1663 τούτοις
1608 1599 1784 1671 λάθρα

189 1688 420 1759 πέμψας
456 1688 600 1749 τινὰ,
631 1687 700 1740 τὰ
735 1688 1021 1758 συμϐάντα
1070 1709 1129 1743 τε
1179 1692 1443 1762 ἐγνώρισε
1474 1692 1551 1762 τῷ
1591 1693 1783 1763 πατρὶ⁹

193 1780 291 1833 καὶ
326 1779 468 1851 πρὸς
497 1779 560 1832 τὸ
586 1779 783 1850 μέλλον
810 1779 1038 1852 γνώμην
1072 1783 1275 1852 ᾔτησεν
1308 1784 1369 1847 ἐξ
1407 1783 1594 1837 αὑτοῦ.
1637 1785 1696 1836 '0
1725 1783 1784 1836 δέ

189 1868 318 1925 εἷπε
347 1872 452 1941 μὲν
475 1871 554 1942 τῷ
578 1871 886 1940 πεμφθέντι
911 1873 1083 1933 οὐδὲν,
1116 1875 1200 1926 ἵνα
1237 1877 1310 1945 μὴ
1342 1876 1472 1938 ἴσως
1501 1876 1784 1944 γνωσθεὶς,

192 1964 339 2018 ικών
374 1965 492 2037 τιή
545 1965 696 2019 ἄκων
739 1966 972 2032 ἐξείποι.
1004 1968 1095 2031 Εἰς
1137 1969 1192 2020 δὲ
1241 1969 1419 2038 κῆπον
1471 1967 1787 2036 εἰσαγαγὼν

193 2057 383 2121 αὑτὸν,
416 2059 476 2112 ἐν
509 2050 553 2126 ᾧ
585 2059 839 2128 μήκωνες
866 2055 1030 2128 ἦσαν,
1064 2059 1162 2120 τὰς
1199 2059 1413 2121 κωδύας
1446 2060 1586 2130 (87')
1608 2059 1788 2113 αὑτῶν

191 2151 296 2214 τὰς
330 2151 714 2221 ὑπερεχούσας
771 2152 952 2222 ρἀδῳ
1013 2151 1342 2218 κατέκλασε,
1406 2154 1502 2207 καὶ
1552 2154 1630 2215 εἰς
1684 2153 1788 2222 γῆν

194 2243 602 2314 κατεστόρησε,
631 2246 726 2297 καὶ
747 2242 892 2298 οὑτω
912 2245 1006 2296 τὸν
1031 2245 1434 2316 ἀγγελιαφόρον
1462 2244 1784 2316 ἀπέπεμψε.

193 2337 310 2390 Καὶ
338 2337 369 2389 ὁ
401 2336 504 2406 μὲν
538 2335 603 2388 τὸ
629 2337 878 2407 πραχθὲν
911 2336 988 2408 τῷ
1015 2339 1195 2409 Σέξτῳ
1223 2339 1582 2409 ἀπήγγειλεν,
1621 2339 1787 2391 ἀσυν-

192 2429 336 2491 έτως
361 2428 507 2497 έχων
536 2429 634 2497 τῆς
663 2429 936 2500 πράξεως.
983 2429 1042 2484 ’0
1079 2430 1135 2482 δὲ
1163 2431 1256 2483 τὸν
1285 2432 1411 2485 νοῦν
1445 2430 1651 2500 συνῆκε
1693 2430 1790 2500 τῆς

195 2521 544 2585 ὑποθέσεως,
575 2522 671 2576 καὶ
713 2524 847 2585 τοὺς.
887 2523 1347 2594 ἀξιολογωτέρους
1370 2523 1478 2576 τῶν
1516 2523 1790 2577 Γαουΐνων

194 2614 327 2675 τοὺς
380 2613 484 2682 μὲν
518 2613 695 2685 λάθρα
729 2615 1042 2685 φαρμάκοις
1069 2615 1362 2686 διέφθειρε,
1414 2616 1541 2678 τοὺς
1596 2615 1653 2668 δέ
1700 2614 1791 2669 διά

192 2721 364 2758 τινων
393 2703 556 2772 δῆθεν
587 2704 824 2775 λῃστῶν,
867 2706 1057 2770 ἄλλους
1089 2706 1148 2758 δέ
1181 2707 1246 2759 ἐκ
1302 2707 1670 2777 δικαστηρίων
1724 2707 1790 2760 ἀ-

203 2796 488 2859 πέκτεινε,
520 2797 891 2866 συκοφαντίας
921 2797 1041 2854 κατ’
1081 2797 1262 2851 αὑτῶν
1288 2797 1425 2868 πρὸς
1452 2797 1544 2850 τὸν
1578 2796 1792 2868 πατέρα

196 2887 498 2954 προδοσίας
553 2888 946 2958 πλαττόμενος.
1003 2890 1230 2957 Ὅμοιον
1257 2887 1314 2942 δέ
1370 2904 1424 2940 τι
1472 2887 1650 2958 τούτῳ
1695 2887 1792 2940 καὶ

193 2979 225 3033 ὁ
264 2979 560 3048 Ἡρόδοτος
596 2980 708 3052 (88)
760 2982 986 3052 ἱστορεῖ.
1039 2982 1371 3054 Περίανδρον
1420 2985 1528 3052 γὰρ
1560 2982 1654 3035 τὸν
1685 2982 1794 3034 Κυ-

1875 509 2003 550 eum
2055 492 2244 549 hostili
2289 491 2420 548 odio
2461 489 2734 546 dissidere
2787 487 3081 546 crederent
3105 527 3122 554 ,
3173 490 3450 546 hominem

1876 584 2271 654 benignissime
2315 589 2713 653 susceperunt,
2748 591 2806 638 et
2851 582 3062 653 aliquot
3109 596 3234 636 cum
3287 597 3355 637 co
3396 585 3451 638 in

1879 679 2188 736 Romanum
2223 693 2412 747 agrum
2455 676 2852 746 impressiones
2895 690 3088 747 magna
3118 674 3274 730 clade
3303 675 3453 730 illata

1879 774 2155 830 fecerunt.
2191 770 2290 826 His
2323 771 2491 840 igitur
2523 769 2593 824 de
2628 770 2810 824 causis
2832 808 2848 831 ,
2880 778 2939 824 et
2976 768 3122 838 quod
3166 767 3455 838 pecuniam

1881 865 2169 936 aliquibus
2198 862 2457 934 privatim
2492 863 2698 926 dabat,
2731 872 2786 916 et
2819 861 2873 914 in
2898 860 3179 929 publicum
3219 859 3458 914 liberali-

1879 971 1968 1018 ter
1995 959 2352 1022 conferebat,
2383 958 2497 1015 dux
2524 957 2591 1013 ab
2619 958 2700 1013 eis
2725 967 2946 1012 creatus
2975 963 3083 1019 est,
3120 953 3455 1008 urbanarum

1880 1055 2047 1111 etiam
2079 1069 2266 1110 rerum
2299 1051 2782 1106 administratione
2813 1049 3132 1107 commissa.
3160 1047 3413 1102 Posthtec
3440 1088 3455 1110 .

1879 1164 1984 1220 per
2002 1147 2296 1218 quemdam
2329 1147 2469 1216 patri
2494 1154 2697 1202 statum
2725 1159 2907 1198 rerum
2965 1155 3188 1196 suarum
3216 1139 3454 1203 nuntiat,

1883 1241 2018 1312 quid
2061 1255 2122 1295 se
2157 1238 2340 1294 facere
2401 1238 2568 1302 velit,
2614 1237 2950 1293 sciscitatur.
2998 1234 3094 1288 Ille
3140 1247 3271 1288 vero
3321 1229 3458 1285 nihil

1884 1331 2184 1403 respondet
2217 1330 2415 1385 nuntio
2439 1372 2454 1394 ,
2492 1346 2561 1386 ne
2584 1328 2840 1398 cognitus
2869 1327 2953 1382 vel
2984 1325 3174 1379 volens
3207 1323 3292 1378 vel
3319 1321 3463 1377 invi-

1885 1431 1975 1478 tus
1996 1436 2258 1477 arcanum
2284 1420 2482 1490 prodat
2509 1437 2524 1474 :
2555 1419 2652 1474 sed
2679 1418 2732 1472 in
2759 1419 2978 1473 hortum
3003 1415 3205 1472 aedium
3233 1413 3460 1478 transit,

1885 1519 2151 1580 sequente
2183 1510 2310 1574 illo,
2343 1517 2399 1564 et
2423 1524 2637 1563 summa
2668 1521 3002 1577 papaverum
3036 1505 3217 1574 capita
3261 1502 3460 1558 baculo

1888 1602 2124 1668 decutit,
2152 1602 2340 1670 itaque
2367 1601 2626 1656 nuntium
2663 1599 2870 1654 dimitit
2902 1616 2917 1654 :
2948 1598 3042 1668 qui
3073 1612 3134 1651 re
3163 1610 3270 1650 non
3299 1594 3462 1648 intel-

1888 1696 2051 1760 lecta,
2093 1695 2223 1765 quid
2254 1703 2439 1749 actum
2490 1702 2658 1751 esset.
2700 1692 2866 1746 Sexto
2895 1689 3195 1746 renuntiat.
3242 1688 3293 1742 ls
3326 1701 3462 1741 vero

1893 1787 2280 1842 animadverso
2309 1785 2483 1856 patris
2513 1784 2748 1840 consilio
2769 1823 2785 1848 ,
2817 1783 3157 1839 Gabinorum
3191 1780 3462 1850 primores

1886 1881 2084 1952 partim
2119 1881 2257 1934 clam
2293 1894 2509 1934 veneno
2545 1877 2807 1941 sustulit,
2853 1876 3052 1944 partim
3087 1889 3186 1944 per
3230 1871 3462 1927 sicarios

1888 1975 2164 2030 interfecit
2212 1992 2227 2028 :
2269 1974 2408 2028 alios
2447 1974 2501 2027 in
2540 1971 2749 2043 judicio
2791 1969 3087 2025 calumniis
3125 1979 3419 2037 oppressos
3444 2001 3460 2024 .

1886 2067 2045 2136 quasi
2091 2066 2285 2120 urbem
2325 2065 2469 2135 patri
2519 2079 2622 2119 suo
2669 2063 2906 2133 prodere
2951 2061 3197 2120 vellent.
3235 2056 3462 2113 amovit.

1888 2158 2080 2215 Simile
2129 2157 2395 2226 quiddam
2442 2155 2761 2210 Herodotus
2799 2154 2866 2208 de
2903 2151 3207 2208 Periandro
3248 2147 3464 2218 Cypseli

1887 2250 2033 2315 tilio,
2067 2247 2322 2305 Corinthi
2359 2259 2593 2320 tyranno
2615 2286 2630 2310 ,
2655 2245 2891 2300 scribit:
2935 2243 3027 2312 qui
3062 2256 3188 2297 cum
3223 2256 3253 2295 a
3286 2239 3466 2294 Thra-

1894 2343 2080 2398 sibulo
2126 2340 2296 2396 Mileti
2346 2352 2582 2412 tyranno
2615 2337 2907 2393 consilium
2948 2333 3204 2389 ﬁrmandi
3247 2329 3466 2400 imperii

1889 2436 2172 2505 petiisset.
2216 2431 2628 2504 Thrasybulum
2660 2429 2859 2484 nuntio
2888 2441 3024 2482 voce
3055 2425 3196 2480 nihil
3229 2437 3463 2493 respon-

1889 2529 2037 2585 disse
2062 2547 2075 2584 :
2111 2527 2206 2583 sed
2232 2542 2300 2582 eo
2329 2527 2383 2581 in
2418 2534 2657 2594 segetem
2683 2521 2923 2578 deducto
2944 2560 2958 2584 ,
2993 2517 3193 2574 culmis
3220 2515 3471 2571 eminen-

1891 2618 2129 2676 tioribus
2169 2615 2398 2672 resectis
2446 2622 2503 2668 et
2541 2612 2804 2682 abjcctis,
2845 2609 3127 2664 hominem
3167 2604 3468 2660 dimisisse.

1889 2710 1994 2778 Qui
2020 2724 2278 2766 reversus
2299 2746 2314 2772 ,
2351 2707 2532 2776 deque
2563 2705 2713 2760 illius
2740 2700 2976 2758 consilio
3007 2707 3231 2770 rogatus
3250 2736 3265 2761 ,
3313 2694 3470 2749 dixe-

1892 2805 1966 2861 rit
1990 2847 2006 2870 ,
2041 2819 2100 2858 se
2128 2803 2197 2858 ad
2230 2802 2508 2856 hominem
2558 2805 2757 2853 emota:
2790 2793 2995 2849 mentis
3033 2805 3155 2846 esse
3197 2789 3426 2843 missum
3448 2824 3467 2852 ,

1892 2906 2075 2962 neque
2095 2891 2242 2945 enim
2272 2888 2338 2943 ad
2369 2888 2704 2955 interrogata
2728 2881 3028 2953 quidquam
3047 2879 3204 2950 331
3240 2890 3468 2946 respon-

1894 2983 2063 3048 disse,
2082 2996 2146 3036 ac
2164 2980 2296 3051 quid
2321 2979 2412 3033 ille
2438 2976 2678 3040 fecisset,
2698 2973 2938 3028 narrarit
2963 2989 2979 3028 :
3011 2983 3067 3027 at
3083 2967 3470 3034 Periandrum,

193 3067 366 3137 ψέλου
448 3068 712 3138 τύραννον
771 3070 1036 3138 Κορίνθου
1097 3071 1387 3141 γενόμενον
1456 3071 1592 3141 φησὶ
1655 3069 1790 3141 πρὸς

1897 3075 2173 3133 intellecta
2208 3070 2537 3144 Thrasybuli
2563 3069 2798 3132 ratione,
2827 3079 3020 3121 omnes
3050 3059 3472 3118 Corinthiorum

195 3158 587 3231 Θρασύϐουλον
635 3161 728 3214 τὸν
771 3161 1016 3233 Μιλήτου
1061 3163 1327 3234 τύραννον
1377 3161 1791 3233 διαπέμψασθαι

198 3250 636 3318 πυνθανόμενον,
685 3252 833 3316 ὅπως
879 3254 1031 3324 αὑτῷ
1065 3255 1131 3308 τὰ
1177 3255 1279 3323 τῆς
1315 3255 1494 3326 ἀρχῆς
1529 3255 1793 3322 ἀσφαλῶς

196 3342 335 3407 ἕξει.
369 3343 476 3396 Τὸν
499 3343 555 3396 δὲ
576 3344 956 3416 θρασὺϐουλον
971 3348 1050 3417 τῷ
1073 3347 1469 3416 ἀπαγγείλαντι
1489 3347 1659 3401 ταῦτα
1685 3364 1795 3418 μη·

196 3437 289 3489 δὲν
314 3436 740 3509 ἀποκρίνασθαι·
755 3439 1117 3509 ἀπαγαγόντα
1137 3441 1182 3493 δ’
1202 3443 1281 3502 είς
1303 3441 1473 3512 λήϊον,
1491 3442 1598 3496 τῶν
1621 3443 1793 3496 ἀστα-

199 3529 351 3599 χύων
365 3529 497 3593 τοὺς
516 3530 883 3601 ὑπερέχοντας
907 3534 1194 3602 ἐκτέμνειν
1217 3549 1275 3584 τε
1303 3534 1396 3586 καὶ
1427 3535 1666 3604 ῥιπτεῖν,
1695 3534 1791 3586 καὶ

199 3621 379 3686 οὕτως
439 3623 765 3693 ἀποπέμψαι
811 3625 901 3677 τὸν
928 3625 1280 3695 ἐσταλμένον.
1322 3627 1425 3679 Τὸν
1467 3626 1524 3679 δὲ
1563 3625 1793 3679 ἐπανελ-

203 3715 392 3780 θόντα,
435 3717 534 3768 καὶ⁵
574 3717 671 3788 τήν
698 3715 791 3772 τοῦ
821 3717 1202 3788 Θρασυϐούλου
1240 3717 1550 3786 συμϐουλὴν
1576 3716 1794 3788 ἐρωτώ-

205 3826 397 3879 μενον,
429 3810 626 3875 εἰπεῖν,
655 3811 735 3874 είς
767 3810 1102 3881 παραπλῆγα
1122 3811 1460 3882 πεμφθῆναι,
1482 3811 1792 3880 καὶδιηγεῐο

1897 3168 2178 3242 principes
2221 3163 2538 3221 sustulisse.
2589 3159 2672 3217 Ad
2706 3156 2964 3216 eumdem
3011 3155 3235 3210 modum
3270 3152 3474 3242 Sextus

1895 3241 2062 3316 etiam
2109 3273 2236 3313 cum
2277 3255 2510 3312 Gabinis
2549 3253 2708 3325 egit:
2748 3260 2805 3306 et
2845 3246 3168 3304 melioribus
3227 3241 3428 3299 occisis
3452 3279 3470 3305 ,

1895 3369 2088 3410 eorum
2125 3350 2389 3421 pecunias
2420 3347 2582 3418 vulgo
2625 3341 2935 3400 distribuit.
2986 3337 3194 3395 Deinde
3224 3335 3332 3390 illis
3376 3333 3474 3389 dc-

1896 3446 2058 3509 letis,
2103 3443 2335 3513 reliquis
2379 3439 2660 3508 deceptis,
2707 3445 2764 3491 et
2827 3432 3014 3489 omnia
3073 3427 3471 3492 credentibus,

1897 3552 2023 3592 cum
2078 3533 2340 3589 Romanis
2388 3528 2623 3600 captivis
2663 3535 2720 3582 et
2761 3522 3090 3593 transfugis,
3131 3534 3271 3591 quos
3305 3533 3370 3573 ea
3405 3515 3475 3572 de

1899 3641 2064 3683 causa
2098 3625 2304 3679 multos
2331 3627 2606 3691 coegerat,
2638 3618 2832 3673 urbem
2865 3612 3184 3683 occupavit,
3217 3607 3477 3680 patrique

1902 3717 2153 3776 tradidit.
2179 3714 2287 3771 Sed
2315 3714 2381 3781 is,
2405 3729 2470 3768 ea
2499 3711 2612 3767 tilio
2639 3723 2920 3774 concessa,
2952 3719 3080 3762 cum
3115 3701 3238 3758 aliis
3258 3698 3478 3772 populis

1901 3807 2106 3864 bellum
2131 3805 2320 3876 gessit.

205 3902 332 3955 σθαι
357 3904 464 3956 ὅσα
485 3904 692 3967 ἐκεῖνος
714 3879 958 3975 ἐποίησε,
985 3905 1058 3975 μή
1083 3922 1136 3957 τι
1157 3879 1292 3974 πρὸς
1310 3879 1614 3974 δνὴρωτήθη
1630 3879 2005 3971 φθεγξάμενος
2027 3913 2044 3932 ο
2068 3900 2160 3952 τὸν
2181 3897 2237 3950 δέ
2269 3914 2334 3964 γε
2357 3895 2690 3966 Περίανδρον
2715 3889 3025 3946 συνεικέναι
3062 3884 3155 3939 τδν
3201 3880 3296 3975 τοῦ
3326 3879 3475 3975 Θρα-

207 3995 479 4050 συϐούλου
521 3997 806 4068 λογισμὸν,
836 3970 931 4052 καὶ
964 3970 1089 4062 τους
1117 3970 1482 4068 ὑπερέχοντας
1536 3970 1651 4050 τῶν
1695 3993 2002 4063 Κορινθίων
2035 3991 2283 4052 ἅπαντας
2313 3988 2600 4043 ἀπολέσαι.
2627 3985 2738 4040 Kal
2765 3984 2794 4036 ὁ
2827 3981 3021 4046 Σέξτος
3045 3975 3140 4032 οὑν
3168 3973 3311 4028 οὓτω
3351 3970 3478 4032 τοὺς

205 4091 504 4155 Γαουῑνους
538 4060 800 4162 μετῆλθε,
841 4094 937 4146 καὶ
977 4060 1102 4154 τοὺς
1149 4060 1249 4164 μὲν
1280 4060 1564 4162 κρείττους
1595 4060 1874 4154 ἀπώλλυε,
1901 4088 1982 4159 τῷ
2015 4086 2212 4156 πλήθει
2254 4083 2311 4137 δὲ
2339 4083 2409 4135 τὰ
2435 4081 2584 4151 σφῶν
2623 4080 2838 4148 διένεμε
2873 4077 3154 4149 χρήματα.
3187 4066 3302 4123 Kal
3338 4060 3480 4164 μετά

207 4182 368 4236 τοῦτο
420 4183 534 4236 τῶν
598 4182 699 4253 μὲν
744 4182 1152 4254 διαφθαρέντων
1204 4183 1326 4255 ήδη,
1356 4182 1546 4237 τῶνδὲ
1583 4183 1792 4236 λοιπῶν
1818 4179 2215 4252 ἠπατημένων,
2250 4178 2344 4232 καὶ
2379 4175 2560 4231 πάντα
2595 4173 2962 4227 πιστευόντων
2988 4165 3158 4239 αὑτῷ,
3198 4162 3336 4235 μετὰ
3368 4157 3478 4212 τῶν

207 4273 584 4347 αἰχμαλώτων
619 4277 932 4345 Ῥωμαίων,
963 4279 1056 4331 καὶ
1081 4277 1191 4330 τῶν
1221 4278 1557 4346 αὐτομόλων,
1587 4277 1681 4342 οὒς
1713 4278 1941 4339 πολλοὺς
1965 4275 2056 4330 διὰ
2081 4274 2242 4329 τοῦτο
2275 4272 2622 4343 συνήθροισε,
2647 4270 2880 4339 κατέσχε
2911 4269 3012 4337 τὴν
3051 4266 3226 4330 πόλιν,
3265 4259 3360 4314 καὶ
3399 4256 3478 4328 τῷ

211 4371 385 4440 πατρὶ
421 4369 795 4438 παραδέδωκε.
833 4371 943 4422 Καὶ
971 4370 1030 4433 ὃς
1057 4369 1276 4438 ἐκείνης
1303 4369 1382 4439 τῷ
1405 4371 1507 4441 υἱῷ
1533 4369 1953 4440 παρεχώρησεν,
1992 4367 2154 4430 αὐτὸς
2181 4367 2238 4420 δὲ
2263 4366 2396 4437 πρὸς
2425 4365 2559 4420 ἄλλα
2594 4362 2936 4432 ἐπολέμησεν
2970 4358 3121 4428 ἔθνη.

284 4461 395 4515 lA'.
423 4461 565 4523 Τοὺς
615 4459 674 4512 δὲ
725 4459 822 4526 τῆς
855 4459 1120 4530 Σιϐύλλης
1170 4460 1457 4531 χρησμοὺς
1506 4459 1790 4530 Ῥωμαίοις

1973 4458 2070 4513 Xl.
2107 4457 2379 4513 Caeterum
2433 4454 2655 4510 oracula
2686 4451 2952 4522 Sibyllina
3005 4449 3088 4503 vel
3142 4445 3347 4502 invitus
3377 4459 3479 4514 po-

213 4555 309 4608 καὶ
336 4554 492 4608 ἄκων
525 4554 990 4623 προσεποιήσατο.
1025 4552 1165 4624 Γυνὴ
1205 4553 1315 4623 γάρ
1347 4570 1431 4615 τις
1485 4551 1802 4621 θεόμαντις,

214 4647 279 4715 ήν
303 4643 575 4698 Σιϐύλλαν
600 4641 908 4712 ὠνόμαζον,
933 4644 990 4706 ἐς
1017 4643 1116 4712 τὴν
1155 4641 1380 4714 Ῥώμην
1412 4641 1666 4713 ἐλήλυθε,
1719 4641 1801 4711 pt-

214 4738 342 4792 ϐλία
375 4736 507 4805 τρία
540 4735 572 4806 ἢ
605 4735 764 4789 ἐννέα
793 4735 1060 4804 φέρουσα,
1085 4735 1379 4790 καὶταῦτα
1407 4733 1677 4806 πρίασθαι
1724 4733 1805 4805 τῷ

215 4830 517 4902 Ταρκυνίῳ
557 4828 752 4893 ἐδίδου,
785 4827 884 4881 καὶ
916 4825 1016 4898 τὴν
1044 4828 1209 4898 τιμήν
1246 4827 1359 4882 τῶν
1415 4825 1638 4898 βιϐλίων
1669 4824 1806 4896 ὡρί-

217 4939 372 4976 σατο.
424 4918 666 4974 Ἐκείνου
699 4918 757 4972 δὲ
790 4919 867 4990 μὴ
900 4918 1339 4990 προσεσχηκότος
1369 4919 1531 4989 αὑτῇ,
1559 4917 1620 4970 τὸ
1667 4914 1726 4969 ἓν
1770 4913 1804 4986 ἢ

216 5013 286 5066 τὰ
311 5013 442 5084 τρία
466 5011 577 5064 τῶν
608 5009 830 5080 βιϐλίων
882 5010 1247 5064 κατέκαυσεν.
1301 5008 1389 5072 Ὠς
1419 5008 1464 5062 δ’
1496 5005 1656 5069 αὖθις
1701 5021 1805 5059 κα-

217 5098 527 5169 τωλιγώρει
576 5097 747 5166 αὑτῆς
795 5099 824 5151 ὁ
879 5097 1206 5169 Ταρκύνιος,
1230 5096 1377 5151 κακά
1434 5096 1547 5150 τῶν
1599 5093 1807 5148 λοιπῶν

219 5194 424 5261 ὁμοίως
468 5192 770 5264 διέφθειρε.
808 5190 1128 5262 Μελλοὺσης
1155 5189 1212 5242 δέ
1242 5189 1338 5243 καὶ
1384 5187 1456 5242 τὰ
1509 5188 1593 5242 ἐτι
1644 5185 1808 5240 λοιπὰ

220 5285 609 5354 καταφλέξειν,
630 5287 950 5355 ἠνάγκασαν
979 5285 1143 5340 αὑτὸν
1171 5283 1220 5337 οἱ
1241 5281 1543 5348 οίωνισταὶ,
1573 5279 1642 5335 τὰ
1669 5279 1803 5349 γοῦν

223 5381 514 5450 σωζόμενα
560 5379 849 5451 πρίασθαι.
908 5379 1020 5434 Καὶ
1070 5378 1323 5448 ὠνήσατο
1349 5375 1544 5440 ταῦτα,
1572 5375 1701 5430 ὅσου
1738 5374 1808 5428 τὰ

1909 4551 2039 4622 pulo
2091 4551 2340 4605 Romano
2375 4546 2739 4616 comparavit.
2793 4543 2987 4598 Mulier
3035 4541 3182 4594 enim
3230 4537 3479 4609 quaedam

1905 4642 2149 4706 fatidica,
2181 4655 2344 4710 quam
2375 4639 2636 4711 Sibyllam
2663 4635 3004 4699 nominabat,
3037 4634 3262 4688 Romam
3299 4646 3358 4686 ιιι
3383 4637 3482 4685 aut

1908 4750 1963 4790 ix
2015 4734 2192 4791 libros
2235 4733 2454 4796 allatus.
2484 4729 2790 4802 Tarquinio
2819 4737 2972 4784 certo
3028 4724 3208 4797 pretio
3237 4723 3480 4787 venales,

1906 4827 2216 4898 proposuit.
2242 4826 2340 4882 Illo
2367 4841 2503 4881 vero
2549 4840 2671 4880 eam
2698 4821 3026 4894 negligente,
3076 4818 3163 4875 vel
3194 4832 3360 4873 unum
3392 4813 3482 4872 vel

1909 4932 2022 4978 tres
2074 4921 2248 4976 libros
2292 4920 2522 4976 exussit.
2586 4919 2655 4976 Ut
2707 4917 2907 4973 iterum
2944 4932 2974 4969 a
3031 4929 3161 4984 rege
3222 4911 3483 4981 despecta

1907 5023 2014 5077 est,
2057 5028 2125 5068 ex
2159 5012 2390 5082 reliquis
2424 5011 2653 5066 totidem
2684 5008 2948 5065 abolevit.
3001 5007 3142 5062 Cum
3169 5013 3354 5061 autem
3385 5017 3486 5058 eos

1908 5104 2075 5158 etiam
2105 5104 2200 5173 qui
2241 5102 2524 5158 restabant
2548 5114 2862 5157 crematum
2884 5107 3054 5164 esset,
3085 5113 3323 5170 augures
3345 5111 3475 5151 eum

1908 5194 2153 5265 reliquos
2201 5209 2387 5250 emere
2441 5202 2790 5263 coegerunt:
2859 5193 3029 5262 idque
3076 5190 3235 5254 tanti,
3289 5186 3481 5258 quanti

1911 5285 2202 5340 universos
2224 5300 2417 5355 parare
2445 5284 2733 5354 potuisset.
2793 5283 2900 5339 Eos
2934 5283 3108 5338 libros
3133 5281 3352 5336 duobus
3395 5291 3486 5332 sc-

1913 5373 2214 5428 natoribus‘
2253 5375 2616 5431 asservandos
2680 5374 2906 5430 tradidit
2953 5390 2968 5428 :
3024 5373 3230 5446 quique
3275 5367 3479 5438 scripta

1392 5540 1589 5604 Varia:
1617 5538 1928 5602 lectiones
1973 5543 2036 5598 et
2080 5546 2272 5602 notae.

299 5672 442 5742 (81‘)
464 5669 734 5736 κωδύας.
755 5669 891 5728 Vide
918 5670 1145 5727 Henric.
1196 5670 1474 5729 Valesium
1503 5667 1573 5724 ad
1599 5664 2120 5735 Harpocrationctn,
2158 5682 2279 5738 pag.
2319 5665 2446 5731 50!,
2468 5663 2564 5718 ubi
2590 5661 2658 5718 de
2683 5661 2789 5717 hac
2817 5672 2974 5715 voce.

301 5743 414 5814 (88)
460 5742 792 5813 Ἡρόδοτος.
817 5742 938 5800 Lib.
974 5757 1015 5810 t,
1047 5757 1102 5813 ι).
1125 5743 1178 5798 9.
