4042 6200
437 259 547 322 575

1722 251 2047 314 JOANNIS
2079 249 2404 310 ZONARA!

3579 234 3704 309 576

434 366 528 421 illa
561 381 674 422 non
712 365 850 421 satis
887 372 1343 436 assequar-eatur.
1393 361 1535 418 duos
1574 361 1727 416 viros
1751 378 1782 416 e
1812 362 2017 417 Graecia

2125 359 2307 413 πάντα
2335 357 2639 426 κτήσασθαι
2669 355 2884 426 ἔμελλε,
2919 355 3016 410 καὶ
3071 352 3182 409 δύω
3231 354 3551 425 βουλευταῖς
3601 358 3707 409 ἂν·

437 457 696 514 mercede
717 458 1156 521 accersiverunt,
1183 456 1278 526 qui
1309 469 1406 511 eos
1439 455 1710 525 legerent,
1735 461 1900 522 atque
1931 455 2018 506 in-

436 558 898 620 terpretarentur.
934 550 1177 604 Finitimi
1231 556 1416 602 autem
1445 546 1815 617 cognoscendi
1851 546 2018 611 avidi,

437 643 571 711 quid
612 643 679 697 iis
726 642 881 696 libris
927 642 1333 704 contineretur,
1379 639 1553 693 altero
1599 637 1888 692 custodum
1946 636 2017 691 Μ.

435 733 654 802 Aquilio
688 733 1075 802 largitionibus
1126 740 1414 800 corrupto,
1453 731 1706 801 quaedam
1759 729 2020 784 transcri-

437 831 684 890 pserunt.
709 819 830 886 Qun
856 819 1103 875 facinore
1133 818 1374 890 cognito,
1427 818 1642 873 Marcus
1671 819 1830 873 culeo
1869 817 2022 872 insu-

440 922 553 976 tus,
595 922 759 982 atque
793 913 1117 967 submersus
1145 920 1252 966 est.
1283 911 1341 965 Id
1391 911 1647 980 supplicii
1676 925 1851 980 genus
1897 915 2020 978 post

440 1003 498 1058 in
531 1003 823 1072 parricidis
863 1004 1214 1058 observatum
1251 1021 1265 1056 :
1305 1011 1366 1058 ut
1415 1017 1594 1070 neque
1621 1012 1789 1066 terra,
1839 1016 2020 1070 neque

439 1110 604 1164 aqua,
634 1110 814 1164 neque
853 1097 933 1150 sol
968 1111 1159 1150 eorum
1193 1103 1370 1149 morte
1423 1094 1824 1163 inquinaretur.
1860 1094 2023 1148 Tem-

439 1186 590 1254 plum
618 1187 674 1241 in
701 1197 886 1242 monte
917 1187 1154 1256 Tarpeio
1205 1202 1272 1240 ex
1323 1187 1494 1255 patris
1526 1193 1653 1239 voto
1703 1183 2015 1239 aedificavit.

441 1277 576 1332 Cum
611 1293 744 1332 vero
784 1287 930 1332 terra
955 1277 1023 1332 ad
1069 1277 1427 1332 fundamenta
1449 1275 1702 1346 jaeienda
1745 1275 2020 1330 effodere-

441 1378 552 1433 tur,
579 1369 683 1423 viri
719 1385 912 1426 recens
961 1370 1160 1424 mortui
1195 1371 1371 1438 capite
1417 1370 1676 1428 invento.
1709 1369 1855 1434 quod
1896 1383 2022 1424 san-

439 1462 558 1529 guis
597 1461 840 1516 nondum
863 1462 1209 1524 destituerat,
1257 1461 1493 1515 Romani
1534 1460 1880 1531 Tyrrhenum
1927 1474 2021 1513 va-

453 1563 562 1606 tem
600 1554 905 1621 percontati
959 1564 1110 1618 sunt,
1145 1554 1276 1622 quid
1309 1553 1706 1622 portenderet?
1734 1553 1802 1608 At
1831 1553 1924 1607 ille
1955 1552 2010 1606 id

2120 451 2285 523 δράσι
2317 451 2622 518 φυλάσσειν
2648 449 2986 520 παρέδωκεν.
3031 448 3122 509 Ὦς
3140 449 3186 501 δ’
3212 449 3272 500 οὐ
3299 451 3442 502 πάνυ
3469 449 3582 502 τῶν
3609 465 3705 516 γε-

2119 542 2458 612 γραμμένων
2494 541 2770 605 συνίεσαν,
2803 543 2883 603 εἰς
2931 541 3032 611 τὴν
3077 538 3308 594 Ἐλλάδα
3367 541 3705 607 στείλαντες,

2119 632 2230 686 δύω
2264 633 2465 702 ἄνδρας
2489 633 2700 686 ἐκεῖθεν
2738 629 2935 700 μισθοῦ
2970 631 3201 700 ήγαγον,
3231 631 3359 691 τοὺς
3392 633 3708 698 ἀναγνωσο-

2123 725 2318 792 μένους
2344 722 2517 776 ταῦτα
2577 723 2671 776 καὶ
2718 722 3180 792 ἑρμηνεύσοντας.
3234 724 3295 774 Ol
3342 722 3398 773 δὲ
3434 725 3708 791 περίοικοι

2125 818 2313 888 μαθεῖν
2345 816 2722 886 ἐθελήσαντες,
2756 817 2784 868 ὅ
2814 833 2868 867 τι
2899 815 3030 869 ποτὲ
3058 815 3119 867 τὸ
3165 815 3252 866 διὰ
3315 814 3422 866 τῶν
3483 814 3706 882 βιϐλίων

2121 910 2208 979 εἴη
2236 908 2584 980 δηλούμενον,
2615 908 2707 961 τὸν
2737 909 2926 979 ἕτερον
2957 908 3068 959 τῶν
3119 907 3509 976 φυλασσόντων
3564 909 3704 961 αὑτὰ

2120 1004 2349 1074 Μάρκον
2382 1003 2648 1056 Ἀκίλλιον
2679 1004 2960 1072 χρήμασιν
2981 1002 3404 1065 ἀναπείσαντες,
3435 1003 3703 1071 μετεγρά-

2119 1094 2292 1165 ψαντό
2349 1111 2492 1148 τινα.
2548 1094 2886 1156 Γνωσθέντος
2939 1093 2997 1146 δὲ
3065 1091 3159 1144 τοῦ
3221 1092 3406 1162 ἔργον,
3475 1095 3503 1143 ὁ
3544 1094 3704 1162 Μάρ-

2121 1201 2214 1246 κος
2239 1185 2350 1236 δύω
2379 1184 2605 1254 βύρσαις
2637 1184 3031 1254 συρῤαξείσαις
3077 1183 3397 1254 ἐμϐληθεὶς,
3433 1202 3705 1236 κατεπον-

2118 1274 2288 1344 τώθη,
2315 1274 2430 1339 δ’ἐξ
2458 1274 2669 1328 ἐκείνου
2701 1274 2996 1343 μετέπειτα
3039 1274 3182 1327 κατὰ
3241 1276 3349 1326 τῶν
3401 1277 3705 1344 πατροκτό-

2120 1384 2226 1420 νων
2255 1366 2606 1437 ἐπεκράτησε
2640 1365 2908 1432 γίνεσθαι,
2950 1366 3040 1418 ἴνα
3072 1367 3209 1436 μήτε
3247 1367 3398 1434 ήγῆ,
3445 1367 3585 1435 μήτε
3647 1368 3707 1419 τὸ

2121 1459 2288 1528 ὕδωρ,
2321 1460 2458 1528 μήτε
2484 1459 2689 1527 aqua;
2729 1457 2928 1527 μιανθῇ
2984 1457 3151 1511 αὑτοῦ
3195 1458 3550 1528 θνήσκοντος.
3601 1461 3707 1510 Τὸν

2119 1550 2178 1604 δὲ
2210 1548 2344 1601 νεὼν
2375 1549 2466 1602 τὸν
2493 1551 2551 1602 ὲν
2572 1549 2652 1620 τῷ
2679 1550 2939 1618 Ταρπεῒῳ
2967 1551 3082 1620 ὄρει
3119 1553 3261 1602 κατὰ
3317 1553 3415 1620 τὴν
3455 1551 3549 1603 τοῦ
3601 1570 3709 1603 πα-

439 1644 654 1712 signum
679 1645 734 1699 in
754 1645 1116 1716 Tyrrheniam
1146 1646 1531 1710 translaturus,
1558 1655 1769 1700 certum
1793 1647 1848 1700 in
1872 1655 2016 1700 terra

2121 1643 2248 1712 τρὺς
2278 1641 2442 1712 εὐχὴν
2476 1641 2766 1712 ᾠκοδόμει.
2798 1641 2912 1710 Τῆς
2940 1641 2997 1694 δὲ
3047 1646 3149 1712 γῆς
3176 1644 3256 1703 είς
3284 1643 3384 1713 τὴν
3412 1645 3521 1695 τῶν
3545 1643 3712 1712 θεμε-

440 1737 677 1806 spatium
711 1705 1020 1808 designavit
1050 1757 1062 1791 :
1092 1739 1148 1792 in
1181 1753 1360 1807 eoque
1406 1739 1593 1793 Romae
1623 1739 1730 1793 situ
1779 1746 1836 1792 et
1879 1737 2017 1791 Tar-

2123 1731 2252 1784 λίων
2295 1731 2604 1802 καταϐολὴν
2642 1733 3160 1802 ἀναρρηγνυμένης,
3186 1735 3376 1803 ἀνδρὸς
3419 1735 3710 1801 νεοθνῆτος

439 1830 564 1900 peio
593 1840 779 1887 monte
822 1833 1060 1897 incluso,
1099 1833 1312 1903 legatos
1338 1833 1570 1904 rogavit,
1625 1836 1707 1886 An
1742 1849 1805 1887 ea
1856 1833 2021 1886 Roma

439 1924 618 1976 esset?
647 1939 718 1976 an
738 1923 782 1976 is
810 1940 958 1976 mons
989 1931 1118 1978 esset
1144 1924 1169 1976 7
1190 1941 1260 1978 an
1285 1931 1443 1990 caput
1466 1924 1536 1977 ibi
1556 1925 1824 1979 inuentum
1850 1923 2026 1993 esset}?

439 2023 500 2066 ut
534 2013 638 2067 illis
671 2015 803 2069 nihil
839 2016 1279 2085 suspicantibus,
1317 2027 1374 2072 et
1408 2018 1482 2071 ita
1521 2032 1646 2072 esse
1697 2016 2022 2071 aﬂirmanti-

441 2107 565 2169 bus,
594 2107 740 2162 illius
774 2110 1012 2177 portenti
1045 2111 1130 2165 vis
1162 2111 1215 2164 in
1244 2127 1373 2165 eum
1425 2113 1631 2175 locum,
1677 2111 1733 2164 iu
1763 2124 1874 2180 quo
1921 2109 2022 2164 de-

439 2195 668 2264 scriptio
699 2196 841 2251 facta
867 2209 1031 2262 esset,
1065 2201 1481 2256 transferretur.
1530 2201 1639 2258 Sed
1666 2201 1828 2272 332
1858 2201 2022 2272 legati

439 2287 510 2340 ab
530 2287 675 2342 illius
699 2290 812 2343 filio
831 2289 1080 2346 fraudem
1107 2293 1262 2362 pri-us
1283 2293 1488 2358 edocti,
1510 2309 1634 2350 cum
1655 2304 1982 2364 rogarentur
2005 2311 2019 2348 ε

442 2374 567 2430 Non
605 2379 708 2441 hic,
763 2381 1044 2450 inquiunt,
1088 2382 1257 2439 Roma
1309 2383 1524 2450 colitur,
1555 2388 1649 2438 sed
1675 2387 1729 2438 in
1759 2385 1972 2440 Palatio
2003 2401 2022 2439 :

439 2478 491 2522 et
523 2485 669 2524 mons
699 2469 879 2526 Roma
903 2483 1001 2540 est,
1033 2483 1081 2528 et
1127 2484 1286 2546 caput
1316 2477 1374 2530 in
1401 2487 1578 2532 monte
1625 2478 1720 2532 illo
1753 2479 2024 2532 inuentum

441 2567 538 2614 est.
569 2560 720 2617 Vatis
749 2563 1048 2621 calliditate
1079 2567 1181 2620 hac
1215 2570 1429 2624 ratione
1455 2571 1634 2634 elusa,
1666 2586 1888 2626 omnem
1926 2587 2022 2628 ve-

438 2649 658 2708 ritatem
711 2653 1044 2722 didicerunt,
1095 2667 1154 2712 et
1191 2660 1407 2715 civibus
1453 2661 1571 2717 suis
1615 2665 2023 2731 renuntiarunt,

447 2761 546 2802 eos
573 2746 691 2802 fore
725 2749 1162 2817 potentissimos,
1219 2760 1277 2806 et
1302 2752 1578 2822 aplurimis
1631 2754 2021 2824 imperaturos.

438 2837 612 2908 Igitur
639 2839 755 2895 haec
787 2855 1005 2910 quoque
1034 2856 1125 2896 res
1162 2841 1422 2898 fiduciam
1453 2845 1678 2900 illorum
1738 2849 1914 2910 auxit.
1969 2857 2025 2904 et

438 2943 601 2986 mons
652 2947 720 2986 ex
753 2947 822 2988 eo
867 2934 1200 3006 Capitolium
1233 2946 1317 2992 est
1354 2937 1679 3006 appellatus.
1709 2937 1846 3004 Quia
1895 2953 2024 2994 vero

2124 1822 2337 1893 κεφαλὴ
2371 1822 2614 1890 ἀνεφάνη
2663 1821 2886 1890 ἔναιμος
2924 1823 3027 1876 ἔτι.
3085 1825 3380 1894 Ἔπεμψαν
3430 1826 3522 1878 οὖν
3570 1829 3710 1879 Ῥω-

2128 1917 2276 1984 μαῖοι
2341 1911 2478 1984 πρὸς
2506 1911 2679 1982 ἄνδρα
2731 1910 3016 1981 Τυρσηνὸν
3074 1915 3505 1983 τερατοσκόπον,
3571 1916 3715 1984 ἐρω-

2122 2006 2322 2068 τῶντες
2347 2005 2408 2057 τὸ
2434 2003 2524 2057 διὰ
2557 2003 2652 2057 τοῦ
2693 2003 2973 2071 Ιφανέντος
3025 2005 3374 2072 δηλούμενον.
3418 2007 3477 2058 '0
3537 2006 3594 2058 δὲ
3652 2008 3716 2060 τὺ

2127 2101 2355 2170 σημεῖον
2385 2100 2464 2161 είς
2495 2099 2594 2168 τὴν
2621 2096 2934 2168 Τυρσηνίδα
2962 2100 3278 2168 μεταθεῖναι
3302 2100 3714 2168 μηχανησάμε-

2125 2209 2235 2256 νθςν
2286 2191 2615 2260 διάγραμμα
2659 2190 2752 2242 ὲ’τῑτὶ
2807 2191 2907 2260 τῆς
2965 2191 3067 2258 γῆς
3106 2192 3426 2261 ἐποιήσατο,
3480 2194 3574 2243 καὶ
3629 2194 3714 2253 εἰς

2125 2283 2256 2336 αὐτὸ
2285 2266 2385 2349 τήν
2415 2300 2475 2335 τε
2498 2283 2596 2351 τῆς
2637 2281 2858 2352 Ῥώμης
2890 2281 3042 2334 θέσιν
3065 2283 3327 2346 ἐντείνας,
3357 2284 3450 2335 καὶ
3473 2284 3535 2334 τὸ
3566 2284 3717 2348 Tap-

2125 2378 2277 2430 πεῐον
2333 2375 2481 2445 ὅρος,
2539 2375 2731 2445 ἔμελλε
2792 2377 2917 2436 τοὺς
2965 2374 3223 2444 πρέσϐεις
3267 2377 3584 2445 ἀνερέσθαι.
3643 2376 3716 2430 Ἢ

2137 2467 2336 2536 Ῥώμη
2369 2468 2521 2535 αὕτη
2557 2468 2693 2520 ἐστί
2715 2483 2735 2530 ;
2769 2469 2833 2520 τὸ
2854 2467 2987 2535 ὄρος
3014 2466 3192 2520 τοῦτό
3209 2467 3378 2532 ἐστι;
3409 2468 3446 2533 ή
3471 2469 3713 2536 κεφαλὴ

2123 2557 2608 2626 ἐνταῦθαεὺρέθη
2626 2574 2646 2622 ;
2677 2557 2748 2611 ἶν’
2774 2557 2999 2613 ἐκείνων
3045 2557 3212 2627 μηδὲν
3243 2559 3713 2627 ὑποτοπητάντων

2127 2650 2226 2704 καὶ
2260 2651 2671 2720 συμφησάντων
2695 2652 2727 2719 ή
2755 2649 2988 2720 δύναμις
3007 2649 3104 2702 τοῦ
3135 2651 3367 2721 σημείου
3399 2655 3482 2715 είς
3503 2653 3567 2704 τὸ
3599 2671 3709 2723 χω-

2127 2742 2263 2812 ρίον,
2319 2744 2377 2795 ὲν
2429 2735 2474 2809 ᾧ
2520 2742 2909 2814 διεγέγραπτο,
2968 2743 3292 2812 μετασταίη.
3351 2745 3459 2796 Καὶ
3515 2745 3544 2795 ὁ
3609 2745 3712 2813 μὲν

2125 2834 2299 2888 ταῦτα
2328 2836 2656 2905 ἐτεχνήσατο
2681 2850 2696 2865 ο
2727 2836 2776 2886 οί
2798 2834 2856 2887 δὲ
2923 2834 3187 2902 πρέσϐεις
3229 2837 3383 2906 παρὰ
3433 2835 3528 2888 τοῦ
3560 2838 3711 2899 υίέος

2129 2928 2339 2982 ἐκείνου
2395 2927 2664 2995 μαθόντες
2711 2929 2772 2981 τὸ
2802 2931 3108 3001 τέχνασμα,
3153 2931 3546 3000 ἐρωτώμενον
3586 2935 3712 2986 Οὐκ

440 3022 775 3093 Tarquinius
799 3027 867 3081 ad
902 3029 1090 3099 templi
1113 3029 1608 3085 ewditleationem
1633 3031 1869 3101 pecunia
1895 3047 2017 3103 age-

2125 3022 2385 3076 ὲνταῦθα
2430 3020 2676 3074 οἰκεῖται
2721 3021 2760 3088 ἡ
2800 3021 3010 3093 Ῥώμη,
3047 3023 3182 3077 ἀλλ’
3207 3025 3277 3076 ἐν
3306 3022 3386 3089 τῷ
3413 3028 3712 3089 Παλατίῳ,

440 3112 562 3179 bat,
616 3114 950 3174 Ardeatibus
985 3119 1134 3176 illato
1162 3121 1546 3192 bello,.neque
1595 3121 1886 3191 pecuniam
1928 3138 2019 3178 ac-

440 3206 689 3275 quisivit,
720 3218 778 3264 et
804 3225 976 3281 regno
997 3213 1224 3269 exeldit.
1252 3212 1384 3280 Qua)
1416 3214 1700 3269 calamitas
1727 3229 1794 3268 ex
1834 3213 2020 3284 prodi-

440 3297 546 3365 giis
579 3307 664 3352 est
721 3302 1160 3372 praesigniﬁcata.
1189 3304 1324 3360 Nam
1366 3315 1426 3360 et
1461 3305 1713 3361 vultures
1743 3317 1813 3359 ex
1847 3304 2019 3359 hortis

440 3387 560 3457 ejus
587 3389 768 3458 pullos
789 3394 1098 3462 aquilarum
1127 3397 1461 3467 expulerunt
1489 3415 1503 3451 :
1529 3406 1585 3453 et
1613 3397 1806 3468 anguis
1826 3398 2018 3469 ingens

436 3480 768 3544 econclavi,
834 3482 888 3537 in
918 3499 1028 3554 quo
1079 3501 1206 3542 cum
1263 3489 1457 3544 amicis
1487 3489 1912 3556 convivabatur,
1961 3499 2019 3546 et

437 3569 619 3638 ipsum
647 3582 704 3627 et
732 3577 991 3631 convivas
1021 3578 1252 3649 fugavit.
1283 3581 1356 3635 lis
1378 3581 1448 3637 de
1495 3582 1682 3637 causis
1733 3583 1920 3637 Titum
1958 3591 2018 3639 et

436 3667 709 3713 Aruntem
744 3661 905 3729 filios,
939 3665 1178 3736 Delphos
1201 3669 1371 3724 misit.
1407 3669 1621 3736 Quibus
1654 3687 1780 3730 eum
1823 3673 2018 3742 Apollo

439 3751 834 3820 respondisset,
880 3765 993 3812 tum
1023 3775 1150 3814 eum
1180 3760 1472 3831 imperium
1503 3765 1860 3830 amissurum,
1887 3781 2013 3821 cum

434 3841 590 3896 cmi;
632 3845 872 3902 huznma
941 3865 1076 3906 voce
1123 3854 1472 3923 loqueretur,
1545 3873 1643 3926 spe
1707 3859 1852 3912 bona
1909 3859 2016 3913 sibi

437 3930 719 3992 blanditus
771 3948 878 4006 est,
917 3957 1201 4014 nunquam
1253 3946 1307 4000 id
1356 3949 1642 4003 oraculum
1687 3960 2016 4005 eventurum

435 4030 609 4081 ratus.
631 4022 764 4081 Erat
784 4039 966 4085 autem
993 4031 1055 4087 L.
1078 4031 1290 4094 Junius.
1315 4036 1521 4091 sororis
1544 4036 1828 4107 Tarquinii
1851 4038 2014 4103 filius,

437 4118 600 4186 cujus
648 4129 855 4187 patrem
910 4129 967 4177 et
992 4125 1216 4180 fratrem
1262 4136 1529 4199 tyrannus
1587 4130 1910 4185 sustulerat.
1967 4130 2018 4186 Is

438 4208 568 4265 vitae
581 4226 694 4267 sua:
720 4212 943 4283 timens,
971 4218 1256 4274 stultitiam
1285 4219 1587 4288 simulavit,
1609 4223 1770 4292 cujus
1789 4223 2016 4278 numine

438 4303 614 4358 tutior
651 4315 800 4362 esset
833 4327 846 4364 :
883 4310 1032 4366 unde
1056 4311 1212 4368 Bruti
1238 4329 1442 4370 nomen
1461 4326 1548 4372 est
1574 4316 1832 4388 adeptus,
1867 4319 2015 4388 quod

435 4393 651 4451 fatuum
701 4398 996 4471 signiﬁcat.
1048 4403 1130 4460 οι)
1157 4421 1277 4461 eam
1313 4408 1560 4464 stultitia.-
1607 4409 2015 4465 simulationem

439 4501 470 4540 a
523 4487 840 4560 Tarquiniis
900 4495 1141 4566 Delphos
1181 4497 1405 4564 ductus,
1460 4501 1768 4556 ludibrium
1823 4501 2014 4556 verius

439 4592 604 4646 quam
665 4597 897 4644 comes:
937 4589 1040 4642 etsi
1089 4588 1456 4658 profitebatur
1506 4607 1565 4646 se
1613 4591 1720 4646 deo
1758 4591 2014 4646 baculum

437 4669 585 4726 dono
614 4674 875 4742 laturum,
912 4678 967 4733 in
1000 4695 1112 4749 quo
1163 4695 1291 4734 cum
1333 4682 1474 4736 nihil
1526 4691 1815 4752 appareret
1856 4681 2010 4748 boni,

436 4778 504 4818 ea
529 4780 749 4836 quoque
780 4769 848 4824 de
895 4785 1063 4826 causa
1096 4771 1402 4828 ridebatur.
1451 4775 1654 4832 Verum
1687 4789 1752 4829 ea
1804 4790 1865 4829 re
1915 4790 2015 4844 per

437 4858 698 4929 ambages
725 4860 957 4932 efﬁgiem
1003 4865 1295 4934 quamdam
1333 4867 1535 4938 ingenii
1565 4868 1650 4922 sui
1711 4882 2016 4936 repraesen-

439 4949 612 5007 tabat.
645 4951 778 5006 Nam
810 4969 878 5009 eo
927 4965 1219 5021 excavata,
1254 4959 1394 5014 clam
1433 4975 1629 5014 aurum
1683 4959 2009 5016 infuderat:

441 5050 499 5096 ut
527 5043 864 5110 ostenderet,
887 5047 1165 5117 ingenium
1192 5065 1413 5120 quoque
1447 5066 1608 5106 suum
1649 5051 1924 5122 integrum
1956 5061 2013 5107 et

440 5133 768 5192 llonorabile
811 5138 916 5193 sub
969 5140 1335 5210 ignominioso
1385 5145 1632 5200 stultitim
1700 5146 2012 5202 velamento

436 5225 780 5282 delitescere.
811 5228 1268 5287 Adolescentibus
1302 5249 1470 5304 porro
1502 5235 2006 5307 interrogantibus,

435 5319 562 5388 quis
587 5323 727 5391 patri
757 5337 1116 5380 successurus
1140 5333 1283 5381 esset
1309 5325 1333 5379 ?
1366 5327 1669 5397 Respondit
1701 5330 1858 5391 deus,
1884 5345 2012 5385 eum

435 5413 530 5482 qui
567 5424 797 5469 matrem
839 5416 992 5484 prius
1030 5418 1399 5487 oscularetur,
1451 5436 1632 5475 rerum
1676 5423 2010 5492 potiturum.

434 5504 555 5571 Quo
585 5506 791 5562 Brutus
829 5508 1134 5584 intellecto,
1164 5522 1390 5579 terram,
1424 5515 1580 5584 quasi
1625 5514 1854 5569 fortuito
1885 5530 2013 5584 pro-

437 5594 646 5664 lapsus,
678 5598 1027 5655 deosculatus
1057 5612 1161 5658 est.
1194 5619 1359 5674 quam
1389 5620 1739 5662 communem
1766 5606 2014 5662 omnium

439 5700 673 5744 matrem
703 5705 827 5747 esse
858 5701 1004 5784 recte
1025 5694 1316 5765 judicavit.
1359 5697 1509 5754 ldem
1537 5699 1742 5756 Brutus
1775 5699 2013 5770 Tarqui-

2127 3113 2227 3166 καὶ
2257 3113 2321 3166 τὸ
2355 3113 2493 3181 ὄρος
2521 3113 2591 3165 ἐν
2623 3111 2699 3179 τῇ
2737 3114 3040 3182 Ῥωμαίων
3072 3114 3225 3179 ἐστὶ,
3256 3117 3352 3168 καὶ
3387 3118 3424 3183 ή
3470 3119 3711 3185 κεφαλὴ

2125 3207 2196 3260 ἐν
2225 3205 2304 3272 τῷ
2329 3205 2452 3274 ὄρει
2480 3206 2694 3274 ἐκείνῳ
2721 3206 2956 3274 εὑρέθη.
2987 3206 3145 3261 Οὕτω
3168 3208 3225 3261 δὲ
3250 3207 3328 3278 τῷ
3381 3215 3713 3280 τερατοσκᾶο

2127 3321 2214 3372 πῳ
2246 3302 2700 3371 διακρουσθέντος
2749 3301 2844 3355 τοῦ
2875 3307 3298 3373 μηχανήματος,
3356 3308 3535 3358 πᾶσαν
3567 3308 3713 3360 ἐκεῖ·

2126 3411 2208 3448 νοι
2233 3395 2335 3463 τὴν
2359 3395 2619 3464 ἀλήθειαν
2641 3393 2868 3463 ἔμαθον,
2897 3395 2990 3448 καὶ
3015 3398 3127 3458 τοῖς
3157 3397 3407 3459 πολίταις
3447 3399 3714 3466 ἀνήγγει-

2125 3487 2245 3550 λαν,
2287 3488 2370 3540 ὃτι
2405 3487 2692 3558 κράτιστοι
2725 3487 2962 3552 ἔσονται,
2996 3489 3090 3541 καὶ
3115 3489 3388 3543 πλείστων
3423 3491 3711 3560 ἄρξουσιν.

2138 3579 2326 3640 Ἐλπὶς
2358 3577 2453 3632 οὖν
2485 3581 2592 3633 κάκ
2629 3579 2823 3632 τούτου
2853 3579 3040 3642 αὐτοῖς
3070 3581 3453 3650 προσεγένετο,
3479 3584 3714 3636 κάντεῦ-

2094 3705 2098 3707 -
2126 3669 2218 3724 θεν
2246 3671 2307 3724 τὸ
2331 3671 2458 3738 ὅρος
2487 3671 2892 3740 μετωνομάσθη
2928 3672 3060 3741 παρ’
3107 3672 3286 3725 αὐτῶν
3338 3673 3690 3727 Καπιτώλιον

2124 3761 2352 3815 Καπίτα
2376 3761 2485 3832 γὰρ
2514 3764 2579 3831 τῇ
2628 3760 2919 3830 Ῥωμαίων
2955 3761 3224 3832 διαλέκτῳ
3277 3764 3309 3832 ή
3351 3763 3562 3833 κεφαλὴ
3587 3765 3712 3817 ὀνο-

2127 3853 2380 3924 μάζεται.
2422 3854 2650 3924 Δεηθεὶς
2681 3853 2737 3906 δὲ
2774 3852 3072 3923 χρημάτων
3133 3853 3212 3915 είς
3261 3853 3359 3922 τὴν
3412 3855 3712 3924 οἰκοδομὴν

2123 3944 2253 4000 ναοῦ
2292 3945 2320 3996 ὁ
2359 3943 2687 4015 Ταρκύνιος,
2746 3943 3066 4014 Ἀρδεάταις
3122 3945 3394 4014 ἐπήνεγκε
3445 3947 3712 4013 πόλεμον,

2122 4037 2247 4091 ὅθεν
2269 4036 2395 4090 οὔτε
2419 4037 2682 4106 χρήματα
2704 4035 3138 4105 προσεκτήσατο,
3171 4037 3266 4088 καὶ
3295 4037 3395 4104 τῆς
3426 4037 3712 4106 βασιλείας

2120 4129 2374 4196 ἐξέπεσε.
2404 4126 2672 4194 Γεγόνασι
2708 4126 2753 4179 δ’
2788 4127 2939 4198 αὐτῷ
2975 4130 3070 4181 καὶ
3103 4127 3306 4198 σημεῖά
3363 4147 3484 4183 τινα
3530 4131 3700 4200 δήλων

2120 4221 2249 4275 τικὰ
2286 4219 2384 4289 τῆς
2408 4216 2762 4282 ἐκπτώσεως.
2802 4218 2906 4272 Ἕκ
2932 4236 2990 4272 τε
3025 4219 3135 4289 γὰρ
3163 4219 3259 4274 τοῦ
3304 4221 3485 4288 κήπου
3534 4223 3713 4275 αὑτοῦ

2122 4314 2295 4381 γῦπες
2324 4311 2578 4374 νεοσσοὺς
2604 4311 2876 4380 ἐξήλασαν
2921 4312 3118 4365 ἀετῶν⁹
3147 4311 3242 4364 καὶ
3293 4312 3352 4376 ἑξ
3411 4313 3716 4382 ἀνδρῶνος,

2050 4399 2092 4453 D
2121 4408 2180 4460 ὲν
2211 4405 2256 4477 ᾧ
2299 4405 2640 4458 συνειστιᾶτο
2667 4404 2864 4472 φίλοις,
2897 4404 3019 4471 ὄφις
3069 4407 3248 4473 μέγας
3279 4407 3572 4473 ἐπιφανεὶς
3605 4409 3677 4458 αὑ

2122 4499 2213 4552 τόν
2243 4515 2303 4551 τε
2328 4498 2422 4552 καὶ
2451 4497 2577 4558 τοὺς
2607 4497 2896 4559 συσσίτους
2927 4498 3172 4562 ἐξέϐαλε.
3207 4498 3307 4552 Διά
3328 4517 3407 4551 τοι
3437 4501 3612 4552 ταῦτα
3652 4502 3708 4552 ὲ-

2125 4590 2361 4658 Δελφοὺς
2391 4588 2551 4642 Τίτόν
2576 4589 2750 4650 τεκαὶ
2785 4588 3084 4659 ’Δρῤοὗντα
3124 4590 3252 4652 τοὺς
3283 4591 3433 4650 υίοὺς
3466 4593 3711 4660 ἔπεμψε.

2123 4683 2232 4736 Τοῦ
2267 4683 2324 4735 δὲ
2358 4682 2688 4742 ’Λπόλλωνος
2714 4682 3018 4752 χρήσαντος
3069 4683 3192 4735 τότε
3219 4683 3318 4751 τῆς
3370 4684 3554 4751 ἀρχῆς
3611 4686 3680 4736 ἐκ

2121 4773 2605 4836 πεσεῖσθαιαύτὸν,
2629 4775 2717 4827 ὅτε
2735 4773 2884 4827 κύων
2901 4773 3218 4844 ἀνθρωπίνῃ
3244 4778 3392 4843 φωνῇ
3415 4779 3711 4844 χρήσαιτο,

2119 4866 2354 4934 ἀγαθαῖς
2385 4866 2600 4919 ἐλπίσιν
2625 4865 2868 4937 ᾐώρητο,
2903 4865 2976 4937 μὴ
3007 4864 3212 4936 οίηθείς
3247 4883 3378 4918 ποτε
3438 4868 3708 4933 γενέσθαι

2116 4961 2178 5014 τὸ
2196 4955 2617 5030 μάντευμα.ἾΙν
2630 4960 2685 5013 δὲ
2707 4960 2934 5024 Λούκιος
2952 4960 3170 5022 Ἰούνιος
3190 4960 3427 5029 ἀδελφῆς
3442 4962 3536 5012 τοῦ
3560 4962 3714 5031 Ταρ-

2117 5050 2304 5104 κυνίου
2330 5052 2464 5113 υίὸς.
2498 5045 2557 5104 οὗ
2588 5051 2680 5103 τὸν
2709 5052 2924 5122 πατέρα
2948 5053 3040 5104 καὶ
3069 5051 3162 5103 τὸν
3189 5051 3420 5119 ἀδελφὸν
3441 5052 3677 5119 ὸΤαρκὺ

2116 5162 2230 5208 νιος
2258 5145 2520 5198 ἔκτεινεν.
2555 5138 2724 5207 Οὗτος
2749 5140 2863 5208 οὗν,
2899 5144 3148 5213 καὶπερὶ
3181 5142 3361 5213 ἑαυτῷ
3416 5144 3702 5210 δεδοικὼς,

2119 5237 2330 5307 μωρίαν
2387 5239 2849 5306 προσεποιήσατο,
2905 5236 3112 5306 ταύτην
3155 5235 3354 5289 ἑαυτοῦ
3385 5239 3686 5307 προστησάι

2120 5346 2276 5399 μενος
2309 5329 2578 5398 σώτειραν
2602 5369 2616 5384 .
2648 5329 2742 5382 Διὸ
2785 5330 2879 5382 καὶ
2914 5328 3152 5399 Βροῦτος
3202 5329 3482 5401 ἐπεκλήθη
3502 5345 3518 5362 ο
3565 5332 3697 5392 τοῦς

2116 5422 2226 5493 γὰρ
2261 5422 2478 5492 εὐήθεις
2505 5420 2648 5474 οὕτω
2668 5424 2781 5484 τοῖς
2805 5422 3056 5485 Λατίνοις
3101 5421 3223 5485 ἔθος
3270 5423 3477 5477 καλεῖν.
3520 5425 3705 5478 Πλατ-

2115 5514 2341 5582 τόμενος
2370 5510 2465 5568 οὖν
2497 5515 2589 5567 τὸν
2641 5515 3008 5584 μωραίνοντα,
3059 5516 3172 5578 τοῖς
3223 5516 3320 5569 τοῦ
3376 5517 3693 5584 Ταρκυνίου

2115 5608 2307 5662 παισὶν
2340 5608 2422 5669 εἰς
2451 5606 2693 5675 Δελφοὺς
2708 5605 2929 5660 ἀπιοῦσι
2956 5608 3394 5678 συμπαρελήφθη
3419 5608 3495 5671 ὡς
3526 5607 3700 5678 ἄθυρ-

2115 5717 2209 5770 μα.
2254 5697 2312 5754 Ὀ
2341 5699 2396 5754 δὲ
2424 5701 2519 5753 καὶ
2563 5700 2823 5774 ἀνάθημα
2846 5701 3036 5778 φέρειν
3071 5699 3225 5768 ἔλεγε
3257 5699 3333 5769 τῷ
3361 5699 3482 5768 Θεῷ
3502 5716 3520 5733 ·
3554 5700 3618 5753 τὸ
3645 5700 3700 5752 δ’
