4042 6200
462 257 572 322 579

1755 255 2087 316 JOANNIS
2127 250 2452 318 ΖΟΝΑΒΑΞ

3621 252 3740 319 580

459 367 641 434 missi,
689 374 805 421 tum
839 377 901 419 re
954 361 1160 418 infecta
1205 361 1609 418 discesserunt.
1637 362 1767 418 Post
1832 365 2037 418 reversi

2144 367 2450 436 Ταρκυνιου
2480 364 2745 434 πρέσϐεις
2775 364 2857 426 είς
2891 361 3117 434 Ῥώμην
3147 357 3306 435 ἧκον,
3337 363 3472 436 περὶ
3500 365 3739 420 καθόδου

462 461 795 522 retulerunt,
828 454 878 510 si
907 454 1050 508 bona
1082 467 1183 507 sua
1214 451 1342 522 ipsi,
1371 452 1569 508 amicis
1596 460 1654 507 et
1709 454 2042 508 necessariis

459 555 844 612 redderentur.
879 546 1026 601 unde
1063 545 1326 600 exsilium
1359 543 1682 604 tolerarent.
1711 560 1841 599 eum
1865 560 2039 615 regno

457 645 624 720 335
663 655 975 705 cessurum,
1011 648 1070 694 et
1091 637 1296 694 bellum
1323 636 1708 707 depositurum
1750 651 1893 692 esse.
1923 637 2043 703 Qua

463 739 731 810 petitione
776 747 902 788 cum
951 729 1107 784 multi
1134 727 1513 794 necterentur,
1540 735 1708 796 atque
1738 727 1855 796 ipse
1903 729 2042 782 adeo

458 829 790 890 Collatinus,
829 823 984 879 Bruti
1014 821 1224 892 collega
1262 820 1505 875 :Brutus
1539 834 1571 874 e
1600 819 1754 874 curia
1785 820 1840 874 in
1859 820 2039 874 forum

458 920 725 985 excurrit,
749 918 1084 973 Collatinum
1105 913 1446 985 proditorem
1477 913 1738 982 appellat,
1785 913 1879 982 qui
1911 912 2041 968 belli

459 1026 517 1072 et
574 1010 882 1084 tyrannidis
935 1009 1302 1063 instrumenta
1349 1005 1670 1075 largiretur.
1715 1004 1903 1074 Legati
1943 1020 2044 1076 per

459 1107 700 1179 speciem
769 1101 1082 1173 repetendae
1132 1099 1382 1170 pecunia:
1448 1098 1636 1152 Romae
1690 1098 2038 1163 commorati,

460 1200 679 1257 nobiles
734 1197 947 1266 aliquot
1008 1193 1389 1248 adolescentes
1445 1205 1824 1260 corrumpere,
1877 1199 2042 1261 atque

459 1293 606 1347 inter
630 1289 790 1350 alios,
823 1289 992 1342 etiam
1022 1283 1175 1338 Bruti
1205 1282 1350 1338 ﬁlios
1386 1282 1530 1336 duos
1554 1283 1622 1336 ad
1669 1283 2041 1352 proditionem

411 1427 414 1429 λ
461 1382 748 1453 impellere
792 1379 1150 1434 studuerunt.
1189 1383 1234 1429 Α
1267 1374 1472 1444 quibus
1526 1374 1762 1444 benigne
1815 1383 2042 1445 accepta

459 1475 734 1539 oratione,
756 1473 937 1528 visum
963 1478 1050 1526 est
1076 1476 1238 1539 pacta
1265 1467 1630 1538 jurejurando
1651 1469 1868 1523 sancire
1897 1487 1912 1523 :
1945 1482 2043 1522 ea-

457 1584 568 1640 que
610 1567 679 1622 de
734 1580 900 1620 causa
932 1564 987 1618 in
1015 1562 1165 1618 ades
1208 1575 1352 1632 pene
1384 1560 1635 1616 desertas
1667 1571 1724 1615 et
1777 1560 2045 1616 obscuras

459 1661 716 1730 ingressi,
748 1675 860 1714 non
908 1655 1423 1712 animadverterunt
1475 1655 1550 1710 ibi
1575 1670 1696 1710 esse
1726 1655 2044 1710 Vindicium

2142 457 2522 526 διαλεγόμενοι
2545 471 2562 487 θ
2593 454 2668 517 ὡς
2700 453 2746 506 δ’
2780 453 2938 507 οὐδὲν
2963 455 3151 524 ήνυον,
3179 455 3356 524 ἕτεροι
3401 452 3559 519 αὖθις
3611 458 3738 510 έπέο

2143 566 2375 619 στησαν,
2405 546 2742 617 ἀφίστασθαι
2769 545 2873 615 τῆς
2906 545 3219 616 βασιλείας,
3270 549 3366 601 καὶ
3417 550 3624 602 παύειν
3647 552 3740 602 τὸν

2142 640 2380 709 πόλεμον
2413 639 2666 707 λέγοντες
2723 637 2817 691 τὸν
2869 637 3199 706 Ταρκύνιον,
3255 639 3304 690 εί
3351 639 3420 692 τά
3471 641 3740 710 χρήματα

2141 731 2346 785 δοθεῖεν
2375 731 2550 801 αὐτῷ,
2579 732 2677 784 καὶ
2702 734 2816 795 τοῖς
2847 731 3048 800 φίλοις,
3079 734 3177 784 καὶ⁵
3204 734 3319 794 τοῖς
3352 734 3605 796 οἰκείοις,
3643 734 3741 802 ἀφ’

2141 817 2219 877 ὧν
2247 821 2636 877 διαϐιώσονται
2681 822 3002 892 φεύγοντες.
3053 823 3484 892 Ἑπικλωμένων
3517 824 3578 876 δὲ
3609 827 3742 876 πολ-

2143 915 2274 981 λῶν,
2302 915 2397 970 καὶ
2433 915 2602 969 αὑτοῦ
2643 916 2977 969 Κολλατίνου
3005 913 3104 968 τοῦ
3153 914 3234 984 τῷ
3265 915 3489 986 Βρούτῳ
3527 918 3740 987 συνάρ-

2143 1024 2354 1078 κοντος,
2385 1009 2470 1072 εἰς
2496 1008 2708 1078 ἀγορὰν
2732 1011 2760 1062 6
2791 1007 3032 1080 Βροῦτος
3081 1009 3147 1062 ἐκ
3186 1007 3283 1061 τοῦ
3344 1007 3739 1080 βουλευτηρίου

2143 1099 2436 1171 ἐξέδραμε,
2471 1102 2745 1173 προδότην
2775 1101 2871 1156 τὸν
2907 1103 3240 1158 Κολλατῖνον
3269 1104 3588 1170 ἀποκαλῶν,
3647 1121 3743 1157 πο-

2144 1191 2312 1262 λέμου
2389 1193 2486 1247 καὶ
2551 1195 2868 1265 τυραννίδος
2913 1196 3172 1268 ἀφορμὰς
3232 1200 3618 1268 χαριζόμενον.
3675 1199 3742 1251 0’.

2146 1282 2492 1354 πρέσϐειςδδ
2543 1283 2639 1336 ἐπὶ
2695 1287 2763 1356 τῇ
2813 1284 2924 1338 τῶν
2968 1285 3280 1355 χρημάτων
3333 1286 3615 1356 προφάσει
3669 1289 3738 1356 τῇ

2156 1373 2345 1447 Ῥώμῃ
2379 1375 2840 1447 ἐνδιατρίϐοντες,
2869 1377 3102 1447 ῐσχυσαν
3132 1375 3450 1448 διαφθεῖραι
3476 1377 3588 1430 τῶν
3619 1380 3740 1432 ἐπι-

2149 1470 2346 1540 σήμων
2383 1470 2554 1533 τινὰς,
2584 1468 2706 1539 μεθ’
2749 1461 2826 1522 ὧν
2857 1472 2954 1523 καὶ
2983 1469 3097 1522 δύω
3128 1469 3227 1521 τοῦ
3264 1469 3503 1539 Βρούτου
3539 1470 3740 1532 παῖδας

2146 1561 2377 1615 ἔπεισαν
2402 1563 2461 1614 ὲν
2490 1564 2558 1632 τῇ
2603 1561 2868 1634 προδοσίᾳ
2896 1561 3175 1630 γενέσθαι.
3231 1563 3321 1626 Ὦς
3351 1560 3447 1616 οὖν
3482 1563 3743 1616 συνέπει-

2152 1670 2253 1708 σαν
2281 1654 2349 1706 τά
2380 1655 2666 1724 μειράκια,
2689 1653 2837 1718 εδοξε
2883 1655 2980 1707 καὶ
3031 1656 3199 1724 ὅρκον
3247 1655 3534 1727 προθεῖναι
3643 1657 3742 1710 καὶ

457 1768 704 1819 servum,
759 1751 855 1822 qui
887 1765 1001 1804 non
1035 1748 1104 1804 de
1135 1747 1430 1814 industria,
1486 1748 1585 1803 sed
1645 1751 1785 1802 forte
1820 1747 2037 1803 fortuna

2146 1747 2241 1800 ἐπὶ
2271 1747 2483 1810 τούτοις
2509 1749 2590 1810 είς
2619 1743 2799 1800 οίκίιὶν
2833 1745 3228 1818 συνῆλθον.⁹11ν
3244 1747 3298 1800 δὲ
3329 1748 3358 1800 6
3383 1742 3540 1812 οἶκος
3563 1748 3742 1820 ὑπέρ-

459 1843 535 1899 ibi
561 1843 918 1908 delitescens,
947 1849 1227 1910 spectator
1265 1848 1540 1904 actorum,
1571 1846 1629 1892 et
1661 1838 1882 1892 auditor
1921 1853 2042 1892 ser-

458 1948 684 1991 monum
723 1934 828 1988 fuit
865 1950 879 1988 :
918 1948 1041 2002 qua:
1068 1931 1256 1987 omnia
1293 1930 1362 1986 ad
1396 1929 1606 1986 caedem
1655 1929 1949 1986 consulum
1980 1939 2043 1984 et

459 2029 830 2099 proditionem
888 2027 1047 2080 urbis
1106 2024 1453 2096 spectabant,
1498 2024 1702 2080 additis
1743 2025 1911 2079 etiam
1970 2023 2040 2077 ad

458 2119 822 2191 Tarquinium
881 2118 1106 2172 litteris.
1156 2116 1476 2188 Coniuratis
1521 2117 1805 2188 digressis,
1847 2131 2040 2172 servus

457 2213 643 2267 omnia
671 2210 872 2265 defert.
905 2209 989 2264 llli
1016 2208 1332 2278 capiuntur,
1360 2209 1558 2264 littera:
1581 2208 1915 2264 ali‘eruntur.
1944 2209 2042 2265 Dc-

459 2303 742 2358 ducuntur
767 2301 823 2356 in
869 2299 1051 2354 forum
1087 2316 1104 2353 :
1134 2307 1353 2354 astante
1406 2299 1688 2364 Vindicio,
1720 2300 1919 2356 littera:
1949 2315 2039 2355 re-

459 2395 724 2451 citantur.
773 2393 912 2448 Aliis
933 2400 1190 2447 mmstum
1213 2391 1494 2446 silentium
1528 2385 1869 2459 tenentibus,
1897 2393 2040 2448 Bru-

461 2496 551 2542 tus
593 2485 917 2541 nominatim
973 2494 1268 2553 utrumque
1317 2483 1491 2537 ﬁlium
1536 2484 1806 2538 allocutus
1844 2503 1859 2540 :
1919 2483 2041 2538 Non

462 2577 742 2650 depellitis,
762 2575 960 2646 inquit,
979 2576 1176 2629 crimen
1196 2576 1221 2627 .9
1235 2573 1348 2629 Illis
1369 2575 1700 2641 tacentibus,
1725 2575 1791 2630 ad
1817 2577 2042 2632 lictores

461 2683 764 2726 conversus
791 2685 805 2722 :
832 2667 990 2734 Quod
1024 2674 1212 2730 restat,
1244 2666 1345 2729 ait,
1376 2668 1534 2719 vestri
1590 2671 1823 2721 niuitcris
1851 2675 1948 2724 est.
1996 2667 2040 2722 li

461 2762 839 2818 adolescentes
865 2769 1115 2828 arreptos
1157 2758 1343 2829 flagris
1388 2759 1713 2814 ceciderunt
1748 2776 1764 2817 :
1800 2775 2038 2829 quorum

461 2850 841 2907 misericordia
888 2862 1015 2903 cum
1060 2849 1155 2902 alii
1202 2857 1582 2912 moverentur,
1643 2857 1800 2918 pater
1859 2865 2040 2920 neque

460 2944 652 2999 oculos
675 2942 785 2997 alio
813 2939 1034 3006 avertit,
1079 2955 1261 3011 neque
1287 2942 1462 2995 ullum
1513 2941 1916 2997 misericordiae
1965 2941 2041 2997 si-

459 3051 627 3109 gnum
657 3035 831 3104 dedit,
868 3037 1049 3106 quoad
1085 3035 1266 3089 securi
1317 3034 1566 3104 percussi
1607 3045 1758 3091 sunt.
1806 3034 1923 3091 Hoc
1952 3037 2037 3091 fa-

460 3139 612 3186 ctum
651 3141 832 3198 neque
859 3125 1101 3181 laudare
1137 3139 1320 3194 neque
1363 3125 1675 3194 vituperare
1719 3135 2038 3196 promptum

459 3231 565 3276 est.
597 3221 710 3275 Aut
734 3219 883 3275 enim
911 3217 1136 3272 virtutis
1171 3216 1407 3272 altitudo
1434 3217 1885 3287 perturbationes
1919 3234 2041 3275 om-

462 3327 560 3369 nes
591 3313 649 3368 in
673 3313 793 3382 ejus
838 3310 1022 3365 animo
1070 3309 1367 3381 oppressit,
1432 3319 1528 3364 aut
1567 3311 1898 3368 calamitatis
1923 3328 2040 3369 rna-

458 3405 692 3478 gnitudo
721 3405 772 3460 ei
834 3412 1118 3474 stuporem
1151 3403 1358 3459 attulit.
1413 3404 1685 3460 Neutrum
1735 3419 1868 3461 vero
1919 3407 2039 3464 exi-

459 3513 628 3570 guum
661 3505 765 3563 est,
796 3507 892 3552 aut
920 3497 1224 3551 humanum
1253 3512 1268 3550 :
1300 3495 1398 3552 sed
1432 3507 1529 3552 aut
1575 3497 1908 3566 divinitatis,
1939 3512 2038 3557 aut

460 3590 715 3646 belluinaa
748 3589 1126 3644 immanitatis.
1169 3587 1267 3644 llis
1307 3587 1635 3656 interfectis,
1668 3607 1700 3645 a
1731 3591 1904 3647 Bruto
1937 3607 2038 3662 po-

458 3685 723 3739 stulatum
750 3691 856 3750 est,
890 3690 952 3737 ut
997 3684 1063 3737 de
1104 3682 1322 3738 caeteris
1358 3697 1579 3754 quoque
1624 3685 2034 3753 pronuntiaret.

457 3778 539 3834 Ad
565 3793 687 3848 qua:
717 3776 808 3831 illc
834 3792 850 3832 :
874 3775 1092 3840 Liberis,
1117 3775 1316 3846 inquit,
1346 3778 1472 3830 meis
1498 3777 1716 3832 idoneus
1749 3778 1824 3848 {ui
1840 3779 2036 3844 iudex,-

457 3872 522 3925 de
555 3872 756 3925 arteria
784 3885 903 3923 vero
933 3869 1127 3924 civibus
1147 3869 1268 3937 jam
1316 3870 1489 3925 liberis
1526 3872 1780 3943 suffragia
1818 3875 2038 3944 ferenda

456 3962 723 4030 permitto.
759 3959 1062 4015 Sententiis
1109 3960 1258 4024 latis,
1290 3973 1486 4017 omnes
1515 3963 1699 4017 securi
1741 3973 1872 4019 sunt
1903 3980 2035 4036 per-

455 4053 624 4120 cussi,
655 4061 820 4123 atque
868 4052 1015 4106 inter
1051 4052 1190 4107 alios
1240 4054 1460 4124 cognati
1486 4054 1700 4125 aliquot
1727 4054 1988 4113 Collatini
2017 4075 2031 4113 :

455 4145 526 4200 ob
560 4161 700 4216 quos
727 4161 854 4200 eum
903 4146 1259 4210 irasceretur,
1290 4147 1476 4218 p0puli
1505 4164 1535 4202 a
1571 4148 1739 4204 Bruto
1772 4152 2034 4209 concitati

456 4237 712 4292 inanibus
747 4253 885 4306 pene
913 4237 1230 4307 discerptus
1267 4247 1435 4292 esset.
1465 4237 1814 4310 Magistratus
1849 4249 2033 4296 tamen

452 4330 502 4383 ei
531 4337 614 4382 est
645 4328 966 4400 abrogatus,
1000 4329 1056 4384 Ρ.
1094 4330 1311 4386 Valerio
1339 4346 1661 4388 successore
1703 4334 1834 4389 dato
1869 4353 1884 4391 :
1938 4337 2029 4392 cui

2143 1856 2284 1911 ημος
2315 1838 2411 1892 καὶ
2469 1835 2764 1907 σκοτώδης.
2801 1837 3035 1891 Ἐλαθεν
3065 1837 3161 1892 οὖν
3211 1839 3361 1892 ἔνδον
3408 1839 3486 1892 ὣν
3517 1841 3623 1892 οὐκ
3675 1843 3740 1894 ἐκ

2143 1929 2426 2000 προνοίας,
2487 1927 2630 1981 ἀλλά
2679 1929 2946 1998 τυχαίως,
3017 1929 3242 1998 οίκέτης
3301 1929 3476 2000 ὄνομα
3526 1931 3744 1984 Οὐινδί-

2143 2037 2263 2084 κιος
2299 2019 2438 2091 (92),
2471 2020 2568 2074 καὶ
2593 2020 3009 2092 κατακρυφθεὶς
3065 2023 3212 2087 ἐκεῖ,
3271 2021 3472 2091 θεατής
3519 2039 3582 2075 τε
3628 2023 3739 2074 τῶν

2140 2113 2436 2186 δρωμένων
2460 2108 2550 2184 ἦν,
2581 2113 2680 2165 καὶ
2716 2111 2829 2166 τῶν
2881 2112 3327 2184 βεϐουλευμένων
3360 2115 3636 2184 έπήκοοςο
3671 2113 3738 2166 ἃ.-

2142 2223 2251 2278 περ
2275 2203 2416 2279 ἦσαν
2442 2245 2458 2268 ,
2511 2206 2642 2269 τοὺς
2691 2205 2934 2267 ὑπάτους
2988 2205 3224 2270 ἀνελεῖν,
3276 2207 3372 2260 καὶ
3415 2207 3519 2276 τὴν
3572 2205 3737 2259 πόλιν

2143 2297 2458 2368 προδοῦναι,
2485 2297 2583 2350 καὶ
2612 2295 2789 2350 ταῦτα
2814 2297 2894 2367 τῷ
2918 2297 3213 2367 Ταρκυνίῳ
3263 2296 3352 2350 διὰ
3419 2296 3532 2350 τῶν
3601 2297 3742 2367 πρέ-

2143 2392 2322 2445 σϐεων
2358 2392 2783 2446 ἐπεστάλκασιν.
2823 2389 3197 2445 ’Δπελθόντων
3221 2392 3279 2445 δὲ
3305 2391 3400 2446 τοῦ
3427 2391 3739 2461 οἰκήματος

2143 2482 2254 2536 τῶν
2283 2484 2635 2553 συνωμοτῶν,
2691 2481 2928 2549 ἐξελθὼν
2956 2482 2986 2534 6
3014 2483 3235 2553 οίκέτης
3288 2485 3506 2537 ᾶπαντα
3568 2499 3738 2536 κατε-

2147 2577 2378 2647 μήνυσε,
2406 2576 2503 2630 καὶ
2534 2576 2589 2630 οῖ
2607 2591 2670 2630 τε
2698 2574 2800 2647 τὴν
2816 2575 3112 2646 προδοσίαν
3140 2574 3548 2645 μελετήσαντες
3575 2592 3738 2628 συνε-

2141 2670 2453 2740 λήφθησαν,
2485 2671 2583 2724 καὶ
2613 2670 2684 2724 τὰ
2727 2668 3039 2740 γράμματα
3084 2668 3486 2740 ἐκομίσθησαν,
3520 2671 3618 2723 καὶ
3650 2670 3735 2733 είς

2141 2766 2244 2836 τὴν
2269 2765 2480 2835 ἀγορὰν
2501 2763 2895 2835 προαχθέντων
2926 2761 3131 2830 αὐτῶν,
3171 2762 3269 2814 καὶ
3317 2761 3412 2815 τὸν
3468 2763 3734 2816 Οὑῑνδικα

2144 2857 2586 2927 παρεστήσαντο,
2617 2857 2689 2912 τά
2716 2873 2778 2909 τε
2806 2857 3118 2929 γράμματα
3135 2853 3586 2925 ἀνεγνώσθησαν.
3621 2855 3735 2908 Καὶ

2142 2953 2191 3005 οἱ
2233 2951 2333 3022 μὶν
2360 2950 2511 3005 ἄλλοι
2537 2949 2598 3002 ιν
2652 2950 2932 3023 κατηφείᾳ
2968 2947 3136 3022 ἦσαν,
3199 2949 3298 3002 καὶ
3369 2950 3578 3019 σιωπῇ·
3609 2951 3642 3000 6
3673 2947 3733 3000 δὲ

2144 3041 2382 3114 Βροῦτος
2411 3042 2675 3112 ὀνομαστὶ
2704 3041 2815 3096 τῶν
2845 3044 3010 3096 υίέων
3064 3041 3328 3111 ἑκάτερον
3385 3039 3735 3111 προσειπὼν,

2147 3134 2270 3187 Οὐκ
2320 3131 2742 3202 ἀπολογεῖσθε,
2782 3134 2908 3204 ἔφη,
2961 3133 3112 3202 πρὸς
3149 3131 3267 3201 τὴν
3315 3133 3740 3202 mir-mpii”;

2141 3227 2330 3280 τῶνδὲ
2367 3227 2722 3293 σιωπώντων,
2754 3227 3017 3300 στραφεὶς
3054 3227 3192 3298 πρὸς
3245 3227 3371 3290 τοὺς
3419 3225 3737 3295 ὑπηρέτας,

2154 3319 2490 3388 Ὑμέτερον,
2521 3317 2699 3385 εἶπεν,
2732 3319 2850 3389 ἤδη
2871 3323 2937 3373 τὸ
2952 3321 3169 3374 λοιπὸν
3191 3319 3390 3388 ἔργον.
3421 3320 3487 3371 Οί
3511 3319 3572 3373 δὲ
3600 3319 3742 3372 συλ-

2140 3412 2399 3475 λαϐόντες
2431 3413 2560 3476 τοὺς
2589 3414 2933 3476 νεανίσκους,
2987 3413 3207 3484 ῥάϐδοις
3230 3411 3551 3476 κατέξαινον
3576 3425 3591 3439 ο
3632 3414 3742 3466 καὶ

2139 3504 2251 3558 τῶν
2293 3505 2468 3559 ἄλλων
2497 3505 2892 3575 ἐπικλωμένων
2922 3508 3036 3570 τοῖς
3086 3505 3394 3576 πάσχουσιν
3423 3545 3439 3569 ,
3474 3506 3503 3557 6
3535 3505 3739 3575 πατὴρ

2139 3595 2254 3651 οὔτ’
2285 3597 2553 3668 ἀλλαχόσε
2584 3598 2684 3661 τὰς
2712 3597 2866 3668 ὄψεις
2897 3599 3212 3668 ἀπήγαγεν,
3240 3596 3366 3650 οὔτε
3401 3598 3512 3668 μὴν
3535 3595 3735 3650 οίκτου

2096 3691 2097 3694 “
2139 3706 2192 3742 τι
2216 3689 2537 3755 ἐνεδείξατο,
2572 3691 2740 3762 μέχρι
2770 3691 2993 3744 πελέκει
3031 3693 3130 3755 τὰς
3166 3691 3408 3758 κεφαλὰς
3439 3689 3551 3743 τῶν
3595 3690 3739 3742 παίω

2138 3785 2245 3838 δων
2265 3783 2574 3853 ἀπέκοψαν.
2627 3785 2800 3838 Τοῦτο
2824 3785 2882 3838 δὲ
2912 3783 3026 3837 οὔτ’
3064 3786 3334 3851 ἐπαινεῖν,
3366 3785 3493 3838 οὕτε
3529 3785 3738 3854 ψέγειν

2139 3878 2256 3930 ἐστὶ
2278 3877 2482 3949 ῥᾴδιον.
2527 3877 2591 3930 Ἠ
2635 3877 2744 3948 γὰρ
2775 3879 2981 3949 ἀρετῆς
3009 3877 3142 3947 ’ύψος
3167 3879 3245 3942 εἰς
3271 3878 3546 3932 ἀπάθειαν
3596 3880 3736 3944 ἐξέ-

2140 3991 2341 4043 στησεν
2365 3975 2530 4028 αὑτοῦ
2555 3975 2652 4046 τὴν
2672 3975 2870 4046 ψυχὴν,
2898 3975 2933 4045 ἢ
2968 3975 3177 4039 πάθους
3198 3975 3426 4045 μέγεθος
3445 3976 3528 4037 είς
3559 3975 3738 4028 ἀναλ-

2137 4069 2360 4144 γησίαν.
2424 4068 2724 4136 Οὑδέτερον
2760 4069 2818 4122 δὲ
2849 4069 3046 4138 μικρὸν
3079 4067 3189 4122 οὐδ’
3213 4070 3578 4138 ἀνθρώπινον,
3601 4069 3734 4124 ἀλλ’

2137 4161 2171 4232 ἢ
2206 4161 2370 4223 θεῖον,
2403 4160 2436 4229 ἢ
2473 4158 2758 4229 θηριῶδες.
2789 4157 2948 4212 Οὕτω
2979 4160 3035 4212 δὲ
3059 4159 3269 4214 τούτων
3301 4161 3598 4227 θανόντων,
3622 4166 3734 4216 καὶ

2137 4253 2268 4324 περὶ
2296 4251 2405 4304 τῶν
2439 4251 2612 4304 ἄλλων
2654 4251 2983 4320 συνωμοτῶν
3005 4251 3188 4322 ψῆφον
3221 4253 3469 4321 ἐνεγκεῖν
3490 4255 3519 4306 6
3549 4254 3733 4323 Βροῦ-

2135 4363 2224 4409 τος
2246 4344 2515 4416 ἀπῄτητο.
2551 4343 2610 4398 Ὀ
2629 4344 2708 4409 δὲ,
2732 4343 2864 4410 Τοῖς
2903 4343 3022 4414 μὲν
3059 4346 3276 4410 υίέσιν,
3307 4343 3493 4411 εἶπεν,
3536 4347 3732 4414 αὐτὸς

451 4438 481 4476 a
531 4405 684 4476 cultu
729 4432 786 4476 et
836 4422 1184 4478 observantia
1259 4422 1485 4494 p0puli,
1555 4423 1850 4482 Publicola:
1938 4443 2028 4484 eo-

2140 4405 2428 4506 ὰποχρωνί
2449 4440 2564 4506 εἰμι
2581 4405 2921 4506 δικαστής-ί
2957 4439 3091 4508 περὶ
3119 4438 3188 4492 δὲ
3207 4405 3324 4492 των
3351 4405 3578 4505 W,
3595 4405 3732 4505 toi;-

452 4522 809 4582 gnomentum
917 4513 1042 4568 fuit.
1132 4513 1468 4584 Tarquinius
1554 4518 1839 4586 desperata
1930 4534 2032 4588 per

451 4602 612 4673 335
643 4604 1009 4672 proditioacm
1044 4609 1192 4675 regni
1219 4607 1652 4675 recuperatioue,
1683 4609 1750 4662 ad
1791 4608 2028 4681 Tyrrhe-

450 4710 553 4749 nos
581 4711 640 4750 se
667 4696 920 4751 contulit.
951 4700 996 4750 A
1031 4697 1231 4766 quibus
1263 4713 1386 4752 cum
1417 4701 1628 4770 magnis
1666 4702 1842 4770 copiis
1867 4705 2030 4758 redu~

449 4796 691 4850 cerctur,
749 4788 1004 4842 consules
1046 4789 1099 4841 in
1152 4789 1326 4843 aciem
1381 4791 1659 4846 Romanos
1691 4795 2024 4852 eduxerunt.

449 4877 528 4932 Ae
566 4893 761 4948 pugnat
785 4879 1057 4948 principio
1080 4880 1262 4935 Aruns
1291 4881 1768 4953 Tarquinii-filius,
1805 4897 1861 4940 et
1891 4887 2027 4942 Bru-

2134 4532 2412 4593 πολίταις
2431 4522 2768 4598 ἐλευθέροις
2794 4525 2937 4584 οὖσι
2966 4530 3077 4599 τῆς
3114 4531 3327 4600 ψήφου
3359 4532 3728 4604 alapam.

2132 4622 2331 4691 Ψήψου
2353 4621 2531 4674 τοίνυν
2547 4620 2816 4692 δοθείσης,
2846 4622 3045 4685 πάντες
3070 4617 3729 4696 ἐπελεκίσθησανζἾιοιν

2130 4714 2187 4764 δὲ
2238 4712 2445 4765 τούτων
2474 4711 2618 4774 τινὲς
2645 4712 2722 4782 τῷ
2753 4713 3068 4784 Κολλατίνῳ
3101 4716 3492 4786 προσήκοντες,
3521 4715 3594 4770 δι’
3620 4718 3726 4782 οὓς

2137 4803 2230 4855 καὶ
2254 4803 2542 4873 ὠργίζετο.
2580 4803 2746 4857 Ὅθεν
2777 4806 2806 4856 6
2831 4805 3069 4876 Βροῦτος
3093 4807 3236 4860 οὕτω
3261 4809 3383 4861 κατ’
3415 4809 3583 4862 αὐτοῦ
3622 4811 3724 4864 τὸν

2133 4899 2306 4968 δῆμον
2337 4899 2672 4969 παρώξυνεν,
2732 4901 2809 4964 ὠς
2869 4902 3070 4973 μικροῦ
3116 4904 3230 4956 δεῖν
3260 4905 3356 4956 καὶ
3393 4905 3722 4978 αὐτοχειρίᾳ

452 4978 540 5023 tus
573 4971 768 5023 consul
801 4970 1102 5037 llomanus,
1151 4974 1289 5028 adeo
1317 4974 1532 5030 infestis
1563 4979 1765 5033 animis
1796 4981 1942 5035 inter
1965 4997 2024 5037 se

2140 4992 2294 5044 αὑτὸν
2316 4991 2528 5046 ἀνελεῖν
2547 5009 2563 5024 ο
2589 4993 2730 5046 ἀλλὰ
2749 4970 2911 5048 τοῦτο
2949 4970 3050 5063 μὲν
3074 4996 3175 5048 οὐκ
3210 4998 3494 5068 ἐποίησαν,
3665 4970 3717 5052 6-⁸

449 5070 874 5124 concurrerunt,
908 5071 968 5116 ut
1001 5074 1218 5130 neuter,
1267 5065 1398 5120 dum
1432 5068 1646 5125 hostem
1683 5073 2020 5143 vulneraret,

2133 5085 2308 5154 ἀρχὴν
2335 5085 2657 5154 ἠνάγκασαν
2683 5088 2846 5142 αὑτὸν
2903 5089 3182 5144 ἀπειπεῖν.
3215 5091 3437 5144 Εῖλοντο
3484 5091 3543 5144 δὲ
3595 5093 3716 5146 ἀντ’

446 5152 534 5206 sui
571 5155 893 5223 protegendi
927 5157 1176 5224 corporis
1213 5174 1445 5224 memor,
1476 5172 1708 5233 uterque
1745 5165 1858 5219 ictu
1888 5182 2023 5221 con-

2140 5152 2735 5251 ἐκείνου-συνάρχοντα
2814 5182 3047 5234 Πόπλιον
3098 5182 3418 5253 Οὐαλέριον,
3474 5183 3534 5247 ὃς
3599 5185 3714 5238 [Ιο-

449 5243 622 5296 tz'ario
662 5243 1102 5314 transfigeretur.
1157 5248 1286 5303 Acri
1339 5261 1461 5304 orto
1492 5255 1702 5322 praelio,
1752 5270 1808 5312 et
1835 5259 2024 5314 multis

2140 5245 2389 5332 πλικόλας
2464 5243 2903 5346 προσωνομάσθη
2931 5317 2947 5341 ,
3037 5276 3188 5345 δηλοῖ
3272 5243 3318 5331 δ’
3514 5243 3712 5347 κλῆσις

450 5333 712 5392 utrinque
747 5334 923 5400 caesis,
961 5335 1169 5391 incerta
1219 5337 1451 5394 victoria
1481 5341 1604 5396 fuit.
1643 5343 1760 5399 Sub
1798 5357 2019 5403 noctem

2140 5333 2580 5434 ὲξελληνιζομὲνη
2686 5333 2982 5436 Δήμοκηδῆ
3042 5408 3056 5432 ,
3089 5333 3101 5345 1
3140 5367 3174 5438 ἢ

3292 5368 3652 5440 Δημοτικώτα
3677 5397 3710 5410 -

1634 5535 1838 5600 νει-ἰῶ
1883 5541 2186 5607 lectiones
2233 5554 2294 5610 et
2330 5556 2516 5612 notae.

514 5691 627 5763 (92)
657 5697 1009 5768 Οὐίνδίκιος.
1035 5702 1113 5760 Ita
1143 5721 1286 5765 unus
1311 5724 1340 5766 e
1367 5709 1499 5781 Reg.
1537 5711 1603 5768 At
1633 5714 1772 5771 alter
1801 5727 1855 5774 et
1892 5717 2037 5775 Coll).

2140 5720 2397 5785 ουνὸίκιος
2432 5723 2746 5794 praeferunt.
