3882 6192
413 296 529 359 583

1702 283 2030 345 JOANNIS
2057 284 2387 343 ZONAll/E

3565 280 3670 344 ωδ

400 429 502 469 σαν
556 411 607 462 oi
651 377 958 476 Ταρκύνιοι
1006 401 1104 473 τὴν
1157 399 1440 472 βασιλείαν
1490 397 1819 462 ἀναλαϐεῖν,
1869 400 1985 460 τοῖς
2022 397 2291 470 ὁμοροῦσι
2372 397 2665 468 Ῥωμαίοις
2699 394 2882 448 ἔθνεσι
2913 391 3397 462 συμμαχούμενοι·
3470 393 3676 459 πάντες

401 493 455 556 δὲ
490 504 546 554 ὲν
578 503 697 562 ταῖς
727 500 926 568 μάχαις
959 495 1356 563 διεφθάρησαν,
1397 493 1535 562 πλὴν
1567 489 1664 543 τοῦ
1704 491 1980 560 γέροντος,
2021 489 2080 553 ὃς
2115 490 2210 543 καὶ
2271 490 2585 561 Σούπερϐος
2645 488 2916 550 ἐκαλεῖτο,
2939 482 3088 536 εἴποι
3109 485 3174 537 ἄν
3201 501 3288 547 τις
3309 484 3514 556 Ἕλλην
3535 485 3676 554 ἀνὴρ

412 595 823 663 ’Υπερήφανος.
862 592 1128 647 Κάκεῖνος
1169 587 1226 640 δὲ
1263 585 1565 655 μετέπειτα
1595 585 1674 646 εἰς
1709 582 1906 652 Κύμην
1938 584 2038 652 τὴν
2078 585 2136 637 ἐν
2169 583 2361 654 δπικίᾳ
2394 584 2706 654 γενόμενος,
2736 577 3109 644 ἐτελεύτησεν.
3446 653 3469 675 .

473 686 614 740 XIII.
657 681 1088 750 Tarquiniorum
1136 693 1224 732 res
1269 693 1338 732 eo
1389 676 1632 744 denique
1681 674 1990 730 redierunt.

2170 676 2269 731 ll".
2303 677 2462 732 Οὕτω
2495 676 2595 748 μὲν
2624 674 2720 731 οὖν
2751 681 2866 743 τοῖς
2909 677 3237 748 Ταρκυνίοις
3266 676 3334 730 τὰ
3373 674 3680 747 πράγματα

405 781 516 833 Illis
542 789 726 832 autem
761 775 954 843 pulsis.
986 771 1220 826 ltomani
1245 769 1521 831 consules,
1557 777 1617 822 ut
1643 767 1852 822 dictum
1882 777 1988 824 est.

404 879 734 926 creaverunt
763 886 776 926 :
805 883 866 920 ex
899 879 1135 936 quorum
1169 877 1402 916 numero
1429 862 1488 916 P.
1517 859 1772 914 Valerius
1827 873 1994 930 quar-

408 976 526 1018 tum
573 963 676 1016 fuit
719 959 933 1021 consul,
979 963 1347 1026 cognomento
1393 952 1694 1010 Publicola.
1731 951 1990 1018 Quicum

405 1058 524 1111 sine
557 1056 768 1122 collega
797 1053 1177 1120 magistratum
1221 1056 1462 1118 gereret,
1509 1047 1742 1102 Romani
1771 1044 1992 1105 offensi,

403 1163 532 1202 eum
561 1161 668 1199 non
704 1145 855 1198 Bruti
887 1143 1208 1197 consulatus
1239 1140 1537 1205 bzercdem,
1566 1139 1663 1194 sed
1691 1137 1994 1209 tyrannidis

405 1236 694 1306 Tarquinii
737 1248 1118 1289 successorem
1167 1231 1470 1294 exstitisse,
1525 1229 1619 1298 qui
1657 1243 1785 1282 cum
1815 1227 1995 1282 onmi-

406 1330 510 1383 bus
542 1329 786 1383 fascibus
819 1336 874 1380 et
905 1325 1216 1386 securibus,
1245 1340 1311 1377 ex
1331 1322 1549 1377 aedibus
1580 1321 1747 1374 tantis
1773 1329 1993 1389 tamque

404 1422 716 1491 Splendidis
791 1419 1081 1488 prodiret,
1150 1418 1430 1471 dixerunt.
1497 1414 1713 1469 Etenim
1767 1412 1992 1467 domum

406 1511 876 1579 sumptuosiurem
929 1507 1213 1571 habebat,
1260 1505 1382 1560 foro
1433 1504 1823 1574 prepinquam.
1874 1502 1996 1570 Quo

405 1602 691 1658 Publicola
724 1601 970 1668 cognito,
1028 1597 1283 1668 plurimis
1346 1595 1640 1665 opiﬁcibus
1688 1595 1994 1659 accersitis,

402 1693 549 1747 ardes
609 1699 776 1745 noctu
831 1689 1107 1744 destruxit
1148 1697 1314 1758 atque
1354 1686 1597 1742 evertit:
1656 1693 1716 1738 ut
1761 1685 1996 1740 Romani

403 1801 568 1840 mane
621 1786 675 1839 id
707 1784 988 1847 videntes,
1043 1781 1206 1837 simul
1259 1788 1314 1834 et
1356 1778 1787 1849 magnitudinem
1827 1778 1997 1832 animi

405 1880 526 1948 ejus
560 1878 920 1939 mirarentur,
957 1884 1014 1929 et
1059 1882 1266 1929 tantam
1304 1880 1523 1940 tamque
1552 1870 1872 1940 praeclaram
1901 1873 1999 1924 do-

407 1987 560 2024 mum
610 1986 861 2024 eversam
915 1984 1039 2024 esse
1092 1969 1363 2021 dolerent.
1422 1966 1659 2019 Secures
1705 1978 1927 2032 quoque
1966 1979 1997 2016 a

2095 769 2496 840 ἐπεράνθησαν,
2535 770 2791 823 Ἐκείνων
2814 771 2858 823 δ’
2883 770 3231 835 ἐξωσθέντων
3247 774 3348 841 τῆς
3372 770 3681 839 βασιλείας,

2097 861 2314 929 ὕπατοι,
2349 863 2426 926 ὡς
2454 865 2689 934 εῐρηται,
2724 865 2875 936 παρὰ
2905 866 3014 918 τῶν
3059 865 3350 933 Ῥωμαίων
3371 865 3679 937 ᾑρέθησαν,

2094 948 2171 1009 ὧν
2205 950 2286 1018 εἷς
2318 951 2385 1028 ἦν
2416 957 2510 1010 καὶ
2544 957 2778 1020 Πόπλιος
2817 956 3135 1026 Οὐαλέριος,
3161 956 3219 1019 ὃς
3249 958 3510 1025 τετράκις
3543 958 3687 1012 ύπά-

2095 1065 2312 1112 τευσεν,
2339 1050 2367 1101 ὁ
2401 1052 2495 1102 καὶ
2529 1050 2870 1112 Ποπλικόλας
2901 1050 3237 1121 ἐπικληθείς.
3265 1045 3433 1112 Οὗτος
3465 1049 3563 1103 οὖν
3589 1052 3686 1120 μό-

2097 1158 2184 1204 νος
2222 1142 2430 1210 ἄρχων.
2469 1142 2564 1194 καὶ
2599 1143 2675 1212 μὴ
2707 1144 3050 1213 συνάρχοντα
3075 1142 3335 1213 εἰληφὼς,
3381 1143 3686 1212 Ῥωμαοτς

2098 1235 2497 1302 προσέκρουσε,
2534 1234 2752 1301 λέγουσι
2789 1235 2863 1304 μὴ
2895 1235 2993 1304 τῆς
3019 1233 3114 1287 τοῦ
3149 1234 3389 1304 Βρούτου
3420 1234 3688 1304 κληρονό-

2101 1340 2199 1393 μον
2235 1325 2498 1388 ὑπατείας
2523 1321 2686 1390 εἶναι,
2719 1327 2820 1396 τῆς
2856 1326 2913 1379 δέ
2957 1326 3052 1379 τοῦ
3081 1327 3388 1398 Ταρκυνίου
3420 1327 3686 1397 τυραννί-

2097 1412 2185 1474 δος
2217 1413 2480 1484 διάδοχον,
2515 1415 2621 1467 ὑπὸ
2651 1415 2870 1485 ῥάϐδοις
2891 1415 3029 1486 ὁμοῦ
3066 1417 3272 1480 πάσαις
3305 1420 3397 1470 καὶ
3430 1417 3688 1470 πελέκεσι

2099 1503 2360 1574 προϊόντα
2383 1503 2444 1568 ἐξ
2471 1504 2649 1567 οἰκίας
2679 1503 2950 1573 τοσαύτης
2985 1504 3045 1557 τὸ
3085 1505 3318 1574 μέγεθος
3347 1506 3442 1556 καὶ
3471 1507 3534 1557 τὸ
3557 1503 3690 1556 κάλ-

2099 1595 2211 1658 λος.
2245 1595 2352 1648 Καὶ
2383 1594 2496 1665 γὰρ
2530 1596 3000 1669 πολυτελεστέραν
3046 1593 3192 1668 εἶχεν
3228 1598 3434 1662 οίκεαν,
3477 1600 3690 1650 ἐπικει-

2103 1688 2273 1759 μένην
2327 1691 2394 1760 τῇ
2449 1690 2649 1760 ἀγορᾷ.
2708 1688 2899 1744 Ταῦτα
2966 1691 2996 1743 ὁ
3057 1690 3399 1753 Ποπλικόλας
3475 1690 3688 1759 μαθὼν,

2099 1781 2352 1853 τεχνίτας
2409 1779 2701 1845 πλείστους
2761 1782 3112 1851 συναγαγὼν,
3165 1785 3361 1844 νυκτὸς
3411 1783 3689 1836 κατέϐαλε

2101 1873 2203 1942 τὴν
2263 1873 2466 1935 οἰκίαν,
2504 1873 2601 1926 καὶ
2663 1873 2872 1942 ταύτην
2923 1873 3306 1943 κατέσκαψεν·
3357 1854 3509 1924 ἄῖστε
3572 1873 3689 1942 μεθ’

2102 1967 2316 2036 ἡμέραν
2343 1967 2471 2028 τοὺς
2499 1967 2804 2036 Ῥωμαίους
2837 1965 3134 2035 βλέποντας
3159 1965 3218 2018 τὸ
3247 1967 3570 2034 γενόμενον,
3594 1965 3690 2034 τὴν

406 2063 649 2117 fascibus
696 2061 973 2117 removit:
1015 2071 1070 2115 et
1103 2062 1279 2115 fasces
1326 2059 1474 2128 ipsos
1507 2074 1631 2112 cum
1683 2059 1738 2113 in
1775 2056 1997 2110 concio-

2105 2060 2203 2129 μέν
2226 2060 2318 2114 τοῦ
2345 2059 2536 2129 ἀνδρὸς
2565 2059 3052 2130 μεγαλοφροσύνην
3082 2059 3402 2127 θαυμάζειν,
3425 2059 3689 2128 ἄχθεσθαι

407 2172 535 2209 nem
576 2154 847 2222 prodibat,
879 2156 1081 2223 pepuli)
1113 2152 1392 2206 submisit.
1431 2149 1685 2204 Pecuniae
1724 2151 1854 2203 item
1887 2157 1999 2202 tra-

407 2247 713 2301 ctationem
765 2247 890 2300 aliis
942 2245 1246 2308 mandavit,
1295 2261 1360 2296 ne
1408 2244 1697 2296 consulum
1742 2258 1837 2310 per
1877 2257 1998 2296 eam

410 2337 658 2407 potentia
691 2346 1008 2405 augeretur,
1038 2347 1151 2390 tum
1180 2335 1420 2404 primum
1456 2335 1824 2402 quaestoribus
1854 2333 2002 2386 desi—

410 2431 612 2500 gnatis.
652 2429 692 2482 li
725 2428 1002 2498 principio
1028 2444 1321 2482 causarum
1355 2426 1674 2495 capitalium
1697 2425 1999 2495 cognitioni

414 2522 706 2592 praefuere,
741 2521 811 2574 ab
848 2519 1210 2590 inquisitione
1259 2519 1514 2573 veritatis
1545 2519 1874 2586 quazsitores
1901 2534 2000 2587 ap-

410 2612 640 2682 pellati:
685 2621 813 2682 post
859 2611 1025 2666 etiam
1065 2611 1263 2666 serat-io
1300 2620 1430 2665 sunt
1463 2611 1729 2679 praefecti,
1782 2607 2003 2680 judiciis

410 2704 650 2758 aliorum
701 2719 848 2759 curae
899 2703 1233 2758 commissis.
1304 2703 1578 2773 Collegam
1621 2703 1724 2756 sibi
1786 2703 1999 2766 ascivit,

411 2795 682 2852 Lucretiae
711 2806 918 2868 patrem
957 2796 1297 2851 Lucretium.
1328 2796 1448 2862 Quo
1476 2796 1628 2850 brevi
1659 2806 1897 2858 mortuo,
1930 2795 2000 2850 Μ.

416 2888 681 2945 Horatius
711 2890 767 2944 in
800 2891 948 2944 illius
975 2889 1135 2960 337
1183 2889 1365 2943 locum
1407 2887 1694 2953 suffectus,
1725 2889 2002 2958 reliquum

409 2983 678 3052 temporis
711 2983 903 3037 consul
936 2982 1061 3035 fuit.
1095 2981 1376 3036 Publicola
1438 2996 1632 3034 rursus
1674 2981 1867 3034 consul
1911 2981 1998 3034 fa-

417 3083 561 3138 ctus,
592 3074 855 3144 collegam
892 3073 1086 3127 habuit
1134 3073 1198 3126 T.
1247 3073 1589 3128 Lucretium.
1631 3071 1839 3126 Deinde
1875 3087 2002 3127 cum

411 3164 603 3219 Sabini
653 3165 710 3218 in
758 3180 949 3234 agrum
996 3162 1302 3216 ltomanum
1353 3163 1643 3216 duxissent
1675 3163 1999 3227 exercitum,

413 3257 611 3311 consul
651 3257 974 3326 designatus
1004 3267 1089 3309 est
1137 3255 1208 3308 M.
1253 3255 1525 3319 Valerius,
1557 3255 1852 3309 Publicola:
1887 3255 2002 3309 fra-

2101 2153 2147 2206 6‘
2178 2154 2318 2221 ὑπὲρ
2353 2151 2452 2220 τῆς
2487 2153 2685 2216 οἰκίας,
2718 2153 2804 2205 διὰ
2839 2152 2897 2204 τὸ
2937 2153 3168 2220 μέγεθος
3215 2155 3310 2204 καὶ
3356 2153 3417 2205 τὸ
3451 2151 3686 2213 καλλος·

2104 2244 2212 2298 Καὶ
2255 2245 2380 2306 τοὺς
2413 2244 2661 2307 πελέκεις
2690 2245 2745 2296 δὲ
2789 2245 2898 2296 τῶν
2935 2246 3148 2314 ῥάϐδων
3181 2245 3476 2307 ἀπέλυσεν,
3517 2244 3692 2330 ετξ-ἀς

2103 2357 2160 2390 τε
2203 2338 2301 2400 τὰς
2339 2339 2568 2406 ῥάϐδους
2598 2340 2677 2400 είς
2708 2338 3006 2408 ἐκκλησίαν
3032 2337 3245 2408 παριὼν
3275 2338 3462 2406 ἀφῆκε
3494 2339 3573 2407 τῷ
3604 2339 3692 2407 δή·

2107 2449 2193 2502 μῳ
2219 2446 2232 2460 ·
2273 2435 2366 2484 καὶ
2387 2434 2486 2502 τὴν
2511 2431 2617 2484 τῶν
2639 2432 2937 2501 χρημάτων
2964 2431 3231 2500 διοίκησιν
3258 2432 3445 2492 ἄλλοις
3473 2433 3694 2484 ἀπένει-

2109 2541 2228 2594 μεν,
2266 2524 2352 2576 ἵνα
2388 2525 2464 2593 μὴ
2498 2523 2703 2576 τούτων
2738 2526 3029 2593 ἐγκρατεῖς
3053 2524 3205 2586 δντες
3244 2525 3293 2577 οί
3324 2523 3695 2587 ὑπατεύοντες

2109 2615 2252 2685 μέγα
2286 2615 2578 2680 δύνωνται,
2621 2617 2707 2670 ὅτε
2751 2617 2968 2685 πρῶτον
3002 2617 3049 2668 οί
3080 2617 3275 2685 ταμίαι
3319 2615 3572 2684 γίνεσθαι
3595 2616 3695 2689 ηρ-

2109 2705 2289 2770 ξαντο,
2325 2708 2677 2778 κοιαίστορας
2713 2708 2762 2760 δ’
2809 2707 3036 2760 ἐκάλουν
3070 2706 3294 2769 αὐτούς.
3349 2707 3415 2759 Οἳ
3474 2707 3692 2776 πρῶτον

2110 2799 2210 2868 μὲν
2253 2798 2354 2861 τὰς
2401 2798 2740 2870 θανασίμους
2794 2800 2949 2864 δίκας
2992 2799 3261 2863 ἐδίκαζον,
3287 2799 3417 2852 ὅθεν
3459 2803 3556 2854 καὶ
3594 2800 3693 2870 τὴν

2107 2893 2485 2962 προσηγορίαν
2525 2893 2732 2962 ταύτην
2753 2893 2852 2947 διὰ
2880 2895 2979 2957 τὰς
3024 2894 3348 2962 ἀνακρίσεις
3397 2894 3689 2962 ἐσχήκασι,

2107 2987 2202 3038 καὶ
2246 2984 2336 3037 διὰ
2385 2987 2485 3056 τὴν
2524 2986 2626 3056 τῆς
2661 2987 2924 3057 ἀληθείας
2965 2986 3068 3055 τῆς
3104 2988 3168 3039 ἐκ
3203 2986 3313 3040 τῶν
3346 2988 3691 3058 ἀνακρίσεων

2101 3077 2361 3150 ζήτησιν.
2398 3079 2668 3152 Ὕστερον
2702 3080 2759 3133 δέ
2792 3079 2888 3133 καὶ
2915 3080 3016 3150 τὴν
3035 3080 3146 3131 τῶν
3168 3079 3366 3131 κοινῶν
3386 3079 3691 3150 χρημάτων

2087 3169 2378 3241 διοίκησιν
2433 3170 2651 3241 ἔλαχον,
2714 3173 2807 3224 καὶ
2859 3171 3056 3242 ταμίαι
3115 3173 3687 3244 προσωνομάσθησαν.

2105 3262 2264 3316 Μετὰ
2285 3262 2461 3316 ταῦτα
2483 3263 2746 3334 δ’ὲτέροις
2783 3263 2881 3332 μὲν
2911 3263 3196 3333 ἐπετράπη
3224 3265 3290 3317 τὰ
3318 3265 3652 3333 δικαστήρια
3672 3279 3688 3296 ο

414 3357 522 3408 ter,
555 3355 610 3401 et
646 3347 1006 3402 Posthumius
1036 3347 1336 3401 Tubertus.
1376 3346 1482 3400 Sed
1515 3361 1638 3400 cum
1673 3362 1763 3401 res
1791 3347 1998 3402 bellica:

2108 3355 2307 3408 ἐκεῖνοι
2349 3355 2404 3408 δὲ
2441 3356 2551 3410 τῶν
2577 3355 2878 3425 χρημάτων
2905 3350 3048 3425 ἦσαν
3073 3354 3366 3423 διοικηταί.
3413 3353 3687 3417 Ἀπὲδειξε

413 3440 650 3493 consilio
680 3451 735 3495 et
783 3439 1075 3510 praesentia
1107 3440 1405 3494 Publicolae
1454 3439 1999 3506 administrarentur,

415 3530 630 3585 Marcus
679 3531 900 3585 duobus
949 3532 1150 3598 praeliis
1201 3531 1396 3595 victor,
1457 3531 1511 3584 in
1569 3532 1876 3600 posteriore
1904 3549 2000 3587 xm

415 3623 664 3676 millibus
696 3623 940 3678 hostium
968 3624 1144 3689 caesis,
1178 3624 1387 3676 nullum
1439 3623 1616 3677 civem
1666 3623 1870 3678 amisit.
1902 3624 2001 3679 Sc-

413 3723 619 3782 quente
640 3728 805 3776 anno,
841 3713 1027 3768 denuo
1051 3715 1276 3768 consule
1307 3714 1610 3780 Publicola,
1643 3730 1871 3769 consors
1898 3716 2000 3769 Sa-

414 3806 675 3860 binorum
712 3819 769 3861 et
801 3807 1126 3861 Latinorum
1157 3807 1424 3862 adversus
1458 3809 1682 3861 Romam
1724 3807 2002 3876 expeditio

413 3903 851 3972 exspectabatur.
890 3903 1022 3957 Erat
1045 3915 1229 3958 autem
1259 3905 1313 3958 in
1340 3905 1561 3958 Sabinis
1593 3903 1809 3974 Appius
1838 3904 2002 3960 Clau-

413 3996 566 4060 dius,
605 3995 693 4048 vir
721 4005 776 4049 et
811 3997 1012 4065 opibus
1058 4003 1114 4049 et
1165 3996 1366 4052 robore
1413 3996 1666 4065 corporis
1710 4006 2000 4066 praestans,

415 4087 511 4141 sed
536 4087 795 4155 opinione
823 4087 1046 4141 virtutis
1067 4097 1121 4142 et
1145 4087 1464 4156 eloquentia
1491 4088 1544 4139 in
1572 4088 1766 4157 primis
1791 4087 1997 4142 clarus.

413 4175 561 4242 Quas
589 4177 660 4231 ob
692 4193 783 4233 res
824 4177 1029 4232 invidia
1065 4179 1414 4248 pepulartum
1463 4190 1736 4247 suscepta,
1770 4195 1894 4232 cum
1928 4179 2000 4232 ob

414 4269 726 4325 dissuasum
764 4270 967 4324 bellum
996 4269 1214 4324 insidiis
1245 4277 1616 4338 appeteretur,
1653 4285 1846 4340 magna
1868 4271 2002 4324 ami-

415 4376 608 4414 corum
637 4372 692 4416 et
725 4362 1008 4417 clientium
1040 4363 1333 4417 comitatus
1367 4376 1530 4414 manu
1561 4362 1789 4415 Romam
1821 4371 2000 4416 trans-

419 4453 578 4520 fugit.
612 4452 823 4517 Quibus
847 4468 876 4506 a
901 4454 1178 4508 Publicola
1206 4453 1442 4519 benigne
1470 4455 1762 4522 susceptis,
1793 4454 2002 4523 Appius

419 4543 564 4596 inter
598 4555 780 4610 patres
811 4547 1010 4610 lectus,
1050 4546 1194 4600 baud
1229 4547 1301 4600 ita
1345 4547 1519 4598 multo
1549 4555 1672 4614 post
1703 4546 1994 4614 prudentia

418 4637 674 4702 get-entire
717 4637 1034 4706 reipublicae
1068 4638 1136 4691 ad
1179 4639 1411 4707 primam
1453 4637 1778 4707 dignitatem
1809 4654 2002 4707 perve-

2105 3444 2164 3498 δέ
2201 3444 2382 3514 ἑαυτῷ
2417 3446 2758 3514 συνάρχοντα
2801 3444 2893 3496 τὸν
2939 3443 3038 3512 τῆς
3088 3444 3425 3511 Λουκριτίας
3479 3444 3687 3514 πατέρα

2105 3533 2449 3604 Λουκρίτιον.
2484 3535 2632 3604 Ταχὺ
2661 3534 2718 3586 δὲ
2739 3533 2931 3586 τούτῖυ
2961 3534 3237 3598 Θανόντος,
3263 3534 3441 3604 ᾑρέθη
3466 3535 3688 3605 Μάρκος

2117 3625 2371 3694 Ὁράτιος
2408 3625 2699 3695 συνάρχειν
2733 3624 2884 3694 αύτῷ
2925 3624 3019 3677 τὸν
3044 3626 3340 3678 ὑπόλοιπον
3379 3628 3574 3696 καιρὸν
3594 3628 3682 3678 τοῦ

2106 3711 2381 3766 ἐνιαυτοῦ.
2421 3714 2672 3782 Λίρεοεὶς
2708 3714 2766 3766 δὲ
2788 3715 2880 3766 καὶ
2910 3713 3068 3777 αὖθις
3110 3715 3320 3778 ὕπατος
3363 3719 3393 3767 ὁ
3419 3717 3688 3769 Ποπλικὸο

2103 3804 2224 3867 λας,
2252 3803 2378 3873 ἔσχε
2416 3806 2863 3858 συνυπατεύοντα
2886 3807 2927 3858 Τ
2933 3810 3044 3859 ίτον
3074 3807 3419 3876 Δουκρίτιον.
3454 3809 3606 3862 Μετὰ
3631 3809 3686 3860 δέ

2104 3896 2280 3948 ταῦτα
2305 3897 2550 3950 Σαϐίνων
2575 3898 2927 3966 ἐμϐαλόντων
2971 3901 3054 3962 εἰς
3091 3900 3189 3969 τὴν
3235 3901 3443 3972 χώραν,
3485 3902 3686 3963 ὕπατος

2101 3987 2390 4058 ἀνεδείχθη
2436 3987 2660 4057 Μάρκος
2702 3990 3020 4057 Οὐαλέριος,
3059 3991 3288 4058 ἀδελφὸς
3355 3993 3682 4054 Ποπλικόλα,

2105 4082 2199 4133 καὶ
2251 4082 2587 4152 Ποστούμιος
2656 4083 3122 4155 Τούϐερτος(95).
3175 4088 3578 4157 Πραττομένων
3627 4087 3684 4139 δέ

2105 4174 2214 4227 τῶν
2247 4175 2502 4244 πολέμων
2537 4175 2730 4248 γνώμῃ
2768 4181 2861 4231 καὶ
2901 4179 3178 4249 παρουσίᾳ
3223 4180 3320 4232 τοῦ
3349 4182 3680 4243 Ποπλικόλα,

2104 4267 2228 4319 δυσὶ
2274 4266 2474 4336 μάχαις
2505 4268 2534 4320 ὀ
2562 4269 2796 4338 Μάρκος
2826 4270 3100 4340 ἐνίκησεν,
3142 4267 3220 4324 ὧν
3259 4273 3321 4322 ὲν
3349 4277 3414 4344 τῇ
3463 4273 3685 4341 δευτέρᾳ

2107 4356 2314 4426 μηδένα
2345 4358 2632 4427 Ῥωμαίων
2662 4361 2975 4428 ἀποϐαλὼν,
2999 4363 3336 4432 τρισχιλίους
3355 4366 3448 4416 ἐπὶ
3474 4363 3682 4433 μυρίοις

2104 4449 2214 4500 τῶν
2243 4451 2517 4520 πολεμίων
2541 4453 2743 4506 ἀνεῖλε.
2771 4453 2860 4522 Τῷ
2890 4454 2937 4506 δ’
2957 4453 3083 4522 ἑξῆς
3123 4456 3232 4507 ἔτει
3261 4454 3427 4509 πάλιν
3449 4458 3685 4507 ὑπάτευε

2108 4543 2469 4605 Ποπλικόλας,
2503 4545 2596 4596 καὶ
2629 4546 3000 4612 προσεδοκᾶτο
3027 4547 3272 4600 Σαϐίνων
3306 4565 3363 4601 τε
3400 4550 3490 4600 καὶ
3519 4547 3686 4600 Λατί-

2107 4653 2212 4688 νων
2261 4639 2676 4705 ὁμονοησάντων
2734 4641 2876 4692 κατὰ
2920 4641 3018 4709 τῆς
3073 4639 3296 4709 Ῥώμης
3335 4641 3681 4710 προσέλασις.

423 4728 521 4785 nit.
573 4744 635 4782 ac
680 4739 894 4796 gentem
942 4730 1226 4784 Claudiam
1274 4731 1518 4799 reliquit,
1583 4748 1703 4800 qua:
1755 4740 1998 4801 tempore

2109 4721 2218 4779 Ἦν
2257 4728 2302 4778 δ’
2333 4731 2390 4781 ἐν
2433 4730 2681 4792 Σαϐίνοις
2737 4731 2880 4799 ἀνὴρ
2915 4731 3151 4794 ’Ἄππιος
3209 4734 3496 4795 Κλαύδιος,
3525 4732 3583 4782 ἐν
3625 4747 3684 4781 τε

421 4819 740 4887 longissimo
788 4820 996 4883 floruit,
1045 4836 1315 4874 summam
1366 4822 1560 4890 adepta
1587 4824 1997 4877 auctoritatem.

423 4910 613 4963 Sabini
646 4926 773 4964 vero
809 4927 927 4964 eam
962 4926 1182 4980 quoque
1233 4912 1357 4965 belli
1405 4929 1624 4968 causam
1673 4915 1840 4976 nacti,
1875 4929 1998 4967 cum

420 5017 617 5070 magno
651 5003 895 5056 exercitu
933 5004 1160 5058 Romam
1211 5003 1531 5060 invaserunt
1577 5023 1590 5058 :
1633 5021 1774 5074 quos
1809 5005 2000 5058 Publi-

418 5093 560 5158 cola,
593 5095 786 5163 optimi
827 5095 986 5150 ducis
1013 5096 1206 5152 ofﬁciis
1236 5097 1476 5162 functus,
1525 5114 1660 5167 pene
1692 5113 1883 5152 omnes
1918 5098 1998 5152 in-

421 5185 656 5251 terfecit,
687 5188 998 5258 populoque
1021 5190 1211 5260 spoliis
1239 5190 1480 5245 hostium
1507 5202 1562 5245 et
1591 5190 1827 5260 captivis
1848 5191 2001 5244 loeu-

421 5277 648 5346 plctato,
703 5281 1038 5351 triumphum
1073 5282 1272 5345 duxit;
1314 5283 1626 5353 traditaque
1679 5281 1999 5350 reipublicae

419 5368 899 5428 administratione
944 5374 1234 5428 consulum
1301 5372 1755 5438 successoribus,
1810 5372 1994 5426 statim

2105 4821 2355 4889 χρήματι
2403 4821 2498 4873 καὶ
2547 4821 2801 4890 σώματος
2844 4822 3006 4895 ῥώμῃ
3037 4826 3358 4890 πρωτεύων,
3393 4827 3450 4877 ὲν
3480 4827 3683 4892 αρετῆς

2104 4912 2160 4963 δὲ
2199 4913 2434 4979 μαλιστα
2462 4912 2590 4980 δόξῃ
2629 4916 2918 4983 ἐπιφανὴς,
2944 4917 3036 4968 καὶ
3064 4917 3223 4982 λόγου
3257 4917 3537 4984 δεινότητι.
3570 4919 3682 4968 Καὶ

2105 5003 2196 5056 διὰ
2224 5004 2393 5056 ταῦτα
2426 5005 2791 5074 φθονούμενος
2815 5008 3207 5061 ἐπεϐουλεύετο
3231 5012 3383 5080 παρὰ
3414 5012 3514 5062 τῶν
3541 5009 3681 5076 ὁμο.

2106 5095 2304 5163 γενῶν,
2342 5097 2424 5148 ὃτι
2486 5098 2836 5151 συνεϐούλευε
2893 5103 3236 5155 καταπαύειν
3284 5106 3374 5156 τὸν
3418 5104 3676 5170 πόλεμον.

2109 5184 2200 5236 Διὸ
2231 5185 2393 5247 αὑτός
2425 5202 2484 5238 τε
2517 5188 2582 5254 τῇ
2631 5187 2820 5257 Ῥώμῃ
2862 5190 3282 5259 προσεληλύθει,
3317 5193 3406 5245 καὶ
3445 5189 3678 5250 mlle-3.;

2105 5277 2212 5330 τῶν
2244 5277 2417 5344 φίλων
2441 5295 2501 5330 τε
2527 5279 2622 5332 καὶ
2651 5280 2867 5334 οίκείων
2897 5283 3227 5336 συνέπεσθαί
3256 5287 3306 5337 οἱ
3339 5284 3677 5336 συνέπεισεν.

2105 5369 2213 5432 Οὓς
2249 5369 2593 5435 Ποπλικόλας
2631 5373 2971 5443 φιλοφρόνως
3003 5373 3244 5440 ἐδέξατο,
3289 5379 3354 5447 τῇ
3386 5376 3546 5446 βουλῇ
3584 5378 3677 5428 τὸν

1613 5525 1812 5588 Varitn
1843 5525 2156 5587 lectiones
2187 5532 2248 5587 et
2279 5534 2475 5588 notas.

496 5669 604 5741 (95)
642 5673 1007 5741 Ποστούμιος
1051 5673 1388 5739 Τούϐερτος.
1431 5670 1506 5726 l'ta
1532 5669 1641 5724 duo
1673 5669 1834 5725 codd.
1860 5669 1991 5739 Reg.

2106 5668 2262 5723 Colb.
2302 5670 2510 5736 Livius,
2571 5672 2667 5727 lib.
2710 5690 2770 5740 It,
2806 5675 2873 5730 Μ.
2935 5677 3149 5734 Valerio
3225 5681 3280 5736 Ρ.
3330 5681 3670 5734 Postumium

423 5739 690 5808 adiungit.
723 5741 807 5795 ΣΥ.
