3882 6192
294 232 401 294 £57

1601 233 1923 293 JOANNIS
1964 234 2283 294 ΖΟΝΔΠΕ
3448 222 3555 296 εει

292 344 555 406 ctatione,
610 351 668 397 ut
718 345 763 399 is
790 345 974 400 statim
1008 345 1074 399 ab
1107 345 1357 399 hostibus
1388 346 1658 401 interiret.
1693 346 1873 412 Quare

1982 347 2147 412 δῆμος
2182 348 2486 417 ἠρέμησεν,
2521 348 2644 418 οὐχὶ
2676 349 3005 419 φεισάμενος
3037 348 3135 415 τῆς
3177 348 3397 418 βουλῆς,
3437 350 3536 404 ἀλλ’

295 451 473 503 neque
520 436 722 490 minoia
770 437 1177 502 custodierunt,
1211 452 1389 506 neque
1419 438 1541 505 epis
1569 438 1869 508 quidquam

291 530 617 591 attulerunt,
663 529 836 583 donec
876 528 1144 583 Servilius
1191 528 1263 582 ob
1309 544 1384 583 tes
1419 530 1661 584 alienum
1702 545 1874 584 nexos

291 621 480 688 solvit,
537 630 592 675 et
628 635 697 676 ne
743 620 962 675 debitor
991 620 1282 691 quisquam
1331 620 1699 691 expeditionis
1738 630 1875 675 tem-

294 727 426 780 pore
457 711 846 781 appellaretur,
874 712 1067 774 edixit,
1096 726 1266 781 seque
1292 712 1601 766 levaturum
1627 727 1702 767 tes
1735 712 1871 767 alie—

294 818 424 856 num
476 801 753 871 promisit.
797 801 935 857 Tum
990 802 1159 873 igitur
1203 803 1290 858 his
1317 802 1605 872 promissis
1649 803 1871 859 excitati

290 893 456 964 339
499 892 687 948 hostes
728 893 999 948 vicerunt.
1049 893 1178 958 Sed,
1214 909 1344 948 eum
1370 893 1573 949 deinde
1621 908 1726 949 nec
1764 910 1874 950 aere

294 987 475 1040 alieno
508 986 841 1052 levarentur,
888 999 989 1040 nec
1028 986 1135 1041 ulla
1165 986 1424 1056 aequitate
1453 993 1828 1042 tractarentur
1854 1028 1869 1053 ,

298 1094 488 1134 rursus
531 1078 599 1133 ab
646 1079 801 1134 iratis
841 1079 1262 1143 tumultuatum,
1307 1087 1365 1132 et
1394 1084 1588 1133 contra
1620 1088 1870 1133 senatum

295 1179 349 1223 et
374 1170 630 1223 consules
659 1179 804 1223 mota
823 1168 1041 1223 seditio.
1059 1168 1263 1223 Verum
1280 1168 1462 1223 denuo
1488 1158 1683 1223 exorto
1700 1168 1867 1235 bello,

294 1260 550 1315 consules
567 1276 736 1315 novas
755 1261 968 1316 tabulas
988 1262 1353 1315 decreverunt
1374 1279 1388 1318 :
1422 1262 1517 1316 sed
1535 1261 1658 1316 aliis
1670 1262 1869 1317 adver-

296 1353 565 1416 santibus,
584 1352 651 1405 Μ.
670 1352 940 1413 Valerius,
958 1351 1254 1406 Publicolte
1277 1351 1516 1421 gentilis,
1537 1352 1703 1406 homo
1724 1352 1868 1420 apud

298 1444 511 1511 plebem
536 1444 812 1513 gratiosus
835 1483 849 1508 ,
894 1443 1135 1498 dictator
1162 1453 1248 1498 est
1299 1455 1538 1500 creatus.
1578 1444 1659 1499 Ac
1690 1453 1874 1500 tantus

292 1533 360 1585 ad
385 1549 511 1587 eum
548 1542 603 1587 et
638 1542 746 1586 tam
778 1534 983 1596 alacer,
1028 1533 1309 1601 stipendio
1340 1534 1614 1603 promisso
1641 1549 1873 1589 concur-

294 1640 391 1678 sus
450 1630 648 1690 laetus,
702 1634 763 1678 ut
816 1633 872 1679 et
929 1623 1166 1680 Sabinos
1219 1625 1487 1679 vinceret.
1535 1634 1592 1677 et
1650 1624 1875 1680 Volscos

290 1717 609 1787 JEtlitOStllle
654 1717 872 1770 illorum
920 1700 1239 1771 fmderatos.
1281 1716 1363 1771 Ob
1414 1715 1467 1770 id
1491 1716 1541 1771 ei
1575 1730 1700 1770 cum
1733 1716 1872 1771 alios

292 1808 558 1869 honores,
609 1817 724 1861 tum
760 1807 975 1860 Maximi
1023 1814 1449 1876 cognomentum
1479 1804 1869 1860 decreverunt.

293 1904 395 1967 Qui
433 1917 556 1955 cum
592 1901 761 1955 multa
802 1901 856 1954 in
891 1910 1088 1955 senatu
1119 1901 1175 1954 in
1211 1900 1396 1969 populi
1431 1899 1660 1971 gratiam
1697 1898 1868 1953 disse-

298 1994 537 2051 ruissrt,
593 2006 770 2059 neque
819 1989 1125 2059 quidquam
1190 1989 1571 2058 impetrasset,
1618 1986 1795 2040 iratus
1840 2000 1871 2040 e

295 2084 446 2136 curia
482 2099 540 2135 se
573 2080 852 2150 proripuit
885 2096 901 2135 :
949 2088 1159 2133 etcum
1196 2079 1338 2148 apud
1377 2077 1591 2146 plebem
1636 2077 1692 2130 in
1733 2091 1871 2129 eon-

294 2177 453 2228 cione
486 2182 739 2225 senatum
775 2168 1027 2224 nonnihil
1053 2167 1486 2237 perstrinxisset,
1516 2167 1790 2221 dictatura
1814 2182 1873 2221 se

295 2266 590 2321 abdicavit.
623 2265 786 2318 Plebs
818 2278 949 2316 vero
980 2261 1156 2330 magis
1202 2260 1270 2313 ad
1302 2260 1627 2314 seditionem
1660 2260 1872 2313 irritata

296 2368 400 2413 est.
417 2357 549 2411 Nam
569 2355 872 2409 creditores
896 2356 949 2407 in
969 2353 1151 2408 alieno
1167 2351 1468 2421 repetendo
1496 2351 1873 2420 summumjus

301 2456 580 2517 urgentes,
634 2458 818 2517 neque
865 2443 973 2498 ulla
1029 2441 1290 2511 aequitate
1339 2448 1531 2494 contra
1589 2440 1871 2495 debitores

301 2550 539 2601 utentes,
561 2553 662 2593 nec
688 2538 743 2593 id
765 2538 911 2607 quod
933 2536 1241 2592 debebatur
1257 2544 1583 2602 exegerunt.
1611 2543 1667 2588 et
1691 2536 1743 2588 in
1764 2534 1870 2589 alia

300 2633 459 2701 plura
502 2628 852 2685 incommoda
909 2628 1246 2682 inciderunt.
1276 2626 1468 2695 Inopia
1503 2626 1673 2690 enim,
1705 2635 1871 2694 atque

302 2723 429 2778 inde
457 2732 577 2776 orta
601 2720 940 2791 desperatio,
980 2718 1185 2773 malum
1214 2725 1300 2773 est
1328 2717 1627 2772 admodum
1663 2718 1871 2771 violen-

302 2826 415 2869 tum
438 2856 450 2879 ,
480 2827 536 2870 et
563 2815 607 2870 si
640 2813 1052 2868 multitudinem
1084 2812 1191 2868 sibi
1218 2811 1513 2874 asciverit,
1550 2826 1689 2880 pene
1724 2810 1876 2863 inex-

304 2908 618 2979 pugnabile.
667 2908 805 2961 Tum
843 2908 1012 2975 igitur
1050 2906 1389 2975 locupletum
1438 2918 1564 2974 erga
1605 2918 1876 2972 pauperes

303 3003 590 3065 severitas,
632 3001 997 3069 plurimorum
1068 2998 1337 3052 malorum
1391 2996 1657 3051 Romanis
1711 3010 1942 3069 causa“

306 3096 428 3149 fuit.
461 3092 700 3146 Utcnim
735 3091 938 3145 milites
967 3087 1417 3157 expeditionibus
1452 3086 1869 3155 premebantur,
1906 3080 1944 3096 “¹

303 3197 358 3242 et
392 3188 445 3240 in
489 3184 678 3238 multis
714 3184 914 3251 saepius
939 3179 1225 3235 evidenter
1260 3178 1474 3246 decepti
1511 3176 1729 3230 fuerant
1756 3215 1769 3238 ,
1819 3184 1872 3230 et

304 3279 584 3333 debitores
611 3292 639 3329 a
674 3273 1100 3329 faeneratoribus
1126 3279 1182 3325 et
1227 3269 1591 3324 contumelias
1622 3281 1680 3323 et
1712 3267 1873 3337 ﬂagra

305 3368 757 3441 perpetiebantur
806 3384 818 3419 :
879 3373 1027 3418 tanta
1068 3361 1357 3417 iracundia
1391 3368 1766 3422 exarserunt,
1818 3367 1877 3412 ut

302 3463 531 3529 inepum
592 3456 748 3511 multi
802 3455 938 3509 urbe
964 3451 1289 3507 excederent
1359 3459 1416 3504 et
1470 3458 1651 3504 castra
1719 3448 1877 3503 dese-

304 3558 527 3615 rerent,
582 3558 639 3605 et
683 3562 752 3602 ex
789 3562 919 3617 agro
950 3546 1200 3600 Romano
1232 3543 1473 3599 hostium
1514 3541 1685 3596 instar
1723 3554 1873 3616 com-

304 3652 519 3698 meatus
570 3647 840 3711 peterent.
889 3639 1008 3704 Quo
1061 3635 1243 3701 laeto,
1291 3650 1416 3690 cum
1468 3633 1626 3688 multi
1660 3635 1728 3687 ad
1780 3646 1877 3688 eos

303 3735 397 3805 qui
428 3732 797 3789 secessionem
835 3730 1122 3798 fecerant,
1158 3728 1504 3783 conﬂuerent
1537 3766 1553 3791 ,
1592 3733 1875 3781 senatores

303 3827 489 3887 ieriti,
536 3840 605 3879 ne
664 3832 722 3878 et
758 3822 813 3877 hi
858 3823 1031 3891 magis
1068 3826 1645 3889 exasperarentur,.et
1681 3816 1872 3870 civita-

306 3927 414 3973 tem
468 3914 800 3983 [actionibus
851 3913 1168 3968 distractam
1227 3908 1447 3964 ﬁnitioni
1513 3909 1872 3971 invaderent,

306 4026 402 4079 per
453 4019 703 4062 oratores
738 4006 883 4076 plebi
931 4003 1158 4074 polliciti
1191 4012 1324 4058 sunt
1364 4017 1423 4056 se
1446 4001 1686 4056 facturos
1718 3999 1878 4070 quid-

304 4102 436 4172 quid
494 4100 609 4170 ipsa
650 4100 836 4154 vellet.
885 4097 961 4151 Ea
1017 4112 1148 4151 vero
1182 4097 1422 4150 maxime
1454 4095 1758 4160 fremente,
1821 4105 1877 4151 et

305 4192 484 4246 nullas
545 4191 789 4246 rationes
848 4187 1222 4250 admittente,
1299 4185 1586 4240 Menenius
1638 4186 1877 4257 Agrippa

309 4299 451 4340 unus
498 4298 566 4339 ex
641 4282 958 4337 oratoribus
1023 4281 1222 4349 petiit,
1280 4288 1339 4333 ut
1415 4277 1651 4333 fabulam
1714 4278 1875 4333 audi-

306 4387 471 4441 rent,
563 4386 620 4432 et
715 4373 997 4430 audientia
1059 4374 1395 4442 impetrata,
1494 4370 1696 4427 dixit:

307 4481 362 4524 to
413 4470 699 4540 aliquando
748 4477 933 4522 contra
988 4476 1223 4520 ventrem
1271 4474 1581 4521 arterornm
1613 4467 1875 4519 membro-

305 4577 425 4614 rum
458 4560 743 4623 seditione,
792 4559 986 4613 dixisse
1024 4556 1222 4619 oculos,
1257 4571 1446 4610 manus
1492 4563 1541 4608 et
1583 4555 1737 4623 pedes
1778 4572 1875 4609 sua

304 4630 466 4720 opera
506 4649 562 4702 in
595 4647 763 4716 ofﬁcio
794 4662 939 4710 esse;
976 4645 1212 4715 linguam
1251 4654 1297 4697 et
1348 4645 1512 4709 labia,
1542 4658 1634 4713 per
1666 4659 1722 4697 se
1753 4643 1875 4698 ani-

305 4758 513 4795 morum
550 4755 731 4794 sensus
786 4738 1135 4793 annuntiari:
1187 4752 1341 4789 aures
1397 4735 1560 4806 340
1586 4752 1682 4789 suo
1719 4735 1877 4789 mini-

303 4836 460 4889 sterio
500 4833 728 4886 aliorth
755 4845 1017 4884 sermones
1058 4830 1126 4882 ad
1152 4840 1372 4883 mentem
1404 4831 1708 4900 pervenire;
1758 4846 1875 4884 ma-

305 4944 427 4992 nus,
453 4942 549 4981 suo
581 4923 759 4979 labore
789 4922 972 4992 parari
1014 4935 1093 4974 res
1118 4921 1439 4975 necessarias
1460 4937 1479 4985 ;
1504 4920 1677 4990 pedes,
1712 4929 1876 4973 totum

305 5036 493 5088 corpus
520 5036 552 5071 a
571 5034 625 5071 se
646 5014 953 5077 sustentari,
999 5028 1153 5085 seque
1179 5014 1283 5066 sive
1305 5015 1424 5078 iter,
1451 5014 1557 5068 sive
1594 5028 1721 5081 opus
1754 5011 1875 5080 ﬁat,

304 5115 409 5164 sire
447 5118 633 5171 stetur,
668 5107 910 5177 fatigari.
941 5105 1180 5159 Ventrem
1214 5120 1333 5158 vero
1358 5104 1529 5157 solum
1560 5105 1728 5157 omnis
1761 5119 1879 5157 mu-

306 5202 445 5254 neris
473 5207 519 5253 et
561 5196 753 5250 laboris
789 5204 1087 5263 expertem,
1136 5194 1442 5247 ministeriis
1478 5193 1712 5246 omnium
1752 5202 1878 5246 tun-

304 5309 466 5362 quam
500 5306 671 5360 regem
710 5289 809 5351 uti,
835 5294 883 5341 et
919 5288 1196 5341 sudoribus
1227 5285 1444 5340 illorum
1468 5286 1635 5351 partis
1671 5285 1778 5354 frui
1802 5285 1879 5354 fa-

305 5382 612 5436 cultatibus.
652 5378 889 5432 Ventrem
929 5380 1037 5433 lure
1068 5379 1143 5431 ita
1171 5393 1224 5430 se
1259 5377 1447 5431 habere
1484 5382 1798 5445 conlcssum,
1832 5377 1877 5429 si

305 5477 590 5539 rideretur,
637 5472 768 5526 nihil
810 5473 908 5526 sibi
938 5474 1120 5535 tribui,
1150 5469 1281 5524 nihil
1308 5469 1605 5524 ministrari
1634 5470 1874 5540 jussisse.

306 5566 544 5619 Membra
603 5568 949 5620 communiter
1006 5565 1319 5631 decrevisse,
1357 5580 1420 5618 ne
1465 5565 1589 5632 quid
1639 5563 1877 5629 deinceps

311 5658 476 5709 ventri
525 5658 970 5712 simneditaretur.
1027 5654 1126 5717 Qui
1155 5672 1272 5709 cum
1306 5654 1507 5707 nullum
1544 5655 1711 5706 cibum
1743 5654 1878 5704 acci—

1977 440 2051 501 ὡς
2100 439 2252 508 παρὰ
2296 438 2405 490 τῶν
2454 438 2732 509 πολεμίων
2759 440 2883 492 ὅσον
2921 438 3073 491 ούττω
3104 439 3546 510 φθαρησομένης.

1977 531 2067 583 Διὸ
2088 529 2213 583 οὔτε
2234 530 2329 583 τοῦ
2362 530 2577 601 τείχους
2607 531 2791 583 ἔθεντο
2814 531 3087 602 φυλακὴν,
3112 530 3235 583 οὒτε
3267 532 3388 584 τινὰ
3416 549 3550 601 παρ-

1978 626 2127 693 εῖχον
2183 623 2461 693 βοήθειαν,
2522 623 2716 694 μέχρις
2775 625 2803 676 ὁ
2852 623 3164 694 Σερουΐλιος
3214 624 3343 685 τούς
3379 640 3440 676 τε
3492 626 3545 690 ἐξ

1978 713 2360 786 ὑπερημερίας
2407 713 2817 783 κρατουμένους
2858 713 3061 782 ἀφῆκε,
3095 713 3189 765 καὶ
3221 712 3405 766 ἄδειαν
3445 713 3551 766 τῶν

1978 806 2321 877 είσπράξεων
2365 804 2603 859 καθόσον
2645 804 3046 875 στρατεύοιντο,
3089 803 3418 874 ἐψηφίσατο,
3458 807 3553 856 καὶ

1978 896 2237 965 κουφίσαι
2270 898 2338 950 τὰ
2365 896 2502 967 χρέα
2531 895 2822 965 ὑπέσχετο.
2856 896 2990 949 Τότε
3023 895 3131 967 μὲν
3149 888 3245 949 οὖν
3265 896 3355 949 διὰ
3377 895 3552 949 ταῦτα

1977 990 2092 1050 τοῖς
2128 988 2408 1057 πολεμίοις
2443 987 3145 1059 ὲπεξελθόντες,ὲνίκησαν.
3179 987 3338 1057 Μητε
3365 987 3424 1039 δὲ
3447 989 3557 1038 τῶν

1977 1077 2155 1148 χρεῶν
2190 1077 2601 1146 κουφισθέντες,
2649 1078 2785 1149 μήτ’
2816 1078 2981 1131 ἄλλου
3027 1078 3257 1149 μηδενὸς
3298 1080 3561 1148 τυχόντες

1977 1168 2280 1234 ἐπιεικοῦς,
2313 1170 2408 1224 καὶ
2453 1171 2618 1225 πάλιν
2661 1169 2962 1241 ἐθορύϐουν
2992 1187 3053 1223 τε
3103 1171 3198 1224 καὶ
3227 1170 3554 1242 ὠργίζοντο,

1980 1262 2073 1313 καὶ
2127 1260 2269 1314 κατὰ
2327 1262 2427 1329 τῆς
2488 1259 2685 1334 βουλῆς
2745 1260 2841 1313 καὶ
2890 1261 3033 1314 κατὰ
3067 1260 3176 1314 τῶν
3226 1262 3558 1331 στρατηγῶν

1980 1352 2328 1415 ἐστασίαζον.
2367 1353 2619 1422 Πολέμου
2646 1351 2703 1404 δὲ
2736 1350 2897 1414 αὖθις
2934 1350 3345 1421 ἐπενεχθέντος,
3374 1352 3425 1403 οί
3460 1353 3561 1421 μὲν

1979 1446 2280 1514 στρατηγοὶ
2325 1444 2506 1515 χρεῶν
2555 1442 2845 1503 ἀποκοπὰς
2893 1441 3245 1512 ἐψηφίζοντο,
3284 1443 3558 1512 ἠναντιώ-

1978 1536 2152 1606 θησαν
2175 1537 2220 1589 δ’
2243 1537 2418 1607 ἕτεροι
2439 1554 2454 1568 ⁸
2482 1536 2564 1588 διδ
2586 1537 2675 1589 καὶ
2694 1536 2970 1604 δικτάτωρ
2999 1535 3208 1604 ἐρρήθη
3228 1535 3562 1606 ούαλλὲριος

1977 1629 2223 1699 Μάρκος,
2261 1630 2324 1680 ὲκ
2359 1628 2459 1697 τῆς
2489 1627 2582 1679 τού
2619 1627 2933 1679 Ποπλικόλα
2965 1625 3293 1692 συγγενείας
3324 1628 3562 1696 γενόμε-

1979 1737 2089 1784 νος,
2129 1720 2221 1772 καὶ
2263 1718 2340 1787 τῷ
2374 1718 2570 1788 πλήθει
2609 1716 2971 1788 φιλούμενος·
3006 1717 3160 1769 ἐνθεν
3188 1735 3269 1770 τοι
3306 1718 3563 1771 τοσοῦτοι

1980 1812 2077 1864 καὶ
2107 1809 2251 1863 οὕτω
2281 1809 2605 1880 προθύμως,
2644 1810 2766 1862 ἐπεὶ
2806 1810 2993 1872 αὐτοῖς
3026 1810 3119 1862 καὶ
3148 1805 3289 1863 ἆθλα
3316 1811 3562 1882 ὑπέσχε-

1978 1924 2059 1972 το,
2093 1906 2486 1974 συνελέγησαν,
2509 1903 2584 1966 ὠς
2607 1904 2701 1956 καὶ
2732 1902 2839 1955 τῶν
2872 1902 3117 1956 Σαϐίνων
3144 1903 3445 1973 κρατῆσαι,
3468 1905 3565 1956 καὶ

1979 1999 2088 2050 τῶν
2114 1996 2552 2066 συμμαχούντων
2581 1998 2764 2059 αὐτοῖς
2786 1995 3141 2049 Οὐολούσκων
3171 1996 3263 2048 καὶ
3287 1996 3562 2048 Αἰκουῶν.

1993 2090 2118 2142 Ἐπὶ
2147 2088 2360 2148 τούτοις
2392 2087 2560 2149 ἄλλας
2586 2103 2644 2138 τε
2675 2085 2751 2154 τῷ
2779 2084 3094 2153 Οὐαλλερίῳ
3124 2086 3152 2135 ό
3185 2084 3361 2155 δῆμος
3392 2087 3565 2154 τιμὰς

1980 2180 2306 2249 ἐψηφίσατο,
2334 2182 2427 2232 καὶ
2457 2179 2705 2250 Μάξιμον
2737 2178 3113 2245 ἐπωνόμασεν,
3139 2177 3564 2245 ἐξελληνιζόμε-

1981 2288 2069 2324 νον
2118 2271 2176 2324 δὲ
2225 2271 2501 2338 Μέγιστον
2564 2269 2823 2339 σημαίνει
2863 2268 2925 2320 τὺ
2952 2269 3151 2337 ὄνομα.
3191 2268 3248 2320 '0
3282 2267 3340 2320 δὲ
3387 2268 3564 2322 θέλων

1978 2363 2057 2433 τῷ
2084 2364 2241 2434 δήμῳ
2274 2360 2633 2433 χαρίσασθαι,
2667 2360 2840 2413 πολλὰ
2866 2360 3116 2431 διελέχθη
3154 2361 3220 2429 τῇ
3260 2360 3561 2431 Γερουσίᾳ,

1980 2455 2095 2510 ἀλλ’
2127 2457 2228 2509 οὐκ
2269 2455 2395 2524 ἔσχε
2435 2452 2642 2523 ταύτην
2684 2452 2988 2521 πειθήνιον.
3025 2452 3115 2505 Διὸ
3149 2453 3247 2505 σὺν
3290 2454 3436 2524 ὀργῇ
3472 2456 3565 2507 ἐκ-

1982 2545 2230 2616 πηδήσας
2264 2544 2357 2597 τοῦ
2396 2543 2708 2612 Συνεδρίου,
2752 2542 3145 2613 δημηγορήσας
3190 2558 3253 2595 τε
3300 2543 3443 2613 πρὸς
3475 2545 3566 2599 τὸν

1980 2636 2152 2706 δῆμόν
2197 2653 2323 2690 τινα
2365 2636 2507 2689 κατὰ
2540 2636 2639 2703 τῆς
2670 2634 2899 2704 βουλῆς,
2929 2634 3030 2702 τὴν
3062 2632 3369 2703 ἡγεμονίαν
3400 2636 3559 2689 ἀπεί-

1982 2746 2144 2785 πατο.
2187 2728 2299 2781 Καὶ
2329 2730 2358 2781 ὁ
2383 2727 2550 2797 δῆμος
2584 2726 2665 2779 ἔτι
2703 2725 2907 2796 μᾶλλον
2933 2726 3014 2788 είς
3050 2729 3238 2777 στάσιν
3276 2726 3559 2795 ἠρέθιστο.

1982 2822 2045 2873 Οἱ
2081 2820 2189 2890 γὰρ
2219 2819 2497 2873 δανεισταὶ
2525 2819 2625 2889 τῆς
2658 2819 2786 2888 περὶ
2815 2818 2884 2871 τὰ
2925 2817 3241 2887 συμδόλαια
3270 2819 3564 2887 ἀκριΰείας

1981 2910 2254 2980 ἐχόμενοι,
2283 2909 2379 2963 καὶ
2426 2907 2593 2978 μηδὲν
2632 2910 2748 2970 τοῖς
2787 2906 3052 2976 δφλουσιν
3097 2907 3431 2972 ἐκδιδόντες,
3471 2910 3563 2962 τοῦ

1983 3001 2243 3073 άκριδοῦς
2271 3019 2330 3053 τε
2360 3001 2685 3070 διήμαρτον,
2726 3002 2821 3053 καὶ
2866 2999 3083 3053 πολλῶν
3116 3001 3321 3070 ἑτέρων
3349 3002 3565 3054 ἀπέτυ-

1987 3112 2108 3164 χον.
2135 3093 2202 3149 Ἦ
2232 3093 2340 3165 γὰρ
2383 3094 2566 3158 πενία,
2615 3094 2762 3163 καὶὴ
2799 3094 2863 3145 ὲκ
2892 3092 3099 3163 ταύτης
3138 3092 3372 3145 ἀπόνοια
3398 3094 3566 3147 κακόν

1986 3187 2104 3238 ἐστι
2129 3184 2302 3253 βίαιον
2322 3199 2336 3214 ·
2369 3183 2418 3235 εί
2438 3183 2495 3235 δὲ
2526 3184 2620 3234 καὶ
2648 3181 2710 3235 τὸ
2733 3179 2941 3251 πλῆθος
2965 3179 3285 3250 προσλάϐοι,
3315 3181 3416 3232 καὶ
3439 3181 3564 3233 δυσ-

1988 3276 2335 3347 μαχώτατον.
2371 3274 2650 3330 Πλείστων
2696 3271 2828 3341 γοῦν
2873 3271 3065 3325 δεινῶν
3105 3274 3220 3335 τοῖς
3260 3271 3566 3341 Ῥωμαίοις

1983 3365 2135 3419 αἰτία
2162 3367 2196 3433 ἡ
2223 3364 2349 3418 τότε
2376 3364 2486 3417 τῶν
2507 3362 2900 3434 δυνατωτέρων
2932 3362 3071 3434 πρὸς
3092 3364 3222 3426 τοὺς
3241 3362 3567 3416 ὑποδεεστέ-

1987 3473 2116 3528 ρους
2151 3457 2410 3527 ἀκρίϐεια
2444 3457 2690 3525 γέγονεν.
2739 3456 2829 3520 Ὧς
2858 3454 2967 3526 γὰρ
2986 3458 3116 3520 ταῖς
3152 3456 3473 3524 στρατείαις
3505 3473 3563 3509 τε

1982 3546 2045 3600 τδ
2071 3546 2462 3617 στρατιωτικὸν
2490 3546 2765 3613 ἐπιέζετο,
2792 3548 2889 3600 καὶ
2918 3546 3087 3599 πολλὰ
3112 3546 3381 3612 πολλάκις
3412 3547 3565 3600 sitni-

1985 3654 2087 3691 σαν
2124 3636 2313 3707 σαφῶς
2343 3637 2674 3706 ὲξηπάτητο,
2709 3636 2805 3690 καὶ
2841 3635 2993 3706 παρὰ
3037 3635 3146 3689 τῶν
3175 3635 3479 3689 δανειστῶν
3512 3637 3564 3688 oi

1984 3728 2263 3798 ὀφειλέται
2290 3728 2578 3798 ὑϐρίζοντο
2604 3729 2701 3783 καὶ
2725 3727 2999 3798 ᾐκίζοντο,
3027 3728 3088 3791 ἐς
3108 3728 3372 3782 τοσοῦτον
3390 3729 3567 3800 ὀργῆς

1985 3822 2381 3893 ἐξεκαύθησαν,
2405 3821 2480 3885 ὡς
2511 3823 2608 3875 καὶ
2630 3823 2732 3891 τὴν
2763 3822 2918 3876 πόλιν
2940 3822 3050 3876 τῶν
3077 3822 3306 3892 ἀπόρων
3332 3823 3567 3894 συχνοὺς

1985 3912 2254 3976 ἐκλιπεῖν,
2302 3915 2398 3967 καὶ
2425 3916 2491 3966 ἐκ
2523 3914 2618 3967 τοῦ
2648 3913 3019 3984 στρατοπέδω
3053 3914 3439 3984 ἀναχωρῆσαι,
3468 3917 3568 3966 καὶ

1986 4008 2051 4057 ἑκ
2076 4004 2176 4074 τῆς
2205 4004 2392 4077 χώρας
2414 4006 2492 4069 ὡς
2514 4006 2809 4077 πολεμίους
2830 4006 2930 4069 τὰς
2955 4006 3162 4075 τροφάς
3185 4007 3564 4074 ἑρανίζεσθαι.

1984 4097 2143 4151 Οὓτω
2177 4096 2235 4149 δὲ
2276 4097 2486 4152 τούτων
2533 4098 2988 4169 συνενεχθέντων,
3035 4101 3160 4151 ἐπεὶ
3186 4099 3383 4151 πολλοὶ
3419 4098 3569 4167 πρὸς

1983 4186 2110 4250 τοὺς
2139 4185 2487 4250 ἀποστάντας
2519 4187 2833 4259 συνέρρεον,
2862 4188 3141 4251 δείσαντες
3166 4189 3219 4240 oi
3246 4188 3564 4258 βουλευταὶ,

1989 4278 2064 4348 μὴ
2090 4277 2184 4330 ἐπὶ
2217 4277 2378 4331 πλέον
2399 4271 2546 4332 οὗτοί
2580 4296 2639 4331 τε
2675 4279 3127 4348 ἔκπολεμωθῶσι,
3149 4279 3247 4333 καὶ
3276 4283 3345 4351 τῇ
3375 4280 3571 4333 στάσει

1775 4371 1877 4426 Or-
1916 4396 1957 4451 η
1987 4368 2391 4423 συνεπίθωνται
2429 4371 2478 4422 oi
2520 4368 2818 4440 περίοικοι.
2861 4370 3373 4440 διεκηρυκεύσαντο
3416 4370 3571 4439 πρὸς

1983 4458 2207 4523 αὐτοὺς,
2243 4459 2345 4513 ὅσα
2378 4458 2515 4529 πρὸς
2546 4458 2745 4529 βουλῆς
2795 4455 2936 4529 ἦσαν
2984 4460 3171 4524 αὐτοῖς
3223 4464 3398 4515 ποιεῖν
3450 4462 3572 4514 ὐπ-

1986 4549 2353 4619 ισχνούμενοι.
2391 4548 2477 4613 Ὠς
2502 4549 2559 4602 δὲ
2590 4551 2826 4617 μάλιστα
2850 4550 3219 4619 ἐθρασύνοντο
3250 4554 3345 4606 καὶ
3369 4552 3574 4605 οὐδένα

1985 4640 2143 4706 λόγον
2165 4640 2430 4710 ἐδέχοντο,
2455 4636 2538 4704 εἷς
2571 4642 2685 4694 τῶν
2713 4642 3002 4711 πρέσϐεων
3039 4644 3348 4713 Ἀγρίππας
3369 4643 3572 4711 Mevi;-

1984 4748 2117 4796 νιος,
2152 4732 2324 4801 μύθου
2362 4733 2509 4796 τινὸς
2550 4736 2691 4811 σφᾷς
2728 4735 2966 4788 ἀκούσαι
3007 4735 3231 4805 ἠξίωσε,
3258 4738 3352 4790 καὶ
3376 4735 3576 4805 τυχὼν

1984 4818 2135 4877 εἷπε·
2167 4826 2498 4879 Στασιάσαι
2536 4826 2686 4894 πρὸς
2721 4825 2836 4894 τὴν
2864 4828 3124 4895 γαστέρα
3155 4827 3349 4883 πάντα
3371 4828 3455 4881 τὰ
3467 4826 3577 4895 μέ-

1985 4918 2065 4983 λη
2089 4916 2196 4970 τοῦ
2224 4915 2520 4985 σώματος,
2549 4919 2649 4971 καὶ
2688 4916 2874 4985 φάναι
2906 4918 3050 4983 τοὺς
3078 4920 3454 4988 ὀφθαλμοὺς,
3485 4918 3577 4982 ὡς

1987 5007 2154 5079 ἡμεῖς
2192 5008 2299 5073 τάς
2334 5024 2399 5062 τε
2420 5009 2624 5076 χεῖρας
2659 5009 2942 5076 ἐνεργοὺς
2968 5012 3055 5075 εἰς
3078 5010 3245 5080 ἔργα,
3286 5010 3375 5064 καί
3411 5009 3579 5074 τοὺς

1986 5103 2177 5166 πόδας
2205 5104 2356 5169 ,πρὸς
2383 5103 2635 5171 πορείαν
2668 5101 2971 5169 τιθέιιμεν·
3013 5102 3129 5168 τὴν
3172 5103 3474 5171 γλῶσσαν
3504 5100 3583 5153 δὲ

1987 5191 2084 5245 καὶ
2118 5192 2189 5245 τὰ
2218 5191 2414 5259 χειλη,
2438 5192 2531 5245 ὅτι
2573 5191 2648 5245 δι’
2678 5189 2846 5260 ἡμῶν
2892 5190 2965 5243 τὰ
2995 5190 3106 5262 τῆς
3142 5191 3379 5260 καρδίας
3402 5191 3580 5253 ,βου-

1985 5283 2253 5350 λεύματα
2293 5281 2799 5350 ἐξαγγέλλω-ται·
2854 5284 2925 5337 τὰ
2964 5279 3083 5338 ὦτα
3125 5283 3178 5336 δ’
3208 5278 3304 5346 αὖ,
3340 5280 3431 5344 ὡς
3496 5280 3589 5332 δι’

1987 5374 2157 5441 ἡμῶν
2182 5377 2236 5427 ol
2262 5374 2336 5426 δι’
2364 5374 2583 5442 ἐτέρων
2607 5374 2776 5444 λόγοι
2808 5373 2886 5439 τῷ
2915 5375 3016 5427 νοῒ
3038 5372 3583 5441 παραπέμποντωθ

1989 5468 2093 5529 τὰς
2122 5462 2187 5515 δὲ
2221 5463 2441 5532 χεῖρας,
2486 5463 2574 5516 ὅτι
2615 5463 2915 5533 ἐργάτιδες
2966 5459 3147 5518 οὖσαι
3196 5460 3350 5531 ἡμεῖς
3392 5476 3591 5526 περι-

1988 5554 2311 5622 ποιούμεθα
2345 5555 2712 5624 πορισμούςο
2742 5555 2884 5620 τοὺς
2913 5554 3105 5622 πόδας
3142 5553 3192 5607 δ’
3231 5548 3429 5613 αὖθις.
3483 5552 3588 5601 ἔτι

1989 5646 2152 5700 ἅπαν
2176 5645 2347 5715 ἡμεῖς
2369 5645 2434 5700 τὸ
2455 5645 2627 5717 σῶμα
2644 5647 2949 5717 φέροντες,
2970 5647 3269 5714 κοπιῶμεν
3289 5643 3410 5701 κάν
3438 5642 3596 5706 ταῖς
