4042 6200
440 152 546 214 589

1700 155 2104 217 ANNALIUM
2146 157 2294 215 LIB.
2332 154 2467 215 νυ.

3521 170 3535 176 ’
3590 148 3696 212 5'30

441 271 845 340 πορείαιςκόν
860 270 988 338 ταῖς
1010 271 1337 339 ἐργασίαις,
1375 273 1492 327 κάν
1536 273 1663 339 ταῖς
1706 273 2022 326 στάσεσιν.

2135 279 2295 337 pcret,
2321 283 2486 339 neque
2519 283 2708 320 manus
2731 266 2798 319 ad
2833 280 2961 334 opus
2990 264 3148 333 fuisse
3177 264 3342 335 agiles
3361 307 3374 330 ,
3405 264 3466 317 ob
3506 266 3698 318 ventris

447 362 654 432 ἸΙμῶν
685 362 738 415 δ’
758 364 1164 431 ἐνεργούντων
1177 365 1350 429 οὕτω,
1385 364 1466 418 σὺ
1496 366 1653 432 μόνη
1679 362 2025 426 ἀσυντελὴς

443 449 601 511 οὖσα
625 456 724 509 καὶ
754 456 991 525 ἀεργὸς,
1019 456 1137 512 ὑπὸ
1165 456 1409 510 πάντων
1434 455 1605 525 ἡμῶν
1628 457 1707 521 ὡς
1730 452 2026 510 δέσποινά

440 566 533 614 τις
549 548 842 617 ὑπηρετῇ,
862 550 958 603 καὶ
982 549 1100 603 τῶν
1116 549 1184 604 ἐκ
1202 548 1469 619 καμάτου
1488 547 1731 603 πάντων
1745 547 1912 617 ἡμῶν
1926 560 2027 600 πο-

436 640 676 710 ρισμῶν
692 640 1029 708 ἀπολαύεις
1050 641 1229 710 αὐτή.
1265 641 1337 696 ἸΙ
1355 641 1425 695 δὲ
1462 639 1693 712 γαστὴρ
1717 641 2027 701 συνέθετο,

442 733 541 786 καὶ
573 733 730 800 αὑτὴ
765 733 920 787 οὕτω
942 733 1107 788 ταῦτ’
1132 733 1319 802 ἔχειν.
1351 733 1464 787 Καὶ
1488 736 1539 787 εὶ
1565 732 1750 797 δοκεῖ,
1772 732 2024 800 ἔφησεν,

444 825 829 895 ἁχορήγητόν
845 844 924 895 με
954 825 1201 892 ἐάσατε,
1220 825 1416 894 μηδέν
1430 844 1530 896 μοι
1556 825 2025 895 προσφέροντες.

450 914 668 980 Ἔδοξε
690 915 897 981 ταῦτα,
929 914 1028 968 καὶ
1054 914 1139 983 μή
1164 931 1219 968 τι
1250 915 1356 970 τοῦ
1384 915 1605 970 λοιποῦ
1644 915 2028 984 χορηγεῖσθαι

448 1003 521 1072 τῇ
551 1004 763 1076 γαστρὶ
795 1004 1013 1071 κοινῶς
1032 1005 1346 1075 ἐψηφίσθη
1380 1007 1504 1072 τοῖς
1522 1008 1761 1076 μέλεσι.
1790 1005 2028 1077 Τροφῆς

443 1097 514 1156 δὲ
544 1096 629 1167 μὴ
659 1097 1160 1167 προσφερομένης
1196 1097 1375 1167 αὐτῇ,
1410 1098 1536 1153 οὔθ’
1561 1101 1623 1153 al
1649 1099 1844 1169 χεῖρες
1876 1099 2029 1167 πρὸς

446 1189 627 1258 ἔργον
692 1184 856 1259 ἦσαν
905 1188 1235 1258 εὐκίνητοι,
1292 1189 1392 1244 διὰ
1437 1189 1552 1257 τὴν
1607 1188 1849 1244 ἔνδειαν
1917 1188 2028 1257 τῆς

448 1280 712 1349 γαστρὸς
758 1280 1165 1349 ἀτονήσασαι,
1222 1280 1351 1334 οὔθ’
1406 1283 1458 1333 οἱ
1510 1280 1694 1346 πόδες
1744 1280 2027 1349 ἔρρωντο,

447 1373 589 1426 οὔτε
634 1390 687 1425 τι
720 1371 929 1441 ἓτερον
965 1371 1083 1426 τῶν
1101 1370 1307 1443 μελῶν
1333 1371 1448 1440 τὴν
1473 1372 1703 1425 οἰκείαν
1723 1371 2031 1441 ἐνέργειαν

450 1462 737 1531 παρεῖχεν
810 1464 1230 1532 ἀπρόσκοπον,
1282 1461 1421 1517 ἀλλ’
1469 1462 1745 1531 ἄπρακτα
1807 1461 2027 1526 πάντα,

449 1553 786 1622 δυσκίνητὰ
827 1571 910 1619 τε,
956 1553 996 1622 ἢ
1046 1554 1143 1608 καὶ
1184 1553 1392 1608 τέλεον
1423 1548 1590 1625 ἦσαν
1620 1553 1894 1619 ἀκίνητα.
1921 1553 2029 1606 Kal

2128 361 2357 414 inediam
2392 358 2618 429 defectus
2648 357 2844 410 vitibus
2874 372 2892 409 :
2923 372 3088 414 neque
3117 356 3274 425 pedes
3311 357 3541 410 valuisse
3561 398 3574 421 ,
3615 372 3701 409 ne-

2126 469 2225 521 que
2263 452 2432 506 ullum
2465 451 2616 505 aliud
2656 450 2946 504 membrum
2979 465 3133 503 suum
3163 466 3349 502 munus
3375 452 3510 503 citra
3543 451 3697 521 offen-

2124 560 2241 596 sam
2268 544 2451 597 abiisse
2477 559 2493 595 :
2523 542 2615 596 sed
2653 543 2832 595 omnia
2859 541 3016 612 fuisse
3054 541 3269 609 ignava,
3308 558 3449 610 a'gra
3475 552 3568 596 aut
3610 560 3702 613 pe-

2128 636 2269 687 nitus
2302 635 2612 688 immobilia.
2645 633 2774 686 Tum
2822 649 2940 686 vero
2980 631 3299 685 intellectum
3325 649 3465 694 esse,
3500 648 3560 685 ea
3590 651 3705 702 qua:

2127 726 2296 778 uentri
2319 726 2639 795 prwbcutur,
2665 741 2767 776 non
2790 726 2956 792 magis
2978 725 3076 793 ipsi
3099 740 3258 793 quant
3280 725 3518 777 omnibus
3548 741 3709 777 mem.

2126 818 2229 869 bris
2260 818 2621 885 suppeditari,
2669 833 2732 869 ac
2780 832 2842 869 ea
2884 815 3096 885 singula
3131 817 3359 885 fructum
3394 817 3517 870 inde
3552 834 3707 871 suum.

2129 908 2415 977 percipere.
2443 907 2521 961 Ex
2544 922 2611 962 eo
2644 921 2903 961 sermone
2925 907 3222 961 multitudo
3243 906 3535 969 intellexit.
3559 910 3709 963 locu-

2131 997 2337 1063 pletum
2397 997 2689 1053 facultates
2757 997 2925 1053 etiam
2977 998 3316 1069 pauperibus
3360 1015 3482 1055 esse
3521 1001 3707 1056 utiles.

2129 1088 2285 1156 Quod
2324 1089 2369 1143 si
2400 1088 2480 1143 illi
2513 1106 2639 1145 suas
2665 1105 2799 1161 opes
2826 1107 2895 1145 ex
2936 1091 3144 1145 mutuis
3186 1092 3439 1161 pecuniis
3471 1101 3710 1163 augeant

2131 1180 2184 1232 id
2220 1187 2398 1234 tamen
2440 1181 2495 1234 in
2532 1182 2721 1252 populi
2747 1181 3144 1237 detrimentum
3178 1198 3286 1238 non
3319 1183 3539 1239 cedere.
3571 1184 3708 1238 Nam

2131 1276 2177 1331 si
2221 1276 2361 1330 nihil
2395 1276 2667 1333 haberent
2714 1277 3042 1348 locupletes,
3079 1294 3260 1349 neque
3295 1293 3565 1349 pauperes
3609 1295 3712 1334 nc-

2131 1369 2387 1425 cessariis
2434 1370 2780 1440 temporibus
2824 1363 3134 1434 habituros,
3183 1373 3329 1428 unde
3366 1381 3714 1435 mutuemur,

2132 1468 2298 1528 atque
2333 1468 2562 1531 urgente
2590 1459 2920 1516 necessitate
2954 1461 3256 1530 perituros.
3311 1459 3424 1515 llac
3461 1461 3715 1515 oratione

2136 1549 2394 1620 mitigati,
2434 1551 2658 1606 decreta
2693 1567 2722 1605 a
2751 1560 2948 1607 senatu
2978 1552 3252 1607 levatione
3281 1553 3621 1618 debitorum,
3658 1564 3718 1608 et

450 1646 583 1700 τότε
616 1646 923 1715 συνῆκαν,
965 1647 1055 1701 ὅτι
1087 1646 1156 1701 τὰ
1195 1646 1271 1714 τῇ
1306 1645 1514 1715 γαστρὶ
1548 1644 2026 1714 προσφερόμενα,

2135 1657 2404 1697 nexorum
2440 1644 2511 1697 ob
2534 1659 2609 1699 aes
2634 1643 2876 1699 alienum
2907 1646 3203 1711 solutione,
3232 1646 3287 1700 in
3315 1646 3548 1717 gratiam
3587 1663 3715 1701 cum

450 1738 522 1790 οὐ
568 1735 816 1812 μᾶλλον
858 1737 1089 1805 ἐκείνῃ,
1139 1737 1279 1791 ἀλλ’
1319 1735 1526 1800 αὐτοῖς
1569 1734 2027 1804 κεχορήγηνται,

2135 1734 2391 1804 patribus
2419 1736 2725 1791 redierunt.

452 1829 549 1882 καὶ
579 1828 781 1883 αὐτῶν
824 1828 1086 1883 ἕκαστον
1121 1828 1325 1897 ἐκείνῃ
1364 1828 1840 1897 προσαγομένων
1908 1828 2349 1894 παραπολαύει.
2419 1828 2647 1892 Τούτοις
2719 1831 2834 1891 τοῖς
2879 1828 3062 1898 λόγοις
3095 1829 3156 1883 τὸ
3222 1829 3428 1901 πλῆθος
3458 1831 3714 1902 συνῆκεν,

450 1924 525 1987 ὡς
582 1925 638 1977 αἱ
691 1923 802 1976 τῶν
843 1923 1095 1993 εὐπόρων
1135 1922 1314 1976 οὐσίαι
1347 1924 1443 1987 καὶ
1476 1923 1587 1986 τοῖς
1658 1919 1891 1992 πένησίν
1930 1922 2071 1976 εἰσιν
2110 1921 2191 1984 εἰς
2221 1922 2512 1991 ὠφέλειαν.
2586 1924 2699 1978 Καὶ
2729 1927 2777 1978 εἰ
2804 1926 3051 1980 κάκεῖνοι
3081 1926 3378 1997 ὠφελοῖντο
3420 1926 3484 1980 ἐκ
3523 1927 3719 1983 δανει-

452 2018 698 2088 σμάτων,
740 2019 835 2071 καὶ
879 2019 979 2080 τὰς
1015 2017 1206 2082 οὐσίας
1241 2015 1522 2082 αὔξουσιν,
1559 2017 1659 2070 οὐκ
1693 2017 1773 2080 εἰς
1825 2014 2034 2088 βλάϐην
2070 2015 2231 2071 τοῦτο
2294 2017 2405 2072 τῶν
2467 2019 2681 2073 πολλῶν
2719 2021 3010 2076 ἀποϐαίνει
3034 2039 3048 2088 ;
3072 2022 3147 2086 ὡς
3180 2022 3236 2076 εἴ
3264 2039 3327 2092 γε
3361 2023 3435 2094 μὴ
3465 2022 3643 2094 ἔχοιεν
3668 2026 3720 2079 οι

453 2113 838 2182 πλουτοῦντες,
900 2114 1010 2168 οὐδ’
1049 2117 1097 2168 οἱ
1165 2116 1402 2183 πένητες
1455 2113 1523 2167 ἂν
1588 2113 1648 2166 ἐν
1717 2115 1934 2184 καιροῖς
1998 2114 2323 2183 ἀναγκαίοις
2378 2114 2564 2180 ἕξουσι
2617 2118 2747 2178 τοὺς
2792 2117 3168 2181 δανείσοντας,
3234 2117 3332 2171 καὶ
3390 2119 3721 2173 ἀπολοῦνται

450 2213 641 2282 χρείας
681 2209 1140 2282 κατεπειγούσης.
1200 2211 1488 2265 Ἐντεῦθεν
1528 2209 1829 2282 ήπιώτεροι
1882 2210 2165 2281 γενόμενοι
2234 2211 2684 2282 κατηλλάγησαν,
2762 2213 3069 2283 κουφισμὸν
3141 2212 3250 2266 τῶν
3320 2212 3577 2281 ὀφειλῶν,
3625 2215 3722 2270 καὶ⁸

452 2306 561 2358 τῶν
594 2306 991 2377 ὑπρημεριῶν
1028 2307 1226 2375 ἄφεσιν
1265 2307 1364 2377 τῆς
1403 2306 1602 2377 βουλῆς
1635 2305 2031 2377 ψηφισαμένης
2070 2309 2279 2371 αὐτοῖς.

520 2397 627 2452 IE'.
660 2397 997 2461 Φοϐηθέντες
1019 2399 1077 2452 δὲ
1114 2398 1212 2470 μὴ,
1262 2398 1660 2469 σκεδασθείσης
1715 2400 1904 2462 αὐτοῖς
1933 2399 2031 2467 τῆς

457 2491 797 2556 συστάσεως,
834 2490 869 2561 ἢ
921 2490 1024 2554 τὰς
1051 2490 1333 2562 συνθήκας
1363 2492 1464 2544 οὐκ
1494 2491 1768 2554 ἐπιτελεῖς
1793 2491 2033 2557 ἕξουσιν,

454 2584 488 2656 ἦ
513 2582 810 2637 κακωθῶσι
833 2581 1201 2648 διαλυθέντες,
1228 2584 1325 2637 καλ⁴
1359 2584 1521 2647 ἄλλος
1547 2585 1671 2637 κατ’
1695 2583 1864 2653 ἀλλην
1896 2585 2034 2652 πρό⁴

456 2692 621 2743 φασιν
654 2673 934 2739 κολάζοιτο
983 2675 1373 2745 συνεχόμενος,
1409 2675 1699 2730 συνέθεντο
1729 2677 2034 2749 ἐπαρήγειν

454 2766 731 2830 ἀλλήλοις,
765 2765 833 2819 ἀν
862 2764 947 2828 τίς
978 2782 1031 2818 τι
1056 2766 1297 2819 ἀδικοῖτο
1318 2783 1331 2797 ⁸
1372 2766 1469 2820 καὶ
1494 2767 1694 2839 ὅρκους
1739 2769 1831 2821 ἐπὶ
1856 2768 2033 2837 τούτῳ

458 2859 718 2929 ὑπέσχον,
746 2859 841 2912 καὶ
866 2860 1182 2929 προστάτας
1209 2859 1409 2914 αὐτίκα
1437 2860 1499 2926 ἐξ
1527 2860 1739 2914 ἑαυτῶν
1759 2860 1871 2915 δύω
1899 2878 2038 2929 προ-

455 2954 822 3025 εχειρίσαντο,
853 2947 974 3006 εἶτα
1003 2955 1098 3007 καὶ
1128 2953 1375 3016 πλείους,
1428 2951 1495 3006 ἵν’
1526 2947 1638 3005 εἷεν
1667 2954 1854 3015 αὐτοῖς
1896 2954 2036 3007 κατὰ

459 3044 779 3115 συμμορίαν
829 3044 1017 3115 βοηθοί
1067 3044 1180 3116 (94)
1218 3061 1276 3099 τε
1332 3045 1430 3098 καὶ
1451 3045 1704 3116 τιμωροί.
1741 3045 1851 3099 Καὶ
1879 3044 2037 3099 τοῦτο

457 3139 556 3208 οὐχ
579 3137 732 3204 ἀπαξ
756 3138 1046 3209 ἐποίησαν,
1072 3138 1187 3191 ἀλλ’
1221 3139 1409 3191 ἔκτοτε
1437 3140 1496 3192 τδ
1529 3139 1763 3209 πρᾶγμα
1792 3139 2037 3208 ἀρξάμε-

459 3246 568 3295 νον,
599 3229 744 3283 οὕτω
774 3231 1089 3303 προέϐαινε,
1116 3231 1212 3283 καὶ
1238 3230 1325 3283 ἐπ’
1357 3231 1604 3286 ἐνιαυτὸν
1634 3231 1761 3295 τοὺς
1790 3233 2036 3303 προστά-

457 3338 556 3384 τας
584 3322 661 3385 di;
693 3323 870 3393 ἀρχήν
898 3339 1025 3376 τινα
1052 3322 1477 3387 ἀπεδείκνυσαν,
1510 3324 1577 3393 τῇ
1612 3322 1711 3394 μὲν
1739 3322 1850 3376 τῶν
1871 3324 2036 3377 Λατί-

459 3430 566 3467 νων
614 3413 835 3486 γλώσσῃ
881 3414 1253 3483 καλουμένους
1301 3414 1625 3485 τριϐούνους
1677 3414 1854 3484 (οὕτω
1898 3415 1953 3468 δὲ
1983 3417 2033 3469 οἱ

461 3506 743 3576 Χιλίαρχοι
778 3505 1119 3576 κέκληνται),
1170 3503 1486 3577 δημάρχους
1541 3506 1598 3559 δὲ
1628 3523 2036 3578 προσαγορευο-

463 3602 656 3672 μένους
705 3603 772 3670 τῇ
839 3600 1106 3670 Ἑλληνίδι
1159 3603 1349 3672 φωνῇ·
1391 3601 1480 3656 ἵνα
1499 3600 1555 3653 δὲ
1589 3601 2033 3673 διαστέλληταιή

458 3694 565 3748 τῶν
592 3692 897 3763 τριϐούνων
952 3693 1317 3764 προσηγορία,
1363 3695 1476 3758 τοῖς
1523 3693 1626 3765 μὲν
1645 3694 1706 3748 τὸ
1731 3694 1839 3748 τῶν
1869 3713 2038 3766 στρα-

458 3786 688 3850 τιωτῶν,
721 3787 836 3847 τοῖς
879 3784 938 3838 δὲ
966 3784 1029 3837 τὸ
1078 3783 1174 3838 τοῦ
1204 3785 1447 3856 πλήθους
1499 3785 1835 3857 προσέθεντο
1864 3787 2037 3857 πρόσο

461 3896 632 3950 ρημα.
657 3872 816 3934 Οὗτοι
851 3877 916 3947 δή
943 3877 1039 3931 τοῦ
1071 3876 1311 3949 πλήθους
1346 3878 1396 3930 ol
1423 3876 1705 3949 τριϐοῦνοι
1752 3879 1784 3950 ἢ
1821 3878 2035 3950 δήμαρ-

456 3986 539 4039 χοι
568 3968 823 4038 μεγάλων
870 3968 1060 4021 κακῶν
1115 3970 1280 4023 αἴτιοι
1310 3970 1377 4040 τῇ
1417 3968 1603 4041 Ῥώμῃ
1634 3968 1916 4038 γεγόνασι.
1960 3970 2033 4021 Τὸ

460 4061 557 4130 μὲν
583 4062 692 4130 γὰρ
712 4061 824 4114 τῶν
851 4061 1131 4131 ἀρχόντων
1163 4061 1338 4134 ὃνομα
1360 4062 1460 4114 οὐκ
1487 4054 1647 4131 ἔσχον
1668 4062 1854 4128 εὐθὺς,
1879 4061 2032 4130 ἰσχὺν

2215 2399 2330 2456 XV.
2369 2400 2643 2457 Caeterum
2672 2400 2857 2469 veriti,
2896 2416 2963 2456 nc
2993 2403 3088 2458 illo
3115 2410 3260 2460 cmtu
3292 2403 3558 2475 dissipato
3579 2446 3593 2471 ,
3634 2409 3723 2462 vel

2142 2492 2317 2562 pactis
2346 2508 2457 2548 non
2499 2502 2761 2560 staretur,
2814 2495 2901 2549 vel
2948 2496 2995 2550 si
3035 2495 3267 2567 digressi
3319 2506 3527 2562 essent,
3581 2499 3724 2554 alius

2140 2584 2251 2640 alio
2284 2585 2507 2640 nomine
2585 2585 3024 2656 comprehensus
3079 2586 3439 2657 plecteretur,
3499 2592 3725 2661 pepige-

2142 2684 2291 2741 runt,
2340 2677 2388 2731 si
2443 2676 2532 2730 cui
2574 2676 2732 2732 fieret
2786 2676 3025 2746 injuria,
3085 2689 3280 2733 mutuo
3338 2677 3547 2735 laturos
3597 2695 3724 2736 esse

2140 2783 2323 2839 opem.
2392 2768 2581 2838 quue
2629 2775 2789 2838 pacto
2828 2769 3190 2839 jurejurando
3246 2769 3486 2836 ﬁrmato,
3534 2772 3723 2826 statim

2141 2860 2283 2916 duos
2316 2871 2580 2930 patronos
2622 2862 2707 2917 sui
2744 2861 2961 2916 ordinis
2988 2861 3279 2933 elegerunt
3327 2878 3343 2928 ;
3387 2863 3587 2919 deinde
3619 2880 3722 2919 au-

2141 2962 2342 3007 xerunt
2376 2968 2692 3019 numerum,
2721 2961 2781 3007 ut
2816 2953 3045 3024 singula:
3072 2954 3283 3027 classes
3296 2970 3428 3012 suos
3456 2969 3720 3026 patronos

2141 3042 2410 3098 baberent
2442 3057 2507 3098 ac
2540 3043 2806 3099 vindices.
2839 3044 3029 3114 Neque
3070 3044 3177 3100 hoc
3211 3046 3380 3101 semel
3432 3047 3720 3113 fecerunt;

2140 3134 2237 3191 sed
2270 3134 2341 3190 ab
2373 3150 2439 3191 eo
2473 3144 2743 3205 tempore,
2785 3136 2932 3192 facto
2959 3136 3142 3204 initio,
3180 3153 3269 3194 res
3303 3139 3379 3193 ita
3404 3141 3719 3209 processit,

2141 3234 2202 3280 ut
2234 3228 2532 3296 quotannis
2553 3242 2648 3283 eos
2669 3238 2932 3299 patronos
2957 3238 3217 3301 tanquam
3242 3233 3600 3303 magistratus
3625 3234 3724 3290 de—

2140 3318 2401 3390 ligerent,
2446 3321 2542 3391 qui
2575 3322 2785 3376 tribuni
2821 3322 3022 3391 plebis,
3059 3323 3401 3381 discriminis
3424 3340 3590 3382 causa
3619 3344 3722 3384 no—

2141 3412 2470 3470 minantur:
2533 3414 2684 3484 quod
2731 3415 2769 3470 ii
2803 3416 2969 3470 etiam
3020 3416 3077 3470 in
3128 3433 3189 3473 re
3238 3418 3464 3474 militari
3512 3421 3723 3476 tribuni

2137 3503 2424 3569 dicuntur,
2454 3506 2550 3575 qui
2582 3505 2878 3577 imperium
2905 3508 2961 3563 in
2993 3508 3150 3563 mille
3178 3510 3329 3566 viros
3361 3509 3636 3567 obtinent.
3673 3513 3718 3567 li

2139 3596 2347 3652 tribuni
2387 3597 2567 3667 plebis
2595 3600 2894 3669 magnasin
2925 3601 3219 3671 republica
3252 3602 3442 3659 turbas
3469 3605 3719 3661 concita-

2138 3694 2309 3740 runt:
2345 3688 2441 3757 qui
2489 3704 2615 3743 cum
2666 3690 3093 3759 magistratuum
3146 3706 3348 3747 nomen
3378 3707 3488 3748 non
3530 3696 3719 3750 statim

2140 3774 2429 3840 haberent,
2492 3777 2735 3846 potentia
2795 3787 3031 3833 creteros
3092 3793 3288 3835 omnes
3355 3785 3713 3853 superabant.
3788 3810 3794 3818 -

2138 3864 2296 3936 3&1
2326 3866 2577 3936 quemvis
2622 3868 2926 3937 supplicem
2959 3866 3365 3938 defendebant,
3406 3874 3659 3942 quemvis
3686 3892 3718 3929 a

2138 3973 2249 4027 quo
2283 3958 2559 4028 implorati
2583 3967 2769 4015 essent
2801 3963 3141 4028 asserebant,
3172 3979 3283 4019 non
3304 3974 3495 4020 contra
3531 3968 3721 4036 priva-

2139 4061 2226 4103 tos
2256 4048 2548 4115 duntaxat,
2599 4051 2695 4106 sed
2745 4042 2915 4107 etiam
2948 4054 3219 4111 adversus
3260 4058 3409 4127 ipsos
3432 4063 3723 4131 magistra-

456 4152 499 4204 δ’
529 4152 673 4223 ὑπὲρ
724 4153 933 4215 πάντας
963 4155 1087 4217 τοὺς
1120 4154 1314 4217 ἄλλους
1360 4155 1687 4223 ἐκτήσαντο,
1737 4154 1941 4224 ήμυνόν
1968 4171 2028 4206 τε

2138 4158 2250 4210 tus.
2273 4148 2638 4205 dictatoribus
2678 4160 2890 4206 tantum
2912 4155 3178 4223 exceptis.
3206 4154 3363 4220 Quod
3395 4155 3439 4209 si
3464 4157 3589 4224 quis
3621 4172 3719 4212 eos

455 4243 695 4316 δεομένῳ
727 4249 916 4309 παντὶ,
948 4249 1042 4299 καὶ
1074 4246 1256 4299 πάντα
1284 4246 1376 4300 τὸν
1408 4246 1852 4316 ἐπιϐοησάμενον
1893 4248 2035 4314 σφᾶς

457 4336 791 4410 ἀφῃροῦντο,
814 4336 915 4388 οὐκ
936 4340 1000 4391 ἐκ
1034 4337 1211 4408 μόνων
1248 4336 1498 4403 ἰδιωτῶν,
1524 4336 1661 4390 ἀλλά
1688 4337 1782 4391 καὶ
1814 4335 1911 4390 ἀπ’
1938 4336 2034 4390 αύ-

454 4428 562 4482 τῶν
588 4428 697 4482 τῶν
730 4430 1032 4498 ἀρχόντων,
1062 4429 1201 4500 πλὴν
1233 4428 1342 4482 τῶν
1384 4429 1740 4499 δικτατόρων.
1779 4428 1841 4481 El
1868 4428 1923 4481 δέ
1951 4447 2032 4490 τις

456 4520 551 4573 καὶ
573 4520 811 4583 ἀπόντας
845 4521 1039 4584 αὐτοὺς
1072 4520 1473 4586 ἐπεκαλέσατο,
1505 4521 1758 4583 κάκεῖνος
1800 4520 1910 4574 ἀπὸ
1940 4519 2034 4574 τοῦ

456 4613 776 4683 συνέχοντος
807 4612 979 4665 αὐτὸν
1024 4611 1427 4683 ἀπηλλάττετο,
1472 4613 1565 4665 καὶ
1594 4612 1627 4681 ἢ
1661 4614 1718 4674 ἐς
1746 4612 1806 4663 τὸ
1834 4610 2036 4680 πλῆθος

458 4702 546 4755 ὑπ’
582 4704 765 4757 αὐτῶν
797 4703 1077 4773 εἰσήγετο,
1113 4703 1147 4771 ἢ
1201 4705 1294 4755 καὶ
1331 4702 1624 4753 ἀπελύετο.
1670 4699 1833 4753 Ἀλλά
1860 4700 1957 4753 καὶ
1986 4700 2041 4751 εῖ

453 4796 505 4847 τί
536 4813 641 4847 που
705 4794 887 4861 ἔδοξεν
929 4796 1117 4857 αὐτοῖς
1164 4795 1240 4864 μὴ
1299 4794 1577 4861 γενέσθαι,
1628 4792 1888 4858 ἐκώλυον,
1932 4793 2036 4846 κᾶν

459 4885 673 4955 ἰδιώτης
699 4881 770 4957 ἧν
798 4888 826 4938 ό
854 4885 1045 4950 ποιῶν,
1070 4885 1173 4937 κᾶν
1203 4884 1408 4954 ἄρχων,
1442 4885 1545 4936 κᾶν
1573 4885 1601 4936 ὁ
1634 4883 1830 4953 δῆμος,
1866 4883 1969 4936 κᾶν
2001 4886 2034 4954 ή

457 4975 621 5046 βουλὴ
675 4978 943 5041 πράττειν
993 4975 1187 5048 ἔμελλέ
1216 4992 1290 5039 τι,
1344 4974 1445 5028 κᾶν
1477 4975 1840 5045 ψηφίζεσθαι,
1871 4970 1950 5039 εἷς
1979 4975 2036 5028 δέ

455 5068 865 5138 τιςὴναντίωτο
891 5070 1192 5141 δήμαρχος,
1218 5068 1504 5136 ἄπρακτος
1534 5069 1626 5121 καὶ
1649 5070 1682 5139 ή
1715 5070 1915 5139 πρᾶξις
1940 5069 2036 5121 καὶ

455 5163 697 5233 ήψῆφος
732 5162 963 5231 ἐγίνετο.
1000 5163 1108 5215 Τοῦ
1149 5163 1343 5233 χρόνου
1380 5161 1438 5214 δὲ
1468 5162 1776 5232 προϊόντος,
1806 5164 1903 5217 κοιλ⁵
1932 5163 2033 5233 τὴν

2134 4243 2220 4297 vel
2258 4243 2515 4299 absentes
2556 4246 2919 4316 appellasset,
2967 4249 3015 4302 is
3054 4262 3276 4318 quoque
3321 4249 3389 4303 ab
3423 4265 3509 4315 eo,
3541 4266 3571 4304 a
3605 4266 3717 4319 quo

2136 4336 2573 4405 comprehensus
2606 4337 2814 4402 fuerat,
2859 4339 3147 4407 liberatus,
3184 4342 3269 4396 vel
3303 4344 3359 4397 in
3388 4342 3719 4399 concionem

2136 4429 2206 4484 ab
2245 4429 2326 4483 eis
2372 4429 2781 4496 adducebatur,
2818 4431 2904 4485 vel
2944 4432 3112 4485 etiam
3155 4432 3567 4489 absolvebatur.
3634 4436 3718 4488 Ad

2138 4521 2274 4587 haec,
2321 4522 2366 4576 si
2397 4522 2544 4591 quod
2582 4524 2664 4577 eis
2704 4523 2986 4579 decretum
3025 4525 3143 4577 sive
3189 4539 3219 4578 a
3262 4524 3498 4593 privato,
3532 4526 3648 4580 sive
3689 4544 3720 4579 ιι

2137 4613 2504 4682 magistratu,
2551 4613 2666 4668 sive
2697 4628 2726 4665 a
2766 4612 2926 4682 plebe
2959 4613 3160 4667 factum
3184 4652 3199 4675 ,
3229 4611 3598 4682 displicebat,
3633 4612 3720 4665 in-

2139 4702 2517 4758 tercedebant.
2554 4704 2711 4770 Quod
2745 4704 2791 4758 si
2813 4715 3040 4759 senatus
3070 4705 3277 4774 aliquid
3311 4704 3396 4759 vel
3418 4720 3604 4776 agere,
3632 4704 3718 4757 vel

2141 4794 2448 4848 decernere
2482 4794 2846 4861 inStituisset,
2879 4802 3045 4863 atque
3082 4810 3227 4848 unus
3257 4793 3515 4848 tribunus
3545 4793 3721 4863 plebis

2139 4886 2567 4948 intercessisset,
2627 4887 2847 4941 irritum
2892 4895 3015 4941 erat
3054 4886 3107 4940 id
3151 4886 3462 4949 decretum,
3502 4885 3721 4939 actione

2139 4978 2624 5048 supersedebatur.
2663 4977 2965 5048 Progressu
3002 4978 3267 5048 temporis
3300 4977 3389 5029 illa
3431 4981 3627 5038 etiam,
3661 4984 3721 5026 ut

2139 5078 2188 5121 et
2234 5077 2484 5122 senatum
2514 5077 2880 5122 convocarent
2906 5111 2922 5135 ,
2957 5068 3109 5123 dicto
3154 5085 3263 5123 non
3300 5069 3587 5123 audientes
3618 5083 3721 5135 pu-

2138 5161 2346 5227 nirent,
2389 5169 2445 5215 et
2486 5161 2773 5231 aruspices
2804 5161 3184 5222 consulerent.
3222 5170 3315 5215 aut
3350 5173 3607 5215 concessa
3638 5158 3722 5211 eis

1662 5322 1863 5385 Varim
1908 5323 2215 5385 lectiones
2254 5330 2315 5385 et
2358 5330 2550 5385 notua.

525 5461 638 5533 (94)
668 5460 781 5533 Ἶν⁹
832 5457 955 5533 εἷεν
984 5461 1189 5526 αὐτοῖς
1248 5462 1399 5515 κατὰ
1426 5460 1772 5533 συμμορίαν
1792 5459 2033 5533 βοηθοί.

453 5530 788 5602 Πιέἱηευιαε
819 5532 1025 5586 classes
1049 5547 1181 5586 suos
1218 5544 1482 5603 patronos
1514 5530 1814 5595 haberent,
1851 5530 2038 5597 sequi-

453 5615 540 5656 tur
562 5618 855 5656 numerum
899 5602 1245 5657 tribunorum
1288 5602 1354 5656 ad
1378 5603 1571 5659 decem
1603 5616 1726 5659 esse
1756 5610 1979 5657 auctum
2019 5619 2032 5654 :

2139 5458 2347 5583 classe;
2384 5464 2568 5512 autem
2621 5472 2651 5512 a
2698 5458 2892 5513 Servio
2949 5457 3128 5512 Tullio
3178 5455 3444 5510 institutae
3494 5451 3721 5510 fuerunt

2139 5544 2254 5583 sex.
2354 5566 2367 5580 .

2139 5544 2254 5583 SCX.
2287 5544 2367 5583 W.
