3882 6192
287 344 412 405 ’597

1556 366 1964 429 ANNALIUM
2001 371 2144 431 LIB.
2187 373 2319 433 VII.

3470 394 3581 455 593.1

313 452 505 509 ὐλὼδει
526 459 715 530 χωρίῳ
742 461 1031 533 ἐλόχησαν,
1060 465 1158 518 καὶ
1183 466 1534 536 ἀφυλάκτως
1563 474 1889 539 ἐπελθόντας

1999 478 2303 547 Tyrrhenis
2324 481 2565 551 graviter
2594 485 2792 551 vexati,
2825 502 2956 556 pace
2984 504 3108 545 cum
3133 493 3384 555 hostibus
3408 501 3569 569 facta,

310 549 494 611 αὐτοῖς
521 552 649 614 τοὺς
674 554 908 617 Φαϐίους
933 556 1038 609 ὐπὸ
1062 557 1156 611 τοῦ
1184 560 1363 615 πάντα
1389 566 1568 634 νικᾷν,
1586 571 1893 637 περιεποί-

310 657 361 708 χι
371 657 494 704 σαν,
512 642 609 693 καὶ
637 642 846 707 πάντας
870 645 1173 713 ἐφόνευσαν
1194 664 1208 679 ⁶
1236 651 1330 704 καὶ
1357 654 1639 719 παντελῶς
1658 658 1719 711 τὺ
1740 658 1893 724 γένος

308 730 495 783 αὐτῶν
549 731 804 792 ἐξέλιπεν
837 735 927 801 ἂν,
976 738 1027 790 εί
1059 740 1135 811 μὴ
1167 737 1250 805 εἷς
1281 760 1364 808 τις
1391 746 1530 801 οἴκοι
1563 751 1892 823 κατελείφθη

307 822 397 874 διὰ
432 825 691 892 νεότητα,
747 826 845 895 ἀφ’
889 824 1067 901 οὗπερ
1098 830 1257 898 αὖθις
1309 838 1595 894 είσὲπειτα
1626 822 1892 914 ἤνθησαν.

310 912 434 967 Τῶν
459 913 516 965 δὲ
535 915 752 970 Φαϐίων
773 919 918 973 οὕτω
966 922 1310 993 φθαρέντων,
1364 931 1415 982 oi
1460 930 1721 1001 Ῥωμαῖοι
1749 912 1894 1004 μάλα

310 1005 463 1074 παρὰ
494 1007 607 1059 τῶν
650 1009 949 1079 Τυρσηνῶν
998 1016 1388 1089 ἐκακώθησαν.
1442 1018 1577 1077 Εἶτα
1629 1027 1768 1097 πρὸς
1792 1030 1895 1099 μὲν

307 1095 436 1159 τοὺς
459 1097 756 1167 πολεμίους
781 1103 1020 1167 σπονδὰς
1053 1108 1410 1179 ἐποιήσαντο.
1469 1117 1820 1189 Τραπόμενοι
1850 1123 1894 1174 δ’

308 1190 398 1240 ἐπ’
456 1190 729 1261 ἀλλήλους
778 1194 1028 1266 ἔπραξαν
1063 1199 1234 1256 πολλὰ
1281 1203 1458 1273 δεινὰ,
1489 1208 1567 1273 ὡς
1621 1213 1755 1283 μηδέ
1784 1214 1894 1268 τῶν

309 1285 640 1352 στρατηγῶν
692 1289 1039 1358 ἀποσχέσθαι
1085 1292 1147 1346 τὸ
1196 1295 1421 1367 πλῆθος.
1485 1301 1626 1365 Τούς
1669 1321 1730 1358 τε
1786 1307 1893 1379 γὰρ

308 1372 418 1442 ὐπη
429 1374 598 1443 ρέτας
621 1377 803 1430 αὐτῶν
834 1379 1050 1448 ἔπαιον,
1077 1384 1293 1451 καὶτὰς
1327 1389 1557 1459 ῥάϐδους
1586 1372 1887 1461 κατέκλων,

305 1464 506 1526 αὐτούς
559 1485 621 1521 τε
666 1472 794 1534 τοὺς
845 1476 1193 1544 στρατηγοὺς
1248 1479 1342 1532 ὑπ’
1367 1482 1606 1541 εὐθύνην
1631 1482 1767 1557 ἦγον
1801 1491 1893 1543 ἐπὶ

307 1558 463 1627 πάσῃ
495 1561 772 1629 προφάσει
830 1566 924 1617 καὶ
970 1566 1179 1634 μείζονι
1228 1572 1320 1623 καὶ
1355 1573 1621 1635 ἐλάττονι.
1654 1580 1892 1634 ’Ἄππιον

305 1645 400 1702 οὖν
429 1650 704 1706 Κλαύδιον
744 1655 840 1706 καὶ
874 1659 1007 1723 παρ’
1057 1661 1229 1730 αὐτὴν
1262 1663 1362 1733 τὴν
1393 1666 1567 1738 ἀρχὴν
1598 1671 1678 1733 εἰς
1717 1672 1777 1724 τὸ
1805 1672 1891 1725 δε-

314 1742 637 1809 σμωτήριον
677 1742 937 1812 ἐμϐαλεῖν
994 1748 1407 1820 ἐϐουλεύσαντο,
1462 1758 1546 1811 ὃτι
1579 1777 1636 1813 τε
1688 1762 1872 1825 αὐτοῖς

2002 570 2053 623 in
2085 573 2409 642 semctipsos
2440 579 2714 642 conversi,
2756 582 2960 636 mutuis
2988 598 3046 638 se
3080 585 3329 643 cladibus
3371 593 3570 651 atlece-

1999 672 2126 716 runt
2161 681 2174 715 :
2214 680 2319 720 nec
2376 667 2510 737 ipsis
2566 673 2888 728 consulibus
2935 677 3251 735 multitudo~
3277 682 3570 743 abstinuit.

1996 754 2128 808 Nam
2183 764 2239 811 et
2287 758 2571 817 ministros
2618 777 2812 818 eorum
2863 768 3242 836 verberarunt,
3294 783 3350 828 et
3400 776 3573 833 fasces

1997 845 2409 917 confregerunt,
2440 860 2495 905 et
2527 851 2673 921 ipsos
2709 856 2968 911 consules
3005 874 3104 928 per
3150 866 3401 931 quamvis
3437 881 3571 921 caus

1996 948 2137 997 sam,
2169 935 2285 989 sive
2335 951 2529 1008 magna
2575 955 2661 1004 ea,
2706 941 2822 998 sive
2857 959 3022 1013 parva
3068 962 3233 1013 esset,
3267 968 3389 1009 reos
3428 954 3576 1010 iece-

1998 1035 2146 1080 runt.
2182 1027 2417 1097 Appium
2454 1031 2743 1087 Claudium
2795 1035 2848 1088 in
2891 1037 3010 1105 ipso
3041 1040 3207 1094 etiam
3251 1045 3570 1113 magistratu

1998 1117 2052 1170 in
2081 1132 2359 1175 carcerem
2393 1121 2595 1178 ducere
2634 1126 2930 1181 voluerunt
2964 1143 2976 1179 :
3010 1130 3156 1199 quod
3201 1131 3247 1185 is
3293 1137 3477 1203 populi
3517 1138 3571 1191 in

1997 1209 2256 1265 omnibus
2283 1211 2628 1279 adversator,
2654 1215 2898 1285 legiones
2921 1234 3049 1275 snas
3075 1221 3398 1287 decimarat,
3422 1228 3571 1294 quod

1996 1300 2208 1356 Volscis
2239 1301 2296 1357 in
2328 1304 2519 1372 praelia
2548 1307 2861 1362 cessissent.
2898 1309 3197 1369 Decimatio
3226 1330 3356 1369 vero
3385 1316 3574 1388 hujus-

1997 1392 2144 1446 tnodi
2174 1392 2298 1447 fuit.
2335 1395 2468 1450 Cum
2504 1397 2708 1454 milites
2740 1402 2980 1468 gzavitcr
3006 1403 3373 1473 deliquerant,
3403 1408 3573 1478 impc-

1996 1491 2146 1536 rator
2174 1486 2435 1541 omnibus
2485 1488 2540 1542 in
2593 1490 2850 1549 decurias
2905 1493 3243 1564 distributis,
3296 1500 3569 1557 decimum

1993 1590 2268 1646 quemque
2291 1578 2381 1633 cui
2407 1595 2530 1636 sors
2550 1581 2875 1651 obvenerat,
2907 1588 3211 1645 accidebat.
3246 1592 3444 1661 Appio,
3475 1596 3543 1649 de
3571 1629 3575 1635 ι

1994 1666 2173 1734 posito
2224 1670 2571 1739 magistratu,
2618 1675 2817 1744 plebeii
2861 1679 3044 1732 statim
3095 1681 3242 1734 diem
3291 1685 3570 1747 dixerunt.

1995 1773 2097 1812 nec
2131 1759 2466 1818 damnarunt
2501 1775 2681 1821 tamen
2719 1786 2731 1823 :
2773 1769 2869 1823 sed
2914 1770 3003 1825 die
3036 1773 3323 1839 producta.
3361 1776 3412 1830 in
3450 1793 3575 1832 eam

308 1834 630 1888 ἐναντιοῦτο
677 1839 758 1900 είς
785 1837 1029 1907 ἅπαντα,
1068 1844 1163 1896 καὶ
1192 1846 1275 1898 ὅτι
1325 1850 1451 1912 τοὺς
1480 1867 1887 1922 συστρατευσασ

1994 1852 2380 1908 necessitatem
2403 1855 2726 1926 adegerunt,
2751 1868 2811 1913 ut
2834 1859 2948 1931 ipse
2972 1860 3076 1916 sibi
3106 1878 3301 1919 manus
3325 1867 3567 1923 παρίοι-ει.

308 1927 509 1994 μένους
534 1930 685 1999 αὐτῷ
716 1931 1098 1998 ἐδεκάτευσεν,
1126 1937 1316 2009 ἐπειδὴ
1365 1943 1477 2004 τοῖς
1528 1944 1888 2009 οὐολούσκοις

307 2018 365 2070 ἐν
397 2022 549 2091 μάχῃ
586 2022 859 2079 ἐνέδοσαν.
910 2026 975 2078 Ἠ
1016 2027 1337 2095 δεκάτευσις
1383 2032 1438 2084 δέ
1472 2036 1674 2090 τοιόνδε
1714 2057 1763 2092 τι
1794 2036 1885 2110 ἦν.

307 2110 440 2165 Ὅτε
467 2131 525 2167 τι
547 2116 598 2167 οἱ
628 2117 963 2184 στρατιῶται
991 2121 1135 2189 μέγα
1160 2123 1508 2194 ἡμάρτοσαν,
1533 2131 1562 2181 ὁ
1583 2134 1889 2203 στρατηγὸς

303 2204 384 2266 είς
408 2204 650 2270 δεκάδας
680 2208 881 2273 αὐτοὺς
917 2211 1195 2283 ἀριθμῶν,
1232 2216 1328 2270 ἕνα
1353 2218 1536 2275 λαϐὼν
1560 2222 1621 2286 ἐξ
1650 2225 1888 2297 ἑκάστης

302 2294 531 2359 δεκάδος
567 2297 663 2350 τὸν
720 2300 912 2370 κλήρῳ
971 2301 1234 2373 λαχόντα,
1308 2307 1526 2379 Θανάτῳ
1610 2294 1885 2381 ἐκόλαζεν.

317 2386 651 2443 ’Δπελθόντα
685 2389 729 2443 δ’
754 2394 819 2445 ἐκ
852 2393 955 2463 τῆς
978 2395 1154 2466 ἀρχῆς
1207 2399 1299 2451 τὸν
1335 2402 1620 2468 Κλαύδιον,
1650 2407 1812 2471 εὐθὺς
1840 2412 1890 2463 οἱ

304 2477 397 2529 τοιῦ
428 2478 673 2548 πλήθους
699 2484 782 2546 εἰς
817 2484 1007 2552 ἀγῶνα
1030 2490 1405 2559 κατέστησαν,
1441 2494 1537 2546 καὶ
1561 2496 1624 2548 οὐ
1652 2498 1891 2569 κατεψη-

306 2570 536 2638 φίσαντο
588 2576 725 2642 μὲν,
755 2576 857 2646 τὴν
886 2578 1071 2646 ψῆφον
1112 2579 1171 2632 δὲ
1208 2581 1601 2654 ὑπερθέμενοι,
1640 2589 1696 2648 ἐς
1725 2590 1890 2657 ἀνάγ-

306 2676 411 2729 κην
430 2661 602 2715 αὐτὸν
622 2665 968 2737 αὐτοχειρίας
1001 2670 1371 2742 κατέστησαν.
1397 2673 1504 2727 Καί
1528 2693 1671 2740 τινες
1702 2677 1759 2731 δὲ
1781 2679 1890 2731 τῶν

302 2751 607 2824 δημάρχων
651 2755 788 2809 ἄλλα
833 2776 893 2811 τε
924 2761 1068 2814 κατά
1116 2762 1225 2815 τῶν
1258 2763 1602 2835 εὐπατριδῶν
1628 2770 1893 2840 συνέγρα·

301 2842 434 2911 ψαν,
468 2845 571 2898 καὶ
599 2846 662 2899 τὸ
685 2846 892 2912 ἐξεῖναι
916 2852 995 2921 τῷ
1023 2852 1243 2924 πλήθει,
1277 2857 1373 2909 καὶ
1403 2859 1529 2912 καθ’
1565 2861 1730 2913 ἐαυτδ
1768 2879 1890 2914 συν-

306 2937 466 3001 ιέναι,
500 2944 597 2992 καὶ
615 2943 745 2995 ἄνευ
802 2945 1029 2998 ἐκείνων
1061 2946 1439 3017 βουλεύεσθαι,
1483 2954 1574 3006 καὶ
1616 2957 1890 3026 χρηματί-

306 3029 421 3091 ζειν
444 3030 609 3085 πάνθ’
634 3033 735 3086 ὅσα
780 3034 845 3087 ἂν
890 3037 1157 3110 ἐθελήσῃ.
1192 3042 1312 3097 Κάν
1361 3061 1445 3107 τις
1482 3045 1568 3113 ἐφ’
1603 3048 1753 3118 αἰτία
1784 3050 1891 3104 τινὶ

305 3122 459 3190 παρὰ
498 3123 610 3176 τῶν
669 3128 992 3197 στρατηγῶν
1028 3132 1412 3205 προστιμωθῇ,
1477 3136 1743 3207 ἔκκλητον
1794 3141 1890 3193 ἐπὶ

305 3212 522 3276 τούτοις
546 3214 639 3265 τὸν
664 3214 838 3284 δῆμον
864 3217 1108 3283 δικάζειν
1137 3221 1355 3286 ἔταξαν.
1394 3226 1504 3278 Καὶ
1533 3228 1657 3290 τοὺς
1684 3231 1888 3301 ἀγορα-

305 3308 507 3377 νόμους
533 3307 589 3360 δὲ
619 3308 714 3362 καὶ
745 3311 872 3374 τοὺς
900 3310 1220 3384 δημάρχους
1242 3315 1588 3387 ἐπηύξησαν,
1613 3320 1699 3373 ἴνα
1732 3322 1887 3375 πλεί-

306 3418 471 3463 στους
504 3403 631 3462 τοὺς
660 3401 842 3457 αὐτῶν
866 3406 1307 3475 προϊσταμένους
1336 3407 1522 3479 ἔχωσι.
1569 3413 1885 3484 Πραττομέ-

307 3511 415 3547 νων
435 3493 493 3546 δὲ
515 3493 723 3547 τούτων
748 3496 798 3547 οἱ
851 3496 1183 3567 εὐπατρίδαι
1229 3500 1485 3571 φανερῶς
1534 3504 1633 3572 μὲν
1654 3506 1714 3559 οὐ
1743 3508 1886 3562 πάνυ

306 3586 705 3655 ἀντέπραττον,
739 3586 882 3656 πλὴν
912 3586 1187 3659 βραχέων,
1219 3590 1396 3664 λάθρα
1432 3594 1491 3648 δὲ
1524 3600 1753 3668 συχνοὺς
1781 3602 1887 3653 τῶν

308 3677 670 3745 θρασυτάτων
711 3679 988 3745 ἐφόνευον.
1020 3679 1161 3734 Ἀλλ’
1182 3682 1306 3737 οὔτε
1333 3686 1493 3739 τοῦτο
1520 3688 1647 3752 τοὺς
1668 3688 1889 3755 λοιποὺς

309 3771 565 3842 ἐπέσχεν,
593 3768 709 3824 οὐθ’
737 3772 820 3825 ὅτι
840 3773 970 3825 ποτὲ
1000 3773 1161 3828 ἐννέα
1189 3775 1463 3848 δήμαρχοι
1494 3780 1629 3850 πυρὶ
1663 3780 1766 3833 ὑπὸ
1793 3784 1887 3836 τού

306 3865 488 3934 δήμου
537 3869 943 3941 παρεδόθησαν.
984 3873 1059 3927 Οὐ
1097 3873 1258 3942 μόνον
1300 3876 1411 3946 γὰρ
1452 3878 1500 3929 οἱ
1540 3876 1678 3945 μετὰ
1716 3876 1887 3931 ταῦτα

302 3956 719 4029 δημαρχοῦντες
765 3962 864 4014 οὐκ
909 3963 1275 4032 ἡμϐλύνοντο,
1324 3964 1462 4018 ἀλλὰ
1530 3966 1735 4035 μᾶλλον
1794 3971 1893 4023 καὶ

304 4046 707 4116 ἐθρασύνοντοο
747 4053 828 4115 είς
858 4055 1021 4108 τοῦτο
1078 4053 1183 4108 ὐπὸ
1211 4056 1319 4109 τῶν
1357 4056 1702 4129 εὐπατριδῶν
1752 4078 1890 4131 προ-

304 4138 453 4209 ἤχθη
484 4142 513 4192 δ
533 4142 741 4210 ὅμιλος.
771 4143 909 4198 Οὔτε
940 4146 1049 4217 γὰρ
1111 4147 1433 4218 στρατεύειν
1465 4149 1750 4205 ἐπείθοντο
1788 4169 1889 4205 πο-

303 4234 497 4303 λέμων
519 4236 905 4307 ἐπικειμένων,
937 4242 986 4294 εί
1014 4241 1089 4311 μὴ
1111 4235 1186 4294 ὧν
1216 4242 1491 4311 ὠρέγοντο
1532 4244 1725 4315 ἔτυχον
1748 4261 1764 4278 ·
1796 4248 1891 4299 καὶ

305 4329 361 4380 εἴ
388 4344 519 4383 ποτε
576 4330 622 4383 δ’
671 4331 917 4401 ἐξῆλθον,
969 4334 1307 4406 ἀπροθύμως
1359 4337 1651 4406 ἐμάχοντο,
1708 4341 1756 4392 εί
1816 4339 1890 4410 μὴ

304 4422 470 4475 πάνθ’
500 4425 604 4476 ὅσα
635 4424 922 4480 ἐῦούλοντο
943 4427 1175 4497 ἤνυσαν.
1212 4428 1526 4481 Κάντεῧθεν
1564 4431 1751 4485 πολλώ
1779 4432 1888 4485 τῶν

1993 1942 2076 1996 Ad
2115 1942 2232 1999 haec
2279 1947 2502 2014 quidam
2554 1950 2762 2005 tribuni
2817 1953 2991 2021 plebis
3042 1970 3167 2009 cum
3222 1959 3329 2012 alia
3377 1970 3569 2014 contra

1993 2044 2177 2103 patres
2225 2040 2589 2108 scripserunt,
2636 2050 2751 2096 tum
2781 2044 2958 2109 illud,
3010 2057 3067 2100 ut
3114 2048 3318 2118 populo
3371 2067 3468 2119 per
3511 2068 3570 2105 se

1994 2125 2135 2180 inire
2165 2131 2489 2196 concilium,
2524 2142 2580 2189 et
2624 2133 2829 2205 absque
2859 2135 2971 2192 illis
3014 2138 3331 2194 deliberare
3359 2142 3566 2196 liceret.

1991 2224 2048 2271 et
2072 2233 2173 2273 suo
2202 2220 2475 2278 arbitratu
2504 2223 2806 2283 decernere
2839 2230 3047 2285 omnia.
3089 2231 3245 2296 Quod
3275 2234 3317 2286 si
3348 2235 3474 2302 quis
3500 2237 3571 2290 ob

1992 2309 2199 2364 crimen
2239 2313 2460 2382 aliquod
2511 2331 2543 2371 a
2598 2319 2920 2376 consulibus
2963 2323 3247 2388 multetur,
3285 2325 3334 2378 ei
3370 2341 3570 2394 provo-

1993 2402 2266 2458 cationem
2301 2421 2422 2462 esse
2465 2408 2531 2462 ad
2562 2411 2847 2479 populum.
2890 2413 3264 2485 Aidiliumque
3294 2429 3350 2473 et
3393 2420 3571 2474 tribu-

1993 2510 2189 2551 norum
2239 2508 2569 2565 potestatem
2627 2505 2981 2573 ampliatum,
3033 2518 3094 2564 ut
3136 2512 3574 2580 quamplurimas

1993 2598 2258 2655 patronos
2304 2591 2592 2649 haberent.
2634 2595 2766 2662 Quae
2810 2611 2936 2654 cum
2985 2613 3299 2671 agerentur,
3352 2604 3570 2672 patricii

1992 2690 2183 2747 aperte
2206 2696 2316 2736 non
2349 2683 2452 2738 nisi
2486 2685 2538 2737 in
2569 2689 2759 2755 paucis
2782 2689 3240 2756 adversabantur,
3266 2694 3407 2747 clam
3440 2710 3573 2753 vero

1994 2767 2199 2821 multos
2228 2782 2295 2822 ex
2323 2772 2706 2828 audacissimis
2737 2777 3019 2832 tollebant.
3058 2778 3165 2833 Sed
3193 2796 3294 2836 nec
3323 2782 3376 2835 id
3405 2793 3569 2836 caete-

1994 2871 2084 2908 ros
2118 2859 2411 2915 coercebat
2457 2880 2469 2915 :
2519 2878 2623 2917 nec
2660 2864 2817 2930 illud,
2851 2867 2999 2935 quod
3038 2869 3209 2923 semel
3243 2886 3436 2924 novem
3471 2873 3571 2926 tri-

1995 2948 2129 3002 buni
2168 2965 2197 3004 a
2226 2952 2386 3021 plebe
2422 2956 2649 3011 cremati
2678 2967 2827 3013 sunt.
2858 2958 3100 3026 Quorum
3137 2963 3388 3031 exemplo
3425 2964 3573 3019 inse«

1996 3041 2108 3095 cuti
2143 3043 2373 3111 tribuni,
2407 3047 2545 3101 adeo
2570 3064 2678 3103 non
2720 3049 2846 3105 facti
2890 3060 3020 3107 sunt
3059 3051 3476 3117 moderatiores,
3512 3066 3571 3109 ut

1997 3135 2171 3205 magis
2206 3138 2370 3193 etiam
2413 3141 2711 3196 saavierint.
2748 3142 2826 3196 Eo
2860 3145 3096 3213 populus
3125 3162 3155 3201 a
3202 3147 3467 3216 patribus.
3485 3158 3572 3203 est

1993 3224 2273 3284 redactus.
2316 3230 2449 3285 Nam
2498 3230 2659 3288 bellis
2706 3236 2915 3290 exortis
2965 3237 3201 3293 militare
3251 3240 3568 3302 noluerunt.

1992 3318 2099 3374 nisi
2131 3321 2339 3390 optatis
2366 3337 2556 3377 eorum
2603 3325 2902 3380 satisfieret
2931 3347 2943 3382 :
2974 3338 3069 3382 aut
3113 3331 3316 3399 egressi
3356 3348 3570 3403 pugna-

1992 3425 2124 3467 runt
2154 3414 2417 3486 segniter,
2466 3417 2572 3473 nisi
2625 3433 2749 3488 quae
2798 3420 3126 3486 voluissent,
3168 3424 3351 3479 omnia
3395 3426 3572 3494 impe~

1992 3514 2253 3560 trassent.
2293 3505 2451 3563 Unde
2502 3509 2663 3563 multi
2708 3526 2775 3564 ex
2827 3510 3094 3577 finitimis,
3145 3531 3254 3569 non
3305 3524 3411 3569 tam
3454 3518 3571 3571 suis

1991 3596 2119 3652 freti
2160 3599 2396 3666 viribus,
2439 3615 2603 3670 quam
2652 3601 2873 3657 illorum
2924 3603 3381 3666 dissensionibus,
3429 3608 3568 3661 bella

1994 3697 2304 3743 moverunt.
2318 3689 2562 3758 Quorum
2578 3706 2613 3745 e
2628 3707 2861 3747 numero
2876 3692 3064 3762 IEqui,
3080 3694 3151 3747 Μ.
3170 3694 3396 3748 Minutio
3408 3695 3572 3767 343

1994 3778 2220 3832 consule
2256 3780 2424 3842 victo,
2465 3780 2680 3835 animos
2728 3781 3090 3835 sustulerunt.
3132 3782 3247 3847 Qua
3290 3783 3442 3837 clade
3476 3800 3569 3841 co-

1991 3869 2162 3936 gnita.
2194 3870 2426 3924 Romani
2464 3871 2692 3924 Lucium
2727 3871 3035 3938 Quintium,
3077 3888 3376 3942 pauperem
3418 3875 3569 3933 illum

1992 3962 2239 4031 quidem,
2263 3970 2317 4016 et
2336 3962 2684 4031 agricultura:
2705 3962 2978 4027 deditum,
3007 3964 3103 4019 sed
3130 3967 3331 4020 virtute
3359 3979 3412 4021 et
3438 3980 3573 4022 tem-

1992 4054 2246 4127 perantia
2279 4064 2655 4124 praestantem,
2702 4055 3030 4111 dictatorem
3060 4057 3338 4121 dixerunt,
3377 4061 3471 4128 qui
3502 4063 3571 4115 ob

1993 4162 2204 4203 comam
2261 4147 2315 4202 in
2375 4146 2662 4202 cincinnos
2711 4147 3023 4216 implexam.
3077 4147 3437 4207 Cincinnatus
3489 4163 3573 4205 est

1992 4241 2323 4311 appellatus,
2354 4240 2663 4313 cuiusmodi
2697 4255 2843 4295 nunc
2877 4241 3037 4294 multi
3080 4241 3134 4295 in
3169 4242 3317 4311 regia
3350 4258 3573 4299 versan-

1996 4344 2084 4389 tur
2114 4351 2128 4388 :
2161 4348 2338 4403 eoque
2365 4335 2507 4389 main
2557 4334 2612 4388 in
2645 4332 3042 4403 rempublicam
3074 4333 3313 4398 invecto,
3349 4334 3572 4391 Cincin-

1994 4441 2155 4485 natus
2176 4429 2381 4499 ubique
2413 4429 2599 4483 ridere
2618 4412 2768 4482 licet.
2801 4428 2850 4482 ls
2878 4428 3043 4498 igitur
3069 4426 3571 4491 dictator’crcatus.

304 4516 624 4584 προσοίκων
643 4517 831 4580 αὐτοῖς
854 4521 921 4589 τῇ
951 4521 1175 4573 ἐκείνων
1201 4521 1549 4591 διχοστασίᾳ,
1596 4524 1629 4594 ἢ
1660 4526 1726 4593 τῇ
1763 4527 1889 4578 ἐαυ-

1994 4518 2186 4575 eodem
2218 4519 2308 4574 die
2346 4520 2516 4574 ducto
2557 4518 2826 4582 exercitu,
2861 4517 3144 4573 celeritate
3180 4519 3315 4573 citra
3351 4521 3575 4573 temeri-

302 4608 416 4660 τῶν
448 4608 784 4680 θαρροῦντες
838 4612 1005 4680 ίσχύῖ,
1061 4614 1444 4684 ἐνεωτέρισαν.
1477 4607 1580 4667 Ὧν
1612 4611 1754 4685 ἦσαν
1793 4619 1890 4670 καὶ

302 4702 553 4763 Δίκουοὶ,
585 4702 635 4755 οἳ
666 4702 896 4770 Μάρκον
953 4704 1254 4759 Μινούκιον
1301 4707 1724 4777 στρατηγοῦντα
1765 4709 1888 4762 τότε

1991 4620 2154 4675 tatem
2202 4627 2356 4674 usus,
2406 4627 2512 4666 una
2562 4626 2687 4664 eum
2738 4609 2971 4664 Minutio
3015 4610 3224 4680 impetu
3269 4613 3322 4666 in
3362 4610 3573 4680 JEquos

1992 4704 2157 4764 facto.
2186 4703 2454 4773 plurimos
2479 4701 2702 4768 occidit,
2733 4711 2964 4757 creteros
2998 4703 3156 4757 vivos
3185 4704 3354 4772 cepit,
3384 4718 3447 4756 ac
3471 4704 3573 4757 sub

302 4793 655 4860 νικήσαντες,
705 4794 1290 4865 ἐφρονηματίσθησαν.
1356 4798 1644 4862 Μαθόντες
1699 4799 1889 4875 δὲπδν

1994 4797 2177 4866 iugum
2212 4799 2410 4850 missos
2439 4794 2669 4849 dimisit.
2720 4793 2853 4861 Qua:
2897 4809 2986 4849 res
3038 4793 3352 4865 hujusmodi
3398 4801 3516 4847 erat
3557 4812 3569 4843 :

301 4883 609 4937 Μινούκιον
636 4885 749 4954 (98)
774 4886 1083 4957 ἡττημένον
1101 4888 1155 4939 oi
1175 4889 1232 4940 ἐν
1251 4891 1318 4959 τῇ
1356 4888 1567 4961 Ῥώμῃ,
1591 4890 1892 4960 δικτάτορα

300 4973 542 5028 Λούκιον
577 4976 829 5030 Κῦίντιον
883 4979 1113 5042 εἵλοντο,
1168 4979 1380 5050 πένητα
1433 4980 1535 5050 μὲν
1572 4982 1762 5053 ἄνδρα.
1797 4987 1890 5037 καὶ

200 5060 211 5071 ’
297 5068 558 5139 γεωργία
587 5068 948 5138 συνεζηκδτα,
979 5070 1038 5133 ἐς
1069 5069 1272 5140 ἀρετὴν
1309 5072 1366 5124 δὲ
1403 5073 1499 5125 καὶ
1528 5075 1890 5144 σωφροσύνην

295 5161 610 5231 διαπρεπῆ,
634 5163 815 5215 καίτοι
848 5163 947 5227 τὰς
999 5164 1176 5232 κόμας
1198 5165 1255 5229 ἐς
1286 5166 1603 5238 πλοκάμους
1641 5170 1886 5232 ἀνιέντα,

296 5253 433 5306 ὅθεν
469 5254 558 5305 καὶ
608 5253 902 5316 Κικινάτος
936 5254 1247 5323 ὼνόμαστο,
1279 5251 1383 5309 οἷοι
1413 5256 1512 5311 νῦν
1546 5258 1734 5311 πολλοὶ
1759 5261 1890 5328 περὶ

296 5345 375 5397 τὰ
402 5344 655 5415 βασίλεια
680 5345 815 5417 (99).
860 5346 1103 5401 Ἐκεῖθεν
1136 5347 1191 5401 δὲ
1222 5348 1316 5401 τοῦ
1343 5349 1517 5403 κακοῦ
1543 5350 1889 5421 παρεισφθα-

1994 4888 2110 4940 Duo
2147 4895 2295 4941 recta
2336 4887 2483 4957 ligna
2525 4895 2669 4941 terra
2716 4885 3113 4957 defigebantur.
3155 4884 3360 4954 quibus
3405 4899 3571 4936 unum

1994 4979 2280 5049 obliquum
2330 4994 2568 5050 superne
2612 4978 3020 5048 imponebatur.
3075 4993 3175 5048 per
3227 4977 3345 5030 batc
3397 4975 3573 5029 media

1993 5072 2195 5141 captivi
2227 5071 2360 5126 nudi
2407 5071 2846 5127 traducebantur
2878 5087 2892 5124 :
2929 5070 3074 5141 quod
3113 5066 3420 5123 victoribus
3460 5081 3575 5119 ma-

1993 5181 2112 5236 gna:
2142 5166 2349 5236 gloriae,
2387 5166 2546 5222 victis
2585 5175 2739 5222 tanto
2774 5166 3033 5222 dedecori
3077 5173 3219 5225 erat,
3260 5171 3320 5215 ut
3350 5159 3572 5229 quidam

1993 5256 2042 5308 ei
2089 5254 2405 5326 ignominia:
2450 5265 2687 5311 mortem
2737 5255 3101 5311 anteferrent.
3152 5248 3393 5307 Corvino
3439 5246 3573 5300 urbe

1993 5356 2174 5418 capta,
2207 5359 2266 5404 et
2304 5349 2530 5405 Mtnutio
2575 5348 2649 5403 ob
2689 5347 2905 5404 cladem
2944 5344 3231 5403 consulatu
3285 5339 3572 5409 abrogato,

1468 5502 2008 5566 Variaelectiones
2050 5512 2108 5566 et
2148 5511 2335 5565 noue.

384 5648 495 5713 (98)
520 5651 827 5715 Μαθόντες
851 5650 919 5701 δὲ
950 5649 1056 5703 τὸν
1083 5650 1431 5705 Μινούκιον.
1473 5649 1660 5705 Dionis
1686 5660 1891 5705 'exccr-

302 5729 405 5801 pta
441 5720 1004 5801 Valcsfinnaxp.
1052 5789 1061 5801 _
1227 5792 1235 5801 ι
1318 5791 1327 5801 .
1380 5792 1404 5801 Α
1505 5792 1551 5801 ‘_
1728 5791 1770 5801 υ
1815 5792 1863 5801 ι,

389 5788 499 5860 ων)
535 5785 673 5843 υἶον
711 5785 822 5842 νῦν
848 5789 1065 5847 πολλοὶ
1110 5792 1237 5861 περὶ
1274 5791 1338 5844 τὰ
1359 5792 1668 5856 βασίλεια.
1726 5791 1889 5846 Ρὶυὺί-

2002 5651 2133 5704 lium
2164 5647 2533 5725 i'alatinonnn
2562 5662 2673 5701 sua:
2704 5647 3097 5725 rotatisimorcs
3128 5639 3214 5718 hic
3254 5640 3434 5725 (ar-pit
3458 5637 3574 5725 .Zo:

2004 5734 2182 5780 naras,
2215 5722 2307 5785 qui
2342 5718 2568 5786 capillus
2599 5717 2940 5793 nutriebant,
2969 5721 3023 5764 ct
3053 5710 3352 5793 clurinnati
3384 5710 3574 5793 haberi

2004 5778 2282 5850 \nlebatrt,
2318 5778 2438 5842 cum
2482 5786 2663 5839 acturi
2697 5803 2723 5838 c
2759 5782 2958 5837 Grauis
2988 5779 3211 5848 capillos
3257 5778 3533 5835 radrrrnt.
