  <div class='ocr_page' id='page_1' title='image "/cluster/home/n/w/nwhite01/storage/ocr_20150623/134/hvd.32044073502510/307.png"; bbox 0 0 4042 6200; ppageno 0'>
   <div class='ocr_carea' id='block_1_1' title="bbox 347 331 3614 398">
    <p class='ocr_par' dir='ltr' id='par_1_1' title="bbox 347 331 3614 398">
     <span class='ocr_line' id='line_1_1' title="bbox 347 331 3614 398; baseline 0 -4"><span class='ocrx_word' id='word_1_1' title='bbox 347 333 460 394; x_wconf 78' lang='lat'><strong>599</strong></span> <span class='ocrx_word' id='word_1_2' title='bbox 1661 336 1988 398; x_wconf 78' lang='lat' dir='ltr'><strong>JOANNIS</strong></span> <span class='ocrx_word' id='word_1_3' title='bbox 2017 337 2340 398; x_wconf 59' lang='lat' dir='ltr'><strong>ZONARE</strong></span> <span class='ocrx_word' id='word_1_4' title='bbox 3505 331 3614 395; x_wconf 71' lang='grc' dir='ltr'><strong>ιω</strong></span> 
     </span>
    </p>
   </div>
   <div class='ocr_carea' id='block_1_2' title="bbox 318 447 1897 525">
    <p class='ocr_par' dir='ltr' id='par_1_2' title="bbox 318 447 1897 525">
     <span class='ocr_line' id='line_1_2' title="bbox 318 447 1897 525; baseline 0.003 -23"><span class='ocrx_word' id='word_1_5' title='bbox 318 448 568 505; x_wconf 75' lang='lat' dir='ltr'><strong>domum</strong></span> <span class='ocrx_word' id='word_1_6' title='bbox 629 447 816 515; x_wconf 78' lang='lat' dir='ltr'><strong>rediit,</strong></span> <span class='ocrx_word' id='word_1_7' title='bbox 871 456 1040 521; x_wconf 84' lang='lat' dir='ltr'><strong>atque</strong></span> <span class='ocrx_word' id='word_1_8' title='bbox 1103 449 1221 520; x_wconf 82' lang='lat' dir='ltr'><strong>ipse</strong></span> <span class='ocrx_word' id='word_1_9' title='bbox 1267 451 1432 506; x_wconf 85' lang='lat' dir='ltr'><strong>etiam</strong></span> <span class='ocrx_word' id='word_1_10' title='bbox 1492 465 1552 509; x_wconf 85' lang='lat' dir='ltr'><strong>se</strong></span> <span class='ocrx_word' id='word_1_11' title='bbox 1603 453 1897 525; x_wconf 68' lang='lat' dir='ltr'><strong>magistram</strong></span> 
     </span>
    </p>
   </div>
   <div class='ocr_carea' id='block_1_3' title="bbox 2001 447 3616 525">
    <p class='ocr_par' dir='ltr' id='par_1_3' title="bbox 2001 447 3616 524">
     <span class='ocr_line' id='line_1_3' title="bbox 2001 447 3616 524; baseline -0.004 -18"><span class='ocrx_word' id='word_1_12' title='bbox 2001 510 2002 514; x_wconf 31' lang='grc' dir='ltr'><strong>η</strong></span> <span class='ocrx_word' id='word_1_13' title='bbox 2036 452 2224 524; x_wconf 86' lang='grc' dir='ltr'><strong>ρέντος</strong></span> <span class='ocrx_word' id='word_1_14' title='bbox 2258 453 2342 515; x_wconf 83' lang='grc' dir='ltr'><strong>εἰς</strong></span> <span class='ocrx_word' id='word_1_15' title='bbox 2370 451 2432 506; x_wconf 81' lang='grc' dir='ltr'><strong>τὸ</strong></span> <span class='ocrx_word' id='word_1_16' title='bbox 2465 447 2793 520; x_wconf 83' lang='grc' dir='ltr'><strong>πολίτευμα,</strong></span> <span class='ocrx_word' id='word_1_17' title='bbox 2828 449 2927 504; x_wconf 70' lang='grc' dir='ltr'><strong>καὶ</strong></span> <span class='ocrx_word' id='word_1_18' title='bbox 2949 447 3272 519; x_wconf 77' lang='grc' dir='ltr'><strong>ἅπανταχοῦ</strong></span> <span class='ocrx_word' id='word_1_19' title='bbox 3292 447 3616 509; x_wconf 73' lang='grc' dir='ltr'><strong>κικινάτους</strong></span> 
     </span>
    </p>
   </div>
   <div class='ocr_carea' id='block_1_4' title="bbox 339 537 3614 615">
    <p class='ocr_par' dir='ltr' id='par_1_4' title="bbox 339 537 3614 615">
     <span class='ocr_line' id='line_1_4' title="bbox 339 537 3614 615; baseline -0.001 -22"><span class='ocrx_word' id='word_1_20' title='bbox 339 539 643 597; x_wconf 76' lang='lat' dir='ltr'><strong>abdicavit.</strong></span> <span class='ocrx_word' id='word_1_21' title='bbox 2036 545 2188 599; x_wconf 73' lang='grc' dir='ltr'><strong>ἐστιν</strong></span> <span class='ocrx_word' id='word_1_22' title='bbox 2217 545 2372 615; x_wconf 79' lang='grc' dir='ltr'><strong>ὁρᾷν.</strong></span> <span class='ocrx_word' id='word_1_23' title='bbox 2406 537 2578 606; x_wconf 75' lang='grc' dir='ltr'><strong>Οὗτος</strong></span> <span class='ocrx_word' id='word_1_24' title='bbox 2607 538 2701 596; x_wconf 77' lang='grc' dir='ltr'><strong>οὖν</strong></span> <span class='ocrx_word' id='word_1_25' title='bbox 2731 541 3012 611; x_wconf 74' lang='grc' dir='ltr'><strong>δικτάτωρ</strong></span> <span class='ocrx_word' id='word_1_26' title='bbox 3045 539 3481 611; x_wconf 71' lang='grc' dir='ltr'><strong>προχειρισθεὶς,</strong></span> <span class='ocrx_word' id='word_1_27' title='bbox 3517 541 3614 592; x_wconf 74' lang='grc' dir='ltr'><strong>καὶ</strong></span> 
     </span>
    </p>
   </div>
   <div class='ocr_carea' id='block_1_5' title="bbox 337 629 3610 707">
    <p class='ocr_par' dir='ltr' id='par_1_5' title="bbox 337 629 3610 707">
     <span class='ocr_line' id='line_1_5' title="bbox 337 629 3610 707; baseline 0 -25"><span class='ocrx_word' id='word_1_28' title='bbox 337 630 656 700; x_wconf 77' lang='grc' dir='ltr'><strong>αὐθημερὸν</strong></span> <span class='ocrx_word' id='word_1_29' title='bbox 713 629 1148 702; x_wconf 74' lang='grc' dir='ltr'><strong>ἐκστρατεύσας,</strong></span> <span class='ocrx_word' id='word_1_30' title='bbox 1196 631 1294 685; x_wconf 67' lang='grc' dir='ltr'><strong>καλ⁵</strong></span> <span class='ocrx_word' id='word_1_31' title='bbox 1338 631 1496 703; x_wconf 84' lang='grc' dir='ltr'><strong>τάχει</strong></span> <span class='ocrx_word' id='word_1_32' title='bbox 1523 634 1627 688; x_wconf 76' lang='grc' dir='ltr'><strong>σὺν</strong></span> <span class='ocrx_word' id='word_1_33' title='bbox 1681 635 1958 706; x_wconf 75' lang='grc' dir='ltr'><strong>ἀσφαλείᾳ</strong></span> <span class='ocrx_word' id='word_1_34' title='bbox 1989 635 2362 707; x_wconf 85' lang='grc' dir='ltr'><strong>χρησάμενος,</strong></span> <span class='ocrx_word' id='word_1_35' title='bbox 2392 633 2489 688; x_wconf 81' lang='grc' dir='ltr'><strong>καὶ</strong></span> <span class='ocrx_word' id='word_1_36' title='bbox 2556 636 2668 696; x_wconf 85' lang='grc' dir='ltr'><strong>τοῖς</strong></span> <span class='ocrx_word' id='word_1_37' title='bbox 2694 635 2948 694; x_wconf 83' lang='grc' dir='ltr'><strong>Αίκουοτς</strong></span> <span class='ocrx_word' id='word_1_38' title='bbox 2977 632 3306 703; x_wconf 77' lang='grc' dir='ltr'><strong>προσϐαλὼν</strong></span> <span class='ocrx_word' id='word_1_39' title='bbox 3337 633 3480 701; x_wconf 84' lang='grc' dir='ltr'><strong>μετά</strong></span> <span class='ocrx_word' id='word_1_40' title='bbox 3512 631 3610 684; x_wconf 82' lang='grc' dir='ltr'><strong>τοῦ</strong></span> 
     </span>
    </p>
   </div>
   <div class='ocr_carea' id='block_1_6' title="bbox 336 723 3611 797">
    <p class='ocr_par' dir='ltr' id='par_1_6' title="bbox 336 723 3611 797">
     <span class='ocr_line' id='line_1_6' title="bbox 336 723 3611 797; baseline -0.001 -19"><span class='ocrx_word' id='word_1_41' title='bbox 336 723 658 786; x_wconf 76' lang='grc' dir='ltr'><strong>Μινουκίου.</strong></span> <span class='ocrx_word' id='word_1_42' title='bbox 685 723 974 790; x_wconf 79' lang='grc' dir='ltr'><strong>πλείστους</strong></span> <span class='ocrx_word' id='word_1_43' title='bbox 1013 725 1114 794; x_wconf 79' lang='grc' dir='ltr'><strong>μὲν</strong></span> <span class='ocrx_word' id='word_1_44' title='bbox 1143 725 1440 796; x_wconf 80' lang='grc' dir='ltr'><strong>διέφθειρε,</strong></span> <span class='ocrx_word' id='word_1_45' title='bbox 1468 727 1598 790; x_wconf 83' lang='grc' dir='ltr'><strong>τοὺς</strong></span> <span class='ocrx_word' id='word_1_46' title='bbox 1641 727 1688 780; x_wconf 74' lang='grc' dir='ltr'><strong>δ’</strong></span> <span class='ocrx_word' id='word_1_47' title='bbox 1718 726 1915 790; x_wconf 78' lang='grc' dir='ltr'><strong>ἀλλους</strong></span> <span class='ocrx_word' id='word_1_48' title='bbox 1954 727 2296 797; x_wconf 76' lang='grc' dir='ltr'><strong>ἐζώγρησεν.</strong></span> <span class='ocrx_word' id='word_1_49' title='bbox 2332 726 2429 790; x_wconf 74' lang='grc' dir='ltr'><strong>οὓς</strong></span> <span class='ocrx_word' id='word_1_50' title='bbox 2481 725 2588 779; x_wconf 71' lang='grc' dir='ltr'><strong>ὑπὸ</strong></span> <span class='ocrx_word' id='word_1_51' title='bbox 2622 727 2789 794; x_wconf 78' lang='grc' dir='ltr'><strong>ζυγὸν</strong></span> <span class='ocrx_word' id='word_1_52' title='bbox 2851 723 3137 792; x_wconf 76' lang='grc' dir='ltr'><strong>διαγαγὼν</strong></span> <span class='ocrx_word' id='word_1_53' title='bbox 3165 724 3405 794; x_wconf 80' lang='grc' dir='ltr'><strong>ἀφῆκεν.</strong></span> <span class='ocrx_word' id='word_1_54' title='bbox 3455 723 3520 776; x_wconf 86' lang='grc' dir='ltr'><strong>Ἦ</strong></span> <span class='ocrx_word' id='word_1_55' title='bbox 3547 723 3611 776; x_wconf 74' lang='grc' dir='ltr'><strong>δὲ</strong></span> 
     </span>
    </p>
   </div>
   <div class='ocr_carea' id='block_1_7' title="bbox 336 813 3611 890">
    <p class='ocr_par' dir='ltr' id='par_1_7' title="bbox 336 813 3611 890">
     <span class='ocr_line' id='line_1_7' title="bbox 336 813 3611 890; baseline -0.001 -20"><span class='ocrx_word' id='word_1_56' title='bbox 336 816 539 887; x_wconf 71' lang='grc' dir='ltr'><strong>πρᾶξις</strong></span> <span class='ocrx_word' id='word_1_57' title='bbox 569 818 603 887; x_wconf 82' lang='grc' dir='ltr'><strong>ἠ</strong></span> <span class='ocrx_word' id='word_1_58' title='bbox 654 816 752 871; x_wconf 80' lang='grc' dir='ltr'><strong>τοῦ</strong></span> <span class='ocrx_word' id='word_1_59' title='bbox 791 816 962 887; x_wconf 79' lang='grc' dir='ltr'><strong>ζυγοῦ</strong></span> <span class='ocrx_word' id='word_1_60' title='bbox 1003 817 1184 875; x_wconf 77' lang='grc' dir='ltr'><strong>τοιάδε</strong></span> <span class='ocrx_word' id='word_1_61' title='bbox 1235 832 1324 882; x_wconf 79' lang='grc' dir='ltr'><strong>τις</strong></span> <span class='ocrx_word' id='word_1_62' title='bbox 1370 815 1472 890; x_wconf 77' lang='grc' dir='ltr'><strong>ἦν’</strong></span> <span class='ocrx_word' id='word_1_63' title='bbox 1529 818 1801 890; x_wconf 78' lang='grc' dir='ltr'><strong>σταυροὺς</strong></span> <span class='ocrx_word' id='word_1_64' title='bbox 1827 819 1921 872; x_wconf 86' lang='grc' dir='ltr'><strong>δύο</strong></span> <span class='ocrx_word' id='word_1_65' title='bbox 1955 820 2114 890; x_wconf 75' lang='grc' dir='ltr'><strong>ὄρθια</strong></span> <span class='ocrx_word' id='word_1_66' title='bbox 2157 820 2359 890; x_wconf 81' lang='grc' dir='ltr'><strong>δηλαδὴ</strong></span> <span class='ocrx_word' id='word_1_67' title='bbox 2421 819 2556 883; x_wconf 84' lang='grc' dir='ltr'><strong>ξύλα</strong></span> <span class='ocrx_word' id='word_1_68' title='bbox 2621 818 2871 888; x_wconf 77' lang='grc' dir='ltr'><strong>διέχοντα</strong></span> <span class='ocrx_word' id='word_1_69' title='bbox 2921 816 3190 887; x_wconf 82' lang='grc' dir='ltr'><strong>ἀλλήλων,</strong></span> <span class='ocrx_word' id='word_1_70' title='bbox 3258 818 3340 879; x_wconf 89' lang='grc' dir='ltr'><strong>είς</strong></span> <span class='ocrx_word' id='word_1_71' title='bbox 3373 816 3474 885; x_wconf 87' lang='grc' dir='ltr'><strong>τὴν</strong></span> <span class='ocrx_word' id='word_1_72' title='bbox 3499 813 3611 885; x_wconf 81' lang='grc' dir='ltr'><strong>γῆν</strong></span> 
     </span>
    </p>
   </div>
   <div class='ocr_carea' id='block_1_8' title="bbox 314 908 3610 985">
    <p class='ocr_par' dir='ltr' id='par_1_8' title="bbox 314 908 3610 985">
     <span class='ocr_line' id='line_1_8' title="bbox 314 908 3610 985; baseline -0.002 -21"><span class='ocrx_word' id='word_1_73' title='bbox 314 913 746 983; x_wconf 59' lang='grc' dir='ltr'><strong>κατεπήγνυον,</strong></span> <span class='ocrx_word' id='word_1_74' title='bbox 785 912 881 966; x_wconf 80' lang='grc' dir='ltr'><strong>καὶ</strong></span> <span class='ocrx_word' id='word_1_75' title='bbox 928 911 1116 974; x_wconf 80' lang='grc' dir='ltr'><strong>αὐτοῖς</strong></span> <span class='ocrx_word' id='word_1_76' title='bbox 1153 910 1443 966; x_wconf 78' lang='grc' dir='ltr'><strong>ἐπετίθουν</strong></span> <span class='ocrx_word' id='word_1_77' title='bbox 1483 913 1780 985; x_wconf 81' lang='grc' dir='ltr'><strong>ἐγκάρσιον</strong></span> <span class='ocrx_word' id='word_1_78' title='bbox 1843 913 2066 982; x_wconf 72' lang='grc' dir='ltr'><strong>ἕτερον,</strong></span> <span class='ocrx_word' id='word_1_79' title='bbox 2133 914 2230 966; x_wconf 67' lang='grc' dir='ltr'><strong>καὶ</strong></span> <span class='ocrx_word' id='word_1_80' title='bbox 2287 913 2379 966; x_wconf 76' lang='grc' dir='ltr'><strong>διὰ</strong></span> <span class='ocrx_word' id='word_1_81' title='bbox 2413 911 2583 982; x_wconf 72' lang='grc' dir='ltr'><strong>μέσου</strong></span> <span class='ocrx_word' id='word_1_82' title='bbox 2629 913 2838 964; x_wconf 85' lang='grc' dir='ltr'><strong>τούτων</strong></span> <span class='ocrx_word' id='word_1_83' title='bbox 2876 911 3000 974; x_wconf 78' lang='grc' dir='ltr'><strong>τοὺς</strong></span> <span class='ocrx_word' id='word_1_84' title='bbox 3031 911 3266 972; x_wconf 77' lang='grc' dir='ltr'><strong>ἁλόντας</strong></span> <span class='ocrx_word' id='word_1_85' title='bbox 3283 908 3474 976; x_wconf 79' lang='grc' dir='ltr'><strong>διῆγον</strong></span> <span class='ocrx_word' id='word_1_86' title='bbox 3507 924 3610 974; x_wconf 76' lang='grc' dir='ltr'><strong>γυ-</strong></span> 
     </span>
    </p>
   </div>
   <div class='ocr_carea' id='block_1_9' title="bbox 339 1000 3609 1075">
    <p class='ocr_par' dir='ltr' id='par_1_9' title="bbox 339 1000 3609 1075">
     <span class='ocr_line' id='line_1_9' title="bbox 339 1000 3609 1075; baseline -0.002 -18"><span class='ocrx_word' id='word_1_87' title='bbox 339 1004 526 1074; x_wconf 79' lang='grc' dir='ltr'><strong>μνοὺς,</strong></span> <span class='ocrx_word' id='word_1_88' title='bbox 551 1003 579 1056; x_wconf 86' lang='grc' dir='ltr'><strong>δ</strong></span> <span class='ocrx_word' id='word_1_89' title='bbox 601 1004 718 1067; x_wconf 68' lang='grc' dir='ltr'><strong>τοῖς</strong></span> <span class='ocrx_word' id='word_1_90' title='bbox 753 1002 853 1072; x_wconf 75' lang='grc' dir='ltr'><strong>μὲν</strong></span> <span class='ocrx_word' id='word_1_91' title='bbox 872 1001 1042 1072; x_wconf 82' lang='grc' dir='ltr'><strong>δρῶσι</strong></span> <span class='ocrx_word' id='word_1_92' title='bbox 1070 1001 1457 1073; x_wconf 83' lang='grc' dir='ltr'><strong>λαμπρότητα,</strong></span> <span class='ocrx_word' id='word_1_93' title='bbox 1491 1003 1696 1075; x_wconf 80' lang='grc' dir='ltr'><strong>πολλὴν</strong></span> <span class='ocrx_word' id='word_1_94' title='bbox 1717 1003 1765 1056; x_wconf 81' lang='grc' dir='ltr'><strong>δ’</strong></span> <span class='ocrx_word' id='word_1_95' title='bbox 1829 1003 2055 1074; x_wconf 89' lang='grc' dir='ltr'><strong>ἀτιμίαν</strong></span> <span class='ocrx_word' id='word_1_96' title='bbox 2073 1007 2187 1065; x_wconf 75' lang='grc' dir='ltr'><strong>τοῖς</strong></span> <span class='ocrx_word' id='word_1_97' title='bbox 2240 1007 2541 1074; x_wconf 75' lang='grc' dir='ltr'><strong>πάσχουσιν</strong></span> <span class='ocrx_word' id='word_1_98' title='bbox 2568 1001 2788 1072; x_wconf 67' lang='grc' dir='ltr'><strong>ἔφερεν,</strong></span> <span class='ocrx_word' id='word_1_99' title='bbox 2850 1001 2994 1054; x_wconf 83' lang='grc' dir='ltr'><strong>ὥστε</strong></span> <span class='ocrx_word' id='word_1_100' title='bbox 3055 1001 3208 1064; x_wconf 71' lang='grc' dir='ltr'><strong>τινας</strong></span> <span class='ocrx_word' id='word_1_101' title='bbox 3230 1001 3324 1053; x_wconf 77' lang='grc' dir='ltr'><strong>τοῦ</strong></span> <span class='ocrx_word' id='word_1_102' title='bbox 3363 1000 3609 1053; x_wconf 76' lang='grc' dir='ltr'><strong>τοιοῦτόν</strong></span> 
     </span>
    </p>
   </div>
   <div class='ocr_carea' id='block_1_10' title="bbox 334 1091 3609 1166">
    <p class='ocr_par' dir='ltr' id='par_1_10' title="bbox 334 1091 3609 1166">
     <span class='ocr_line' id='line_1_10' title="bbox 334 1091 3609 1166; baseline -0.001 -18"><span class='ocrx_word' id='word_1_103' title='bbox 334 1116 389 1150; x_wconf 73' lang='grc' dir='ltr'><strong>τι</strong></span> <span class='ocrx_word' id='word_1_104' title='bbox 413 1096 608 1150; x_wconf 78' lang='grc' dir='ltr'><strong>παθεῖν</strong></span> <span class='ocrx_word' id='word_1_105' title='bbox 655 1095 1046 1166; x_wconf 80' lang='grc' dir='ltr'><strong>προαιρεῖσθαι</strong></span> <span class='ocrx_word' id='word_1_106' title='bbox 1078 1095 1283 1150; x_wconf 76' lang='grc' dir='ltr'><strong>θανεῖν.</strong></span> <span class='ocrx_word' id='word_1_107' title='bbox 1309 1095 1420 1148; x_wconf 76' lang='grc' dir='ltr'><strong>Καὶ</strong></span> <span class='ocrx_word' id='word_1_108' title='bbox 1454 1096 1612 1148; x_wconf 88' lang='grc' dir='ltr'><strong>πόλιν</strong></span> <span class='ocrx_word' id='word_1_109' title='bbox 1642 1096 1699 1149; x_wconf 83' lang='grc' dir='ltr'><strong>δὲ</strong></span> <span class='ocrx_word' id='word_1_110' title='bbox 1730 1095 1912 1150; x_wconf 83' lang='grc' dir='ltr'><strong>αὐτῶν</strong></span> <span class='ocrx_word' id='word_1_111' title='bbox 1954 1094 2256 1166; x_wconf 81' lang='grc' dir='ltr'><strong>Κορουῖνον</strong></span> <span class='ocrx_word' id='word_1_112' title='bbox 2293 1095 2640 1165; x_wconf 71' lang='grc' dir='ltr'><strong>καλουμένην</strong></span> <span class='ocrx_word' id='word_1_113' title='bbox 2702 1094 2866 1160; x_wconf 87' lang='grc' dir='ltr'><strong>ἐλὼν,</strong></span> <span class='ocrx_word' id='word_1_114' title='bbox 2898 1093 3197 1163; x_wconf 77' lang='grc' dir='ltr'><strong>ἐπανῆλθε,</strong></span> <span class='ocrx_word' id='word_1_115' title='bbox 3228 1094 3325 1146; x_wconf 77' lang='grc' dir='ltr'><strong>καὶ</strong></span> <span class='ocrx_word' id='word_1_116' title='bbox 3387 1091 3480 1146; x_wconf 76' lang='grc' dir='ltr'><strong>τὸν</strong></span> <span class='ocrx_word' id='word_1_117' title='bbox 3494 1094 3609 1148; x_wconf 77' lang='grc' dir='ltr'><strong>Μι-</strong></span> 
     </span>
    </p>
   </div>
   <div class='ocr_carea' id='block_1_11' title="bbox 333 1181 2744 1258">
    <p class='ocr_par' dir='ltr' id='par_1_11' title="bbox 333 1181 2744 1258">
     <span class='ocr_line' id='line_1_11' title="bbox 333 1181 2744 1258; baseline -0 -17"><span class='ocrx_word' id='word_1_118' title='bbox 333 1186 554 1242; x_wconf 80' lang='grc' dir='ltr'><strong>νούκιον</strong></span> <span class='ocrx_word' id='word_1_119' title='bbox 575 1187 664 1240; x_wconf 83' lang='grc' dir='ltr'><strong>διά</strong></span> <span class='ocrx_word' id='word_1_120' title='bbox 685 1186 788 1256; x_wconf 81' lang='grc' dir='ltr'><strong>τὴν</strong></span> <span class='ocrx_word' id='word_1_121' title='bbox 818 1181 992 1257; x_wconf 81' lang='grc' dir='ltr'><strong>ἧτταν</strong></span> <span class='ocrx_word' id='word_1_122' title='bbox 1012 1185 1112 1257; x_wconf 80' lang='grc' dir='ltr'><strong>τὴν</strong></span> <span class='ocrx_word' id='word_1_123' title='bbox 1143 1188 1486 1257; x_wconf 78' lang='grc' dir='ltr'><strong>στρατηγίαν</strong></span> <span class='ocrx_word' id='word_1_124' title='bbox 1511 1183 1789 1256; x_wconf 78' lang='grc' dir='ltr'><strong>ἀφείλετο,</strong></span> <span class='ocrx_word' id='word_1_125' title='bbox 1820 1187 1924 1242; x_wconf 74' lang='grc' dir='ltr'><strong>καὶ</strong></span> <span class='ocrx_word' id='word_1_126' title='bbox 1955 1186 2122 1250; x_wconf 79' lang='grc' dir='ltr'><strong>αὐτὸς</strong></span> <span class='ocrx_word' id='word_1_127' title='bbox 2150 1187 2388 1240; x_wconf 79' lang='grc' dir='ltr'><strong>ἀπέθετο</strong></span> <span class='ocrx_word' id='word_1_128' title='bbox 2411 1186 2513 1258; x_wconf 81' lang='grc' dir='ltr'><strong>τὴν</strong></span> <span class='ocrx_word' id='word_1_129' title='bbox 2543 1187 2744 1257; x_wconf 76' lang='grc' dir='ltr'><strong>ἀρχήν.</strong></span> 
     </span>
    </p>
   </div>
   <div class='ocr_carea' id='block_1_12' title="bbox 404 1277 1897 1350">
    <p class='ocr_par' dir='ltr' id='par_1_12' title="bbox 404 1280 1895 1337">
     <span class='ocr_line' id='line_1_12' title="bbox 404 1280 1895 1337; baseline -0.003 0"><span class='ocrx_word' id='word_1_130' title='bbox 404 1281 592 1337; x_wconf 79' lang='lat' dir='ltr'><strong>XVIII.</strong></span> <span class='ocrx_word' id='word_1_131' title='bbox 661 1280 868 1336; x_wconf 79' lang='lat' dir='ltr'><strong>Deinde</strong></span> <span class='ocrx_word' id='word_1_132' title='bbox 924 1280 1156 1336; x_wconf 81' lang='lat' dir='ltr'><strong>Romani</strong></span> <span class='ocrx_word' id='word_1_133' title='bbox 1209 1280 1514 1337; x_wconf 83' lang='lat' dir='ltr'><strong>domestico</strong></span> <span class='ocrx_word' id='word_1_134' title='bbox 1566 1281 1711 1335; x_wconf 81' lang='lat' dir='ltr'><strong>bello</strong></span> <span class='ocrx_word' id='word_1_135' title='bbox 1765 1291 1895 1335; x_wconf 88' lang='lat' dir='ltr'><strong>sunt</strong></span> 
     </span>
    </p>
   </div>
   <div class='ocr_carea' id='block_1_13' title="bbox 2001 1277 3605 1350">
    <p class='ocr_par' dir='ltr' id='par_1_13' title="bbox 2075 1277 3605 1350">
     <span class='ocr_line' id='line_1_13' title="bbox 2075 1277 3605 1350; baseline -0.001 -18"><span class='ocrx_word' id='word_1_136' title='bbox 2075 1280 2183 1334; x_wconf 66' lang='grc' dir='ltr'><strong>ΠΡ.</strong></span> <span class='ocrx_word' id='word_1_137' title='bbox 2223 1281 2285 1333; x_wconf 91' lang='grc' dir='ltr'><strong>Οί</strong></span> <span class='ocrx_word' id='word_1_138' title='bbox 2304 1279 2488 1350; x_wconf 81' lang='grc' dir='ltr'><strong>μέντοι</strong></span> <span class='ocrx_word' id='word_1_139' title='bbox 2514 1278 2778 1348; x_wconf 83' lang='grc' dir='ltr'><strong>Ῥωμαῖοι</strong></span> <span class='ocrx_word' id='word_1_140' title='bbox 2818 1279 3017 1331; x_wconf 83' lang='grc' dir='ltr'><strong>σίκεῐον</strong></span> <span class='ocrx_word' id='word_1_141' title='bbox 3044 1277 3310 1347; x_wconf 74' lang='grc' dir='ltr'><strong>ἐσχήκασι</strong></span> <span class='ocrx_word' id='word_1_142' title='bbox 3341 1277 3605 1347; x_wconf 81' lang='grc' dir='ltr'><strong>πόλεμον,</strong></span> 
     </span>
    </p>
   </div>
   <div class='ocr_carea' id='block_1_14' title="bbox 333 1355 1897 1442">
    <p class='ocr_par' dir='ltr' id='par_1_14' title="bbox 333 1355 1897 1442">
     <span class='ocr_line' id='line_1_14' title="bbox 333 1355 1897 1442; baseline -0.006 -10"><span class='ocrx_word' id='word_1_143' title='bbox 333 1374 655 1434; x_wconf 78' lang='lat' dir='ltr'><strong>conﬂictati.</strong></span> <span class='ocrx_word' id='word_1_144' title='bbox 716 1388 747 1427; x_wconf 90' lang='lat' dir='ltr'><strong>a</strong></span> <span class='ocrx_word' id='word_1_145' title='bbox 792 1373 970 1427; x_wconf 85' lang='lat' dir='ltr'><strong>servis</strong></span> <span class='ocrx_word' id='word_1_146' title='bbox 1017 1383 1074 1426; x_wconf 91' lang='lat' dir='ltr'><strong>et</strong></span> <span class='ocrx_word' id='word_1_147' title='bbox 1123 1355 1410 1427; x_wconf 79' lang='lat' dir='ltr'><strong>exsulibus</strong></span> <span class='ocrx_word' id='word_1_148' title='bbox 1469 1372 1731 1437; x_wconf 76' lang='lat' dir='ltr'><strong>conﬂato,</strong></span> <span class='ocrx_word' id='word_1_149' title='bbox 1814 1372 1897 1442; x_wconf 87' lang='lat' dir='ltr'><strong>qui</strong></span> 
     </span>
    </p>
   </div>
   <div class='ocr_carea' id='block_1_15' title="bbox 2001 1355 3605 1442">
    <p class='ocr_par' dir='ltr' id='par_1_15' title="bbox 2006 1368 3605 1439">
     <span class='ocr_line' id='line_1_15' title="bbox 2006 1368 3605 1439; baseline -0.002 -16"><span class='ocrx_word' id='word_1_150' title='bbox 2006 1369 2065 1433; x_wconf 81' lang='grc' dir='ltr'><strong>ὃς</strong></span> <span class='ocrx_word' id='word_1_151' title='bbox 2091 1370 2156 1422; x_wconf 83' lang='grc' dir='ltr'><strong>ἐκ</strong></span> <span class='ocrx_word' id='word_1_152' title='bbox 2179 1369 2384 1423; x_wconf 87' lang='grc' dir='ltr'><strong>δούλων</strong></span> <span class='ocrx_word' id='word_1_153' title='bbox 2407 1370 2640 1439; x_wconf 83' lang='grc' dir='ltr'><strong>συνέστη</strong></span> <span class='ocrx_word' id='word_1_154' title='bbox 2677 1369 2776 1422; x_wconf 73' lang='grc' dir='ltr'><strong>καὶ</strong></span> <span class='ocrx_word' id='word_1_155' title='bbox 2811 1368 3066 1436; x_wconf 80' lang='grc' dir='ltr'><strong>φυγάδων</strong></span> <span class='ocrx_word' id='word_1_156' title='bbox 3089 1368 3276 1433; x_wconf 85' lang='grc' dir='ltr'><strong>τινῶν,</strong></span> <span class='ocrx_word' id='word_1_157' title='bbox 3311 1369 3385 1434; x_wconf 81' lang='grc' dir='ltr'><strong>οἳ,</strong></span> <span class='ocrx_word' id='word_1_158' title='bbox 3409 1369 3605 1432; x_wconf 72' lang='grc' dir='ltr'><strong>νυκτὸς</strong></span> 
     </span>
    </p>
   </div>
   <div class='ocr_carea' id='block_1_16' title="bbox 332 1462 1908 1533">
    <p class='ocr_par' dir='ltr' id='par_1_16' title="bbox 332 1462 1908 1533">
     <span class='ocr_line' id='line_1_16' title="bbox 332 1462 1908 1533; baseline -0.002 -14"><span class='ocrx_word' id='word_1_159' title='bbox 332 1473 501 1519; x_wconf 88' lang='lat' dir='ltr'><strong>noctu</strong></span> <span class='ocrx_word' id='word_1_160' title='bbox 539 1463 721 1518; x_wconf 90' lang='lat' dir='ltr'><strong>subita</strong></span> <span class='ocrx_word' id='word_1_161' title='bbox 753 1462 1120 1531; x_wconf 81' lang='lat' dir='ltr'><strong>impressione</strong></span> <span class='ocrx_word' id='word_1_162' title='bbox 1161 1463 1496 1532; x_wconf 88' lang='lat' dir='ltr'><strong>Capitolium</strong></span> <span class='ocrx_word' id='word_1_163' title='bbox 1540 1473 1908 1533; x_wconf 89' lang='lat' dir='ltr'><strong>occuparunt.</strong></span> 
     </span>
    </p>
   </div>
   <div class='ocr_carea' id='block_1_17' title="bbox 331 1554 1911 1626">
    <p class='ocr_par' dir='ltr' id='par_1_17' title="bbox 331 1554 1911 1626">
     <span class='ocr_line' id='line_1_17' title="bbox 331 1554 1911 1626; baseline -0.003 -15"><span class='ocrx_word' id='word_1_164' title='bbox 331 1555 440 1611; x_wconf 88' lang='lat' dir='ltr'><strong>Sed</strong></span> <span class='ocrx_word' id='word_1_165' title='bbox 474 1555 628 1626; x_wconf 83' lang='lat' dir='ltr'><strong>plebs</strong></span> <span class='ocrx_word' id='word_1_166' title='bbox 657 1562 772 1608; x_wconf 91' lang='lat' dir='ltr'><strong>tum</strong></span> <span class='ocrx_word' id='word_1_167' title='bbox 801 1567 1022 1623; x_wconf 88' lang='lat' dir='ltr'><strong>quoque</strong></span> <span class='ocrx_word' id='word_1_168' title='bbox 1048 1563 1156 1606; x_wconf 87' lang='lat' dir='ltr'><strong>non</strong></span> <span class='ocrx_word' id='word_1_169' title='bbox 1188 1554 1345 1623; x_wconf 87' lang='lat' dir='ltr'><strong>prius</strong></span> <span class='ocrx_word' id='word_1_170' title='bbox 1380 1567 1531 1608; x_wconf 87' lang='lat' dir='ltr'><strong>arma</strong></span> <span class='ocrx_word' id='word_1_171' title='bbox 1556 1555 1724 1624; x_wconf 89' lang='lat' dir='ltr'><strong>cepit,</strong></span> <span class='ocrx_word' id='word_1_172' title='bbox 1748 1568 1911 1621; x_wconf 84' lang='lat' dir='ltr'><strong>quam</strong></span> 
     </span>
    </p>
   </div>
   <div class='ocr_carea' id='block_1_18' title="bbox 333 1644 1908 1719">
    <p class='ocr_par' dir='ltr' id='par_1_18' title="bbox 333 1644 1908 1719">
     <span class='ocr_line' id='line_1_18' title="bbox 333 1644 1908 1719; baseline 0 -20"><span class='ocrx_word' id='word_1_173' title='bbox 333 1646 577 1719; x_wconf 77' lang='lat' dir='ltr'><strong>patriciis</strong></span> <span class='ocrx_word' id='word_1_174' title='bbox 609 1644 814 1716; x_wconf 90' lang='lat' dir='ltr'><strong>aliquid</strong></span> <span class='ocrx_word' id='word_1_175' title='bbox 845 1644 1199 1700; x_wconf 77' lang='lat' dir='ltr'><strong>detraxisset.</strong></span> <span class='ocrx_word' id='word_1_176' title='bbox 1233 1647 1310 1700; x_wconf 81' lang='lat' dir='ltr'><strong>Ac</strong></span> <span class='ocrx_word' id='word_1_177' title='bbox 1331 1645 1633 1702; x_wconf 85' lang='lat' dir='ltr'><strong>seditiosos</strong></span> <span class='ocrx_word' id='word_1_178' title='bbox 1663 1652 1908 1715; x_wconf 84' lang='lat' dir='ltr'><strong>oppres-</strong></span> 
     </span>
    </p>
   </div>
   <div class='ocr_carea' id='block_1_19' title="bbox 2011 1459 3601 1532">
    <p class='ocr_par' dir='ltr' id='par_1_19' title="bbox 2011 1459 3601 1532">
     <span class='ocr_line' id='line_1_19' title="bbox 2011 1459 3601 1532; baseline 0.002 -20"><span class='ocrx_word' id='word_1_179' title='bbox 2011 1460 2337 1532; x_wconf 76' lang='grc' dir='ltr'><strong>ἐπελθόντες</strong></span> <span class='ocrx_word' id='word_1_180' title='bbox 2367 1461 2726 1526; x_wconf 82' lang='grc' dir='ltr'><strong>ἐξαπιναίως,</strong></span> <span class='ocrx_word' id='word_1_181' title='bbox 2747 1460 2842 1514; x_wconf 86' lang='grc' dir='ltr'><strong>τοῦ</strong></span> <span class='ocrx_word' id='word_1_182' title='bbox 2872 1459 3226 1514; x_wconf 76' lang='grc' dir='ltr'><strong>Καπιτωλίου</strong></span> <span class='ocrx_word' id='word_1_183' title='bbox 3259 1461 3601 1532; x_wconf 77' lang='grc' dir='ltr'><strong>ἐκράτησαν.</strong></span> 
     </span>
    </p>
   </div>
   <div class='ocr_carea' id='block_1_20' title="bbox 2023 1549 3597 1624">
    <p class='ocr_par' dir='ltr' id='par_1_20' title="bbox 2023 1549 3597 1624">
     <span class='ocr_line' id='line_1_20' title="bbox 2023 1549 3597 1624; baseline 0 -20"><span class='ocrx_word' id='word_1_184' title='bbox 2023 1549 2083 1604; x_wconf 90' lang='lat'><strong>&#39;0</strong></span> <span class='ocrx_word' id='word_1_185' title='bbox 2111 1551 2156 1604; x_wconf 83' lang='grc' dir='ltr'><strong>δ’</strong></span> <span class='ocrx_word' id='word_1_186' title='bbox 2183 1551 2373 1620; x_wconf 82' lang='grc' dir='ltr'><strong>ὅμιλος</strong></span> <span class='ocrx_word' id='word_1_187' title='bbox 2397 1551 2492 1604; x_wconf 74' lang='grc' dir='ltr'><strong>καὶ</strong></span> <span class='ocrx_word' id='word_1_188' title='bbox 2514 1552 2637 1604; x_wconf 77' lang='grc' dir='ltr'><strong>τότε</strong></span> <span class='ocrx_word' id='word_1_189' title='bbox 2668 1553 2730 1604; x_wconf 83' lang='grc' dir='ltr'><strong>ού</strong></span> <span class='ocrx_word' id='word_1_190' title='bbox 2775 1553 3041 1621; x_wconf 83' lang='grc' dir='ltr'><strong>πρότερον</strong></span> <span class='ocrx_word' id='word_1_191' title='bbox 3064 1553 3120 1603; x_wconf 87' lang='grc' dir='ltr'><strong>ἐν</strong></span> <span class='ocrx_word' id='word_1_192' title='bbox 3149 1551 3339 1614; x_wconf 79' lang='grc' dir='ltr'><strong>ὅπλοις</strong></span> <span class='ocrx_word' id='word_1_193' title='bbox 3357 1552 3597 1624; x_wconf 61' lang='grc' dir='ltr'><strong>ἐγένετο,</strong></span> 
     </span>
    </p>
   </div>
   <div class='ocr_carea' id='block_1_21' title="bbox 2011 1642 3603 1713">
    <p class='ocr_par' dir='ltr' id='par_1_21' title="bbox 2011 1642 3603 1713">
     <span class='ocr_line' id='line_1_21' title="bbox 2011 1642 3603 1713; baseline 0.003 -20"><span class='ocrx_word' id='word_1_194' title='bbox 2011 1642 2143 1713; x_wconf 83' lang='grc' dir='ltr'><strong>πρίν</strong></span> <span class='ocrx_word' id='word_1_195' title='bbox 2168 1660 2221 1696; x_wconf 89' lang='grc' dir='ltr'><strong>τι</strong></span> <span class='ocrx_word' id='word_1_196' title='bbox 2252 1643 2418 1697; x_wconf 83' lang='grc' dir='ltr'><strong>πλέον</strong></span> <span class='ocrx_word' id='word_1_197' title='bbox 2449 1645 2600 1712; x_wconf 81' lang='grc' dir='ltr'><strong>σχεῖν</strong></span> <span class='ocrx_word' id='word_1_198' title='bbox 2629 1643 2739 1696; x_wconf 85' lang='grc' dir='ltr'><strong>τῶν</strong></span> <span class='ocrx_word' id='word_1_199' title='bbox 2765 1643 3128 1713; x_wconf 79' lang='grc' dir='ltr'><strong>εὐπατριδῶν.</strong></span> <span class='ocrx_word' id='word_1_200' title='bbox 3165 1645 3525 1708; x_wconf 81' lang='grc' dir='ltr'><strong>Ἐπελθόντες</strong></span> <span class='ocrx_word' id='word_1_201' title='bbox 3543 1645 3603 1698; x_wconf 86' lang='grc' dir='ltr'><strong>δέ</strong></span> 
     </span>
    </p>
   </div>
   <div class='ocr_carea' id='block_1_22' title="bbox 332 1736 1897 1814">
    <p class='ocr_par' dir='ltr' id='par_1_22' title="bbox 332 1737 1897 1807">
     <span class='ocr_line' id='line_1_22' title="bbox 332 1737 1897 1807; baseline -0.003 -13"><span class='ocrx_word' id='word_1_202' title='bbox 332 1749 564 1795; x_wconf 83' lang='lat' dir='ltr'><strong>serunt:</strong></span> <span class='ocrx_word' id='word_1_203' title='bbox 600 1737 697 1793; x_wconf 87' lang='lat' dir='ltr'><strong>sed</strong></span> <span class='ocrx_word' id='word_1_204' title='bbox 733 1737 940 1792; x_wconf 90' lang='lat' dir='ltr'><strong>multos</strong></span> <span class='ocrx_word' id='word_1_205' title='bbox 984 1753 1213 1793; x_wconf 91' lang='lat' dir='ltr'><strong>suorum</strong></span> <span class='ocrx_word' id='word_1_206' title='bbox 1254 1738 1582 1795; x_wconf 84' lang='lat' dir='ltr'><strong>amiserunt.</strong></span> <span class='ocrx_word' id='word_1_207' title='bbox 1616 1738 1713 1793; x_wconf 84' lang='lat' dir='ltr'><strong>His</strong></span> <span class='ocrx_word' id='word_1_208' title='bbox 1747 1738 1897 1807; x_wconf 67' lang='lat' dir='ltr'><strong>igitui</strong></span> 
     </span>
    </p>
   </div>
   <div class='ocr_carea' id='block_1_23' title="bbox 2001 1736 3604 1814">
    <p class='ocr_par' dir='ltr' id='par_1_23' title="bbox 2013 1736 3604 1807">
     <span class='ocr_line' id='line_1_23' title="bbox 2013 1736 3604 1807; baseline 0.002 -19"><span class='ocrx_word' id='word_1_209' title='bbox 2013 1747 2080 1802; x_wconf 87' lang='grc' dir='ltr'><strong>γε</strong></span> <span class='ocrx_word' id='word_1_210' title='bbox 2102 1737 2220 1800; x_wconf 75' lang='grc' dir='ltr'><strong>τοῖς</strong></span> <span class='ocrx_word' id='word_1_211' title='bbox 2245 1736 2628 1799; x_wconf 85' lang='grc' dir='ltr'><strong>στασιάσασιν,</strong></span> <span class='ocrx_word' id='word_1_212' title='bbox 2653 1738 2968 1807; x_wconf 85' lang='grc' dir='ltr'><strong>ἐκράτησαν</strong></span> <span class='ocrx_word' id='word_1_213' title='bbox 3000 1738 3098 1807; x_wconf 81' lang='grc' dir='ltr'><strong>μὲν</strong></span> <span class='ocrx_word' id='word_1_214' title='bbox 3133 1738 3336 1803; x_wconf 72' lang='grc' dir='ltr'><strong>αὐτῶν,</strong></span> <span class='ocrx_word' id='word_1_215' title='bbox 3367 1738 3604 1802; x_wconf 77' lang='grc' dir='ltr'><strong>πολλοὺς</strong></span> 
     </span>
    </p>
   </div>
   <div class='ocr_carea' id='block_1_24' title="bbox 333 1802 1897 1910">
    <p class='ocr_par' dir='ltr' id='par_1_24' title="bbox 333 1802 1897 1900">
     <span class='ocr_line' id='line_1_24' title="bbox 333 1802 1897 1900; baseline -0.003 -14"><span class='ocrx_word' id='word_1_216' title='bbox 333 1832 402 1886; x_wconf 90' lang='lat' dir='ltr'><strong>de</strong></span> <span class='ocrx_word' id='word_1_217' title='bbox 432 1830 616 1886; x_wconf 86' lang='lat' dir='ltr'><strong>causis</strong></span> <span class='ocrx_word' id='word_1_218' title='bbox 647 1830 879 1884; x_wconf 78' lang='lat' dir='ltr'><strong>Romani</strong></span> <span class='ocrx_word' id='word_1_219' title='bbox 904 1839 960 1885; x_wconf 84' lang='lat' dir='ltr'><strong>et</strong></span> <span class='ocrx_word' id='word_1_220' title='bbox 998 1830 1266 1900; x_wconf 83' lang='lat' dir='ltr'><strong>prodigiis</strong></span> <span class='ocrx_word' id='word_1_221' title='bbox 1299 1830 1630 1900; x_wconf 82' lang='lat' dir='ltr'><strong>quibusdam</strong></span> <span class='ocrx_word' id='word_1_222' title='bbox 1663 1802 1897 1899; x_wconf 68' lang='lat' dir='ltr'><strong>impulsi,</strong></span> 
     </span>
    </p>
   </div>
   <div class='ocr_carea' id='block_1_25' title="bbox 2001 1802 3670 1910">
    <p class='ocr_par' dir='ltr' id='par_1_25' title="bbox 2013 1802 3670 1910">
     <span class='ocr_line' id='line_1_25' title="bbox 2013 1802 3670 1910; baseline 0.003 -29"><span class='ocrx_word' id='word_1_223' title='bbox 2013 1827 2071 1881; x_wconf 78' lang='grc' dir='ltr'><strong>δὲ</strong></span> <span class='ocrx_word' id='word_1_224' title='bbox 2109 1827 2218 1881; x_wconf 87' lang='grc' dir='ltr'><strong>τῶν</strong></span> <span class='ocrx_word' id='word_1_225' title='bbox 2279 1830 2564 1898; x_wconf 81' lang='grc' dir='ltr'><strong>σφετέρων</strong></span> <span class='ocrx_word' id='word_1_226' title='bbox 2609 1802 2908 1883; x_wconf 61' lang='grc' dir='ltr'><strong>ἀπέδαλον.</strong></span> <span class='ocrx_word' id='word_1_227' title='bbox 2942 1802 3042 1884; x_wconf 81' lang='grc' dir='ltr'><strong>Διά</strong></span> <span class='ocrx_word' id='word_1_228' title='bbox 3099 1830 3275 1884; x_wconf 82' lang='grc' dir='ltr'><strong>ταῦτα</strong></span> <span class='ocrx_word' id='word_1_229' title='bbox 3325 1802 3512 1884; x_wconf 85' lang='grc' dir='ltr'><strong>τοίνυν</strong></span> <span class='ocrx_word' id='word_1_230' title='bbox 3550 1833 3603 1886; x_wconf 77' lang='grc' dir='ltr'><strong>οἱ</strong></span> <span class='ocrx_word' id='word_1_231' title='bbox 3667 1908 3670 1910; x_wconf 10' lang='grc' dir='ltr'><strong>γ</strong></span> 
     </span>
    </p>
   </div>
   <div class='ocr_carea' id='block_1_26' title="bbox 332 1920 1909 1991">
    <p class='ocr_par' dir='ltr' id='par_1_26' title="bbox 332 1920 1909 1991">
     <span class='ocr_line' id='line_1_26' title="bbox 332 1920 1909 1991; baseline -0.003 -14"><span class='ocrx_word' id='word_1_232' title='bbox 332 1923 550 1978; x_wconf 89' lang='lat' dir='ltr'><strong>omissis</strong></span> <span class='ocrx_word' id='word_1_233' title='bbox 569 1920 774 1976; x_wconf 88' lang='lat' dir='ltr'><strong>mutuis</strong></span> <span class='ocrx_word' id='word_1_234' title='bbox 795 1920 1297 1985; x_wconf 81' lang='lat' dir='ltr'><strong>criminationibus,</strong></span> <span class='ocrx_word' id='word_1_235' title='bbox 1323 1920 1716 1991; x_wconf 86' lang='lat' dir='ltr'><strong>rempublicam</strong></span> <span class='ocrx_word' id='word_1_236' title='bbox 1736 1934 1909 1989; x_wconf 68' lang='lat' dir='ltr'><strong>aequa-</strong></span> 
     </span>
    </p>
   </div>
   <div class='ocr_carea' id='block_1_27' title="bbox 330 2012 1908 2069">
    <p class='ocr_par' dir='ltr' id='par_1_27' title="bbox 330 2012 1908 2069">
     <span class='ocr_line' id='line_1_27' title="bbox 330 2012 1908 2069; baseline 0 -1"><span class='ocrx_word' id='word_1_237' title='bbox 330 2013 588 2068; x_wconf 89' lang='lat' dir='ltr'><strong>biliorem</strong></span> <span class='ocrx_word' id='word_1_238' title='bbox 631 2012 850 2069; x_wconf 73' lang='lat' dir='ltr'><strong>edicere</strong></span> <span class='ocrx_word' id='word_1_239' title='bbox 905 2012 1297 2068; x_wconf 89' lang='lat' dir='ltr'><strong>decreverunt.</strong></span> <span class='ocrx_word' id='word_1_240' title='bbox 1356 2015 1433 2069; x_wconf 84' lang='lat' dir='ltr'><strong>Ac</strong></span> <span class='ocrx_word' id='word_1_241' title='bbox 1486 2024 1600 2069; x_wconf 89' lang='lat' dir='ltr'><strong>tres</strong></span> <span class='ocrx_word' id='word_1_242' title='bbox 1643 2014 1796 2069; x_wconf 86' lang='lat' dir='ltr'><strong>viros</strong></span> <span class='ocrx_word' id='word_1_243' title='bbox 1852 2014 1908 2068; x_wconf 88' lang='lat' dir='ltr'><strong>in</strong></span> 
     </span>
    </p>
   </div>
   <div class='ocr_carea' id='block_1_28' title="bbox 330 2103 1908 2176">
    <p class='ocr_par' dir='ltr' id='par_1_28' title="bbox 330 2103 1908 2176">
     <span class='ocr_line' id='line_1_28' title="bbox 330 2103 1908 2176; baseline -0.001 -16"><span class='ocrx_word' id='word_1_244' title='bbox 330 2103 620 2168; x_wconf 70' lang='lat' dir='ltr'><strong>Graeciam,</strong></span> <span class='ocrx_word' id='word_1_245' title='bbox 638 2103 705 2157; x_wconf 90' lang='lat' dir='ltr'><strong>ad</strong></span> <span class='ocrx_word' id='word_1_246' title='bbox 735 2103 954 2158; x_wconf 87' lang='lat' dir='ltr'><strong>illorum</strong></span> <span class='ocrx_word' id='word_1_247' title='bbox 977 2104 1127 2174; x_wconf 80' lang='lat' dir='ltr'><strong>leges</strong></span> <span class='ocrx_word' id='word_1_248' title='bbox 1145 2113 1199 2159; x_wconf 88' lang='lat' dir='ltr'><strong>et</strong></span> <span class='ocrx_word' id='word_1_249' title='bbox 1225 2105 1476 2159; x_wconf 88' lang='lat' dir='ltr'><strong>instituta</strong></span> <span class='ocrx_word' id='word_1_250' title='bbox 1503 2105 1908 2176; x_wconf 80' lang='lat' dir='ltr'><strong>cognoscenda,</strong></span> 
     </span>
    </p>
   </div>
   <div class='ocr_carea' id='block_1_29' title="bbox 331 2195 1911 2265">
    <p class='ocr_par' dir='ltr' id='par_1_29' title="bbox 331 2195 1911 2265">
     <span class='ocr_line' id='line_1_29' title="bbox 331 2195 1911 2265; baseline 0.001 -16"><span class='ocrx_word' id='word_1_251' title='bbox 331 2195 658 2265; x_wconf 80' lang='lat' dir='ltr'><strong>ablegarunt</strong></span> <span class='ocrx_word' id='word_1_252' title='bbox 701 2212 714 2246; x_wconf 89' lang='lat'><strong>:</strong></span> <span class='ocrx_word' id='word_1_253' title='bbox 757 2196 962 2264; x_wconf 82' lang='lat' dir='ltr'><strong>quibus</strong></span> <span class='ocrx_word' id='word_1_254' title='bbox 1013 2196 1214 2260; x_wconf 83' lang='lat' dir='ltr'><strong>allatis,</strong></span> <span class='ocrx_word' id='word_1_255' title='bbox 1259 2196 1603 2251; x_wconf 85' lang='lat' dir='ltr'><strong>tribunatum</strong></span> <span class='ocrx_word' id='word_1_256' title='bbox 1656 2205 1713 2252; x_wconf 87' lang='lat' dir='ltr'><strong>et</strong></span> <span class='ocrx_word' id='word_1_257' title='bbox 1771 2197 1911 2252; x_wconf 87' lang='lat' dir='ltr'><strong>alios</strong></span> 
     </span>
    </p>
   </div>
   <div class='ocr_carea' id='block_1_30' title="bbox 330 2290 1908 2362">
    <p class='ocr_par' dir='ltr' id='par_1_30' title="bbox 330 2290 1908 2362">
     <span class='ocr_line' id='line_1_30' title="bbox 330 2290 1908 2362; baseline 0.001 -18"><span class='ocrx_word' id='word_1_258' title='bbox 330 2290 598 2361; x_wconf 87' lang='lat' dir='ltr'><strong>quosdam</strong></span> <span class='ocrx_word' id='word_1_259' title='bbox 646 2290 1002 2360; x_wconf 77' lang='lat' dir='ltr'><strong>magistratus</strong></span> <span class='ocrx_word' id='word_1_260' title='bbox 1050 2290 1410 2362; x_wconf 84' lang='lat' dir='ltr'><strong>abrogarunt.</strong></span> <span class='ocrx_word' id='word_1_261' title='bbox 1447 2306 1754 2362; x_wconf 87' lang='lat' dir='ltr'><strong>eorumque</strong></span> <span class='ocrx_word' id='word_1_262' title='bbox 1787 2293 1908 2347; x_wconf 94' lang='lat' dir='ltr'><strong>loco</strong></span> 
     </span>
    </p>
   </div>
   <div class='ocr_carea' id='block_1_31' title="bbox 325 2383 1909 2455">
    <p class='ocr_par' dir='ltr' id='par_1_31' title="bbox 325 2383 1909 2455">
     <span class='ocr_line' id='line_1_31' title="bbox 325 2383 1909 2455; baseline 0.003 -21"><span class='ocrx_word' id='word_1_263' title='bbox 325 2384 480 2438; x_wconf 67' lang='lat' dir='ltr'><strong>viros</strong></span> <span class='ocrx_word' id='word_1_264' title='bbox 506 2399 598 2438; x_wconf 80' lang='lat' dir='ltr'><strong>Vill</strong></span> <span class='ocrx_word' id='word_1_265' title='bbox 636 2384 915 2454; x_wconf 88' lang='lat' dir='ltr'><strong>principes</strong></span> <span class='ocrx_word' id='word_1_266' title='bbox 947 2383 1312 2454; x_wconf 85' lang='lat' dir='ltr'><strong>delegerunt:</strong></span> <span class='ocrx_word' id='word_1_267' title='bbox 1365 2384 1568 2454; x_wconf 89' lang='lat' dir='ltr'><strong>illoque</strong></span> <span class='ocrx_word' id='word_1_268' title='bbox 1614 2401 1759 2440; x_wconf 88' lang='lat' dir='ltr'><strong>anno</strong></span> <span class='ocrx_word' id='word_1_269' title='bbox 1799 2387 1909 2455; x_wconf 84' lang='lat' dir='ltr'><strong>Ap-</strong></span> 
     </span>
    </p>
   </div>
   <div class='ocr_carea' id='block_1_32' title="bbox 326 2473 1905 2543">
    <p class='ocr_par' dir='ltr' id='par_1_32' title="bbox 326 2473 1905 2543">
     <span class='ocr_line' id='line_1_32' title="bbox 326 2473 1905 2543; baseline 0.001 -15"><span class='ocrx_word' id='word_1_270' title='bbox 326 2473 484 2543; x_wconf 87' lang='lat' dir='ltr'><strong>pium</strong></span> <span class='ocrx_word' id='word_1_271' title='bbox 513 2473 807 2530; x_wconf 81' lang='lat' dir='ltr'><strong>Claudium</strong></span> <span class='ocrx_word' id='word_1_272' title='bbox 844 2482 900 2528; x_wconf 91' lang='lat' dir='ltr'><strong>et</strong></span> <span class='ocrx_word' id='word_1_273' title='bbox 931 2473 1115 2528; x_wconf 87' lang='lat' dir='ltr'><strong>Titum</strong></span> <span class='ocrx_word' id='word_1_274' title='bbox 1155 2473 1455 2529; x_wconf 83' lang='lat' dir='ltr'><strong>Genutinm</strong></span> <span class='ocrx_word' id='word_1_275' title='bbox 1498 2476 1756 2531; x_wconf 87' lang='lat' dir='ltr'><strong>consules</strong></span> <span class='ocrx_word' id='word_1_276' title='bbox 1781 2492 1905 2532; x_wconf 92' lang='lat' dir='ltr'><strong>cum</strong></span> 
     </span>
    </p>
   </div>
   <div class='ocr_carea' id='block_1_33' title="bbox 331 2562 1908 2635">
    <p class='ocr_par' dir='ltr' id='par_1_33' title="bbox 331 2562 1908 2635">
     <span class='ocr_line' id='line_1_33' title="bbox 331 2562 1908 2635; baseline 0.001 -17"><span class='ocrx_word' id='word_1_277' title='bbox 331 2577 552 2618; x_wconf 90' lang='lat' dir='ltr'><strong>summo</strong></span> <span class='ocrx_word' id='word_1_278' title='bbox 586 2563 820 2635; x_wconf 87' lang='lat' dir='ltr'><strong>imperio</strong></span> <span class='ocrx_word' id='word_1_279' title='bbox 850 2572 1137 2628; x_wconf 84' lang='lat' dir='ltr'><strong>crearunt,</strong></span> <span class='ocrx_word' id='word_1_280' title='bbox 1167 2562 1296 2619; x_wconf 81' lang='lat' dir='ltr'><strong>data</strong></span> <span class='ocrx_word' id='word_1_281' title='bbox 1337 2573 1606 2634; x_wconf 82' lang='lat' dir='ltr'><strong>potestate</strong></span> <span class='ocrx_word' id='word_1_282' title='bbox 1637 2564 1908 2619; x_wconf 88' lang='lat' dir='ltr'><strong>condendi</strong></span> 
     </span>
    </p>
   </div>
   <div class='ocr_carea' id='block_1_34' title="bbox 327 2654 1902 2725">
    <p class='ocr_par' dir='ltr' id='par_1_34' title="bbox 327 2654 1902 2725">
     <span class='ocr_line' id='line_1_34' title="bbox 327 2654 1902 2725; baseline -0.003 -14"><span class='ocrx_word' id='word_1_283' title='bbox 327 2657 500 2725; x_wconf 79' lang='lat' dir='ltr'><strong>leges,</strong></span> <span class='ocrx_word' id='word_1_284' title='bbox 531 2669 658 2711; x_wconf 89' lang='lat' dir='ltr'><strong>cum</strong></span> <span class='ocrx_word' id='word_1_285' title='bbox 707 2654 1033 2724; x_wconf 83' lang='lat' dir='ltr'><strong>appendice,</strong></span> <span class='ocrx_word' id='word_1_286' title='bbox 1080 2670 1150 2710; x_wconf 88' lang='lat' dir='ltr'><strong>ne</strong></span> <span class='ocrx_word' id='word_1_287' title='bbox 1179 2655 1246 2709; x_wconf 88' lang='lat' dir='ltr'><strong>ab</strong></span> <span class='ocrx_word' id='word_1_288' title='bbox 1274 2656 1356 2710; x_wconf 88' lang='lat' dir='ltr'><strong>eis</strong></span> <span class='ocrx_word' id='word_1_289' title='bbox 1384 2655 1702 2725; x_wconf 74' lang='lat' dir='ltr'><strong>provocatio</strong></span> <span class='ocrx_word' id='word_1_290' title='bbox 1737 2666 1902 2711; x_wconf 86' lang='lat' dir='ltr'><strong>esset.</strong></span> 
     </span>
    </p>
   </div>
   <div class='ocr_carea' id='block_1_35' title="bbox 326 2747 1906 2818">
    <p class='ocr_par' dir='ltr' id='par_1_35' title="bbox 326 2747 1906 2818">
     <span class='ocr_line' id='line_1_35' title="bbox 326 2747 1906 2818; baseline -0.001 -14"><span class='ocrx_word' id='word_1_291' title='bbox 326 2749 386 2804; x_wconf 83' lang='lat' dir='ltr'><strong>id</strong></span> <span class='ocrx_word' id='word_1_292' title='bbox 437 2747 586 2818; x_wconf 87' lang='lat' dir='ltr'><strong>quod</strong></span> <span class='ocrx_word' id='word_1_293' title='bbox 640 2747 792 2817; x_wconf 88' lang='lat' dir='ltr'><strong>prius</strong></span> <span class='ocrx_word' id='word_1_294' title='bbox 843 2762 953 2802; x_wconf 92' lang='lat' dir='ltr'><strong>non</strong></span> <span class='ocrx_word' id='word_1_295' title='bbox 1013 2747 1116 2801; x_wconf 87' lang='lat' dir='ltr'><strong>nisi</strong></span> <span class='ocrx_word' id='word_1_296' title='bbox 1165 2747 1534 2804; x_wconf 86' lang='lat' dir='ltr'><strong>dictatoribus</strong></span> <span class='ocrx_word' id='word_1_297' title='bbox 1582 2763 1906 2804; x_wconf 86' lang='lat' dir='ltr'><strong>concessum</strong></span> 
     </span>
    </p>
   </div>
   <div class='ocr_carea' id='block_1_36' title="bbox 323 2843 1907 2916">
    <p class='ocr_par' dir='ltr' id='par_1_36' title="bbox 323 2843 1907 2916">
     <span class='ocr_line' id='line_1_36' title="bbox 323 2843 1907 2916; baseline 0.001 -16"><span class='ocrx_word' id='word_1_298' title='bbox 323 2845 449 2901; x_wconf 76' lang='lat' dir='ltr'><strong>fuit.</strong></span> <span class='ocrx_word' id='word_1_299' title='bbox 490 2843 556 2900; x_wconf 92' lang='lat' dir='ltr'><strong>lli</strong></span> <span class='ocrx_word' id='word_1_300' title='bbox 595 2861 695 2915; x_wconf 87' lang='lat' dir='ltr'><strong>per</strong></span> <span class='ocrx_word' id='word_1_301' title='bbox 723 2845 874 2900; x_wconf 80' lang='lat' dir='ltr'><strong>vices</strong></span> <span class='ocrx_word' id='word_1_302' title='bbox 903 2844 1271 2915; x_wconf 85' lang='lat' dir='ltr'><strong>imperarunt,</strong></span> <span class='ocrx_word' id='word_1_303' title='bbox 1307 2847 1509 2916; x_wconf 76' lang='lat' dir='ltr'><strong>singuli</strong></span> <span class='ocrx_word' id='word_1_304' title='bbox 1550 2849 1604 2901; x_wconf 90' lang='lat' dir='ltr'><strong>in</strong></span> <span class='ocrx_word' id='word_1_305' title='bbox 1634 2848 1753 2903; x_wconf 89' lang='lat' dir='ltr'><strong>dies</strong></span> <span class='ocrx_word' id='word_1_306' title='bbox 1787 2848 1907 2903; x_wconf 82' lang='lat' dir='ltr'><strong>sin—</strong></span> 
     </span>
    </p>
   </div>
   <div class='ocr_carea' id='block_1_37' title="bbox 323 2937 1902 3010">
    <p class='ocr_par' dir='ltr' id='par_1_37' title="bbox 323 2937 1902 3010">
     <span class='ocr_line' id='line_1_37' title="bbox 323 2937 1902 3010; baseline 0.003 -19"><span class='ocrx_word' id='word_1_307' title='bbox 323 2937 482 3007; x_wconf 80' lang='lat' dir='ltr'><strong>gulos</strong></span> <span class='ocrx_word' id='word_1_308' title='bbox 512 2939 867 3010; x_wconf 78' lang='lat' dir='ltr'><strong>magistratus</strong></span> <span class='ocrx_word' id='word_1_309' title='bbox 903 2937 1212 3008; x_wconf 82' lang='lat' dir='ltr'><strong>insignibus</strong></span> <span class='ocrx_word' id='word_1_310' title='bbox 1237 2939 1440 2994; x_wconf 88' lang='lat' dir='ltr'><strong>ornati.</strong></span> <span class='ocrx_word' id='word_1_311' title='bbox 1473 2939 1542 2994; x_wconf 88' lang='lat' dir='ltr'><strong>Et</strong></span> <span class='ocrx_word' id='word_1_312' title='bbox 1575 2941 1722 3004; x_wconf 71' lang='lat' dir='ltr'><strong>leges</strong></span> <span class='ocrx_word' id='word_1_313' title='bbox 1767 2957 1797 2995; x_wconf 90' lang='lat' dir='ltr'><strong>a</strong></span> <span class='ocrx_word' id='word_1_314' title='bbox 1843 2957 1902 2996; x_wconf 88' lang='lat' dir='ltr'><strong>se</strong></span> 
     </span>
    </p>
   </div>
   <div class='ocr_carea' id='block_1_38' title="bbox 322 3030 1905 3102">
    <p class='ocr_par' dir='ltr' id='par_1_38' title="bbox 322 3030 1905 3102">
     <span class='ocr_line' id='line_1_38' title="bbox 322 3030 1905 3102; baseline 0.001 -17"><span class='ocrx_word' id='word_1_315' title='bbox 322 3030 662 3102; x_wconf 79' lang='lat' dir='ltr'><strong>conscriptas</strong></span> <span class='ocrx_word' id='word_1_316' title='bbox 693 3031 747 3085; x_wconf 92' lang='lat' dir='ltr'><strong>in</strong></span> <span class='ocrx_word' id='word_1_317' title='bbox 774 3031 896 3085; x_wconf 84' lang='lat' dir='ltr'><strong>foro</strong></span> <span class='ocrx_word' id='word_1_318' title='bbox 921 3042 1332 3100; x_wconf 88' lang='lat' dir='ltr'><strong>proposuerunt</strong></span> <span class='ocrx_word' id='word_1_319' title='bbox 1366 3051 1378 3085; x_wconf 92' lang='lat'>:</span> <span class='ocrx_word' id='word_1_320' title='bbox 1411 3047 1548 3102; x_wconf 87' lang='lat' dir='ltr'><strong>quas</strong></span> <span class='ocrx_word' id='word_1_321' title='bbox 1570 3047 1693 3087; x_wconf 91' lang='lat' dir='ltr'><strong>cum</strong></span> <span class='ocrx_word' id='word_1_322' title='bbox 1725 3033 1905 3086; x_wconf 87' lang='lat' dir='ltr'><strong>omni-</strong></span> 
     </span>
    </p>
   </div>
   <div class='ocr_carea' id='block_1_39' title="bbox 321 3113 1897 3207">
    <p class='ocr_par' dir='ltr' id='par_1_39' title="bbox 321 3119 1897 3192">
     <span class='ocr_line' id='line_1_39' title="bbox 321 3119 1897 3192; baseline 0.001 -16"><span class='ocrx_word' id='word_1_323' title='bbox 321 3119 427 3177; x_wconf 87' lang='lat' dir='ltr'><strong>bus</strong></span> <span class='ocrx_word' id='word_1_324' title='bbox 475 3122 826 3191; x_wconf 86' lang='lat' dir='ltr'><strong>probassent,</strong></span> <span class='ocrx_word' id='word_1_325' title='bbox 871 3122 936 3176; x_wconf 87' lang='lat' dir='ltr'><strong>ad</strong></span> <span class='ocrx_word' id='word_1_326' title='bbox 1003 3123 1268 3192; x_wconf 85' lang='lat' dir='ltr'><strong>populum</strong></span> <span class='ocrx_word' id='word_1_327' title='bbox 1307 3123 1574 3188; x_wconf 90' lang='lat' dir='ltr'><strong>tulerunt,</strong></span> <span class='ocrx_word' id='word_1_328' title='bbox 1634 3125 1897 3178; x_wconf 87' lang='lat' dir='ltr'><strong>sancitas-</strong></span> 
     </span>
    </p>
   </div>
   <div class='ocr_carea' id='block_1_40' title="bbox 2001 3113 3698 3207">
    <p class='ocr_par' dir='ltr' id='par_1_40' title="bbox 2006 3113 3698 3192">
     <span class='ocr_line' id='line_1_40' title="bbox 2006 3113 3698 3192; baseline 0.002 -21"><span class='ocrx_word' id='word_1_329' title='bbox 2006 3113 2153 3172; x_wconf 80' lang='grc' dir='ltr'><strong>οὗτοι</strong></span> <span class='ocrx_word' id='word_1_330' title='bbox 2174 3119 2388 3188; x_wconf 72' lang='grc' dir='ltr'><strong>ἡμέραν</strong></span> <span class='ocrx_word' id='word_1_331' title='bbox 2409 3119 2664 3184; x_wconf 75' lang='grc' dir='ltr'><strong>ἕκαστος,</strong></span> <span class='ocrx_word' id='word_1_332' title='bbox 2690 3120 2919 3186; x_wconf 81' lang='grc' dir='ltr'><strong>ἐναλλὰξ</strong></span> <span class='ocrx_word' id='word_1_333' title='bbox 2945 3121 3005 3173; x_wconf 73' lang='grc' dir='ltr'><strong>τὸ</strong></span> <span class='ocrx_word' id='word_1_334' title='bbox 3025 3123 3324 3192; x_wconf 86' lang='grc' dir='ltr'><strong>πρόσχημα</strong></span> <span class='ocrx_word' id='word_1_335' title='bbox 3342 3123 3444 3192; x_wconf 86' lang='grc' dir='ltr'><strong>τῆς</strong></span> <span class='ocrx_word' id='word_1_336' title='bbox 3459 3125 3594 3191; x_wconf 84' lang='grc' dir='ltr'><strong>ἠγε-</strong></span> <span class='ocrx_word' id='word_1_337' title='bbox 3693 3171 3698 3176; x_wconf 89' lang='grc'><strong>,</strong></span> 
     </span>
    </p>
   </div>
   <div class='ocr_carea' id='block_1_41' title="bbox 321 3213 1899 3288">
    <p class='ocr_par' dir='ltr' id='par_1_41' title="bbox 321 3213 1899 3288">
     <span class='ocr_line' id='line_1_41' title="bbox 321 3213 1899 3288; baseline 0.005 -22"><span class='ocrx_word' id='word_1_338' title='bbox 321 3228 430 3282; x_wconf 89' lang='lat' dir='ltr'><strong>que</strong></span> <span class='ocrx_word' id='word_1_339' title='bbox 464 3213 519 3267; x_wconf 88' lang='lat' dir='ltr'><strong>in</strong></span> <span class='ocrx_word' id='word_1_340' title='bbox 548 3227 582 3267; x_wconf 68' lang='grc' dir='ltr'>χ</span> <span class='ocrx_word' id='word_1_341' title='bbox 617 3213 832 3268; x_wconf 86' lang='lat' dir='ltr'><strong>tabulas</strong></span> <span class='ocrx_word' id='word_1_342' title='bbox 874 3214 1204 3268; x_wconf 87' lang='lat' dir='ltr'><strong>retulerunt.</strong></span> <span class='ocrx_word' id='word_1_343' title='bbox 1242 3213 1374 3280; x_wconf 77' lang='lat' dir='ltr'><strong>Qua:</strong></span> <span class='ocrx_word' id='word_1_344' title='bbox 1412 3217 1560 3271; x_wconf 90' lang='lat' dir='ltr'><strong>enim</strong></span> <span class='ocrx_word' id='word_1_345' title='bbox 1591 3215 1753 3288; x_wconf 83' lang='lat' dir='ltr'><strong>digna</strong></span> <span class='ocrx_word' id='word_1_346' title='bbox 1798 3234 1899 3273; x_wconf 88' lang='lat' dir='ltr'><strong>cn-</strong></span> 
     </span>
    </p>
   </div>
   <div class='ocr_carea' id='block_1_42' title="bbox 321 3303 1901 3376">
    <p class='ocr_par' dir='ltr' id='par_1_42' title="bbox 321 3303 1901 3376">
     <span class='ocr_line' id='line_1_42' title="bbox 321 3303 1901 3376; baseline 0.004 -17"><span class='ocrx_word' id='word_1_347' title='bbox 321 3303 501 3359; x_wconf 83' lang='lat' dir='ltr'><strong>stodia</strong></span> <span class='ocrx_word' id='word_1_348' title='bbox 532 3303 694 3376; x_wconf 56' lang='lat'><strong>347</strong></span> <span class='ocrx_word' id='word_1_349' title='bbox 719 3304 1058 3374; x_wconf 86' lang='lat' dir='ltr'><strong>iudicabant,</strong></span> <span class='ocrx_word' id='word_1_350' title='bbox 1093 3306 1149 3360; x_wconf 88' lang='lat' dir='ltr'><strong>in</strong></span> <span class='ocrx_word' id='word_1_351' title='bbox 1179 3305 1395 3363; x_wconf 88' lang='lat' dir='ltr'><strong>tabellis</strong></span> <span class='ocrx_word' id='word_1_352' title='bbox 1417 3311 1798 3365; x_wconf 86' lang='lat' dir='ltr'><strong>asservabant.</strong></span> <span class='ocrx_word' id='word_1_353' title='bbox 1823 3311 1901 3366; x_wconf 81' lang='lat' dir='ltr'><strong>Ac</strong></span> 
     </span>
    </p>
   </div>
   <div class='ocr_carea' id='block_1_43' title="bbox 321 3397 1900 3472">
    <p class='ocr_par' dir='ltr' id='par_1_43' title="bbox 321 3397 1900 3472">
     <span class='ocr_line' id='line_1_43' title="bbox 321 3397 1900 3472; baseline 0.004 -20"><span class='ocrx_word' id='word_1_354' title='bbox 321 3397 402 3452; x_wconf 90' lang='lat' dir='ltr'><strong>illi</strong></span> <span class='ocrx_word' id='word_1_355' title='bbox 435 3412 579 3451; x_wconf 88' lang='lat' dir='ltr'><strong>anno</strong></span> <span class='ocrx_word' id='word_1_356' title='bbox 603 3407 818 3461; x_wconf 80' lang='lat' dir='ltr'><strong>exacto,</strong></span> <span class='ocrx_word' id='word_1_357' title='bbox 849 3399 1168 3469; x_wconf 82' lang='lat' dir='ltr'><strong>magistratu</strong></span> <span class='ocrx_word' id='word_1_358' title='bbox 1193 3401 1474 3456; x_wconf 86' lang='lat' dir='ltr'><strong>abierunt.</strong></span> <span class='ocrx_word' id='word_1_359' title='bbox 1508 3403 1723 3472; x_wconf 86' lang='lat' dir='ltr'><strong>Quibus</strong></span> <span class='ocrx_word' id='word_1_360' title='bbox 1751 3404 1842 3460; x_wconf 89' lang='lat' dir='ltr'><strong>alii</strong></span> <span class='ocrx_word' id='word_1_361' title='bbox 1867 3421 1900 3459; x_wconf 72' lang='grc' dir='ltr'><strong>χ</strong></span> 
     </span>
    </p>
   </div>
   <div class='ocr_carea' id='block_1_44' title="bbox 321 3487 1901 3562">
    <p class='ocr_par' dir='ltr' id='par_1_44' title="bbox 321 3487 1901 3562">
     <span class='ocr_line' id='line_1_44' title="bbox 321 3487 1901 3562; baseline 0.003 -18"><span class='ocrx_word' id='word_1_362' title='bbox 321 3504 448 3544; x_wconf 91' lang='lat' dir='ltr'><strong>cum</strong></span> <span class='ocrx_word' id='word_1_363' title='bbox 471 3487 889 3550; x_wconf 81' lang='lat' dir='ltr'><strong>successissent.</strong></span> <span class='ocrx_word' id='word_1_364' title='bbox 927 3490 1000 3544; x_wconf 89' lang='lat' dir='ltr'><strong>ita</strong></span> <span class='ocrx_word' id='word_1_365' title='bbox 1039 3503 1348 3561; x_wconf 83' lang='lat' dir='ltr'><strong>gesserunt,</strong></span> <span class='ocrx_word' id='word_1_366' title='bbox 1399 3494 1556 3562; x_wconf 86' lang='lat' dir='ltr'><strong>quasi</strong></span> <span class='ocrx_word' id='word_1_367' title='bbox 1586 3495 1901 3549; x_wconf 60' lang='lat' dir='ltr'><strong>evertenda!</strong></span> 
     </span>
    </p>
   </div>
   <div class='ocr_carea' id='block_1_45' title="bbox 321 3571 1899 3652">
    <p class='ocr_par' dir='ltr' id='par_1_45' title="bbox 321 3571 1899 3652">
     <span class='ocr_line' id='line_1_45' title="bbox 321 3571 1899 3652; baseline 0.003 -16"><span class='ocrx_word' id='word_1_368' title='bbox 321 3581 640 3652; x_wconf 66' lang='lat' dir='ltr'><strong>reipublicte</strong></span> <span class='ocrx_word' id='word_1_369' title='bbox 663 3595 828 3636; x_wconf 88' lang='lat' dir='ltr'><strong>causa</strong></span> <span class='ocrx_word' id='word_1_370' title='bbox 859 3581 1058 3637; x_wconf 88' lang='lat' dir='ltr'><strong>delecti</strong></span> <span class='ocrx_word' id='word_1_371' title='bbox 1092 3571 1310 3638; x_wconf 61' lang='lat' dir='ltr'><strong>essent.</strong></span> <span class='ocrx_word' id='word_1_372' title='bbox 1331 3582 1534 3639; x_wconf 83' lang='lat' dir='ltr'><strong>Omnes</strong></span> <span class='ocrx_word' id='word_1_373' title='bbox 1554 3586 1700 3638; x_wconf 89' lang='lat' dir='ltr'><strong>enim</strong></span> <span class='ocrx_word' id='word_1_374' title='bbox 1736 3586 1899 3640; x_wconf 89' lang='lat' dir='ltr'><strong>simul</strong></span> 
     </span>
    </p>
   </div>
   <div class='ocr_carea' id='block_1_46' title="bbox 319 3670 1900 3744">
    <p class='ocr_par' dir='ltr' id='par_1_46' title="bbox 319 3670 1900 3744">
     <span class='ocr_line' id='line_1_46' title="bbox 319 3670 1900 3744; baseline 0.001 -16"><span class='ocrx_word' id='word_1_375' title='bbox 319 3687 388 3728; x_wconf 80' lang='lat' dir='ltr'><strong>ex</strong></span> <span class='ocrx_word' id='word_1_376' title='bbox 416 3686 574 3742; x_wconf 65' lang='lat' dir='ltr'><strong>aequo</strong></span> <span class='ocrx_word' id='word_1_377' title='bbox 601 3670 946 3739; x_wconf 86' lang='lat' dir='ltr'><strong>imperabant</strong></span> <span class='ocrx_word' id='word_1_378' title='bbox 991 3687 1006 3724; x_wconf 91' lang='lat'>:</span> <span class='ocrx_word' id='word_1_379' title='bbox 1050 3673 1348 3744; x_wconf 78' lang='lat' dir='ltr'><strong>ascitisqne</strong></span> <span class='ocrx_word' id='word_1_380' title='bbox 1393 3673 1662 3729; x_wconf 85' lang='lat' dir='ltr'><strong>nobilium</strong></span> <span class='ocrx_word' id='word_1_381' title='bbox 1714 3676 1900 3730; x_wconf 87' lang='lat' dir='ltr'><strong>adole-</strong></span> 
     </span>
    </p>
   </div>
   <div class='ocr_carea' id='block_1_47' title="bbox 316 3762 1899 3834">
    <p class='ocr_par' dir='ltr' id='par_1_47' title="bbox 316 3762 1899 3834">
     <span class='ocr_line' id='line_1_47' title="bbox 316 3762 1899 3834; baseline 0.001 -15"><span class='ocrx_word' id='word_1_382' title='bbox 316 3771 571 3819; x_wconf 81' lang='lat' dir='ltr'><strong>scentum</strong></span> <span class='ocrx_word' id='word_1_383' title='bbox 599 3762 996 3829; x_wconf 84' lang='lat' dir='ltr'><strong>audacissimis,</strong></span> <span class='ocrx_word' id='word_1_384' title='bbox 1016 3779 1113 3834; x_wconf 92' lang='lat' dir='ltr'><strong>per</strong></span> <span class='ocrx_word' id='word_1_385' title='bbox 1142 3763 1248 3818; x_wconf 81' lang='lat' dir='ltr'><strong>vim</strong></span> <span class='ocrx_word' id='word_1_386' title='bbox 1284 3766 1452 3819; x_wconf 84' lang='lat' dir='ltr'><strong>multa</strong></span> <span class='ocrx_word' id='word_1_387' title='bbox 1484 3775 1736 3834; x_wconf 81' lang='lat' dir='ltr'><strong>egerunt.</strong></span> <span class='ocrx_word' id='word_1_388' title='bbox 1763 3765 1899 3822; x_wconf 86' lang='lat' dir='ltr'><strong>Sero</strong></span> 
     </span>
    </p>
   </div>
   <div class='ocr_carea' id='block_1_48' title="bbox 319 3851 1898 3926">
    <p class='ocr_par' dir='ltr' id='par_1_48' title="bbox 319 3851 1898 3926">
     <span class='ocr_line' id='line_1_48' title="bbox 319 3851 1898 3926; baseline 0.001 -16"><span class='ocrx_word' id='word_1_389' title='bbox 319 3855 568 3921; x_wconf 87' lang='lat' dir='ltr'><strong>tandem,</strong></span> <span class='ocrx_word' id='word_1_390' title='bbox 611 3851 714 3909; x_wconf 85' lang='lat' dir='ltr'><strong>sub</strong></span> <span class='ocrx_word' id='word_1_391' title='bbox 760 3856 890 3909; x_wconf 88' lang='lat' dir='ltr'><strong>anni</strong></span> <span class='ocrx_word' id='word_1_392' title='bbox 945 3856 1056 3910; x_wconf 80' lang='lat' dir='ltr'><strong>fere</strong></span> <span class='ocrx_word' id='word_1_393' title='bbox 1111 3856 1298 3917; x_wconf 84' lang='lat' dir='ltr'><strong>linem.</strong></span> <span class='ocrx_word' id='word_1_394' title='bbox 1337 3872 1511 3925; x_wconf 87' lang='lat' dir='ltr'><strong>pauca</strong></span> <span class='ocrx_word' id='word_1_395' title='bbox 1555 3857 1804 3926; x_wconf 75' lang='lat' dir='ltr'><strong>quzedam</strong></span> <span class='ocrx_word' id='word_1_396' title='bbox 1843 3857 1898 3913; x_wconf 89' lang='lat' dir='ltr'><strong>in</strong></span> 
     </span>
    </p>
   </div>
   <div class='ocr_carea' id='block_1_49' title="bbox 318 3947 1896 4019">
    <p class='ocr_par' dir='ltr' id='par_1_49' title="bbox 318 3947 1896 4019">
     <span class='ocr_line' id='line_1_49' title="bbox 318 3947 1896 4019; baseline 0.003 -19"><span class='ocrx_word' id='word_1_397' title='bbox 318 3947 535 4002; x_wconf 88' lang='lat' dir='ltr'><strong>duabus</strong></span> <span class='ocrx_word' id='word_1_398' title='bbox 589 3947 796 4002; x_wconf 88' lang='lat' dir='ltr'><strong>tabulis</strong></span> <span class='ocrx_word' id='word_1_399' title='bbox 862 3958 1054 4018; x_wconf 87' lang='lat' dir='ltr'><strong>suapte</strong></span> <span class='ocrx_word' id='word_1_400' title='bbox 1110 3950 1443 4005; x_wconf 84' lang='lat' dir='ltr'><strong>auctoritate</strong></span> <span class='ocrx_word' id='word_1_401' title='bbox 1496 3950 1896 4019; x_wconf 87' lang='lat' dir='ltr'><strong>ascripserunt,</strong></span> 
     </span>
    </p>
   </div>
   <div class='ocr_carea' id='block_1_50' title="bbox 322 4039 1898 4112">
    <p class='ocr_par' dir='ltr' id='par_1_50' title="bbox 322 4039 1898 4112">
     <span class='ocr_line' id='line_1_50' title="bbox 322 4039 1898 4112; baseline 0.001 -18"><span class='ocrx_word' id='word_1_402' title='bbox 322 4054 433 4095; x_wconf 90' lang='lat' dir='ltr'><strong>non</strong></span> <span class='ocrx_word' id='word_1_403' title='bbox 471 4041 537 4094; x_wconf 87' lang='lat' dir='ltr'><strong>ad</strong></span> <span class='ocrx_word' id='word_1_404' title='bbox 594 4039 972 4105; x_wconf 85' lang='lat' dir='ltr'><strong>concordiam,</strong></span> <span class='ocrx_word' id='word_1_405' title='bbox 1013 4041 1108 4095; x_wconf 91' lang='lat' dir='ltr'><strong>sed</strong></span> <span class='ocrx_word' id='word_1_406' title='bbox 1149 4041 1215 4094; x_wconf 87' lang='lat' dir='ltr'><strong>ad</strong></span> <span class='ocrx_word' id='word_1_407' title='bbox 1260 4042 1493 4112; x_wconf 87' lang='lat' dir='ltr'><strong>majores</strong></span> <span class='ocrx_word' id='word_1_408' title='bbox 1522 4041 1898 4096; x_wconf 82' lang='lat' dir='ltr'><strong>dissentiones</strong></span> 
     </span>
    </p>
   </div>
   <div class='ocr_carea' id='block_1_51' title="bbox 318 4129 1898 4205">
    <p class='ocr_par' dir='ltr' id='par_1_51' title="bbox 318 4129 1898 4205">
     <span class='ocr_line' id='line_1_51' title="bbox 318 4129 1898 4205; baseline 0 -16"><span class='ocrx_word' id='word_1_409' title='bbox 318 4134 674 4204; x_wconf 80' lang='lat' dir='ltr'><strong>pertinentia.</strong></span> <span class='ocrx_word' id='word_1_410' title='bbox 718 4129 1016 4189; x_wconf 86' lang='lat' dir='ltr'><strong>Duodecim</strong></span> <span class='ocrx_word' id='word_1_411' title='bbox 1063 4133 1233 4205; x_wconf 86' lang='lat' dir='ltr'><strong>igitur</strong></span> <span class='ocrx_word' id='word_1_412' title='bbox 1284 4134 1481 4188; x_wconf 58' lang='lat' dir='ltr'><strong>tabula:</strong></span> <span class='ocrx_word' id='word_1_413' title='bbox 1515 4134 1594 4188; x_wconf 87' lang='lat' dir='ltr'><strong>sic</strong></span> <span class='ocrx_word' id='word_1_414' title='bbox 1633 4133 1898 4189; x_wconf 81' lang='lat' dir='ltr'><strong>conlectae</strong></span> 
     </span>
    </p>
   </div>
   <div class='ocr_carea' id='block_1_52' title="bbox 315 4226 1893 4299">
    <p class='ocr_par' dir='ltr' id='par_1_52' title="bbox 315 4226 1893 4299">
     <span class='ocr_line' id='line_1_52' title="bbox 315 4226 1893 4299; baseline -0.001 -17"><span class='ocrx_word' id='word_1_415' title='bbox 315 4236 466 4282; x_wconf 78' lang='lat' dir='ltr'><strong>sunt.</strong></span> <span class='ocrx_word' id='word_1_416' title='bbox 500 4227 808 4282; x_wconf 80' lang='lat' dir='ltr'><strong>Decemviri</strong></span> <span class='ocrx_word' id='word_1_417' title='bbox 852 4234 1034 4281; x_wconf 86' lang='lat' dir='ltr'><strong>autem</strong></span> <span class='ocrx_word' id='word_1_418' title='bbox 1083 4243 1192 4280; x_wconf 90' lang='lat' dir='ltr'><strong>non</strong></span> <span class='ocrx_word' id='word_1_419' title='bbox 1237 4226 1354 4281; x_wconf 60' lang='lat' dir='ltr'><strong>haec</strong></span> <span class='ocrx_word' id='word_1_420' title='bbox 1389 4235 1599 4281; x_wconf 89' lang='lat' dir='ltr'><strong>tantum</strong></span> <span class='ocrx_word' id='word_1_421' title='bbox 1635 4235 1893 4299; x_wconf 77' lang='lat' dir='ltr'><strong>egerunt.</strong></span> 
     </span>
    </p>
   </div>
   <div class='ocr_carea' id='block_1_53' title="bbox 313 4318 1897 4388">
    <p class='ocr_par' dir='ltr' id='par_1_53' title="bbox 313 4318 1897 4388">
     <span class='ocr_line' id='line_1_53' title="bbox 313 4318 1897 4388; baseline 0.001 -16"><span class='ocrx_word' id='word_1_422' title='bbox 313 4318 498 4374; x_wconf 88' lang='lat' dir='ltr'><strong>sedet</strong></span> <span class='ocrx_word' id='word_1_423' title='bbox 541 4328 787 4388; x_wconf 86' lang='lat' dir='ltr'><strong>tempore</strong></span> <span class='ocrx_word' id='word_1_424' title='bbox 829 4319 1182 4388; x_wconf 81' lang='lat' dir='ltr'><strong>magistratus</strong></span> <span class='ocrx_word' id='word_1_425' title='bbox 1228 4332 1423 4372; x_wconf 89' lang='lat' dir='ltr'><strong>eorum</strong></span> <span class='ocrx_word' id='word_1_426' title='bbox 1459 4319 1668 4388; x_wconf 85' lang='lat' dir='ltr'><strong>elapso,</strong></span> <span class='ocrx_word' id='word_1_427' title='bbox 1714 4319 1897 4375; x_wconf 83' lang='lat' dir='ltr'><strong>adhuc</strong></span> 
     </span>
    </p>
   </div>
   <div class='ocr_carea' id='block_1_54' title="bbox 314 4406 1893 4480">
    <p class='ocr_par' dir='ltr' id='par_1_54' title="bbox 314 4406 1893 4480">
     <span class='ocr_line' id='line_1_54' title="bbox 314 4406 1893 4480; baseline 0.003 -20"><span class='ocrx_word' id='word_1_428' title='bbox 314 4408 369 4460; x_wconf 91' lang='lat' dir='ltr'><strong>in</strong></span> <span class='ocrx_word' id='word_1_429' title='bbox 403 4409 568 4464; x_wconf 81' lang='lat' dir='ltr'><strong>rebus</strong></span> <span class='ocrx_word' id='word_1_430' title='bbox 607 4406 866 4479; x_wconf 86' lang='lat' dir='ltr'><strong>gerendis</strong></span> <span class='ocrx_word' id='word_1_431' title='bbox 908 4417 1039 4464; x_wconf 89' lang='lat' dir='ltr'><strong>sunt</strong></span> <span class='ocrx_word' id='word_1_432' title='bbox 1079 4409 1303 4470; x_wconf 81' lang='lat' dir='ltr'><strong>versati,</strong></span> <span class='ocrx_word' id='word_1_433' title='bbox 1351 4410 1636 4479; x_wconf 87' lang='lat' dir='ltr'><strong>republica</strong></span> <span class='ocrx_word' id='word_1_434' title='bbox 1691 4412 1743 4464; x_wconf 76' lang='lat' dir='ltr'><strong>vi</strong></span> <span class='ocrx_word' id='word_1_435' title='bbox 1791 4427 1893 4480; x_wconf 91' lang='lat' dir='ltr'><strong>op-</strong></span> 
     </span>
    </p>
   </div>
   <div class='ocr_carea' id='block_1_55' title="bbox 2026 1919 3602 1992">
    <p class='ocr_par' dir='ltr' id='par_1_55' title="bbox 2026 1919 3602 1992">
     <span class='ocr_line' id='line_1_55' title="bbox 2026 1919 3602 1992; baseline 0.003 -20"><span class='ocrx_word' id='word_1_436' title='bbox 2026 1919 2289 1989; x_wconf 81' lang='grc' dir='ltr'><strong>Ῥωμαῑοι</strong></span> <span class='ocrx_word' id='word_1_437' title='bbox 2312 1921 2409 1973; x_wconf 72' lang='grc' dir='ltr'><strong>καὶ</strong></span> <span class='ocrx_word' id='word_1_438' title='bbox 2434 1920 2525 1973; x_wconf 85' lang='grc' dir='ltr'><strong>διά</strong></span> <span class='ocrx_word' id='word_1_439' title='bbox 2555 1937 2680 1974; x_wconf 89' lang='grc' dir='ltr'><strong>τινα</strong></span> <span class='ocrx_word' id='word_1_440' title='bbox 2711 1923 2916 1992; x_wconf 77' lang='grc' dir='ltr'><strong>σημεῖα</strong></span> <span class='ocrx_word' id='word_1_441' title='bbox 2942 1922 3372 1990; x_wconf 79' lang='grc' dir='ltr'><strong>εύλασηθέντες,</strong></span> <span class='ocrx_word' id='word_1_442' title='bbox 3401 1926 3512 1977; x_wconf 82' lang='grc' dir='ltr'><strong>τῶν</strong></span> <span class='ocrx_word' id='word_1_443' title='bbox 3540 1939 3602 1977; x_wconf 85' lang='grc' dir='ltr'><strong>τε</strong></span> 
     </span>
    </p>
   </div>
   <div class='ocr_carea' id='block_1_56' title="bbox 2014 2010 3602 2088">
    <p class='ocr_par' dir='ltr' id='par_1_56' title="bbox 2014 2010 3602 2088">
     <span class='ocr_line' id='line_1_56' title="bbox 2014 2010 3602 2088; baseline 0.004 -25"><span class='ocrx_word' id='word_1_444' title='bbox 2014 2011 2151 2081; x_wconf 81' lang='grc' dir='ltr'><strong>πρὸς</strong></span> <span class='ocrx_word' id='word_1_445' title='bbox 2200 2010 2465 2081; x_wconf 74' lang='grc' dir='ltr'><strong>ἀλλήλους</strong></span> <span class='ocrx_word' id='word_1_446' title='bbox 2493 2012 2893 2083; x_wconf 80' lang='grc' dir='ltr'><strong>ἀπηλλάγησαν</strong></span> <span class='ocrx_word' id='word_1_447' title='bbox 2947 2014 3336 2084; x_wconf 81' lang='grc' dir='ltr'><strong>ἐγκλημάτων,</strong></span> <span class='ocrx_word' id='word_1_448' title='bbox 3376 2019 3471 2069; x_wconf 76' lang='grc' dir='ltr'><strong>καὶ</strong></span> <span class='ocrx_word' id='word_1_449' title='bbox 3499 2014 3602 2088; x_wconf 77' lang='grc' dir='ltr'><strong>τὴν</strong></span> 
     </span>
    </p>
   </div>
   <div class='ocr_carea' id='block_1_57' title="bbox 2015 2102 3604 2176">
    <p class='ocr_par' dir='ltr' id='par_1_57' title="bbox 2015 2102 3604 2176">
     <span class='ocr_line' id='line_1_57' title="bbox 2015 2102 3604 2176; baseline 0.004 -22"><span class='ocrx_word' id='word_1_450' title='bbox 2015 2102 2300 2156; x_wconf 85' lang='grc' dir='ltr'><strong>πολιτείαν</strong></span> <span class='ocrx_word' id='word_1_451' title='bbox 2354 2103 2610 2174; x_wconf 83' lang='grc' dir='ltr'><strong>ίσοτέραν</strong></span> <span class='ocrx_word' id='word_1_452' title='bbox 2685 2105 3018 2176; x_wconf 82' lang='grc' dir='ltr'><strong>ποιήσασθαι</strong></span> <span class='ocrx_word' id='word_1_453' title='bbox 3076 2106 3436 2175; x_wconf 73' lang='grc' dir='ltr'><strong>ἐψηφίσαντο.</strong></span> <span class='ocrx_word' id='word_1_454' title='bbox 3487 2109 3604 2162; x_wconf 75' lang='grc' dir='ltr'><strong>Καὶ</strong></span> 
     </span>
    </p>
   </div>
   <div class='ocr_carea' id='block_1_58' title="bbox 2013 2196 3602 2270">
    <p class='ocr_par' dir='ltr' id='par_1_58' title="bbox 2013 2196 3602 2270">
     <span class='ocr_line' id='line_1_58' title="bbox 2013 2196 3602 2270; baseline 0.003 -22"><span class='ocrx_word' id='word_1_455' title='bbox 2013 2199 2170 2266; x_wconf 79' lang='grc' dir='ltr'><strong>τρεῖς</strong></span> <span class='ocrx_word' id='word_1_456' title='bbox 2206 2196 2409 2267; x_wconf 83' lang='grc' dir='ltr'><strong>ἄνδρας</strong></span> <span class='ocrx_word' id='word_1_457' title='bbox 2452 2198 2534 2260; x_wconf 89' lang='grc' dir='ltr'><strong>είς</strong></span> <span class='ocrx_word' id='word_1_458' title='bbox 2563 2196 2663 2268; x_wconf 80' lang='grc' dir='ltr'><strong>τὴν</strong></span> <span class='ocrx_word' id='word_1_459' title='bbox 2712 2197 2940 2252; x_wconf 78' lang='grc' dir='ltr'><strong>Ἐλλάδα</strong></span> <span class='ocrx_word' id='word_1_460' title='bbox 2967 2197 3060 2252; x_wconf 81' lang='grc' dir='ltr'><strong>διὰ</strong></span> <span class='ocrx_word' id='word_1_461' title='bbox 3111 2201 3241 2263; x_wconf 74' lang='grc' dir='ltr'><strong>τοὺς</strong></span> <span class='ocrx_word' id='word_1_462' title='bbox 3269 2203 3470 2270; x_wconf 88' lang='grc' dir='ltr'><strong>νόμους</strong></span> <span class='ocrx_word' id='word_1_463' title='bbox 3503 2204 3602 2254; x_wconf 71' lang='grc' dir='ltr'><strong>καὶ</strong></span> 
     </span>
    </p>
   </div>
   <div class='ocr_carea' id='block_1_59' title="bbox 2009 2287 3600 2363">
    <p class='ocr_par' dir='ltr' id='par_1_59' title="bbox 2009 2287 3600 2363">
     <span class='ocr_line' id='line_1_59' title="bbox 2009 2287 3600 2363; baseline 0.003 -23"><span class='ocrx_word' id='word_1_464' title='bbox 2009 2289 2080 2340; x_wconf 80' lang='grc' dir='ltr'><strong>τὰ</strong></span> <span class='ocrx_word' id='word_1_465' title='bbox 2101 2287 2231 2359; x_wconf 79' lang='grc' dir='ltr'><strong>παρ’</strong></span> <span class='ocrx_word' id='word_1_466' title='bbox 2266 2289 2499 2352; x_wconf 80' lang='grc' dir='ltr'><strong>ἐκείνοις</strong></span> <span class='ocrx_word' id='word_1_467' title='bbox 2534 2289 2630 2361; x_wconf 77' lang='grc' dir='ltr'><strong>ἔθη</strong></span> <span class='ocrx_word' id='word_1_468' title='bbox 2675 2294 2999 2361; x_wconf 83' lang='grc' dir='ltr'><strong>πεπόμφασι</strong></span> <span class='ocrx_word' id='word_1_469' title='bbox 3022 2307 3036 2320; x_wconf 91' lang='grc'><strong>·</strong></span> <span class='ocrx_word' id='word_1_470' title='bbox 3089 2294 3187 2346; x_wconf 75' lang='grc' dir='ltr'><strong>καὶ</strong></span> <span class='ocrx_word' id='word_1_471' title='bbox 3217 2294 3600 2363; x_wconf 82' lang='grc' dir='ltr'><strong>κομισθέντων</strong></span> 
     </span>
    </p>
   </div>
   <div class='ocr_carea' id='block_1_60' title="bbox 2011 2379 3600 2456">
    <p class='ocr_par' dir='ltr' id='par_1_60' title="bbox 2011 2379 3600 2456">
     <span class='ocr_line' id='line_1_60' title="bbox 2011 2379 3600 2456; baseline 0.004 -26"><span class='ocrx_word' id='word_1_472' title='bbox 2011 2379 2215 2443; x_wconf 79' lang='grc' dir='ltr'><strong>αὐτῶν,</strong></span> <span class='ocrx_word' id='word_1_473' title='bbox 2239 2380 2339 2443; x_wconf 84' lang='grc' dir='ltr'><strong>τάς</strong></span> <span class='ocrx_word' id='word_1_474' title='bbox 2379 2397 2439 2432; x_wconf 89' lang='grc' dir='ltr'><strong>τε</strong></span> <span class='ocrx_word' id='word_1_475' title='bbox 2473 2381 2641 2445; x_wconf 77' lang='grc' dir='ltr'><strong>ἄλλας</strong></span> <span class='ocrx_word' id='word_1_476' title='bbox 2668 2381 2845 2452; x_wconf 82' lang='grc' dir='ltr'><strong>ἀρχὰς</strong></span> <span class='ocrx_word' id='word_1_477' title='bbox 2879 2386 2976 2435; x_wconf 69' lang='grc' dir='ltr'><strong>καὶ</strong></span> <span class='ocrx_word' id='word_1_478' title='bbox 3019 2384 3119 2446; x_wconf 74' lang='grc' dir='ltr'><strong>τὰς</strong></span> <span class='ocrx_word' id='word_1_479' title='bbox 3148 2385 3260 2436; x_wconf 85' lang='grc' dir='ltr'><strong>τῶν</strong></span> <span class='ocrx_word' id='word_1_480' title='bbox 3293 2385 3600 2456; x_wconf 83' lang='grc' dir='ltr'><strong>δημάρχων</strong></span> 
     </span>
    </p>
   </div>
   <div class='ocr_carea' id='block_1_61' title="bbox 2011 2469 3601 2546">
    <p class='ocr_par' dir='ltr' id='par_1_61' title="bbox 2011 2469 3601 2546">
     <span class='ocr_line' id='line_1_61' title="bbox 2011 2469 3601 2546; baseline 0.004 -25"><span class='ocrx_word' id='word_1_481' title='bbox 2011 2469 2334 2530; x_wconf 83' lang='grc' dir='ltr'><strong>κατέλυσαν,</strong></span> <span class='ocrx_word' id='word_1_482' title='bbox 2368 2472 2460 2524; x_wconf 74' lang='grc' dir='ltr'><strong>καὶ</strong></span> <span class='ocrx_word' id='word_1_483' title='bbox 2499 2471 2700 2543; x_wconf 83' lang='grc' dir='ltr'><strong>ἀνδρας</strong></span> <span class='ocrx_word' id='word_1_484' title='bbox 2745 2472 2891 2526; x_wconf 85' lang='grc' dir='ltr'><strong>ὀκτὼ</strong></span> <span class='ocrx_word' id='word_1_485' title='bbox 2925 2475 2990 2527; x_wconf 86' lang='grc' dir='ltr'><strong>ἐκ</strong></span> <span class='ocrx_word' id='word_1_486' title='bbox 3033 2474 3142 2527; x_wconf 86' lang='grc' dir='ltr'><strong>τῶν</strong></span> <span class='ocrx_word' id='word_1_487' title='bbox 3193 2474 3428 2546; x_wconf 84' lang='grc' dir='ltr'><strong>πρώτων</strong></span> <span class='ocrx_word' id='word_1_488' title='bbox 3465 2477 3601 2528; x_wconf 78' lang='grc' dir='ltr'><strong>ἀνθο</strong></span> 
     </span>
    </p>
   </div>
   <div class='ocr_carea' id='block_1_62' title="bbox 2009 2559 3598 2624">
    <p class='ocr_par' dir='ltr' id='par_1_62' title="bbox 2009 2559 3598 2624">
     <span class='ocr_line' id='line_1_62' title="bbox 2009 2559 3598 2624; baseline 0.004 -12"><span class='ocrx_word' id='word_1_489' title='bbox 2009 2559 2236 2616; x_wconf 81' lang='grc' dir='ltr'><strong>είλοντο.</strong></span> <span class='ocrx_word' id='word_1_490' title='bbox 2277 2562 2386 2615; x_wconf 73' lang='grc' dir='ltr'><strong>Καὶ</strong></span> <span class='ocrx_word' id='word_1_491' title='bbox 2445 2563 2686 2616; x_wconf 74' lang='grc' dir='ltr'><strong>’Ἄππιον</strong></span> <span class='ocrx_word' id='word_1_492' title='bbox 2719 2562 3010 2624; x_wconf 81' lang='grc' dir='ltr'><strong>Κλαύδιον,</strong></span> <span class='ocrx_word' id='word_1_493' title='bbox 3037 2565 3194 2618; x_wconf 85' lang='grc' dir='ltr'><strong>Τῖτόν</strong></span> <span class='ocrx_word' id='word_1_494' title='bbox 3220 2582 3279 2618; x_wconf 89' lang='grc' dir='ltr'><strong>τε</strong></span> <span class='ocrx_word' id='word_1_495' title='bbox 3308 2565 3598 2618; x_wconf 81' lang='grc' dir='ltr'><strong>Γενούκιον</strong></span> 
     </span>
    </p>
   </div>
   <div class='ocr_carea' id='block_1_63' title="bbox 2009 2653 3598 2729">
    <p class='ocr_par' dir='ltr' id='par_1_63' title="bbox 2009 2653 3598 2729">
     <span class='ocr_line' id='line_1_63' title="bbox 2009 2653 3598 2729; baseline 0.004 -23"><span class='ocrx_word' id='word_1_496' title='bbox 2009 2653 2303 2719; x_wconf 81' lang='grc' dir='ltr'><strong>ἀπέδειξαν</strong></span> <span class='ocrx_word' id='word_1_497' title='bbox 2318 2653 2460 2708; x_wconf 72' lang='grc' dir='ltr'><strong>κατὰ</strong></span> <span class='ocrx_word' id='word_1_498' title='bbox 2489 2655 2581 2708; x_wconf 85' lang='grc' dir='ltr'><strong>τὸν</strong></span> <span class='ocrx_word' id='word_1_499' title='bbox 2611 2657 2857 2710; x_wconf 79' lang='grc' dir='ltr'><strong>ἐνιαυτὸν</strong></span> <span class='ocrx_word' id='word_1_500' title='bbox 2884 2659 3093 2712; x_wconf 83' lang='grc' dir='ltr'><strong>ἐκεῖνον</strong></span> <span class='ocrx_word' id='word_1_501' title='bbox 3131 2661 3469 2729; x_wconf 76' lang='grc' dir='ltr'><strong>στρατηγοὺς</strong></span> <span class='ocrx_word' id='word_1_502' title='bbox 3497 2660 3598 2713; x_wconf 85' lang='grc' dir='ltr'><strong>αύ-</strong></span> 
     </span>
    </p>
   </div>
   <div class='ocr_carea' id='block_1_64' title="bbox 2007 2749 3598 2824">
    <p class='ocr_par' dir='ltr' id='par_1_64' title="bbox 2007 2749 3598 2824">
     <span class='ocr_line' id='line_1_64' title="bbox 2007 2749 3598 2824; baseline 0.004 -24"><span class='ocrx_word' id='word_1_503' title='bbox 2007 2749 2368 2818; x_wconf 84' lang='grc' dir='ltr'><strong>τοκράτορας,</strong></span> <span class='ocrx_word' id='word_1_504' title='bbox 2403 2750 2496 2802; x_wconf 75' lang='grc' dir='ltr'><strong>καὶ</strong></span> <span class='ocrx_word' id='word_1_505' title='bbox 2527 2751 2727 2820; x_wconf 84' lang='grc' dir='ltr'><strong>νόμους</strong></span> <span class='ocrx_word' id='word_1_506' title='bbox 2771 2753 2958 2814; x_wconf 74' lang='grc' dir='ltr'><strong>αὐτοῖς</strong></span> <span class='ocrx_word' id='word_1_507' title='bbox 3002 2754 3318 2822; x_wconf 72' lang='grc' dir='ltr'><strong>συγγράψαι</strong></span> <span class='ocrx_word' id='word_1_508' title='bbox 3361 2754 3598 2824; x_wconf 85' lang='grc' dir='ltr'><strong>ἐπέτρε-</strong></span> 
     </span>
    </p>
   </div>
   <div class='ocr_carea' id='block_1_65' title="bbox 2008 2839 3595 2914">
    <p class='ocr_par' dir='ltr' id='par_1_65' title="bbox 2008 2839 3595 2914">
     <span class='ocr_line' id='line_1_65' title="bbox 2008 2839 3595 2914; baseline 0.004 -22"><span class='ocrx_word' id='word_1_509' title='bbox 2008 2839 2140 2908; x_wconf 70' lang='grc' dir='ltr'><strong>ψαν,</strong></span> <span class='ocrx_word' id='word_1_510' title='bbox 2171 2840 2305 2911; x_wconf 90' lang='grc' dir='ltr'><strong>μηδέ</strong></span> <span class='ocrx_word' id='word_1_511' title='bbox 2345 2839 2478 2910; x_wconf 86' lang='grc' dir='ltr'><strong>μίαν</strong></span> <span class='ocrx_word' id='word_1_512' title='bbox 2513 2857 2574 2893; x_wconf 91' lang='grc' dir='ltr'><strong>τε</strong></span> <span class='ocrx_word' id='word_1_513' title='bbox 2614 2842 2772 2911; x_wconf 85' lang='grc' dir='ltr'><strong>δίκην</strong></span> <span class='ocrx_word' id='word_1_514' title='bbox 2798 2845 3060 2912; x_wconf 74' lang='grc' dir='ltr'><strong>ἐφέσιμον</strong></span> <span class='ocrx_word' id='word_1_515' title='bbox 3086 2845 3182 2898; x_wconf 86' lang='grc' dir='ltr'><strong>ἀπ’</strong></span> <span class='ocrx_word' id='word_1_516' title='bbox 3220 2840 3401 2898; x_wconf 79' lang='grc' dir='ltr'><strong>αὐτῶν</strong></span> <span class='ocrx_word' id='word_1_517' title='bbox 3432 2846 3595 2914; x_wconf 91' lang='grc' dir='ltr'><strong>γενέ-</strong></span> 
     </span>
    </p>
   </div>
   <div class='ocr_carea' id='block_1_66' title="bbox 2009 2931 3596 3008">
    <p class='ocr_par' dir='ltr' id='par_1_66' title="bbox 2009 2931 3596 3008">
     <span class='ocr_line' id='line_1_66' title="bbox 2009 2931 3596 3008; baseline 0.001 -22"><span class='ocrx_word' id='word_1_518' title='bbox 2009 2931 2132 2986; x_wconf 71' lang='grc' dir='ltr'><strong>σθαι</strong></span> <span class='ocrx_word' id='word_1_519' title='bbox 2163 2933 2662 3003; x_wconf 65' lang='grc' dir='ltr'><strong>προσεψηφίσαντο,</strong></span> <span class='ocrx_word' id='word_1_520' title='bbox 2702 2935 2730 2987; x_wconf 76' lang='grc' dir='ltr'><strong>ὃ</strong></span> <span class='ocrx_word' id='word_1_521' title='bbox 2779 2935 2974 3006; x_wconf 82' lang='grc' dir='ltr'><strong>πρώην</strong></span> <span class='ocrx_word' id='word_1_522' title='bbox 3013 2937 3190 2991; x_wconf 74' lang='grc' dir='ltr'><strong>οὐδενὶ</strong></span> <span class='ocrx_word' id='word_1_523' title='bbox 3238 2938 3345 2990; x_wconf 82' lang='grc' dir='ltr'><strong>τῶν</strong></span> <span class='ocrx_word' id='word_1_524' title='bbox 3391 2937 3596 3008; x_wconf 82' lang='grc' dir='ltr'><strong>ἀρχόν-</strong></span> 
     </span>
    </p>
   </div>
   <div class='ocr_carea' id='block_1_67' title="bbox 2005 3023 3592 3100">
    <p class='ocr_par' dir='ltr' id='par_1_67' title="bbox 2005 3023 3592 3100">
     <span class='ocr_line' id='line_1_67' title="bbox 2005 3023 3592 3100; baseline 0.004 -24"><span class='ocrx_word' id='word_1_525' title='bbox 2005 3041 2116 3077; x_wconf 87' lang='grc' dir='ltr'><strong>των</strong></span> <span class='ocrx_word' id='word_1_526' title='bbox 2170 3025 2311 3096; x_wconf 81' lang='grc' dir='ltr'><strong>πλὴν</strong></span> <span class='ocrx_word' id='word_1_527' title='bbox 2365 3026 2476 3078; x_wconf 83' lang='grc' dir='ltr'><strong>τῶν</strong></span> <span class='ocrx_word' id='word_1_528' title='bbox 2542 3026 2880 3097; x_wconf 82' lang='grc' dir='ltr'><strong>δικτατόρων</strong></span> <span class='ocrx_word' id='word_1_529' title='bbox 2946 3029 3176 3082; x_wconf 76' lang='grc' dir='ltr'><strong>ἐδέδοτο.</strong></span> <span class='ocrx_word' id='word_1_530' title='bbox 3238 3023 3457 3100; x_wconf 81' lang='grc' dir='ltr'><strong>Ἦρξάν</strong></span> <span class='ocrx_word' id='word_1_531' title='bbox 3528 3046 3592 3084; x_wconf 82' lang='grc' dir='ltr'><strong>τε</strong></span> 
     </span>
    </p>
   </div>
   <div class='ocr_carea' id='block_1_68' title="bbox 2011 3210 3588 3284">
    <p class='ocr_par' dir='ltr' id='par_1_68' title="bbox 2011 3210 3588 3284">
     <span class='ocr_line' id='line_1_68' title="bbox 2011 3210 3588 3284; baseline 0.004 -23"><span class='ocrx_word' id='word_1_532' title='bbox 2011 3210 2208 3279; x_wconf 89' lang='grc' dir='ltr'><strong>μονίας</strong></span> <span class='ocrx_word' id='word_1_533' title='bbox 2266 3211 2681 3280; x_wconf 77' lang='grc' dir='ltr'><strong>λαμϐάνοντες’</strong></span> <span class='ocrx_word' id='word_1_534' title='bbox 2735 3213 2830 3266; x_wconf 76' lang='grc' dir='ltr'><strong>καὶ</strong></span> <span class='ocrx_word' id='word_1_535' title='bbox 2874 3214 3076 3284; x_wconf 90' lang='grc' dir='ltr'><strong>νόμους</strong></span> <span class='ocrx_word' id='word_1_536' title='bbox 3123 3215 3588 3284; x_wconf 74' lang='grc' dir='ltr'><strong>συγγράψαντες,</strong></span> 
     </span>
    </p>
   </div>
   <div class='ocr_carea' id='block_1_69' title="bbox 2005 3302 3591 3378">
    <p class='ocr_par' dir='ltr' id='par_1_69' title="bbox 2005 3302 3591 3378">
     <span class='ocr_line' id='line_1_69' title="bbox 2005 3302 3591 3378; baseline 0.004 -25"><span class='ocrx_word' id='word_1_537' title='bbox 2005 3303 2084 3364; x_wconf 88' lang='grc' dir='ltr'><strong>είς</strong></span> <span class='ocrx_word' id='word_1_538' title='bbox 2113 3302 2214 3373; x_wconf 77' lang='grc' dir='ltr'><strong>τὴν</strong></span> <span class='ocrx_word' id='word_1_539' title='bbox 2239 3304 2446 3370; x_wconf 78' lang='grc' dir='ltr'><strong>ἀγορὰν</strong></span> <span class='ocrx_word' id='word_1_540' title='bbox 2478 3303 2766 3375; x_wconf 75' lang='grc' dir='ltr'><strong>ἐξέθηκαν,</strong></span> <span class='ocrx_word' id='word_1_541' title='bbox 2793 3306 2867 3368; x_wconf 83' lang='grc' dir='ltr'><strong>οἳ,</strong></span> <span class='ocrx_word' id='word_1_542' title='bbox 2900 3305 3026 3358; x_wconf 78' lang='grc' dir='ltr'><strong>ἐπεὶ</strong></span> <span class='ocrx_word' id='word_1_543' title='bbox 3057 3308 3226 3360; x_wconf 84' lang='grc' dir='ltr'><strong>πᾶσιν</strong></span> <span class='ocrx_word' id='word_1_544' title='bbox 3264 3307 3493 3378; x_wconf 76' lang='grc' dir='ltr'><strong>ἤρεσαν,</strong></span> <span class='ocrx_word' id='word_1_545' title='bbox 3533 3309 3591 3370; x_wconf 79' lang='grc' dir='ltr'><strong>ές</strong></span> 
     </span>
    </p>
   </div>
   <div class='ocr_carea' id='block_1_70' title="bbox 2003 3391 3589 3466">
    <p class='ocr_par' dir='ltr' id='par_1_70' title="bbox 2003 3391 3589 3466">
     <span class='ocr_line' id='line_1_70' title="bbox 2003 3391 3589 3466; baseline 0.005 -24"><span class='ocrx_word' id='word_1_546' title='bbox 2003 3393 2095 3443; x_wconf 63' lang='grc' dir='ltr'><strong>τὸν</strong></span> <span class='ocrx_word' id='word_1_547' title='bbox 2133 3391 2308 3462; x_wconf 83' lang='grc' dir='ltr'><strong>δῆμον</strong></span> <span class='ocrx_word' id='word_1_548' title='bbox 2335 3393 2679 3464; x_wconf 89' lang='grc' dir='ltr'><strong>είσήχθησαν</strong></span> <span class='ocrx_word' id='word_1_549' title='bbox 2707 3434 2722 3458; x_wconf 89' lang='grc'><strong>,</strong></span> <span class='ocrx_word' id='word_1_550' title='bbox 2768 3395 2864 3448; x_wconf 80' lang='grc' dir='ltr'><strong>καὶ</strong></span> <span class='ocrx_word' id='word_1_551' title='bbox 2921 3397 3268 3466; x_wconf 84' lang='grc' dir='ltr'><strong>κυρωθέντες</strong></span> <span class='ocrx_word' id='word_1_552' title='bbox 3294 3439 3308 3461; x_wconf 87' lang='grc'><strong>,</strong></span> <span class='ocrx_word' id='word_1_553' title='bbox 3373 3399 3589 3450; x_wconf 89' lang='grc' dir='ltr'><strong>σανίσιν</strong></span> 
     </span>
    </p>
   </div>
   <div class='ocr_carea' id='block_1_71' title="bbox 2007 3482 3590 3557">
    <p class='ocr_par' dir='ltr' id='par_1_71' title="bbox 2007 3482 3590 3557">
     <span class='ocr_line' id='line_1_71' title="bbox 2007 3482 3590 3557; baseline 0.005 -25"><span class='ocrx_word' id='word_1_554' title='bbox 2007 3482 2394 3552; x_wconf 73' lang='grc' dir='ltr'><strong>ἐνεγράφησαν</strong></span> <span class='ocrx_word' id='word_1_555' title='bbox 2445 3484 2599 3538; x_wconf 73' lang='grc' dir='ltr'><strong>δέκαο</strong></span> <span class='ocrx_word' id='word_1_556' title='bbox 2633 3488 2734 3538; x_wconf 80' lang='grc' dir='ltr'><strong>ὅσα</strong></span> <span class='ocrx_word' id='word_1_557' title='bbox 2793 3485 2903 3557; x_wconf 82' lang='grc' dir='ltr'><strong>γὰρ</strong></span> <span class='ocrx_word' id='word_1_558' title='bbox 2961 3487 3214 3557; x_wconf 80' lang='grc' dir='ltr'><strong>φυλακῆς</strong></span> <span class='ocrx_word' id='word_1_559' title='bbox 3284 3488 3590 3557; x_wconf 81' lang='grc' dir='ltr'><strong>ἐκρίθησαν</strong></span> 
     </span>
    </p>
   </div>
   <div class='ocr_carea' id='block_1_72' title="bbox 2003 3572 3586 3648">
    <p class='ocr_par' dir='ltr' id='par_1_72' title="bbox 2003 3572 3586 3648">
     <span class='ocr_line' id='line_1_72' title="bbox 2003 3572 3586 3648; baseline 0.004 -23"><span class='ocrx_word' id='word_1_560' title='bbox 2003 3572 2151 3638; x_wconf 67' lang='grc' dir='ltr'><strong>ἄξια,</strong></span> <span class='ocrx_word' id='word_1_561' title='bbox 2183 3573 2242 3625; x_wconf 81' lang='grc' dir='ltr'><strong>ἐν</strong></span> <span class='ocrx_word' id='word_1_562' title='bbox 2278 3574 2540 3635; x_wconf 85' lang='grc' dir='ltr'><strong>σανιδίοις</strong></span> <span class='ocrx_word' id='word_1_563' title='bbox 2577 3575 3030 3648; x_wconf 76' lang='grc' dir='ltr'><strong>ἐθησαυρίζοντο.</strong></span> <span class='ocrx_word' id='word_1_564' title='bbox 3077 3580 3310 3632; x_wconf 80' lang='grc' dir='ltr'><strong>Ἐκεῖνοι</strong></span> <span class='ocrx_word' id='word_1_565' title='bbox 3341 3581 3440 3648; x_wconf 79' lang='grc' dir='ltr'><strong>μὲν</strong></span> <span class='ocrx_word' id='word_1_566' title='bbox 3467 3580 3586 3647; x_wconf 78' lang='grc' dir='ltr'><strong>οὖν,</strong></span> 
     </span>
    </p>
   </div>
   <div class='ocr_carea' id='block_1_73' title="bbox 2005 3665 3587 3742">
    <p class='ocr_par' dir='ltr' id='par_1_73' title="bbox 2005 3665 3587 3742">
     <span class='ocr_line' id='line_1_73' title="bbox 2005 3665 3587 3742; baseline 0.006 -26"><span class='ocrx_word' id='word_1_567' title='bbox 2005 3665 2099 3716; x_wconf 77' lang='grc' dir='ltr'><strong>τὸν</strong></span> <span class='ocrx_word' id='word_1_568' title='bbox 2140 3666 2392 3718; x_wconf 81' lang='grc' dir='ltr'><strong>ἐνιαυτὸν</strong></span> <span class='ocrx_word' id='word_1_569' title='bbox 2415 3665 2735 3732; x_wconf 81' lang='grc' dir='ltr'><strong>ἀνύσαντες,</strong></span> <span class='ocrx_word' id='word_1_570' title='bbox 2759 3670 2978 3738; x_wconf 74' lang='grc' dir='ltr'><strong>ἀφῆκαν</strong></span> <span class='ocrx_word' id='word_1_571' title='bbox 2996 3668 3096 3742; x_wconf 72' lang='grc' dir='ltr'><strong>τὴν</strong></span> <span class='ocrx_word' id='word_1_572' title='bbox 3125 3671 3324 3741; x_wconf 82' lang='grc' dir='ltr'><strong>ἀρχήν.</strong></span> <span class='ocrx_word' id='word_1_573' title='bbox 3365 3672 3587 3741; x_wconf 61' lang='lat' dir='ltr'><strong>&quot;Ere-pas</strong></span> 
     </span>
    </p>
   </div>
   <div class='ocr_carea' id='block_1_74' title="bbox 2001 3757 3587 3836">
    <p class='ocr_par' dir='ltr' id='par_1_74' title="bbox 2001 3757 3587 3836">
     <span class='ocr_line' id='line_1_74' title="bbox 2001 3757 3587 3836; baseline 0.005 -26"><span class='ocrx_word' id='word_1_574' title='bbox 2001 3757 2047 3810; x_wconf 79' lang='grc' dir='ltr'><strong>δ’</strong></span> <span class='ocrx_word' id='word_1_575' title='bbox 2103 3757 2259 3821; x_wconf 80' lang='grc' dir='ltr'><strong>αὖθις</strong></span> <span class='ocrx_word' id='word_1_576' title='bbox 2324 3760 2640 3830; x_wconf 75' lang='grc' dir='ltr'><strong>αἱρεθέντες</strong></span> <span class='ocrx_word' id='word_1_577' title='bbox 2694 3762 2848 3825; x_wconf 76' lang='grc' dir='ltr'><strong>δέκα,</strong></span> <span class='ocrx_word' id='word_1_578' title='bbox 2891 3763 3082 3836; x_wconf 83' lang='grc' dir='ltr'><strong>ὥσπερ</strong></span> <span class='ocrx_word' id='word_1_579' title='bbox 3146 3766 3239 3817; x_wconf 77' lang='grc' dir='ltr'><strong>ἐπὶ</strong></span> <span class='ocrx_word' id='word_1_580' title='bbox 3283 3765 3587 3818; x_wconf 76' lang='grc' dir='ltr'><strong>καταλύσει</strong></span> 
     </span>
    </p>
   </div>
   <div class='ocr_carea' id='block_1_75' title="bbox 2001 3850 3588 3924">
    <p class='ocr_par' dir='ltr' id='par_1_75' title="bbox 2001 3850 3588 3924">
     <span class='ocr_line' id='line_1_75' title="bbox 2001 3850 3588 3924; baseline 0.006 -23"><span class='ocrx_word' id='word_1_581' title='bbox 2001 3850 2101 3919; x_wconf 83' lang='grc' dir='ltr'><strong>τῆς</strong></span> <span class='ocrx_word' id='word_1_582' title='bbox 2161 3851 2438 3913; x_wconf 76' lang='grc' dir='ltr'><strong>πολιτείας</strong></span> <span class='ocrx_word' id='word_1_583' title='bbox 2490 3855 2962 3924; x_wconf 86' lang='grc' dir='ltr'><strong>χειροτονηθέντες</strong></span> <span class='ocrx_word' id='word_1_584' title='bbox 3013 3856 3338 3922; x_wconf 81' lang='grc' dir='ltr'><strong>ἐξίοκειλαν.</strong></span> <span class='ocrx_word' id='word_1_585' title='bbox 3373 3859 3588 3922; x_wconf 81' lang='grc' dir='ltr'><strong>Πάντες</strong></span> 
     </span>
    </p>
   </div>
   <div class='ocr_carea' id='block_1_76' title="bbox 2001 3941 3586 4016">
    <p class='ocr_par' dir='ltr' id='par_1_76' title="bbox 2001 3941 3586 4016">
     <span class='ocr_line' id='line_1_76' title="bbox 2001 3941 3586 4016; baseline 0.004 -23"><span class='ocrx_word' id='word_1_586' title='bbox 2001 3941 2110 4011; x_wconf 82' lang='grc' dir='ltr'><strong>γὰρ</strong></span> <span class='ocrx_word' id='word_1_587' title='bbox 2145 3941 2264 4011; x_wconf 76' lang='grc' dir='ltr'><strong>ἅμα</strong></span> <span class='ocrx_word' id='word_1_588' title='bbox 2299 3942 2408 3996; x_wconf 78' lang='grc' dir='ltr'><strong>ἀπὸ</strong></span> <span class='ocrx_word' id='word_1_589' title='bbox 2457 3943 2560 4012; x_wconf 83' lang='grc' dir='ltr'><strong>τῆς</strong></span> <span class='ocrx_word' id='word_1_590' title='bbox 2615 3945 2734 4015; x_wconf 82' lang='grc' dir='ltr'><strong>ῐσης</strong></span> <span class='ocrx_word' id='word_1_591' title='bbox 2764 3942 2957 4016; x_wconf 84' lang='grc' dir='ltr'><strong>ἦρχον,</strong></span> <span class='ocrx_word' id='word_1_592' title='bbox 3010 3949 3107 3998; x_wconf 76' lang='grc' dir='ltr'><strong>καὶ</strong></span> <span class='ocrx_word' id='word_1_593' title='bbox 3157 3949 3481 4010; x_wconf 58' lang='grc' dir='ltr'><strong>νεανίσκους</strong></span> <span class='ocrx_word' id='word_1_594' title='bbox 3520 3951 3586 4000; x_wconf 76' lang='grc' dir='ltr'><strong>ἐκ</strong></span> 
     </span>
    </p>
   </div>
   <div class='ocr_carea' id='block_1_77' title="bbox 2000 4033 3584 4107">
    <p class='ocr_par' dir='ltr' id='par_1_77' title="bbox 2000 4033 3584 4107">
     <span class='ocr_line' id='line_1_77' title="bbox 2000 4033 3584 4107; baseline 0.005 -23"><span class='ocrx_word' id='word_1_595' title='bbox 2000 4033 2109 4084; x_wconf 81' lang='grc' dir='ltr'><strong>τῶν</strong></span> <span class='ocrx_word' id='word_1_596' title='bbox 2171 4033 2515 4104; x_wconf 83' lang='grc' dir='ltr'><strong>εὐπατριδῶν</strong></span> <span class='ocrx_word' id='word_1_597' title='bbox 2557 4035 2932 4104; x_wconf 84' lang='grc' dir='ltr'><strong>θρασυτάτους</strong></span> <span class='ocrx_word' id='word_1_598' title='bbox 2962 4037 3348 4107; x_wconf 82' lang='grc' dir='ltr'><strong>ἐκλεξάμενοι,</strong></span> <span class='ocrx_word' id='word_1_599' title='bbox 3407 4039 3584 4093; x_wconf 78' lang='grc' dir='ltr'><strong>πολλὰ</strong></span> 
     </span>
    </p>
   </div>
   <div class='ocr_carea' id='block_1_78' title="bbox 2000 4124 3581 4199">
    <p class='ocr_par' dir='ltr' id='par_1_78' title="bbox 2000 4124 3581 4199">
     <span class='ocr_line' id='line_1_78' title="bbox 2000 4124 3581 4199; baseline 0.005 -23"><span class='ocrx_word' id='word_1_600' title='bbox 2000 4124 2072 4177; x_wconf 81' lang='grc' dir='ltr'><strong>δι’</strong></span> <span class='ocrx_word' id='word_1_601' title='bbox 2108 4125 2286 4178; x_wconf 77' lang='grc' dir='ltr'><strong>αὐτῶν</strong></span> <span class='ocrx_word' id='word_1_602' title='bbox 2345 4127 2588 4192; x_wconf 83' lang='grc' dir='ltr'><strong>ἐποίουν,</strong></span> <span class='ocrx_word' id='word_1_603' title='bbox 2641 4129 2738 4181; x_wconf 78' lang='grc' dir='ltr'><strong>καὶ</strong></span> <span class='ocrx_word' id='word_1_604' title='bbox 2786 4127 2961 4199; x_wconf 85' lang='grc' dir='ltr'><strong>βίαια.</strong></span> <span class='ocrx_word' id='word_1_605' title='bbox 3010 4131 3138 4198; x_wconf 76' lang='grc' dir='ltr'><strong>’0ψέ</strong></span> <span class='ocrx_word' id='word_1_606' title='bbox 3195 4131 3252 4184; x_wconf 86' lang='grc' dir='ltr'><strong>δέ</strong></span> <span class='ocrx_word' id='word_1_607' title='bbox 3303 4149 3434 4184; x_wconf 84' lang='grc' dir='ltr'><strong>ποτε</strong></span> <span class='ocrx_word' id='word_1_608' title='bbox 3493 4132 3581 4186; x_wconf 77' lang='grc' dir='ltr'><strong>ἐπ’</strong></span> 
     </span>
    </p>
   </div>
   <div class='ocr_carea' id='block_1_79' title="bbox 2000 4217 3585 4295">
    <p class='ocr_par' dir='ltr' id='par_1_79' title="bbox 2000 4217 3585 4295">
     <span class='ocr_line' id='line_1_79' title="bbox 2000 4217 3585 4295; baseline 0.006 -27"><span class='ocrx_word' id='word_1_609' title='bbox 2000 4217 2184 4288; x_wconf 82' lang='grc' dir='ltr'><strong>ἐξόδῳ,</strong></span> <span class='ocrx_word' id='word_1_610' title='bbox 2210 4217 2305 4270; x_wconf 76' lang='grc' dir='ltr'><strong>τοῦ</strong></span> <span class='ocrx_word' id='word_1_611' title='bbox 2329 4217 2484 4282; x_wconf 81' lang='grc' dir='ltr'><strong>έτους</strong></span> <span class='ocrx_word' id='word_1_612' title='bbox 2531 4219 2692 4288; x_wconf 86' lang='grc' dir='ltr'><strong>ὀλίγα</strong></span> <span class='ocrx_word' id='word_1_613' title='bbox 2719 4222 2864 4276; x_wconf 84' lang='grc' dir='ltr'><strong>ἄττα</strong></span> <span class='ocrx_word' id='word_1_614' title='bbox 2897 4224 2955 4274; x_wconf 86' lang='grc' dir='ltr'><strong>ἐν</strong></span> <span class='ocrx_word' id='word_1_615' title='bbox 2993 4221 3104 4276; x_wconf 85' lang='grc' dir='ltr'><strong>δύω</strong></span> <span class='ocrx_word' id='word_1_616' title='bbox 3153 4224 3338 4276; x_wconf 88' lang='grc' dir='ltr'><strong>σανίσι</strong></span> <span class='ocrx_word' id='word_1_617' title='bbox 3411 4241 3585 4295; x_wconf 76' lang='grc' dir='ltr'><strong>προσ-</strong></span> 
     </span>
    </p>
   </div>
   <div class='ocr_carea' id='block_1_80' title="bbox 2000 4310 3583 4386">
    <p class='ocr_par' dir='ltr' id='par_1_80' title="bbox 2000 4310 3583 4386">
     <span class='ocr_line' id='line_1_80' title="bbox 2000 4310 3583 4386; baseline 0.004 -24"><span class='ocrx_word' id='word_1_618' title='bbox 2000 4310 2274 4381; x_wconf 81' lang='grc' dir='ltr'><strong>έγραψαν,</strong></span> <span class='ocrx_word' id='word_1_619' title='bbox 2305 4313 2364 4374; x_wconf 85' lang='grc' dir='ltr'><strong>ἐς</strong></span> <span class='ocrx_word' id='word_1_620' title='bbox 2397 4314 2579 4366; x_wconf 83' lang='grc' dir='ltr'><strong>πάντα</strong></span> <span class='ocrx_word' id='word_1_621' title='bbox 2634 4314 2691 4367; x_wconf 82' lang='grc' dir='ltr'><strong>δὲ</strong></span> <span class='ocrx_word' id='word_1_622' title='bbox 2722 4315 3338 4385; x_wconf 80' lang='grc' dir='ltr'><strong>αὐτογνωμονήσαντες,</strong></span> <span class='ocrx_word' id='word_1_623' title='bbox 3381 4319 3476 4386; x_wconf 82' lang='grc' dir='ltr'><strong>ἀφ’</strong></span> <span class='ocrx_word' id='word_1_624' title='bbox 3504 4312 3583 4371; x_wconf 82' lang='grc' dir='ltr'><strong>ὧν</strong></span> 
     </span>
    </p>
   </div>
   <div class='ocr_carea' id='block_1_81' title="bbox 1999 4402 3581 4478">
    <p class='ocr_par' dir='ltr' id='par_1_81' title="bbox 1999 4402 3581 4478">
     <span class='ocr_line' id='line_1_81' title="bbox 1999 4402 3581 4478; baseline 0.006 -25"><span class='ocrx_word' id='word_1_625' title='bbox 1999 4402 2097 4472; x_wconf 81' lang='grc' dir='ltr'><strong>οὐχ</strong></span> <span class='ocrx_word' id='word_1_626' title='bbox 2126 4402 2370 4472; x_wconf 76' lang='grc' dir='ltr'><strong>ὁμόνοια,</strong></span> <span class='ocrx_word' id='word_1_627' title='bbox 2419 4403 2558 4456; x_wconf 83' lang='grc' dir='ltr'><strong>ἀλλά</strong></span> <span class='ocrx_word' id='word_1_628' title='bbox 2583 4405 2677 4458; x_wconf 81' lang='grc' dir='ltr'><strong>καὶ</strong></span> <span class='ocrx_word' id='word_1_629' title='bbox 2711 4405 2966 4477; x_wconf 78' lang='grc' dir='ltr'><strong>διαφοραὶ</strong></span> <span class='ocrx_word' id='word_1_630' title='bbox 3003 4408 3223 4476; x_wconf 79' lang='grc' dir='ltr'><strong>μείζους</strong></span> <span class='ocrx_word' id='word_1_631' title='bbox 3285 4409 3581 4478; x_wconf 84' lang='grc' dir='ltr'><strong>Ῥωμαίοις</strong></span> 
     </span>
    </p>
   </div>
   <div class='ocr_carea' id='block_1_82' title="bbox 316 4481 1897 4569">
    <p class='ocr_par' dir='ltr' id='par_1_82' title="bbox 316 4500 1891 4569">
     <span class='ocr_line' id='line_1_82' title="bbox 316 4500 1891 4569; baseline 0.003 -20"><span class='ocrx_word' id='word_1_632' title='bbox 316 4511 530 4566; x_wconf 84' lang='lat' dir='ltr'><strong>pressa,</strong></span> <span class='ocrx_word' id='word_1_633' title='bbox 563 4514 742 4568; x_wconf 89' lang='lat' dir='ltr'><strong>neque</strong></span> <span class='ocrx_word' id='word_1_634' title='bbox 782 4509 973 4553; x_wconf 90' lang='lat' dir='ltr'><strong>senatu</strong></span> <span class='ocrx_word' id='word_1_635' title='bbox 1009 4514 1186 4568; x_wconf 88' lang='lat' dir='ltr'><strong>neque</strong></span> <span class='ocrx_word' id='word_1_636' title='bbox 1227 4500 1430 4569; x_wconf 83' lang='lat' dir='ltr'><strong>pepulo</strong></span> <span class='ocrx_word' id='word_1_637' title='bbox 1467 4510 1789 4565; x_wconf 86' lang='lat' dir='ltr'><strong>convocato,</strong></span> <span class='ocrx_word' id='word_1_638' title='bbox 1823 4515 1891 4554; x_wconf 91' lang='lat' dir='ltr'><strong>ne</strong></span> 
     </span>
    </p>
   </div>
   <div class='ocr_carea' id='block_1_83' title="bbox 2001 4481 3580 4569">
    <p class='ocr_par' dir='ltr' id='par_1_83' title="bbox 2001 4495 3580 4568">
     <span class='ocr_line' id='line_1_83' title="bbox 2001 4495 3580 4568; baseline 0.006 -23"><span class='ocrx_word' id='word_1_639' title='bbox 2001 4495 2327 4563; x_wconf 82' lang='grc' dir='ltr'><strong>γενήσεσθαι</strong></span> <span class='ocrx_word' id='word_1_640' title='bbox 2368 4495 2616 4566; x_wconf 76' lang='grc' dir='ltr'><strong>ἔμελλον.</strong></span> <span class='ocrx_word' id='word_1_641' title='bbox 2644 4499 2708 4549; x_wconf 80' lang='grc' dir='ltr'><strong>Αἰ</strong></span> <span class='ocrx_word' id='word_1_642' title='bbox 2755 4499 2856 4566; x_wconf 80' lang='grc' dir='ltr'><strong>μὲν</strong></span> <span class='ocrx_word' id='word_1_643' title='bbox 2883 4498 2978 4552; x_wconf 79' lang='grc' dir='ltr'><strong>οὖν</strong></span> <span class='ocrx_word' id='word_1_644' title='bbox 3025 4501 3323 4568; x_wconf 87' lang='grc' dir='ltr'><strong>λεγόμεναι</strong></span> <span class='ocrx_word' id='word_1_645' title='bbox 3352 4501 3580 4555; x_wconf 81' lang='grc' dir='ltr'><strong>Δώδεκα</strong></span> 
     </span>
    </p>
   </div>
   <div class='ocr_carea' id='block_1_84' title="bbox 315 4591 1892 4660">
    <p class='ocr_par' dir='ltr' id='par_1_84' title="bbox 315 4591 1892 4660">
     <span class='ocr_line' id='line_1_84' title="bbox 315 4591 1892 4660; baseline -0.001 -15"><span class='ocrx_word' id='word_1_646' title='bbox 315 4603 670 4645; x_wconf 84' lang='lat' dir='ltr'><strong>successores</strong></span> <span class='ocrx_word' id='word_1_647' title='bbox 726 4591 830 4644; x_wconf 88' lang='lat' dir='ltr'><strong>sibi</strong></span> <span class='ocrx_word' id='word_1_648' title='bbox 876 4591 1164 4646; x_wconf 89' lang='lat' dir='ltr'><strong>darentur.</strong></span> <span class='ocrx_word' id='word_1_649' title='bbox 1215 4592 1351 4646; x_wconf 89' lang='lat' dir='ltr'><strong>Cum</strong></span> <span class='ocrx_word' id='word_1_650' title='bbox 1394 4604 1577 4647; x_wconf 89' lang='lat' dir='ltr'><strong>autem</strong></span> <span class='ocrx_word' id='word_1_651' title='bbox 1624 4592 1789 4660; x_wconf 64' lang='lat' dir='ltr'><strong>JE-pti</strong></span> <span class='ocrx_word' id='word_1_652' title='bbox 1827 4594 1892 4659; x_wconf 73' lang='lat' dir='ltr'><strong>fet</strong></span> 
     </span>
    </p>
   </div>
   <div class='ocr_carea' id='block_1_85' title="bbox 314 4677 1892 4752">
    <p class='ocr_par' dir='ltr' id='par_1_85' title="bbox 314 4677 1892 4752">
     <span class='ocr_line' id='line_1_85' title="bbox 314 4677 1892 4752; baseline 0.003 -19"><span class='ocrx_word' id='word_1_653' title='bbox 314 4677 504 4733; x_wconf 90' lang='lat' dir='ltr'><strong>Sabini</strong></span> <span class='ocrx_word' id='word_1_654' title='bbox 577 4679 839 4736; x_wconf 77' lang='lat' dir='ltr'><strong>Romanis</strong></span> <span class='ocrx_word' id='word_1_655' title='bbox 897 4697 1050 4734; x_wconf 89' lang='lat' dir='ltr'><strong>arma</strong></span> <span class='ocrx_word' id='word_1_656' title='bbox 1115 4681 1424 4745; x_wconf 75' lang='lat' dir='ltr'><strong>inferrent,</strong></span> <span class='ocrx_word' id='word_1_657' title='bbox 1496 4699 1598 4752; x_wconf 90' lang='lat' dir='ltr'><strong>per</strong></span> <span class='ocrx_word' id='word_1_658' title='bbox 1663 4683 1892 4738; x_wconf 90' lang='lat' dir='ltr'><strong>idoneos</strong></span> 
     </span>
    </p>
   </div>
   <div class='ocr_carea' id='block_1_86' title="bbox 313 4768 1890 4837">
    <p class='ocr_par' dir='ltr' id='par_1_86' title="bbox 313 4768 1890 4837">
     <span class='ocr_line' id='line_1_86' title="bbox 313 4768 1890 4837; baseline 0.004 -15"><span class='ocrx_word' id='word_1_659' title='bbox 313 4769 573 4823; x_wconf 82' lang='lat' dir='ltr'><strong>homines</strong></span> <span class='ocrx_word' id='word_1_660' title='bbox 626 4768 974 4837; x_wconf 72' lang='lat' dir='ltr'><strong>cﬂ’eccrunt,</strong></span> <span class='ocrx_word' id='word_1_661' title='bbox 1023 4781 1085 4826; x_wconf 87' lang='lat' dir='ltr'><strong>ut</strong></span> <span class='ocrx_word' id='word_1_662' title='bbox 1144 4773 1249 4828; x_wconf 80' lang='lat' dir='ltr'><strong>sibi</strong></span> <span class='ocrx_word' id='word_1_663' title='bbox 1303 4773 1431 4828; x_wconf 83' lang='lat' dir='ltr'><strong>belli</strong></span> <span class='ocrx_word' id='word_1_664' title='bbox 1487 4774 1890 4829; x_wconf 83' lang='lat' dir='ltr'><strong>administratio</strong></span> 
     </span>
    </p>
   </div>
   <div class='ocr_carea' id='block_1_87' title="bbox 312 4860 1892 4935">
    <p class='ocr_par' dir='ltr' id='par_1_87' title="bbox 312 4860 1892 4935">
     <span class='ocr_line' id='line_1_87' title="bbox 312 4860 1892 4935; baseline -0.001 -18"><span class='ocrx_word' id='word_1_665' title='bbox 312 4863 690 4919; x_wconf 86' lang='lat' dir='ltr'><strong>mandaretur.</strong></span> <span class='ocrx_word' id='word_1_666' title='bbox 749 4860 936 4934; x_wconf 86' lang='lat' dir='ltr'><strong>Itaque</strong></span> <span class='ocrx_word' id='word_1_667' title='bbox 989 4881 1055 4919; x_wconf 84' lang='lat' dir='ltr'><strong>ex</strong></span> <span class='ocrx_word' id='word_1_668' title='bbox 1121 4866 1450 4920; x_wconf 83' lang='lat' dir='ltr'><strong>decemviris</strong></span> <span class='ocrx_word' id='word_1_669' title='bbox 1504 4865 1728 4921; x_wconf 82' lang='lat' dir='ltr'><strong>Servius</strong></span> <span class='ocrx_word' id='word_1_670' title='bbox 1783 4865 1892 4935; x_wconf 89' lang='lat' dir='ltr'><strong>0p-</strong></span> 
     </span>
    </p>
   </div>
   <div class='ocr_carea' id='block_1_88' title="bbox 311 4952 1884 5026">
    <p class='ocr_par' dir='ltr' id='par_1_88' title="bbox 311 4952 1884 5026">
     <span class='ocr_line' id='line_1_88' title="bbox 311 4952 1884 5026; baseline 0.003 -22"><span class='ocrx_word' id='word_1_671' title='bbox 311 4952 436 5022; x_wconf 88' lang='lat' dir='ltr'><strong>pius</strong></span> <span class='ocrx_word' id='word_1_672' title='bbox 483 4961 539 5006; x_wconf 88' lang='lat' dir='ltr'><strong>et</strong></span> <span class='ocrx_word' id='word_1_673' title='bbox 591 4953 800 5022; x_wconf 80' lang='lat' dir='ltr'><strong>Appius</strong></span> <span class='ocrx_word' id='word_1_674' title='bbox 839 4954 1102 5010; x_wconf 76' lang='lat' dir='ltr'><strong>Claudius</strong></span> <span class='ocrx_word' id='word_1_675' title='bbox 1150 4971 1308 5010; x_wconf 91' lang='lat' dir='ltr'><strong>suum</strong></span> <span class='ocrx_word' id='word_1_676' title='bbox 1351 4957 1648 5026; x_wconf 85' lang='lat' dir='ltr'><strong>pristinum</strong></span> <span class='ocrx_word' id='word_1_677' title='bbox 1704 4956 1884 5010; x_wconf 88' lang='lat' dir='ltr'><strong>locum</strong></span> 
     </span>
    </p>
   </div>
   <div class='ocr_carea' id='block_1_89' title="bbox 309 5045 1889 5105">
    <p class='ocr_par' dir='ltr' id='par_1_89' title="bbox 309 5045 1889 5105">
     <span class='ocr_line' id='line_1_89' title="bbox 309 5045 1889 5105; baseline 0.004 -6"><span class='ocrx_word' id='word_1_678' title='bbox 309 5045 662 5102; x_wconf 88' lang='lat' dir='ltr'><strong>retinuerunt</strong></span> <span class='ocrx_word' id='word_1_679' title='bbox 733 5063 746 5099; x_wconf 75' lang='grc' dir='ltr'>ε</span> <span class='ocrx_word' id='word_1_680' title='bbox 813 5047 992 5101; x_wconf 69' lang='lat' dir='ltr'><strong>caeteri</strong></span> <span class='ocrx_word' id='word_1_681' title='bbox 1067 5059 1192 5102; x_wconf 90' lang='lat' dir='ltr'><strong>octo</strong></span> <span class='ocrx_word' id='word_1_682' title='bbox 1258 5059 1448 5103; x_wconf 85' lang='lat' dir='ltr'><strong>contra</strong></span> <span class='ocrx_word' id='word_1_683' title='bbox 1518 5050 1704 5103; x_wconf 83' lang='lat' dir='ltr'><strong>hostes</strong></span> <span class='ocrx_word' id='word_1_684' title='bbox 1759 5062 1889 5105; x_wconf 87' lang='lat' dir='ltr'><strong>sunt</strong></span> 
     </span>
    </p>
   </div>
   <div class='ocr_carea' id='block_1_90' title="bbox 309 5133 1884 5204">
    <p class='ocr_par' dir='ltr' id='par_1_90' title="bbox 309 5133 1884 5204">
     <span class='ocr_line' id='line_1_90' title="bbox 309 5133 1884 5204; baseline 0.005 -18"><span class='ocrx_word' id='word_1_685' title='bbox 309 5133 564 5204; x_wconf 82' lang='lat' dir='ltr'><strong>profecti.</strong></span> <span class='ocrx_word' id='word_1_686' title='bbox 622 5135 696 5189; x_wconf 88' lang='lat' dir='ltr'><strong>Ita</strong></span> <span class='ocrx_word' id='word_1_687' title='bbox 753 5136 979 5202; x_wconf 83' lang='lat' dir='ltr'><strong>factum,</strong></span> <span class='ocrx_word' id='word_1_688' title='bbox 1031 5149 1092 5193; x_wconf 90' lang='lat' dir='ltr'><strong>ut</strong></span> <span class='ocrx_word' id='word_1_689' title='bbox 1144 5155 1270 5192; x_wconf 87' lang='lat' dir='ltr'><strong>cum</strong></span> <span class='ocrx_word' id='word_1_690' title='bbox 1328 5149 1382 5193; x_wconf 90' lang='lat' dir='ltr'><strong>et</strong></span> <span class='ocrx_word' id='word_1_691' title='bbox 1431 5141 1486 5193; x_wconf 85' lang='lat' dir='ltr'><strong>in</strong></span> <span class='ocrx_word' id='word_1_692' title='bbox 1542 5141 1678 5197; x_wconf 87' lang='lat' dir='ltr'><strong>urbe</strong></span> <span class='ocrx_word' id='word_1_693' title='bbox 1722 5151 1778 5195; x_wconf 89' lang='lat' dir='ltr'><strong>et</strong></span> <span class='ocrx_word' id='word_1_694' title='bbox 1829 5143 1884 5194; x_wconf 91' lang='lat' dir='ltr'><strong>in</strong></span> 
     </span>
    </p>
   </div>
   <div class='ocr_carea' id='block_1_91' title="bbox 309 5227 1882 5295">
    <p class='ocr_par' dir='ltr' id='par_1_91' title="bbox 309 5227 1882 5295">
     <span class='ocr_line' id='line_1_91' title="bbox 309 5227 1882 5295; baseline 0.005 -15"><span class='ocrx_word' id='word_1_695' title='bbox 309 5227 505 5282; x_wconf 81' lang='lat' dir='ltr'><strong>castris</strong></span> <span class='ocrx_word' id='word_1_696' title='bbox 554 5227 909 5283; x_wconf 86' lang='lat' dir='ltr'><strong>turbarentur</strong></span> <span class='ocrx_word' id='word_1_697' title='bbox 961 5233 1143 5286; x_wconf 89' lang='lat' dir='ltr'><strong>omnia</strong></span> <span class='ocrx_word' id='word_1_698' title='bbox 1179 5273 1194 5295; x_wconf 92' lang='lat'><strong>,</strong></span> <span class='ocrx_word' id='word_1_699' title='bbox 1258 5232 1442 5286; x_wconf 85' lang='lat' dir='ltr'><strong>denuo</strong></span> <span class='ocrx_word' id='word_1_700' title='bbox 1506 5233 1706 5287; x_wconf 88' lang='lat' dir='ltr'><strong>seditio</strong></span> <span class='ocrx_word' id='word_1_701' title='bbox 1768 5236 1882 5288; x_wconf 89' lang='lat' dir='ltr'><strong>ori-</strong></span> 
     </span>
    </p>
   </div>
   <div class='ocr_carea' id='block_1_92' title="bbox 309 5320 1883 5398">
    <p class='ocr_par' dir='ltr' id='par_1_92' title="bbox 309 5320 1883 5398">
     <span class='ocr_line' id='line_1_92' title="bbox 309 5320 1883 5398; baseline 0.005 -25"><span class='ocrx_word' id='word_1_702' title='bbox 309 5329 483 5374; x_wconf 86' lang='lat' dir='ltr'><strong>retur.</strong></span> <span class='ocrx_word' id='word_1_703' title='bbox 531 5320 664 5375; x_wconf 88' lang='lat' dir='ltr'><strong>Nam</strong></span> <span class='ocrx_word' id='word_1_704' title='bbox 717 5337 842 5376; x_wconf 90' lang='lat' dir='ltr'><strong>cum</strong></span> <span class='ocrx_word' id='word_1_705' title='bbox 892 5334 1156 5392; x_wconf 75' lang='lat' dir='ltr'><strong>przetorcs</strong></span> <span class='ocrx_word' id='word_1_706' title='bbox 1212 5323 1267 5378; x_wconf 89' lang='lat' dir='ltr'><strong>in</strong></span> <span class='ocrx_word' id='word_1_707' title='bbox 1319 5325 1648 5380; x_wconf 86' lang='lat' dir='ltr'><strong>Sabinorum</strong></span> <span class='ocrx_word' id='word_1_708' title='bbox 1692 5343 1883 5398; x_wconf 82' lang='lat' dir='ltr'><strong>agrum</strong></span> 
     </span>
    </p>
   </div>
   <div class='ocr_carea' id='block_1_93' title="bbox 310 5412 1884 5489">
    <p class='ocr_par' dir='ltr' id='par_1_93' title="bbox 310 5412 1884 5489">
     <span class='ocr_line' id='line_1_93' title="bbox 310 5412 1884 5489; baseline 0.006 -26"><span class='ocrx_word' id='word_1_709' title='bbox 310 5412 725 5481; x_wconf 88' lang='lat' dir='ltr'><strong>impressionem</strong></span> <span class='ocrx_word' id='word_1_710' title='bbox 760 5414 1038 5481; x_wconf 78' lang='lat' dir='ltr'><strong>fecissent,</strong></span> <span class='ocrx_word' id='word_1_711' title='bbox 1076 5417 1138 5471; x_wconf 88' lang='lat' dir='ltr'><strong>L.</strong></span> <span class='ocrx_word' id='word_1_712' title='bbox 1175 5417 1382 5472; x_wconf 88' lang='lat' dir='ltr'><strong>Sicium</strong></span> <span class='ocrx_word' id='word_1_713' title='bbox 1432 5420 1506 5472; x_wconf 82' lang='lat' dir='ltr'><strong>rei</strong></span> <span class='ocrx_word' id='word_1_714' title='bbox 1544 5420 1751 5473; x_wconf 70' lang='lat' dir='ltr'><strong>bellicm</strong></span> <span class='ocrx_word' id='word_1_715' title='bbox 1787 5437 1884 5489; x_wconf 90' lang='lat' dir='ltr'><strong>pc-</strong></span> 
     </span>
    </p>
   </div>
   <div class='ocr_carea' id='block_1_94' title="bbox 309 5502 1886 5579">
    <p class='ocr_par' dir='ltr' id='par_1_94' title="bbox 309 5502 1886 5579">
     <span class='ocr_line' id='line_1_94' title="bbox 309 5502 1886 5579; baseline 0.008 -25"><span class='ocrx_word' id='word_1_716' title='bbox 309 5502 658 5570; x_wconf 85' lang='lat' dir='ltr'><strong>ritissimum,</strong></span> <span class='ocrx_word' id='word_1_717' title='bbox 692 5517 742 5560; x_wconf 86' lang='lat' dir='ltr'><strong>et</strong></span> <span class='ocrx_word' id='word_1_718' title='bbox 780 5508 1072 5578; x_wconf 65' lang='lat' dir='ltr'><strong>praecipua:</strong></span> <span class='ocrx_word' id='word_1_719' title='bbox 1115 5509 1259 5578; x_wconf 89' lang='lat' dir='ltr'><strong>apud</strong></span> <span class='ocrx_word' id='word_1_720' title='bbox 1292 5509 1509 5579; x_wconf 58' lang='lat' dir='ltr'><strong>plcicm</strong></span> <span class='ocrx_word' id='word_1_721' title='bbox 1541 5511 1886 5566; x_wconf 75' lang='lat' dir='ltr'><strong>auctoritatis</strong></span> 
     </span>
    </p>
   </div>
   <div class='ocr_carea' id='block_1_95' title="bbox 306 5593 1878 5671">
    <p class='ocr_par' dir='ltr' id='par_1_95' title="bbox 306 5593 1878 5671">
     <span class='ocr_line' id='line_1_95' title="bbox 306 5593 1878 5671; baseline 0.008 -28"><span class='ocrx_word' id='word_1_722' title='bbox 306 5593 510 5658; x_wconf 77' lang='lat' dir='ltr'><strong>virum.</strong></span> <span class='ocrx_word' id='word_1_723' title='bbox 536 5612 660 5651; x_wconf 86' lang='lat' dir='ltr'><strong>cum</strong></span> <span class='ocrx_word' id='word_1_724' title='bbox 687 5599 810 5654; x_wconf 87' lang='lat' dir='ltr'><strong>aliis</strong></span> <span class='ocrx_word' id='word_1_725' title='bbox 835 5600 902 5654; x_wconf 89' lang='lat' dir='ltr'><strong>ad</strong></span> <span class='ocrx_word' id='word_1_726' title='bbox 931 5601 1314 5670; x_wconf 87' lang='lat' dir='ltr'><strong>occupandum</strong></span> <span class='ocrx_word' id='word_1_727' title='bbox 1339 5611 1579 5655; x_wconf 85' lang='lat' dir='ltr'><strong>castrum</strong></span> <span class='ocrx_word' id='word_1_728' title='bbox 1601 5602 1878 5671; x_wconf 86' lang='lat' dir='ltr'><strong>quoddam</strong></span> 
     </span>
    </p>
   </div>
   <div class='ocr_carea' id='block_1_96' title="bbox 309 5687 1880 5765">
    <p class='ocr_par' dir='ltr' id='par_1_96' title="bbox 309 5687 1880 5765">
     <span class='ocr_line' id='line_1_96' title="bbox 309 5687 1880 5765; baseline 0.01 -29"><span class='ocrx_word' id='word_1_729' title='bbox 309 5687 534 5743; x_wconf 86' lang='lat' dir='ltr'><strong>missum</strong></span> <span class='ocrx_word' id='word_1_730' title='bbox 586 5707 685 5761; x_wconf 88' lang='lat' dir='ltr'><strong>per</strong></span> <span class='ocrx_word' id='word_1_731' title='bbox 744 5694 974 5749; x_wconf 80' lang='lat' dir='ltr'><strong>comites</strong></span> <span class='ocrx_word' id='word_1_732' title='bbox 1020 5696 1140 5764; x_wconf 85' lang='lat' dir='ltr'><strong>ejus</strong></span> <span class='ocrx_word' id='word_1_733' title='bbox 1199 5707 1577 5765; x_wconf 71' lang='lat' dir='ltr'><strong>peremerunt.</strong></span> <span class='ocrx_word' id='word_1_734' title='bbox 1637 5698 1880 5752; x_wconf 82' lang='lat' dir='ltr'><strong>anore</strong></span> 
     </span>
    </p>
   </div>
   <div class='ocr_carea' id='block_1_97' title="bbox 309 5776 1882 5853">
    <p class='ocr_par' dir='ltr' id='par_1_97' title="bbox 309 5776 1882 5853">
     <span class='ocr_line' id='line_1_97' title="bbox 309 5776 1882 5853; baseline 0.01 -25"><span class='ocrx_word' id='word_1_735' title='bbox 309 5776 588 5836; x_wconf 86' lang='lat' dir='ltr'><strong>incastris</strong></span> <span class='ocrx_word' id='word_1_736' title='bbox 637 5800 847 5853; x_wconf 80' lang='lat' dir='ltr'><strong>sparso,</strong></span> <span class='ocrx_word' id='word_1_737' title='bbox 895 5803 1018 5842; x_wconf 89' lang='lat' dir='ltr'><strong>eum</strong></span> <span class='ocrx_word' id='word_1_738' title='bbox 1055 5806 1160 5842; x_wconf 87' lang='lat' dir='ltr'><strong>una</strong></span> <span class='ocrx_word' id='word_1_739' title='bbox 1205 5805 1329 5842; x_wconf 85' lang='lat' dir='ltr'><strong>cum</strong></span> <span class='ocrx_word' id='word_1_740' title='bbox 1373 5790 1494 5844; x_wconf 87' lang='lat' dir='ltr'><strong>aliis</strong></span> <span class='ocrx_word' id='word_1_741' title='bbox 1527 5789 1596 5844; x_wconf 90' lang='lat' dir='ltr'><strong>ab</strong></span> <span class='ocrx_word' id='word_1_742' title='bbox 1628 5789 1882 5844; x_wconf 84' lang='lat' dir='ltr'><strong>hostibus</strong></span> 
     </span>
    </p>
   </div>
   <div class='ocr_carea' id='block_1_98' title="bbox 1995 4584 3579 4662">
    <p class='ocr_par' dir='ltr' id='par_1_98' title="bbox 1995 4584 3579 4662">
     <span class='ocr_line' id='line_1_98' title="bbox 1995 4584 3579 4662; baseline 0.004 -26"><span class='ocrx_word' id='word_1_743' title='bbox 1995 4584 2169 4638; x_wconf 85' lang='grc' dir='ltr'><strong>δέλτοι</strong></span> <span class='ocrx_word' id='word_1_744' title='bbox 2203 4585 2377 4648; x_wconf 75' lang='grc' dir='ltr'><strong>οὕτως</strong></span> <span class='ocrx_word' id='word_1_745' title='bbox 2430 4590 2553 4641; x_wconf 85' lang='grc' dir='ltr'><strong>τότε</strong></span> <span class='ocrx_word' id='word_1_746' title='bbox 2584 4590 2855 4657; x_wconf 84' lang='grc' dir='ltr'><strong>ἐγένοντο.</strong></span> <span class='ocrx_word' id='word_1_747' title='bbox 2882 4593 2947 4644; x_wconf 88' lang='grc' dir='ltr'><strong>Οί</strong></span> <span class='ocrx_word' id='word_1_748' title='bbox 2989 4591 3044 4644; x_wconf 85' lang='grc' dir='ltr'><strong>δὲ</strong></span> <span class='ocrx_word' id='word_1_749' title='bbox 3077 4592 3370 4662; x_wconf 88' lang='grc' dir='ltr'><strong>νομοθέται</strong></span> <span class='ocrx_word' id='word_1_750' title='bbox 3426 4595 3579 4646; x_wconf 74' lang='grc' dir='ltr'><strong>ἐκεῖ-</strong></span> 
     </span>
    </p>
   </div>
   <div class='ocr_carea' id='block_1_99' title="bbox 1995 4679 3575 4752">
    <p class='ocr_par' dir='ltr' id='par_1_99' title="bbox 1995 4679 3575 4752">
     <span class='ocr_line' id='line_1_99' title="bbox 1995 4679 3575 4752; baseline 0.004 -22"><span class='ocrx_word' id='word_1_751' title='bbox 1995 4693 2076 4730; x_wconf 83' lang='grc' dir='ltr'><strong>νοι</strong></span> <span class='ocrx_word' id='word_1_752' title='bbox 2108 4679 2168 4730; x_wconf 85' lang='grc' dir='ltr'><strong>ού</strong></span> <span class='ocrx_word' id='word_1_753' title='bbox 2208 4680 2370 4749; x_wconf 81' lang='grc' dir='ltr'><strong>μόνον</strong></span> <span class='ocrx_word' id='word_1_754' title='bbox 2393 4681 2548 4734; x_wconf 82' lang='grc' dir='ltr'><strong>ταῦτ’</strong></span> <span class='ocrx_word' id='word_1_755' title='bbox 2592 4682 2863 4752; x_wconf 72' lang='grc' dir='ltr'><strong>ἔπραξαν,</strong></span> <span class='ocrx_word' id='word_1_756' title='bbox 2891 4685 3030 4737; x_wconf 72' lang='grc' dir='ltr'><strong>ἀλλὰ</strong></span> <span class='ocrx_word' id='word_1_757' title='bbox 3059 4687 3156 4738; x_wconf 76' lang='grc' dir='ltr'><strong>καὶ</strong></span> <span class='ocrx_word' id='word_1_758' title='bbox 3191 4686 3287 4739; x_wconf 75' lang='grc' dir='ltr'><strong>τοῦ</strong></span> <span class='ocrx_word' id='word_1_759' title='bbox 3316 4686 3575 4739; x_wconf 73' lang='grc' dir='ltr'><strong>ἐνιαυτοῦ</strong></span> 
     </span>
    </p>
   </div>
   <div class='ocr_carea' id='block_1_100' title="bbox 1993 4771 3576 4848">
    <p class='ocr_par' dir='ltr' id='par_1_100' title="bbox 1993 4771 3576 4848">
     <span class='ocr_line' id='line_1_100' title="bbox 1993 4771 3576 4848; baseline 0.004 -24"><span class='ocrx_word' id='word_1_760' title='bbox 1993 4771 2092 4842; x_wconf 82' lang='grc' dir='ltr'><strong>τῆς</strong></span> <span class='ocrx_word' id='word_1_761' title='bbox 2116 4773 2293 4844; x_wconf 80' lang='grc' dir='ltr'><strong>ἀρχῆς</strong></span> <span class='ocrx_word' id='word_1_762' title='bbox 2325 4774 2514 4840; x_wconf 76' lang='grc' dir='ltr'><strong>αὐτοῖς</strong></span> <span class='ocrx_word' id='word_1_763' title='bbox 2567 4775 2895 4841; x_wconf 78' lang='grc' dir='ltr'><strong>διελθόντος,</strong></span> <span class='ocrx_word' id='word_1_764' title='bbox 2948 4777 3030 4830; x_wconf 72' lang='grc' dir='ltr'><strong>ἔτι</strong></span> <span class='ocrx_word' id='word_1_765' title='bbox 3075 4780 3193 4841; x_wconf 85' lang='grc' dir='ltr'><strong>τοῖς</strong></span> <span class='ocrx_word' id='word_1_766' title='bbox 3241 4779 3576 4848; x_wconf 83' lang='grc' dir='ltr'><strong>πράγμασιν</strong></span> 
     </span>
    </p>
   </div>
   <div class='ocr_carea' id='block_1_101' title="bbox 1992 4865 3576 4941">
    <p class='ocr_par' dir='ltr' id='par_1_101' title="bbox 1992 4865 3576 4941">
     <span class='ocr_line' id='line_1_101' title="bbox 1992 4865 3576 4941; baseline 0.005 -24"><span class='ocrx_word' id='word_1_767' title='bbox 1992 4865 2303 4936; x_wconf 85' lang='grc' dir='ltr'><strong>ἐνέμειναν,</strong></span> <span class='ocrx_word' id='word_1_768' title='bbox 2341 4868 2434 4940; x_wconf 77' lang='grc' dir='ltr'><strong>βίᾳ</strong></span> <span class='ocrx_word' id='word_1_769' title='bbox 2462 4869 2562 4939; x_wconf 75' lang='grc' dir='ltr'><strong>τὴν</strong></span> <span class='ocrx_word' id='word_1_770' title='bbox 2596 4871 2753 4923; x_wconf 79' lang='grc' dir='ltr'><strong>πόλιν</strong></span> <span class='ocrx_word' id='word_1_771' title='bbox 2778 4871 3125 4941; x_wconf 84' lang='grc' dir='ltr'><strong>κατέχοντες,</strong></span> <span class='ocrx_word' id='word_1_772' title='bbox 3159 4872 3257 4924; x_wconf 75' lang='grc' dir='ltr'><strong>καὶ</strong></span> <span class='ocrx_word' id='word_1_773' title='bbox 3298 4872 3437 4941; x_wconf 81' lang='grc' dir='ltr'><strong>μηδὲ</strong></span> <span class='ocrx_word' id='word_1_774' title='bbox 3471 4875 3576 4940; x_wconf 74' lang='grc' dir='ltr'><strong>τὴν</strong></span> 
     </span>
    </p>
   </div>
   <div class='ocr_carea' id='block_1_102' title="bbox 1995 4957 3578 5034">
    <p class='ocr_par' dir='ltr' id='par_1_102' title="bbox 1995 4957 3578 5034">
     <span class='ocr_line' id='line_1_102' title="bbox 1995 4957 3578 5034; baseline 0.003 -23"><span class='ocrx_word' id='word_1_775' title='bbox 1995 4957 2191 5029; x_wconf 78' lang='grc' dir='ltr'><strong>βουλὴν</strong></span> <span class='ocrx_word' id='word_1_776' title='bbox 2229 4960 2260 5029; x_wconf 75' lang='grc' dir='ltr'>ἢ</span> <span class='ocrx_word' id='word_1_777' title='bbox 2293 4961 2384 5014; x_wconf 77' lang='grc' dir='ltr'><strong>τὸν</strong></span> <span class='ocrx_word' id='word_1_778' title='bbox 2424 4962 2598 5030; x_wconf 78' lang='grc' dir='ltr'><strong>δῆμον</strong></span> <span class='ocrx_word' id='word_1_779' title='bbox 2629 4962 3001 5032; x_wconf 76' lang='grc' dir='ltr'><strong>ἀθροίζοντες.</strong></span> <span class='ocrx_word' id='word_1_780' title='bbox 3040 4963 3128 5016; x_wconf 71' lang='grc' dir='ltr'><strong>ἵνα</strong></span> <span class='ocrx_word' id='word_1_781' title='bbox 3181 4965 3257 5034; x_wconf 77' lang='grc' dir='ltr'><strong>μὴ</strong></span> <span class='ocrx_word' id='word_1_782' title='bbox 3285 4965 3578 5020; x_wconf 63' lang='grc' dir='ltr'><strong>συνελθόν-</strong></span> 
     </span>
    </p>
   </div>
   <div class='ocr_carea' id='block_1_103' title="bbox 1991 5053 3575 5117">
    <p class='ocr_par' dir='ltr' id='par_1_103' title="bbox 1991 5053 3575 5117">
     <span class='ocr_line' id='line_1_103' title="bbox 1991 5053 3575 5117; baseline 0.004 -13"><span class='ocrx_word' id='word_1_783' title='bbox 1991 5069 2084 5115; x_wconf 84' lang='grc' dir='ltr'><strong>τες</strong></span> <span class='ocrx_word' id='word_1_784' title='bbox 2122 5053 2408 5106; x_wconf 74' lang='grc' dir='ltr'><strong>παύσωσιν</strong></span> <span class='ocrx_word' id='word_1_785' title='bbox 2433 5053 2651 5117; x_wconf 81' lang='grc' dir='ltr'><strong>αύτούς.</strong></span> <span class='ocrx_word' id='word_1_786' title='bbox 2693 5054 2941 5108; x_wconf 83' lang='grc' dir='ltr'><strong>Δίκουῶν</strong></span> <span class='ocrx_word' id='word_1_787' title='bbox 2977 5054 3033 5106; x_wconf 84' lang='grc' dir='ltr'><strong>δέ</strong></span> <span class='ocrx_word' id='word_1_788' title='bbox 3071 5057 3167 5108; x_wconf 80' lang='grc' dir='ltr'><strong>καὶ</strong></span> <span class='ocrx_word' id='word_1_789' title='bbox 3202 5056 3450 5110; x_wconf 78' lang='grc' dir='ltr'><strong>Σαϐίνων</strong></span> <span class='ocrx_word' id='word_1_790' title='bbox 3473 5059 3575 5111; x_wconf 65' lang='grc' dir='ltr'><strong>πέ-</strong></span> 
     </span>
    </p>
   </div>
   <div class='ocr_carea' id='block_1_104' title="bbox 1989 5144 3576 5217">
    <p class='ocr_par' dir='ltr' id='par_1_104' title="bbox 1989 5144 3576 5217">
     <span class='ocr_line' id='line_1_104' title="bbox 1989 5144 3576 5217; baseline 0.004 -21"><span class='ocrx_word' id='word_1_791' title='bbox 1989 5144 2156 5212; x_wconf 83' lang='grc' dir='ltr'><strong>λεμον</strong></span> <span class='ocrx_word' id='word_1_792' title='bbox 2212 5146 2522 5213; x_wconf 81' lang='grc' dir='ltr'><strong>αἰρομένων</strong></span> <span class='ocrx_word' id='word_1_793' title='bbox 2570 5150 2714 5200; x_wconf 67' lang='grc' dir='ltr'><strong>κατὰ</strong></span> <span class='ocrx_word' id='word_1_794' title='bbox 2755 5148 3064 5217; x_wconf 80' lang='grc' dir='ltr'><strong>Ῥωμαίων,</strong></span> <span class='ocrx_word' id='word_1_795' title='bbox 3105 5150 3228 5202; x_wconf 86' lang='grc' dir='ltr'><strong>τότε</strong></span> <span class='ocrx_word' id='word_1_796' title='bbox 3279 5151 3408 5212; x_wconf 77' lang='grc' dir='ltr'><strong>τοὺς</strong></span> <span class='ocrx_word' id='word_1_797' title='bbox 3443 5151 3576 5202; x_wconf 82' lang='grc' dir='ltr'><strong>ἐπι-</strong></span> 
     </span>
    </p>
   </div>
   <div class='ocr_carea' id='block_1_105' title="bbox 1987 5235 3575 5310">
    <p class='ocr_par' dir='ltr' id='par_1_105' title="bbox 1987 5235 3575 5310">
     <span class='ocr_line' id='line_1_105' title="bbox 1987 5235 3575 5310; baseline 0.005 -24"><span class='ocrx_word' id='word_1_798' title='bbox 1987 5235 2238 5303; x_wconf 81' lang='grc' dir='ltr'><strong>τηδείους</strong></span> <span class='ocrx_word' id='word_1_799' title='bbox 2307 5235 2494 5298; x_wconf 82' lang='grc' dir='ltr'><strong>αὐτοῖς</strong></span> <span class='ocrx_word' id='word_1_800' title='bbox 2556 5239 3087 5308; x_wconf 83' lang='grc' dir='ltr'><strong>παρασκευάσαντες</strong></span> <span class='ocrx_word' id='word_1_801' title='bbox 3126 5279 3142 5302; x_wconf 90' lang='grc'><strong>,</strong></span> <span class='ocrx_word' id='word_1_802' title='bbox 3202 5240 3575 5310; x_wconf 76' lang='grc' dir='ltr'><strong>διεπράξαντο</strong></span> 
     </span>
    </p>
   </div>
   <div class='ocr_carea' id='block_1_106' title="bbox 1989 5327 3571 5403">
    <p class='ocr_par' dir='ltr' id='par_1_106' title="bbox 1989 5327 3571 5403">
     <span class='ocr_line' id='line_1_106' title="bbox 1989 5327 3571 5403; baseline 0.005 -25"><span class='ocrx_word' id='word_1_803' title='bbox 1989 5327 2141 5394; x_wconf 71' lang='grc' dir='ltr'><strong>σφίσι</strong></span> <span class='ocrx_word' id='word_1_804' title='bbox 2183 5329 2308 5390; x_wconf 79' lang='grc' dir='ltr'><strong>τοὺς</strong></span> <span class='ocrx_word' id='word_1_805' title='bbox 2350 5328 2624 5398; x_wconf 84' lang='grc' dir='ltr'><strong>πολέμους</strong></span> <span class='ocrx_word' id='word_1_806' title='bbox 2659 5331 3061 5402; x_wconf 79' lang='grc' dir='ltr'><strong>ἐπιτραπῆναι.</strong></span> <span class='ocrx_word' id='word_1_807' title='bbox 3135 5333 3230 5385; x_wconf 82' lang='grc' dir='ltr'><strong>Ἐκ</strong></span> <span class='ocrx_word' id='word_1_808' title='bbox 3285 5334 3416 5401; x_wconf 76' lang='grc' dir='ltr'><strong>γοῦν</strong></span> <span class='ocrx_word' id='word_1_809' title='bbox 3465 5333 3571 5403; x_wconf 82' lang='grc' dir='ltr'><strong>τῆς</strong></span> 
     </span>
    </p>
   </div>
   <div class='ocr_carea' id='block_1_107' title="bbox 1985 5418 3566 5494">
    <p class='ocr_par' dir='ltr' id='par_1_107' title="bbox 1985 5418 3566 5494">
     <span class='ocr_line' id='line_1_107' title="bbox 1985 5418 3566 5494; baseline 0.006 -24"><span class='ocrx_word' id='word_1_810' title='bbox 1985 5418 2282 5488; x_wconf 84' lang='grc' dir='ltr'><strong>δεκαρχίας</strong></span> <span class='ocrx_word' id='word_1_811' title='bbox 2297 5420 2480 5474; x_wconf 81' lang='grc' dir='ltr'><strong>αὐτῶν</strong></span> <span class='ocrx_word' id='word_1_812' title='bbox 2502 5422 2757 5492; x_wconf 85' lang='grc' dir='ltr'><strong>Σερούϊος</strong></span> <span class='ocrx_word' id='word_1_813' title='bbox 2784 5426 2882 5494; x_wconf 82' lang='grc' dir='ltr'><strong>μὲν</strong></span> <span class='ocrx_word' id='word_1_814' title='bbox 2910 5426 3152 5490; x_wconf 80' lang='grc' dir='ltr'><strong>Ὄππιος</strong></span> <span class='ocrx_word' id='word_1_815' title='bbox 3192 5428 3286 5480; x_wconf 72' lang='grc' dir='ltr'><strong>καὶ</strong></span> <span class='ocrx_word' id='word_1_816' title='bbox 3327 5428 3566 5488; x_wconf 63' lang='grc' dir='ltr'><strong>Ἄππιος</strong></span> 
     </span>
    </p>
   </div>
   <div class='ocr_carea' id='block_1_108' title="bbox 1988 5511 3567 5586">
    <p class='ocr_par' dir='ltr' id='par_1_108' title="bbox 1988 5511 3567 5586">
     <span class='ocr_line' id='line_1_108' title="bbox 1988 5511 3567 5586; baseline 0.006 -22"><span class='ocrx_word' id='word_1_817' title='bbox 1988 5511 2252 5577; x_wconf 73' lang='grc' dir='ltr'><strong>Κλαύδιος</strong></span> <span class='ocrx_word' id='word_1_818' title='bbox 2298 5516 2441 5568; x_wconf 74' lang='grc' dir='ltr'><strong>κκτά</strong></span> <span class='ocrx_word' id='word_1_819' title='bbox 2464 5514 2650 5585; x_wconf 83' lang='grc' dir='ltr'><strong>χώραν</strong></span> <span class='ocrx_word' id='word_1_820' title='bbox 2678 5516 2937 5586; x_wconf 62' lang='grc' dir='ltr'><strong>ἔμειναν,</strong></span> <span class='ocrx_word' id='word_1_821' title='bbox 2973 5520 3030 5572; x_wconf 77' lang='lat' dir='ltr'><strong>oi</strong></span> <span class='ocrx_word' id='word_1_822' title='bbox 3057 5520 3113 5573; x_wconf 79' lang='grc' dir='ltr'><strong>δέ</strong></span> <span class='ocrx_word' id='word_1_823' title='bbox 3140 5521 3286 5574; x_wconf 74' lang='grc' dir='ltr'><strong>ὀκτὼ</strong></span> <span class='ocrx_word' id='word_1_824' title='bbox 3315 5521 3404 5572; x_wconf 74' lang='grc' dir='ltr'><strong>ἐπὶ</strong></span> <span class='ocrx_word' id='word_1_825' title='bbox 3436 5521 3567 5582; x_wconf 73' lang='grc' dir='ltr'><strong>τοὺς</strong></span> 
     </span>
    </p>
   </div>
   <div class='ocr_carea' id='block_1_109' title="bbox 1987 5605 3564 5681">
    <p class='ocr_par' dir='ltr' id='par_1_109' title="bbox 1987 5605 3564 5681">
     <span class='ocr_line' id='line_1_109' title="bbox 1987 5605 3564 5681; baseline 0.004 -23"><span class='ocrx_word' id='word_1_826' title='bbox 1987 5605 2285 5675; x_wconf 84' lang='grc' dir='ltr'><strong>πολεμίους</strong></span> <span class='ocrx_word' id='word_1_827' title='bbox 2315 5609 2712 5678; x_wconf 81' lang='grc' dir='ltr'><strong>ἐστράτευσαν.</strong></span> <span class='ocrx_word' id='word_1_828' title='bbox 2748 5611 2935 5664; x_wconf 85' lang='grc' dir='ltr'><strong>Πάντα</strong></span> <span class='ocrx_word' id='word_1_829' title='bbox 2973 5613 3074 5681; x_wconf 77' lang='grc' dir='ltr'><strong>μὲν</strong></span> <span class='ocrx_word' id='word_1_830' title='bbox 3123 5613 3311 5668; x_wconf 78' lang='grc' dir='ltr'><strong>ἁπλῶς</strong></span> <span class='ocrx_word' id='word_1_831' title='bbox 3365 5614 3462 5665; x_wconf 81' lang='grc' dir='ltr'><strong>καὶ</strong></span> <span class='ocrx_word' id='word_1_832' title='bbox 3492 5611 3564 5664; x_wconf 74' lang='grc' dir='ltr'><strong>τά</strong></span> 
     </span>
    </p>
   </div>
   <div class='ocr_carea' id='block_1_110' title="bbox 1985 5698 3556 5774">
    <p class='ocr_par' dir='ltr' id='par_1_110' title="bbox 1985 5698 3556 5774">
     <span class='ocr_line' id='line_1_110' title="bbox 1985 5698 3556 5774; baseline 0.005 -26"><span class='ocrx_word' id='word_1_833' title='bbox 1985 5701 2044 5749; x_wconf 76' lang='grc' dir='ltr'><strong>ἐν</strong></span> <span class='ocrx_word' id='word_1_834' title='bbox 2083 5698 2161 5768; x_wconf 81' lang='grc' dir='ltr'><strong>τῷ</strong></span> <span class='ocrx_word' id='word_1_835' title='bbox 2182 5700 2337 5753; x_wconf 77' lang='grc' dir='ltr'><strong>ἄστει</strong></span> <span class='ocrx_word' id='word_1_836' title='bbox 2357 5703 2452 5754; x_wconf 78' lang='grc' dir='ltr'><strong>καὶ</strong></span> <span class='ocrx_word' id='word_1_837' title='bbox 2476 5702 2542 5754; x_wconf 77' lang='grc' dir='ltr'><strong>τὰ</strong></span> <span class='ocrx_word' id='word_1_838' title='bbox 2570 5703 2630 5754; x_wconf 82' lang='grc' dir='ltr'><strong>ἐν</strong></span> <span class='ocrx_word' id='word_1_839' title='bbox 2656 5707 2769 5766; x_wconf 82' lang='grc' dir='ltr'><strong>τοῖς</strong></span> <span class='ocrx_word' id='word_1_840' title='bbox 2804 5706 3192 5774; x_wconf 75' lang='grc' dir='ltr'><strong>στρατοπέδοις</strong></span> <span class='ocrx_word' id='word_1_841' title='bbox 3226 5707 3556 5774; x_wconf 76' lang='grc' dir='ltr'><strong>τετάρακτο,</strong></span> 
     </span>
    </p>
   </div>
   <div class='ocr_carea' id='block_1_111' title="bbox 1985 5792 3558 5868">
    <p class='ocr_par' dir='ltr' id='par_1_111' title="bbox 1985 5792 3558 5868">
     <span class='ocr_line' id='line_1_111' title="bbox 1985 5792 3558 5868; baseline 0.003 -24"><span class='ocrx_word' id='word_1_842' title='bbox 1985 5792 2276 5847; x_wconf 76' lang='grc' dir='ltr'><strong>κάντεῦθεν</strong></span> <span class='ocrx_word' id='word_1_843' title='bbox 2307 5794 2500 5857; x_wconf 73' lang='grc' dir='ltr'><strong>στάσις</strong></span> <span class='ocrx_word' id='word_1_844' title='bbox 2529 5793 2683 5860; x_wconf 76' lang='grc' dir='ltr'><strong>αὖθις</strong></span> <span class='ocrx_word' id='word_1_845' title='bbox 2709 5797 3033 5868; x_wconf 71' lang='grc' dir='ltr'><strong>συνηνέχθη.</strong></span> <span class='ocrx_word' id='word_1_846' title='bbox 3056 5797 3422 5868; x_wconf 71' lang='grc' dir='ltr'><strong>Ἑμῆαλὸντες</strong></span> <span class='ocrx_word' id='word_1_847' title='bbox 3445 5799 3558 5868; x_wconf 71' lang='grc' dir='ltr'><strong>γὰρ</strong></span> 
     </span>
    </p>
   </div>
  </div>
