4042 6200
557 378 663 443 603

1848 384 2166 446 JOANNIS
2201 383 2519 444 ZONAILE

3705 376 3822 442 60$

556 494 952 563 antiquissimis
973 498 1309 567 temporibus
1337 498 1403 554 ad
1432 501 1577 555 solos
1600 501 1860 569 patricios
1881 500 2128 571 pertine-

2252 516 2314 568 ίῳ
2373 500 2473 567 μὲν
2502 495 2669 569 τιμὴν
2722 497 2906 561 αὑτοῖς
2953 496 3115 566 ἔφερε
3176 490 3550 565 καῖ’ἁξίωμα,
3608 496 3823 566 (μόνοις

559 586 670 651 bat)
701 601 826 641 cum
851 603 1043 644 revera
1071 590 1125 643 id
1149 601 1395 659 agerent,
1423 609 1492 647 ne
1518 593 1723 647 tribuni
1752 605 1806 647 et
1836 594 2130 648 multitudo

560 676 778 744 quidvis
808 686 1012 735 temere
1042 690 1286 751 agerent,
1338 683 1435 737 sed
1474 700 1568 753 per
1602 700 1821 739 causam
1855 685 2133 757 auspicio-

559 780 682 818 rum
714 766 1011 837 aliquando
1058 769 1483 839 impedirentur.
1531 773 1757 828 Patricii
1791 785 1851 829 et
1907 782 2131 830 senatus

562 857 689 911 irati
734 860 1082 927 consulibus,
1132 871 1194 916 ut
1222 863 1408 932 populi
1447 863 1775 929 fautoribus,
1808 881 1909 920 nec
1938 866 2135 920 trium-

559 947 730 1016 phum
754 950 1144 1017 decreverunt,
1193 953 1445 1023 quamvis
1484 964 1719 1024 uterque
1745 955 1935 1011 hostes
1967 956 2131 1011 vicis-

564 1047 669 1106 set,
694 1050 751 1097 et
778 1044 963 1096 neutri
992 1043 1136 1098 diem
1166 1045 1234 1099 de
1263 1060 1415 1101 more
1448 1046 1797 1117 assignarunt
1827 1066 1839 1100 :
1874 1048 1968 1102 sed
1991 1049 2135 1103 mul-

564 1130 746 1187 titudo
780 1142 839 1188 et
872 1134 1097 1189 biduum
1130 1120 1298 1191 ferias
1326 1137 1642 1200 celebravit,
1688 1148 1745 1193 et
1794 1138 2132 1210 triumphum

562 1219 675 1274 illis
720 1219 991 1277 decrevit.
1047 1223 1123 1278 Ea
1160 1224 1437 1281 discordia
1464 1226 1611 1285 .freti
1654 1227 1862 1294 hostes,
1897 1229 2136 1298 receptis

564 1313 730 1385 35.9
756 1317 956 1372 animis
983 1317 1260 1375 Romanos
1285 1321 1625 1376 invaserunt.
1660 1323 1818 1378 Anno
1848 1332 2133 1392 sequente,

564 1403 748 1461 Marco
774 1405 1014 1462 Genutio
1046 1417 1102 1464 et
1133 1408 1196 1466 C.
1226 1410 1417 1467 Curtio
1455 1413 1795 1480 consulibus,
1825 1416 2133 1472 contentio-

566 1510 667 1551 nes
694 1498 1079 1569 retindegratze
1144 1509 1293 1558 sunt.
1345 1503 1481 1558 Nam
1524 1504 1754 1576 plebeiis
1791 1507 2136 1563 consulatum

565 1590 952 1657 expetentibus
982 1631 997 1655 ,
1025 1593 1173 1662 quod
1202 1595 1417 1664 patricii
1445 1595 1512 1649 ad
1544 1597 1757 1666 plebem
1789 1606 2138 1655 transeuntes

568 1679 907 1734 tribunatum
937 1695 1195 1751 gererent
1232 1704 1245 1741 :
1284 1686 1529 1755 patriciis
1558 1702 1691 1742 vero
1715 1688 1919 1743 acriter
1949 1689 2137 1745 defen-

569 1771 841 1836 dentibus,
895 1776 1067 1831 multa
1094 1777 1365 1832 violenter
1388 1778 1619 1834 invicem
1640 1779 1863 1850 et2dicta
1900 1789 1958 1836 et
1995 1779 2135 1836 facta
2173 1786 2199 1850 ς

567 1873 717 1918 sunt.
757 1864 835 1920 Ne
862 1867 993 1937 quid
1025 1884 1153 1923 vero
1178 1869 1425 1927 deterius
1454 1883 1804 1942 sequeretur,
1837 1872 2141 1944 locupletes

538 1946 541 1951 ’
572 1953 947 2022 magistratum
983 1956 1158 2027 ipsum
1187 1958 1329 2028 plebi
1364 1968 1778 2023 concesserunt,
1808 1960 1903 2016 sed
1933 1976 2138 2017 nomen

572 2059 683 2098 non
705 2048 1185 2103 communicarnnt
1213 2069 1227 2105 :
1257 2050 1625 2122 dixeruntque
1656 2054 1907 2131 tribunos
1937 2054 2141 2109 milita-

578 2150 664 2187 res
713 2151 814 2204 pro
870 2139 1214 2204 consulibus,
1257 2157 1327 2195 ne
1381 2141 1712 2197 honoratum
1756 2143 2084 2215 vocabulum
2111 2160 2144 2199 a

575 2225 886 2293 promiscua
913 2229 1069 2282 turba
1107 2229 1511 2298 inquinaretur.
1533 2232 1745 2287 Placuit
1773 2232 1939 2302 igitur
1960 2241 2146 2287 ternos

574 2318 643 2371 ab
682 2327 915 2387 utraque
953 2320 1189 2376 factione
1238 2323 1491 2377 tribunos
1525 2323 1712 2394 deligi,
1740 2324 1976 2379 duorum
2012 2340 2148 2379 con-

578 2408 757 2461 sulum
790 2408 932 2465 loco.
969 2409 1160 2480 Neque
1198 2422 1380 2467 tamen
1422 2412 1618 2467 horum
1680 2429 1881 2469 nomen
1924 2413 2147 2486 penitus

577 2498 801 2563 defecit,
845 2516 969 2556 cum
1019 2501 1155 2556 alias
1187 2503 1399 2558 tribuni
1427 2515 1774 2560 crearentur.
1816 2507 1998 2575 Atque
2033 2506 2148 2561 haec

579 2591 656 2643 ita
687 2606 809 2645 esse
851 2601 971 2648 acta
1019 2594 1277 2648 traditum
1325 2607 1430 2650 est.
1469 2597 1776 2652 Dictatores
1821 2605 2007 2652 autem
2036 2612 2147 2651 non

578 2681 681 2733 soli
722 2683 978 2738 consules
1019 2685 1292 2753 (quamvis
1326 2700 1519 2739 eorum
1560 2685 1882 2750 auctoritas,
1930 2686 2146 2740 illorum

584 2770 901 2838 magistratu
952 2772 1125 2825 multo
1172 2774 1354 2828 minor
1387 2775 1556 2843 esset)
1602 2775 1698 2830 sed
1748 2775 1949 2831 tribuni
1981 2777 2147 2831 etiam

582 2859 879 2928 aliquando
923 2863 1301 2933 designarent.
1356 2863 1553 2919 Fertur
1600 2875 1782 2921 tamen
1829 2867 2014 2923 nullus
2050 2883 2151 2922 un-

582 2963 747 3016 quam
794 2950 1051 3007 tribunus
1100 2954 1489 3025 triumphasse,
1522 2957 1774 3026 quamvis
1815 2958 1971 3013 inulti
2005 2975 2149 3029 swpe

585 3040 772 3096 hostes
814 3041 1093 3098 vicissent.
1141 3046 1220 3100 Ac
1261 3046 1469 3101 tribuni
1503 3057 1617 3102 tum
1652 3048 1758 3103 hoc
1785 3049 1951 3104 modo
1978 3052 2148 3105 creati

584 3141 737 3187 sunt.
778 3134 1052 3190 Censores
1078 3152 1211 3192 vero
1242 3153 1387 3193 anno
1423 3147 1706 3208 sequente,
1736 3140 1970 3197 Barbato
1996 3143 2147 3198 etM.
2177 3170 2223 3227 ε

587 3222 830 3279 Macrino
876 3239 1022 3281 coss.
1077 3227 1349 3299 designati
1390 3238 1518 3284 sunt
1564 3230 1628 3285 L.
1666 3231 1947 3301 Papyrius,
1992 3243 2049 3289 et
2083 3233 2148 3289 L.

587 3316 969 3386 Sempronius.
999 3318 1202 3374 Eorum
1230 3323 1453 3377 creandi
1482 3338 1643 3379 causa
1681 3323 1804 3390 fuit,
1838 3327 1983 3396 quod
2019 3343 2151 3385 con-

586 3405 734 3461 sules
754 3410 824 3462 ob
854 3410 1264 3467 multitudinem
1309 3415 1495 3469 omnia
1526 3417 1744 3487 negotia
1785 3420 2012 3489 exsequi
2043 3437 2152 3476 non

586 3506 864 3568 poterant.
914 3502 1049 3557 Nam
1098 3504 1224 3575 jura
1276 3506 1602 3563 censoribus
1657 3510 1921 3566 attributa
1971 3513 2040 3568 ad
2099 3514 2154 3568 id

590 3603 766 3658 usque
798 3599 1015 3662 tempus
1051 3602 1360 3650 tenuerant.
1411 3596 1487 3650 Ac
1532 3597 1806 3670 principio
1839 3600 1954 3655 bini
2000 3602 2154 3659 fuere

588 3695 851 3737 censores
908 3685 1167 3754 patricii,
1226 3686 1322 3756 qui
1380 3687 1537 3742 initio
1603 3699 1659 3742 et
1734 3700 2013 3759 postremo
2086 3694 2154 3749 ad

585 3775 1025 3845 quinquennium
1070 3778 1462 3847 imperarunt:
1508 3780 1800 3853 interjecto
1847 3798 1980 3838 vero
2018 3793 2157 3841 tem-

586 3866 763 3936 pore,
814 3885 1031 3926 menses
1080 3887 1210 3926 xvm
1266 3872 1514 3943 ipsisque
1582 3875 1901 3931 consulibus
1964 3892 2158 3947 quam-

586 3957 670 4011 vis
735 3968 891 4028 parte
965 3960 1233 4017 duntaxat
1291 3964 1584 4032 potestatis
1640 3977 1831 4019 eorum
1895 3976 2154 4035 accepta,

588 4049 904 4115 superiores
958 4062 1272 4107 evaserunt.
1326 4053 1567 4109 Muneris
1618 4070 1810 4111 eorum
1856 4056 1994 4120 fuit,
2055 4073 2158 4126 pu.

591 4145 736 4200 blica
797 4143 1082 4213 vectigalia
1120 4144 1342 4199 elocare
1367 4184 1382 4208 ,
1420 4146 1539 4201 vias
1587 4153 1642 4200 et
1681 4146 1898 4215 publica
1930 4147 2158 4201 aedificia

589 4246 808 4297 curare,
836 4233 1108 4303 cujusque
1162 4232 1456 4287 facultates
1501 4235 1834 4294 describere.
1868 4250 2052 4290 mores
2076 4235 2157 4290 ci-

588 4327 735 4381 vium
768 4327 1061 4380 obscrvare
1094 4332 1149 4378 et
1177 4323 1467 4394 explorare
1501 4344 1515 4381 :
1552 4340 1618 4380 ac
1664 4326 1821 4380 laude
1853 4326 2067 4396 dignos,
2100 4327 2154 4381 in

591 4416 786 4479 tribus,
811 4416 867 4470 in
897 4416 1148 4471 ordinem
1169 4425 1507 4485 equestrem,
1541 4416 1596 4470 in
1628 4427 1881 4472 senatum
1920 4416 2154 4481 referre,

591 4521 693 4575 pro
760 4508 1025 4578 cujusque
1076 4507 1287 4561 meritis

595 4597 791 4651 eodem
848 4597 1011 4653 modo
1041 4614 1108 4652 ex
1148 4598 1272 4651 albo
1306 4597 1511 4651 delere.
1558 4596 1619 4651 1d
1655 4597 1800 4664 quod
1834 4598 2009 4665 majus
2044 4606 2164 4663 erat

597 4689 667 4743 iis
694 4689 973 4754 omnibus,
1004 4704 1128 4757 qua:
1167 4689 1486 4742 consulibus
1532 4687 2009 4756 relinquebantur.
2054 4688 2163 4742 Da-

596 4781 727 4834 Iiant
765 4791 958 4847 autem
996 4781 1053 4834 in
1104 4793 1437 4849 unoquoque
1476 4779 1899 4851 jusjurandum,
1956 4794 2017 4834 se
2063 4795 2166 4836 nec

593 4873 767 4941 gratia
833 4886 936 4926 nec
988 4870 1117 4925 odio
1173 4870 1474 4940 quidquam
1530 4880 1751 4924 acturos
1814 4887 1828 4924 :
1901 4869 1997 4923 sed
2044 4871 2165 4924 sin-

596 4978 728 5018 rero
784 4964 1010 5027 animo,
1075 4975 1141 5016 ea
1206 4976 1329 5030 quae
1385 4976 1416 5015 e
1495 4960 1771 5030 republica
1822 4968 2044 5026 essent,
2110 4969 2168 5016 et

593 5056 1045 5118 deliberaturos,
1106 5065 1166 5109 et
1250 5062 1494 5109 acturos.
1565 5051 1830 5121 Populum
1910 5050 2042 5106 item
2097 5051 2167 5106 ad

598 5148 868 5219 rogandas
933 5148 1123 5217 leges,
1174 5146 1338 5217 350
1397 5146 1615 5214 aliaque
1675 5144 1860 5199 munia
1907 5158 2170 5199 convoca-

598 5241 728 5291 lant
786 5256 799 5290 :
854 5244 911 5291 et
982 5238 1245 5306 majorum
1305 5235 1720 5304 magistratuum
1788 5234 2165 5298 ornamentis,

597 5328 886 5383 lictoribus
932 5327 1196 5396 exceptis,
1247 5328 1565 5380 utebantur.
1601 5325 1679 5380 Ac
1727 5325 1833 5379 tale
1878 5339 2167 5380 censorum

597 5439 801 5479 munus
845 5424 967 5477 fuit.
1015 5423 1119 5489 Qui
1152 5438 1302 5487 vero,
1352 5434 1480 5474 cum
1511 5434 1712 5474 census
1746 5422 2031 5488 agebatur,
2067 5432 2168 5473 sua

603 5517 828 5571 nomina
855 5527 911 5571 et
959 5516 1249 5571 facultates
1299 5514 1531 5585 professi
1574 5528 1687 5568 non
1733 5521 1928 5579 erant,
1975 5527 2168 5567 eorum

605 5610 896 5665 facultates
943 5627 972 5664 a
1024 5609 1367 5674 censoribus,
1404 5607 1507 5677 ipsi
1537 5622 1566 5660 a
1614 5605 1935 5662 consulibus
1965 5604 2169 5658 vende-

610 5701 830 5755 bantur.
865 5701 930 5755 Et
962 5701 1077 5756 hare
1111 5699 1179 5756 ad
1217 5709 1431 5770 tempus
1470 5698 1693 5769 aliquod
1731 5697 1811 5751 sic
1862 5703 1981 5749 acta
2019 5704 2169 5749 sunt.

608 5794 737 5850 Post
790 5796 1147 5853 constitutum
1190 5803 1295 5861 est,
1350 5801 1410 5849 ut
1458 5794 1550 5865 qui
1599 5792 1765 5849 semel
1822 5791 1875 5845 in
1914 5795 2167 5843 senatuin

2232 591 2340 661 γὰρ
2395 591 2553 643 τοῦτο
2610 591 2675 642 ὲκ
2734 588 2879 642 πάνυ
2959 587 3195 657 ἀρχαίου
3266 589 3379 648 τοῖς
3451 587 3821 657 εὐπατρίδαις

2234 679 2633 751 ἐπετέτραπτο)
2691 681 2839 751 ἔργῳ
2895 680 2955 733 δὲ
3015 678 3251 747 κώλυμα
3314 673 3526 748 ἧν,ῖνα
3586 680 3664 751 μὴ
3717 681 3822 749 ρᾳ-

2233 773 2362 835 δίως
2404 773 2454 824 οἱ
2507 771 2778 843 δήμαρχοι
2824 770 2919 824 καὶ
2983 770 3044 823 τὸ
3103 769 3308 839 πλῆθος
3375 771 3477 823 ὅσα
3538 770 3823 839 βούλοιντο

2236 863 2569 932 πράττοιεν,
2639 860 2779 915 ἀλλὰ
2863 859 3138 929 προφάσει
3225 859 3324 927 τῆς
3409 860 3823 923 οἰωνοσκοπίας

2235 952 2385 1004 ἐστιν
2439 946 2501 1006 οὗ
2558 949 2957 1021 ὲμποδίζοιντο.
3015 948 3339 1019 Ἀθχόμενοι
3382 947 3439 1001 δὲ
3496 950 3615 1009 τοῖς
3674 950 3824 1002 ὑπά-

2236 1061 2350 1106 τοις
2384 1043 2440 1095 οί
2488 1060 2545 1096 τε
2606 1042 2934 1112 εὐπατρίδαι
2984 1039 3079 1095 καὶ
3134 1042 3169 1111 ή
3234 1040 3419 1110 βουλὴ,
3460 1039 3537 1103 ὡς
3595 1039 3665 1092 τά
3724 1038 3821 1093 τοῦ

2237 1135 2483 1205 πλήθους
2563 1135 2902 1205 φρονοῦσιν,
2970 1135 3071 1188 οὑκ
3115 1133 3460 1203 ἐψηφίσαντο
3536 1134 3693 1200 σφίσι
3751 1132 3825 1185 τὰ

2237 1227 2506 1289 ἐπινίκια,
2538 1227 2776 1297 πόλεμον
2823 1228 3086 1297 ἑκατέρου
3125 1229 3487 1298 νικήσαντος,
3525 1224 3645 1278 οὔθ’
3681 1226 3824 1294 ἠμέ-

2240 1333 2342 1388 ραν
2388 1318 2604 1386 ἑκάστῳ
2652 1319 2957 1388 ἀπένειμαν
3005 1318 3196 1390 ὥσπερ
3236 1319 3472 1382 εἴθιστο,
3524 1316 3604 1373 τὸ
3637 1320 3825 1387 μέντοι

2239 1410 2446 1479 πλῆθος
2522 1410 2617 1465 ἐπὶ
2663 1412 2774 1465 δύω
2831 1428 2891 1464 τε
2949 1410 3167 1480 ἡμέρας
3225 1411 3472 1479 ἑώρτασε
3510 1450 3526 1473 ,
3576 1411 3677 1463 καὶ
3708 1411 3825 1473 τοῖς

2240 1499 2466 1563 ὑπάτοις
2524 1495 2590 1552 τά
2654 1501 2952 1571 νικητήρια
3023 1500 3380 1569 ἐψηφίσαντο.
3458 1499 3654 1563 Οὑτως
3727 1493 3823 1552 οὖν

2240 1590 2299 1652 ἑς
2364 1588 2628 1658 διαφορὰς
2692 1589 2801 1642 τῶν
2889 1588 3179 1658 Ῥωμαίων
3241 1588 3548 1655 ἐλθόντων,
3607 1591 3657 1642 at
3738 1594 3825 1644 ἑν-

2241 1677 2433 1742 αντίοι,
2468 1678 2672 1747 σφίσιν,
2730 1677 3216 1749 ἀναθαρσήσαντες
3243 1720 3256 1743 ,
3319 1678 3561 1749 ἐπῄεσαν
3608 1680 3818 1741 αὑτοῖς.

2241 1770 2332 1841 Τῷ
2363 1770 2410 1824 δ’
2442 1769 2572 1841 ἑξῆς
2608 1769 2718 1824 ἔτει
2744 1771 2971 1841 Μάρκου
3002 1770 3291 1823 Γενουκίοιι
3319 1772 3414 1824 καὶ
3446 1769 3613 1823 Γαΐου
3644 1771 3823 1841 Κουρο

2241 1861 2359 1915 τίου
2420 1860 2842 1925 ὑπατευόντων,
2887 1862 2976 1914 ἐπ’
3032 1859 3296 1931 ἀλλήλους
3367 1861 3693 1929 ἐτράποντο.
3760 1864 3828 1915 Οἵ

2242 1967 2302 2004 τε
2331 1951 2441 2021 γὰρ
2470 1950 2563 2004 τοῦ
2589 1950 2831 2020 πλήθους
2862 1950 2959 2004 καὶ
3008 1948 3301 2003 ὑπατεύειν
3342 1949 3560 2018 ἠθελον,
3589 1949 3827 2020 ἐπείπερ

2242 2044 2589 2114 ἑδημάρχουν
2641 2045 2689 2096 οί
2743 2041 3066 2112 εὐπατρίδαι
3118 2041 3255 2111 πρὸς
3303 2042 3501 2102 αὐτοὺς
3560 2041 3830 2111 μεθιστά-

2228 2150 2422 2203 ομενοι.
2477 2134 2588 2187 Καὶ
2636 2134 2693 2187 αἱ
2720 2132 3043 2202 εὐπατρίδαι
3076 2131 3198 2185 λίαν
3234 2133 3335 2201 τῆς
3384 2131 3597 2185 ὑπάτου
3650 2134 3831 2203 ἀρχῆς

2246 2223 2608 2296 περιείχοντο;
2654 2224 2749 2278 καὶ
2799 2223 2970 2277 πολλὰ
3036 2221 3161 2277 κατ’
3221 2222 3464 2292 ἀλλήλων
3526 2226 3625 2277 κα)⁵
3675 2224 3829 2294 βίαια

2246 2315 2434 2385 ἔλεγόν
2458 2333 2517 2369 τε
2558 2318 2656 2370 καὶ
2695 2316 2988 2385 ἔπραττον.
3032 2314 3154 2369 Ἵνα
3191 2315 3247 2366 δὲ
3277 2312 3353 2383 μὴ
3388 2311 3528 2383 πρός
3552 2331 3607 2365 τι
3640 2316 3831 2383 χεῖρον

2247 2408 2564 2478 χωρήσωσι,
2599 2409 2694 2461 τοῦ
2744 2408 2845 2476 μὲν
2897 2407 3061 2478 ἔργου
3106 2406 3205 2475 τῆς
3256 2406 3561 2474 ἡγεμονίας
3621 2405 3671 2457 οἱ
3732 2405 3829 2456 δυ-

2248 2502 2399 2551 νατοὶ
2455 2500 2639 2562 αὑτοῖς
2693 2498 3098 2568 παρεχώρησαν
3129 2502 3145 2526 ⁸
3202 2496 3298 2550 τοῦ
3346 2495 3405 2549 δὲ
3453 2497 3727 2564 ὀνόματος
3767 2496 3831 2549 οὑ

2253 2590 2590 2659 μετέδωκαν,
2625 2589 2741 2642 ἀλλ’
2769 2589 2887 2642 ἀνθ’
2912 2588 3135 2642 ὑπάτων
3164 2586 3481 2657 χιλιάρχους
3507 2587 3833 2657 ὠνόμασαν,

2253 2681 2339 2735 ἵνα
2375 2682 2449 2751 μὴ
2488 2680 2550 2734 τὸ
2575 2680 2675 2749 τῆς
2703 2681 2947 2750 κλήσεως
2976 2679 3197 2748 ἔντιμον
3222 2676 3304 2746 τῷ
3360 2678 3605 2746 σύρφακι
3654 2680 3834 2749 ὁμέλῳ

2252 2768 2774 2839 καταρῥυπαίνοιτο.
2823 2767 2936 2821 Καὶ
2990 2769 3139 2838 τρεῖς
3173 2767 3269 2833 ἀφ’
3298 2767 3581 2837 ἑκατέρων
3614 2768 3836 2839 χιλιάρ-

2252 2877 2382 2930 χους
2408 2860 2529 2913 ἀντὶ
2563 2859 2674 2912 τῶν
2703 2859 2798 2912 δύο
2826 2859 3048 2912 ὑπάτων
3095 2860 3371 2931 αἱρεῖσθαι
3414 2860 3724 2924 συνέδοξεν.
3756 2862 3833 2914 οὑ

2254 2951 2436 3022 μέντοι
2461 2951 2524 3004 τὸ
2558 2950 2666 3005 τῶν
2700 2951 2926 3004 ὑπάτων
2979 2950 3194 3016 ἐξέλιπε
3244 2952 3432 3005 τέλεον
3460 2951 3664 3020 ὄνομα,
3694 2951 3838 3005 ἀλλὰ

2252 3041 2381 3094 ποτὲ
2414 3040 2511 3111 μὲν
2549 3041 2748 3095 ὕπατοι
2781 3041 3104 3096 καθίσταντο
3133 3041 3265 3095 ποτὲ
3315 3042 3373 3096 δέ
3422 3059 3486 3109 τε
3529 3041 3833 3113 χιλίαρχοι.

2253 3132 2410 3194 Οὕτω
2443 3133 2543 3204 μὲν
2601 3132 2778 3187 ταῦτα
2838 3133 3204 3203 παραδέδοται
3249 3134 3517 3202 γίνεσθαι,
3557 3135 3742 3186 καίτοι
3772 3135 3833 3185 οὑ

2258 3222 2417 3292 μόνον
2437 3223 2544 3277 τῶν
2565 3223 2789 3278 ὑπάτων
2813 3225 3143 3295 δικτάτορας
3166 3225 3523 3290 ἀνειπόντων,
3546 3226 3838 3279 καὶταῦτα

2255 3311 2394 3366 πολὺ
2452 3313 2552 3382 τῆς
2605 3314 2780 3384 ἀρχῆς
2811 3314 3030 3384 ἐκείνης
3072 3314 3509 3384 ἐλαττουμένων,
3562 3316 3703 3370 ἀλλὰ
3740 3320 3838 3370 καὶ

2255 3401 2551 3472 χιλιάρχων
2593 3402 2754 3457 τοῦτο
2810 3405 3197 3475 πεποιηκότων
3243 3406 3437 3459 ἑνίοτε.
3486 3406 3726 3474 Λέγεται
3756 3406 3837 3472 δι,

2256 3494 2338 3547 δτι
2367 3494 2544 3558 οὐδεὶς
2566 3494 2678 3549 τῶν
2727 3497 3046 3568 χιλιάρχων,
3103 3498 3284 3551 καίτοι
3329 3496 3543 3551 πολλῶν
3571 3500 3838 3562 πολλάκις

2256 3586 2618 3655 νικησάντων,
2655 3588 2894 3641 ἐπινίκια
2919 3587 3184 3658 ἔπεμψεν.
3213 3590 3275 3642 Ol
3299 3590 3400 3659 μὲν
3429 3585 3522 3643 οὖν
3563 3590 3839 3661 χιλίαρχοι

2257 3675 2399 3728 οὑτω
2446 3675 2568 3729 τότε
2635 3677 2935 3747 ᾑρέθησαν.
2981 3679 3046 3731 0i
3075 3678 3134 3732 δὲ
3181 3680 3413 3750 τιμηταὶ
3457 3681 3536 3750 τῷ
3591 3682 3839 3754 ἐχομένῳ

2258 3767 2370 3821 ἔτει
2404 3768 2687 3838 Βαρϐάτου
2718 3770 2814 3822 καὶ
2843 3770 3074 3841 Μάρκου
3104 3772 3391 3842 Μακρίνου
3427 3774 3837 3838 ὑπατευόντων,

2259 3860 2691 3932 κατεδείχθησαν
2733 3864 2831 3917 καὶ
2859 3860 3138 3935 ᾑρέθησαν
3178 3864 3410 3929 Λούκιος
3438 3882 3498 3918 τε
3533 3867 3836 3937 Παπείριος

2260 3954 2354 4005 καὶ
2391 3951 2619 4015 Λούκιος
2669 3953 3043 4022 Σεμπρώνιος.
3103 3956 3565 4027 Κεχειροτόνηντο
3621 3958 3705 4021 δὲ,
3756 3961 3838 4012 ὅτι

2258 4043 2309 4095 oi
2360 4043 2556 4097 ὑπατοι
2594 4044 2847 4099 ἀδύνατοι
2908 4046 3002 4100 ἑπὶ
3053 4048 3230 4101 πάντα
3281 4048 3372 4102 διὰ
3422 4052 3482 4102 τὸ
3516 4049 3723 4117 πλῆθος
3752 4052 3843 4117 ἑξ.

2259 4134 2452 4204 αρκετν
2502 4131 2665 4203 ἦσαν.
2720 4134 2803 4188 Τὰ
2848 4137 2960 4206 γὰρ
2987 4139 3100 4201 τοῖς
3130 4142 3389 4209 τιμηταῖς
3418 4140 3842 4212 ἀπονεμηθέντα

2261 4223 2536 4293 προνόμια
2591 4226 2793 4278 ἐκεῖνοι
2826 4226 2991 4296 μέχρι
3018 4228 3141 4279 τότε
3170 4228 3410 4283 ἑποίουνι
3441 4228 3566 4282 Δύω
3600 4246 3664 4282 τε
3696 4225 3842 4301 ἦσαν

2262 4317 2310 4370 oi
2335 4317 2567 4387 τιμηταὶ
2595 4317 2656 4384 ἑξ
2690 4318 2868 4388 ἀρχῆς
2919 4317 3016 4371 καὶ
3060 4319 3127 4370 ἑκ
3156 4318 3269 4372 τῶν
3297 4320 3665 4388 εὐπατριδῶν.
3698 4316 3842 4391 ’Βρο

2262 4425 2357 4480 χον
2385 4410 2534 4463 δὲτὰ
2574 4412 2671 4480 μὲν
2713 4410 2906 4480 πρῶτα
2935 4411 3125 4464 καὶτὰ
3165 4412 3454 4465 τελευταῖα
3495 4414 3591 4466 ἑπὶ
3638 4430 3841 4466 πεντα-

1348 4518 1364 4558 ι
1418 4505 1677 4575 improbae
1735 4507 1857 4560 vita:
1903 4504 2152 4561 homines

2259 4499 2432 4555 ετίαν.
2467 4502 2559 4555 Ἐν
2585 4501 2645 4554 δὲ
2679 4501 2758 4571 τῷ
2783 4503 2934 4572 μέσῳ
2955 4503 3134 4573 χρόνῳ
3170 4502 3267 4555 ἐπὶ
3308 4506 3459 4574 τρεῖς
3502 4503 3842 4576 ἑξαμήνους.

2266 4592 2363 4646 καὶ
2403 4592 2652 4660 ἑγένοντο
2703 4592 2816 4646 τῶν
2865 4593 3091 4648 ὑπάτων
3143 4595 3386 4664 μείζους.
3440 4595 3626 4649 καίτοι
3680 4596 3844 4666 μέρος

2265 4685 2365 4754 τῆς
2390 4685 2615 4737 ἐκείνων
2643 4682 2902 4746 λαϐόντες
2955 4684 3152 4754 ἀρχῆς.
3201 4685 3362 4751 Ἐξῆν
3420 4684 3478 4738 δὲ
3526 4685 3717 4750 αὑτοῐς
3744 4687 3844 4749 τάς

2264 4791 2326 4828 τε
2369 4774 2665 4846 προσόδους
2696 4774 2798 4838 τὰς
2833 4775 3017 4838 κοινὰς
3065 4774 3383 4845 ἐκμισθοῦν,
3419 4776 3516 4830 καὶ
3566 4777 3683 4830 τῶν
3708 4778 3844 4831 ὁδῶν

2268 4867 2365 4921 καὶ
2391 4867 2498 4920 τῶν
2523 4866 2799 4936 δημοσίων
2826 4865 3282 4937 οἰκοδομημάτων
3309 4869 3721 4937 ἐπιμελεῖσθαι,
3751 4871 3844 4924 καὶ

2267 4960 2367 5023 τὰς
2421 4959 2753 5027 ἀπογραφὰς
2805 4958 2905 5029 τῆς
2939 4958 3172 5012 ἑκάστου
3232 4960 3495 5029 εὐπορίας
3552 4961 3839 5025 διατελεῖν,

2269 5052 2363 5105 καὶ
2402 5052 2496 5106 τὸν
2546 5051 2660 5123 βίον
2707 5050 2819 5107 τῶν
2850 5049 3088 5104 πολιτῶν
3118 5051 3444 5106 ἐπισκοπεῖν
3465 5069 3528 5106 τε
3582 5054 3683 5107 καὶ
3730 5053 3846 5118 s5:-

2269 5145 2475 5210 τάζειν,
2515 5146 2615 5198 καὶ
2648 5144 2776 5206 τοὺς
2820 5142 2919 5212 μὲν
2966 5140 3150 5206 ἀξίους
3183 5143 3415 5197 ἐπαίνου
3444 5144 3506 5207 ἑς
3533 5143 3638 5208 τὰς
3670 5144 3844 5213 φυλάς

2270 5237 2366 5290 καὶ
2393 5237 2452 5299 ἑς
2489 5234 2588 5306 τὴν
2634 5235 2848 5289 ίππάδα
2890 5234 2987 5287 καὶ
3035 5234 3136 5305 τὴν
3184 5233 3479 5304 γερουσίαν
3516 5237 3845 5306 ἑγγράφειν,

2230 5376 2233 5377 ,
2270 5320 2450 5384 καθὼς
2477 5322 2731 5386 ἑκάστοις
2774 5322 3076 5392 προσήκειν
3124 5322 3449 5392 ἐνομίζετο·
3495 5324 3626 5387 τοὺς
3674 5325 3721 5379 δ⁴
3748 5327 3849 5379 οὑκ

2270 5408 2331 5467 εὖ
2397 5412 2666 5483 βιοῦντας,
2709 5412 3083 5481 ἁπανταχόθεν
3114 5413 3316 5485 δμοίως
3372 5414 3723 5483 ἀπαλείφειν.
3783 5418 3850 5470 Ὃ

2274 5509 2459 5577 μεῖζον
2481 5505 2698 5561 πάντων
2724 5500 2792 5575 ἦν
2818 5504 2927 5558 τῶν
2956 5505 3069 5566 τοῖς
3096 5503 3322 5568 ὑπάτοις
3348 5505 3847 5574 καταλειφθέντων.

2275 5599 2492 5661 Πίστεις
2514 5597 2560 5650 δ’
2588 5596 2847 5664 ἐνόρκους
2878 5597 2964 5665 ἐφ’
3001 5595 3219 5666 ἑκάστῳ
3262 5596 3581 5666 πεποίηντο,
3614 5600 3695 5660 ὡς
3724 5599 3853 5651 οὔτε

2276 5689 2410 5760 πρὸς
2435 5688 2615 5759 χάριν,
2646 5685 2771 5741 οὔτε
2820 5684 2959 5757 πρὸς
3003 5686 3202 5757 ἔχθραν
3247 5704 3299 5741 τι
3334 5687 3604 5752 ποιοῦσιν,
3634 5688 3759 5741 ἀλλ’
3793 5690 3854 5754 ἐξ

2277 5769 2445 5851 ὀρθῆς
2495 5780 2719 5851 γνώμης
2777 5781 2842 5834 τὰ
2894 5780 3238 5850 συμφέροντα
3275 5781 3348 5850 τῷ
3382 5779 3543 5847 κοινῷ
3575 5782 3669 5833 καὶ
3722 5799 3847 5835 axo-
