4042 6200
256 286 391 351 605

809 356 834 389 ο

1556 291 1962 352 ΑΝΝΛΙΛΠΜ
2005 294 2152 352 LIB.
2179 294 2315 355 VII.

3436 295 3562 364 ’606

258 400 457 453 ποῦσι
482 398 580 454 καὶ
621 397 948 470 πράττουσι.
996 400 1105 454 Καὶ
1151 401 1243 453 τον
1272 399 1445 471 δῆμον
1481 401 1572 455 ἐπί
1600 419 1659 454 τε
1694 403 1852 471 νόμωε

1977 401 2154 458 lectus
2182 410 2351 466 esset,
2400 417 2499 472 per
2545 416 2767 457 omnem
2809 411 3028 460 mtatem
3063 404 3120 461 in
3161 422 3229 462 eo
3268 420 3561 468 maneret:

263 490 599 561 είσιροραῖς,
633 490 725 544 καὶ
753 493 866 554 τοῖς
892 490 1079 555 ἄλλοις
1121 491 1497 564 συνήθροιζον,
1536 493 1631 546 καὶ
1661 492 1740 562 τῷ
1767 492 1852 546 τῶι

1979 507 2162 563 neque
2201 493 2483 549 deleretur
2521 510 2589 550 ex
2632 496 2778 562 albo,
2816 497 2921 552 nisi
2955 499 3025 555 ob
3062 498 3279 556 facinus
3328 501 3563 571 ignomi-

265 581 561 650 μειζόνων
598 583 787 653 ἀρχῶν
821 583 1036 653 κόσμῳ,
1080 583 1222 654 πλὴν
1267 583 1582 655 ῥαϐδούχων
1611 585 1873 655 ἐχρῶντο.

261 673 533 745 Τοιαύτη
565 676 598 744 ἡ
626 674 738 728 τῶν
771 676 1019 745 τιμητῶν
1051 675 1299 746 ὑπῆρχεν
1331 679 1496 747 ἀρχή.
1533 675 1655 729 Τῶν
1688 677 1875 742 μέντοι

268 767 361 835 μὴ
400 765 889 836 ἀπογραψαμένων
919 768 1016 830 τάς
1048 767 1239 830 οὐσίας
1271 769 1329 821 έν
1372 770 1494 831 ταῖς
1523 770 1874 839 ἀπογραφαῖς

263 858 379 911 καὶ
425 858 676 923 ἑαυτοὺς,
731 858 829 920 τὰς
893 859 994 929 μὲν
1045 859 1234 922 οὐσίας
1280 859 1331 912 οἱ
1386 860 1639 930 τιμηταὶ,
1674 862 1873 925 αὐτοὺς

264 948 327 1003 δ’
354 950 609 1014 ἐκείνους
639 951 692 1004 οί
739 949 941 1005 ὕπατοι
986 953 1353 1024 ἐπίπρασκον.
1403 953 1602 1024 Χρόνῳ
1649 953 1748 1023 μὲν
1775 948 1871 1007 οὖν

264 1061 388 1096 τινι
419 1043 579 1097 ταῦθ’
606 1042 784 1107 οὓτως
815 1043 1092 1115 ἐπράχθη.
1125 1044 1396 1115 Ὕστερον
1424 1045 1480 1098 δὲ
1507 1044 1600 1098 τὸν
1631 1044 1780 1112 ἅπαξ
1802 1048 1866 1117 τῇ

270 1132 448 1203 βουλῇ
514 1133 963 1203 καταλεχθέντα,
1035 1134 1125 1188 διὰ
1194 1134 1345 1207 βίου⁸
1387 1135 1665 1205 βουλεύειν
1721 1136 1868 1201 ἔδοξε

272 1226 410 1295 μηδ’
458 1226 886 1294 ἁπαλείφεσθαι,
919 1228 967 1279 εί
1001 1228 1079 1299 μή
1109 1244 1198 1291 τις
1224 1227 1492 1299 ἀδικήσας
1517 1228 1615 1282 καὶ
1657 1229 1867 1298 κριθεὶς

263 1318 550 1386 ἠτίμωτο,
587 1318 619 1388 ἧ
653 1319 841 1381 κακῶς
868 1319 976 1384 ζῶν
997 1320 1264 1391 ἠλέγχθη.
1294 1321 1432 1383 Τούς
1461 1320 1570 1390 γάρ
1592 1321 1866 1385 τοιούτους

262 1411 609 1482 ἁπηλειφον,
635 1414 731 1466 καὶ
768 1408 884 1468 ἀντ’
913 1414 1095 1467 αὐτῶν
1130 1415 1354 1486 ἐτέρους
1385 1415 1709 1485 ἐνέγραφον.
1743 1415 1865 1467 Τῶν

262 1500 327 1553 δὲ
362 1506 724 1573 προσκαίρως
748 1505 1028 1575 ἀρχόντων
1073 1507 1346 1576 πρεσϐεῖα
1384 1505 1485 1563 μὲν
1513 1505 1723 1559 ἐδέδοτο
1749 1508 1863 1569 τοῖς

260 1595 622 1666 δικτάτορσι,
659 1597 944 1668 δευτερεῖα
991 1598 1049 1652 δέ
1092 1616 1158 1668 γε
1205 1603 1321 1663 τοῖς
1376 1598 1660 1670 τιμηταῖς,
1723 1602 1757 1669 ἡ
1806 1600 1863 1653 δὲ

260 1692 431 1761 τρίτη
488 1692 641 1758 τάξις
694 1694 806 1756 τοῖς
863 1692 1164 1764 ἱππάρχοις
1212 1694 1502 1764 νενέμητο.
1545 1692 1656 1746 Καὶ
1710 1691 1853 1744 οὕτω
1891 1693 2068 1746 ταῦτα
2115 1692 2400 1756 ἐτέτακτο,

1978 585 2139 640 nioso
2186 585 2398 656 judicio
2445 588 2849 646 condemnatus
2898 601 3081 653 c<set.
3133 604 3230 647 aut
3288 593 3551 663 improba:

1975 677 2103 733 vitae
2130 692 2440 734 convnctus.
2486 679 2716 737 Talibus
2769 683 2918 737 enim
2954 684 3009 737 in
3042 685 3295 739 ordinem
3326 687 3555 749 coactis,

1974 770 2114 825 alios
2143 770 2200 825 in
2229 786 2422 826 eorum
2447 771 2628 826 locum
2661 773 3091 828 substituebant.
3126 775 3184 828 lu
3222 774 3558 846 magistrati-

1974 862 2078 918 bus
2110 871 2421 932 temporum
2459 879 2626 920 causa
2666 865 2958 932 institutis,
2993 868 3306 937 principem
3332 869 3554 923 obtine-

1962 952 2105 1009 ‘bant
2151 954 2332 1009 locum
2382 955 2704 1019 dictatores.
2755 957 3071 1027 proximum
3111 971 3396 1023 censores,
3440 968 3553 1013 ter-

1966 1044 2110 1099 tium
2129 1046 2377 1116 magistri
2402 1047 2652 1117 equitum
2677 1066 2693 1102 ι
2718 1049 2813 1119 qui
2831 1049 2990 1114 ordo,
3012 1049 3128 1105 sive
3154 1050 3210 1105 in
3231 1051 3552 1121 magistratu

1970 1145 2183 1203 essent,
2216 1138 2332 1193 sive
2361 1153 2430 1194 eo
2448 1140 2736 1206 abiissent,
2766 1143 3188 1197 observabatur.
3228 1142 3385 1209 Quod
3410 1142 3455 1197 si
3481 1143 3548 1197 ad

1969 1229 2235 1285 humilius
2282 1246 2483 1287 munus
2534 1232 2977 1299 descendissent,
3024 1235 3267 1304 priorem
3314 1234 3554 1303 dignita-

1970 1333 2079 1377 tem
2102 1323 2427 1380 inviolatam
2458 1327 2804 1381 obtinebant.
2844 1328 3000 1384 Unus
3029 1328 3254 1397 quidam
3293 1327 3553 1397 princeps

1967 1423 2194 1470 senatus
2247 1431 2345 1485 per
2401 1417 2455 1471 id
2504 1426 2744 1481 tempus.
2792 1419 2924 1472 dum
2977 1419 3025 1473 is
3084 1418 3549 1473 honos~durabat

1968 1505 2170 1575 (neque
2202 1505 2350 1561 enim
2404 1517 2713 1577 perpetuus
2757 1513 2896 1579 erat)
2953 1509 3211 1565 omnibus
3254 1507 3546 1579 dignitate,

1964 1613 2079 1653 non
2107 1599 2353 1668 potentia
2381 1602 2698 1669 praestabat.

2481 1692 2586 1746 κᾶν
2639 1693 2699 1745 ἐν
2788 1694 2913 1755 ταῖς
2972 1693 3171 1764 ἀρχαῖς
3228 1689 3390 1765 ἦσαν,
3443 1692 3549 1747 κᾶν

261 1783 698 1853 ἀπηλλάγησαν.
768 1784 832 1837 Εί
891 1787 1001 1855 γάρ
1052 1803 1135 1850 τις
1176 1787 1257 1840 ⁸ἐκ
1308 1787 1557 1855 μείζονος
1611 1787 1785 1856 ἀρχῆς
1853 1787 1935 1849 είς
1972 1784 2374 1855 ὑποδεεστέραν
2429 1785 2691 1854 κατέστη,
2743 1785 2806 1838 τὸ
2855 1788 2954 1855 τῆς
3005 1787 3286 1856 προτέρας
3331 1784 3550 1855 ἀξίωμα

262 1875 419 1947 εἶχεν
448 1877 735 1947 ἀκέραιον.
777 1873 870 1939 Εἷς
926 1875 985 1932 δέ
1040 1894 1148 1941 τις,
1207 1879 1268 1932 ὃν
1321 1879 1598 1948 πρίγκιπα
1637 1879 1736 1947 μὲν
1758 1878 1855 1946 τῆς
1894 1877 2187 1948 γερουσίας
2259 1876 2549 1947 ὠνόμαζον
2603 1877 2837 1945 (λέγοιτο
2887 1879 2934 1932 δ’
2985 1879 3052 1932 ἄν
3082 1878 3206 1933 καθ’
3276 1878 3548 1948 Ἕλληνας

264 1964 597 2037 πρόκριτος)
625 2009 639 2031 ,
699 1968 1035 2037 συμπάντων
1095 1969 1314 2039 προεῖχε
1389 1969 1480 2022 τὸν
1551 1967 1744 2039 χρόνον
1795 1966 1854 2019 ὃν
1894 1967 2253 2037 προεκρίνετο
2301 1969 2385 2037 (οὐ
2442 1969 2553 2038 γὰρ
2601 1969 2691 2023 διὰ
2728 1969 2845 2040 βίον
2913 1987 2996 2033 τις
3044 1973 3127 2035 είς
3205 1971 3367 2025 τοῦτο
3414 1989 3553 2043 προ·

263 2060 618 2131 εχειρίζετο),
674 2062 770 2115 καὶ
812 2062 1085 2134 προέφερε
1116 2062 1226 2116 τῶν
1259 2062 1438 2116 ἄλλων
1486 2061 1564 2131 τῷ
1608 2060 1880 2129 ἀξιώματι
1919 2060 1977 2113 οὐ
2007 2061 2116 2131 μὴν
2144 2062 2238 2114 καὶ
2270 2062 2500 2132 δυνάμει
2520 2064 2719 2134 ἐχρῆτο
2743 2082 2875 2120 τινι.

339 2155 433 2211 κ’.
460 2156 670 2227 Χρόνον
709 2157 808 2227 μὲν
839 2155 931 2210 οὖν
974 2174 1099 2210 τινα
1153 2157 1382 2228 εἰρήνην
1426 2156 1564 2225 πρὶς
1594 2155 1852 2226 ἀλλήλους

2034 2153 2154 2209 XX.
2193 2154 2274 2209 Ad
2307 2156 2456 2211 hunc
2506 2156 2731 2212 modum
2779 2173 2913 2228 pace
2952 2159 3020 2214 ad
3060 2169 3276 2231 tempus
3301 2163 3451 2219 domi
3489 2175 3547 2221 et

265 2248 534 2317 καὶπρὸς
567 2250 696 2312 τοὺς
732 2250 1052 2319 περιοίκους
1082 2251 1317 2319 ἤγαγον.
1347 2246 1480 2303 Εἶτα
1524 2247 1686 2319 λιμοῦ
1737 2249 1856 2300 ἐπι-

264 2342 676 2410 κρατήσαντος,
703 2339 845 2393 ὦστε
875 2341 1031 2405 τινὰς
1058 2345 1154 2393 καὶ
1211 2342 1292 2405 εἰς
1326 2341 1418 2394 τὸν
1452 2339 1696 2408 ποταμὸν
1725 2341 1855 2392 ἐαυ-

261 2435 395 2498 τούς
426 2433 710 2505 ἐμϐαλεῖν,
765 2435 840 2504 μὴ
886 2433 1151 2505 φέροντας
1187 2434 1280 2488 τὸν
1316 2435 1473 2503 λιμὸν
1503 2435 1852 2488 ἐστασίασαν.

263 2529 330 2582 Oi
359 2528 465 2599 μὲν
497 2527 607 2600 γάρ
653 2530 780 2591 τούς
831 2527 1101 2597 εὐπόρους
1161 2526 1235 2590 ὡς
1289 2529 1418 2597 περὶ
1469 2527 1559 2580 τον
1591 2529 1737 2579 σῖτον
1765 2542 1857 2579 και

262 2620 647 2693 κουργοῦντας
676 2623 734 2674 ὲν
766 2619 916 2692 αἰτίᾳ
947 2619 1268 2689 πεποίηντο,
1301 2620 1349 2671 οἱ
1381 2620 1437 2672 δὲ
1465 2618 1588 2682 τούς
1615 2620 1856 2688 πένητας

261 2714 341 2776 ὡς
379 2712 481 2783 τὴν
512 2714 617 2783 γῆν
649 2712 726 2784 μὴ
758 2711 1185 2783 βουλευομένους
1211 2711 1571 2783 ἐργάζεσθαι.
1617 2711 1764 2765 Ἰδὼν
1797 2711 1854 2764 δὲ

256 2807 427 2860 τοῦτο
478 2805 749 2877 Σπούριος
801 2804 1073 2869 Μάλλιος,
1111 2805 1252 2877 ἀνὴρ
1309 2805 1514 2868 ἱππεὺς
1571 2803 1850 2869 πλούσιος,

257 2894 546 2965 τυραννίδι
575 2893 987 2966 ἐπικεχείρηκε,
1019 2895 1113 2951 καὶ
1144 2899 1292 2948 σῖτον
1318 2897 1381 2949 ὲκ
1418 2897 1520 2966 τῆς
1543 2893 1852 2967 περιχώρου

259 2988 601 3059 πριάμενος,
640 2988 860 3050 πολλοῖς
891 2988 990 3059 μὲν
1024 2988 1396 3055 ἐπευωνίζων,
1428 2989 1650 3052 πολλοῖς
1675 2989 1733 3043 δὲ
1758 2990 1856 3043 καὶ

260 3083 472 3150 προῖκα
507 3079 704 3145 ἐδίδου,
744 3082 855 3135 κάκ
914 3081 1107 3134 τούτου
1156 3083 1390 3151 συχνοὺς
1423 3080 1855 3154 προσῳκειωσά-

260 3192 457 3246 μενος,
491 3173 630 3227 ὅπλα
671 3190 731 3226 τε
767 3173 1062 3245 ὲπορίσατο
1098 3177 1193 3227 καὶ
1236 3174 1532 3244 φρουροὺς,
1560 3176 1656 3228 καὶ
1686 3174 1848 3244 ἐκρά-

254 3286 435 3336 τησεν
460 3268 525 3321 ἂν
550 3268 651 3336 τῆς
683 3267 914 3332 πόλεως,
954 3270 1001 3321 εί
1043 3268 1117 3337 μὴ
1156 3266 1454 3332 Μινούκιος
1495 3268 1850 3337 Αὐγουρῖνος,

256 3360 406 3430 ἀνὴρ
440 3360 820 3428 εὐπατρίδης,
867 3360 961 3412 ὲπὶ
1022 3361 1087 3429 τῇ
1140 3357 1412 3430 σιτοδοσίᾳ
1493 3360 1851 3428 τεταγμένος,

258 3456 361 3509 καὶ
420 3454 753 3523 αἰτιώμενος
811 3454 904 3506 ἐπὶ
957 3455 1022 3523 τῇ
1088 3451 1345 3525 σιτοδείᾳ,
1404 3453 1715 3522 εἰσήγγειλε
1778 3457 1844 3525 τῇ

256 3547 431 3620 βουλῇ
459 3548 521 3600 τὸ
554 3546 953 3617 πραττόμενον.
1001 3546 1065 3599 Ἠ
1084 3546 1142 3600 δὲ
1182 3547 1465 3616 γερουσία,
1506 3547 1754 3616 μαθοῦσα
1787 3549 1848 3602 τὸ

262 3643 540 3709 μήνυμα,
602 3638 903 3710 δικτάτορα
960 3638 1277 3708 παραυτίκα
1333 3639 1390 3690 ἐν
1441 3638 1520 3709 τῷ
1590 3639 1851 3711 συνεδρίῳ

257 3732 458 3783 ἀνεῖπε
517 3728 612 3781 τὸν
662 3729 922 3781 Κοΐντιον
977 3727 1070 3779 τὸν
1111 3727 1348 3781 Λούκιον
1386 3730 1480 3781 τὸν
1532 3731 1846 3795 Κικινάτον,

257 3824 361 3878 καὶ
394 3822 572 3875 ταῦτα
604 3821 891 3891 παρήλικα
922 3820 1050 3874 ὄντα
1077 3820 1564 3891 (ὀγδοηκοντούτης
1596 3820 1703 3891 γὰρ
1732 3817 1844 3891 ἦν).

256 3915 446 3969 Κάκεῖ
475 3914 576 3984 τὴν
604 3914 824 3984 ἡμέραν
856 3914 1036 3965 πᾶσαν
1080 3911 1371 3966 ἀνάλωσαν
1419 3913 1847 3983 συγκαθήμενοι,

257 4006 336 4070 ὦς
362 4027 417 4062 τι
440 4006 504 4076 δὴ
535 4006 937 4075 βουλευόμενοι,
966 4005 1051 4058 ἵνα
1088 4005 1163 4076 μὴ
1187 4005 1249 4058 τὸ
1272 4005 1499 4074 γεγονὸς
1522 4005 1847 4077 ἐκφοιτήσῃ.

258 4099 482 4162 Νυκτὸς
513 4098 571 4152 δὲ
603 4100 631 4151 ὁ
669 4098 946 4170 δικτάτωρ
973 4097 1036 4151 τὸ
1068 4098 1416 4151 Καπιτώλιον
1443 4101 1536 4150 καὶ
1576 4099 1645 4150 τὰ
1684 4097 1850 4153 λοιπά

254 4193 328 4245 τὰ
387 4189 791 4261 ἐπικαιρότατα
826 4190 915 4243 διὰ
959 4189 1069 4242 τῶν
1124 4190 1336 4243 ἱππέων
1384 4187 1844 4258 προκαταλαϐὼν,

254 4285 434 4340 ἕωθεν
488 4285 582 4337 ἐπὶ
639 4283 731 4335 τὸν
782 4282 1024 4337 Μάλλιον
1071 4280 1288 4351 ἔπεμψε
1338 4280 1498 4334 Γάϊον
1538 4281 1848 4350 Σερουΐλιον

253 4381 353 4431 τὸν
376 4379 682 4447 ἵππαρχον,
706 4376 780 4438 ὡς
801 4375 869 4430 δι’
892 4375 1019 4428 ἄλλο
1034 4393 1086 4429 τι
1109 4376 1319 4428 ἐκεῖνον
1342 4372 1844 4444 μετακαλούμενος.

266 4468 331 4523 Ὀ
349 4471 408 4523 δὲ
441 4466 891 4538 ὐποςοπήσαντός
914 4485 966 4521 τι
990 4467 1083 4521 τοῦ
1116 4466 1381 4531 Μαλλίου,
1411 4468 1505 4521 καὶ
1533 4467 1847 4537 διαμέλλον-

252 4579 350 4627 τος
397 4563 604 4626 δείσας,
638 4563 714 4632 μὴ
757 4561 863 4613 ὐπὸ
910 4559 1005 4614 τοῦ
1059 4561 1302 4630 πλήθους
1347 4561 1667 4632 ἐξαρπαοθῇ
1722 4562 1844 4634 (ἤδη

255 4653 373 4722 γάρ
412 4651 759 4724 συνέτρεχον)
801 4651 1010 4704 ἔκτεινε
1049 4651 1143 4704 τὸν
1188 4651 1379 4723 ἄνδρα,
1418 4652 1451 4721 ἧ
1490 4654 1843 4723 αὐτογνωμοο

253 4747 455 4815 νήσας,
486 4746 519 4815 ἢ
547 4743 708 4798 τοῦτο
751 4741 1180 4813 κεκελευσμένος
1218 4745 1353 4813 πρὸς
1380 4743 1475 4797 τοῦ
1505 4744 1843 4816 δικτάτορος.

1957 2246 2095 2301 foris
2129 2248 2452 2311 conStituta,
2490 2255 2641 2304 tanta
2691 2249 2865 2303 fames
2906 2250 3096 2305 urbem
3149 2256 3447 2323 oppressit,
3487 2264 3545 2311 ui

1956 2339 2181 2409 quidam
2222 2339 2459 2395 inediam
2487 2356 2597 2399 non
2629 2344 2891 2406 terentes,
2932 2343 2986 2396 in
3015 2342 3220 2399 ﬂumen
3252 2361 3312 2401 se
3340 2349 3538 2416 praeci-

1958 2432 2218 2503 pitarent.
2270 2433 2427 2489 Unde
2471 2444 2593 2487 orta
2628 2433 2926 2500 seditione,
2969 2450 3244 2506 pauperes
3278 2438 3545 2495 divitibus

1957 2539 2190 2579 annonae
2237 2525 2709 2595 suppressionem,
2765 2527 2968 2582 divites
3012 2531 3352 2599 pauperibus
3398 2533 3545 2601 agri-

1956 2617 2189 2672 cultura:
2228 2619 2538 2688 neglectum
2569 2618 2787 2673 crimini
2836 2619 3061 2674 dabant.
3098 2621 3218 2686 Qua
3263 2621 3337 2675 de
3364 2637 3539 2677 causa

1956 2707 2192 2778 Spurius
2244 2708 2436 2764 Melius
2470 2724 2675 2779 eques,
2709 2711 2875 2764 homo
2913 2709 3086 2773 dives,
3142 2721 3458 2781 coemptum
3508 2730 3538 2767 a

1958 2800 2208 2855 finitimis
2246 2799 2612 2865 frumentum,
2664 2801 2788 2857 aliis
2836 2801 3067 2855 minoris
3113 2802 3384 2869 vendidit,
3417 2804 3539 2860 aliis

1955 2894 2196 2964 gratuito
2238 2892 2414 2947 dedit.
2450 2893 2638 2962 anue
2664 2909 2724 2948 re
2750 2894 2936 2949 multis
2955 2894 3058 2950 siti
3091 2896 3420 2959 conciliatis,
3441 2912 3540 2966 spe

1958 2986 2110 3057 regni
2129 2994 2419 3056 concepta,
2439 2999 2591 3040 arma
2606 2995 2663 3042 et
2680 2987 2949 3041 satellites
2967 2987 3334 3057 comparavit.
3358 2988 3537 3056 Atque

1958 3082 2095 3134 urbe
2153 3079 2361 3150 potitus
2387 3088 2555 3143 esset,
2623 3081 2730 3135 nisi
2750 3081 3029 3136 Minutius
3082 3081 3418 3151 Augurinus,
3452 3083 3539 3136 vir

1954 3170 2243 3240 patricius,
2282 3169 2360 3225 rei
2400 3168 2779 3225 frumentaria:
2813 3169 3128 3241 prmfcctus,
3168 3186 3294 3227 cum
3322 3174 3393 3227 ob
3436 3187 3536 3224 an-

1954 3279 2114 3319 nonae
2143 3264 2432 3334 penuriam
2471 3272 2859 3327 accusaretur,
2900 3279 3015 3319 rem
3062 3263 3129 3319 ad
3161 3274 3414 3319 senatum
3442 3265 3541 3319 de-

1956 3357 2189 3411 tulisset.
2269 3354 2372 3422 Qui
2428 3356 2613 3411 statim
2679 3355 2743 3410 L.
2802 3354 3089 3423 Quintium
3139 3356 3530 3413 Cincinnatum

1955 3449 2280 3504 dictatorem
2315 3447 2575 3504 dixerunt
2611 3449 2793 3504 virum
2829 3461 3043 3505 exactas
3072 3452 3286 3519 vetatis,
3331 3468 3536 3507 annum

1956 3551 2209 3614 agentem
2259 3552 2612 3612 Lxxx,atque
2658 3543 2714 3597 in
2757 3544 2911 3599 curia
2951 3555 3125 3599 totum
3158 3546 3304 3601 diem
3329 3546 3513 3600 delibe

1954 3634 2195 3688 rantium
2230 3633 2414 3703 specie
2450 3633 2859 3698 consederunt,
2889 3650 2959 3689 ne
2986 3634 3041 3688 id
3080 3636 3360 3690 decretum
3390 3636 3538 3691 foras

1951 3725 2354 3781 eliminaretur.
2378 3725 2556 3780 Noctu
2589 3727 2830 3781 dictator
2854 3727 3194 3795 Capitolium
3226 3738 3284 3782 et
3309 3729 3412 3782 alia
3440 3740 3537 3798 op-

1953 3833 2189 3887 portuna
2219 3817 2338 3872 loca
2378 3833 2479 3886 per
2511 3820 2727 3888 equites
2761 3828 3021 3888 occupat.
3059 3817 3216 3873 Mane
3240 3819 3304 3874 C.
3337 3818 3529 3875 Servi-

1952 3911 2085 3964 lium
2130 3911 2450 3981 magistrum
2490 3913 2742 3981 equitum
2775 3912 2841 3965 ad
2875 3911 3097 3967 Melium
3131 3912 3321 3978 mittit,
3365 3915 3529 3982 quasi

1951 4020 2049 4075 per
2081 4004 2243 4058 aliam
2269 4017 2492 4059 causam
2537 4003 2958 4060 accersendum.
2995 4006 3153 4076 351
3199 4007 3269 4061 At
3304 4006 3396 4061 ille
3424 4006 3533 4062 Me-

1952 4097 2091 4151 lium
2119 4096 2327 4167 aliquid
2363 4097 2740 4168 suspicantem
2787 4106 2845 4153 et
2877 4099 3360 4169 tergiversantem,
3391 4100 3534 4153 veri-

1953 4199 2041 4243 tus
2071 4205 2139 4243 ne
2170 4203 2442 4244 concursu
2483 4190 2669 4259 populi
2704 4190 3038 4260 eriperetur,
3090 4190 3374 4257 interficit,
3409 4190 3527 4246 sive

1949 4290 2146 4347 suopte
2181 4279 2434 4343 consilio,
2470 4282 2585 4335 sive
2612 4279 2903 4335 dictatoris
2937 4281 3121 4350 jussu.
3150 4279 3233 4335 Ob
3263 4282 3409 4350 quod
3443 4282 3528 4336 fa-

1949 4382 2098 4427 ctum
2134 4373 2509 4427 tumultuante
2552 4371 2931 4437 multitudine,
2975 4371 3232 4438 Quintius
3262 4373 3529 4426 concione

1950 4465 2157 4529 habita,
2201 4476 2255 4520 et
2281 4464 2564 4520 frumento
2608 4464 2930 4528 distributo,
2978 4472 3237 4519 accusato
3269 4464 3529 4517 multato-

1947 4575 2056 4630 que
2091 4559 2334 4620 nemine,
2375 4567 2584 4612 motum
2613 4572 2740 4612 eum
2777 4556 3012 4611 sedavit.
3053 4556 3263 4623 Deinde
3292 4556 3527 4611 Bonnani

1947 4653 2107 4708 bellis
2173 4652 2327 4723 pctiti
2380 4667 2409 4704 a
2458 4651 2692 4706 diversis
2735 4651 3016 4721 gentibus,
3057 4658 3284 4704 caeteras
3338 4649 3529 4719 paucis

1947 4744 2143 4800 diebus
2171 4742 2441 4810 vicerunt,
2481 4742 2578 4798 sed
2612 4758 2738 4799 cum
2765 4741 3066 4813 Tyrrhenis
3095 4741 3257 4813 longo
3282 4750 3529 4809 tempore

251 4836 672 4908 Θορυϐηθέντος
701 4835 748 4889 δ’
781 4836 875 4888 ἐπὶ
903 4833 1081 4907 τούτῳ
1113 4834 1209 4889 τοῦ
1243 4835 1504 4905 πλήθους,
1535 4839 1562 4889 ό
1587 4839 1842 4903 Κυϊντιος

1955 4837 2323 4892 decertarunt.
2351 4835 2573 4897 Milites,
2607 4851 2732 4888 cum
2766 4833 3125 4890 Posthumius
3146 4834 3305 4888 victis
3339 4831 3532 4901 [Equis

249 4928 677 5000 δημηγορήσας,
715 4928 809 4981 καὶ
853 4929 1000 4981 σῖτον
1050 4927 1205 4996 σφίσι
1240 4927 1565 4998 παρασχὼν,
1623 4930 1717 4982 καὶ
1767 4932 1840 5000 μὴ

251 5040 384 5078 τινα
405 5023 594 5093 ἕτερον
626 5021 658 5092 ἢ
693 5020 953 5085 κολάσας,
986 5021 1019 5092 ἦ
1049 5019 1529 5089 ἐπαιτιασάμενος,
1566 5023 1658 5076 τὸν
1684 5023 1844 5095 θόρυ-

250 5112 352 5162 ϐον
381 5107 609 5164 ἔπαυσε.
634 5107 899 5179 Πολέμων
924 5109 979 5161 δὲ
1005 5112 1121 5172 τοῖς
1164 5107 1456 5179 Ῥωμαίοις
1485 5113 1547 5165 ἐκ
1567 5112 1841 5185 διαφόρων

254 5200 432 5253 ἐθνῶν
465 5196 1102 5270 ἐπενηνεγμένων,“τούς
1133 5201 1232 5272 μὲν
1264 5203 1323 5256 ὲν
1347 5203 1562 5271 ὀλίγαις
1600 5205 1841 5276 ἡμέραις

252 5292 545 5363 ἐνίκησαν,
564 5294 678 5353 τοῖς
705 5291 762 5345 δὲ
787 5290 1093 5362 Τυρσηνοῖς
1114 5293 1208 5347 ἐπὶ
1234 5294 1446 5364 μακρὸν
1464 5296 1837 5367 ἐπολέμησαν.

249 5386 600 5456 Ποστουμίου
629 5385 687 5437 δὲ
716 5386 1073 5457 νενικηκότος
1103 5387 1231 5451 τούς
1283 5388 1570 5455 Αίκουούς,
1610 5390 1707 5442 καὶ
1744 5408 1838 5461 με·

251 5478 432 5549 γάλην
491 5477 646 5529 πόλιν
702 5477 918 5540 ἑλόντος
964 5476 1168 5542 αὐτῶν,
1218 5478 1301 5532 ὅτι
1349 5478 1476 5551 μήτ’
1530 5480 1747 5552 ἐκείνην
1792 5482 1842 5533 οἱ

248 5569 597 5640 στρατιῶται
630 5573 711 5636 είς
763 5573 1048 5645 προνομὴν
1101 5573 1547 5645 ὲξεχωρήθησαν,
1611 5577 1754 5648 μήτε
1785 5593 1840 5630 τι

242 5665 349 5732 τῆς
395 5662 546 5727 λείας
602 5666 933 5736 αἰτήσαντες
984 5666 1200 5733 ἔλαϐον,
1241 5669 1334 5721 τόν
1382 5686 1441 5721 τε
1496 5670 1699 5740 ταμίαν
1747 5670 1838 5723 τὸν

237 5756 626 5826 διατιθέμενον
662 5758 829 5829 αὐτὴν
865 5759 1225 5829 περιστάντες
1266 5760 1586 5829 ἐφόνευσαν,
1623 5762 1714 5817 καὶ
1748 5761 1838 5815 τὸν

1953 4945 2203 5000 magnam
2230 4944 2423 4984 eorum
2457 4928 2649 4982 urbem
2678 4935 3043 4997 expugnatam
3066 4967 3080 4990 ,
3115 4943 3225 4980 non
3258 4926 3529 4995 diripien-

1951 5023 2076 5077 dam
2119 5023 2382 5087 dedisset,
2423 5036 2607 5089 neque
2647 5035 2714 5074 ex
2764 5018 3040 5074 manubiis
3071 5018 3371 5089 quidquam
3397 5032 3531 5071 con-

1948 5116 2234 5182 cessisset,
2328 5123 2661 5184 qnzestorcm
2748 5111 3031 5183 primum,
3093 5111 3295 5166 deinde
3350 5110 3528 5179 ipsum

1946 5209 2109 5263 etiam
2145 5206 2529 5261 l’osthumium
2558 5248 2573 5272 ,
2602 5206 2977 5275 obiurgantem
3007 5245 3022 5269 ,
3052 5214 3106 5259 et
3136 5204 3300 5259 caedis
3336 5213 3528 5257 aucto-

1946 5315 2033 5353 res
2066 5299 2135 5352 ad
2167 5297 2494 5368 supplicium
2525 5298 2916 5368 postulantem,
2949 5297 3313 5351 occiderunt:
3344 5309 3524 5363 neque

1943 5406 2137 5445 recens
2193 5400 2415 5460 captum
2462 5390 2771 5453 duntaxat,
2821 5391 2916 5445 sed
2966 5405 3187 5443 omnem
3241 5387 3523 5457 publicum

1937 5498 2127 5554 agrum
2167 5481 2271 5538 sibi
2314 5482 2693 5538 vindicarunt.
2758 5483 2837 5538 Ac
2882 5482 3143 5538 diuturna
3192 5480 3387 5534 fuisset
3431 5477 3523 5534 illa

1937 5575 2164 5642 seditio,
2216 5575 2326 5630 nisi
2376 5575 2505 5631 belli
2550 5577 2618 5631 ab
2662 5574 2860 5645 .‘Equis
2894 5572 3254 5643 redintegrati
3301 5580 3516 5626 terrore

1938 5668 2298 5739 quievisscnt.
2347 5668 2593 5723 Caudium
2638 5683 2797 5737 poena
2828 5668 2883 5720 in
2928 5664 3122 5735 paucis
3167 5675 3517 5735 consumpta,

1942 5762 2126 5818 hostes
2158 5762 2431 5817 vicerunt.
2465 5759 2832 5826 Quamobrem
2866 5765 3118 5827 potentes
3146 5767 3199 5813 et
3229 5761 3516 5816 manubias
