4042 6200
552 370 664 435 607

1866 369 2106 432 ΙΟΑΝΝ
2125 370 2192 430 IS
2230 368 2548 430 ΖΟΝΑΒᾸΞ

3722 359 3840 424 6θ8

555 491 703 546 inter
728 505 826 546 eos
871 489 1284 546 distribuerunt
1319 506 1338 544 :
1382 497 1439 544 et
1489 489 1686 560 pediti,
1739 488 1946 546 deinde.
1973 490 2138 543 etiam

2250 485 2589 557 Ποστούμιον
2623 485 2969 556 ἐπιτιμῶντα
3007 483 3195 547 αὐτοῖς
3236 475 3329 536 ἐπὶ
3374 480 3572 548 τούτῳ,
3611 477 3709 530 καὶ
3738 477 3842 544 ζη-

548 583 727 652 cquiti
773 583 1046 652 stipendia
1097 581 1492 638 decreverunt.
1548 581 1683 639 Nam
1737 581 1802 636 ad
1865 581 1918 634 id
1965 595 2140 650 usque

553 683 776 742 tempus
809 672 928 726 sine
950 671 1234 734 mercede,
1261 687 1326 727 ac
1349 671 1468 726 suis
1496 672 1764 742 impensis
1789 671 2096 725 militat-ant
2122 687 2138 732 :

553 780 623 820 ac
647 773 760 819 tum
818 763 1044 819 demum
1083 764 1360 834 stipendia
1395 779 1611 820 merere
1639 773 1948 834 creperum.
1993 764 2142 818 Bello

552 854 821 910 adversus
835 855 1060 912 Veiatcs
1077 864 1221 918 orto,
1235 855 1367 910 dum
1392 856 1471 912 illi
1487 871 1588 910 suo
1608 855 1778 909 Marte
1804 855 2140 924 pugnabant,

552 961 589 1000 a
633 945 900 1001 Romanis
955 961 1100 1016 sape
1153 945 1306 1007 victi.
1342 955 1398 1002 et
1428 947 1572 1001 intra
1622 947 1824 1002 rumpia
1872 945 2140 1015 compulsi

556 1046 709 1094 sunt.
759 1038 864 1094 Sed
912 1040 1190 1095 sociorum
1238 1039 1454 1094 viribus
1508 1038 1681 1102 aucti,
1729 1039 2028 1107 eruptione
2075 1052 2142 1094 ex

561 1131 700 1186 urbe
754 1131 924 1194 facta.
968 1132 1251 1187 Romanos
1296 1133 1683 1202 proﬂigarunt.
1729 1131 1947 1188 Interea
1991 1131 2144 1188 lacus

558 1223 826 1290 Albanus,
858 1224 1089 1278 tumulis
1115 1224 1361 1293 undique
1392 1235 1603 1292 septus,
1642 1239 1768 1279 cum
1800 1225 2016 1279 nullum
2047 1224 2144 1284 ha-

559 1319 717 1373 beret
763 1333 905 1387 aqua
963 1319 1197 1384 exitum,
1231 1319 1362 1375 dum
1417 1319 1534 1375 Veii
1597 1320 2020 1384 obsidebantur,
2071 1321 2145 1374 ita

559 1409 874 1473 inundavit,
910 1419 968 1463 ut
998 1426 1140 1479 aqua
1175 1411 1318 1466 ultra
1351 1421 1568 1466 montes
1601 1411 1843 1476 evoluta,
1879 1412 1950 1467 ad
1990 1427 2144 1466 mare

560 1501 901 1556 decurreret.
944 1505 1066 1570 Quo
1119 1519 1245 1558 cum
1297 1505 1528 1558 Romani
1579 1504 1849 1560 divinitus
1875 1506 2142 1573 portendi

557 1593 769 1662 aliquid
800 1595 1115 1660 crederent,
1150 1597 1477 1665 Delphicum
1531 1599 1821 1653 oraculum
1847 1599 2147 1654 consulue-

559 1695 711 1741 runt.
760 1687 892 1742 Erat
919 1696 976 1742 et
1009 1689 1154 1758 apud
1186 1690 1458 1746 Veientes
1491 1691 1815 1762 Tyrrhenus
1847 1701 2022 1757 vates,
2051 1691 2144 1761 qui

557 1793 688 1834 cum
719 1779 915 1850 Pythia
959 1782 1364 1838 consentiebat.
1427 1784 1603 1837 Ambo
1643 1783 1793 1838 enim
1826 1784 2018 1839 urbem
2046 1798 2146 1840 ex-

558 1879 862 1940 pugnatum
896 1871 962 1924 iri
991 1871 1354 1932 allirmabant.
1391 1871 1434 1926 si
1461 1887 1584 1940 qum
1612 1871 1948 1928 exundasset
1979 1886 2140 1942 aqua,
2177 1856 2218 1914 Β

561 1959 619 2013 in
647 1975 797 2014 mare
831 1977 942 2016 non
971 1961 1321 2024 decurreret,
1362 1962 1455 2016 sed
1509 1963 1637 2018 alibi
1675 1975 2097 2019 consumeretur
2130 1979 2144 2017 :

559 2059 621 2104 et
664 2049 913 2117 quaedam
973 2065 1126 2106 sacra
1181 2051 1298 2107 ﬁeri
1353 2052 1661 2122 jusserunt.
1706 2050 1902 2106 Verum
1959 2054 2150 2122 Apollo

563 2155 669 2194 nec
694 2142 894 2210 quibus
925 2142 1052 2204 diis,
1092 2158 1195 2196 nec
1233 2159 1345 2212 quo
1387 2144 1494 2196 ritu
1548 2143 1944 2197 immolandum
1977 2152 2148 2208 esset,

557 2232 882 2289 declaravit.
904 2234 1232 2304 Tyrrhenus
1259 2248 1442 2290 autem
1482 2251 1606 2292 cum
1640 2252 1702 2291 ea
1736 2237 1880 2291 scire
1923 2237 2146 2292 videre-

566 2336 682 2386 tur,
714 2326 946 2380 celabat.
979 2326 1169 2395 Itaque
1209 2324 1442 2382 Romani
1469 2328 1615 2383 circa
1642 2329 1866 2389 ιιιαιιιία,
1901 2328 1991 2381 ubi
2019 2343 2147 2382 cum

561 2431 632 2471 co
657 2417 900 2486 colloqui
955 2418 1223 2482 solebant,
1257 2417 1534 2488 dispositi,
1581 2419 1838 2474 simulata
1883 2419 2144 2481 amicitia,

561 2523 690 2562 cum
735 2509 860 2564 aliis
911 2509 967 2564 in
1018 2512 1184 2566 rebus
1234 2511 1399 2582 352
1450 2527 1576 2566 cum
1623 2513 1766 2568 bono
1805 2514 1991 2568 animo
2025 2528 2148 2568 esse

564 2600 875 2671 jusserunt,
927 2611 1042 2656 tum
1087 2602 1311 2672 impune
1347 2603 1403 2657 in
1449 2611 1628 2658 castra
1675 2604 1828 2659 exire
1884 2605 2150 2673 permise-

567 2700 739 2744 runt:
771 2701 830 2746 et
871 2693 1364 2762 comprehensum,
1413 2696 1600 2750 omnia
1632 2711 1754 2766 quaa-
1781 2696 1927 2749 facto
1961 2704 2152 2750 essent

561 2797 722 2852 Opus,
753 2783 906 2838 cll‘ari
949 2798 1272 2856 coegerunt.
1324 2803 1394 2842 ex
1458 2789 1606 2844 illius
1650 2790 1819 2859 igitur
1862 2790 2151 2859 przeceptis

562 2891 678 2930 rem
738 2875 989 2932 divinam
1076 2878 1330 2935 fecerunt
1381 2898 1394 2935 :
1455 2880 1814 2950 perfossuque
1888 2883 2149 2946 tumulo,

560 2985 759 3038 aquam
784 2969 1188 3026 redundantem
1219 2972 1460 3031 occultis
1495 2973 1776 3027 meatibus
1807 2973 1862 3028 in
1894 2987 2149 3042 campum

559 3062 892 3129 emiserunt,
949 3067 1004 3119 in
1047 3081 1160 3135 quo
1191 3067 1375 3122 omnis
1424 3075 1752 3138 consumpta
1795 3075 1900 3132 est,
1948 3081 2053 3122 nec
2094 3065 2149 3120 in

561 3171 716 3211 mare
743 3157 1048 3227 quidquam
1077 3159 1317 3216 inﬂuxit.

2247 580 2446 634 τοῦντα
2481 578 2608 642 τοὺς
2651 579 2998 650 αὐτόχειρας,
3057 576 3560 646 προσαπέκτειναν,
3610 574 3708 622 καὶ
3735 569 3838 637 τὴν

2248 672 2435 743 χώραν
2463 673 2522 728 οὐ
2555 674 2655 744 τὴν
2684 671 3041 742 αίχμάλωτον
3085 669 3270 740 μόνον,
3323 666 3463 721 ἀλλὰ
3515 664 3613 717 καὶ
3651 663 3838 715 πᾶσαν

2251 767 2619 837 προσένειμαν
2650 768 2864 829 ἑαυτοῖς
2895 764 2998 836 τὴν
3029 767 3091 818 ἐν
3135 763 3215 832 τῷ
3261 760 3511 831 δημοσίῳ
3539 758 3664 810 τότε
3696 772 3840 822 τυγ-

2249 858 2544 926 χάνουσαν.
2594 857 2715 912 Κᾶν
2764 859 2859 911 ἐπὶ
2894 859 3150 913 πλεῖστον
3180 857 3216 924 ἡ
3259 852 3450 914 στάσις
3507 849 3839 918 διήρκεσεν,

2249 949 2302 1001 εί
2341 949 2415 1018 μὴ
2460 948 2700 1020 πόλεμος
2733 947 2890 1012 αὖθις
2941 946 3239 1017 Ῥωμαίοις
3270 943 3424 1012 παρὰ
3451 941 3558 995 τῶν
3586 939 3840 993 Αίκουῶν

2250 1042 2603 1111 ἐπενήνεκτο.
2647 1040 2985 1110 θοόηθέντες
3029 1040 3139 1109 γὰρ
3183 1036 3274 1090 διὰ
3315 1034 3474 1089 τοῦτο
3523 1032 3836 1104 ἡσύχασαν,

2251 1136 2349 1190 καὶ
2376 1136 2475 1205 τὴν
2510 1135 2787 1207 τιμωρίαν
2819 1152 2932 1188 των
2959 1133 3142 1202 φόνων
3177 1131 3262 1193 είς
3303 1129 3523 1197 ὀλίγους
3570 1124 3842 1178 ἐλθοῦσαν

2253 1226 2582 1296 ὑπέμειναν,
2626 1226 2724 1278 καὶ
2764 1223 2861 1278 ἐπὶ
2889 1224 3017 1285 τοὺς
3051 1220 3333 1283 ἐναντίους
3377 1214 3839 1287 στρατεύσαντες,

2255 1318 2403 1388 μάχη
2435 1317 2634 1379 αὖτοὺς
2670 1317 3018 1387 νενικήκασι.
3057 1312 3151 1370 Διὸ
3191 1313 3295 1383 τήν
3340 1328 3398 1364 τε
3449 1310 3601 1362 λείαν
3653 1309 3842 1368 αὐτοῖς

2252 1410 2302 1464 oi.
2325 1409 2542 1464 δυνατοὶ
2573 1407 2839 1474 διέδοσαν,
2873 1407 2968 1460 καὶ
3000 1406 3200 1476 μισθὸν
3221 1406 3334 1467 τοῖς
3359 1404 3568 1467 πεζοῖς,
3597 1398 3720 1453 εἶτα
3746 1399 3843 1451 καὶ

2253 1505 2367 1566 τοῖς
2401 1501 2661 1554 ἱππεῦσιν
2703 1500 3069 1570 ἐψηφίσαντο.
3113 1496 3334 1567 Ἀμισθλ
3373 1496 3482 1563 γάρ
3517 1494 3687 1562 μέχρι
3717 1491 3842 1543 τότε

2253 1596 2349 1649 καὶ
2375 1593 2637 1647 οἱκόσιτοι
2677 1592 2754 1663 (9.)
2791 1589 3204 1664 ἐστρατεύοντο,
3238 1589 3363 1640 τότε
3401 1586 3458 1639 δὲ
3500 1583 3723 1654 πρῶτον
3754 1599 3844 1650 μι⁸

2255 1686 2544 1758 σθοφορείν
2571 1683 2829 1756 ἧρξαντο.
2881 1682 3130 1757 Πολέμου
3168 1681 3226 1734 δέ
3259 1680 3449 1741 αὐτοῖς
3477 1677 3614 1748 πρὸς
3646 1674 3841 1728 Οὑῖέν⁴

2253 1797 2352 1844 τας
2379 1778 2698 1843 συστάντος,
2729 1777 2835 1840 ἕως
2864 1777 2966 1848 μὲν
3012 1773 3154 1828 κατὰ
3181 1773 3325 1842 σφᾶς
3355 1769 3660 1838 ἐπολέμουν
3691 1768 3841 1819 ἐκεῖ-

2246 1888 2349 1936 νοι,
2375 1869 2640 1933 πολλάκις
2679 1868 2881 1932 αὐτοὺς
2911 1871 2961 1922 oi
3023 1868 3290 1936 Ῥωμαῖοι
3342 1863 3628 1932 ἐνίκησαν,
3661 1861 3754 1913 καί
3784 1859 3840 1922 ἐς

2247 1963 2569 2029 πολιορκίαν
2617 1962 2986 2037 κατέστησαν.
3043 1956 3514 2038 Προσγενομένων
3563 1955 3622 2008 δέ
3653 1953 3840 2015 αὐτοῖς

2249 2055 2578 2124 συμμάχων,
2606 2051 2903 2124 ἐπεξῆλθον
2927 2051 3047 2112 τοῖς
3100 2048 3426 2118 Ῥωμαίοις,
3464 2043 3560 2097 καὶ
3594 2041 3838 2110 ἐπεκρά-

2246 2163 2443 2215 τησαν.
2487 2145 2577 2198 Ἐν
2610 2144 2820 2209 τούτοις
2843 2143 2898 2197 δέ
2927 2141 3022 2196 καλ⁸
3047 2140 3179 2209 προς
3203 2139 3281 2206 τῷ
3315 2137 3434 2209 ὄρει
3464 2135 3542 2206 τῷ
3591 2133 3843 2203 Ἀλϐανῷ

2246 2235 2384 2290 οὖσα
2435 2234 2602 2307 λίμνη
2658 2234 2764 2287 ὑπὸ
2811 2235 2922 2285 τῶν
2974 2229 3139 2300 πέριξ
3174 2229 3346 2296 αὒτῆς
3405 2225 3843 2297 περικλειομένη

2249 2327 2450 2396 λόφων,
2501 2327 2598 2381 καὶ
2648 2326 2723 2396 μὴ
2751 2325 2951 2396 ἔχουσα
2986 2322 3213 2393 ἐκροὴν,
3259 2321 3405 2374 κατὰ
3437 2318 3531 2371 τὸν
3582 2317 3688 2389 τῆς
3745 2335 3844 2369 πο·

2247 2419 2498 2490 λιορκίας
2531 2419 2642 2472 τῶν
2683 2418 2958 2472 Ούῖέντων
2995 2415 3190 2481 καιρὸν
3233 2415 3292 2476 ἐς
3336 2411 3597 2465 τοσοῦτον
3629 2410 3843 2479 ἐπλημο

2253 2511 2522 2582 μύρησεν,
2581 2511 2658 2574 ώς
2720 2508 3153 2580 ὑπερεκχεῖσθαι
3211 2505 3307 2558 καὶ
3354 2503 3463 2560 τῶν
3507 2503 3681 2570 ὀρῶν,
3746 2501 3840 2553 καὶ

2250 2607 2504 2658 κατιέναι
2534 2604 2672 2671 πρὸς
2702 2603 3004 2661 θάλασσαν.
3037 2602 3340 2672 Κρέναντες
3371 2598 3416 2651 δ’
3468 2598 3519 2650 οἱ
3574 2595 3839 2662 Ῥωμαῖοι

2249 2699 2472 2760 πάντως
2524 2713 2577 2750 τι
2615 2695 2706 2748 διὰ
2741 2696 2936 2748 τούτου
2969 2693 3116 2746 θεῖον
3147 2689 3530 2762 σημαίνεσθαι,
3583 2686 3842 2757 ἔπεμψαν

2251 2793 2333 2853 είς
2356 2790 2596 2858 Δελφοὺς
2629 2788 2758 2858 περὶ
2789 2788 2982 2842 τούτου
3010 2786 3370 2857 χρησόμενοι.
3400 2778 3510 2835 Ἦν
3543 2780 3600 2833 δέ
3640 2797 3721 2844 τις
3751 2777 3841 2829 καὶ

2252 2884 2402 2956 παρὰ
2429 2885 2542 2945 τοῖς
2587 2883 2870 2944 Οὑίένταις
2917 2880 3200 2951 Τυρσηνὺς
3226 2878 3366 2947 ἀνὴρ
3419 2872 3708 2945 μαντικός.
3753 2872 3840 2933 Ἐς

2250 2976 2451 3034 ταυτὸν
2482 2975 2575 3029 οὖν
2613 2975 2648 3046 ἡ
2679 2992 2740 3030 τε
2774 2973 2949 3029 Πυθία
2982 2973 3077 3026 καὶ
3111 2970 3381 3043 ήέκείνου
3421 2969 3656 3038 μαντεία
3710 2981 3836 3016 συνο

2254 3067 2540 3138 ἑδραμον’
2608 3067 2702 3124 καὶ
2748 3067 2918 3138 ἄμφω
2972 3064 3082 3136 γὰρ
3151 3062 3462 3118 ἁλώσεσθαι
3527 3060 3629 3128 τὴν
3685 3055 3838 3108 πόλιν

2252 3156 2430 3224 είπον,
2469 3161 2600 3215 ὅταν
2628 3160 2688 3214 τὸ
2718 3158 2863 3228 ὕδωρ
2900 3157 2960 3211 τὸ
2990 3155 3406 3225 πλημμυρῆσαν
3448 3151 3523 3221 μὴ
3551 3152 3607 3212 ἐς
3634 3149 3838 3203 θάλασο

565 3265 670 3302 σαν
718 3252 966 3320 ἐμπέσῃ,
1017 3251 1135 3306 ἀλλ’
1183 3252 1494 3324 άναλωκείη
1543 3253 1797 3323 ἑτέρωθι.
1848 3253 1960 3308 Καί
2029 3271 2183 3317 τινας
2225 3253 2545 3324 ἱερουργίας
2589 3253 2680 3308 διὰ
2725 3252 2889 3309 τοῦτο
2931 3250 3187 3319 γενέσθαι
3227 3249 3542 3301 ἐκέλευσαν.
3607 3242 3753 3296 Ἀλλ’
3812 3245 3839 3294 ό

565 3342 670 3411 μὶν
699 3342 896 3406 Πύθιος
923 3344 1050 3398 οὔτε
1084 3347 1197 3400 τίσι
1262 3347 1427 3414 θεῶν,
1479 3347 1595 3402 οὗθ’
1640 3349 1790 3412 ὅπως
1858 3348 2026 3413 αὐτὰς
2096 3349 2387 3420 ποιήσουσι
2424 3347 2752 3418 διεσάφησεν
2783 3361 2800 3377 ⁸
2849 3348 2876 3400 ὀ
2919 3346 2976 3399 δὲ
3027 3341 3308 3412 Τυρσηνὺς
3386 3342 3550 3410 ἐῴκει
3601 3335 3704 3406 μὲν
3760 3337 3838 3387 εἷο

563 3433 736 3498 δέναι,
764 3435 922 3492 οὐδὲν
953 3436 1010 3491 δὲ
1036 3439 1250 3508 ἐδήλου.
1287 3443 1350 3494 Οί
1383 3439 1515 3510 γοῦν
1538 3443 1666 3512 περὶ
1692 3441 1754 3498 τὸ
1783 3445 1986 3514 τεῖχος,
2055 3441 2177 3496 ὅθεν
2217 3443 2430 3506 ἐκεῖνος
2499 3440 2722 3513 ὡμίλει,
2773 3439 3100 3509 τεταγμένοι
3151 3438 3441 3507 Ῥωμαῖοι,
3481 3432 3670 3504 φιλίαν
3702 3430 3838 3500 πρὸς

565 3525 778 3580 ἐκεῖνον
806 3528 1222 3601 ὑποκριθέντες,
1273 3535 1344 3588 τά
1401 3551 1460 3589 τε
1516 3536 1650 3591 ἄλλα
1695 3537 1923 3608 θαρρεῖν
1983 3535 2133 3606 αὑτῷ
2201 3536 2492 3601 ἐνεδίδουν,
2575 3536 2673 3589 καὶ
2705 3535 2878 3598 άδεῶς
2903 3533 3210 3601 ἐπέτρεπον
3232 3529 3532 3599 ἐκφοιτᾷν·
3567 3528 3665 3580 καὶ
3697 3524 3837 3576 οὕτω

565 3619 925 3690 συλλαϐόντες
955 3627 1141 3692 αὐτὸν,
1170 3630 1352 3684 πάντα
1377 3629 1447 3684 τά
1478 3628 1791 3700 καθήκοντα
1859 3631 2183 3701 ἠνάγκασαν
2257 3629 2518 3698 ἐξειπεῖν,
2583 3629 2681 3683 καὶ
2726 3629 2870 3684 κατὰ
2910 3629 3011 3700 τὴν
3063 3625 3348 3697 ὑποθήκην
3398 3623 3612 3676 ἐκείνου
3647 3619 3749 3682 τάς
3781 3637 3840 3673 τι

565 3710 760 3776 θυσίας
811 3715 1100 3785 ἐποίησαν,
1133 3720 1228 3773 καὶ
1268 3719 1360 3773 τὸν
1397 3719 1561 3789 λόφον
1588 3721 1900 3791 διέτρησαν,
1949 3723 2044 3774 καὶ
2085 3720 2148 3773 τὸ
2188 3719 2487 3784 πλεονάζον
2553 3721 2699 3792 ὓδωρ
2765 3720 2848 3785 εἰς
2885 3719 2946 3775 τὸ
2977 3717 3159 3776 πεδίον
3189 3717 3408 3789 κρυπτῇ
3439 3713 3672 3782 διώρυχι
3739 3729 3842 3781 με-

562 3807 945 3878 ⁴τωχέτευσαν,
979 3809 1110 3865 ὥσθ’
1142 3811 1290 3864 ᾰπαν
1315 3812 1372 3867 ἐν
1417 3812 1566 3882 αύτῷ
1612 3813 2026 3875 ἀναλίσκεσθαι,
2083 3813 2180 3868 καὶ
2227 3813 2300 3883 μή
2330 3831 2384 3867 τι
2415 3811 2748 3884 καταρῤἐειν
2772 3811 2851 3875 είς
2881 3809 3186 3868 θάλασσαν.

637 3899 782 3955 XXI.
813 3901 928 3956 Iloc
959 3913 1220 3973 peracto,
1261 3902 1333 3958 Μ.
1375 3903 1575 3960 Furius
1609 3903 1874 3960 Camillus
1915 3904 2148 3962 dictator

2329 3905 2458 3960 KA'.
2495 3903 2656 3973 Ἄρτι
2684 3900 2783 3970 μὲν
2807 3896 2902 3958 οὖν
2930 3899 3092 3954 τοῦτο
3139 3900 3383 3967 ἐγένετο,
3433 3898 3530 3952 καὶ
3562 3897 3840 3970 δικτάτωρ

565 4003 794 4049 creatus
814 4033 831 4058 ,
862 4009 987 4048 cum
1017 3994 1229 4063 impetu
1267 3997 1322 4050 in
1350 3995 1554 4050 mmnia
1586 3996 1729 4052 Iacto
1771 3995 1910 4050 nihil
1965 3994 2150 4064 profe-

564 4081 772 4146 cisset,
819 4099 850 4137 a
885 4083 1528 4155 longiquoauspicatus,
1563 4087 1822 4144 cuniculo
1862 4087 1918 4142 in
1964 4103 2146 4142 arcem

565 4182 693 4229 acto
719 4215 732 4236 .
770 4186 826 4231 et
855 4177 1123 4234 militibus
1153 4193 1184 4234 a
1222 4177 1395 4234 Roma
1426 4180 1758 4236 voluntariis
1789 4193 2018 4246 auctus,
2050 4197 2148 4234 ur-

567 4262 693 4322 bem
723 4279 930 4320 corona
966 4266 1370 4323 circumdedit:
1396 4280 1452 4324 et
1475 4269 1690 4326 civibus
1718 4269 1772 4323 in
1810 4270 2009 4325 moenia
2032 4269 2151 4324 dis-

568 4359 786 4428 persis,
813 4360 908 4414 alii
939 4375 1039 4430 per
1068 4361 1389 4418 cuniculum
1414 4362 1555 4418 clam
1583 4361 1639 4414 in
1671 4362 1866 4417 urbem
1896 4371 2150 4432 penetra-

567 4463 722 4510 runt.
747 4451 886 4509 Cum
907 4453 1102 4509 urbem
1126 4463 1343 4524 captam
1368 4453 1534 4524 diripi
1560 4453 1790 4518 videret,
1813 4453 2152 4523 illacrymas-

567 4560 652 4607 se,
683 4553 740 4598 et
785 4561 910 4600 cum
959 4547 1198 4615 suspirio
1218 4547 1420 4604 dixisse
1439 4546 1653 4600 fertur:
1708 4544 1753 4600 0
1792 4546 1900 4610 dii,
1941 4546 1988 4598 si
2033 4561 2151 4617 qua:

569 4634 831 4692 Romanis
871 4637 1050 4694 divina
1079 4638 1330 4694 incumbit
1370 4639 1526 4702 ultio,
1568 4653 1749 4691 eorum
1773 4638 2043 4690 contraria
2067 4637 2150 4706 [ε-

570 4726 788 4790 licitati,
846 4745 1032 4796 precor
1063 4739 1120 4784 ut
1157 4730 1212 4782 in
1260 4745 1342 4782 me
1390 4729 1490 4784 illa
1551 4729 1776 4786 desinat.
1838 4727 1978 4783 Tum
2018 4745 2149 4784 vero

569 4813 770 4883 praedae
815 4814 1085 4870 decimam
1109 4855 1124 4881 ,
1164 4816 1355 4873 invitis
1416 4817 1684 4876 militibus
1711 4857 1725 4880 ,
1766 4825 1894 4872 voto
1953 4833 2150 4874 conce-

569 4914 668 4978 pto
739 4907 977 4978 Apollini
1031 4909 1257 4964 dicavit.
1325 4911 1597 4970 Prmterea
1660 4910 1828 4966 etiam
1878 4921 2147 4968 craterem

568 5015 841 5066 aureum,
906 5016 975 5055 ex
1025 5001 1358 5056 mulieribus
1420 5003 1766 5058 ornamentis
1829 5002 2147 5059 conﬂatum.

570 5088 681 5145 Pro
703 5107 815 5160 quo
847 5093 1031 5148 statim
1059 5093 1142 5148 eis
1172 5081 1348 5149 honos
1376 5095 1638 5150 decretus
1664 5103 1772 5160 est,
1812 5106 1873 5150 ut
1895 5097 2150 5154 curribus

2252 3993 2424 4065 ᾑρέθη
2453 3993 2678 4062 Μάρκος
2707 3991 2934 4062 Φούριος
2959 3991 3263 4062 Κάμιλλος,
3303 3991 3362 4055 ὃς
3401 3993 3735 4061 προσϐαλὼν
3776 3997 3840 4063 τῇ

2250 4086 2428 4150 πόλει,
2486 4086 2609 4137 ἐπεὶ
2641 4084 2793 4138 οὐδὲν
2833 4085 3023 4155 ἤνυεν,
3077 4084 3334 4152 ὑπόγειον
3381 4084 3636 4154 ὠρύξατο
3669 4086 3842 4138 δίοδον

2252 4177 2534 4249 πόρρωθεν
2559 4175 2890 4247 ἀρξάμενος,
2938 4177 2998 4240 ἐς
3045 4175 3145 4252 τὴν
3198 4176 3498 4245 ἀκρόπολιν
3538 4177 3836 4248 φέρουσαν.

2249 4269 2787 4340 Παρεσκευασμένου
2818 4269 2874 4322 δὲ
2903 4268 3006 4340 ἤδη
3040 4267 3136 4322 τοῦ
3169 4269 3470 4338 ὑπονόμου,
3499 4269 3625 4321 ἐπεὶ
3653 4268 3844 4323 πολλοὶ

2251 4359 2345 4418 καὶ
2367 4357 2478 4412 ἀπὸ
2499 4359 2600 4430 τῆς
2642 4357 2865 4428 Ῥώμης
2890 4355 3039 4428 αὑτῷ
3070 4355 3509 4428 προσεχώρησαν
3535 4357 3840 4423 ἐθελονταὶ,

2252 4450 2588 4523 παραλαϐὼν
2643 4450 2958 4514 κάκείνους,
3018 4449 3332 4522 προσέϐαλε
3388 4452 3457 4520 τῇ
3511 4449 3700 4516 πόλει,
3749 4452 3844 4503 καὶ

2251 4543 2594 4616 πανταχόθεν
2632 4543 2695 4596 τδ
2742 4545 2920 4614 τεῖχος
2948 4543 3254 4596 ἐκύκλωσε.
3283 4542 3406 4597 Τῶν
3431 4543 3476 4594 δ’
3515 4543 3672 4605 ἐντὸς
3712 4547 3842 4613 περὶ

2251 4639 2430 4694 πάντα
2466 4637 2559 4690 τὸν
2607 4635 2898 4708 περίϐολον
2937 4635 3386 4702 σκεδασθέντων,
3425 4634 3619 4689 ἐλαθον
3657 4638 3839 4709 ἕτεροι

2248 4729 2338 4798 διᾲ
2361 4727 2471 4783 τῶν
2503 4729 2797 4798 ὑπονόμων
2829 4714 3122 4797 γεγονότες
3147 4728 3320 4792 ἐντός.
3365 4727 3629 4796 Ἁλούσης
3661 4728 3722 4781 δέ
3743 4731 3839 4793 τῆς

2250 4791 2484 4886 πδλεως,
2540 4819 2635 4873 καὶ
2678 4791 2798 4872 ⁷τῶν
2840 4791 3154 4889 ῠἹίωμαίων
3203 4791 3620 4889 διαρπαζόντων
3659 4819 3733 4870 τὰ.

2248 4916 2411 4985 αὐτῇ,
2456 4913 2600 4986 ὁρῶν
2625 4912 2732 4966 ἀπὸ
2757 4912 2860 4982 τῆς
2894 4912 3074 4983 ἄκρας
3111 4914 3141 4966 ὁ
3173 4911 3455 4982 Κάμιλλος
3484 4912 3553 4964 τὰ
3597 4913 3839 4981 πραττόο

2253 5022 2413 5077 μενα,
2449 5007 2732 5073 ἐστέναξε,
2775 5009 2870 5062 καὶ
2905 5006 3202 5080 ἐδάκρυσε.
3239 5005 3370 5070 Καὶ,
3410 5001 3477 5058 Ὦ
3517 5008 3675 5067 Geel,
3707 5006 3836 5075 ἔφη,

2249 5099 2306 5152 εἴ
2339 5116 2430 5164 τις
2480 5097 2790 5168 Ῥωμαιοις
2827 5099 3130 5168 ὀφείλεται
3166 5101 3434 5169 νέμεσις,
3493 5097 3687 5164 τῆσδε
3727 5097 3837 5165 τῆς

570 5181 641 5240 ad
669 5183 938 5240 salemnia
964 5185 1100 5238 festa
1121 5185 1479 5250 veherentur,
1499 5184 1568 5240 ad
1587 5200 1707 5256 quze
1729 5187 1962 5255 pedibus
1993 5189 2148 5258 prius

2250 5189 2579 5259 εὐπραγίας
2606 5189 3028 5258 ἀντίστροφος,
3072 5189 3328 5260 εὔχομαι
3374 5191 3604 5253 ταύτην
3637 5190 3719 5261 (5)
3751 5194 3838 5254 είς

567 5275 654 5333 ire
690 5275 868 5330 solita:
891 5285 1071 5332 erant.
1103 5276 1394 5332 Camillum
1431 5253 1617 5332 autem
1643 5253 1950 5350 indignatio
1981 5253 2147 5350 atque

2252 5253 2469 5336 ἑαυτὸνΞ
2506 5253 3025 5351 τελευτῆσαιίτην
3072 5253 3257 5352 δὲ
3290 5281 3438 5345 λείας
3473 5253 3716 5351 δεκάτην
3746 5253 3835 5346 EE-

568 5367 780 5426 invidia
818 5370 1008 5440 populi
1039 5372 1307 5441 suscepit,
1344 5381 1458 5427 tum
1490 5373 1562 5430 ob
1601 5373 1870 5430 decimam
1905 5373 2142 5447 Apollini

2250 5371 2410 5440 ελὼν,
2441 5373 2686 5430 ἀκόντων
2710 5375 2819 5430 τῶν
2845 5373 3220 5447 στρατιωτῶν,
3272 5374 3496 5431 ἀνέθετο
3523 5373 3601 5444 τῷ
3643 5374 3836 5426 ’Λπόλ-

1758 5539 1960 5607 Varite
1998 5539 2306 5602 lectiones
2337 5543 2398 5600 et
2429 5544 2620 5601 notua.

637 5678 716 5748 (‘2)
752 5680 1074 5736 Οικόσιτοι.
1109 5676 1311 5736 Suidas
1348 5696 1363 5734 :
1396 5681 1701 5746 Οίκόσιτος,
1734 5683 1762 5734 ὁ
1792 5682 1988 5736 ἑαυτὸν
2014 5683 2141 5736 tot-

568 5766 704 5820 tpwj.
741 5751 1030 5820 μισθωτός.

641 5819 716 5892 l3)
746 5819 1016 5893 Εῦχομηι
1050 5830 1293 5897 ταύτην.
1320 5823 1442 5880 llaec
1465 5824 1810 5894 reposuimus
1840 5840 1902 5876 cx
1928 5824 2144 5880 duobus

2249 5686 2383 5756 Reg.
2407 5696 2464 5740 et
2487 5685 2754 5750 Culbert.,
2793 5701 2918 5740 cum
2941 5683 3109 5740 Wolf.
3133 5683 3413 5747 edidisset,
3435 5684 3666 5753 εὔχομαι
3693 5685 3830 5738 ταύο

2249 5755 2350 5824 την
2382 5755 2544 5828 εὐχὴν
2574 5757 2732 5828 τοῦτο
2782 5758 2911 5828 πρὶν
2942 5758 3329 5827 ποιησάμενος,
3373 5756 3599 5809 ἀνέθετο
3647 5757 3707 5809 δὲ
3740 5759 3832 5812 καὶ

2253 5827 2498 5895 κρατῆρα
2529 5843 2630 5894 χρυ
2643 5826 2780 5890 ςοῦν,
2806 5826 2914 5880 etc.
