4042 6200
194 202 307 266 60]

1425 202 1827 263 ΛΝΝΛῌΙΙΜ
1872 203 2014 263 LIB.
2056 203 2186 267 VII.

3364 209 3473 274 610

191 316 358 378 λωνι,
419 313 588 383 εὐχὴν
628 312 793 365 τοῦτο
833 313 962 383 πρὶν
994 314 1382 382 ποιησάμενος.
1444 314 1693 368 Ἀνὲυετο
1735 314 1773 368 δ]

1897 329 2008 366 non
2039 313 2096 366 in
2128 312 2438 384 direptione
2468 313 2644 380 urbis,
2677 312 2773 369 sed
2801 320 3044 383 tempore
3073 314 3257 385 elapso
3287 332 3478 375 exeru-

190 408 296 460 καὶ
330 406 589 475 κρατῆρα
619 405 876 474 χρυσοῦν,
911 407 974 457 ὲκ
1000 405 1094 457 τλῦ
1123 406 1233 457 τῶν
1261 406 1536 472 γυναικῶν
1579 405 1785 474 κόσμου

191 498 600 566 πεποιημένον,
635 496 754 549 ἀνθ’
775 491 837 549 οὗ
872 495 1006 565 τιμὴ
1040 497 1233 561 αὐταῖς
1263 498 1612 568 παραχρῆμα
1647 498 1790 566 ἑψή-

189 606 386 656 ᾳιστο.
433 588 495 640 ῚΙ
527 588 588 640 δὲ
647 583 736 657 ἦν,
793 588 855 640 τὸ
912 590 1003 640 ἐπ’
1060 587 1349 658 ὀχημάτων
1397 589 1566 652 αὐτὰς
1601 589 1657 651 ις
1686 591 1788 650 τὰς

188 679 546 750 πανηγύρεις
610 680 842 749 φοιτᾷν,
897 679 1193 750 αὖτοποδίᾳ
1252 680 1597 750 βαδιζούσαις
1654 682 1787 751 πρό⁸

187 789 362 842 τερον
424 775 481 834 ἐς
536 771 728 834 αὐτάς.
763 771 856 839 Τῷ
902 771 959 822 δὲ
996 772 1262 842 Καμίλλῳ
1326 775 1703 844 προσώχθισεν
1758 777 1787 827 ὁ

186 865 398 934 δῆμος,
429 865 522 916 καὶ
564 865 865 933 ἐνεμέσησε
893 866 956 915 τδ
995 865 1116 933 μὲν,
1171 866 1255 917 ὅτι
1292 865 1393 936 τὴν
1425 867 1658 937 δεκάτην
1677 869 1787 919 τῶν

187 959 463 1026 λαφύρων
519 956 620 1008 οὐκ
679 959 738 1007 ἐν
795 955 874 1024 τῷ
921 955 1321 1027 διαρπάζεσθαι
1379 957 1592 1022 ταῦτα,
1651 959 1786 1012 ἀλλὰ

190 1050 401 1117 καιροῦ
455 1049 823 1118 παρελθόντος
867 1048 1104 1112 ἐξείλετο
1150 1049 1230 1118 τῷ
1279 1049 1400 1121 Θεῷ
1431 1067 1445 1082 ο
1490 1052 1552 1104 τὸ
1595 1053 1640 1105 δ’
1702 1053 1786 1104 ὃτι

187 1143 264 1194 τά
313 1158 374 1193 τε
428 1141 567 1194 ἄλλα
634 1141 882 1210 σοϐαρῶς
940 1141 1342 1210 ἐθριάμῦευσε.
1403 1144 1501 1196 καὶ
1571 1145 1786 1214 πρῶτος

203 1233 508 1300 Ῥωμαίων
552 1232 730 1301 λευκῷ
775 1232 1064 1302 τεθρίππῳ
1107 1234 1175 1285 τὰ
1221 1234 1466 1287 ἐπινίκια
1516 1234 1783 1305 ἐπεμψεν.

196 1325 271 1377 Ἦ
299 1325 356 1378 δὲ
391 1326 499 1378 τῶν
526 1326 814 1376 ἐπινικίων
854 1323 1070 1393 πομπὴ,
1115 1327 1180 1393 ἢν
1209 1326 1303 1378 καὶ
1347 1325 1635 1396 θρίαμειΝ
1656 1329 1786 1380 ἐκά-

185 1417 342 1480 λουν,
380 1417 560 1470 τοιάδε
592 1433 675 1478 τις
709 1416 938 1482 ἐγίνετο.
973 1415 1103 1469 Ὅτε
1149 1435 1200 1469 τι
1245 1417 1580 1488 κατωρθώοη
1617 1421 1781 1488 μέγα,

188 1511 288 1561 καὶ
314 1508 872 1574 ὲπινικίωνὲπάξιον,
904 1509 1266 1580 αὐτοκράτωρ
1290 1510 1489 1564 αὐτίκα
1522 1513 1550 1564 ὁ
1583 1529 1786 1583 στρατ-

183 1603 326 1665 ηγὶς
359 1601 464 1652 ὑπὸ
494 1599 603 1651 τῶν
635 1598 985 1669 στρατιωτῶν
1033 1601 1349 1671 ὠνομάζετο
1375 1645 1390 1668 ,
1432 1603 1528 1656 καὶ
1569 1603 1784 1668 κλῶνας

1889 415 2076 474 ptam:
2117 416 2232 460 tum
2265 407 2414 476 quod
2449 408 2503 461 in
2534 407 2838 476 triumpho,
2866 420 3068 478 praeter
3103 417 3300 462 caetera
3329 411 3478 464 inso-

1889 493 2095 549 lentius
2119 505 2263 558 acta,
2293 495 2562 550 candidos
2593 511 2768 565 equos
2809 496 2997 550 currui
3025 497 3323 566 iunxisset.
3350 496 3481 551 Fuit

1889 599 2073 644 autem
2126 587 2393 656 triumphi
2448 587 2761 656 huiusmodi
2800 587 2963 640 ratio.
3012 588 3089 642 lie
3129 588 3266 642 bene
3300 599 3476 660 gesta,

1887 682 2152 750 iustaque
2213 690 2369 749 parta
2432 679 2703 741 victoria,
2754 679 2865 734 dux
2921 681 3106 735 statim
3143 697 3172 735 a
3208 683 3479 736 militibus

1887 773 2189 840 imperator
2221 771 2754 840 appellatus,-fasces
2783 773 3060 826 laureatos
3086 789 3184 842 per
3211 789 3471 828 cursores

1888 865 1942 917 in
1989 866 2180 918 urbem
2224 865 2496 918 mittebat.
2540 864 2768 918 Doruum
2829 881 3121 925 reversus.
3171 877 3474 920 convocato

1887 968 2106 1021 senatu,
2131 959 2354 1012 decerni
2383 959 2484 1012 sini
2516 960 2856 1028 triumphum
2887 961 3148 1028 petebat:
3178 975 3243 1014 ac
3273 961 3474 1014 suifra-

1888 1050 1994 1120 giis
2030 1065 2059 1102 a
2114 1062 2308 1104 senatu
2354 1051 2676 1120 populoque
2721 1053 3070 1121 impetratis,
3123 1052 3473 1120 imperatoris

1888 1159 2196 1214 cognomen
2251 1157 2367 1199 tum
2413 1147 2463 1199 ci
2509 1146 2963 1199 conﬁrmabatur.
3011 1147 3164 1210 Quod
3204 1145 3249 1196 si
3286 1144 3474 1196 adhuc

1890 1237 2273 1306 magistratum
2321 1254 2518 1308 gerens
2558 1240 2835 1308 aliquem,
2893 1237 3133 1296 vicerat.
3191 1251 3258 1290 eo
3300 1235 3467 1288 etiam

1892 1331 1946 1384 in
1980 1331 2307 1386 celebritate
2335 1334 2612 1386 utebatur.
2645 1332 2740 1386 Sin
2777 1341 2993 1400 tempus
3025 1331 3268 1390 exierat,
3320 1327 3470 1382 aliud

1889 1436 2094 1475 nomen
2145 1421 2252 1474 sibi
2317 1421 2792 1475 acconunodatum
2853 1419 3191 1474 assumebat.
3247 1416 3470 1470 Privato

1886 1515 2035 1568 enim
2106 1515 2450 1584 triumphare
2523 1530 2632 1566 non
2687 1511 2909 1566 licebat.
2963 1511 3308 1580 Triumphali
3370 1511 3470 1564 ha-

1889 1602 2006 1658 bitu
2088 1611 2369 1666 ornatus,
2457 1602 2688 1658 armillis
2746 1602 3021 1671 sumptis,
3108 1601 3298 1655 laurea
3383 1617 3469 1656 rc-

183 1692 403 1761 δάφνης
435 1691 676 1761 περιέδει
729 1693 848 1755 ταῖς
907 1693 1146 1763 ῥάϐδοις,
1201 1695 1296 1747 καὶ
1348 1696 1773 1768 τοῖς-δρομοκή-

1887 1694 2146 1760 dimitus,
2176 1706 2232 1751 et
2264 1711 2476 1750 ramum
2507 1695 2701 1750 dextra
2726 1703 2956 1758 tenens,
3014 1693 3281 1762 pupulum
3330 1707 3469 1745 cou-

186 1781 314 1850 ’ρυξι
375 1781 468 1864 (ί),
508 1785 618 1844 τοῖς
663 1783 764 1852 τὴν
796 1783 954 1853 νίκην
1004 1785 1434 1854 καταγγέλλουσι
1469 1791 1536 1856 τῇ
1601 1790 1775 1856 πόλει,

184 1873 448 1942 κομίζειν
494 1872 686 1925 ἐδίδου.
754 1872 957 1926 Ἐλθὼν
1007 1873 1062 1927 δὲ
1095 1875 1276 1929 οἴκαδε
1325 1876 1426 1947 τὴν
1482 1880 1776 1947 γερουσίαν

185 1964 540 2034 συνήθροιζε,
577 1966 673 2019 καὶ
717 1966 838 2037 ᾔτει
897 1965 1244 2036 ψηφίσασθαί
1284 1971 1333 2022 οί
1387 1971 1456 2024 τὰ
1507 1971 1771 2028 ἐπινίκια.

185 2058 298 2110 Καὶ
359 2057 410 2108 εί
467 2057 624 2125 ἔτυχε
671 2056 854 2126 ψήφου
903 2059 1056 2127 παρά
1099 2075 1156 2111 τε
1186 2059 1284 2128 τῆς
1319 2060 1519 2130 βουλῆς
1553 2064 1774 2118 καὶτοῦ

182 2152 410 2219 δήμου,
474 2151 791 2205 ἐϐεϐαιοῐτο
850 2150 1001 2222 αὐτῷ
1073 2154 1167 2205 καὶ
1221 2154 1254 2222 ἡ
1331 2155 1619 2225 ἐπωνυμία
1677 2157 1773 2211 τοῦ

182 2243 618 2314 αὐτοκράτορος.
656 2245 764 2294 Kal.
818 2245 866 2296 εί
920 2245 1018 2312 μὲν
1067 2245 1125 2296 ὲν
1174 2247 1240 2314 τῇ
1283 2247 1422 2317 ἀρχῇ
1470 2242 1540 2316 ἦν
1581 2247 1682 2314 ἔτι,
1714 2253 1775 2303 ἐν

182 2329 219 2406 ᾖ
250 2337 547 2404 τυγχάνων
579 2335 822 2404 ἐνίκησε,
869 2338 1044 2408 ταύτῃ
1072 2338 1166 2389 καὶ
1213 2341 1605 2410 πανηγυρίζων
1652 2343 1776 2394 ἐκέ-

183 2444 380 2496 χρητο.
413 2427 477 2479 Ei
520 2427 567 2479 δ’
593 2428 621 2480 ὁ
672 2428 863 2497 χρόνος
904 2428 1245 2499 παρελήλυθε
1283 2431 1381 2500 τῆς
1415 2433 1610 2504 ἀρχῆς,
1641 2435 1772 2488 ἄλλο

181 2535 240 2571 τι
299 2520 617 2589 πρόσφοροι
653 2521 792 2590 αὐτῇ
821 2519 1096 2588 ἐλάμϐανε
1149 2523 1348 2594 ῦνομα.
1413 2525 1622 2600 ’ἰδιώτῃ
1662 2529 1772 2600 γὰρ

184 2611 489 2679 νικητήρια
580 2611 797 2680 πέμψαι
887 2611 1178 2684 ἀπείρητο.
1269 2615 1774 2689 Ἐνσκευασέιμενος

182 2701 242 2754 δὲ
275 2705 346 2770 τῇ
403 2701 658 2772 ἐπινικίῳ
713 2707 905 2774 σκευῇ,
955 2707 1050 2758 καὶ
1101 2706 1524 2778 περιϐραχιόνια
1568 2709 1770 2778 λαϐὼν,

184 2795 458 2862 στέφανόν
486 2812 545 2848 τε
566 2796 770 2867 δάφνης
811 2797 1247 2868 ἀναδησάμενος,
1283 2802 1379 2854 καὶ
1415 2801 1610 2856 κλάδον
1638 2821 1774 2877 κρα-

181 2885 294 2937 τῶν
329 2889 388 2938 ἐν
426 2889 492 2957 τῇ
541 2887 714 2958 δεξιᾷ,
742 2889 834 2940 τὸν
879 2888 1054 2959 δῆμον
1098 2890 1384 2945 συνεκάλει
1410 2907 1425 2923 ο
1473 2896 1573 2948 καὶ
1613 2896 1774 2949 ἐπαι-

180 2980 346 3042 νέσας
425 2981 550 3042 τοὺς
618 2981 1194 3051 συστρατευσαμένους
1256 2984 1406 3055 αὐτῷ
1460 2986 1556 3039 καὶ
1574 2993 1769 3060 κοινῇ,
1803 3029 1846 3088 c

180 3071 279 3124 καὶ
351 3072 464 3142 ἰδίᾳ.
535 3072 726 3137 τινὰς,
802 3074 1056 3144 ἐδωρεῖτο
1108 3074 1208 3144 μὲν
1253 3077 1406 3144 σφίσι
1464 3078 1764 3150 χρήματα,

183 3165 352 3234 ὲτίμα
397 3165 457 3216 δὲ
518 3164 616 3217 καὶ
682 3165 915 3235 κόσμῳ,
989 3167 1406 3239 περιϐραχιόνια
1482 3171 1544 3224 τι
1619 3189 1766 3240 τισι,

182 3261 276 3314 καὶ
315 3261 522 3330 δόρατα
574 3260 811 3330 ἀσίδηρα
866 3264 1117 3332 παρεῖχε,
1168 3266 1261 3316 καὶ
1287 3266 1587 3334 στεφάνους
1653 3271 1766 3333 τοῖς

188 3356 290 3424 μὲν
325 3352 587 3425 χρυσοῦς,
625 3353 819 3416 τοῖς-δὲ
845 3353 1124 3424 ἀργυροῦς
1171 3353 1365 3420 ἐδίδου,
1418 3355 1657 3427 τοῦνομά
1706 3377 1765 3412 τε

185 3450 423 3501 ἑκάστου
455 3449 672 3516 καὶτῆς
701 3447 982 3515 ἀριστείας
1014 3447 1305 3517 φέροντας,
1339 3449 1400 3501 τὸ
1433 3450 1761 3521 ἑκτύπωμα.

179 3543 245 3595 Ei
271 3542 383 3611 γὰρ
419 3538 635 3609 τείχους
660 3554 746 3601 τις
773 3537 986 3609 πρῶτος
1015 3539 1212 3608 ὲπέὄη,
1236 3540 1331 3594 καὶ
1355 3541 1568 3611 τείχους
1591 3544 1620 3596 ὁ
1647 3545 1764 3597 στέο

182 3651 354 3702 (pavo;
388 3628 528 3694 εἶδος
561 3633 824 3702 ἐφέρετο·
851 3630 886 3702 ἢ
918 3631 1012 3684 καὶ
1055 3631 1478 3704 ἐξεπολιόρκησε
1533 3652 1609 3700 τι,
1669 3637 1766 3691 καὶ

179 3725 342 3777 τοῦτο
369 3723 593 3776 κάκεῖνο
621 3723 908 3776 είκόνιστο.
952 3722 1363 3791 Ἐναυκρὰτησέ
1388 3739 1493 3788 τις,
1523 3727 1715 3779 ναυσὶν
1738 3729 1767 3780 6

182 3816 453 3883 στέφανος
483 3813 852 3880 ἐκεκόσμητο.
901 3811 1308 3881 Ἱπποκράτησέ
1335 3829 1441 3874 τις,
1463 3813 1688 3868 ἱππικόν
1712 3833 1766 3869 τι

179 3905 585 3970 ἑξετετὺπωτο.
632 3902 693 3957 '0
718 3903 775 3955 δὲ
802 3902 1032 3972 πολίτην
1061 3903 1183 3955 τινὰ
1214 3903 1279 3955 ἐκ
1316 3905 1518 3974 μάχης,
1572 3905 1606 3977 ἢ
1641 3906 1765 3958 ἑτέ-

183 4016 279 4068 ρου
316 3996 592 4062 κινδύνου,
631 3996 664 4066 ἢ
703 3997 767 4047 ἐκ
797 3993 1120 4065 πολιορκίας
1151 3997 1368 4058 σώσας,
1421 3995 1676 4064 μέγιστόν
1705 4014 1765 4050 τε

179 4086 294 4159 εἶχε
323 4089 420 4140 τδν
457 4086 702 4148 ἔπαινον,
737 4085 832 4137 καὶ
867 4083 1140 4152 ἐλάμϐανε
1177 4085 1444 4152 στέφανον
1483 4085 1766 4156 γινόμενον

183 4186 245 4235 ὲκ
273 4181 461 4249 δρυὸς,
496 4180 554 4242 ὃς
591 4179 730 4232 πολὺ
769 4178 988 4232 πάντων
1009 4178 1103 4230 καὶ
1129 4177 1236 4231 τῶν
1262 4177 1518 4249 ἀργυρῶν
1540 4181 1633 4231 καὶ
1658 4179 1768 4232 τῶν

180 4291 283 4344 χρυ
297 4273 400 4324 τῶν
430 4273 504 4334 ὠς
536 4271 883 4340 ἐντιμότερος
917 4267 1313 4344 προτετίμητο.
1370 4271 1481 4323 Kai
1541 4271 1602 4322 οὐ
1643 4273 1764 4323 κατ’

1891 1786 2143 1840 vocabat.
2187 1785 2254 1839 Et
2293 1786 2563 1841 militibus
2604 1784 2864 1855 publice,
2931 1780 3261 1852 quibusdam
3299 1779 3464 1834 etiam

1885 1880 2115 1932 seorsim
2174 1879 2454 1941 laudatis,
2526 1877 2820 1948 pecuniam
2873 1875 3149 1935 donabat,
3206 1881 3262 1926 et
3305 1888 3469 1926 orna-

1884 1980 2071 2024 menta
2117 1988 2130 2023 :
2181 1969 2343 2040 353
2387 1979 2447 2023 ut
2478 1969 2762 2034 armillas,
2794 1968 2984 2022 hastas
3027 1965 3147 2020 sine
3173 1963 3359 2023 ferro,
3411 1974 3470 2017 et

1885 2077 2119 2116 coronas
2147 2062 2275 2115 aliis
2305 2076 2525 2123 aureas,
2569 2060 2694 2114 aliis
2757 2067 3068 2130 argenteas,
3121 2071 3381 2127 expresso
3412 2061 3470 2110 in

1883 2153 1952 2209 iis
1979 2153 2204 2209 nomine
2233 2162 2291 2209 et
2322 2153 2567 2208 facinore
2614 2152 2741 2206 viri.
2785 2151 2919 2206 Nam
2951 2150 3044 2220 qui
3081 2164 3301 2204 murum
3349 2149 3466 2216 pri-

1883 2258 2007 2296 mus
2034 2241 2469 2306 conscenderat,
2502 2252 2596 2296 aut
2652 2241 2938 2295 castellum
2984 2247 3326 2308 eXpuguarat
3353 2277 3367 2299 ,
3414 2235 3466 2289 ei

1882 2335 2116 2390 muralis
2137 2343 2192 2389 et
2223 2332 2588 2389 obsidionalis
2615 2333 2870 2386 dabatur.
2897 2331 2999 2396 Qui
3033 2330 3206 2385 classe
3233 2329 3462 2391 vicerat,

1881 2429 2002 2498 ejus
2035 2441 2240 2480 corona
2262 2426 2446 2495 specie
2486 2424 2709 2478 navium
2751 2431 2891 2478 erat.
2944 2421 3239 2489 biequetri
3282 2433 3465 2490 pugna

1883 2517 2112 2580 vicerat,
2127 2515 2336 2586 aliquid
2348 2525 2606 2585 equestre
2623 2515 2747 2570 ellin
2761 2515 2894 2585 geba
2905 2523 3012 2568 tur.
3027 2514 3128 2581 Qui
3147 2531 3167 2566 ι
3179 2529 3275 2568 ero
3289 2513 3462 2568 civem

1881 2607 1936 2661 in
1955 2607 2174 2677 praelia,
2195 2607 2509 2670 obsidione,
2541 2606 2718 2660 aliove
2748 2604 2999 2676 periculo
3021 2605 3304 2664 liberarat,
3333 2617 3461 2656 cum

1880 2715 2154 2755 summam
2177 2699 2398 2754 laudem
2414 2700 2835 2766 assequebatur,
2866 2707 2979 2750 tum
3011 2711 3275 2765 qucrnam
3300 2709 3464 2749 coro-

1880 2804 2008 2843 nam
2021 2788 2350 2858 accipiebat,
2363 2788 2523 2858 cujus
2540 2787 2717 2842 bonos
2733 2786 2992 2840 tinnitibus
3009 2803 3034 2838 a
3046 2785 3284 2854 rgeuteis
3296 2793 3352 2838 et
3367 2799 3466 2837 au-

1880 2881 1991 2938 reis
2007 2881 2423 2950 przeferebatur.
2442 2879 2570 2934 Haec
2583 2878 2727 2933 dona
2749 2894 2856 2932 non
2877 2877 3080 2932 viritim
3105 2887 3340 2944 tantum,
3362 2875 3462 2930 sed

1879 2985 1937 3029 et
1960 2973 2284 3028 cohortibus
2299 2980 2354 3026 et
2373 2972 2715 3026 exercitibus
2733 2970 2864 3025 totis
2887 2971 3292 3040 praebebantur.
3325 2972 3460 3038 Spo-

1880 3065 2080 3119 liorum
2099 3079 2290 3133 magna
2311 3079 2438 3132 pars
2454 3062 2596 3116 inter
2612 3041 3282 3117 miliiesdistrtbuebatur.
3308 3059 3456 3115 Fue-

1871 3167 2000 3212 runt
2014 3156 2202 3217 etiam,
2221 3155 2314 3224 qui
2336 3155 2434 3209 toti
2448 3162 2704 3223 sumptus
2721 3153 2787 3208 ad
2810 3153 3031 3222 specula
3050 3152 3454 3222 publicalargi-

1870 3259 2086 3305 rentur.
2101 3247 2259 3316 Quod
2273 3257 2586 3318 supererat,
2622 3247 2678 3302 in
2711 3246 2862 3309 fana,
2894 3247 2949 3301 in
2971 3245 3240 3316 porticus,
3275 3246 3453 3301 etalia

1868 3341 2091 3412 publica
2105 3356 2272 3410 Opera
2290 3340 2668 3396 conferebant.
2689 3338 2785 3394 llis
2799 3338 3171 3408 triumphator
3189 3339 3454 3408 peractis,

1867 3452 2094 3492 currum
2111 3433 2540 3498 conscendebat,
2564 3449 2744 3504 neque
2764 3433 2998 3497 bellicis,
3019 3448 3200 3503 neque
3215 3433 3283 3487 iis
3295 3433 3456 3487 simi-

1870 3531 1974 3584 lem
1999 3569 2012 3593 ,
2041 3543 2276 3599 quorum
2307 3528 2362 3581 in
2381 3527 2526 3582 ludis
2555 3542 2686 3581 usus
2717 3535 2820 3589 est,
2845 3525 2940 3582 sed
2967 3525 3143 3580 instar
3165 3527 3336 3581 turris
3358 3543 3453 3580 ro-

1869 3621 2054 3676 tundae
2077 3621 2412 3674 conlectum.
2439 3619 2629 3686 Neque
2655 3618 2808 3672 solus
2828 3633 2893 3672 eo
2912 3617 3217 3671 vehebatur
3246 3657 3260 3670 .
3283 3617 3380 3671 sed
3404 3618 3451 3672 si

1865 3712 2089 3774 liberos,
2109 3723 2202 3766 aut
2217 3722 2476 3780 cognatos
2488 3711 2699 3780 aliquos
2717 3709 2972 3771 habebat.
2993 3709 3075 3764 vel
3094 3724 3220 3764 suas
3236 3711 3318 3764 vel
3335 3710 3455 3764 illo-

1868 3821 1991 3860 rum
2025 3804 2240 3873 puellas
2254 3815 2312 3859 et
2334 3804 2550 3873 puellos
2581 3805 2638 3857 iu
2671 3818 2739 3857 eo
2768 3803 3098 3866 collocabat,
3123 3803 3453 3870 grandiores

1867 3892 2314 3963 equisjugalibus
2331 3903 2388 3945 et
2415 3891 2789 3945 auterioribus
2819 3891 3156 3960 imponebat.
3183 3891 3238 3946 Si
3265 3893 3452 3962 plures

1869 3997 2031 4040 erant
2052 4025 2068 4049 ,
2095 3985 2256 4054 cquis
2290 3983 2674 4052 singularibus
2703 3983 2973 4038 victorem
3017 3983 3446 4040 comitabantur.

1869 4077 2206 4134 Cesti-rerum
2253 4076 2456 4131 civium
2497 4075 2783 4145 equitabat
2833 4091 3030 4140 nemo,
3071 4076 3169 4132 sed
3217 4077 3447 4133 laureati

1869 4185 2064 4224 oumes
2097 4168 2498 4238 sequebantur.
2547 4167 2702 4224 Unus
2737 4168 2867 4224 item
2903 4169 3158 4238 publicus
3198 4169 3450 4226 minister

1871 4261 1925 4315 iu
1962 4262 2082 4329 ipso
2111 4275 2277 4312 curru
2311 4259 2640 4322 vehebatur,
2670 4275 2930 4316 coronam
2963 4275 3188 4315 auream
3213 4262 3448 4330 gemmis

179 4367 351 4434 ἄνδρα
398 4363 562 4434 μόνον
599 4361 1006 4431 ἀριστεύσαντα
1039 4359 1214 4413 ταῦτα
1241 4360 1464 4426 ἐδίδοτο,
1492 4361 1630 4414 ἀλλὰ
1666 4363 1760 4415 καὶ

1877 4351 2256 4417 interpolatam
2273 4365 2443 4418 supra
2467 4351 2762 4421 caputeius
2783 4361 2997 4415 tenens,
3017 4363 3068 4406 et
3091 4361 3240 4406 retro
3255 4352 3446 4406 videre

179 4457 380 4526 λόχοις,
406 4456 502 4508 καὶ
535 4453 923 4525 στρατοπέδοις
953 4452 1095 4515 ὅλοις
1131 4455 1454 4522 παρείχετο.
1509 4455 1615 4506 Καὶ
1655 4455 1763 4506 τῶν

179 4549 444 4617 λαφύρων
477 4545 651 4599 πολλὰ
684 4546 780 4616 μὲν
834 4546 946 4607 τοῖς
982 4546 1482 4614 στρατευσαμένοις
1530 4545 1768 4597 διανενέ-

180 4657 343 4710 μητο.
373 4639 517 4709 Ἤδη
547 4636 603 4690 δέ
630 4652 776 4699 τινες
805 4637 903 4690 καὶ
936 4635 1100 4688 παντὶ
1158 4635 1238 4704 τῷ
1292 4635 1450 4706 δήμῳ
1497 4635 1766 4702 διέδοσαν,

174 4732 271 4785 καὶ
297 4729 589 4783 ἐδαπάνων
617 4729 698 4789 εἰς
725 4727 826 4797 τὴν
865 4726 1200 4796 πανήγυριν,
1233 4727 1330 4778 καὶ
1383 4725 1758 4796 ὲδημοσίευον.

175 4825 288 4876 Καὶ
307 4823 442 4874 εἴτι
482 4819 896 4889 πριελέλιιπτο
919 4857 934 4882 ,
962 4818 1043 4881 είς
1071 4817 1254 4880 ναοὺς,
1280 4819 1360 4880 είς
1385 4817 1567 4882 στοὰς,
1601 4818 1634 4889 ἢ
1664 4818 1759 4872 καί

171 4928 222 4963 τι
243 4909 334 4963 ἔτε
343 4924 439 4980 ρον
461 4907 727 4977 δημόσιον
749 4907 914 4976 ἔργον
933 4905 1245 4976 ἀνήλισκον.
1270 4904 1434 4959 Ταῦθ’
1455 4908 1484 4960 ὁ
1503 4909 1759 4978 πομπεὺς

173 5002 437 5070 ποιήσας,
462 5001 543 5062 εἰς
569 4999 632 5051 τὸ
671 4999 828 5070 ἅρμα
859 4999 1134 5052 ἀνέϐαινε.
1169 4998 1242 5050 Τὸ
1277 4998 1334 5051 δὲ
1359 4998 1422 5068 δὴ
1460 5000 1752 5070 ἃρμαοῦτ*

171 5091 586 5160 ἀγωνιστηρίῳ,
615 5089 742 5142 οὕτε
787 5089 1201 5160 πολεμιστηρίῳ
1234 5083 1300 5159 ἦν
1327 5091 1586 5159 ἐμφερὲς,
1634 5091 1750 5144 ἀλλ’

169 5185 224 5247 ις
245 5183 468 5250 πύργου
520 5183 854 5253 περιφεροῦς
894 5182 1096 5253 τρόπον
1163 5179 1501 5252 ἐξείργαστο.
1534 5181 1644 5234 Καὶ
1687 5183 1750 5236 οὐ

1863 4445 2103 4514 jnbens:
2157 4456 2269 4510 quo
2310 4441 2610 4503 monebat,
2654 4449 2714 4496 ut
2755 4442 2982 4511 reliquae
3049 4444 3175 4498 vita:
3222 4459 3442 4499 cursum

1868 4534 2222 4607 provideret,
2264 4548 2367 4588 nec
2395 4547 2463 4586 eo
2501 4533 2710 4588 honore
2742 4534 2921 4589 elatus
2951 4535 3286 4604 superbiret.
3336 4538 3446 4606 Ap-

1870 4644 2038 4700 pensa
2082 4641 2305 4698 quoque
2335 4635 2454 4680 erat
2487 4626 2680 4680 currui
2721 4625 2846 4682 uola
2874 4635 2931 4682 et
2963 4627 3236 4699 ﬂagellum
3261 4670 3277 4694 ,
3322 4643 3447 4698 qua:

1867 4719 2198 4782 innuebant,
2256 4733 2384 4772 eum
2408 4718 2460 4772 in
2503 4726 2683 4773 tantas
2719 4717 3059 4774 calamitates
3091 4735 3261 4790 posse
3305 4721 3448 4777 inci-

1866 4811 1996 4866 dere
2019 4851 2033 4874 ,
2069 4819 2130 4863 ut
2167 4819 2263 4864 aut
2290 4808 2475 4878 ﬂagris
2510 4809 2837 4872 caederetur,
2871 4817 2967 4864 aut
2997 4810 3194 4880 capitis
3216 4811 3447 4866 damna-

1866 4916 2042 4961 retur.
2069 4904 2204 4960 Nam
2237 4905 2331 4974 qui
2375 4903 2447 4958 ob
2479 4903 2702 4960 facinus
2735 4914 2988 4960 extremo
3030 4906 3303 4976 supplicio
3330 4907 3449 4962 alii-

1861 4998 2157 5054 ciebantur
2182 5037 2198 5062 ,
2261 4997 2420 5052 nolas
2446 5006 2663 5067 gestare
2707 4997 2960 5054 solebant
2992 5017 3005 5052 ;
3041 5015 3110 5054 ne
3137 4999 3262 5067 quis
3296 4999 3442 5054 inter

1858 5091 2128 5152 eundum.
2157 5100 2414 5146 contactu
2441 5091 2661 5145 illorum
2703 5090 2921 5160 piaculo
2953 5107 3012 5146 se
3038 5093 3434 5162 obstringeret.

1861 5182 1955 5238 Sic
1989 5193 2172 5237 autem
2197 5183 2448 5237 exornati
2483 5184 2677 5238 urbem
2713 5184 3168 5254 ingrediebantur
3193 5227 3207 5248 ,
3248 5185 3443 5252 spoliis

171 5275 332 5345 μόνος
355 5270 427 5346 ἦν
447 5275 508 5326 ὲν
544 5274 624 5345 τῷ
647 5276 857 5345 ᾇρματι
883 5311 900 5338 ,
936 5273 1052 5328 ἀλλ’
1091 5272 1159 5328 ἄν
1209 5290 1272 5344 γε
1321 5272 1416 5326 καὶ
1461 5273 1660 5337 παῖδας
1713 5275 1745 5344 ἢ

1877 5283 1914 5330 :t
1955 5274 2200 5330 victoria:
2241 5275 2548 5348 insignibus
2593 5277 3082 5340 antecedentibus,
3132 5279 3186 5332 in
3233 5275 3442 5346 quibus

1359 5431 1562 5494 νοτία)
1594 5430 1900 5495 lectiones
1946 5438 2007 5494 et
2048 5441 2238 5497 nota).

231 5557 311 5630 (4)
342 5555 777 5630 Δρομοπιήρυξι.
829 5557 1162 5630 Ἰξαὸείίατὶἱε,
1200 5574 1308 5630 qua
1349 5573 1486 5616 voce
1526 5574 1754 5618 rursum

1877 5558 2010 5616 titur
2050 5560 2214 5627 infra,
2277 5561 2376 5618 lib.
2407 5578 2481 5630 Ix,
2515 5572 2648 5619 sect.
2683 5563 2734 5620 8.
2756 5562 2890 5619 Vide
2915 5561 3131 5620 llcnric.
3161 5559 3434 5616 Valesium

166 5627 231 5683 ad
263 5628 692 5696 Harpocration.
723 5645 777 5696 p.
817 5629 944 5684 272.
