3882 6192
355 203 459 263 tl")

1664 184 1985 245 JflANNlS
2024 182 2344 242 ΖΟΝΑΠᾸΕ

3506 177 3605 239 620

353 320 458 372 bus
507 312 660 377 visis,
699 309 1002 374 Camillus,
1067 318 1370 374 eorumque
1412 299 1635 355 casibus
1679 296 1937 366 cognitis,

2057 292 2365 355 Ξεδωκότες,
2401 293 2497 345 καὶ
2532 290 2743 361 ταύτης
2786 286 3277 360 ἀποχωρήσαντες)
3325 286 3448 340 καθ’
3498 288 3608 339 ὀξὺν

353 408 564 471 statim,
599 413 662 460 ut
704 410 843 464 erat,
883 400 1134 454 Sutrium
1187 401 1451 466 properat
1480 408 1493 445 :
1527 406 1590 445 ac
1624 388 1811 443 subito
1842 401 1936 456 ag-

351 512 597 569 gressus,
631 494 825 548 urbem
876 490 1024 544 nulla
1076 486 1344 541 munitam
1391 480 1665 541 custodia,
1722 476 1940 532 civibus

368 567 704 647 incolumem
732 582 928 639 eodem
989 579 1079 634 die
1134 575 1400 632 restituit.
1438 572 1537 627 His
1570 570 1740 626 rebus
1769 567 1938 637 gestis

359 673 764 747 triumphavit,
817 683 1070 739 magnam
1134 664 1369 736 gloriam
1422 660 1676 730 adeptus.
1719 656 1940 711 Marcus

357 791 490 828 vero
521 768 774 829 Manlius,
808 764 903 834 qui
941 760 1153 830 primus
1174 756 1364 813 Gallos
1387 752 1660 823 Capitolio
1700 748 1938 819 depulit.

359 869 505 921 unde
540 858 836 933 Capitolini
896 868 1099 909 nomen
1131 857 1215 904 est
1261 847 1517 917 adeptus,
1564 859 1679 914 pra:
1725 841 1942 897 carteris

362 958 592 1016 Camillo
630 951 922 1013 invidens,
979 958 1211 1016 regnum
1262 939 1585 996 affectavit:
1635 951 1814 1006 eaque
1870 935 1939 989 de

364 1066 528 1108 causa
565 1045 723 1116 plebe
755 1041 862 1096 sibi
897 1036 1182 1106 obsequiis
1214 1033 1487 1095 devincta,
1524 1031 1579 1085 in
1616 1029 1776 1099 cujus
1814 1042 1940 1098 gra.

364 1146 497 1198 tiam
552 1136 691 1193 nihil
726 1149 837 1188 non
866 1129 1128 1194 faciebat,
1191 1141 1223 1181 a
1269 1123 1511 1180 factione
1543 1136 1642 1177 sua
1676 1119 1743 1174 ad
1776 1118 1936 1188 Capi-

363 1234 556 1289 tolium
589 1224 972 1294 occupandum
1032 1219 1214 1274 dictus
1276 1224 1380 1270 est.
1445 1215 1627 1281 Quare
1677 1210 1945 1266 Camillus

362 1329 620 1393 quartum
680 1315 920 1369 dictator
986 1315 1070 1363 est
1124 1306 1329 1359 dictus.
1390 1301 1595 1357 Senatu
1651 1308 1836 1356 autem
1892 1304 1947 1352 ct

321 1388 776 1480 imagistratibus
824 1398 1042 1455 caeteris
1108 1392 1406 1448 admodum
1465 1388 1860 1450 consternatis,
1893 1393 1949 1439 et

362 1504 495 1574 quid
554 1496 824 1568 agendum
855 1489 1023 1563 359
1083 1496 1229 1543 esset
1289 1481 1700 1546 dubitantibus,
1754 1490 1948 1534 servus

361 1571 582 1666 quidam
640 1585 956 1660 promisit,
1024 1595 1081 1636 se
1157 1576 1529 1650 Capitolinum
1602 1572 1682 1628 eis
1758 1571 1949 1625 viven-

2043 384 2123 438 ἔτι
2181 385 2296 439 ὄντι
2340 382 2419 453 τῷ
2476 382 2743 454 Καμίλλῳ
2772 382 2911 452 μετὰ
2950 380 3229 450 γυναικῶν
3275 382 3370 433 καὶ
3412 378 3614 431 τέκνων

2042 476 2322 548 ὑπήντων.
2358 473 2467 538 Οὒς
2495 474 2623 527 ίδὼν
2664 477 2692 527 6
2724 473 3024 544 Κάμιλλος,
3075 456 3171 526 καὶ
3214 471 3287 524 τά
3348 470 3618 539 συμϐεϐη-

2041 567 2178 621 κότα
2210 565 2540 636 πυθόμενος,
2598 565 2800 619 αὐτίκα
2835 563 2970 635 πρὸς
2996 565 3059 617 τὸ
3098 563 3377 634 Σούτριον,
3431 560 3508 623 ῶς
3545 558 3619 612 εί-

2042 674 2157 729 χεν,
2202 658 2489 727 ἠπείγετο,
2514 659 2609 711 καὶ
2642 655 3073 726 ἀπροσδοκήτως
3098 653 3249 723 αὐτῷ
3271 653 3616 724 προσϐαλὼν,

2042 746 2354 815 ἀφύλακτόν
2377 764 2436 799 τε
2468 745 2668 815 εὑρὼν,
2706 744 2916 807 ἀπαθὲς
2949 741 3141 795 κακῶν
3172 740 3486 811 αὐθημερόν
3507 741 3620 800 τοῖς

2044 840 2297 903 πολίταις
2337 839 2474 894 αὐτὸ
2533 837 2863 891 ἀνεσώσατο.
2938 832 3366 905 Ἐθριάμϐευσεν
3396 831 3491 885 οὖν
3533 833 3623 883 ἐπὶ

2045 932 2282 993 τούτοις,
2332 932 2483 999 ἄγων
2539 930 2606 984 τά
2645 929 2921 992 ἐπινίκια,
2975 927 3072 979 καὶ⁸
3127 926 3222 979 ἐπὶ
3267 925 3410 995 μέγα
3462 922 3622 993 δόξης

2044 1024 2232 1094 ᾔρετο.
2261 1023 2493 1091 Μάρκος
2522 1021 2579 1074 δὲ
2606 1024 2635 1075 ό
2660 1020 2902 1083 Μάλλιος
2929 1018 3146 1090 πρῶτος
3192 1016 3321 1079 τοὺς
3379 1017 3623 1075 Κελτοὺς

2044 1118 2124 1187 τῷ
2160 1114 2498 1185 Καπιτωλίῳ
2528 1112 2945 1181 προσϐαλόντας
2978 1112 3043 1163 ὲκ
3071 1110 3171 1179 τῆς
3192 1108 3370 1177 ἄκρας
3399 1105 3626 1175 ὠσάμε-

2045 1226 2155 1272 νος,
2194 1207 2318 1261 ὅθεν
2351 1206 2446 1260 καὶ
2469 1206 2855 1267 Καπιτωλῖνος
2879 1200 3346 1275 προσωνομάσθη,
3410 1200 3625 1268 φθονῶν

2046 1301 2126 1371 τῷ
2157 1299 2426 1369 Καμίλλῳ
2463 1298 2665 1370 μᾶλλον
2697 1297 2807 1350 τῶν
2837 1296 3035 1359 ἄλλων,
3058 1294 3335 1365 τυραννίδι
3369 1291 3623 1346 ἐπέθετο.

2048 1394 2159 1448 Καὶ
2184 1393 2273 1446 διὰ
2303 1392 2463 1445 τοῦτο
2496 1390 2762 1463 ᾠκειοῦτο
2779 1389 2869 1443 τὸν
2900 1388 3095 1460 ὅμιλον
3129 1385 3513 1457 δημαγωγῶν,
3538 1389 3626 1437 καὶ

2049 1486 2227 1539 πάντα
2278 1485 2534 1555 πράττων
2576 1488 2657 1549 είς
2693 1483 2993 1553 θεραπείαν
3056 1478 3247 1534 αὐτοῦ.
3299 1478 3628 1549 Παραλαϐδν

2049 1574 2142 1633 οὖν
2176 1577 2340 1631 αὑτὸν
2362 1578 2422 1631 τὸ
2444 1576 2650 1645 πλῆθος
2682 1577 2965 1647 ἀνήγαγεν
3006 1578 3088 1639 είς
3132 1574 3195 1627 τδ
3246 1572 3625 1635 Καπιτώλιον,

364 1663 470 1741 tem
506 1681 856 1737 traditurum.
897 1671 1262 1742 Acceptisque
1298 1665 1546 1732 armatis,
1572 1674 1629 1720 et
1678 1663 1818 1717 clam
1849 1674 1947 1731 per

2057 1671 2149 1725 καὶ
2170 1669 2443 1739 κατέσχον
2466 1668 2621 1723 αὑτό.
2666 1668 2757 1722 Διδ
2800 1669 2893 1721 καὶ
2933 1666 3207 1737 δικτάτωρ
3254 1666 3316 1720 τὸ
3363 1666 3628 1736 τέταρτον

365 1763 598 1830 insidias
630 1768 734 1824 sub
761 1761 1036 1835 Capitolio
1064 1758 1383 1822 collocatis,
1419 1753 1712 1822 transfugae
1758 1750 1943 1819 specie

367 1884 426 1923 se
454 1866 521 1920 ad
580 1865 734 1917 illum
787 1856 1002 1915 confert
1036 1871 1051 1909 :
1104 1853 1332 1924 ejusque
1369 1849 1513 1903 facto
1542 1843 1876 1906 collaudato,
1913 1857 1944 1896 a

365 1956 649 2014 conservis
676 1952 793 2008 suis
834 1948 1035 2004 auxilia
1061 1944 1375 2016 pollicetur.
1408 1940 1540 2007 Quae
1564 1952 1690 1993 cum
1715 1936 1943 2001 diceret,

365 2051 548 2105 virum
580 2044 749 2117 paulo
788 2040 1009 2110 longius
1044 2051 1077 2091 a
1113 2030 1629 2096 circumstantibus,
1670 2037 1731 2082 ut
1755 2023 1945 2081 arcani

368 2111 880 2206 aliquid‘dicmrus,
908 2127 963 2180 in
996 2138 1125 2179 eum
1155 2119 1412 2189 Capitolii
1437 2118 1641 2206 locum,
1665 2128 1775 2206 quo
1810 2111 1947 2206 insi-

371 2200 481 2283 dite
523 2222 802 2279 collocata:
841 2222 1024 2279 erant,
1072 2209 1424 2281 perductum,
1481 2204 1809 2275 praecipitat.
1870 2200 1949 2254 lta

374 2326 570 2388 captus
601 2313 655 2366 in
688 2305 1009 2381 praetorium
1048 2300 1386 2355 abducitur:
1425 2297 1519 2351 ubi
1548 2310 1673 2350 cum
1710 2308 1799 2347 res
1821 2306 1949 2347 suas

372 2383 554 2481 gestas
592 2403 1075 2459 commemoraret,
1130 2402 1188 2446 et
1247 2387 1521 2458 Capitolio
1564 2383 1847 2454 iudicibus
1883 2396 1950 2437 ac

369 2473 753 2558 circumstanti
784 2501 1004 2544 coronae
1041 2484 1133 2554 (ex
1178 2496 1247 2536 eo
1281 2480 1431 2535 enim
1467 2478 1592 2532 loco
1639 2473 1819 2529 videri
1853 2486 1952 2542 po-

376 2593 536 2660 terat)
566 2595 813 2646 ostenso,
850 2590 911 2633 ut
948 2584 1006 2633 et
1037 2588 1244 2639 arcem,
1277 2580 1333 2626 et
1365 2584 1462 2625 eos
1492 2569 1587 2639 qui
1629 2566 1761 2622 illuc
1812 2579 1950 2619 con-

376 2686 651 2756 fugerant,
687 2676 1091 2732 conservasset,
1144 2668 1196 2721 in
1246 2661 1566 2719 memoriam
1622 2665 1948 2714 revocaret:

369 2748 609 2848 judices,
640 2763 999 2823 miseratione
1044 2756 1293 2820 adducti,
1338 2769 1466 2810 eum
1502 2748 1954 2848 uta—quenabsolu-

377 2838 513 2927 ium,
566 2873 745 2929 neque
791 2853 1111 2908 damnatum
1162 2844 1519 2916 ampliarunt.
1554 2841 1634 2895 Eo
1686 2838 1953 2895 Camillus

377 2946 854 3024 cognito,judices
880 2945 939 2998 in
968 2941 1136 2995 alium
1170 2939 1352 2993 locum
1377 2934 1644 3000 traduxit,
1680 2932 1828 2987 unde
1848 2930 1949 2986 Ca-

2047 1758 2220 1832 ᾑρέθη
2248 1762 2276 1814 ὁ
2307 1760 2608 1831 Κάμιλλος.
2638 1759 2762 1813 Τῶν
2800 1759 2859 1812 δὲ
2882 1759 2981 1828 τῆς
3008 1756 3311 1830 γερουσίας
3360 1757 3459 1810 καὶ
3523 1757 3630 1808 τῶν

2046 1854 2104 1907 έν
2124 1852 2269 1906 τέλει
2289 1854 2346 1916 ἐς
2376 1852 2522 1922 μέγα
2546 1852 2665 1917 δέος
2697 1852 3173 1920 ἐμπεπτωκότων,
3210 1849 3305 1902 καὶ
3356 1845 3634 1916 ἀπορούν-

2049 1960 2160 1997 των
2181 1942 2234 1995 τί
2263 1942 2329 1996 ἂν
2368 1942 2664 2013 πράξαιεν,
2699 1940 2888 2006 δοῦλός
2922 1957 3007 2005 τις
3032 1940 3223 2004 αὐτοῖς
3281 1938 3632 2010 προσελθὼν,

2048 2030 2226 2095 ζῶντα
2252 2029 2346 2083 τὸν
2372 2029 2750 2084 Καπιτωλῖνον
2775 2028 2931 2099 σφίσι
2956 2027 3308 2097 παραδώσειν
3326 2026 3632 2098 ὑπέσχετο.

2053 2122 2254 2177 Λαϐὼν
2278 2120 2371 2174 οὖν
2401 2121 2649 2187 ὁπλίτας,
2677 2121 2776 2175 καὶ
2804 2120 2978 2187 τάξας
3006 2118 3209 2182 αὐτοὺς
3241 2119 3468 2189 ἀφανῶς
3530 2123 3635 2171 tv:-

2047 2213 2260 2283 δρεύειν
2284 2213 2390 2267 ὑπὸ
2426 2213 2487 2266 τὸ
2517 2211 2886 2278 Καπιτώλιον,
2910 2211 2986 2275 ὡς
3011 2210 3309 2280 αὐτόμολος
3334 2210 3415 2278 τῷ
3445 2211 3635 2264 Καπι-

2048 2305 2259 2375 τωλίνῳ
2283 2306 2760 2376 προσκεχωρήκει,
2800 2304 3080 2375 έπῄνειτε
3131 2303 3294 2355 αὑτὸν
3347 2301 3456 2372 τῆς
3514 2302 3634 2354 έπι-

2050 2397 2377 2467 χειρήσεως,
2412 2397 2510 2451 καὶ
2537 2395 2794 2467 βοήθειαν
2825 2395 2980 2467 παρὰ
3002 2394 3115 2447 τῶν
3141 2392 3455 2464 ὁμοδούλων
3482 2391 3636 2459 αὖτῷ

2054 2487 2449 2555 ἐπηγγέλλετο.
2484 2486 2597 2540 Καὶ
2620 2485 2797 2540 ταῦτά
2825 2487 2876 2539 οἱ
2918 2485 3326 2555 διαλεγόμενος.
3367 2484 3635 2554 ἀπήγαγε

2051 2578 2145 2631 τὸν
2176 2579 2350 2648 ἄνδρα
2377 2579 2569 2651 πόρρω
2596 2580 2707 2632 τῶν
2727 2577 3193 2650 περιεστηκότων,
3217 2577 3294 2640 ὡς
3316 2577 3382 2648 δή
3422 2594 3483 2630 τι
3526 2594 3636 2629 κοιο

2052 2668 2447 2740 νολογούμενος
2476 2668 2626 2739 αύτῷ
2661 2668 2958 2735 ἰδιαίτατα,
2983 2668 3077 2723 καὶ
3094 2669 3280 2739 ἠρέμα
3304 2668 3430 2721 κατ’
3448 2670 3637 2722 ἐκεῖνο

2052 2762 2149 2814 τοῦ
2182 2761 2538 2815 Καπιτωλίου
2568 2759 2821 2831 προσῄει,
2862 2759 2990 2814 καθ’
3024 2759 3054 2812 ό
3110 2760 3144 2831 ή
3176 2759 3369 2830 ἐνέδρα
3393 2759 3640 2831 έλελόχι-

2054 2868 2174 2913 στο,
2202 2851 2463 2907 κάκεῖθεν
2493 2852 2658 2904 αὑτὸν
2690 2853 2844 2904 κάτω
2869 2850 3154 2917 ἀπώσατο,
3176 2850 3235 2914 ός
3276 2853 3374 2905 καὶ
3401 2851 3640 2922 ληφθεὶς

2055 2944 2463 3016 ἀποκεκόμιστο
2520 2944 2660 3017 πρὸς
2693 2945 2754 2997 τὸ
2784 2944 3162 3014 δικαστήριον.
3209 2942 3267 2997 Ὀ
3318 2942 3381 2996 δὲ
3423 2944 3539 3005 τάς
3581 2958 3639 2993 τε

377 3014 910 3119 pitbliumvconspici
958 3049 1071 3089 non
1110 3040 1347 3103 poterat.
1388 3028 1493 3085 Ubi
1527 3027 1950 3089 condemnatus,

2057 3014 2339 3109 ἀριστείας
2368 3014 2659 3105 κατέλεγε,
2694 3036 2789 3091 καὶ
2820 3036 2881 3088 τὸ
2911 3033 3266 3088 Καπιτώλιον
3293 3036 3411 3097 τοῖς
3468 3050 3535 3086 τε
3564 3033 3640 3086 δι-

376 3117 425 3198 έι
463 3140 518 3193 in
545 3133 880 3204 Capitolium
910 3125 1235 3199 perductus,
1281 3121 1349 3176 de
1378 3135 1515 3190 rupe
1547 3117 1782 3190 Tarpeia
1812 3132 1952 3187 prae-

378 3230 662 3297 cipitatur,
718 3221 865 3277 unde
923 3219 1109 3275 Gallos
1156 3215 1274 3285 ipse
1334 3210 1675 3283 proﬂigarat.
1739 3206 1951 3264 Deinde

383 3320 551 3376 multa
577 3315 716 3370 bella
748 3312 945 3383 partim
977 3309 1080 3379 ipsi
1123 3306 1269 3370 urbi,
1305 3304 1502 3374 partim
1531 3300 1793 3373 subjectis
1818 3298 1954 3355 civi-

385 3413 590 3471 tatibus
622 3408 772 3462 illata
794 3444 809 3467 ,
846 3400 1078 3458 Romani
1106 3410 1164 3455 et
1200 3413 1300 3469 per
1321 3396 1636 3457 Camillum,
1666 3403 1724 3450 et
1745 3409 1813 3449 co
1838 3395 1950 3464 jam

381 3503 537 3563 senio
585 3498 794 3560 ell‘wto,
848 3510 948 3566 per
981 3494 1120 3549 alios
1170 3492 1354 3547 omnia
1408 3490 1800 3560 propulsarunt
1837 3504 1851 3541 :
1895 3494 1954 3542 et

382 3610 600 3656 summo
630 3594 745 3649 otio
775 3590 845 3646 ab
868 3590 1074 3646 exteris
1104 3585 1361 3641 hostibus
1408 3584 1593 3653 potiti,
1627 3581 1775 3637 inter
1828 3594 1952 3636 sese

382 3692 686 3747 certarunt.
716 3683 852 3739 Nam
881 3694 1007 3737 cum
1040 3678 1109 3734 M.
1137 3676 1342 3733 Fabius
1380 3672 1667 3744 patricius,
1716 3670 1952 3726 duarum

384 3779 622 3834 filiaium
651 3781 829 3845 pater,
869 3781 1003 3825 natu
1030 3768 1293 3839 majorem
1333 3764 1548 3819 Licinio
1583 3763 1817 3830 Stoloni,
1852 3762 1954 3817 ho-

382 3871 518 3927 mini
555 3866 718 3937 lon'ge
741 3862 1023 3920 inferioris
1054 3857 1419 3922 conditionis,
1446 3856 1723 3928 iuniorem
1766 3854 1954 3924 Sulpi.

385 3963 462 4018 tio
499 3957 683 4024 Rufo,
748 3955 833 4010 sui
876 3951 982 4008 loci
1043 3949 1198 4015 viro,
1253 3945 1637 4017 despondisset
1674 3964 1689 4000 :
1730 3943 1953 4001 interim

385 4056 515 4109 dum
549 4048 727 4104 Rufus
755 4056 873 4101 tum
905 4041 1162 4097 tribunus
1204 4039 1261 4095 in
1310 4036 1432 4093 loro
1458 4045 1710 4092 versatur
1732 4075 1747 4099 ,
1795 4050 1957 4091 soror

388 4160 611 4202 uxorem
638 4144 759 4213 ejus
786 4136 1000 4192 invisit.
1025 4135 1124 4190 Illo
1158 4139 1496 4194 revertente,
1522 4145 1647 4186 cum
1676 4129 1839 4185 lictor
1861 4144 1956 4183 ve-

387 4241 484 4297 teri
523 4233 761 4308 quadam
802 4225 1206 4286 consuetudine
1237 4223 1385 4279 fores
1421 4222 1688 4293 pulsaret,
1718 4220 1786 4276 ad
1827 4234 1957 4275 eum

386 4330 679 4403 strepitum
710 4323 927 4389 mulier,
972 4321 1119 4375 illius
1157 4318 1236 4373 rei
1269 4317 1514 4372 insolens
1541 4354 1555 4378 ,
1598 4314 1953 4385 expavescit:

385 4435 561 4492 eaque
586 4419 652 4473 de
680 4429 844 4472 causa
879 4411 993 4466 risu
1021 4419 1078 4465 et
1115 4424 1145 4463 a
1175 4422 1365 4463 sorore
1411 4414 1468 4460 et
1502 4421 1531 4459 a
1554 4405 1768 4460 casteria
1810 4413 1957 4472 orto,

390 4522 449 4566 ut
479 4509 693 4581 plebeia
742 4503 1096 4566 muliercula,
1153 4500 1460 4556 deridetur.
1494 4497 1668 4564 Quam
1720 4497 1811 4553 illa
1842 4512 1958 4552 rem

390 4605 580 4673 iniquo
612 4600 797 4655 animo
824 4596 1031 4662 ferens,
1073 4593 1334 4648 maritum
1371 4591 1438 4647 ad
1465 4590 1736 4662 petendos
1784 4591 1964 4646 hono-

389 4711 480 4751 res
516 4690 706 4747 incitat
734 4706 747 4742 :
775 4688 935 4759 cujus
985 4684 1228 4753 impulsu
1254 4681 1468 4748 Stolon,
1519 4697 1578 4737 re
1610 4696 1736 4737 cum
1767 4681 1832 4736 L.
1859 4680 1961 4737 Se-

391 4783 505 4840 xtio
532 4783 619 4838 sui
654 4778 870 4836 ordinis
924 4773 1149 4830 homine
1185 4773 1589 4828 communicata
1617 4810 1632 4837 ,
1691 4787 1790 4843 per
1853 4772 1963 4826 vim

394 4873 735 4929 tribunatum
786 4876 1023 4937 uterque
1068 4861 1471 4934 expetiverunt,
1521 4863 1751 4918 confuso
1782 4864 1966 4932 reipu-

393 4965 549 5020 blicae
571 4960 785 5025 ordine,
818 4968 878 5013 ut
906 4972 1006 5029 per
1032 4967 1212 5009 annos
1240 4962 1478 5024 quatuor
1509 4953 1657 5007 nulla
1699 4961 1846 5007 esset
1871 4966 1967 5021 po-

392 5057 504 5125 puli
542 5051 877 5114 obedientia,
929 5048 1286 5119 patriciorum
1329 5045 1570 5100 comitiis
1616 5044 1962 5113 interruptis.

394 5151 677 5215 Auctaque
717 5143 879 5198 turba
927 5142 1017 5196 illa
1047 5150 1214 5206 esset,
1247 5139 1352 5194 nisi
1400 5137 1713 5191 nuntiatum
1751 5136 1965 5201 fuisset,

394 5241 582 5298 Gallos
639 5237 822 5292 denuo
882 5237 1110 5290 Romam
1178 5236 1486 5289 invasuros.
1542 5229 1755 5284 Omissa
1802 5229 1968 5300 igitur

395 5333 542 5386 omni
576 5331 721 5385 inter
753 5345 812 5383 se
833 5327 1206 5391 contentione,
1236 5324 1579 5393 Camilloque
1602 5321 1764 5393 360
1789 5321 1968 5391 quiu-

394 5435 509 5478 tum
542 5423 809 5476 dictatore
847 5417 1030 5482 dicto,
1080 5425 1273 5472 contra
1322 5416 1507 5469 hostes
1530 5421 1661 5467 sunt
1711 5410 1965 5481 profecti.

396 5516 498 5571 Sed
528 5525 818 5582 antequam
873 5510 1119 5580 ptmliom
1171 5508 1631 5569 committeretur,
1691 5503 1969 5571 singulare

396 5615 673 5659 certamen
707 5616 790 5658 est
835 5604 1054 5656 initum.
1089 5598 1245 5652 Titus
1280 5597 1423 5650 enim
1465 5598 1717 5661 Manlius,
1760 5595 1841 5648 vir
1878 5612 1970 5656 pa-

2056 3127 2286 3192 κάζουσι
2316 3129 2413 3183 καὶ
2440 3130 2555 3192 τοῖς
2582 3126 2950 3199 περιεστῶσιν
3006 3125 3244 3190 ὲδείκνυ,
3280 3124 3544 3178 ἄποπτον
3583 3123 3640 3177 δν

2059 3220 2289 3287 ἐκεῖθεν,
2325 3220 2551 3290 καὶτῆς
2583 3218 2867 3291 σωτηρίας
2912 3216 3085 3272 αὐτοῦ
3141 3234 3203 3272 τε
3256 3217 3353 3271 καὶ
3402 3216 3526 3270 τῶν
3585 3218 3640 3268 ὲν

2060 3311 2208 3382 αὐτῷ
2255 3311 2752 3382 προσπεφευγότων
2796 3308 3036 3363 πολιτῶν
3095 3308 3543 3380 ἀνεμίμνησκεν,
3566 3306 3638 3369 ὡς

2060 3403 2312 3457 ἐντεῦθεν
2351 3403 2734 3458 κατακλᾶσθαι
2767 3402 2897 3467 τοὺς
2924 3402 3211 3468 δικαστὰς,
3262 3401 3359 3453 καὶ
3408 3399 3637 3469 direpti-

2062 3493 2249 3549 θεσθαι
2280 3494 2379 3565 τήν
2406 3493 2610 3565 ψῆφον,
2650 3492 2780 3563 μήτ’
2810 3490 3100 3561 ἀφιέντας,
3151 3491 3290 3561 μήτε
3334 3489 3644 3543 καταδικά-

2063 3584 2276 3651 ζοντας.
2305 3585 2478 3640 Τοῦτο
2503 3584 2569 3656 δὴ
2595 3586 2794 3655 νοήσας
2819 3585 2848 3636 ό
2880 3582 3186 3651 Κάμιλλος,
3216 3581 3299 3643 είς
3339 3580 3509 3634 ἄλλον
3554 3582 3643 3632 τό·

2063 3693 2165 3732 πον
2185 3677 2249 3730 τὸ
2271 3677 2625 3748 δικαστήριον
2651 3674 3041 3744 συνεστήσατο,
3063 3671 3185 3726 ὅθεν
3207 3671 3310 3725 οὐκ
3341 3666 3412 3743 ἦν
3440 3672 3507 3724 τὸ
3528 3673 3646 3724 Κα-

2062 3764 2318 3819 πιτώλιον
2350 3764 2617 3818 ἄποπτον
2642 3763 2741 3815 καὶ
2765 3759 3207 3830 καταψηφισθεὶς
3235 3760 3264 3812 ὁ
3312 3759 3643 3815 Καπιτωλῐο

2063 3872 2151 3919 νος
2186 3857 2326 3921 ἐκεῖ,
2356 3854 2614 3925 ,ἀπήχθη
2639 3870 2698 3906 τε
2732 3854 2812 3914 είς
2847 3851 2908 3905 τὸ
2939 3849 3318 3915 Καπιτώλιον,
3351 3849 3452 3903 καὶ
3501 3854 3646 3903 κατά

2062 3948 2161 4016 τῆς
2194 3947 2401 4015 πέτρας
2423 3943 2623 4009 ὠσθεὶς
2678 3942 2959 4005 ἀπώλετο,
3021 3941 3145 3995 καθ’
3177 3936 3248 4012 ἦς
3295 3941 3508 4003 ἐκεῖνος
3551 3940 3646 3991 τὸν

2067 4037 2270 4092 Κελτδν
2297 4036 2762 4106 κατεκρήμνισεν.
2801 4029 2938 4088 Εἶτα
2968 4031 3184 4087 πολλῶν
3212 4031 3474 4102 πολέμων
3502 4032 3648 4084 κατά

2066 4144 2125 4180 τε
2154 4126 2251 4194 τῆς
2280 4125 2504 4195 Ῥώμης
2535 4122 2730 4194 αὐτῆς,
2764 4124 2861 4177 καὶ
2904 4121 3022 4175 τῶν
3060 4120 3447 4191 ὑποκειμένων
3501 4121 3644 4188 αὐτῇ

2069 4213 2280 4268 πόλεων
2308 4212 2642 4283 κινηθέντων
2663 4211 3053 4277 ἐπεξελθόντες
3106 4212 3223 4273 τοῖς
3272 4209 3550 4271 ἐναντίοις
3597 4212 3649 4263 et

2077 4304 2364 4375 Ῥωμαῖοι,
2390 4303 2477 4358 διά
2504 4321 2566 4356 τε
2585 4302 2682 4357 τοῦ
2709 4303 2995 4374 Καμίλλου
3039 4303 3136 4356 καὶ
3169 4301 3243 4355 δι’
3296 4302 3509 4374 ἐτέρων
3539 4302 3647 4372 ήδη

2064 4397 2276 4449 ἐκείνου
2312 4396 2826 4467 ύπεργηράσαντος,
2900 4395 3030 4458 τούς
3073 4410 3135 4446 τε
3191 4394 3465 4464 πολέμους
3512 4409 3653 4446 κατ-

2064 4489 2335 4553 έπαυσαν,
2362 4489 2455 4541 καὶ
2484 4489 2711 4558 είρήνην
2758 4487 2981 4557 βαθεῖαν
3014 4486 3173 4557 ἔσχον
3226 4488 3367 4556 πρὸς
3400 4487 3526 4548 τοὺς
3550 4487 3649 4537 ὲκ-

2064 4582 2185 4647 τδς,
2216 4583 2353 4653 πρὸς
2385 4582 2649 4652 ἀλλήλους
2689 4581 2748 4635 δὲ
2775 4582 3125 4646 ἐστασίαζον.
3156 4580 3390 4651 Μάρκος
3430 4577 3541 4649 γάρ
3562 4594 3650 4639 τις

2064 4676 2267 4739 Φάϐιος
2318 4675 2676 4746 εὐπατρίδης,
2712 4671 3034 4745 θυγατέρων
3075 4672 3169 4726 δύο
3191 4673 3479 4741 τυγχάνων
3538 4686 3652 4720 mo

2066 4766 2196 4835 τὴρ,
2236 4764 2338 4833 τὴν
2364 4764 2465 4833 μὲν
2532 4762 2915 4833 πρεσϐυτέραν
2962 4758 3221 4829 Λικιννίῳ
3253 4759 3369 4813 τινὶ
3398 4755 3647 4810 Στόλωνι

2069 4854 2450 4925 κατηγγύησε,
2482 4852 2619 4905 πολὺ
2645 4850 2811 4905 αὑτοῦ
2835 4849 3269 4921 καταδεεστέρῳ·
3298 4848 3404 4920 τὴν
3428 4848 3483 4901 δὲ
3511 4862 3653 4899 νεω-

2070 4944 2234 5014 τέραν
2272 4942 2583 5013 Σουλπικίῳ
2626 4940 2845 5011 Ῥούφῳ
2868 4941 3027 5011 ἀνδρὶ
3050 4940 3303 5011 ὁμοτίμῳ
3348 4938 3646 5007 συνῴκισε.

2072 5034 2510 5106 Χιλιαρχοΰντος
2543 5030 2639 5087 οὖν
2672 5033 2769 5086 τοῦ
2803 5032 3063 5101 Ῥούφου,
3089 5032 3190 5086 καὶ
3218 5032 3376 5097 ὄντος
3412 5034 3469 5085 ἐν
3504 5032 3653 5099 ἁγο-

2073 5127 2164 5197 ρᾷ,
2194 5127 2331 5195 πρός
2352 5127 2453 5194 τὴν
2477 5125 2718 5194 γυναῖκα
2740 5123 2906 5177 αὐτοῦ
2932 5126 2967 5193 ἡ
2992 5122 3199 5194 ἀδελφὴ
3237 5123 3414 5194 αὐτῆς
3458 5140 3653 5196 παρα.

2072 5224 2317 5290 γέγονεν.
2369 5217 2737 5287 Ἀφικομένου
2760 5216 2805 5269 δ’
2829 5215 3066 5279 ἐκείνου,
3096 5216 3198 5285 τὴν
3222 5215 3396 5287 θύραν
3439 5218 3469 5270 ό
3508 5218 3654 5287 ῥαϐο

2070 5316 2260 5386 δοῦχος
2284 5314 2428 5369 κατά
2464 5315 2525 5366 τὸ
2551 5311 2671 5375 ἔθος
2699 5312 2929 5381 ἀρχαῖον
2949 5308 3204 5379 έκρουσε.
3234 5307 3546 5377 Διεπτοήθη
3590 5307 3652 5360 δὲ

2075 5407 2209 5474 πρὸς
2234 5404 2328 5457 τὸν
2358 5404 2602 5471 πάταγον
2630 5404 2664 5471 ἡ
2689 5399 2828 5470 γυνὴ
2843 5397 2998 5452 οὔπω
3024 5396 3215 5450 τούτου
3239 5397 3552 5465 πεπειραμέ
3564 5414 3651 5460 ur.

2079 5500 2187 5550 Καὶ
2221 5498 2395 5566 γέλως
2418 5497 2514 5550 ἐπὶ
2544 5494 2720 5561 τούτῳ
2755 5495 2849 5546 καὶ
2874 5492 3024 5561 παρὰ
3053 5490 3151 5558 τῆς
3167 5488 3507 5557 άδελφῆςκαὶ
3534 5488 3654 5538 τῶν

2077 5590 2358 5659 παρόντων
2390 5588 2629 5656 ἐγένετο,
2667 5586 2763 5638 καὶ
2794 5583 2873 5650 ὡς
2914 5582 3114 5645 ἰδιῶτις
3147 5580 3419 5647 ἐσκώφθη.
3470 5578 3563 5641 Ti}
3595 5579 3655 5630 δὲ
