4042 6200
357 287 461 347 G23

1631 286 1959 346 JUANNIS
1995 289 2311 348 ZONAR£

3508 279 3615 339 [Si

357 399 618 452 existimet
673 411 754 449 me
795 404 990 448 sortem
1023 394 1332 454 ducturum,
1387 403 1478 454 aut
1505 396 1760 466 virginem
1817 413 1941 466 pue-

2055 398 2372 462 ἀθιίνατος.
2409 397 2513 452 Kal
2562 398 2633 450 οὐ
2677 396 2875 463 πόρρω
2921 391 3030 461 τῆς
3071 391 3237 457 θείας
3304 389 3619 459 δυνάμεως

363 507 548 544 rumve
604 488 879 542 immolari
925 488 1226 557 jussurum.
1269 484 1410 539 Nam
1430 501 1524 556 ego
1552 487 1662 556 ipse
1715 503 1794 540 me
1838 505 1934 557 pro

359 583 504 636 nobis
523 582 765 642 devoveo,
810 586 866 631 ut
925 593 1007 629 me
1037 579 1190 631 hodie
1235 577 1420 630 statim
1457 577 1856 632 caduceatorem
1886 585 1935 631 et

358 681 623 728 oratorem
657 671 726 724 ad
755 669 874 722 deos
905 669 1085 723 Manes
1114 669 1383 739 ablegatis,
1414 684 1620 735 semper
1651 679 1937 739 patronum

359 774 588 820 vestrum
619 771 669 814 et
703 762 1003 831 adjutorcm
1036 762 1298 830 futurum.
1327 759 1424 814 llis
1458 761 1639 827 dictis,
1672 777 1822 815 arma
1851 761 1937 815 in-

361 857 503 916 duit,
555 868 757 922 equum
788 851 1146 924 lconscendit.
1183 851 1402 918 Ca'teri,
1430 851 1572 904 inter
1603 851 1847 906 lmtitiam
1883 859 1939 906 et

362 959 656 1001 maerorem
684 944 950 1015 ambigui,
987 953 1310 998 ornamenta
1342 943 1593 1014 quaedam
1630 945 1829 1014 partim
1870 941 1940 998 ad

362 1051 484 1090 eum
522 1034 699 1104 ipsum
734 1050 830 1103 pro
867 1039 1029 1089 heroe
1066 1035 1448 1100 excolendum,
1490 1035 1686 1102 partim
1720 1049 1843 1102 quae
1885 1034 1940 1088 in

364 1124 572 1177 hiatum
601 1124 1028 1193 conjicerentur,
1059 1124 1381 1178 attulerunt.
1407 1123 1510 1188 Qui
1543 1140 1670 1178 cum
1702 1125 1940 1193 primunt

365 1238 506 1294 equo
548 1220 814 1284 insidens,
850 1235 908 1274 se
955 1218 1009 1272 in
1065 1233 1290 1288 specum
1343 1217 1598 1284 immisit,
1642 1216 1796 1271 hiatu
1849 1217 1943 1271 illo

367 1317 608 1388 expleto,
665 1328 846 1382 neque
901 1313 1242 1380 voraginem,
1297 1306 1476 1380 neque
1505 1310 1757 1366 Curtium
1788 1310 1944 1379 quis-

367 1424 532 1481 quam
563 1405 700 1462 vidit
731 1404 876 1459 .llaec
914 1403 988 1456 ita
1035 1410 1336 1456 narrantur
1360 1417 1390 1456 a
1421 1401 1683 1456 Romanis
1710 1420 1722 1455 :
1750 1417 1871 1470 quae
1897 1399 1944 1454 si

368 1504 456 1558 cui
521 1499 770 1553 fabulosa
815 1506 872 1551 et
901 1511 930 1549 a
960 1496 1062 1549 title
1089 1495 1204 1548 veri
1228 1495 1406 1549 aliena
1446 1494 1803 1560 videbuntur,
1835 1509 1945 1549 non

368 1595 586 1668 postulo
633 1602 691 1646 ut
746 1591 979 1644 multum
1028 1590 1110 1643 eis
1141 1588 1371 1644 tribuat.
1429 1587 1638 1643 Deinde
1685 1590 1947 1643 Romanis

368 1689 472 1743 alia
504 1685 640 1738 bella
670 1691 725 1736 et
759 1698 789 1735 a
811 1682 980 1736 Gallis
1009 1689 1062 1735 ct
1093 1683 1159 1735 ab
1191 1680 1314 1736 aliis
1338 1680 1594 1752 gentibus
1621 1690 1750 1736 sunt
1778 1682 1946 1744 illata,

2045 487 2460 554 ἀπηρτήμεθα.
2499 486 2692 539 Ταῦτα
2727 484 2842 552 ἐγὼ
2866 483 2984 551 μὲν
3033 482 3185 535 οὕτω
3213 479 3436 549 φρονῶ·
3469 481 3625 544 ἀξιῶ

2037 577 2105 630 δὲ
2129 576 2230 630 καὶ
2259 577 2412 646 ὑμᾶς
2435 574 2508 644 τῇ
2538 575 2736 644 ’γνώμῃ
2773 571 3502 642 προσθέσθαᾳαύτῃλίαί
3535 571 3624 639 μή

2039 686 2128 734 τις
2165 669 2442 734 οίήσαιτο
2495 665 2587 719 ὅτι
2643 664 2875 734 κλῆρον
2933 663 3298 732 ποιήσομαι,
3332 662 3370 730 ἦ
3433 665 3631 730 κόρην

2039 761 2314 812 κελεύσω
2347 755 2572 822 θανεῖν,
2622 755 2660 824 ἢ
2705 755 3058 825 μειράκιονο
3108 753 3298 822 ἁὺτές
3354 754 3465 821 γὰρ
3508 753 3628 821 ἐγὼ

2040 853 2200 906 ἑκὼν
2231 853 2504 922 ἐμαυτὸν
2543 851 2683 923 ὑμῖν
2714 850 3045 919 ἐπιδίδωμι,
3079 851 3180 903 ἵνα
3216 849 3485 917 σήμερον
3515 851 3630 902 αἱ·-

2040 945 2178 998 τίκα
2225 945 2462 1014 κήρυκα
2509 942 2788 1014 πέμψητέ
2836 959 2913 1011 με
2942 941 3041 994 καὶ
3089 942 3472 1009 πρεσϐευτὴν
3500 940 3631 1004 τοῖς

2040 1038 2303 1106 χθονίοις
2347 1036 2526 1104 θεοῖς,
2571 1037 2868 1105 ἐσόμενον
2914 1034 3007 1090 ἀεὶ
3057 1033 3228 1102 ὑμῶν
3269 1033 3628 1100 προστάτην

2043 1131 2144 1184 καὶ
2171 1131 2511 1200 σύμμαχον.
2560 1129 2746 1183 Ταῦτα
2772 1130 2943 1182 εἰπὼν
2987 1131 3017 1182 ὁ
3055 1129 3349 1199 Κούρτιος,
3373 1128 3443 1180 τά
3475 1127 3623 1181 ὅπλα

2043 1223 2438 1289 ἐνεδιδύσκετο,
2472 1219 2595 1275 εἶτα
2630 1225 2723 1276 καὶ
2750 1221 2846 1274 τοῦ
2897 1221 3066 1273 ἵππου
3099 1219 3296 1288 ἐπέϐη.
3318 1215 3380 1270 Oi
3406 1219 3451 1270 δ’
3477 1217 3630 1272 ἄλλα

2047 1315 2366 1385 περιαλγεῖς
2410 1312 2676 1382 ἐγίνοντο,
2732 1314 2829 1366 καὶ
2893 1301 3238 1382 περιχαρεῖς,
3269 1311 3364 1362 καὶ
3414 1311 3634 1377 κοσμή-

2050 1409 2198 1478 ματά
2239 1425 2362 1460 τινα
2419 1406 2936 1477 συμφρονήσαντες,
2969 1405 3019 1456 οἱ
3067 1404 3168 1473 μὲν
3211 1401 3375 1456 αὑτὸν
3418 1402 3633 1453 ἐκεῖνον

2047 1503 2231 1562 αὐτοῖς
2251 1499 2518 1569 ἐκόσμουν
2543 1498 2809 1567 ὼςῆρωα,
2834 1498 2883 1549 οἱ
2903 1497 2960 1548 δέ
2980 1512 3105 1549 τινα
3139 1497 3231 1548 καὶ
3277 1496 3334 1556 ἐς
3369 1485 3635 1561 τὺχάσξλα

2047 1591 2352 1644 ἐνέϐαλλον·
2389 1591 2514 1661 ἄρτι
2533 1589 2577 1642 δ’
2615 1590 2670 1652 ἐς
2700 1589 2832 1642 αὐτὸ
2860 1587 3091 1656 ἐνήλατο
3120 1588 3147 1640 ὁ
3171 1585 3439 1655 Κούρτιος
3463 1584 3634 1651 ἐφιπ-

2049 1699 2171 1748 πος,
2222 1684 2315 1736 καὶ
2355 1683 2389 1751 ὴ
2442 1681 2540 1749 τῆς
2577 1679 2680 1750 γῆς
2709 1678 2950 1751 συνήχθη
2987 1679 3294 1741 διάστασις,
3329 1678 3423 1730 καὶ
3452 1675 3634 1736 οὐδεὶς

369 1777 462 1834 scd
501 1772 815 1844 propulsata
837 1776 1042 1841 omnia,
1063 1775 1146 1829 vel
1173 1792 1199 1828 a
1219 1773 1540 1835 consulibus
1562 1773 1644 1828 vel
1670 1789 1698 1828 a
1718 1773 1948 1828 dictato-

2055 1777 2235 1828 οὐκέτι
2265 1773 2388 1827 οὔτε
2429 1774 2492 1826 τὸ
2517 1774 2703 1843 χάσμα
2738 1771 2862 1826 οὔτε
2914 1773 3008 1826 τὸν
3045 1771 3315 1842 Κούρτιον
3339 1769 3634 1823 ἐθεάσατο.

371 1875 548 1937 ribus,
607 1888 716 1942 quo
747 1882 992 1938 tempore
1049 1866 1365 1938 bujusmodi
1402 1863 1667 1933 quiddam
1722 1864 1942 1920 accidit.

371 1963 572 2016 Lucius
602 1961 866 2018 Camillus
895 1959 1135 2014 dictator
1162 1959 1368 2024 dictus,
1407 1973 1534 2013 cum
1564 1957 1703 2014 Galli
1748 1957 1950 2012 subur~

373 2055 574 2107 bauuui
626 2068 817 2124 agrum
879 2053 1258 2116 incursarent,
1317 2050 1518 2106 educto
1568 2050 1850 2113 exercitu,
1895 2050 1949 2102 in

370 2146 555 2200 animo
583 2145 774 2198 habuit
805 2143 1006 2198 ducere
1041 2143 1269 2208 bellum,
1303 2157 1483 2212 neque
1516 2142 1799 2197 decertare
1825 2156 1950 2196 cum

373 2237 712 2299 imnuuibus,
746 2246 950 2290 temere
986 2235 1039 2287 in
1092 2233 1396 2304 perniciem
1444 2250 1600 2288 suam
1641 2233 1949 2295 ruentibus,

371 2345 511 2398 quos
545 2328 757 2382 facilius
779 2337 832 2381 et
860 2328 1030 2381 tutius
1060 2327 1289 2396 penttria
1337 2335 1679 2381 commeatus
1707 2324 1950 2380 domitu-

375 2437 468 2474 rus
498 2431 663 2475 CSScl.
693 2419 848 2474 Gallo
869 2433 1055 2474 autem
1087 2419 1306 2474 cuidam
1337 2435 1402 2472 ex
1419 2418 1685 2472 Romanis
1713 2417 1949 2486 aliquem

375 2521 442 2576 ad
481 2520 754 2589 singulare
779 2526 1058 2570 certamen
1084 2513 1432 2582 provocanti,
1473 2511 1763 2566 restititM.
1797 2511 1954 2565 Vale-

379 2612 495 2664 rius
516 2611 772 2664 tribunus
807 2606 1069 2669 militum,
1095 2619 1159 2657 ex
1184 2603 1403 2657 Maximi
1430 2603 1578 2658 illius
1607 2601 1947 2672 posteritate.

373 2703 663 2758 Certamen
717 2699 926 2753 illustre
960 2695 1082 2749 fuit.
1110 2695 1244 2749 Nam
1275 2695 1412 2748 alter
1445 2692 1813 2763 prudentia'et
1835 2701 1951 2748 arte

375 2794 628 2865 atlpi‘rittt‘
659 2800 798 2856 erat,
830 2789 1023 2845 Gallus
1048 2788 1276 2844 audacia
1314 2798 1369 2842 et
1396 2787 1610 2842 viribus
1649 2804 1661 2838 :
1697 2801 1732 2841 si
1759 2787 1790 2840 d
1817 2785 1950 2840 illud

379 2885 704 2948 mirabilius,
736 2879 884 2950 quod
916 2881 972 2933 in
1012 2877 1216 2934 Valerii
1267 2877 1418 2946 galea
1447 2891 1646 2931 corvus
1681 2876 1954 2930 crocitans

376 2977 648 3042 consedit,
709 2975 765 3028 in
810 2975 1022 3028 hostem
1087 2986 1300 3035 Versus,
1349 2971 1509 3040 cujus
1561 2983 1624 3022 os
1653 2968 1954 3036 oculosque

378 3079 558 3124 rostro
587 3077 643 3122 et
667 3065 944 3136 unguibus
971 3072 1250 3132 appeti-re,
1284 3060 1540 3128 illiusque
1571 3059 1834 3126 impetum
1868 3073 1954 3109 re-

386 3160 600 3216 tardare
627 3129 1195 3220 nonvdestititpdum-c
1232 3151 1680 3204 obtruncaretur.
1709 3146 1871 3211 Galli,
1897 3161 1956 3200 se
1984 3129 2032 3190 εἷ

380 3257 448 3306 ab
479 3253 608 3306 alite
638 3252 810 3303 victos
849 3245 1142 3318 indignati,
1177 3245 1361 3298 statim
1391 3243 1666 3296 Rouiauos
1693 3240 1956 3295 iracunde

382 3345 752 3404 invaserunt;
798 3337 909 3406 lsed
957 3336 1096 3392 male
1140 3335 1356 3389 tractati
1395 3342 1761 3386 recesserunt.
1803 3332 1958 3386 Vale-

381 3434 498 3489 rius
529 3432 597 3486 ab
640 3431 732 3485 illo
771 3429 936 3500 362
981 3427 1134 3482 corvi
1187 3426 1392 3479 auxilio
1433 3423 1709 3478 Corvinus
1745 3433 1952 3492 estap-

380 3529 633 3597 pcllatus.
672 3521 876 3575 Deinde
913 3531 1032 3572 orta
1073 3519 1218 3574 inter
1268 3516 1541 3570 exercitus
1587 3515 1955 3579 dissensione,

379 3635 443 3672 ac
473 3615 616 3669 bello
663 3612 811 3667 civili
843 3612 1185 3673 imminente,
1228 3609 1428 3663 seditio
1455 3623 1771 3678 compressa
1810 3615 1894 3662 est
1935 3625 1948 3659 :

379 3721 501 3761 eum
541 3704 622 3756 ba:
674 3703 820 3770 leges
855 3708 1037 3760 essent
1069 3701 1215 3762 latae,
1257 3709 1315 3752 ut
1355 3713 1533 3768 neque
1577 3697 1784 3752 invitus
1813 3697 1960 3767 quis-

381 3812 542 3868 quam
589 3811 655 3847 ex
705 3793 830 3845 albo
866 3791 1103 3844 militum
1140 3790 1438 3854 deleretur,
1477 3804 1657 3858 neque
1700 3789 1959 3843 tribunus

380 3886 632 3942 centurio
683 3884 859 3945 lierct,
919 3890 980 3934 ut
1029 3880 1310 3934 consulem
1344 3888 1640 3950 utrumque
1693 3896 1759 3936 ex
1803 3881 1961 3950 plebe

379 3979 551 4034 creari
593 3981 804 4038 liceret,
841 3983 900 4028 ut
946 3975 1088 4030 idem
1124 3973 1283 4026 binos
1315 3972 1508 4026 eodem
1555 3981 1804 4042 tempore
1843 3988 1962 4026 ma—

381 4075 640 4143 gistratus
688 4085 794 4124 non
854 4076 1088 4140 gereret,
1150 4081 1252 4121 nec
1305 4066 1559 4120 eumdem
1614 4065 1700 4121 bis
1749 4065 1896 4120 intra
1927 4082 1959 4120 ι

383 4177 579 4216 annos.

2055 1865 2225 1918 Ταῦθ’
2253 1865 2396 1917 οὕτω
2422 1867 2536 1926 τοῖς
2585 1863 2879 1933 Ῥωμαίοις
2919 1862 3235 1930 ἱστόρηται·
3274 1860 3322 1910 εἰ
3345 1857 3405 1910 δέ
3431 1874 3512 1925 τῳ
3531 1872 3636 1924 μυ-

2052 1959 2200 2029 θώδη
2249 1956 2493 2029 κριθείη,
2527 1957 2622 2010 καὶ
2673 1955 2747 2026 μὴ
2781 1955 2972 2018 πιστὰ,
3003 1953 3216 2018 ἔξεστίν
3244 1953 3292 2004 oi
3330 1950 3404 2020 μὴ
3460 1964 3636 2017 προσ-

2052 2053 2197 2123 έχειν
2231 2052 2438 2114 αὐτοῖς.
2472 2050 2596 2112 Τοῖς
2643 2048 2948 2118 Ῥωμαιοις
2981 2048 3039 2100 δὲ
3071 2046 3302 2116 πόλεμοι
3344 2039 3502 2105 αὖθις
3537 2043 3640 2094 καὶ

2052 2143 2201 2214 παρὰ
2229 2141 2504 2206 Γαλατῶν,
2531 2141 2628 2194 καὶ
2653 2141 2741 2207 ὑφ’
2771 2141 2980 2209 ἐτέρων
3015 2136 3187 2190 ἐθνῶν
3223 2134 3635 2206 ἐπηνέχθησαν,

2053 2235 2169 2287 ἀλλ’
2199 2232 2616 2304 ἀπεκρούσαντο
2647 2233 2860 2296 πάντας
2897 2231 2978 2300 πῆ
3013 2230 3112 2302 μέν
3155 2229 3418 2291 ὑπάτους,
3454 2227 3532 2295 πῆ
3563 2226 3620 2278 δέ

2052 2327 2377 2397 δικτάτορας
2421 2326 2827 2396 ψηφιζόμενοιο
2855 2327 2944 2379 ὅτε
2978 2325 3073 2380 καί
3114 2341 3165 2376 τι
3201 2321 3445 2375 τοιοῦτον
3488 2338 3637 2390 συμ-

2056 2419 2270 2486 Βέόηκε
2290 2434 2304 2448 ⁸
2338 2417 2614 2487 δικτάτωρ
2648 2415 2842 2488 ἐλέχθη
2859 2415 3090 2478 Λούκιος
3121 2413 3424 2484 Κάμιλλος,
3457 2413 3642 2468 Γαλα-

2053 2509 2163 2561 τῶν
2209 2510 2659 2580 κατατρεχόντων
2684 2509 2750 2562 τὰ
2798 2509 2902 2560 ὑπὸ
2945 2507 3185 2576 Ῥώμην.
3225 2508 3322 2568 Ὀς
3371 2507 3466 2558 ἐπὶ
3503 2505 3638 2568 τοὺς

2055 2600 2378 2671 Βαρϐάρους
2433 2600 2710 2671 ὁρμήσας,
2750 2597 2980 2669 γνώμην
3014 2595 3128 2668 εἶχε
3156 2597 3364 2666 τρίϐειν
3393 2597 3484 2648 τὶν
3516 2612 3642 2648 και·

2062 2693 2179 2765 ρὺν,
2229 2693 2325 2745 καὶ
2383 2693 2458 2762 μὴ
2495 2691 2922 2744 διακινδυνεύειν
2960 2690 3098 2761 πρὸς
3147 2691 3472 2759 ἀνθρώπους
3502 2690 3643 2741 ἀπο-

2062 2786 2182 2855 νοίᾳ
2215 2785 2558 2855 χρωμένους.
2617 2783 2780 2854 Ῥᾷον
2818 2784 2925 2854 γὰρ
2956 2784 3156 2845 αὐτοὺς
3177 2782 3272 2835 καὶ
3299 2781 3638 2849 ἀσφαλέστε-

2060 2894 2152 2947 ρον
2199 2876 2406 2947 ἀπορίᾳ
2449 2876 2668 2946 τροφῶν
2708 2875 3082 2946 ἐκτρυχώσειν
3126 2875 3346 2944 ἤλπισε.
3389 2874 3641 2945 Γαλάτης

2055 2969 2110 3020 δέ
2133 2986 2218 3032 τις
2245 2971 2324 3032 εἰς
2376 2968 2718 3039 μονομαχίαν
2740 2968 2866 3022 τινά
2927 2968 3036 3020 τῶν
3068 2968 3362 3037 Ῥωμαίων
3395 2983 3644 3036 προεκα-

2057 3061 2220 3124 λεῖτο,
2274 3061 2369 3114 καὶ
2411 3061 2645 3131 ἀντέστη
2699 3059 2851 3130 αὐτῷ
2898 3059 3229 3129 Οὐαλλέριος
3287 3060 3515 3129 Μάρκος
3557 3079 3644 3129 χι-

2059 3150 2324 3221 λιαρχῶν,
2346 3153 2374 3204 ὁ
2407 3150 2504 3204 τοῦ
2539 3151 2802 3221 Μαξίμου
2834 3153 3046 3206 ἐκείνου
3074 3151 3318 3220 ἔγγονος.
3354 3153 3462 3208 Καὶ
3493 3153 3642 3222 λαμ.-

2060 3243 2174 3311 πρὰ
2218 3242 2316 3312 μὲν
2349 3244 2384 3314 ή
2448 3243 2596 3313 μάχη
2641 3243 2852 3314 προέση
2892 3245 3135 3312 άμφοίνο
3187 3245 3215 3295 ὁ
3279 3245 3378 3314 μὲν
3427 3245 3540 3315 γάρ
3573 3248 3642 3316 τῇ

2059 3334 2220 3401 σοφίᾳ
2252 3334 2346 3386 καὶ
2399 3337 2465 3404 τῇ
2512 3336 2895 3405 περιτεχνήσει
2947 3335 3278 3406 προέφερεν,
3327 3337 3436 3390 ὁὸἐ
3465 3337 3647 3393 Γαλά-

2057 3441 2160 3490 της
2190 3428 2257 3495 τῇ
2301 3426 2450 3495 ίσχύῖ
2481 3428 2580 3480 καὶ
2627 3430 2694 3497 τῇ
2736 3427 2911 3496 τόλμῃ
2941 3442 2955 3456 ·
2985 3429 3082 3483 ἐπὶ,
3126 3429 3290 3482 πλέον
3314 3428 3359 3480 δ’
3389 3429 3642 3499 ἐθαυμα-

2063 3516 2268 3586 στώθη,
2313 3520 2396 3572 ὃτι
2429 3520 2505 3590 τῷ
2551 3519 2888 3590 Οὐαλλερίου
2948 3521 3144 3591 κράνει
3195 3520 3367 3590 κόραξ
3405 3521 3646 3588 ἐφιπτά-

2059 3626 2221 3678 μενος
2246 3611 2345 3664 καὶ
2383 3610 2634 3681 κρὼζων,
2665 3613 2745 3674 είς
2777 3613 2868 3666 τὸν
2895 3613 3180 3684 Βάρὸαρον
3225 3613 3645 3683 ἐνεχρίμπτετο,

2055 3705 2150 3756 καὶ
2180 3704 2283 3772 τήν
2312 3721 2372 3757 τε
2417 3703 2544 3772 θψιν
2581 3704 2749 3758 αὑτοῦ
2792 3707 3159 3776 ἐπετάρασσε,
3199 3707 3296 3758 καὶ
3332 3705 3432 3775 τὴν
3462 3705 3646 3776 ὁρμὴν

2055 3793 2334 3858 ἐνεπόδιςε
2360 3832 2374 3858 ,
2418 3796 2610 3865 μέχρις
2659 3791 2722 3850 οὗ
2773 3797 3177 3868 κατειργάσθη.
3209 3796 3300 3849 Διὸ
3323 3797 3643 3866 ἀγανακτή-

2065 3902 2261 3949 σαντες
2293 3887 2344 3940 οι
2394 3887 2632 3942 Γαλάται
2691 3888 2768 3950 ῶς
2804 3889 2910 3942 ὑπὸ
2957 3889 3175 3967 ὄρνιθος
3224 3888 3635 3958 ἠλαττωμένοι,

2057 3975 2214 4046 θυμῷ
2243 3977 2446 4032 αὐτίκα
2479 3979 2778 4044 συνέμιξαν
2801 3983 2914 4042 τοῖς
2957 3980 3281 4051 Ῥωμαίοις,
3321 3981 3418 4036 καὶ
3455 3979 3649 4042 κακῶς

2057 4067 2493 4137 ἀπηλλάγησαν
2541 4070 2569 4121 ὁ
2620 4069 2665 4122 δ’
2694 4070 3027 4141 Οὐαλλέριος
3064 4073 3174 4124 άπὸ
3210 4072 3311 4140 τῆς
3344 4071 3440 4124 τοῦ
3467 4070 3639 4140 κόρας

2058 4175 2153 4222 κος
2177 4159 2520 4231 συμμαχίας,
2540 4161 2836 4232 Κορουῖνος
2853 4162 3241 4232 ἐπωνομάσθη.
3266 4162 3559 4217 Είσέπειτα
3587 4162 3647 4214 δὲ

379 4255 490 4320 τῶν
545 4253 972 4326 στρατευμάτων
1034 4250 1447 4305 στασιασάντων
1473 4291 1489 4318 ,
1518 4251 1613 4305 καὶ
1666 4252 1934 4323 ἐμφυλίου
1977 4254 2222 4329 πολέμου
2255 4256 2511 4325 γενέσθαι
2546 4258 2855 4328 μέλλοντος,
2889 4258 3316 4331 κατηλλάγησαν
3338 4261 3388 4312 οἱ
3418 4258 3650 4312 στασιά-

384 4365 544 4402 σαντε
562 4367 572 4407 ξ
587 4385 601 4409 ,

650 4345 830 4414 νόμων
858 4344 1148 4408 τεθέντων,
1195 4343 1322 4414 μήτ’
1353 4343 1559 4397 ἄκοντά
1596 4361 1719 4398 τινα
1757 4347 1852 4400 τοῦ
1885 4347 2195 4416 καταλόγου
2234 4350 2663 4418 ἀπαλείφεσθαι,
2719 4353 2858 4423 μήτε
2901 4353 2994 4404 τὸν
3034 4352 3473 4424 χιλιαρχήσαντα
3515 4352 3650 4406 ἐκα-

381 4440 722 4507 τονταρχείν,
772 4436 867 4489 καὶ
938 4435 1066 4498 τοὺς
1116 4436 1357 4496 ὑπάτους
1400 4435 1494 4488 καὶ
1542 4436 1710 4505 ἄμφω
1759 4438 1879 4502 ἐξὸν
1909 4433 2074 4503 εἶναι,
2116 4443 2210 4494 καὶ
2237 4444 2301 4495 ἐκ
2326 4442 2420 4495 τοῦ
2456 4443 2698 4514 πλήθους
2720 4444 3111 4511 καθίστασθαι,
3161 4447 3260 4498 καὶ
3315 4445 3405 4498 τὸν
3474 4447 3645 4501 αὑτὸν

385 4533 520 4597 μήτε
562 4527 672 4579 δύω
734 4527 850 4596 ἅμα
891 4527 1087 4598 ἀρχὰς,
1147 4526 1285 4596 μήτε
1315 4525 1412 4598 τὴν
1438 4526 1608 4598 αὐτὴν
1637 4527 1718 4590 δὶς
1760 4530 1913 4594 ἐντὸς,
1932 4529 2063 4582 δέκα
2093 4532 2286 4601 άρχειν
2316 4532 2478 4587 ἐτῶν.

454 4618 642 4672 XXVI.
674 4619 803 4671 Post
851 4619 966 4672 haec
993 4617 1174 4676 Latini
1226 4617 1385 4684 socii,
1419 4619 1550 4688 quia
1598 4619 1744 4688 pube
1789 4620 1953 4674 conti-

2140 4623 2286 4690 κεῖ.
2343 4626 2562 4678 Λατῖνοι
2623 4625 2682 4679 δὲ
2732 4627 2940 4698 καίπερ
2978 4628 3258 4683 ἔνσπονδοι
3325 4634 3440 4694 τοῖς
3514 4633 3654 4687 Ῥω-

382 4711 645 4766 nentibus
680 4710 1128 4778 eXpeditionibus
1151 4710 1365 4778 egregie
1394 4710 1696 4765 exercitata
1719 4711 1967 4770 abunda-

383 4803 536 4862 bant,
581 4800 707 4853 elati
747 4801 948 4854 animis
997 4799 1340 4862 dt-l‘eCerunt.
1370 4809 1426 4856 et
1470 4801 1730 4856 Romanis
1762 4802 1966 4858 bellum

381 4893 716 4949 intulerunt.
767 4890 984 4956 Quibus
1018 4891 1335 4960 Torquatus
1375 4893 1600 4948 tertium
1657 4903 1710 4947 et
1763 4893 1964 4950 Decius

379 4987 506 5042 lceti
534 4985 789 5040 consules
821 4985 1041 5040 obviam
1078 4985 1308 5055 profecti
1352 4996 1503 5053 sunt,
1537 4996 1594 5041 ct
1623 4996 1784 5044 atrox
1819 5004 1960 5058 pra:-

379 5077 513 5135 lium
538 5080 894 5132 commissum
927 5095 939 5131 :
977 5087 1208 5148 utraque
1239 5079 1354 5131 acie
1382 5078 1753 5145 existimante,
1802 5095 1868 5136 eo
1897 5093 1960 5136 so

380 5171 469 5225 die
499 5179 559 5224 et.
600 5171 819 5224 virtutis
865 5179 920 5225 et
974 5169 1208 5224 fortuna:
1255 5185 1366 5224 sua:
1410 5167 1623 5225 illustre
1673 5159 1953 5242 specimen

379 5263 677 5319 edituram.
713 5261 788 5316 Ea
821 5278 1000 5332 pugna
1029 5271 1232 5316 eventu
1257 5261 1494 5330 quodam
1523 5261 1664 5318 facta
1693 5274 1777 5319 est
1807 5265 1955 5320 celeo

382 5355 552 5410 brior.
586 5354 722 5410 Cum
750 5355 899 5410 enim
929 5353 1158 5410 Latinos
1183 5355 1378 5409 eodem
1410 5370 1692 5412 armorum
1729 5372 1955 5428 genere,

379 5445 686 5516 eademque
726 5446 937 5516 lingua,
973 5463 1082 5517 qua
1128 5446 1426 5512 Rullianus,
1459 5450 1716 5504 consules
1756 5450 1836 5504 uti
1881 5449 1962 5504 vi-

393 5538 592 5594 dGI'Clll
621 5558 633 5592 ;
668 5542 830 5594 veriti
866 5555 936 5594 ne
963 5540 1056 5610 qui
1093 5541 1329 5595 militum
1359 5541 1677 5598 discrimine
1718 5543 1962 5600 hostium

389 5639 446 5684 et
473 5645 700 5684 suorum
746 5647 855 5686 non
904 5632 1061 5687 facile
1089 5633 1403 5697 observato,
1435 5645 1688 5690 errarent
1717 5653 1732 5689 :
1767 5647 1966 5706 praeter

383 5719 487 5772 alia
520 5719 818 5792 diligenter
851 5725 1223 5792 observanda,
1259 5726 1392 5782 illud
1434 5729 1602 5784 etiam
1648 5729 1964 5799 edixerunt,

2069 4715 2257 4785 μαίοις
2289 4716 2468 4782 ὄντες,
2506 4719 2857 4789 ἀπέστησαν,
2895 4720 2993 4773 καὶ
3053 4722 3292 4790 πόλεμον
3328 4723 3554 4794 ἤραντο,
3590 4728 3655 4777 ἐν

2063 4809 2378 4880 φρονήματι
2429 4811 2739 4878 γεγονότες,
2782 4812 2867 4864 ὅτι
2908 4829 2968 4864 τε
2998 4813 3214 4884 νεότητι
3237 4816 3511 4884 ἤκμαζον,
3545 4819 3646 4870 καὶ

2060 4898 2129 4954 τὰ
2169 4899 2450 4970 πολεμικὰ
2494 4901 2561 4954 ἐκ
2623 4902 2724 4972 τῆς
2798 4901 2889 4955 ἀεὶ
2937 4903 3034 4956 σὺν
3089 4904 3280 4967 αὐτοῖς
3340 4907 3645 4976 στρατείας

2059 4990 2306 5062 ἀκριϐῶς
2363 4991 2628 5062 ἧσκηντο.
2681 4995 2747 5047 ΟΞ
2801 4995 2860 5048 δέ
2912 4995 3072 5052 τοῦτο
3107 4997 3331 5064 γνόντες
3389 4999 3645 5070 ἐξῆλθον,

2067 5082 2272 5138 ὓπατον
2300 5082 2393 5135 τὸν
2426 5100 2485 5136 τε
2516 5085 2899 5156 Τουρκουάτον
2921 5088 2982 5139 «ca
3010 5089 3199 5158 τρίτον
3231 5091 3502 5160 ἑλόμενοι,
3551 5094 3654 5148 καὶ

2064 5173 2156 5226 τὸν
2184 5175 2399 5239 Δέκιον,
2421 5177 2515 5228 καὶ
2541 5178 2888 5248 ἐμαχέσαντο
2927 5179 3111 5244 αὐτοῖς
3141 5183 3410 5250 κραταιάν
3440 5184 3655 5254 μάχην,

2065 5267 2249 5336 κρίσιν
2309 5267 2407 5338 τὴν
2463 5268 2677 5339 ἡμέραν
2731 5271 2950 5342 ἐκείνην
3021 5265 3279 5344 ἑκάτεροι
3333 5277 3655 5346 νομίζοντες

2063 5359 2266 5429 ἀκριϐῆ
2304 5360 2405 5430 τῆς
2479 5363 2748 5433 σφετέρας
2806 5363 2976 5434 τύχης
3029 5381 3089 5417 τε
3133 5369 3228 5418 καὶ
3274 5369 3374 5436 τῆς
3415 5369 3651 5438 ἀρετῆς.

2064 5451 2251 5516 Ἔδοξε
2278 5453 2334 5506 δὲ
2353 5457 2802 5525 περιφανεστέρα
2834 5455 2867 5525 ὴ
2901 5458 3048 5528 μάχη
3096 5458 3191 5510 καὶ
3219 5457 3308 5512 διά
3338 5475 3390 5511 τι
3441 5461 3654 5530 συμϐε-

2064 5542 2250 5614 ϐηκός.
2300 5543 2440 5610 Τοὺς
2499 5547 2608 5614 γάρ
2665 5548 2941 5611 Λατίνους
2995 5552 3047 5602 ol
3111 5551 3308 5604 ὕπατοι
3365 5553 3459 5605 καὶ
3513 5558 3650 5620 ομο-

2067 5636 2296 5702 σκεύους
2345 5642 2440 5692 καὶ
2484 5631 2808 5710 ὁμοφώνους
2873 5647 2985 5706 τοῖς
3047 5643 3342 5714 Ῥωμαίοις
3385 5646 3649 5715 ὁρῶντες,

2069 5731 2429 5803 ἐφοϐήθησαν
2482 5734 2558 5804 μὴ
2602 5733 2715 5790 τῶν
2758 5737 3112 5808 στρατιωτῶν
3171 5755 3318 5802 τινες
3370 5739 3649 5812 σφαλῶσι,
