4042 6200
439 268 544 334 627

1707 270 1952 332 JOANN’
1964 273 2029 332 lS
2064 272 2386 337 ZONAIUE

3574 276 3685 339 628

404 381 560 435 belli
613 382 667 436 in
704 380 967 437 Rutulum
1007 381 1186 435 virum
1222 380 1364 452 apud
1389 397 1446 438 se
1498 390 1781 451 potentem
1831 391 2006 435 trans-

2118 383 2247 448 τούς
2272 403 2331 438 τε
2358 387 2485 450 τοὺς
2530 386 2801 449 Λατίνους
2848 383 3268 450 έπαναστάντας
3299 387 3696 458 κατεπολέμη-

432 473 537 526 lata
576 473 774 543 :cujus
834 488 982 539 ossa,
1016 473 1276 541 quoniam
1310 473 1414 527 sibi
1440 472 1787 527 consciscere
1817 487 2008 527 necem

435 572 759 628 maturarat,
806 564 1166 634 disiecerunt.
1208 564 1303 619 Eis
1349 564 1607 626 Romani,
1661 573 1721 618 ut
1760 562 2011 619 foedifra-

431 658 536 728 εἰς,
568 672 754 725 pacem
791 670 899 709 non
929 655 1204 711 dederunt
1237 672 1251 710 :
1281 658 1398 719 sed,
1428 671 1740 727 quanquam
1777 655 2009 726 captivis

433 747 692 816 receptis,
725 747 928 801 bellum
964 747 1424 802 irrcconciliabile
1454 746 1619 819 364
1646 747 2006 807 indixerunt;

430 854 493 895 ac
540 840 674 894 dum
705 840 833 894 elati
883 840 1253 904 successibus,
1305 855 1365 895 se
1413 840 1537 894 illos
1583 855 1777 894 omnes
1830 841 2010 909 primo

430 931 640 1000 impetu
675 941 935 1000 capturos
961 941 1207 1001 sperant,
1250 932 1304 985 in
1336 947 1583 1001 magnam
1622 931 1832 987 cladem
1868 932 2010 986 inci-

430 1020 655 1076 derunt.
685 1021 821 1075 Nam
850 1020 1146 1087 Samnites,
1184 1022 1461 1092 perterriti
1491 1033 1545 1077 et
1571 1022 1717 1076 anxii
1751 1021 1822 1075 ob
1847 1037 2012 1093 nega~

431 1121 540 1166 tam
575 1127 787 1182 pacem,
818 1128 885 1167 ex
928 1113 1314 1183 desperatione
1353 1114 1409 1168 in
1450 1128 1686 1183 pugnant
1737 1114 2009 1168 ruebant:

433 1218 521 1271 et,
556 1205 848 1261 collocatis
878 1206 928 1259 in
955 1215 1183 1276 angusta
1211 1206 1615 1263 vallc‘insidiis.
1642 1218 1820 1259 castra
1847 1219 2013 1274 cepe-

432 1309 580 1362 runt,
626 1306 915 1365 totumque
973 1298 1283 1352 Romanum
1329 1297 1635 1353 exercitum
1682 1297 1786 1350 sub
1821 1297 2011 1368 jugum

433 1392 703 1447 miserunt
738 1392 881 1459 (qum
912 1406 1001 1444 res
1047 1389 1358 1459 cuiusmodi
1406 1389 1596 1453 fuerit,
1646 1404 1811 1458 supra
1846 1403 2013 1459 expo-

429 1484 687 1553 suimus),
736 1484 1011 1537 neminem
1064 1493 1242 1537 tamen
1290 1483 1636 1543 occiderunt,
1685 1481 1781 1535 sed
1824 1481 2012 1545 armis,

427 1574 605 1644 equis,
639 1574 961 1643 cat-terisque
985 1573 1261 1637 omnibus,
1298 1588 1405 1627 una
1436 1583 1588 1628 veste
1613 1572 1883 1628 duntaxat
1930 1588 2016 1627 re-

429 1665 578 1726 licta,
610 1663 884 1734 ademptis
917 1664 1178 1719 dimisere
1218 1661 1419 1727 nudos,
1459 1678 1522 1716 ea
1564 1661 1906 1724 conditione,
1951 1675 2016 1718 ut

2121 491 2243 537 σαν,
2278 478 2373 529 καὶ
2428 477 2594 546 ἕτερα
2654 477 2798 547 ἔθνη
2839 478 3042 549 μάχαις
3096 476 3375 541 ὑπέταξαν
3416 477 3550 531 ποτὲ
3598 480 3701 548 μὲν

2122 565 2355 629 ὑπάτοις
2408 567 2765 639 κεχρημένοι,
2800 568 2932 621 ποτὲ
2969 568 3027 622 δὲ
3077 568 3452 639 δικτάτορσιν,
3502 562 3580 623 ὧν
3621 564 3703 632 εἷς

2117 653 2187 725 ἦν
2218 658 2312 711 καὶ
2342 658 2575 722 Λούκιος
2617 658 2940 729 Παπείριος,
2972 660 3001 712 ό
3047 658 3145 712 καὶ
3188 658 3464 729 Κούρσωρ
3496 661 3703 730 ὄνομα·

2126 748 2359 815 ζόμενος
2384 751 2475 803 διά
2498 767 2556 803 τε
2592 750 2693 817 τὴν
2732 751 2851 817 ἕξιν
2870 747 2963 823 (ἦν
2992 751 3103 822 γὰρ
3136 750 3573 821 δρομικώτατος)
3606 752 3703 805 καὶ

2118 840 2207 892 διὰ
2230 841 2330 910 τὴν
2361 842 2595 911 ἄσκησιν
2620 843 2721 913 τὴν
2744 842 2837 896 τοῦ
2861 842 3090 912 δρόμου.
3133 843 3291 896 Μετὰ
3319 843 3377 895 δὲ
3414 842 3594 896 ταῦτα
3624 842 3706 896 διο

2121 930 2339 1000 κτάτωρ
2369 932 2396 983 ὁ
2424 931 2722 1001 Παπείριος
2750 930 2847 984 ἐπὶ
2880 933 3007 995 τοὺς
3053 929 3330 1001 Σαμνίτας
3355 931 3705 1001 ἐξεπέμφθη,

2123 1024 2266 1092 μετά
2285 1023 2489 1078 Φαϐίου
2538 1024 2791 1080 Ῥούλλου
2835 1026 3137 1096 ἱππάρχου,
3173 1026 3268 1077 καὶ
3310 1026 3577 1096 ⁴ἡττήσας,
3600 1026 3704 1077 αὑ-

2118 1115 2247 1178 τοὺς
2277 1116 2595 1186 ἠνάγκασεν
2623 1117 2718 1170 ἐπὶ
2744 1115 3046 1185 συνθήκαις
3079 1113 3383 1185 συμδῆναι,
3420 1111 3513 1178 αἶς
3549 1117 3704 1168 έκεῖ-

2120 1225 2211 1270 νος
2260 1206 2537 1261 ἑδούλετο.
2584 1206 2960 1276 Ἀποθεμένου
2995 1205 3052 1259 δὲ
3081 1207 3183 1276 την
3234 1206 3537 1277 ἡγεμονίαν
3597 1208 3700 1259 αὐσ-

2119 1298 2241 1363 τοῦ,
2275 1299 2661 1369 ἐπανέστησαν
2692 1297 2871 1361 αὖθις.
2918 1297 3057 1352 Ὑπὸ
3086 1297 3142 1351 δὲ
3189 1296 3495 1366 Κορνηλίου
3524 1294 3704 1350 Λῦὶου

2120 1390 2442 1461 δικτάτορος
2466 1390 2562 1442 καὶ
2603 1390 2769 1445 πάλιν
2796 1388 2926 1442 πολε
2936 1388 3202 1459 μηθέντες
3229 1391 3323 1440 καὶ
3343 1388 3705 1458 ἡττηθέντες,

2121 1480 2619 1552 διεκηρυκεύσαντο
2665 1480 2804 1550 πρὸς
2867 1481 2996 1543 τοὺς
3056 1481 3116 1532 ὲν
3185 1482 3253 1551 τῇ
3301 1478 3513 1550 Ῥώμῃ,
3573 1481 3705 1537 τοὺς

2122 1571 2510 1642 αἰχμαλώτους
2535 1589 2595 1624 τε
2637 1572 2799 1635 ὅσους
2833 1567 2982 1641 εῐχον
3015 1571 3337 1640 πέμψαντες
3364 1571 3573 1634 αὐτοῖς,
3607 1574 3705 1624 καὶ

2120 1662 2223 1733 τὴν
2238 1661 2419 1715 αίτίαν
2442 1659 2537 1715 τοῦ
2568 1660 2813 1730 πολέμου
2841 1659 3144 1730 Ῥουτοὺλῳ
3158 1658 3310 1730 ἀνδρὶ
3328 1658 3537 1725 δυνατῷ
3565 1676 3643 1711 7:2
3653 1659 3702 1726 ρ’

427 1770 557 1823 agro
587 1754 804 1809 illorum
840 1755 1198 1819 excederent,
1232 1765 1288 1809 et
1318 1770 1478 1823 aequo
1517 1755 1642 1824 jure
1688 1754 2006 1808 societatem

2117 1753 2306 1814 αὐτοῖς
2339 1752 2766 1824 ἐπιγράφοντες,
2796 1745 2858 1805 οὗ
2883 1752 2952 1804 τὰ
2976 1752 3133 1814 ὀστᾶ,
3161 1752 3285 1803 ἐπεὶ
3317 1750 3527 1819 φθάσα;
3556 1752 3702 1801 ἐκεῖ-

428 1845 694 1900 ιτοΙοι-εηι.
727 1845 859 1912 Qua:
897 1855 1075 1916 pacta,
1115 1857 1175 1899 nt
1216 1845 1382 1901 etiam
1420 1855 1647 1901 senatus
1685 1846 2015 1901 auctoritate

430 1949 545 1992 rata
573 1950 782 2001 essent.
826 1956 892 1994 ac
923 1939 1141 2010 equites
1180 1938 1406 1994 obsides
1449 1939 1824 1994 retinuerunt.
1872 1937 2017 1993 Con-

431 2029 579 2084 sules
614 2045 747 2084 vero
773 2029 1008 2099 Spurius
1045 2030 1362 2085 Postumius
1425 2041 1482 2084 et
1537 2029 1795 2083 Tiberius
1836 2026 2016 2081 Calvi-

433 2132 537 2171 nus
565 2132 688 2172 cum
714 2119 960 2174 exercitu
984 2119 1167 2174 statim
1213 2128 1566 2174 recesserunt
1593 2135 1608 2174 :
1653 2125 1930 2187 noctuque
1959 2126 2016 2172 et

435 2209 560 2278 ipsi,
591 2219 648 2263 et
682 2212 944 2281 praecipui
968 2226 1000 2266 e
1031 2210 1246 2266 caneris
1292 2211 1520 2265 Romam
1574 2218 1706 2264 sunt
1754 2207 2012 2279 ingressi,

434 2299 633 2370 reliqui
667 2301 722 2355 in
767 2301 916 2370 agris
939 2300 1195 2370 dispersi.
1231 2299 1336 2366 Qui
1370 2300 1425 2353 in
1463 2299 1600 2354 urbe
1633 2306 1811 2363 erant,
1860 2296 2015 2350 clade

427 2391 668 2461 cognita,
690 2406 870 2463 neque
899 2391 1138 2447 militum
1164 2392 1344 2447 salute
1372 2390 1631 2446 delectati
1656 2398 1807 2451 sunt,
1833 2403 2012 2458 neque

426 2483 614 2539 dolere
638 2493 960 2552 potuerunt.
985 2484 1124 2539 Nam
1171 2493 1232 2540 ut
1273 2482 1563 2538 advi-rsum
1600 2497 1787 2537 casum
1821 2481 2011 2535 dolen-

425 2575 635 2629 tissime
670 2575 937 2640 tulerunt,
973 2576 1277 2644 pra'sertim
1312 2588 1342 2627 a
1379 2573 1723 2626 Samnitibus
1750 2572 1962 2626 illatum
1992 2588 2006 2625 :

424 2666 528 2728 sic.
582 2681 707 2721 cum
757 2675 1102 2736 reputarent,
1144 2666 1189 2720 si
1239 2680 1435 2720 omnes
1483 2664 1800 2734 periissem,
1848 2679 1907 2718 se
1951 2663 2007 2717 in

423 2769 671 2815 extremo
722 2759 1043 2815 discrimine
1094 2759 1332 2822 futuros.
1393 2759 1571 2814 salute
1616 2758 1834 2813 illorum
1881 2768 2010 2813 sunt

423 2852 618 2922 gavisi.
647 2852 752 2909 Sed
784 2853 981 2923 gaudio
1014 2853 1238 2907 interim
1274 2852 1642 2917 dissimulato,
1680 2851 1815 2905 nihil
1858 2868 2007 2907 more

423 2943 588 2999 solito
629 2943 1126 3009 administrarunt,
1174 2958 1277 2999 nec
1339 2944 1394 2998 in
1455 2943 1771 3014 praesentia,
1826 2958 2007 3012 neque

2120 1863 2209 1910 νος
2239 1845 2610 1916 διεχειρίσατο
2651 1844 2868 1906 ἑαυτὸν,
2900 1842 3209 1915 διέρριψαν·
3264 1842 3322 1895 οὗ
3376 1842 3565 1912 μέντοι
3603 1843 3701 1894 καὶ

2118 1938 2307 2010 ἔτυχον
2334 1938 2434 2008 τῆς
2466 1939 2691 2009 εἰρήνης
2727 1936 2802 2000 ὡς
2837 1937 3083 1997 ἄπιστοι,
3108 1936 3225 1988 ἀλλ’
3283 1937 3555 1989 ἄσπονδον
3581 1938 3702 2002 cgni-

2121 2049 2205 2085 σιν
2237 2029 2581 2100 ἐψηφίσαντο
2611 2029 2873 2100 πόλεμον,
2941 2025 3124 2081 καίτοι
3154 2027 3285 2090 τοὺς
3311 2027 3700 2097 αἰχμαλώτους

2116 2121 2397 2185 λαϐόντες.
2443 2119 2972 2190 ’Υπεραυχήσαντες
3042 2118 3138 2172 οὖν
3178 2120 3227 2171 oi
3272 2119 3561 2188 Ῥωμαῖοι,
3595 2120 3695 2170 καὶ

2122 2212 2377 2267 αὐτοϐοεὶ
2403 2213 2614 2274 πάντας
2660 2211 2860 2274 αὐτοὺς
2900 2212 3132 2282 αἱρήσεν
3159 2210 3509 2274 ἐλπίσαντες,
3534 2209 3701 2279 δεινῷ

2117 2305 2411 2373 παθήματι
2491 2304 2847 2374 περιέπεσον.
2928 2301 3382 2370 ’Υπερδείσαντες
3467 2302 3580 2373 γὰρ
3646 2306 3697 2356 oi

2115 2397 2409 2465 Σαμνίται,
2445 2397 2541 2449 καὶ
2589 2397 2650 2448 ἐν
2709 2396 2967 2466 συμφορᾷ
2996 2393 3317 2464 ποιούμενοι
3338 2392 3399 2445 τὸ
3430 2393 3506 2463 μὴ
3534 2394 3698 2446 σπεί-

2114 2487 2339 2550 σασθαι,
2397 2488 2492 2539 καὶ
2549 2487 2626 2549 ὡς
2698 2487 3119 2555 ὰπεγνωσμένοι
3196 2485 3527 2554 μαχόμενοι,
3595 2485 3697 2538 καὶ

2113 2578 2451 2649 λοχήσαντες
2505 2577 2562 2629 ἐν
2615 2594 2724 2630 τινι
2754 2575 2911 2649 χώρα
2944 2577 3237 2647 κοιλοτέρα
3286 2576 3380 2629 καὶ
3418 2578 3604 2647 στενῇ,
3634 2576 3699 2629 τό

2112 2690 2172 2727 τε
2238 2671 2605 2744 στρατόπεδον
2645 2665 2813 2735 εἶλον,
2867 2670 2961 2723 καὶ
3020 2669 3145 2733 τοὺς
3187 2668 3495 2738 Ῥωμαίους
3552 2667 3695 2733 ἐζώ-

2111 2779 2329 2834 γρησαν
2390 2761 2624 2815 πανσυδὶ
2651 2802 2665 2825 ,
2699 2761 2796 2813 atati.
2842 2761 3052 2822 πάντας
3099 2759 3390 2828 ὑπήγαγον
3439 2759 3548 2812 ὑπὸ
3599 2762 3693 2811 τὶν

2110 2852 2275 2920 ζυγὸν
2338 2851 2413 2922 (τί
2441 2852 2489 2905 δ’
2529 2847 2599 2916 ἧν
2627 2852 2687 2903 to
2717 2849 2813 2904 τοῦ
2870 2848 3062 2918 ζυγοῦ,
3096 2850 3196 2922 ηδη
3233 2868 3324 2920 μοι
3384 2849 3555 2902 ἄνωθί
3587 2867 3693 2903 που

2116 2948 2450 3020 ἱστόρηται),
2480 2947 2674 3000 οὐδένα
2711 2945 2899 3014 μέντοι
2937 2944 3294 3009 ἀπέκτειναν,
3359 2943 3496 2997 ἀλλὰ
3531 2944 3603 2998 τά
3624 2960 3683 2998 τε

426 3040 569 3095 post,
618 3029 798 3085 donec
850 3030 1138 3086 victoriam
1189 3039 1611 3101 recuperarunt.
1671 3032 2006 3087 Consulibus

2113 3042 2252 3096 ὅπλα
2288 3044 2382 3096 καὶ
2416 3041 2544 3104 τοὺς
2571 3040 2796 3101 ἶππους,
2834 3041 2929 3091 καὶ
2963 3038 3034 3091 τὰ
3064 3037 3201 3092 ἄλλα
3227 3038 3325 3090 ὅσα
3359 3032 3528 3107 εἶχον,
3548 3035 3696 3106 πλὴν

424 3119 776 3188 magistratus
807 3120 993 3174 statim
1036 3120 1331 3191 abrogatus
1376 3128 1501 3175 est:
1541 3120 1774 3189 aliisque
1824 3121 2004 3185 lectis,

424 3207 790 3264 deliberatum
839 3211 907 3265 de
959 3211 1136 3280 pactis
1202 3210 1598 3265 rescindendis.
1667 3210 1824 3278 Quod
1875 3212 2006 3282 quia

425 3300 542 3355 ﬁeri
573 3315 681 3355 non
710 3311 945 3371 poterat,
985 3302 1091 3357 nisi
1127 3302 1365 3358 crimine
1405 3303 1459 3357 in
1495 3314 1756 3358 auctores
1787 3303 2004 3358 illorum

425 3394 691 3450 translato
730 3412 742 3447 :
777 3393 932 3450 inviti
974 3394 1273 3459 faciebant,
1303 3404 1361 3450 ut
1391 3395 1651 3451 consules
1694 3406 1750 3450 et
1775 3403 2006 3449 caeteros

426 3487 780 3556 magistratus
811 3490 905 3557 qui
948 3503 1074 3543 cum
1124 3489 1195 3543 iis
1235 3487 1474 3552 fuerant,
1524 3486 2002 3544 condemnarent:

424 3596 605 3651 neque
645 3580 1105 3637 committendum
1156 3580 1422 3650 putabant
1468 3590 1549 3643 ut,
1602 3581 1667 3634 iis
1714 3579 2003 3643 absolutis,

426 3673 634 3727 t-rimen
714 3671 900 3725 violati
957 3670 1180 3726 {mdcris
1253 3671 1306 3725 in
1384 3671 1709 3738 semetipsos
1800 3670 2004 3724 redun-

424 3764 558 3818 dare
613 3771 957 3832 paterentur.
1023 3763 1098 3816 Re
1172 3762 1339 3832 igitur
1406 3777 1531 3817 cum
1598 3761 1737 3830 ipsis
1798 3776 1999 3817 consu-

427 3854 574 3909 libus
639 3855 1064 3916 communicata,
1107 3855 1345 3923 primum
1392 3854 1731 3907 Postumium
1783 3863 2005 3908 senten-

426 3947 557 4001 tiam
589 3947 774 4001 dicere
806 3947 1110 4016 jusserunt,
1142 3956 1199 4000 ut
1227 3946 1341 4015 ipse
1373 3957 1564 4000 contra
1593 3960 1713 4001 sese
1757 3961 2003 4014 pronun-

428 4037 604 4099 tiaret,
633 4053 699 4094 ex
731 4038 1082 4100 verecundia,
1131 4052 1200 4092 ne
1239 4052 1431 4092 omnes
1481 4036 1769 4091 dedecoris
1811 4037 2005 4108 imple—

425 4137 638 4185 rentur.
662 4129 713 4182 ls
747 4129 800 4183 in
828 4129 1068 4184 medium
1103 4144 1443 4200 progressus,
1474 4128 1692 4199 negavit
1718 4128 2002 4198 probanda

426 4241 545 4282 esse
574 4242 606 4281 a
639 4235 830 4281 senatu
867 4225 1200 4295 populoque,
1234 4240 1357 4294 ane
1403 4241 1471 4278 ne
1505 4224 1606 4294 ipsi
1638 4225 1862 4294 quidem
1904 4240 2003 4280 sua

423 4328 643 4387 sponte.
694 4318 791 4373 sed
842 4317 911 4372 ab
968 4316 1240 4381 hostibus,
1294 4332 1403 4370 non
1455 4317 1683 4379 virtute,
1737 4318 1833 4372 sed
1876 4316 2003 4372 dolo

2110 3134 2229 3195 ἑνὸς
2261 3132 2507 3203 ἱματίου,
2533 3130 2843 3199 ἀφείλοντο,
2886 3129 2981 3182 καὶ
3029 3129 3273 3197 γυμνοὺς
3303 3130 3444 3195 σφᾶς
3469 3126 3696 3196 ἀφῆκαν

2111 3226 2212 3278 ἐπὶ
2249 3224 2571 3292 συνθήκαις,
2613 3221 2710 3274 τοῦ
2740 3239 2798 3274 τε
2844 3221 2946 3290 τήν
2983 3218 3168 3291 χώραν
3214 3220 3396 3273 αὐτῶν
3422 3218 3691 3279 ἐκλιπεῖν,

2108 3318 2203 3370 καὶ
2234 3315 2561 3386 συμμάχους
2603 3314 2791 3383 σφίσιν
2825 3312 2934 3366 ἀπὸ
2966 3312 3067 3381 τῆς
3108 3308 3233 3383 ἴσης
3279 3306 3448 3365 εἶναι.
3478 3311 3601 3364 Ἵνα
3631 3312 3690 3364 δὲ

2108 3406 2177 3459 τὰ
2237 3406 2338 3474 τῆς
2396 3403 2694 3475 ὁμολογίας
2743 3404 2838 3456 καὶ
2895 3404 3047 3473 παρὰ
3083 3403 3185 3474 τῆς
3244 3402 3542 3473 γερουσίας
3600 3401 3694 3471 βε-

2108 3496 2405 3560 ϐαιωθῶσι,
2436 3496 2545 3549 τῶν
2580 3495 2790 3549 ίππέων
2810 3493 3126 3560 ἑξακοσίους
3153 3495 3232 3557 είς
3256 3494 3527 3568 ὁμηρείαν
3555 3510 3695 3548 κετ-

2108 3593 2286 3659 έσχον.
2327 3590 2391 3643 Οί
2438 3591 2483 3642 δ’
2570 3586 2769 3642 ὕπατοι
2815 3587 3083 3657 Σπούριός
3119 3604 3178 3641 τε
3219 3587 3565 3657 Ποσθοὺμιος
3594 3589 3691 3641 καὶ

2108 3682 2361 3752 Τιϐέριος
2408 3682 2710 3744 Καλουῖνος
2745 3681 2884 3751 μετὰ
2933 3685 3031 3751 τῆς
3078 3682 3343 3751 στρατιᾶς
3399 3680 3567 3742 εὐθὺς
3596 3680 3690 3732 ἁν-

2108 3777 2418 3845 εχώρησαν,
2460 3775 2556 3825 καὶ
2606 3774 2799 3835 νυκτὸς
2834 3775 2990 3825 αὐτοί
3021 3790 3082 3825 τε
3142 3777 3238 3825 καὶ
3276 3772 3387 3824 τῶν
3426 3771 3608 3824 ἄλλων
3638 3771 3690 3824 oi

2108 3866 2528 3934 ἀξιολογώτατοι
2561 3868 2641 3930 εἰς
2674 3866 2770 3936 τὴν
2810 3864 3029 3935 Ῥώμην
3052 3864 3399 3931 είσήλθοσανδ
3422 3866 3470 3917 οἱ
3497 3864 3555 3916 δὲ
3581 3865 3693 3917 λοι·

2106 3960 2200 4013 ποὶ
2229 3959 2562 4028 στρατιῶται
2586 3959 2730 4010 κατὰ
2760 3958 2888 4020 τοὺς
2929 3959 3141 4026 ἀγροὺς
3162 3956 3601 4023 ἐσκεδάσθησαν.
3626 3959 3689 4009 Ol

2105 4050 2153 4103 δ’
2209 4051 2269 4101 ἐν
2326 4052 2393 4119 τῇ
2453 4047 2606 4101 πόλει
2645 4048 2714 4101 τὰ
2775 4048 3149 4118 πεπραγμένα
3228 4046 3517 4111 παθόντες,
3560 4047 3689 4100 οὔτε

2107 4143 2347 4213 ἡσθῆναι
2387 4143 2455 4211 τῇ
2501 4141 2611 4194 τῶν
2643 4140 2994 4209 στρατιωτῶν
3046 4139 3320 4211 σωτηρίᾳ,
3365 4138 3482 4192 οὔτ’
3516 4138 3690 4209 ἀχθε-

2109 4236 2303 4306 σθῆναι
2334 4235 2618 4304 ἠδύναντο.
2655 4234 2796 4302 Πρὸς
2843 4233 2945 4304 μὲν
2980 4233 3088 4304 γὰρ
3121 4233 3184 4285 τὸ
3213 4232 3387 4286 δεινὸν
3421 4233 3669 4301 ὑπερήλ-

2106 4345 2262 4396 γουν,
2294 4329 2390 4381 καὶ
2433 4329 2516 4381 ὅτι
2569 4327 2722 4397 παρὰ
2749 4325 2857 4379 τῶν
2898 4325 3185 4395 Σαμνιτῶν
3225 4323 3453 4378 τοιαῦτα
3482 4326 3688 4378 πεπόνο

424 4421 589 4479 atque
634 4410 851 4465 insidiis
897 4409 1096 4472 coacti,
1148 4408 1412 4479 egissent.
1458 4408 1558 4473 Qui
1596 4409 1761 4478 igitur
1813 4407 1998 4461 dolum

2113 4422 2255 4476 θασι.
2303 4420 2485 4503 μεῖζον
2527 4419 2682 4489 σφίσι
2729 4418 2791 4472 τὸ
2829 4419 2995 4486 ἄλγος
3059 4416 3289 4485 ὲγίνετο.
3324 4416 3731 4504 Λογιξόμενοισο

428 4503 639 4570 priores
669 4502 1008 4570 usurparint,
1057 4502 1092 4555 ii
1124 4501 1168 4556 si
1200 4501 1326 4555 dolo
1355 4500 1595 4556 vicissim
1635 4497 1997 4554 circumventi

426 4595 649 4653 fuerint.
687 4612 793 4650 non
825 4595 1029 4651 habere
1050 4596 1197 4664 quod
1223 4603 1544 4664 qui-rantur.
1577 4593 1702 4648 Haec
1734 4602 1792 4647 et
1833 4592 2001 4659 hujus

426 4686 589 4759 365
622 4688 840 4758 generis
864 4688 1018 4757 plura
1052 4702 1176 4741 cum
1223 4685 1474 4748 dixisset,
1516 4699 1545 4738 a
1591 4691 1784 4738 senatu
1829 4682 1998 4737 animi

428 4779 598 4834 dubio
645 4778 777 4849 quid
827 4777 1097 4848 agendum
1144 4786 1290 4832 esset
1343 4791 1520 4831 :cnm
1575 4774 1890 4830 Postumius
1944 4782 2001 4829 et

426 4878 685 4935 Calvinus
715 4892 932 4932 omnem
964 4875 1178 4946 culpam
1214 4874 1267 4928 in
1317 4872 1643 4943 semetipsos
1690 4871 2002 4926 transtulis-

427 4981 571 5036 sent,
615 4971 897 5026 decretum
929 4980 1014 5024 est
1074 4968 1249 5039 pactis
1288 4966 1534 5022 rescissis
1562 4964 1687 5020 illos
1718 4963 2001 5019 dedendos

426 5081 569 5121 esse.
599 5065 867 5123 Consules
899 5064 1067 5135 igitur
1096 5064 1278 5128 ambo,
1324 5063 1619 5131 ceterique
1649 5062 2001 5132 magistratus

426 5157 521 5227 qui
594 5154 959 5226 paciﬁcationi
1032 5153 1356 5218 adfuerant,
1426 5150 1711 5206 Samnium
1775 5149 1997 5205 abducti

427 5256 578 5304 sunt.
610 5247 886 5303 Samnites
914 5254 1097 5301 autem
1132 5245 1379 5315 captivos
1418 5258 1612 5299 omnes
1660 5250 1995 5314 repetentes,

425 5342 561 5397 deos
591 5342 794 5405 testati,
833 5338 1118 5395 dedititios
1160 5338 1489 5409 reiecerunt.
1521 5336 1736 5403 Quibus
1766 5336 1998 5392 Romani

425 5433 625 5503 cupide
655 5432 913 5503 receptis,
945 5430 1207 5487 iracunde
1236 5444 1372 5484 cum
1416 5428 1757 5485 Samnitibus
1794 5444 2003 5499 pugna-

392 5598 395 5601 _
428 5537 577 5590 runt,
616 5527 910 5596 adeptique
937 5524 1230 5580 victoriam
1265 5523 1457 5578 eodem
1500 5521 1660 5592 plane
1701 5521 1865 5576 modo
1906 5536 2002 5576 eos

428 5629 729 5674 tractarunt
758 5638 772 5672 :
806 5619 1104 5688 itidemque
1132 5616 1235 5673 sub
1261 5616 1452 5687 jugnm
1481 5614 1698 5680 missos,
1724 5614 1871 5668 nulla
1897 5613 2001 5668 alia

427 5711 575 5765 illata
628 5712 824 5776 iniuria
876 5712 1246 5774 dimiserunt,
1309 5708 1547 5780 receptis
1600 5710 1803 5777 absque
1863 5724 2001 5763 noxa

2107 4512 2187 4577 δὲ,
2221 4511 2296 4575 ὡς
2323 4512 2373 4564 εί
2402 4499 2618 4573 ¹πάντας
2657 4509 2963 4564 ἀπολέσθαι
2995 4508 3218 4577 συνέϐη,
3254 4506 3351 4561 καὶ
3380 4508 3512 4576 περὶ
3548 4507 3690 4560 πάν-

2106 4621 2215 4658 των
2241 4604 2309 4657 ἂν
2331 4603 2750 4666 ἐκινδύνευσαν,
2777 4603 2874 4656 ἐπὶ
2897 4605 2963 4674 τῇ
2992 4602 3146 4672 σφῶν
3187 4602 3379 4672 ἥδοντο
3407 4600 3690 4671 σωτηρίᾳο

2107 4692 2547 4765 ἐπικρύπτοντες
2604 4693 2664 4746 δὲ
2714 4692 2852 4756 τέως
2893 4693 2956 4747 τὸ
3010 4692 3259 4763 ἥδεσθαι,
3296 4691 3492 4755 πένθος
3554 4693 3690 4745 ἑπε-

2109 4786 2452 4857 ποιήκεσαν,
2491 4787 2586 4838 καὶ
2638 4776 2790 4838 οὐδὲν
2828 4786 2888 4838 έν
2945 4784 3021 4854 τῷ
3070 4785 3437 4854 καθεστηκότι
3492 4784 3688 4854 τρόπῳ

2107 4877 2375 4950 ἔπραξαν,
2399 4876 2512 4953 οὔτ’
2538 4879 2759 4941 αὐτίκα,
2784 4876 2901 4931 οὔθ’
2933 4877 3185 4948 ὕστερον,
3204 4877 3311 4940 ἕως
3339 4877 3689 4947 ἀντεπεκράο

2107 4987 2299 5040 τησαν·
2343 4971 2471 5033 τοὺς
2525 4970 2573 5024 δ’
2616 4971 2856 5034 ὑπάτους
2888 4970 3354 5041 μὲνηπαραυτίκα
3405 4971 3683 5034 ἔπαυσαν,

2109 5064 2199 5115 ἑτέ
2212 5079 2343 5133 ρους
2403 5062 2450 5115 δ’
2505 5062 2859 5132 ἀνθελόμενοι
2909 5060 3107 5131 βουλὴν
3169 5062 3523 5131 ἐποιήσαντο,
3591 5060 3691 5115 καὶ

2106 5154 2284 5208 ἐδόκει
2327 5153 2427 5224 μὲν
2469 5154 2623 5224 σφίσι
2653 5156 2729 5224 μὴ
2752 5154 3132 5223 δέξασθαιτήν
3178 5152 3481 5224 σύμϐασιν.
3525 5153 3686 5207 Ἐπεὶ

2105 5247 2162 5301 δὲ
2204 5245 2467 5300 ἀδύνατον
2509 5243 2577 5319 ἦν
2624 5246 2789 5300 τοῦτο
2817 5247 3037 5316 δρᾶσαι,
3091 5246 3166 5316 μὴ
3205 5246 3328 5317 οὐχὶ
3373 5246 3511 5316 πρὸς
3557 5248 3690 5310 τοὺς

2111 5340 2431 5412 πράξαντας
2461 5341 2631 5411 αὐτὴν
2660 5340 2966 5409 τρέψαντας
2998 5339 3095 5407 τὴν
3127 5341 3328 5405 αἰτίαν,
3351 5340 3564 5394 ὤκνουν
3583 5337 3690 5412 μὲν

2109 5433 2219 5486 τῶν
2254 5432 2478 5486 ὑπάτων
2511 5431 3023 5502 καταψηφίσασθαι,
3043 5434 3137 5485 καὶ
3154 5432 3264 5486 τῶν
3285 5432 3464 5487 ἄλλων
3483 5436 3534 5486 οἱ
3565 5432 3691 5503 μετ’

2110 5524 2289 5579 αὐτῶν
2306 5526 2478 5595 ἀρχάς
2498 5541 2649 5588 τινας
2672 5524 2933 5593 ἄρχοντες
2947 5522 3044 5585 τὰς
3077 5523 3312 5585 σπονδὰς
3333 5524 3693 5594 ἐποιήσαντο.

2115 5618 2345 5669 Ὤκνουν
2386 5616 2442 5669 δὲ
2473 5617 2566 5669 καὶ
2591 5618 2831 5684 ἁξρείναι,
2870 5618 2965 5669 ’ίνα
3002 5618 3076 5686 μὴ
3110 5616 3194 5683 ἐφ’
3229 5616 3457 5679 ἑαυτοὺς
3484 5616 3546 5668 τὸ
3582 5633 3693 5669 πα·

2115 5707 2482 5777 ρασπόνδημα
2516 5709 2947 5777 περιστήσωσιν.
2974 5709 3168 5771 Αὐτοῖς
3196 5706 3288 5760 οὖν
3314 5706 3545 5770 ἐκείνοις
3569 5709 3694 5770 τοῖς
