4042 6200
379 353 488 419 629

1640 356 2048 421 ANNALIUM
2090 356 2235 417 LIB.
2276 355 2444 421 VIII.

3535 355 3641 419 630

381 468 608 531 ὕπᾶτοις
655 465 1115 533 ἐπεκοινώσαντο,
1149 470 1241 524 καὶ
1277 469 1476 541 πρώτῳ
1520 487 1584 541 γε
1616 472 1692 542 τῷ
1716 474 1947 526 Ποστου-

2056 469 2335 542 equitibus
2383 470 2537 532 suis.
2584 480 2725 538 quos
2758 466 2860 523 iilli
2941 467 3092 538 pacis
3148 466 3371 524 obsides
3404 470 3644 527 retinue-

382 560 492 631 μίῳ
541 561 641 631 τὴν
686 562 866 631 ψῆφον
900 564 1203 631 ἐπήγαγον,
1233 564 1382 629 ὅπως
1414 564 1568 629 οὗτος
1614 564 1733 618 καθ’
1757 564 1951 618 ἑαυτοῦ

2063 574 2208 617 rant.

378 653 609 725 γνώμην
638 658 1012 726 ἀποφήνηται,
1039 657 1270 727 αἰσχύνῃ
1307 657 1400 729 τοῦ
1447 657 1520 729 μὴ
1583 659 1791 723 πάντας
1819 658 2037 724 ἀδοξίας
2076 656 2500 728 ἀναπληρῶσαι.
2571 653 2627 708 Ὀ
2671 654 2729 708 δὲ
2762 654 3051 725 παρελθὼν
3076 655 3157 718 είς
3193 654 3257 707 τὸ
3297 655 3483 726 μέσον,
3516 657 3647 727 ἔφη-

383 747 457 815 μὴ
481 747 593 800 δεῖν
622 747 944 819 κυρωθῆναι
977 748 1047 801 τά
1104 750 1195 803 ὑπ’
1228 751 1411 805 αὐτῶν
1472 751 1839 822 πεπραγμένα
1893 750 2046 822 παρὰ
2082 752 2181 820 τῆς
2229 749 2523 820 γερουσίας
2554 751 2652 803 καὶ
2692 749 2788 803 τοῦ
2851 750 3027 819 δήμου
3057 763 3074 781 ’
3106 749 3238 818 μηδὲ
3283 749 3395 819 γάρ
3440 748 3639 809 αὐτοὺς

380 838 648 901 ἑκουσίως
679 840 889 909 πρᾶξαι
921 842 1100 907 αὐτὰ,
1139 841 1257 895 ἀλλ’
1297 842 1516 915 ἀνάγκῃ
1580 845 2000 916 συνεχομένους,
2039 845 2108 914 ἢν
2156 844 2345 907 αὐτοῖς
2401 840 2683 913 ἐπήγαγον
2730 843 2780 895 οῑ
2835 840 3086 910 πολέμιοι
3136 841 3236 894 οὐκ
3299 841 3357 907 ἐξ
3416 842 3640 912 ἀρετῆς,

378 928 497 981 ἀλλ’
522 932 585 983 ἐκ
624 929 781 985 δόλου
824 933 919 986 καὶ
950 933 1010 997 ἐξ
1034 933 1282 1004 ἐνέδρας.
1314 935 1380 988 Οἱ
1455 934 1582 1004 γοῦν
1611 936 2000 1007 ἀπατήσαντες
2041 920 2090 988 εἰ
2130 934 2618 1004 ἀντηπατήθησαν.
2665 934 2766 987 οὐκ
2834 932 2901 986 ἂν
2941 932 3193 986 δύναιντο
3222 933 3446 995 δικαίως
3475 936 3642 1001 ἐγκα-

378 1021 491 1073 λεῖν
510 1026 627 1087 τοῖς
655 1024 1094 1096 ἂνταπατήσασι.
1138 1025 1326 1080 Ταῦτα
1375 1029 1559 1080 τοίνυν
1624 1028 1875 1090 εἰπόντος
1936 1026 2031 1081 καὶ
2068 1025 2299 1082 τοιαῦτα
2350 1026 2544 1090 πολλὰ,
2594 1027 2653 1079 ἐν
2707 1025 2991 1098 ἀμηχανίᾳ
3035 1029 3069 1098 ἠ
3112 1026 3373 1096 γερουσία
3403 1027 3643 1093 ἐγένετοο

384 1114 481 1168 τοῦ
523 1115 583 1168 δὲ
613 1117 960 1188 Ποστουμίου
1006 1119 1102 1172 καὶ
1147 1118 1242 1173 τοῦ
1276 1118 1583 1174 Καλουίνου
1622 1122 1705 1186 είς
1775 1121 2004 1184 ἑαυτοὺς
2045 1121 2146 1192 τὴν
2204 1119 2389 1173 αἰτίαν
2446 1119 2884 1190 ἀναδεχομένων,
2921 1119 3202 1190 ἐψηφίσθη
3257 1120 3398 1189 μήτε
3464 1134 3647 1186 κυρω-

380 1212 543 1282 θῆναι
608 1214 678 1267 τὰ
736 1215 1160 1285 ὡμολογημένα,
1225 1216 1473 1282 ἐκείνους
1520 1235 1581 1271 τε
1639 1217 1950 1286 ἐκδοθῆναι.
2001 1215 2357 1287 Ἀπήχθησαν
2430 1211 2525 1269 οὖν
2592 1214 2685 1269 καὶ
2744 1214 2912 1286 ἄμφω
2955 1217 3003 1268 οἱ
3039 1216 3263 1277 ὕπατοι.
3312 1215 3408 1267 καὶ
3453 1214 3503 1265 οἱ
3535 1212 3648 1268 λοι-

377 1309 474 1360 ποὶ
503 1308 794 1377 ἄρχοντες,
828 1312 880 1362 οί
918 1311 1014 1364 ἐπὶ
1041 1313 1229 1381 ὅρκοις
1263 1310 1758 1381 παρουσιάσαντες,
1823 1312 1905 1374 είς
1966 1311 2027 1365 τί
2069 1310 2307 1381 Σάμνιον
2355 1309 2498 1380 (6“).
2537 1309 2614 1364 Οὐ
2648 1310 2834 1380 μέντοι
2884 1310 3086 1371 αὐτοὺς
3122 1310 3173 1362 oi
3232 1310 3498 1380 Σαμνῖται
3531 1311 3645 1365 ἔδει

377 1399 562 1466 ξαντο,
604 1402 745 1456 ἀλλὰ
764 1404 895 1467 τοὺς
925 1404 1160 1469 ἁλόντας
1198 1405 1445 1478 ἀπῄτουν
1461 1404 1736 1473 ἅπαντας,
1754 1408 1850 1460 καὶ
1888 1409 2017 1471 τοὺς
2036 1407 2197 1469 θεοὺς
2212 1406 2526 1461 ἐπεόοῶντο
2543 1408 2639 1460 καὶ
2668 1406 3015 1471 ἐπεθείαζον,
3044 1405 3140 1459 καὶ
3160 1406 3313 1470 τέλος
3335 1407 3462 1475 rei»;
3491 1406 3646 1460 ἐκδο-

376 1494 573 1557 θέντας
604 1494 988 1565 άντέπεμοζιαν.
1025 1498 1089 1550 Ol
1122 1498 1180 1552 δὲ
1218 1498 1487 1569 Ῥωμαῖοι
1513 1499 1759 1566 ἐκείνους
1790 1503 1891 1571 μὲν
1954 1503 2210 1573 ἀσμένως
2248 1501 2545 1565 ἀπέλαϐον,
2584 1500 2697 1559 τοῖς
2725 1497 2782 1551 δὲ
2818 1496 3120 1566 Σαμνίταις
3151 1496 3291 1568 όργῇ
3328 1499 3425 1568 τὴν
3461 1501 3644 1571 μάχην

375 1583 689 1652 ἐπήγαγον.
730 1586 844 1639 Καὶ
879 1587 1286 1658 κρατήσαντες,
1320 1589 1389 1643 τὰ
1418 1590 1583 1659 ὃμοια
1616 1591 1804 1660 σφίσιν
1832 1594 2125 1663 ἐποίησαν,
2154 1594 2251 1647 καὶ
2293 1592 2399 1645 ὑπὸ
2446 1591 2540 1644 τὸν
2577 1590 2743 1658 ζυγὸν
2804 1590 3005 1654 αὐτοὺς
3065 1591 3472 1660 ἀνθυπήγαγον,
3542 1590 3637 1644 καὶ

371 1677 622 1749 ἀφῆκαν,
682 1682 853 1750 μηδὲν
894 1683 1026 1738 ἄλλο
1058 1684 1231 1739 κακὸν
1272 1686 1594 1755 δράσαντες.
1618 1690 1731 1743 Καὶ
1746 1690 1874 1754 τοὺς
1900 1689 2202 1759 σφετέρους
2224 1690 2440 1753 ἱππεῖς,
2472 1686 2569 1751 οὒς
2599 1684 2677 1751 ὡς
2712 1687 2954 1751 ὁμήοους
2982 1687 3238 1756 κατεῖχον
3264 1688 3314 1740 οἰ
3346 1687 3636 1756 Σαμνῖται,

373 1773 616 1836 ἀπαθεῖς
640 1773 1006 1829 ἐκομίσαντο.

1593 1891 1798 1953 Varia;
1831 1892 2147 1956 lectiones
2198 1898 2260 1955 et
2297 1899 2487 1956 notas.

465 2013 588 2083 (6")
620 2013 905 2084 Σὰμνιον.
959 2013 1206 2071 Colbert.
1276 2014 1524 2079 Σάννιον,
1587 2023 1647 2068 ut
1696 2014 1969 2079 Σαννίται,
2011 2012 2175 2068 infra.

1498 2272 1852 2364 LIBER
1927 2270 2504 2369 OCTAVUS.

441 2474 519 2527 A'.
548 2470 704 2525 Μετὰ
727 2470 782 2525 δὲ
809 2471 1037 2542 χρόνους
1060 2469 1333 2536 πλείονας,
1358 2469 1514 2536 αὖθις
1530 2473 1640 2535 τοῖς
1662 2470 1947 2542 Σαμνίταις

2129 2474 2172 2529 Ι.
2202 2476 2463 2534 Pluribus
2483 2476 3048 2547 annispost.Romani
3074 2476 3271 2532 iterum
3292 2490 3417 2532 cum
3434 2474 3642 2532 Samni—

366 2563 735 2635 πολεμοῦντες
770 2566 819 2617 οἱ
860 2561 1142 2634 Ῥωμαῖοι,
1171 2563 1333 2616 Γαΐου
1379 2564 1605 2617 ’ῐουνίου
1641 2565 1948 2635 ἡγουμένου

362 2657 571 2720 αὐτῶν,
619 2658 874 2728 συμφορᾷ
926 2657 1272 2725 περιέπεσον.
1322 2656 1659 2727 Πορθοῦντος
1700 2659 1810 2728 γὰρ
1852 2657 1947 2711 τοῦ

374 2749 599 2802 Ἰουνίου
650 2748 750 2819 τὴν
805 2749 987 2819 χώραν
1012 2748 1214 2806 αὐτῶν.
1253 2749 1331 2813 είς
1359 2749 1457 2813 τὰς
1493 2748 1623 2815 ὔλας
1656 2748 1757 2813 τὰς
1798 2751 1952 2821 Ἀόρ-

362 2858 512 2906 νους,
543 2841 611 2895 τά
651 2841 924 2912 προσόντα
952 2843 1001 2895 οί
1042 2842 1307 2912 Σαμνῖται
1342 2843 1761 2913 ἀνεκομίσαντο,
1806 2842 1949 2897 οὕτω

361 2934 713 3004 καλουμένας
744 2933 849 2987 ὑπὸ
882 2931 974 2988 τοῦ
1027 2934 1149 3005 μηδ’
1178 2934 1327 3006 δρνις
1355 2934 1700 2988 είσπέτεσθαι
1734 2935 1813 2997 είς
1847 2935 1948 2987 αὐ-

358 3030 466 3089 τὰς
516 3031 585 3100 τῇ
642 3028 755 3082 τῶν
806 3028 1039 3098 δενδρῶν
1089 3028 1411 3097 πυκνότητι.
1461 3028 1612 3081 Ἐκεῖ
1656 3028 1715 3081 δὲ
1773 3028 1945 3093 ὄντες,

361 3119 601 3190 ποίμνια
641 3136 765 3174 τινα
811 3120 1092 3191 ποιμένων
1137 3121 1168 3191 ἦ
1210 3120 1464 3192 φρουρῶν
1517 3108 1646 3174 ἄνευ
1706 3121 1948 3192 προκαθ-

362 3211 644 3273 ιστάντες,
683 3210 779 3264 καὶ
835 3210 1304 3285 ψευδαυτρμόλους
1364 3212 1806 3283 ὑποπέμποντες,
1873 3213 1948 3276 ὡς

361 3302 454 3372 ἐφ’
478 3301 704 3372 ἑτοίμην
736 3300 888 3355 λείαν
934 3302 1129 3365 αὐτοὺς
1184 3303 1550 3372 ὑπηγάγοντο.
1596 3300 1743 3355 Εῖσω
1772 3300 1828 3355 δὲ
1859 3318 1951 3369 γε-

360 3392 630 3462 νομένους
675 3394 772 3463 τῆς
826 3392 960 3464 ὕλης
990 3393 1279 3464 περιέσχον
1310 3409 1367 3466 τε
1398 3394 1562 3463 σφᾶς,
1594 3392 1690 3445 καὶ
1720 3391 1781 3445 οὗ
1812 3390 1949 3462 πρό-

360 3503 527 3556 τερον
555 3486 865 3541 ἐπαύσαντο
897 3487 1230 3552 κτείναντες,
1265 3488 1393 3557 πρὶν
1436 3486 1623 3540 τέλεον
1656 3488 1943 3556 ἐκκαμεῖν.

362 3579 480 3632 Καὶ
513 3578 702 3632 ἄλλοτε
732 3578 789 3631 δὲ
821 3578 1085 3640 πολλάκις
1118 3580 1233 3640 τοῖς
1275 3578 1568 3649 Ῥωμαίοις
1593 3578 1945 3648 πολεμήσαν-

362 3687 457 3731 τες
499 3672 548 3721 oi
582 3669 870 3739 Σαμνῖται,
898 3671 990 3722 καὶ
1031 3655 1380 3739 ἡττηθέντες,
1428 3670 1527 3722 οὐκ
1567 3670 1944 3742 ἐφησύχασαν,

362 3762 503 3815 ἀλλὰ
538 3762 629 3815 καὶ
666 3762 989 3832 συμμάχους
1025 3760 1219 3825 ἄλλους
1266 3779 1324 3814 τε
1357 3761 1811 3834 προσλαϐόμενοι,
1850 3763 1946 3816 καὶ

364 3853 640 3916 Γαλάτας,
673 3854 749 3916 ὡς
777 3854 870 3906 καὶ
903 3854 1038 3922 πρὸς
1078 3852 1177 3924 τὴν
1211 3851 1429 3923 Ῥώμην
1458 3853 1627 3923 αὐτὴν
1664 3853 1948 3919 ἐλάσοντες

366 3947 751 4017 ἡτοιμάζοντο.
787 3948 852 4000 Ὀ
885 3947 934 3999 οἱ
965 3945 1224 4015 Ῥωμαῖοι
1259 3945 1542 4015 μαθόντες,
1577 3947 1635 4010 ές
1673 3945 1791 4007 δέος
1819 3963 1954 4001 κατ-

367 4039 628 4110 έστησαν,
683 4038 779 4091 καὶ
833 4038 1082 4110 σημείων
1149 4037 1362 4092 πολλῶν
1406 4038 1605 4102 αὐτοὺς
1648 4037 1953 4106 ἐναγόντων

366 4134 453 4194 εἰς
495 4131 670 4185 τοῦτο·
708 4132 768 4183 ὲν
812 4131 920 4201 γάρ
953 4130 1030 4201 τῷ
1066 4130 1398 4201 Καπιτωλίῳ
1421 4132 1485 4185 ὲκ
1510 4129 1605 4184 τοῦ
1638 4129 1823 4201 βωμοῦ
1857 4131 1951 4186 τοῦ

362 4224 492 4288 Διὸς
515 4224 695 4291 τρισὶν
722 4223 961 4296 ἡμέραις
988 4224 1088 4295 μιᾷ
1121 4222 1220 4294 μὲν
1250 4218 1410 4295 αἷμα,
1462 4225 1560 4295 μιᾷ
1587 4225 1644 4278 δὲ
1681 4224 1823 4296 μέλι,
1859 4226 1953 4280 καὶ

361 4318 430 4370 ὲν
474 4316 642 4387 ἑτέρᾳ
689 4317 833 4385 γάλα
864 4316 1174 4386 θρυλλεῖται
1202 4317 1549 4388 ἀναδοθῆναι,
1581 4318 1636 4372 εἴ
1663 4337 1742 4390 τῳ
1775 4320 1947 4373 ταῦτα

362 4408 562 4461 πιστά.
593 4410 707 4462 Καὶ
756 4409 815 4461 ἐν
858 4412 923 4479 τῇ
960 4409 1137 4480 ἀγορᾷ
1163 4409 1340 4480 Νίκης
1382 4426 1436 4462 τι
1468 4408 1689 4480 ἄγαλμα
1722 4411 1951 4481 χάλκεον

363 4500 663 4571 ἱδρυμένον
710 4501 804 4553 ἐπὶ
859 4499 1061 4571 βάθρου
1114 4499 1339 4567 λιθίνου,
1375 4501 1695 4572 αὐτομάτως
1749 4504 1947 4576 εὑρέθη

363 4594 527 4646 κάτω
556 4590 727 4656 ἑστὼς
757 4592 849 4644 ἐπὶ
878 4595 1001 4662 γῆς.
1044 4591 1339 4665 Ἐτύγχανε
1380 4594 1436 4648 δὲ
1468 4596 1587 4649 ἐκεῖ
1615 4595 1946 4662 ἀποόλέπον,

357 4686 488 4739 ὅθεν
520 4686 568 4737 oi
597 4685 836 4739 Γαλάται
869 4686 968 4756 ἤδη
1015 4684 1273 4757 ἐπῄεσαν.
1334 4685 1502 4739 Ταῦτ’
1528 4682 1621 4742 οὖν
1651 4689 1745 4742 καὶ
1772 4687 1949 4752 άλλως

360 4775 621 4845 ἐξεφόϐει
666 4776 758 4829 τὸν
804 4776 992 4848 δῆμον,
1027 4776 1185 4831 πλέον
1215 4777 1260 4831 δ’
1296 4777 1400 4831 ὑπὸ
1424 4779 1531 4833 τῶν
1568 4779 1818 4850 μάντεων
1853 4797 1949 4834 κε-

361 4869 612 4939 κριμένα
641 4869 894 4925 ἀπαίσια.
922 4872 1131 4933 Μάνιος
1153 4870 1208 4923 δέ
1243 4887 1327 4933 τις
1356 4871 1638 4941 Ἰύρσηνδς
1679 4870 1739 4925 τὸ
1767 4871 1945 4940 γένος,

360 4960 666 5029 ὲθάρσυνεν
714 4961 935 5027 αὐτοὺς,
983 4961 1154 5015 εἰπών
1193 4978 1206 4992 ’
1244 4960 1364 5030 Τήν
1389 4978 1452 5015 τε
1480 4962 1688 5031 Νίκην,
1739 4966 1790 5019 εί
1846 4964 1945 5018 καὶ

364 5052 606 5117 κατέϐη,
661 5052 803 5106 ἀλλ’
823 5053 910 5117 είς
956 5051 1023 5105 τὸ
1070 5054 1338 5120 πρόσθεν
1388 5052 1944 5124 προσχωρήσασαν,

2055 2563 2201 2620 tibus
2212 2565 2344 2622 Caio
2360 2567 2523 2622 Junio
2541 2567 2681 2622 duce
2701 2582 2804 2623 con
2818 2566 3021 2637 gressi,
3041 2566 3254 2623 cladem
3296 2575 3643 2637 acceperunt.

2050 2657 2186 2712 Nam
2215 2674 2339 2713 cum
2362 2660 2407 2714 is
2424 2675 2584 2730 agros
2603 2675 2796 2714 eorum
2819 2667 3079 2721 vastaret,
3103 2657 3378 2712 Samnites
3405 2672 3494 2713 res
3522 2672 3649 2711 suas

2052 2750 2108 2805 in
2154 2750 2323 2807 silvas
2347 2752 2646 2808 altissimas
2677 2760 2732 2807 et
2755 2751 3132 2814 densissimas,
3147 2765 3257 2819 quo
3278 2764 3383 2804 nec
3403 2764 3533 2803 aves
3550 2749 3614 2801 a.l
3634 2779 3646 2788 ο

2049 2843 2235 2898 volare
2249 2843 2533 2909 dicuntur,
2551 2844 3096 2912 contulerunt,atque
3114 2840 3510 2909 iudegregibus
3528 2840 3647 2895 sine

2050 2936 2366 3005 pastoribus
2382 2945 2437 2992 et
2457 2935 2728 3006 praesidiis
2741 2934 2981 2993 emissis.
3002 2944 3057 2989 et
3073 2931 3638 3003 translugissuborna-

2052 3027 2143 3091 tis,
2175 3028 2363 3084 hostes
2389 3039 2645 3099 tanquam
2663 3028 2729 3082 ad
2752 3034 2998 3097 paratam
3018 3025 3258 3096 praedam
3280 3025 3647 3095 pellexerunt.

2051 3120 2157 3176 Sed
2187 3134 2315 3174 cum
2348 3121 2403 3175 in
2433 3121 2628 3176 silvam
2658 3129 3075 3190 penetrassent,
3097 3133 3211 3173 non
3240 3117 3395 3188 prius
3409 3130 3509 3173 eos
3531 3116 3646 3171 cir-

2048 3218 2372 3268 cumventos
2406 3210 2617 3267 caedere
2641 3210 3001 3274 destiterunt,
3027 3223 3199 3280 quam
3230 3208 3395 3278 plane
3424 3205 3640 3261 viribus

2047 3302 2300 3359 destituti
2325 3314 2534 3360 essent.
2567 3300 2675 3359 Sed
2704 3301 2913 3357 etalias
2932 3315 3076 3372 saepe
3107 3298 3383 3357 Samnites
3400 3312 3430 3353 a
3447 3297 3649 3354 Roma-

2046 3395 2137 3452 nis
2166 3397 2320 3462 victi,
2368 3412 2478 3452 non
2498 3396 2864 3467 quieverunt:
2890 3394 2988 3451 sed
3005 3409 3133 3450 cum
3165 3393 3312 3460 aliis,
3332 3403 3447 3449 tum
3474 3391 3647 3448 Gallis

2047 3489 2213 3545 sociis
2249 3489 2460 3554 ascitis,
2504 3489 2654 3545 itase
2687 3496 2978 3560 pararunt,
3031 3486 3189 3558 quasi
3213 3487 3391 3557 ipsam
3444 3486 3638 3539 urbem

2048 3580 2418 3652 Oppugnaturi
2441 3590 2646 3637 essent.
2660 3579 2780 3648 Quo
2804 3579 3037 3636 Romani
3055 3579 3277 3650 cognito
3294 3578 3475 3634 territi
3491 3586 3642 3631 suntv

2047 3673 2214 3728 etiam
2264 3673 2534 3744 prodigiis
2601 3673 2790 3728 multis
2840 3671 3133 3728 admoniti.
3182 3671 3318 3726 Nam
3372 3684 3438 3724 ex
3484 3666 3638 3724 Jovis

2048 3762 2348 3832 Capitolini
2376 3778 2470 3817 ara
2521 3764 2699 3819 tribus
2727 3764 2945 3830 diebus,
3003 3777 3113 3817 uno
3156 3760 3403 3832 sanguis,
3463 3761 3638 3817 altero

2056 3856 2186 3919 mel,
2208 3857 2375 3910 tertio
2415 3856 2499 3910 lac
2527 3870 2815 3911 emanasse
2848 3855 3048 3921 lertur,
3086 3855 3131 3909 si
3166 3854 3284 3909 hinc
3307 3855 3534 3909 credere
3563 3854 3645 3909 fas

2053 3961 2140 4008 est
2167 3970 2180 4007 :
2212 3963 2269 4008 et
2315 3953 2370 4008 in
2402 3951 2526 4008 loro
2552 3953 2810 4009 Victoriae
2834 3953 3192 4008 simulacrum
3223 3966 3425 4008 aereum
3453 3954 3505 4007 in
3528 3954 3644 4008 solo

2054 4059 2365 4100 marmoreo
2396 4044 2661 4115 positum,
2690 4054 2975 4115 repertum
2999 4052 3084 4101 est
3105 4044 3253 4099 ultro
3282 4044 3434 4099 humi
3466 4054 3639 4109 stans,

2051 4135 2209 4190 vultu
2241 4147 2310 4188 eo
2341 4148 2634 4198 converso,
2685 4132 2830 4189 unde
2877 4131 3014 4188 Galli
3062 4131 3458 4188 adventabant.
3508 4129 3641 4197 Quae

2052 4241 2177 4283 cum
2215 4240 2315 4296 per
2339 4240 2399 4281 se
2424 4233 2695 4282 terrerent
2718 4225 3006 4296 pepulum,
3035 4233 3218 4280 terror
3243 4224 3291 4279 is
3328 4223 3398 4278 ab
3422 4222 3640 4293 aruspi—

2051 4317 2213 4373 cibus
2235 4317 2356 4372 dira
2382 4316 2709 4373 canentibus
2750 4316 3077 4389 augebatur.
3119 4315 3226 4371 Sed
3259 4315 3475 4370 Manius
3510 4315 3641 4384 qui.

2051 4411 2179 4467 dam
2209 4410 2529 4482 Tyrrhenus
2557 4427 2782 4484 genere,
2816 4426 2913 4467 eos
2941 4411 3308 4467 conﬁrmavit.
3346 4409 3487 4464 Nam
3518 4411 3638 4471 etsi,

2051 4506 2253 4577 inquit,
2299 4502 2529 4563 Victoria
2562 4505 2850 4572 descendit,
2885 4513 3063 4560 tamen
3088 4521 3205 4558 cum
3237 4519 3512 4576 progressa
3547 4504 3637 4559 sit.

2051 4607 2100 4653 et
2122 4597 2332 4666 ﬁrmius
2367 4599 2425 4654 in
2457 4607 2603 4653 terra
2623 4596 2823 4666 deﬁxa,
2850 4597 3125 4653 victoriam
3158 4597 3454 4651 denuntiat.
3485 4594 3639 4661 Quod

2050 4699 2231 4746 autem
2253 4691 2473 4761 sanguis
2500 4705 2564 4744 ea:
2591 4705 2691 4744 ora
2719 4688 2863 4744 Iovis
2893 4688 3185 4756 Capitolini
3222 4687 3510 4750 emanarit,
3557 4688 3639 4740 in-

2049 4785 2186 4839 dicio
2205 4800 2333 4849 esse,
2385 4782 2551 4854 366
2585 4782 2782 4837 multas
2814 4782 3054 4837 uictimas
3109 4781 3218 4834 diis
3249 4777 3639 4835 immortalibus

2049 4874 2383 4931 immolatum
2416 4874 2505 4928 iri.
2545 4873 2683 4928 Aras
2731 4875 2892 4937 enim,
2934 4873 3232 4943 prwsertim
3279 4870 3635 4942 Capitolinas,

2047 4969 2103 5021 in
2127 4966 2314 5037 quibus
2339 4966 2723 5035 triumphantes
2753 4963 3058 5032 sacriﬁcare
3100 4962 3329 5028 soleant,
3367 4964 3520 5017 rebus
3552 4980 3634 5017 se.

2048 5057 2235 5111 cundis
2277 5057 2449 5127 potius
2514 5071 2678 5126 quam
2731 5055 2964 5109 adversis
3003 5055 3277 5108 cruentari
3315 5053 3505 5109 solere.
3553 5053 3638 5108 Et:

360 5144 464 5199 καί
486 5144 876 5213 βεϐαιότερον
898 5143 997 5198 ἐπὶ
1024 5143 1136 5214 τῆς
1162 5144 1276 5216 γῆς
1304 5144 1673 5214 ἱδρυθεῖσαν,
1704 5147 1772 5201 τὸ
1801 5147 1944 5217 κρά-

2049 5143 2129 5198 his
2158 5145 2321 5213 igitur
2359 5159 2444 5198 eos
2495 5142 2619 5197 laeta
2650 5151 2950 5213 exspectare
2967 5144 3209 5215 jubebat.
3259 5143 3420 5198 Melle
3458 5155 3634 5198 autem

361 5254 469 5303 τος
516 5236 695 5307 σφίσι
742 5236 1093 5305 προδηλοῦν
1123 5238 1229 5292 τοῦ
1260 5237 1550 5308 πολέμου,
1578 5240 1696 5296 κάκ
1725 5243 1944 5297 τούτου

2050 5234 2314 5300 morbum,
2352 5235 2491 5305 quod
2519 5236 2895 5304 aegrotantibus
2919 5251 2979 5289 eo
3001 5237 3068 5291 sit
3088 5252 3237 5307 opus,
3272 5235 3411 5290 lacte
3440 5237 3635 5305 famem

361 5331 467 5384 καὶ
506 5332 725 5397 θυσίας
754 5330 985 5394 πολλὰς
1011 5329 1384 5401 γενήσεσθαι
1419 5330 1546 5397 τοῖς
1576 5332 1756 5399 θεοῖς.
1796 5334 1944 5402 Τοὺς

2049 5325 2308 5392 portendi,
2338 5325 2531 5380 aiebat.
2559 5326 2641 5381 Ad
2662 5334 2869 5381 tantum
2894 5328 3033 5381 enim
3057 5328 3338 5397 penuriam
3362 5328 3633 5380 redactum

360 5424 477 5494 γὰρ
491 5423 766 5493 βωμοὺς,
792 5412 890 5479 καὶ
912 5424 1182 5495 μάλιστα
1212 5424 1355 5491 τοὺς
1377 5426 1448 5479 ἐν
1470 5425 1550 5491 τῷ
1570 5430 1940 5500 Καπιτωλίῳ,

354 5517 433 5570 ἐν
484 5509 536 5583 ᾧ
579 5515 655 5570 τὰ
683 5516 1303 5585 νικητήριαθύουσιν,
1336 5518 1406 5572 ἐν
1434 5517 1563 5585 ταῖς
1596 5520 1946 5590 εὐπραγίαις

357 5607 581 5671 αὐτῶν.
643 5609 784 5663 ἀλλ’
823 5611 937 5664 οὐκ
980 5611 1053 5664 ἐν
1103 5611 1234 5677 ταῖς
1280 5611 1622 5682 συμφοραῖς
1660 5614 1790 5667 κατ’
1806 5612 1942 5680 ἔθος

355 5697 771 5767 αἱμάττεσθαι.
834 5701 935 5755 Ἐκ
984 5702 1102 5772 μὲν
1158 5697 1273 5758 οὖν
1326 5704 1558 5758 τούτων
1614 5705 1845 5774 ἀγαθόν
1887 5722 1943 5759 τι

361 5789 529 5860 σφᾶς
561 5790 771 5846 ἔπεισε
815 5791 1167 5864 προσδοκᾶν
1190 5811 1204 5828 ο
1242 5795 1312 5850 ἐκ
1336 5794 1405 5850 δὲ
1433 5795 1540 5852 τοῦ
1561 5794 1812 5865 μέλιτος
1838 5796 1941 5850 νό-

2046 5422 2138 5484 iri,
2172 5428 2230 5475 ut
2257 5436 2377 5475 eum
2407 5421 2600 5475 victum
2625 5420 2901 5488 qua’situri
2924 5426 3116 5485 essent,
3151 5420 3243 5489 qui
3274 5426 3464 5488 sponte
3506 5431 3632 5485 pro-

2045 5516 2221 5569 veniat
2249 5515 2385 5569 citra
2422 5512 2709 5567 humanam
2748 5526 2989 5581 operam.
3029 5509 3240 5565 Manius
3272 5507 3520 5578 prodigia
3551 5507 3634 5563 sic

2049 5608 2462 5678 interpretatus,
2489 5621 2612 5662 cum
2643 5605 2759 5676 ipse
2803 5613 3032 5660 eventus
3049 5601 3456 5673 praedictionem
3478 5608 3632 5671 post-

2051 5716 2117 5759 ea
2175 5701 2607 5772 eomprobasset,
2674 5697 2957 5767 sapientia:
3005 5712 3071 5751 ac
3112 5694 3472 5766 praescientia:
3515 5694 3631 5764 glo-

2052 5797 2188 5853 riam
2225 5801 2310 5851 est
2341 5793 2593 5862 adeptus.
2624 5787 2968 5847 -Volumnius
3001 5788 3066 5844 ad
3113 5786 3315 5843 bellum
3363 5787 3639 5843 Samniti-
