3882 6192
313 243 419 300 635

1599 237 1918 299 JOANNIS
1957 239 2274 299 ZONARE

3459 242 3566 304 Ε»θῦ

311 356 572 413 sordibus
605 356 915 425 inquinata.
946 348 1076 411 Eam
1108 356 1179 410 oh
1210 370 1324 410 rem
1368 355 1604 411 tumultu
1648 364 1792 414 orto,
1829 370 1892 408 ac

2033 354 2146 407 αὖθ’
2173 357 2222 407 οἱ
2267 353 2545 424 Ῥωμαῖοι,
2581 354 2969 425 ἠγανάκτησαν
3003 357 3120 426 μὲν,
3144 356 3404 426 πρέσϐεις
3432 357 3477 411 δ’
3512 361 3568 412 ὃ·

314 450 626 505 ’l‘arentinis
666 449 1158 513 cachinnantihus,
1210 449 1562 503 Posthumins
1612 467 1626 502 :
1681 447 1882 512 Ridcte,

317 545 520 612 inquit,
554 544 717 597 ridete
743 544 869 595 dum
903 543 1041 596 vobis
1073 543 1192 595 licet
1224 556 1242 594 :
1273 559 1397 595 nam
1431 541 1730 610 longissimo
1757 549 1887 593 tem-

317 650 442 701 pore
492 632 784 701 plorabitis,
829 647 948 683 cum
982 641 1171 684 vestem
1224 632 1356 684 hanc
1403 632 1666 700 sanguine
1718 638 1886 684 vestra

320 723 524 776 ductis.
562 722 693 776 Eam
742 721 1128 775 contumeliam
1176 721 1380 790 iniquis
1419 721 1617 775 animis
1661 721 1887 775 Romani

323 813 592 876 ferentes,
657 812 861 866 bellum
898 813 1256 866 Tarentinum
1297 812 1360 866 L.
1413 810 1632 866 Emiho
1675 813 1888 868 consuli

323 904 711 958 decreverunt.
748 903 851 969 Qui
894 919 1017 957 cum
1055 919 1121 957 eo
1163 907 1486 974 appulisset,
1523 905 1736 960 idoneis
1771 923 1888 960 vcr-

321 995 408 1048 bis
470 995 685 1048 animos
734 1010 924 1049 eorum
980 996 1224 1059 tentavit,
1272 998 1443 1066 aequis
1485 998 1892 1051 conditionibus

327 1101 517 1154 pacem
576 1087 926 1155 amplexuros
971 1094 1144 1140 ratus.
1199 1087 1304 1142 Sed
1359 1089 1703 1144 dissensione
1751 1089 1894 1143 inter

326 1179 475 1230 cives
507 1186 644 1240 orla,
677 1176 987 1231 senioribus
1025 1186 1081 1230 et
1116 1176 1381 1232 divitibus
1411 1194 1598 1249 pacem
1631 1188 1894 1249 expeten-

328 1267 500 1324 t'bus.
537 1267 832 1336 juvenibus
889 1276 942 1321 et
995 1267 1061 1321 iis
1111 1268 1205 1337 qui
1251 1269 1332 1324 vel
1385 1285 1574 1339 parum
1623 1273 1707 1326 vel
1756 1273 1894 1327 nihil

337 1359 609 1412 habebant
637 1358 838 1412 bellum
874 1358 1248 1428 ﬂagitantibus
1269 1401 1283 1420 .
1315 1362 1591 1429 iuniorum
1622 1366 1895 1419 sententia

333 1450 478 1503 vicit.
523 1448 626 1504 Sed
669 1450 784 1503 suis
813 1449 970 1504 diﬂisi
1000 1451 1230 1512 viribus.
1273 1453 1576 1525 ngrrhum
1617 1455 1893 1523 Epirotam

333 1541 397 1593 ad
432 1542 558 1596 belli
591 1544 909 1598 societatem
941 1545 1332 1600 accersendum
1368 1547 1665 1612 duxerunt,
1707 1549 1898 1616 legatis

335 1634 736 1688 etmunerihus
780 1636 847 1689 ad
878 1651 1003 1690 eum
1054 1638 1258 1691 missis.
1305 1637 1435 1704 Qua:
1487 1639 1747 1692 [Emilius
1806 1655 1900 1693 co-

1998 461 2110 512 μως
2170 443 2494 498 ἀπέστειλαν
2527 485 2540 505 ,
2574 443 3001 512 ἑπεγκαλοῦντες
3047 444 3226 508 αὐτοῖς
3272 447 3368 498 καὶ
3414 446 3572 508 δίκας

1991 534 2370 598 ἀπαιτοῦντες.
2407 537 2469 588 Oi
2515 535 2573 587 δὲ
2605 535 2664 588 ού
2708 536 2870 605 μόνον
2907 536 3092 599 αὐτοῖς
3121 537 3274 590 οὐδὲν
3323 538 3573 600 ἐπιεικὲς

1992 625 2387 696 ἀπεκρίθησαν,
2421 625 2555 680 ἀλλὰ
2583 627 2671 678 καὶ
2691 627 2986 690 ὲτωθάζον,
3009 628 3085 688 ὡς
3117 631 3211 680 καὶ
3238 629 3336 697 τὴν
3364 629 3575 697 ἐσθῆτα

1991 717 2086 770 τοῦ
2140 719 2372 770 Λουκίου
2432 719 2770 787 Ποστουμίου
2826 718 2918 771 τοῦ
2972 720 3296 789 προέχοντος
3342 720 3575 788 κηλιδῶ-

1998 827 2088 864 σαι
2141 810 2250 879 (Η)
2278 809 2386 861 τῶν
2425 811 2729 880 πρέσϐεων.
2761 811 3006 880 Θορύϐου
3045 813 3101 864 δὲ
3143 813 3236 865 ἐπὶ
3275 813 3455 883 τούτῳ
3487 830 3581 881 γε·

1995 901 2246 971 νομένου,
2300 902 2394 955 καὶ
2449 903 2557 955 τῶν
2603 903 2954 971 Ταραντίνων
3003 893 3516 976 ὲπῖκαγχαζὸντων,
3555 909 3581 959 ὁ

1997 992 2349 1060 Ποστούμιος.
2399 992 2649 1058 reddre,
2709 993 2835 1062 ἔφη,
2891 993 3125 1064 γελᾶτε,
3173 995 3284 1061 ἕως
3333 996 3583 1060 ἔξεστιν

1997 1083 2140 1152 ὑμῖν
2165 1099 2179 1112 ·
2225 1083 2569 1137 κλαύσεσθε
2605 1084 2718 1152 γὰρ
2746 1084 2844 1136 ἐπὶ
2866 1087 3265 1155 μακρότατον,
3290 1086 3442 1139 ὅταν
3466 1087 3584 1153 τὴν

1997 1173 2220 1241 ἐσθῆτα
2267 1177 2493 1243 ταύτην
2542 1174 2620 1242 τῷ
2672 1176 2876 1246 αἵματι
2933 1178 3101 1247 ὑμῶν
3156 1179 3582 1244 ἁποπλύνητε.

2013 1265 2448 1320 Ἐπανελθόντων
2491 1262 2584 1319 οὖν
2613 1267 2725 1320 τῶν
2757 1267 3064 1336 πρέσϐεων,
3111 1269 3161 1320 oi
3205 1267 3494 1338 Ῥωμαῖοι,
3519 1270 3585 1320 τὰ

2002 1356 2313 1426 πραχθέντα
2347 1356 2631 1426 μαθόντες,
2667 1358 2935 1428 ήλγησαν,
2970 1359 3066 1412 καὶ
3121 1361 3459 1429 στρατεῦσαι
3492 1358 3586 1410 ἐπὶ

2001 1449 2125 1508 τοὺς
2157 1447 2524 1516 Ταραντίνους
2553 1448 2780 1502 Λούκιον
2836 1449 3085 1518 Αἰμίλιον
3118 1440 3208 1503 τὸν
3235 1450 3446 1503 ὕπατον
3473 1449 3586 1520 (1‘2)

2005 1537 2359 1606 ἐψηφίσαντο.
2392 1539 2490 1600 ’⁸ος
2521 1540 2602 1602 εἰς
2627 1539 2883 1609 Τάραντα
2931 1542 3356 1612 προσχωρήσας.
3391 1540 3586 1609 λόγους

2007 1630 2190 1691 αὐτοῖς
2239 1630 2580 1698 ἐπιτηδείους
2626 1631 2861 1702 έπεμψε,
2897 1635 3139 1704 νομίζων
3194 1633 3285 1686 ὲπί
3321 1650 3437 1686 τισι
3492 1651 3590 1701 με-

333 1724 508 1792 gnito,
543 1741 737 1794 agrum
772 1728 1069 1796 populatur
1095 1739 1152 1783 et
1178 1739 1358 1784 vastat
1385 1748 1397 1783 :
1421 1745 1625 1800 eosque
1649 1733 1703 1786 in
1732 1735 1904 1788 aciem

2025 1723 2175 1792 τρίοις
2223 1724 2445 1792 εἰρήνην
2479 1724 2828 1795 αἱρήσεσθαι.
2859 1727 2922 1778 Oi
2951 1726 3008 1779 δὲ
3047 1729 3167 1788 ταῖς
3192 1727 3450 1796 γνώμαις
3499 1726 3592 1778 άλ-

334 1832 588 1884 egressos
651 1818 926 1887 proﬂigat,
994 1829 1053 1872 ut
1117 1821 1348 1876 Romani
1406 1823 1669 1894 deinceps
1739 1826 1903 1896 369

341 1905 563 1975 impune
635 1909 848 1977 praedas
932 1920 1176 1980 agerent,
1248 1920 1304 1967 et
1361 1913 1610 1982 quaedam
1684 1917 1903 1971 castella

349 2009 628 2066 caperent.
692 2001 829 2055 Cum
903 2011 1084 2056 autem
1155 2003 1401 2073 captivos
1480 2006 1772 2077 diligenter
1807 2026 1906 2065 cu-

341 2101 486 2144 raret
529 2089 803 2154 ASmilius,
857 2102 914 2146 et
968 2094 1177 2162 aliquot
1216 2111 1282 2149 ex
1310 2098 1710 2165 potentioribus
1747 2099 1908 2153 dimi—

342 2180 521 2241 sisset,
554 2179 837 2234 Tarentini
875 2190 931 2236 et
965 2183 1364 2239 humanitatem
1391 2188 1510 2256 ejus
1547 2187 1822 2246 admirati.
1858 2199 1914 2244 et

345 2270 399 2324 in
431 2286 581 2340 spem
608 2272 760 2340 pacis
797 2273 1152 2342 impetrandae
1180 2277 1372 2342 erecti,
1399 2277 1621 2347 Agidem
1655 2277 1913 2334 Romanis

345 2361 579 2417 amicum
618 2363 812 2418 ducem
860 2380 985 2419 cum
1019 2381 1233 2421 summo
1293 2368 1521 2437 imperio
1568 2381 1912 2424 creaverunt.

345 2450 599 2516 Quicum
625 2451 716 2506 vix
767 2454 1142 2524 magistratum
1202 2457 1433 2521 iniisset,
1473 2459 1670 2514 Cineas
1707 2461 1917 2530 legatus

346 2557 381 2596 ιι
409 2543 614 2613 Pyrrho
641 2548 987 2613 praemissus,
1019 2562 1139 2602 eam
1173 2563 1289 2602 rem
1322 2549 1588 2618 impediit.
1625 2552 1758 2606 Nam
1790 2552 1920 2622 Pyr-

351 2631 508 2697 rhus,
533 2631 684 2702 Epiri
712 2649 826 2700 rex,
857 2644 972 2693 tum
995 2637 1201 2707 ingenii
1233 2639 1580 2704 dexteritate,
1615 2649 1729 2694 tum
1761 2642 1918 2696 insti-

353 2723 584 2778 tutionis
613 2727 983 2793 accnratione,
1013 2738 1127 2784 tum
1160 2743 1262 2784 usu
1283 2746 1466 2786 rerum
1497 2733 1751 2787 omnibus
1777 2749 1920 2803 prae-

351 2825 519 2879 stans,
547 2820 776 2873 maxima
807 2819 1028 2876 Graeciae
1059 2832 1210 2891 parte
1233 2824 1316 2878 vel
1343 2824 1626 2879 beneflciis
1671 2826 1755 2880 vel
1815 2837 1922 2880 ter-

352 2922 475 2962 rore
499 2909 604 2962 sibi
653 2909 930 2979 adjuncta,
973 2912 1391 2968 Tarentinorum
1420 2917 1736 2972 societatem
1794 2933 1922 2987 per-

2005 1811 2187 1881 λήλοις
2219 1813 2651 1883 ἠναντιώθησαν,
2675 1815 2771 1868 καὶ
2799 1816 2907 1869 τῶν
2939 1817 3038 1886 μὲν
3064 1817 3464 1887 πρεσϐυτέρων
3492 1816 3588 1868 καὶ

2002 1902 2252 1973 εὐπόρων
2285 1903 2382 1974 τὴν
2417 1905 2641 1975 εἰρήνην
2678 1907 3039 1972 σπευδόντων,
3078 1908 3186 1960 τῶν
3233 1908 3279 1961 δ’
3311 1910 3372 1960 ὲν
3397 1907 3593 1976 ἡλικίᾳ⁵

2008 1995 2101 2048 καὶ
2131 1993 2354 2061 ὀλίγαῆ
2414 1996 2582 2065 μηδὲν
2637 1997 2870 2067 ἐχόντων
2935 1999 3169 2067 πόλεμον
3224 1999 3593 2067 αἱρουμένων,

2011 2088 2323 2158 ἐκράτησαν
2354 2091 2403 2141 οἱ
2435 2088 2713 2157 νεώτεροι.
2756 2091 3090 2161 Φοϐούμενοι
3150 2093 3205 2144 δὲ
3263 2093 3440 2158 ὅμως,
3504 2092 3596 2142 τὸν

2015 2178 2231 2250 Πύρρον
2257 2179 2348 2232 τὸν
2375 2180 2715 2252 Ἠπειρώτην
2736 2183 2814 2245 είς
2846 2184 3164 2253 συμμαχίαν
3195 2183 3598 2236 ἐϐουλεύσαντο

2015 2273 2545 2343 προσκαλέσασθαι,
2607 2276 2702 2328 καὶ
2762 2277 3020 2346 πρέσϐεις
3083 2277 3231 2348 αύτῷ
3293 2277 3390 2329 κα)⁸
3447 2276 3598 2346 δῶρα

2013 2365 2383 2435 πεπόμφασιν.
2425 2369 2676 2436 Αἰμίλιος
2732 2368 2810 2433 δὲ,
2867 2369 3043 2424 ταῦτα
3098 2370 3305 2440 μαθὼν,
3343 2370 3444 2440 τὴν
3487 2370 3597 2439 χώ·

2016 2474 2115 2527 ραν
2153 2458 2334 2510 αὐτῶν
2373 2458 2652 2528 ἐλεηλάτει
2705 2459 2798 2512 καὶ
2847 2459 3121 2530 ἔφθειρεν.
3159 2462 3223 2515 Οἱ
3264 2462 3322 2514 δὲ
3362 2459 3596 2530 ἐπεξῆλ-

2015 2548 2108 2600 θον
2166 2549 2286 2618 μὲν,
2346 2548 2462 2600 ἀλλ’
2498 2549 2838 2619 ἐτράπησαν,
2902 2550 3043 2604 ὥστε
3091 2552 3219 2615 τοὺς
3289 2555 3602 2622 Ῥωμαίους

2014 2639 2115 2708 τήν
2136 2654 2193 2689 τε
2223 2636 2408 2706 χώραν
2439 2637 2618 2690 αὐτῶν
2649 2639 2818 2702 ἀδεῶς
2853 2639 3150 2708 πορθῆσαι,
3198 2639 3292 2692 καί
3324 2656 3452 2692 τινα
3482 2656 3598 2706 χει-

2023 2728 2299 2797 ρώσασθαι
2329 2728 2587 2798 φρούρια.
2647 2730 2855 2798 Πολλὴν
2883 2730 2939 2784 δὲ
2968 2729 3070 2800 τὴν
3092 2731 3198 2782 τῶν
3231 2729 3479 2784 ἁλόντων
3510 2728 3602 2781 τοῦ

2022 2821 2274 2892 Αἰμιλίου
2332 2821 2697 2892 πεποιηκότος
2746 2820 3088 2891 ἐπιμέλειαν,
3149 2820 3244 2874 καί
3304 2838 3467 2883 τινας
3498 2821 3604 2873 τῶν

2020 2912 2404 2981 δυνατωτέρων
2449 2911 2995 2980 ἐλευθερώσαντος,οί
3026 2912 3381 2982 Ταραντῖνοι,
3417 2913 3521 2979 τήν
3549 2928 3605 2963 τε

353 3010 714 3068 opportunam
751 3003 855 3056 sibi
885 3002 1000 3056 fore
1041 3005 1383 3068 existimans,
1432 3022 1556 3061 cum
1609 3009 1770 3079 longo
1809 3009 1918 3079 jam

2027 3005 2444 3076 φιλανθρωπίαν
2495 3005 2660 3058 αὑτοῦ
2695 3005 3098 3074 θαυμάσαντες,
3145 3004 3237 3057 καὶ
3269 3005 3350 3067 είς
3379 3003 3606 3065 ἐλπίδας

354 3098 598 3159 tempore
626 3091 890 3152 Siciliam.
926 3095 1311 3164 Carthaginem
1339 3106 1396 3152 et
1429 3097 1736 3152 Sardiniam
1788 3100 1921 3154 sub-

355 3181 502 3250 igere
529 3191 776 3250 cuperet,
805 3192 862 3238 et
905 3192 1090 3239 tamen
1130 3186 1407 3242 Romanos
1434 3189 1603 3243 armis
1656 3190 1922 3245 lacessere

353 3277 660 3332 vereretur,
694 3270 888 3340 legatis
937 3273 1139 3332 auxilia
1173 3277 1449 3345 pollicitus
1479 3291 1584 3333 est.
1618 3277 1722 3334 Sed
1757 3293 1827 3334 ne
1852 3281 1924 3335 ob

358 3357 476 3412 loca
508 3373 628 3428 qua:
655 3359 895 3416 diximus
917 3372 1206 3433 suspectus
1236 3375 1400 3431 esset,
1423 3382 1481 3423 se
1504 3369 1686 3423 statim
1713 3370 1929 3425 reditus

358 3464 481 3502 rum
515 3465 634 3506 esse
667 3451 887 3506 domum
916 3453 1054 3509 dixit
1087 3474 1100 3510 :
1142 3468 1198 3512 et
1245 3458 1298 3512 in
1336 3457 1637 3514 foederibus
1689 3462 1924 3530 excepit,

360 3555 430 3595 ne
456 3540 665 3597 diutius
693 3558 856 3613 quam
890 3559 1028 3615 opus
1054 3557 1218 3612 esset,
1253 3550 1321 3602 ah
1367 3548 1447 3604 eis
1497 3550 1552 3604 in
1587 3551 1737 3606 Italia
1791 3554 1931 3608 deti.

359 3644 606 3689 neretur.
633 3635 758 3690 Haec
795 3646 1005 3706 pactus.
1060 3641 1320 3710 majorem
1360 3642 1662 3713 legatorum
1696 3655 1926 3713 partem,

362 3735 422 3780 ut
462 3727 514 3779 in
546 3727 852 3798 colligendo
885 3730 1057 3787 milite
1094 3747 1313 3802 operam
1337 3743 1654 3799 navaturos,
1676 3737 1927 3790 obsidum

360 3817 481 3872 vice
514 3819 741 3874 retinuit
769 3836 781 3872 :
815 3835 1018 3890 paucos
1047 3822 1342 3879 ctCineam
1379 3841 1502 3880 cum
1529 3828 1772 3882 exercitu
1797 3844 1933 3897 pne-

361 3909 529 3965 misit.
555 3910 794 3977 Quorum
833 3914 1070 3969 adventu
1106 3917 1411 3971 conﬁrmati
1437 3919 1738 3982 Tarentini,
1785 3921 1934 3987 paci-

363 4002 616 4056 ticatione
657 4004 963 4073 repudiata,
1031 4008 1325 4076 imperium
1374 4011 1532 4080 Agidi
1583 4011 1930 4080 abrogatum,

365 4093 456 4146 uni
489 4110 554 4148 ex
579 4095 774 4165 legatis
798 4095 1135 4153 detulerunt.
1170 4099 1288 4154 Non
1315 4101 1488 4156 multo
1507 4112 1647 4170 post,
1678 4102 1930 4156 Milonem

363 4202 488 4240 cum
509 4187 777 4252 exercitu,
805 4187 870 4241 ad
897 4204 1076 4243 arcem
1126 4190 1178 4244 in
1227 4191 1524 4246 adventum
1576 4208 1731 4247 suum
1772 4209 1935 4248 occu-

363 4279 618 4348 pandam,
668 4289 726 4335 et
779 4284 977 4337 moenia
1019 4282 1401 4347 custodienda,
1463 4285 1612 4338 misit
1671 4285 1928 4356 Pyrrhus.

2031 3097 2394 3168 προαχθέντες
2419 3096 2680 3154 σπονδῶν,
2713 3091 2898 3161 Ἆγιν,
2925 3099 3038 3155 τοῖς
3088 3095 3380 3162 Ῥωμαίοις
3415 3095 3608 3163 ἐπιτή-

2029 3189 2170 3242 δειον
2203 3187 2350 3253 ὄντα,
2411 3187 2617 3240 εἵλοντο
2651 3187 2957 3258 στρατηγὸν
3004 3185 3405 3256 αὐτοκράτορα.
3449 3188 3608 3257 ’Δρτι

2030 3279 2077 3333 δ’
2105 3271 2260 3341 οὗτος
2286 3278 2716 3348 κεχειροτόνητο,
2749 3277 2842 3330 καί⁵
2871 3277 3071 3338 Κινέας
3095 3315 3112 3340 ,
3139 3277 3243 3328 ὑπὸ
3269 3276 3365 3328 τοῦ
3390 3278 3609 3346 Πύρρου

2033 3369 2438 3441 προπεμφθεὶς,
2474 3369 2726 3438 ἐμποδὼν
2770 3371 2883 3432 τοῖς
2935 3368 3334 3438 πραττομένοις
3373 3369 3612 3434 ἐγένετο.

2045 3462 2104 3516 '0
2126 3461 2236 3530 γὰρ
2260 3459 2472 3532 Πύρρος
2503 3459 2600 3529 τῆς
2631 3459 2970 3527 καλουμένης
2997 3456 3296 3528 βασιλεύων
3322 3458 3616 3528 Ἠπείρου,

2037 3553 2252 3623 φύσεώς
2275 3570 2332 3604 τε
2361 3552 2649 3619 δεξιότητι,
2677 3552 2771 3603 καὶ
2805 3551 3054 3612 παιδείας
3105 3551 3271 3619 ἰσχύϊ,
3300 3551 3400 3602 καὶ
3424 3552 3617 3617 ἐμπει-

2041 3643 2131 3714 ρίᾳ
2162 3645 2379 3695 πάντων
2419 3643 2686 3712 προέφερε
2715 3656 2729 3670 ⁸
2761 3641 2856 3693 καὶ
2881 3639 2976 3691 τοῦ
3032 3638 3346 3708 Ἑλληνικοῦ
3372 3639 3435 3690 τὸ
3471 3639 3622 3691 πλεῖ-

2040 3754 2162 3790 στον
2197 3735 2255 3788 τὸ
2303 3734 2398 3803 μὲν
2453 3732 2740 3794 εύποιίαις,
2768 3730 2828 3782 τὸ
2857 3729 2915 3782 δὲ
2944 3729 3094 3798 φόϐῳ
3148 3727 3616 3797 προσεπεποίητο.

2039 3823 2207 3890 Οὗτος
2250 3825 2450 3890 τοίνυν,
2477 3826 2588 3887 τοῖς
2620 3822 2727 3875 τῶν
2753 3821 3102 3891 Ταραντίνων
3128 3818 3426 3888 πρέσϐεσιν
3457 3820 3617 3871 ἐντυ-

2040 3918 2171 3988 χὼν,
2205 3917 2436 3988 ἕρμαιον
2466 3915 2563 3985 τὴν
2614 3914 2933 3983 συμμαχίαν
2984 3911 3251 3982 ήγήσατο,
3279 3912 3346 3964 ὲκ
3373 3909 3618 3972 πλείονος

2041 4012 2137 4078 τῆς
2162 4009 2413 4069 Σικελίας
2446 4006 2540 4059 καὶ
2583 4007 2682 4074 τῆς
2718 4003 3068 4074 Καρχηδόνος
3111 4004 3208 4056 καὶ
3251 4002 3355 4070 τῆς
3384 4000 3618 4070 Σαρδοῦς

2040 4102 2328 4171 ἐφιέμενος
2351 4115 2362 4129 ·
2417 4097 2590 4152 ὀκνῶν
2619 4097 2662 4150 δ’
2691 4098 2841 4168 ὅμως
2866 4096 3029 4157 αὐτὸς
3075 4094 3272 4163 ἔχθρας
3305 4093 3446 4162 πρὸς
3484 4093 3620 4144 Ῥωο

2045 4193 2237 4264 μαίους
2265 4187 2775 4262 προκατάρξασθαι,
2826 4189 2921 4240 καὶ
2971 4186 3262 4256 βοηθήσειν
3303 4185 3407 4254 μὲν
3441 4184 3619 4243 αὐτοῖς

2045 4285 2412 4355 ἐπηγγείλατο
2435 4299 2448 4312 ·
2483 4283 2570 4336 ἵνα
2601 4282 2658 4335 δὲ
2690 4280 2766 4350 μὴ
2805 4277 3178 4347 ὑποπτευθείη
3199 4277 3267 4330 δι’
3295 4277 3445 4347 άπερ
3470 4277 3619 4344 εἰρη-

363 4371 589 4425 Gratum
618 4371 668 4425 id
704 4372 1018 4428 Tarentinis
1049 4374 1172 4440 fuit,
1200 4375 1348 4445 quod
1386 4392 1563 4445 neque
1589 4377 1642 4430 in
1670 4377 1918 4445 praesidii:

2041 4395 2149 4440 ται,
2197 4376 2378 4429 οἴκαδε
2427 4374 2626 4427 αὐτίκα
2679 4369 3220 4441 ἀνακομισθήσεσθαι
3268 4368 3399 4436 ἔφη,
3430 4370 3526 4419 καὶ
3565 4369 3618 4416 ἐν

364 4478 506 4526 csse,
544 4479 720 4532 neque
751 4465 1051 4534 quidquam
1098 4467 1306 4522 laboris
1348 4482 1544 4534 capere
1589 4475 1939 4536 cogerentur.

365 4555 553 4624 Itaque
585 4557 743 4610 militi
773 4558 978 4612 cibaria
1005 4560 1382 4629 prtebuerunt,
1409 4559 1620 4630 Pyrrho
1653 4559 1938 4626 pecuniam

372 4652 658 4706 miserunt.
698 4652 972 4714 Aimilius,
1005 4654 1098 4722 qui
1123 4653 1191 4706 ad
1221 4654 1272 4707 id
1307 4660 1522 4722 tempus
1548 4653 1600 4705 in
1643 4652 1839 4705 castris
1886 4667 1943 4706 se

369 4744 863 4814 tnuerat,Pyrrhi
910 4745 1146 4798 militum
1207 4744 1445 4798 adventu
1505 4743 1748 4814 cognito.
1809 4757 1934 4796 cum

371 4853 468 4904 ρει·
501 4836 732 4889 hiemem
765 4850 1082 4905 oppugnare
1116 4835 1308 4889 urbem
1343 4851 1452 4889 non
1486 4846 1691 4906 posset,
1723 4835 1775 4888 in
1797 4835 1948 4906 Apu-

369 4929 497 4983 liam
516 4927 666 4982 abirc
697 4927 907 4981 statuit.
933 4926 1042 4980 Sed
1065 4942 1188 4980 cum
1215 4927 1525 4992 Tarentini,
1553 4927 1801 4998 angustis
1825 4927 1948 4996 qui-

371 5021 598 5075 busdam
640 5019 891 5073 faucibus
918 5019 1223 5090 occupatis,
1261 5035 1358 5089 per
1398 5035 1536 5089 quas
1579 5018 1813 5073 transire
1854 5036 1949 5074 nc-

371 5127 525 5167 cesse
555 5111 814 5174 habebat,
847 5111 952 5166 iter
973 5112 1023 5165 ei
1051 5112 1287 5181 sagittis,
1309 5113 1504 5183 jaculis
1535 5120 1592 5166 et
1641 5111 1828 5166 fundis
1864 5113 1950 5166 in-

375 5204 771 5267 terclusissent,
801 5204 1048 5272 captivos
1103 5219 1294 5258 eorum
1326 5203 1610 5274 praemisit.
1663 5203 1744 5257 illi
1787 5219 1940 5268 vero,

2043 4472 2160 4533 ταῖς
2186 4468 2483 4537 συνθήκαις
2519 4464 2882 4534 προστεθῆναι
2913 4462 3182 4532 πεποίηκε
3221 4461 3282 4512 τὸ
3321 4460 3402 4530 μὴ
3433 4475 3621 4529 περαι-

2042 4563 2187 4634 τέρω
2217 4561 2312 4628 τῆς
2334 4559 2522 4628 χρείας
2551 4557 2608 4609 ὲν
2645 4557 2711 4625 τῇ
2740 4554 2942 4621 Ἰταλία
2979 4555 3111 4624 παρ’
3141 4552 3322 4606 αὐτῶν
3356 4568 3622 4621 xamen.

2047 4654 2226 4722 θῆναι.
2255 4651 2588 4719 Συνθέμενος
2636 4646 2917 4709 δὲταῦτα,
2956 4645 3082 4707 τοὺς
3132 4643 3229 4713 μὲν
3266 4643 3490 4705 πλείους
3523 4642 3622 4694 τῶν

2047 4743 2333 4815 πρέσϐεων
2352 4742 2425 4805 ὡς
2451 4740 2518 4792 τά
2549 4737 2936 4808 στρατεύματα
2967 4736 3115 4804 αὐτῷ
3153 4732 3620 4804 συμπαρασκευά-

2049 4836 2261 4900 ζοντας,
2299 4835 2356 4886 ἐν
2405 4830 2642 4901 ὁμηρείᾳ
2676 4830 2964 4898 κατέσχεν,
3015 4827 3234 4894 ὀλίγους
3280 4825 3324 4876 δ’
3362 4824 3424 4888 ἐξ
3455 4821 3622 4875 αὐτῶν

2051 4930 2146 4981 καὶ
2181 4927 2272 4978 τὸν
2300 4923 2530 4978 Κιννέαν
2572 4921 2894 4992 προέπεμψε
2929 4920 3026 4972 σὺν
3058 4915 3300 4986 στρατῷ.
3333 4915 3623 4967 Ἐλθόντων

2051 5020 2093 5072 δ’
2117 5018 2314 5082 αὐτῶν,
2335 5018 2385 5070 οί
2411 5017 2751 5085 Ταραντῖνοι,
2781 5011 3176 5082 θαρσήσαντες,
3199 5009 3308 5061 τῶν
3338 5025 3400 5059 τε
3430 5004 3622 5060 καταλ-

2052 5109 2232 5176 λαγῶν
2287 5107 2396 5160 τῶν
2451 5106 2585 5176 πρὸς
2653 5104 2960 5169 Ῥωμαίους
3009 5101 3336 5168 ἀπέσχοντο,
3392 5098 3482 5149 καὶ
3540 5094 3624 5145 τον

2053 5192 2219 5262 τΑγιν
2254 5191 2560 5254 παύσαντες
2592 5193 2691 5258 τῆς
2716 5189 3068 5260 στρατηγίας,
3091 5189 3188 5240 ’ένα
3220 5186 3327 5238 τῶν
3351 5181 3624 5252 πρέσϐεων

374 5297 533 5352 veriti
576 5312 644 5352 nc
701 5311 831 5352 suos
862 5311 962 5365 pro
1007 5296 1270 5351 Romanis
1317 5294 1674 5360 conﬁcerent,
1729 5294 1918 5351 destlte

2050 5288 2463 5360 ἐχειροτόνησαν
2499 5285 2822 5354 στρατηγόν.
2854 5283 2984 5335 Μετ’
3019 5281 3077 5332 οὐ
3138 5279 3275 5332 πολὺ
3333 5279 3391 5330 δὲ
3417 5276 3618 5334 Μίλων,

1566 5411 1766 5472 νει-ἰδ’
1796 5409 2108 5471 lectiones
2154 5414 2214 5465 et
2251 5412 2439 5465 noue.

456 5515 568 5580 (ll)
601 5514 956 5569 Κηλιδῶσαι.
1011 5516 1088 5570 Ita
1153 5517 1296 5569 alter
1319 5528 1349 5566 e
1404 5511 1590 5580 Regiis
1620 5521 1676 5565 et
1708 5509 1954 5580 Colhcrt.

385 5585 495 5705 tu?
523 5579 613 5652 alii
651 5585 824 5654 Regii,
856 5586 1018 5654 κῆδος
1043 5586 1232 5644 δῶσαι.
1267 5582 1400 5638 Vide
1440 5579 1620 5637 Gloss.
1651 5580 1801 5635 med.
1831 5579 1950 5634 Lat.

387 5669 438 5707 In
491 5655 702 5707 lenitus.

2137 5504 2544 5581 (ίὲλᾼούκιοις
2589 5503 2872 5581 Aluum:
2929 5499 3032 5581 τρν
3075 5499 3331 5581 ῧςταξωι.
3371 5495 3621 5581 ‘Sic'tt'e-S‘

2066 5562 2194 5630 IIlS‘BR.
2236 5562 2393 5627 ’ΛΙιοι
2437 5575 2606 5628 co.lox
2633 5562 2772 5642 apud
2822 5565 3079 5624 \Volﬁum
3109 5568 3339 5620 Λούκιον
3371 5562 3620 5617 Μανίλιον

2065 5645 2280 5698 habuit.
