3882 6192
246 278 351 342 637

1471 283 1752 343 ANNALI
1766 284 1873 344 UM
1912 285 2059 347 LIB.
2100 285 2268 348 VIII.

3380 292 3495 359 638

246 390 348 443 ὑπὸ
374 386 466 442 τοῦ
492 387 710 460 Πύῤῥου
738 387 836 440 σὺν
858 387 1086 457 δυνάμει
1109 389 1401 458 πεμφθεὶς,
1425 392 1525 461 τήν
1557 410 1615 443 τε
1642 393 1809 459 ἀκρό-

1918 402 2066 447 runt.
2097 394 2165 447 At
2196 392 2440 465 Pyrrhus
2470 407 2600 450 vere
2623 408 2736 451 non
2757 404 3094 468 exspectato,
3122 413 3245 454 cum
3293 417 3492 474 magno

243 481 398 535 πολιν
426 480 606 534 αὐτῶν
655 481 713 544 ἐς
752 481 851 550 τὴν
905 480 1114 534 ἐκείνου
1161 481 1428 552 ὑποδοχὴν
1468 484 1804 553 κατειλήφει,

242 575 337 628 καὶ
369 574 467 643 τὴν
504 572 599 625 τοῦ
629 572 846 642 τείχους
867 573 1110 642 φρουρὰν
1147 573 1236 640 ὑφ’
1272 573 1462 626 ἑαυτὸν
1489 574 1807 643 ἐποιήσατο·

1911 482 2323 554 lectissimoque
2379 485 2628 541 exercitu
2692 486 2905 546 abiens.
2957 496 3013 543 et
3064 504 3130 541 xx
3183 492 3493 559 elephantis

1914 574 2060 642 (qua:
2093 574 2346 629 animalia
2380 591 2488 630 non
2525 576 2678 646 prius
2709 576 2765 630 in
2805 576 2956 632 Italia
2998 589 3313 648 conspecta,
3361 590 3484 637 stu-

240 667 334 719 καὶ
360 667 411 720 oi
460 665 785 735 Ταραντῖνοι
834 664 928 716 ἐπὶ
987 663 1199 726 τούτοις
1252 665 1488 736 ἔχαιρον.
1543 666 1620 730 ώς
1673 668 1809 736 μήτε

1918 679 2098 733 porem
2111 675 2169 720 et
2181 667 2602 722 admirationem
2634 668 2951 724 hominibus
2969 671 3316 741 attulerunt),
3333 673 3495 742 37o

240 757 521 827 φρουρεῖν,
549 755 677 823 μήτ’
704 752 834 808 ἀλλο
873 771 926 807 τι
959 755 1217 807 ἐπίπονον
1249 753 1542 825 ὑπομένειν
1564 756 1810 824 ἀνάγκα·

239 848 481 915 ζόμενοι.
532 843 643 898 Καὶ
697 844 886 907 αὐτοῖς
948 845 1155 915 τροφὰς
1205 847 1539 916 ἐχορήγουν,
1598 850 1694 899 καὶ
1732 845 1812 916 τῷ

241 937 441 1006 Πύρρῳ
489 935 754 1005 χρήματα
816 934 1091 1004 ἔπεμπον.
1159 935 1219 988 '0
1270 934 1362 989 οὖν
1395 937 1644 1006 Αἰμίλιος
1672 938 1813 1001 τέως

240 1028 336 1094 μὲν
370 1026 513 1079 κατά
537 1024 724 1095 χώραν
746 1023 962 1092 ἔμενεν,
1009 1024 1133 1078 ἐπεὶ
1162 1027 1220 1079 δέ
1250 1026 1380 1090 τούς
1401 1045 1464 1080 τε
1510 1029 1813 1100 Πυρῤείους

238 1119 474 1188 ἥκοντας
504 1114 667 1183 ἔγνω,
697 1115 793 1170 καὶ
838 1114 925 1169 διά
958 1116 1050 1170 τὸν
1083 1116 1332 1193 χειμῶνα
1369 1122 1812 1193 προσκαρτερεῖν

237 1209 333 1277 οὐχ
356 1200 471 1268 οἷός
498 1223 558 1260 τε
576 1202 666 1276 ἦν,
705 1207 763 1269 ἐς
797 1205 1089 1262 Ἀπουλίαν
1112 1192 1393 1278 ὥρμησεν.
1419 1208 1560 1263 Οἱδέ
1593 1192 1812 1281 Ταραν-

233 1300 370 1350 τῖνοι
395 1297 456 1350 εν
486 1312 595 1351 τινι
629 1296 937 1366 στενοπόρῳ
963 1296 1171 1368 χωρίῳ,
1200 1297 1266 1351 δι’
1287 1291 1349 1352 οὗ
1377 1298 1609 1353 διελθεῖν
1644 1302 1813 1370 ἀνάγ-

234 1405 336 1456 κην
391 1383 531 1458 εἶχε,
587 1386 943 1458 λοχήσαντες,
999 1388 1207 1459 ἄπορον
1260 1388 1407 1460 αὐτῷ
1433 1391 1532 1461 τὴν
1583 1392 1812 1462 πορείαν

233 1479 454 1533 ἐποίουν
482 1479 836 1549 τοξεύμασιν,
889 1481 1254 1550 ἀκοντίσμασι
1303 1498 1362 1534 τε
1395 1482 1489 1534 καὶ
1523 1484 1814 1555 σφενδονή-

233 1585 424 1636 μασιν.
471 1568 529 1622 '0
556 1569 612 1622 δὲ
635 1570 762 1631 τοὺς
794 1568 1181 1638 αἰχμαλώτους
1211 1569 1382 1638 σφῶν,
1414 1570 1508 1634 οὓς
1550 1573 1811 1642 ἐπήγετο,

233 1662 545 1731 προήγαγε.
607 1660 943 1729 Φοϐηθέντες
997 1660 1041 1712 δ’
1093 1662 1144 1715 οί
1202 1662 1526 1731 Ταραντῖνοι
1585 1663 1659 1735 μὴ
1687 1665 1815 1727 τοὺς

1917 757 2046 809 dum
2078 756 2292 812 Ionium
2329 759 2562 829 trajecit,
2591 767 2916 830 tempestate
2946 770 3085 821 orta.
3121 765 3305 817 multis
3330 766 3493 819 amis-

1914 847 2010 909 sis.
2051 849 2265 903 ea-teris
2310 850 2610 920 dissipatis,
2661 852 2903 921 pedestri
2958 853 3155 908 itinere
3191 855 3495 910 Tarentum

1913 952 2057 1007 aegre
2082 938 2357 1007 pervenit,
2391 954 2454 994 ac
2482 941 2684 1010 pubem
2719 942 2906 996 statim
2936 946 3052 998 suis
3102 945 3370 999 militibus
3406 947 3493 1000 in-

1914 1029 2111 1091 seruit.
2140 1045 2231 1093 ne,
2284 1030 2513 1087 seorsim
2553 1031 2829 1095 instructi,
2864 1033 2992 1088 belli
3047 1043 3290 1104 tempore
3340 1036 3497 1090 novis

1916 1122 2084 1177 rebus
2146 1123 2456 1178 studerent.
2518 1124 2838 1194 Eademque
2890 1125 3122 1180 forsitan
3200 1127 3268 1179 de
3331 1141 3494 1183 causa

1918 1210 2193 1266 theatrum
2251 1213 2469 1275 clausit,
2540 1222 2597 1268 et
2645 1214 3024 1268 conviviorum
3084 1217 3497 1271 commessatio-

1912 1317 2156 1372 numque
2190 1303 2427 1358 coetibus
2472 1304 2802 1369 interdictis,
2833 1304 3214 1360 adolescentes
3277 1315 3373 1360 aut
3426 1306 3485 1359 in

1914 1393 2083 1449 armis
2111 1395 2379 1458 exerceri,
2408 1404 2502 1449 aut
2526 1410 2625 1458 per
2648 1405 2795 1451 totos
2816 1396 2935 1451 dies
2956 1395 3009 1450 in
3040 1397 3163 1451 foro
3192 1412 3352 1468 agere
3379 1396 3495 1466 jus-

1916 1488 2006 1541 sit.
2039 1487 2279 1554 Quarum
2314 1504 2495 1543 rerum
2529 1490 2776 1544 molestia
2810 1489 3141 1559 quibusdam
3175 1505 3233 1545 se
3280 1489 3494 1545 subdu-

1919 1579 2197 1642 centibus,
2225 1594 2355 1635 suos
2386 1582 2559 1649 portis
2589 1581 2851 1651 praefecit,
2885 1581 2978 1651 qui
3020 1582 3296 1635 neminem
3340 1580 3494 1636 exire

1917 1678 2258 1738 paterentur.
2304 1670 2401 1726 His
2433 1672 2601 1741 igitur
2631 1672 2799 1726 rebus
2827 1682 2882 1726 et
2915 1678 3255 1727 commeatus
3296 1685 3496 1741 suppe-

231 1729 534 1820 σφετέρους
571 1750 693 1804 ἀντὶ
721 1749 831 1803 τῶν
873 1750 1166 1819 Ῥωμαίων
1212 1729 1598 1819 ἀπολέσωσιν,
1639 1729 1813 1807 ἐπαύ-

1920 1759 2207 1827 ditatione,
2236 1773 2292 1815 et
2320 1762 2615 1815 satellitum
2653 1764 2707 1816 in
2740 1764 2888 1817 aedes
2924 1763 3241 1832 receptione
3290 1777 3493 1817 onera-

230 1858 417 1895 σαντο.
455 1842 514 1895 Ὀ
537 1841 593 1895 δὲ
615 1840 852 1913 Πύρρος,
885 1842 1008 1895 οὐδὲ
1052 1842 1112 1894 τὸ
1141 1841 1241 1912 ἔαρ
1270 1843 1594 1912 ἀναμείνας,
1620 1844 1811 1916 ἀπῄει,

228 1932 553 2005 στράτευμά
595 1950 655 1986 τε
705 1933 840 1986 πολὺ
869 1932 966 1986 καὶ
1018 1932 1273 2001 ἔκκριτον
1319 1934 1681 2005 ἐπαγόμενος,
1718 1938 1813 1990 καὶ

225 2026 532 2092 ἐλέφαντας
577 2024 774 2085 εἴκοσι,
815 2024 931 2087 ζῶα
983 2025 1153 2094 μήπω
1200 2022 1468 2095 πρότερον
1520 2027 1630 2089 τοῖς
1655 2027 1713 2078 ἐν
1742 2028 1808 2097 τῇ

236 2113 444 2185 Ἰταλίᾳ
471 2113 726 2182 ὀφθέντα,
759 2113 883 2167 ὅθεν
922 2114 1319 2185 ἐξεπλήσσοντο
1346 2116 1441 2168 καὶ
1471 2116 1806 2187 ἐθαύμαζον

225 2205 464 2275 χειμῶνι
490 2206 549 2258 δὲ
582 2205 897 2273 περιπεσὼν
920 2205 982 2258 τὸ
1027 2205 1213 2259 Ἰόνιον
1238 2205 1660 2276 περαιούμενος,
1681 2209 1811 2261 πολ-

224 2294 359 2360 λοῦς’
399 2295 649 2350 ἀπώλεσε
703 2297 799 2350 τοῦ
859 2296 1287 2367 στρατεύματος,
1357 2298 1407 2350 οἱ
1438 2297 1494 2352 δὲ
1532 2299 1711 2352 λοιποὶ
1733 2300 1809 2369 τῷ

226 2388 468 2442 κλύδωνι
496 2388 921 2457 ἐσκεδάσθησαν.
950 2388 1119 2452 Μόλις
1145 2389 1191 2443 δ’
1221 2387 1315 2444 οὖν
1351 2390 1623 2455 πεζεύσας
1648 2387 1813 2462 ἦλθεν

222 2483 304 2541 είς
332 2480 617 2550 Τάραντα,
665 2479 759 2534 καὶ
803 2480 1004 2534 αὐτίκα
1026 2481 1152 2544 τοὺς
1176 2481 1276 2551 μὲν
1306 2482 1658 2552 ἀκμάζοντας
1700 2484 1815 2546 τοῖς

223 2571 428 2624 ἑαυτοῦ
464 2572 827 2643 στρατιώταις
852 2573 1167 2640 συνέταξεν,
1196 2574 1344 2638 ὅπως
1403 2575 1481 2644 μὴ
1512 2575 1636 2628 καθ’
1685 2576 1813 2629 ἐαυ-

222 2668 358 2726 τοῦς
411 2665 787 2737 λελοχημένοι
852 2666 1253 2737 νεωτερίσωσι*
1316 2669 1411 2719 καὶ
1458 2666 1520 2719 τὸ
1585 2667 1813 2739 θέατρον

222 2755 446 2808 ἔκλεισε
468 2755 607 2825 τάχα
632 2756 720 2810 διὰ
740 2756 831 2809 τὸν
867 2756 1121 2826 πόλεμον,
1148 2757 1297 2819 ὅπως
1326 2757 1423 2827 μὴ,
1449 2759 1506 2819 ἐς
1533 2758 1664 2810 αὐτὸ
1686 2774 1813 2810 συν-

223 2848 544 2917 ερχόμενοι,
599 2848 950 2917 νεοχμώσωσί
1000 2865 1072 2904 τι.
1119 2849 1342 2902 Ἀπεῖπε
1389 2848 1436 2901 δ’
1483 2849 1670 2911 αὐτοῖς
1722 2853 1816 2903 καὶ

1919 1863 2024 1918 tos,
2055 1871 2176 1911 sera
2204 1856 2527 1926 paenitentia
2553 1857 2884 1913 Tarentinos
2927 1858 3147 1918 invasit.
3184 1857 3330 1928 quod
3381 1872 3493 1912 non

1917 1946 2152 2010 socium,
2175 1947 2271 2001 sed
2299 1947 2580 2003 dominum
2602 1949 2945 2004 accivissent.
2972 1949 3211 2019 Pyrrhus
3234 1962 3386 2012 vero,
3425 1961 3495 2001 ne

1917 2032 1984 2089 ad
2014 2036 2291 2091 Romanos
2326 2038 2413 2091 his
2439 2037 2509 2093 de
2549 2039 2731 2093 causis
2759 2038 3085 2094 inclinarent
3122 2038 3350 2104 veritus,
3387 2038 3495 2093 rei-

1920 2126 2151 2196 publicae
2194 2131 2466 2199 gerenilae,
2537 2130 2935 2200 tractandoque
2983 2131 3188 2200 populo
3243 2130 3492 2197 idoneos,

1916 2220 2114 2288 partim
2158 2236 2254 2289 per
2285 2236 2478 2277 causas
2500 2222 2715 2291 aliquas
2749 2222 2804 2276 in
2848 2221 3075 2292 Epirum
3104 2223 3171 2275 ad
3202 2221 3371 2276 ﬁlium
3392 2221 3495 2275 mi;

1919 2310 2011 2376 sit,
2040 2313 2240 2381 partim
2274 2315 2412 2368 clam
2441 2315 2683 2368 sustulit.
2734 2313 3112 2368 Aristarchum
3154 2327 3287 2368 vero
3345 2328 3495 2368 sum-

1918 2415 2069 2455 mum
2096 2402 2239 2470 apud
2273 2403 2397 2459 illos
2423 2403 2623 2465 virum,
2648 2411 2704 2458 et
2742 2402 3056 2473 eloquentia
3114 2411 3489 2472 praestantem.

1911 2492 2015 2547 sibi
2070 2494 2405 2561 conciliavit,
2446 2504 2505 2550 ut
2539 2497 2609 2549 ob
2639 2511 2794 2551 suam
2830 2494 3257 2551 familiaritatem
3286 2495 3495 2565 populo

1910 2595 2202 2653 suspectus
2233 2594 2401 2640 esset.
2425 2584 2530 2641 Sed
2564 2600 2688 2641 cum
2721 2585 2770 2639 ei
2796 2585 3154 2639 nihilominus
3182 2584 3342 2638 ﬁdem
3371 2597 3494 2638 esse

1910 2684 2181 2740 cerneret,
2231 2676 2284 2729 in
2314 2677 2539 2744 Epirum
2573 2677 2650 2730 ire
2675 2676 2860 2746 jussit,
2915 2676 3009 2744 qui
3062 2691 3186 2730 cum
3231 2675 3488 2745 refragari

1910 2779 2022 2817 non
2051 2766 2302 2829 auderet,
2326 2780 2385 2821 se
2408 2766 2503 2820 illo
2528 2766 2910 2836 navigaturum
2938 2766 3224 2830 simulans,
3261 2767 3490 2821 Romam

1912 2861 1999 2908 est
2024 2854 2328 2922 profectus.

222 2944 369 3014 πρὸς
397 2943 678 3012 συμπόσια
730 2944 824 2997 καὶ
875 2943 1095 3014 κώμους
1143 2942 1519 3014 ἁθροίζεσθαι,
1590 2943 1686 2996 καὶ
1763 2947 1888 3011 τοὺς
1928 2948 2229 3019 νεωτέρους
2285 2951 2344 3003 ἐν
2382 2952 2497 3015 τοῖς
2558 2950 2746 3014 ὅπλοις
2800 2950 3090 3006 ἀσκεῖσθαι
3147 2950 3420 3016 ἐκέλευεν,
3455 2952 3489 3022 ἢ

219 3035 582 3107 διημερεύειν
610 3037 755 3090 κατά
780 3038 881 3106 τὴν
921 3036 1148 3106 ἀγοράν.
1192 3035 1281 3099 Ὦς
1310 3036 1367 3089 δέ
1397 3053 1542 3100 τινες
1602 3034 1895 3106 ἀχθόμενοι
1958 3039 2173 3105 τούτοις
2232 3042 2621 3115 ὑπεχώρησαν,
2667 3046 2941 3115 φρουροὺς
3003 3046 3070 3098 ἐκ
3112 3043 3224 3097 τῶν
3273 3041 3492 3096 οἰκείων

224 3124 592 3203 κατέστησεν,
620 3123 761 3178 ὥστε
794 3123 997 3195 μηδένα
1025 3124 1224 3189 ἐξιέναι
1258 3123 1358 3194 τῆς
1391 3125 1618 3187 πόλεως.
1654 3125 1721 3177 Ol
1748 3125 1826 3191 δέ,
1865 3124 2077 3189 τούτοις
2125 3145 2186 3181 τε
2249 3130 2346 3183 καὶ
2372 3132 2439 3200 τῇ
2472 3131 2707 3204 χορηγίᾳ
2728 3133 2838 3185 τῶν
2864 3131 3080 3202 τροφῶν
3108 3131 3497 3202 βαρυνόμενοι,

222 3218 329 3274 καὶ
387 3218 515 3277 τοὺς
558 3219 888 3291 δορυφόρους
919 3218 1099 3273 αὐτῶν
1151 3220 1232 3283 είς
1297 3220 1397 3285 τὰς
1466 3220 1645 3285 οἰκίας
1697 3220 1879 3276 αὐτῶν
1916 3223 2355 3296 ἀναγκαζόμενοι
2406 3227 2682 3298 δέχεσθαι,
2714 3228 3171 3297 ςμετεγίνωσκον,
3229 3227 3495 3282 δεσπότου

224 3314 331 3367 καὶ
372 3312 497 3382 οὐχὶ
549 3311 839 3384 συμμάχου
885 3311 979 3365 τοῦ
1013 3310 1232 3383 Πύρρου
1271 3310 1629 3384 πειρώμενοι.
1672 3313 1731 3366 '0
1793 3314 1851 3369 δέ
1888 3315 1977 3370 διὰ
2040 3318 2217 3373 ταῦτα
2248 3320 2323 3391 μὴ
2351 3321 2492 3391 πρὸς
2538 3321 2665 3386 τοὺς
2701 3321 3009 3392 Ῥωμαίους
3037 3320 3373 3376 ἀποκλίνωσι
3398 3337 3497 3391 φο.

223 3405 448 3477 εηθεὶς,
482 3403 592 3457 τῶν
638 3403 708 3457 τὰ
760 3403 1015 3457 πολιτικά
1057 3391 1376 3473 δυναμένων
1400 3405 1680 3474 πράττειν,
1714 3407 1810 3460 καὶ
1850 3413 2180 3478 προστατεῖν
2243 3413 2341 3466 τοῦ
2400 3413 2615 3483 ὁμίλου,
2648 3415 2777 3478 τοὺς
2812 3391 2912 3485 μὲν
2955 3416 3038 3477 είς
3085 3415 3187 3484 τὴν
3230 3416 3501 3488 Ἤπειρον,

224 3504 377 3572 πρὸς
405 3499 498 3552 τὸν
521 3497 638 3552 υίδν
668 3497 765 3550 ἐπί
795 3514 907 3550 τισι
937 3496 1281 3567 προφάσεσιν
1335 3496 1575 3569 ἔπεμπε,
1600 3500 1727 3563 τοὺς
1758 3500 1816 3556 δὲ
1851 3505 1948 3555 καὶ
2006 3504 2231 3572 ἀφανῶς
2287 3505 2563 3562 διώλλυεν.
2628 3508 2986 3580 Ἀρίσταρχον
3009 3507 3067 3562 δέ
3116 3526 3240 3564 τινα
3274 3511 3333 3564 ἐν
3383 3515 3497 3567 τοῖς

221 3594 483 3665 ἀρίστοις
506 3589 615 3643 τῶν
643 3587 991 3660 Ταραντίνων
1013 3588 1424 3659 ἐξεταζόμενον,
1476 3589 1573 3643 καὶ
1619 3591 1797 3646 είπεῖν
1837 3592 2234 3663 πιθανώτατον,
2294 3600 2780 3671 προσηταιρίσατο,
2809 3598 2877 3652 ἵν’
2903 3598 3151 3663 ὕποπτος
3207 3601 3285 3670 τῷ
3313 3603 3492 3673 δήμῳ,

221 3684 307 3747 ὡς
330 3682 401 3736 τὰ
442 3678 541 3733 τοῦ
585 3678 805 3749 Πύρῤου
865 3676 1100 3746 φρονῶν,
1162 3677 1427 3747 γένηταιο
1468 3677 1545 3740 ὡς
1612 3678 1659 3731 δ’
1720 3679 1803 3733 ἐτι
1856 3681 2115 3737 πιστεῦον
2159 3684 2355 3755 ἐκείνῳ
2382 3686 2443 3738 τδ
2474 3685 2678 3757 πλῆθος
2726 3686 2895 3757 ἐώρα,
2929 3686 3184 3753 ἔπεμπεν
3205 3688 3371 3741 αὐτὸν
3414 3691 3497 3753 είς

221 3778 338 3847 τὴν
393 3773 685 3841 Ἤπειρον.
746 3768 858 3824 Καὶ
888 3767 967 3831 ὡς
1015 3769 1292 3822 ἀντειπεῖν
1325 3767 1401 3838 μὴ
1431 3767 1671 3840 θαρρῶν,
1727 3770 2022 3837 ἐξέπλευσε
2091 3774 2214 3844 μὲν,
2277 3776 2337 3839 ἐς
2398 3776 2457 3830 δὲ
2483 3775 2582 3846 τὴν
2613 3776 2830 3845 Ῥώμην
2851 3776 3079 3844 ἀφίκετο
3104 3791 3118 3806 ·
3144 3777 3240 3829 καὶ
3270 3774 3494 3828 τοιαῦτα

229 3867 340 3936 μὲν
356 3860 386 3912 ό
409 3859 626 3930 Πύρρος
655 3858 770 3920 τοῖς
799 3855 1157 3925 Ταραντίνοις
1180 3855 1377 3912 ἐποίει.

298 3946 381 4002 1".
413 3948 477 3999 Οἱ
506 3945 554 3998 δ’
605 3946 665 3997 ἐν
688 3945 757 4014 τῇ
819 3941 1008 4013 Ῥώμῃ
1044 3942 1388 4004 κατέδεισαν,
1434 3941 1700 4012 μαθόντες
1721 3945 1811 3998 τὸν

1983 3946 2073 4001 Ill.
2104 3944 2236 4009 Quae
2253 3958 2375 3998 cum
2409 3941 2630 3997 Tarenti
2660 3950 2974 4008 agerentur,
3009 3940 3268 4007 Romani,
3301 3936 3494 4012 Pyrrhi

227 4039 459 4110 Πύρρον
513 4035 737 4089 ἐλθόντα
795 4034 875 4096 είς
905 4032 1184 4102 Τάραντα,
1230 4033 1309 4103 τῷ
1338 4051 1397 4087 τε
1429 4035 1815 4105 ἐκπεπολεμῶ-

1925 4039 2167 4115 adventu
2202 4035 2431 4089 minime
2459 4032 2588 4097 laeti,
2632 4039 2745 4086 tum
2786 4032 2931 4101 quod
2984 4032 3189 4087 Italiam
3242 4033 3494 4088 infestam

228 4133 365 4186 σθαι
395 4128 468 4183 τά
515 4130 575 4181 ἐν
602 4130 669 4198 τῇ
710 4127 910 4197 Ἰταλίᾳ
961 4126 1167 4189 αὐτοῖς,
1228 4124 1429 4197 καὶτῷ
1479 4125 1815 4196 θρυλλεῖσθαι

1926 4130 2216 4192 haberent,
2250 4137 2362 4181 tum
2407 4126 2555 4196 quod
2596 4124 2751 4179 illum
2803 4123 3127 4179 bellicosum
3177 4136 3234 4178 et
3280 4124 3499 4179 invictis

227 4224 452 4277 ἐκεῖνον
480 4219 783 4290 εύπόλεμόν
827 4236 887 4272 τε
936 4219 1250 4288 τυγχάνειν,
1287 4219 1381 4272 καὶ
1420 4219 1651 4289 δύναμιν
1675 4220 1815 4290 ἔχειν

1926 4220 2202 4277 munitum
2233 4231 2353 4272 esse
2392 4216 2569 4286 c0piis
2605 4214 2750 4269 fama
2783 4213 3012 4279 ferebat,
3055 4212 3364 4269 delectibus
3403 4212 3501 4266 ha-

230 4311 740 4380 ἀνανταγώνιστον.
776 4309 1123 4380 Στρατιώτας
1150 4326 1213 4361 τε
1239 4308 1332 4362 οὖν
1371 4310 1687 4377 κατέλεγον,
1734 4310 1815 4361 καῖ

1923 4308 2074 4377 bitis,
2113 4315 2415 4376 eoactaque
2446 4304 2702 4377 pecunia,
2748 4304 2914 4359 sociis
2938 4303 3254 4358 civitatibus
3306 4300 3499 4372 prasi-

230 4406 502 4478 χρήματα
536 4401 816 4475 ἥθροιζον,
857 4399 1131 4472 φρουρούς
1160 4417 1220 4452 τε
1248 4402 1305 4463 ἐς
1335 4399 1433 4463 τὰς
1465 4400 1826 4470 συμμαχίδας

232 4500 429 4561 πόλεις
448 4497 773 4567 διέπεμπον,
810 4496 898 4549 ῖνα
928 4494 1006 4565 μὴ
1035 4494 1128 4547 καὶ
1157 4495 1364 4546 ἐκεῖναι
1390 4492 1691 4546 ἀπιστῶσι.
1716 4491 1826 4546 Καί

231 4610 397 4656 τινας
431 4589 855 4663 προαισθόμενοι
902 4584 1353 4657 νεωτεριοῢντας,
1380 4584 1509 4646 τοὺς
1569 4584 1826 4654 πρώτους

232 4687 426 4740 αὖτῶν
454 4681 742 4741 ἐκόλασαν,
767 4677 862 4731 καί
888 4692 1033 4738 τινες
1060 4675 1169 4728 τῶν
1196 4672 1617 4745 Πραινεστηνῶν
1646 4674 1702 4736 ἐς
1727 4672 1825 4744 τὴν

243 4777 482 4845 Ῥώμην
506 4772 786 4843 ἀχθέντες,
811 4769 939 4839 περὶ
965 4767 1146 4836 δείλην
1174 4766 1331 4835 ὀψίαν
1357 4765 1439 4828 είς
1458 4764 1583 4827 τοὺς
1614 4764 1822 4834 θησαυ.

237 4868 379 4940 ροὺς
413 4867 507 4918 ἐπὶ
533 4863 745 4934 φυλακῇ
793 4859 1226 4931 ἐνεδλήσθησαν.
1278 4858 1386 4912 Καί
1431 4873 1516 4919 τις
1542 4856 1728 4919 αὐτοῖς
1760 4858 1824 4908 ἐκ

232 4960 440 5013 τούτου
467 4954 716 5029 χρησμὸς
745 4952 1144 5024 ἐκπεπλήρωτο
1167 4967 1183 4983 ο
1229 4948 1473 5021 ἐχρήσθη
1504 4948 1613 5019 γὰρ
1640 4948 1825 5010 αὐτοῖς

238 5064 411 5112 ποτε,
438 5046 523 5100 ὅτι
556 5045 681 5109 τοῦς
703 5043 812 5098 τῶν
853 5040 1146 5113 Ῥωμαίων
1177 5040 1467 5104 καθέξουσι
1490 5037 1821 5109 θησαυρούς.

242 5141 364 5195 Καὶ
382 5140 413 5192 ὁ
437 5139 537 5209 μὲν
560 5136 811 5208 χρησμὸς
836 5137 917 5199 είς
955 5133 1118 5188 τοῦτο
1141 5130 1321 5201 ἀπέϐη
1352 5147 1370 5165 ⁸
1394 5134 1591 5186 ἐκεῖνοι
1645 5131 1700 5185 δὲ
1733 5131 1824 5185 καὶ

239 5231 558 5285 ἀπώλοντο.
580 5228 909 5299 Οὖαλλέριον
943 5226 1002 5280 δέ
1033 5225 1317 5278 Λαουΐνιον
1345 5223 1439 5276 ἐπὶ
1482 5222 1574 5276 τὸν
1605 5223 1823 5295 Πύρρον

1924 4401 2015 4456 dia
2067 4400 2473 4470 imposuerunt,
2523 4413 2592 4452 ne
2642 4397 2749 4451 ilhc
2802 4410 3023 4465 quoque
3073 4393 3409 4459 deﬁcerent;
3443 4399 3501 4448 et

1924 4505 2060 4561 quas
2080 4490 2238 4545 novis
2259 4488 2428 4544 rebus
2461 4488 2683 4543 studere
2726 4486 2866 4542 velle
2896 4492 3301 4555 praesenserant
3324 4522 3340 4545 .
3393 4499 3492 4539 ea-

1926 4599 2049 4638 rum
2127 4581 2409 4654 principes
2486 4580 2808 4635 multarunt.
2881 4577 3248 4635 Praenestinos
3317 4583 3497 4630 autem

1926 4672 2193 4746 quosdam
2224 4670 2442 4742 vesperi
2478 4669 2532 4724 in
2562 4669 2753 4725 urbem
2776 4666 3067 4730 adductos,
3087 4664 3283 4720 aerario
3313 4672 3502 4718 custo-

1925 4765 2031 4821 diae
2062 4779 2229 4820 causa
2265 4764 2651 4828 incluserunt;
2690 4771 2749 4815 ut
2779 4769 2939 4815 vetus
2989 4758 3275 4813 oraculum
3319 4754 3499 4825 quod-

1925 4859 2052 4913 dam
2080 4855 2424 4925 impleretur,
2467 4869 2577 4924 quo
2600 4852 2922 4923 prazdictum
2957 4849 3159 4915 fuerat,
3220 4848 3345 4903 illos
3390 4847 3499 4901 Ro-

1924 4965 2147 5004 manum
2195 4945 2447 5002 aerarium
2492 4952 2881 5014 occupaturos,
2927 4942 3087 5011 cujus
3126 4940 3217 4994 hic
3269 4946 3500 4994 eventus

1924 5040 2053 5105 fuit,
2080 5048 2142 5096 ut
2171 5039 2243 5093 ibi
2267 5046 2617 5092 necarentur.
2656 5033 2862 5089 Contra
2893 5033 3191 5104 Pyrrhum,
3244 5028 3499 5084 Tarenti-

1924 5148 2048 5198 nos,
2078 5144 2380 5198 eorumque
2415 5128 2595 5183 socios
2609 5126 2886 5181 Valerium
2910 5123 3177 5179 Levinum
3200 5123 3495 5182 miserunt,

1925 5235 2081 5296 parte
2117 5221 2392 5279 exercitus
2416 5219 2472 5274 in
2502 5219 2639 5274 urbe
2670 5217 2909 5289 praesidii
2951 5232 3115 5271 causa
3164 5223 3398 5270 retenta.
3446 5212 3498 5267 Is

242 5325 349 5381 καὶ
371 5325 503 5387 τοὺς
525 5319 915 5391 Ταραντίνους,
947 5319 1042 5372 καὶ
1070 5318 1198 5380 τοὺς
1231 5316 1422 5381 ἄλλους
1443 5316 1568 5381 τοὺς
1596 5316 1694 5371 σὺν
1727 5316 1815 5369 αύ-

1926 5317 2107 5370 statitn
2130 5317 2303 5370 Roma
2332 5312 2612 5383 profectus
2640 5324 2744 5375 est,
2773 5324 2831 5366 ut
2863 5311 3067 5366 bellum
3099 5325 3261 5380 quam
3288 5305 3496 5375 long-is-

239 5420 364 5479 τοῖς
395 5415 797 5475 ἀπεστάλκασι,
832 5411 925 5464 καί
948 5427 1001 5463 τι
1032 5411 1127 5463 καὶ
1157 5410 1214 5462 ἐν
1252 5408 1330 5479 τῷ
1350 5410 1504 5463 ἄστει
1533 5408 1628 5462 τοῦ
1660 5424 1824 5478 στρα-

237 5508 528 5571 τεύματος
575 5504 864 5575 κατέσχον.
923 5502 984 5555 '0
1012 5502 1142 5569 γοῦν
1170 5500 1458 5563 Λαουΐνιος
1513 5498 1675 5561 εὐθὺς
1706 5498 1823 5563 ἑξε-

237 5599 608 5670 στράτευσεν,
633 5598 721 5651 ἵνα
750 5594 1086 5667 πορρωτάτω
1109 5593 1203 5646 τὸν
1235 5592 1470 5662 πόλεμον
1491 5592 1591 5661 τῆς
1613 5591 1822 5653 οίκείας

238 5692 582 5757 ποιήσηται·
610 5690 704 5743 καὶ
731 5688 824 5742 τὸν
848 5686 1065 5755 nepam
1093 5682 1465 5752 καταπλήξειν
1488 5684 1737 5753 ἤλπισεν,
1772 5686 1819 5735 εἰ

1921 5406 2055 5461 sime
2087 5421 2119 5461 e
2150 5405 2325 5474 patria
2350 5413 2585 5474 gereret,
2617 5412 2670 5456 et
2696 5414 2963 5457 terrorem
3007 5400 3220 5471 Pyrrho
3274 5398 3493 5450 incute-

1921 5504 2035 5562 ret;
2064 5496 2158 5565 qui
2183 5496 2251 5549 ab
2282 5495 2349 5548 iis
2379 5496 2523 5550 ultro
2548 5494 2934 5555 lacesseretur,
2973 5504 3208 5558 quorum
3243 5503 3301 5541 se
3352 5501 3492 5541 ηαλμ

1919 5589 2011 5643 nia
2027 5594 2466 5657 oppugnaturum
2494 5585 2651 5655 371
2681 5584 3027 5654 apinabatur.
3057 5580 3343 5649 Captoque
3368 5594 3492 5631 mu-

1922 5680 2041 5734 nito
2071 5689 2129 5733 et
2159 5685 2472 5748 opportuno
2501 5676 2746 5741 castello,
2782 5673 3097 5744 praesidium
3147 5672 3199 5729 in
3256 5670 3493 5728 Lucanis
