4042 6200
265 228 276 240 ’
356 230 462 289 639

1647 229 1973 295 JOANNIS
2011 228 2327 293 ZONARE

3476 225 3590 290 btu

351 344 597 414 reliquit.
635 359 703 400 ne
733 346 801 399 ad
831 346 1019 403 hostes
1062 362 1122 403 se
1146 349 1481 405 conferrent.
1516 348 1779 422 Pyrrhus,
1813 350 1918 405 Le-

2037 351 2206 412 ιύτοτς
2251 348 2529 401 ἐθελονταὶ
2556 344 2559 345 ⁷
2586 345 2815 410 ἐπίοιεν,
2869 345 2963 410 οὓς
3010 347 3221 409 ἐκεῖνος
3278 346 3596 419 πολιορκεῖν

351 434 467 488 vini
494 435 731 491 adventu
752 438 988 508 cognito,
1028 440 1244 497 eductis
1267 442 1442 511 copiis
1473 451 1685 513 tempus
1717 452 1914 509 terere,

352 526 484 582 dum
505 529 707 583 auxilia
727 532 1133 595 convenissent,
1158 534 1410 604 cupiens,
1436 534 1701 604 superbas
1732 543 1788 591 et
1813 536 1919 590 mi-

352 633 520 674 naces
557 619 764 674 Levino
793 621 1001 676 litteras
1024 625 1266 693 scripsit,
1292 624 1347 679 in
1378 626 1522 681 hanc
1551 627 1875 681 sententiam
1900 644 1917 684 :

352 709 463 765 Rea:
498 708 737 780 Pyrrhus
784 711 976 767 Leviuo
1005 713 1256 768 salutem.
1314 716 1486 769 Audio
1530 722 1579 769 te
1635 717 1918 771 exercitum

348 811 535 856 contra
587 802 899 858 Tarentinos
954 804 1232 859 adducere.
1280 806 1535 860 Craterum
1572 823 1630 861 eo
1682 809 1917 871 dimisso,

350 896 460 963 ipse
483 910 601 947 cum
632 897 814 962 paucis
853 895 923 948 ad
947 911 1029 948 nte
1052 897 1241 950 venito.
1272 893 1416 950 Nam
1446 897 1493 951 si
1516 914 1621 967 qua
1654 899 1792 952 inter
1812 914 1917 965 vos,

351 982 702 1033 controversia
733 988 830 1045 est,
863 996 956 1049 ego
1001 979 1092 1049 jus
1136 982 1278 1036 vobis
1310 982 1483 1037 dicam
1510 986 1608 1037 :‘et
1643 984 1829 1037 invitos
1858 1000 1921 1040 ea

351 1086 473 1140 qua:
522 1088 673 1141 aqua
722 1080 867 1137 sunt,
928 1082 1181 1141 praestare
1228 1090 1434 1145 cogam.
1467 1075 1529 1129 Εἰ
1550 1074 1790 1131 Leviuus
1819 1076 1924 1133 huc

352 1159 519 1215 modo
557 1160 839 1228 respondit
864 1180 877 1215 :
908 1161 1133 1217 Omnino
1156 1164 1303 1228 mihi,
1337 1162 1561 1234 Pyrrhe,
1587 1167 1821 1221 insanire
1848 1167 1925 1221 ri-

352 1251 513 1317 deris,
553 1254 643 1322 qui
682 1260 731 1305 te
760 1254 898 1306 inter
918 1269 1015 1307 nos
1057 1261 1107 1306 et
1136 1253 1445 1311 Tarentinos
1462 1256 1698 1325 judicent
1724 1259 1923 1312 consti-

353 1349 493 1405 tuas,
527 1343 834 1410 priusquam
889 1343 1035 1396 nobis
1085 1360 1266 1411 poenas
1319 1346 1526 1400 dederis
1572 1348 1835 1413 ingressus
1869 1351 1924 1403 in

351 1432 571 1486 Italiam
602 1435 699 1488 tui.
725 1434 914 1504 Itaque
949 1452 1069 1490 cum
1111 1444 1217 1490 toto
1268 1439 1498 1492 exercitu
1534 1442 1759 1505 ueniam,
1787 1452 1833 1495 et
1863 1442 1925 1495 de

354 1532 403 1576 te
422 1531 473 1575 et
497 1524 790 1579 Tarentinis
846 1542 1027 1592 poenas
1075 1544 1301 1582 sumant.
1336 1529 1474 1595 Quid
1513 1533 1651 1585 enim
1680 1533 1848 1587 verbis
1874 1543 1925 1588 et

353 1617 505 1684 nugis
533 1617 660 1670 milii
685 1632 812 1685 opus
836 1626 932 1683 est,
950 1635 1069 1672 cum
1094 1618 1271 1673 Marte
1295 1622 1493 1691 judice,
1522 1632 1737 1678 auctore
1764 1630 1926 1681 nostri

351 1708 579 1774 generis,
636 1725 853 1763 causam
907 1712 1198 1777 disceptare
1263 1713 1459 1768 liceat?
1491 1716 1605 1770 Hoc
1663 1732 1925 1788 responso

353 1795 504 1861 dato,
529 1807 818 1867 properat;
854 1808 908 1853 et
938 1799 1166 1857 ﬂumine
1217 1802 1504 1875 interiecto
1545 1809 1741 1863 castris
1783 1810 1929 1879 posi-

355 1888 445 1947 tis.
475 1889 848 1956 speculatores
908 1892 1138 1963 aliquot,
1171 1897 1621 1967 comprehendit;
1658 1916 1796 1971 quos
1831 1918 1927 1972 per

356 1987 532 2034 castra
555 1981 985 2051 circumductos,
1043 2000 1213 2056 seque
1268 1990 1437 2044 alium
1468 1991 1626 2063 longe
1665 1996 1927 2066 majorem

355 2070 557 2126 habere
577 2075 881 2130 exercitum
910 2077 1197 2147 gloriatus,
1225 2080 1457 2138 dimisit.
1490 2083 1610 2150 Quo
1626 2085 1770 2141 facto
1804 2102 1929 2156 per-

353 2162 538 2217 culsus
563 2162 828 2234 Pyrrhus,
870 2181 1106 2238 pugnam
1131 2171 1479 2240 detreetavit,
1512 2186 1625 2231 tum
1651 2178 1797 2247 quod
1830 2178 1929 2233 fm-

355 2254 530 2308 dcrati
564 2255 681 2326 ejus
719 2258 965 2313 nondum
1016 2263 1426 2329 convenissent,
1483 2277 1598 2321 tum
1636 2272 1782 2338 quod
1824 2270 1933 2325 Ro-

259 2425 263 2429 .
356 2359 548 2403 manus
570 2349 622 2402 in
654 2348 837 2405 hostili
862 2366 993 2422 agro
1028 2366 1372 2411 commeatus
1412 2359 1641 2427 penuria
1710 2362 1931 2418 labora-

357 2450 512 2496 turos
567 2443 843 2512 sperabat.
878 2445 1084 2501 Eodem
1114 2446 1357 2503 Levinus
1389 2466 1609 2519 quoque
1646 2462 1928 2522 reputans,

357 2533 655 2604 conﬂigere
679 2536 1089 2605 quamprimum
1128 2539 1321 2594 statuit
1356 2559 1370 2593 :
1409 2541 1609 2609 etquia
1645 2543 1847 2598 milites
1878 2554 1934 2600 ct

356 2623 790 2696 Pyrrhiiamam,
825 2638 882 2684 et
907 2630 1231 2698 elephantes
1293 2632 1581 2697 timebant,
1634 2647 1935 2690 convocato

355 2718 620 2782 exercitu,
652 2727 708 2774 et
730 2718 888 2789 longa
920 2723 1168 2777 oratione
1195 2721 1261 2777 ad
1315 2722 1725 2779 confirmandos
1789 2726 1936 2781 mili-

359 2817 471 2862 tum
499 2809 715 2866 animos
732 2812 939 2878 habita,
970 2813 1042 2868 ita
1069 2829 1126 2869 se
1156 2823 1335 2884 parat,
1362 2824 1421 2870 ut
1444 2831 1568 2871 cum
1606 2816 1819 2888 Pyrrho
1850 2819 1936 2874 vel

352 2901 532 2957 invito
563 2911 922 2973 pugnaturus.
948 2903 1051 2970 Qui
1079 2906 1331 2975 quamvis
1365 2922 1396 2962 a
1420 2922 1599 2978 pugna
1656 2910 1925 2965 abhorre-

358 3000 464 3056 ret,
496 3000 676 3046 tamen
703 3009 773 3048 ne
790 2994 1066 3050 Romanos
1086 2995 1383 3052 formidare
1410 2998 1715 3065 videretur,
1744 3008 1800 3054 et
1818 2999 1935 3069 ipse

360 3082 564 3139 milites
593 3100 723 3142 suos
759 3085 825 3140 ad
860 3101 1097 3157 pugnam
1141 3088 1482 3156 cohortatus,
1518 3089 1785 3145 Levinum
1836 3089 1937 3145 ﬂu-

361 3178 661 3248 menjuxta
697 3191 876 3233 castra
930 3180 1167 3235 transire
1197 3191 1513 3249 conantem,
1545 3182 1851 3253 prohibuit.
1886 3182 1937 3238 Is

364 3267 532 3337 igitur
551 3282 675 3323 eum
701 3269 950 3338 peditatu
984 3271 1055 3325 ibi
1086 3287 1144 3326 se
1169 3272 1478 3339 continens,
1508 3273 1792 3343 equitibus
1839 3289 1938 3345 per

360 3361 600 3430 speciem
655 3362 855 3432 praedae
917 3363 1167 3433 petenda:
1223 3365 1515 3436 ablegatis,
1570 3366 1796 3421 mandat
1850 3376 1935 3431 ut,

362 3453 524 3525 longe
548 3455 815 3524 provecti,
855 3456 1147 3527 trajiciant.
1203 3457 1306 3524 Qui
1347 3472 1475 3513 cum
1510 3472 1579 3513 ex
1639 3459 1937 3529 improviso

364 3555 515 3616 terga
566 3546 808 3601 hostium
857 3548 1206 3616 invasissent,
1233 3558 1289 3604 et
1328 3549 1553 3605 ordines
1598 3552 1933 3616 turbassent,

365 3637 605 3694 Levinus
625 3654 786 3695 amne
802 3651 1084 3710 superato,
1113 3641 1358 3711 praelium
1404 3650 1467 3697 et
1501 3641 1620 3713 ipse
1647 3642 1770 3698 init.
1826 3640 1936 3700 Sed

367 3730 612 3801 Pyrrhus
636 3730 767 3786 dum
795 3733 911 3788 suis
932 3733 1271 3803 fugientibus
1293 3734 1571 3805 suppetias
1598 3737 1768 3800 venit,
1798 3752 1939 3807 equo

366 3838 433 3876 ex
459 3823 681 3878 vulnere
705 3824 909 3881 amisso
923 3823 1152 3895 periisse
1166 3830 1460 3895 putabatur
1490 3843 1507 3884 :
1537 3826 1683 3883 unde
1701 3827 1940 3896 Epirotis

367 3915 540 3970 auimi
570 3915 847 3972 imminuti
881 3925 1031 3985 sunt,
1064 3916 1326 3974 Romanis
1373 3929 1689 3985 creverunt,
1732 3928 1941 3976 mutata

367 4010 540 4079 praelii
570 4007 882 4077 facie.'Quo
920 4026 1019 4066 rex
1073 4012 1371 4077 intellecto,
1423 4021 1632 4068 vestem
1671 4013 1938 4084 insignem

366 4103 464 4159 dat
487 4102 707 4172 Megacli
747 4102 909 4174 3'12
938 4104 1295 4169 induendam,
1333 4119 1572 4175 cumque
1603 4105 1805 4175 passim
1830 4107 1939 4161 cir-

371 4195 626 4251 cumvehi
657 4196 834 4267 jubet,
874 4205 936 4251 ut
970 4212 1030 4253 se
1063 4196 1247 4253 vivere
1275 4198 1526 4253 arbitrati
1548 4198 1733 4253 hostes
1771 4206 1943 4254 terre-

375 4296 584 4351 rentur,
619 4289 705 4344 sui
723 4289 1203 4354 conﬁrmarentur,
1233 4290 1351 4361 ipse
1381 4291 1575 4360 privati
1603 4290 1793 4345 habitu
1815 4307 1939 4346 cum

2019 438 2410 509 προσεδόκησε.
2465 436 2575 492 Καὶ
2626 433 2804 491 ἀπιὼν
2853 434 3127 506 χωρίοντι
3157 432 3266 491 τῶν
3297 436 3595 492 Λευκανῶν

2018 524 2162 582 εἷλεν
2194 528 2411 599 ἰσχυρὸν
2437 530 2532 582 καὶ
2548 527 2856 601 ἐπίκαιρον,
2887 528 2983 582 καὶ
3021 524 3254 599 δύναμιν
3291 544 3415 582 τινα
3443 531 3503 581 ὲν
3525 531 3593 598 τῇ

2019 621 2294 691 Λευκανίᾳ
2318 619 2634 683 κατέλιπεν,
2663 618 2949 690 εἴρξουσαν
2972 619 3171 683 αὐτοὺς
3195 616 3288 673 τοῦ
3318 618 3600 687 ἐπαρῆξαι

2020 709 2133 770 τοῖς
2183 707 2471 769 ἐναντίοις.
2509 707 2621 760 Καὶ
2674 710 2701 761 ὸ
2728 707 2948 780 Πύρρος
2998 706 3191 779 μαθὼν
3223 708 3602 776 πλησιάζοντα

2020 797 2113 851 τὸν
2139 798 2444 862 Λαουΐνιον,
2470 798 2893 869 προεξώρμησε.
2912 797 3021 853 Καὶ
3052 800 3605 871 στρατοπεδευσάμεε

2021 904 2133 954 νος,
2172 889 2382 959 τρίϐειν
2401 888 2561 960 ἤθελε
2592 888 2682 943 τὸν
2712 889 2927 959 καιρὸν,
2980 889 3269 959 ἀναμένων
3297 892 3423 953 τοὺς
3459 907 3603 961 συμ-

2024 979 2395 1049 μαχήσοντας.
2421 980 2531 1034 Καὶ
2558 978 2636 1051 τῷ
2660 980 2928 1050 Λαουῖνίῳ
2965 979 3281 1033 ἐπέστειλεν
3311 980 3627 1052 ύπερηφάο,

2022 1084 2152 1135 νως,
2183 1071 2259 1133 ὡς
2280 1071 2644 1143 καταπλήξων
2674 1071 2858 1135 αὐτὸν,
2892 1065 3010 1142 εἷχε
3043 1070 3102 1125 δὲ
3147 1073 3181 1143 η
3216 1072 3404 1141 γραφὴ
3451 1066 3559 1126 ὧδε
3584 1089 3600 1104 ο

2024 1161 2325 1228 Βασιλεὺς
2351 1165 2581 1232 11ιὶρῤος
2607 1164 2905 1231 Λαουϊνίῳ
2929 1163 3181 1231 χαίρειν.
3210 1164 3605 1232 Πυνθάνομαί

2026 1264 2101 1305 σε
2129 1254 2475 1321 στράτευμα
2518 1253 2616 1306 ἐπὶ
2668 1252 3074 1321 Ταραντίνους
3110 1255 3299 1323 ἄγειν.
3365 1254 3442 1308 Τὸ
3486 1255 3603 1323 μὲν

2025 1334 2139 1398 οὖν
2172 1346 2557 1415 ἀπόπεμψον,
2589 1347 2774 1411 αὐτὸς
2804 1347 2872 1399 δὲ
2903 1350 3031 1416 μετ’
3057 1347 3278 1413 ὀλίγων
3305 1342 3417 1417 ἧκε
3449 1348 3605 1415 πρὸς

2025 1435 2146 1504 ἐμέ.
2179 1435 2407 1490 Δικὰσω
2427 1435 2539 1503 γὰρ
2568 1436 2715 1505 ὑμῖν
2735 1435 2869 1503 ἐγὼ,
2910 1436 2967 1489 εἴ
2994 1452 3047 1490 τι
3083 1437 3384 1502 ἀλλήλοις
3422 1436 3602 1504 ἐγκα-

2025 1523 2207 1586 λεῖτε,
2241 1526 2337 1577 καὶ
2366 1525 2625 1591 ἄκοντας
2654 1525 2727 1578 τὰ
2759 1524 2963 1579 δίκαια
3012 1525 3209 1580 ποιεῖν
3253 1527 3604 1594 ἀναγκάσω.

2029 1619 2311 1683 Λαουϊνιος
2341 1620 2398 1672 δὲ
2424 1619 2549 1672 τάδε
2576 1619 2652 1690 τῷ
2682 1618 2887 1692 Πύρρῳ
2918 1619 3230 1688 ἀντέγραψε
3254 1634 3268 1648 ⁸
3306 1618 3479 1672 Πάνυ
3501 1636 3606 1688 μοι

2026 1710 2244 1776 δοκεῖς,
2295 1706 2342 1765 ὦ
2387 1713 2601 1780 uappa,
2661 1711 3060 1781 τετυφῶσθαι,
3112 1711 3414 1779 δικαστὴν
3459 1712 3609 1780 ἡμῖν

2027 1802 2247 1857 ἑαυτὸν
2286 1805 2578 1869 καθιστὰς
2623 1804 2720 1858 καὶ
2768 1805 3174 1871 Ταραντίνοις,
3234 1804 3378 1872 πρὶν
3425 1803 3610 1870 δίκην

2028 1894 2175 1961 ἡμῖν
2202 1892 2521 1962 ὑποσχεῖν,
2550 1893 2640 1948 ὅτι
2686 1896 2781 1949 καὶ
2809 1894 2914 1962 τὴν
2970 1895 3173 1963 ἀρχὴν
3197 1899 3284 1960 εις
3306 1894 3424 1962 τὴν
3453 1896 3609 1950 Ἰτα-

2028 1985 2171 2037 λίαν
2197 1984 2581 2052 ὲπεραιώθης.
2614 1983 2778 2050 Ἥξω
2806 1998 2869 2039 τε
2900 1980 3015 2040 οὖν
3043 1986 3195 2055 μετὰ
3239 1986 3469 2053 παντὸς
3500 1985 3610 2041 τοῦ

2030 2076 2310 2144 στρατοῦ,
2364 2075 2463 2130 καὶ
2508 2075 2624 2146 τὴν
2671 2077 3116 2146 προσήκουσαν
3175 2080 3463 2148 τιμωρίαν
3509 2078 3614 2134 καὶ

2031 2167 2190 2235 παρὰ
2217 2167 2586 2237 Ταραντίνων
2637 2169 2733 2223 καὶ
2765 2168 2925 2237 παρά
2952 2184 3071 2223 σου
3096 2169 3390 2238 λήψομαι.
3415 2170 3478 2223 Τί
3499 2170 3613 2239 γὰρ

2030 2259 2097 2313 δέ
2118 2276 2221 2330 μοι
2247 2260 2443 2331 λήρου
2472 2261 2571 2315 καὶ
2613 2262 2938 2331 φλυαρίας,
2968 2262 3113 2328 ἐξὸν
3144 2263 3303 2330 παρὰ
3331 2261 3411 2328 τῷ
3445 2265 3613 2331 ’Ἄρει

2031 2350 2112 2418 τῷ
2144 2352 2471 2422 προπάτορι
2514 2353 2686 2424 ἡμῶν
2729 2355 3037 2425 κριθῆναι;
3089 2354 3329 2411 Τοιαῦτα
3388 2359 3616 2411 ἀντεπι-

2036 2445 2273 2510 στείλας,
2297 2447 2580 2517 ἠπείγετο,
2613 2448 2711 2502 καὶ
2727 2449 2993 2519 ηὐλίσατο
3027 2451 3116 2505 διὰ
3142 2453 3313 2521 μέσου
3340 2452 3401 2506 τδ
3427 2450 3613 2525 ῥεῦμα

2033 2537 2127 2591 τοῦ
2177 2538 2293 2591 ἐκεῖ
2344 2537 2591 2608 ποταμοῦ
2650 2542 3039 2610 ποιησάμενος.
3102 2543 3507 2608 Κατασκόπους
3551 2546 3611 2598 τέ

2034 2642 2190 2688 τινας
2238 2625 2539 2692 συλλαϐὼν,
2597 2626 2779 2694 δείξας
2820 2631 2920 2700 τὴν
2970 2632 3201 2703 δύναμιν
3248 2634 3458 2701 αὐτοῖς,
3514 2637 3614 2688 καὶ

2038 2714 2278 2770 ἐπειπὼν
2301 2718 2709 2773 πολλαπλασίαν
2733 2721 2902 2792 ἄλλην
2927 2723 3092 2794 ἔχειν,
3116 2726 3469 2795 ἀπέπεμψεν.
3486 2728 3616 2780 Ἐπὶ

2039 2806 2246 2871 τούτοις
2274 2810 2301 2863 ὁ
2334 2808 2549 2882 Πύρρος
2573 2812 2969 2880 καταπλαγεὶς,
2999 2814 3059 2867 οὐ
3095 2815 3366 2887 μάχεσθαι
3397 2815 3613 2888 ἤθελεν,

2041 2898 2125 2951 ὅτι
2157 2899 2250 2952 καὶ
2278 2899 2388 2954 τῶν
2418 2903 2726 2973 συμμάχων
2756 2901 2911 2957 ούπω
2952 2905 3099 2969 τινὲς
3135 2907 3398 2977 συνῆλθον
3433 2910 3610 2981 αὐτῷ,

2041 2989 2341 3061 ὶπιλείψειν
2368 3010 2428 3046 τε
2458 2996 2568 3056 τοῖς
2610 2994 2904 3064 Ῥωμαίοις
2938 2997 3007 3049 τὰ
3050 2997 3335 3069 ἐπιτήδεια
3382 3001 3617 3072 ἦλπιζεν

2038 3081 2096 3135 ὲν
2133 3082 2365 3153 πολεμίᾳ
2389 3083 2655 3152 διάγουσι.
2678 3084 2870 3141 Ταῦτα
2896 3087 2953 3141 δὲ
2974 3088 3069 3142 κα)⁸
3092 3091 3121 3143 ὀ
3152 3090 3437 3156 Δαουῖνιος
3464 3092 3618 3162 λογι-

2039 3173 2291 3245 ζόμενος,
2352 3176 2588 3231 ἔσπευσε
2642 3180 2939 3250 συμμίξαι.
3001 3180 3125 3235 Τῶν
3179 3183 3623 3257 δὲστρατιωτῶν

2038 3263 2178 3334 πρὸς
2203 3262 2303 3334 τὴν
2331 3263 2425 3318 τοῦ
2457 3264 2678 3337 Πύρρου
2710 3268 2903 3340 φήμην
2924 3266 3021 3323 καὶ
3044 3270 3132 3325 διὰ
3152 3271 3280 3337 τοὺς
3317 3274 3617 3348 ἐλέφαντας

2034 3352 2534 3427 ἐκπεπληγμένων,
2604 3360 2953 3427 συγκαλέσας
3012 3362 3234 3430 αὐτοὺς,
3270 3366 3444 3419 πολλά
3479 3370 3621 3442 πρὸς

2036 3445 2239 3516 θάρσος
2262 3448 2681 3519 παρακαλοῦντα
2711 3452 2804 3523 ὲδη
2814 3453 3119 3525 μηγόρησε,
3142 3457 3239 3511 καὶ
3261 3463 3618 3531 παρεσκευά-

2045 3538 2169 3603 {sto
2197 3540 2294 3595 καὶ
2320 3543 2508 3597 ἄκοντι
2536 3542 2616 3615 τῷ
2648 3542 2850 3616 Πύρῤῳ
2884 3547 3179 3617 συμμίξαι.
3219 3547 3277 3604 '0
3305 3550 3361 3605 δὲ
3388 3551 3622 3625 γνώμην

2040 3631 2143 3702 μὲν
2164 3632 2265 3686 οὐκ
2295 3628 2407 3704 εἶχε
2443 3633 2751 3705 μάχεσθαι’
2778 3637 2929 3701 ὅπως
2961 3636 3019 3691 δὲ
3051 3640 3129 3711 μὴ
3158 3637 3291 3714 δόξῃ
3318 3644 3445 3708 τοὺς
3478 3644 3622 3699 Ῥω-

2046 3722 2240 3790 μαίους
2263 3724 2567 3792 φοϐεῖσθαι,
2595 3729 2688 3781 καὶ
2718 3728 2882 3792 αὐτὸς
2902 3732 3013 3793 τοῖς
3040 3730 3264 3796 οἰκείοις
3288 3734 3618 3806 διαλεχθεὶς,

2041 3816 2324 3887 ὲπώρυνεν
2357 3819 2437 3883 εἰς
2464 3820 2555 3873 τὸν
2586 3810 2842 3892 πόλεμον.
2877 3822 3163 3888 Δαουῖνῑος
3207 3825 3286 3888 δὲ,
3332 3827 3423 3880 τὸν
3454 3846 3624 3883 ποτα-

2046 3909 2145 3977 μὸν
2180 3910 2521 3981 πειρώμενος
2551 3913 2692 3966 κατὰ
2712 3915 2768 3966 τὸ
2787 3917 3147 3984 στρατόπεδον
3180 3911 3455 3990 διαϐῆναι,
3481 3925 3626 3977 ὲκω-

2041 4001 2179 4073 λύθη
2198 4019 2212 4035 ο
2251 4004 2618 4074 ἐπαναγαγὼν
2651 4002 2746 4061 οὖν
2770 4008 2932 4071 αὐτὸς
2969 4009 3067 4079 μὲν
3094 4011 3238 4065 κατὰ
3269 4013 3453 4085 χώραν
3481 4017 3627 4085 μετά

2043 4094 2136 4149 τοῦ
2173 4094 2338 4160 πεζοῦ
2369 4096 2575 4167 ἔμεινε,
2610 4099 2739 4162 τοὺς
2771 4099 2817 4152 δ’
2854 4101 3042 4164 ἱππεῖς
3073 4101 3151 4165 ὡς
3180 4104 3275 4156 ἐπὶ
3307 4102 3460 4159 λείαν
3477 4108 3625 4177 τάχα

2045 4188 2169 4242 τινὰ
2189 4188 2458 4258 ἔπεμψεν,
2504 4189 2907 4260 ἐντειλάμενος,
2941 4190 3134 4265 πόρρω
3172 4211 3267 4249 ποι
3295 4192 3626 4267 βαδίσαντας

2046 4281 2440 4352 περαιωθῆναι.
2474 4284 2582 4336 Καὶ
2610 4282 2786 4347 οὕτως
2818 4285 3019 4338 ἐκεῖνοί
3041 4304 3097 4339 τε
3124 4289 3263 4341 κατὰ
3298 4291 3470 4344 νώτου
3510 4296 3630 4355 τοῖς

373 4392 487 4437 toto
516 4385 784 4452 exercitu,
815 4385 1129 4456 elephantis
1156 4387 1420 4457 exceptis,
1460 4386 1516 4443 in
1555 4382 1835 4443 Romanos
1860 4387 1935 4442 in-

2048 4372 2330 4444 πολεμίοις
2358 4374 2703 4445 προσέπεσον
2733 4375 3159 4447 ἀπροσδόκητοι.
3212 4380 3321 4432 Καὶ
3366 4383 3395 4434 ὁ
3426 4384 3636 4437 Λαουΐ-

374 4475 613 4543 vehitur,
644 4478 925 4547 etubique
970 4478 1353 4535 laborantibus
1401 4494 1754 4544 succurrens,
1812 4493 1943 4536 suns

373 4569 605 4624 multum
633 4570 805 4641 juvat.
834 4571 1021 4642 Pugna
1044 4572 1212 4643 igitur
1241 4571 1398 4627 initio
1430 4586 1623 4645 magna
1649 4571 1758 4628 diei
1791 4582 1943 4643 parte

374 4675 576 4731 anceps
604 4661 726 4726 fuit,
770 4661 947 4718 donec
976 4663 1199 4733 quidam
1224 4664 1463 4736 Megacle
1490 4667 1694 4732 occiso,
1726 4681 1786 4722 se
1815 4666 1947 4738 Pyr-

374 4753 536 4807 rhum
564 4752 831 4811 occidisse
851 4763 1027 4821 ratus,
1071 4755 1258 4811 eliccit
1285 4767 1347 4812 ut
1372 4759 1559 4815 hostes
1585 4759 1727 4814 idem
1754 4759 1947 4815 crede-

375 4855 518 4901 rent.
552 4846 693 4901 Tum
726 4862 859 4902 vero
886 4856 945 4903 et
983 4846 1248 4903 Romanis
1297 4848 1442 4907 aucti
1491 4859 1625 4906 sunt
1664 4851 1855 4918 animi,
1891 4859 1950 4905 et

374 4938 565 4993 hostes
622 4946 928 4994 cesserunt.
984 4940 1225 5012 Pyrrhus
1284 4950 1488 5009 autem,
1518 4943 1731 5013 abiecto
1780 4944 1946 5013 pileo,

377 5029 527 5085 nudo
551 5031 730 5101 capite
764 5030 1115 5099 circumiens,
1150 5047 1346 5102 pugna:
1374 5035 1647 5089 fortunam
1696 5032 1948 5088 mutavit.

377 5124 447 5179 Et
475 5140 600 5179 cum
630 5122 873 5180 Levinus
896 5127 1133 5196 equites,
1170 5142 1310 5198 quos
1335 5137 1489 5182 extra
1514 5128 1687 5183 aciem
1725 5127 1780 5181 in
1801 5126 1955 5195 {insi-

380 5215 488 5273 diis
507 5214 765 5283 habebat,
790 5234 819 5272 a
845 5226 997 5289 tergo
1024 5219 1075 5273 in
1126 5220 1311 5275 hostes
1366 5221 1649 5275 incurrere
1675 5219 1952 5291 iussisset,

383 5312 599 5381 signum
669 5311 976 5381 elephantis
1032 5312 1273 5366 sustulit.
1311 5311 1392 5366 ibi
1436 5327 1503 5367 ex
1536 5312 1800 5367 inusitato
1840 5312 1956 5367 bel—

384 5399 601 5454 luarum
634 5411 954 5470 conspectu,
982 5408 1040 5456 et
1077 5399 1355 5455 horrendo
1384 5390 1618 5465 barritu,
1650 5415 1958 5455 armorum-

386 5505 493 5559 que
515 5492 719 5555 sonitu,
757 5506 919 5559 quem
950 5490 1043 5560 qui
1078 5491 1132 5545 in
1167 5489 1414 5544 turribus
1456 5488 1793 5555 ferebantur,
1824 5488 1961 5544 ede-

386 5582 560 5635 bant:
597 5590 711 5637 tum
750 5581 851 5652 ipsi
881 5583 1113 5637 Romani
1152 5580 1428 5652 perterriti
1468 5591 1617 5646 sunt,
1667 5588 1779 5634 tum
1831 5582 1958 5651 equi

386 5667 720 5736 perturbati,
756 5685 997 5725 εοεεοιυς
1026 5686 1105 5740 pa:
1125 5672 1219 5725 tim
1246 5669 1610 5735 cxcutieutes,
1642 5669 1836 5740 partim
1866 5687 1961 5726 ve—

2046 4481 2162 4529 νιος
2199 4465 2589 4537 ταραχθέντων
2615 4466 2797 4521 αὐτῶν
2826 4469 2918 4521 τόν
2949 4485 3009 4522 τε
3042 4472 3287 4541 ποταμῖν
3327 4473 3503 4544 διέϐη,
3533 4478 3627 4530 καὶ

2044 4560 2142 4631 τῆς
2167 4559 2349 4629 μάχης
2370 4557 2789 4615 συνεπελάϐετο.
2814 4559 3116 4630 Φεύγουσιν
3145 4558 3240 4617 οὖν
3266 4567 3379 4627 τοῖς
3404 4567 3629 4634 ἑαυτοῦ,

2045 4657 2074 4709 ὁ
2103 4653 2317 4727 Πύρρος
2335 4655 2736 4726 ἐπικουρήσας,
2755 4655 3036 4724 τρωθέντα
3059 4656 3151 4709 τὸν
3172 4657 3339 4712 ἵππον
3360 4659 3631 4724 ἀπέϐαλε,

2047 4748 2143 4803 καὶ
2172 4746 2349 4815 ἔδοξεν
2367 4748 2552 4811 αὐτοῖς
2580 4746 2924 4816 τεθνηκέναι.
2975 4750 3100 4802 Κάκ
3141 4749 3335 4803 τούτου
3386 4751 3499 4805 τῶν
3528 4752 3634 4820 μὲν

2048 4840 2476 4911 ἀθυμησάντων,
2511 4836 2621 4892 τῶν
2664 4839 2721 4894 δὲ
2765 4842 3325 4913 καταφρονησάντων,
3380 4842 3445 4895 τὸ
3468 4843 3637 4913 ἔργον

2047 4930 2333 5003 ἠλλοίωτο.
2375 4930 2560 4994 Συνεὶς
2591 4930 2647 4983 δὲ
2671 4926 2830 4984 τοῦτο
2855 4931 2955 5003 τὴν
3009 4933 3109 5001 μὲν
3133 4934 3327 5004 στολὴν
3355 4935 3635 5005 ἐκπρεπε-

2053 5015 2142 5078 στέ
2155 5041 2252 5095 ραν
2280 5023 2390 5076 τῶν
2413 5022 2588 5077 ἄλλων
2615 5018 2781 5077 οὖσαν
2814 5023 2984 5076 ἔδωκε
3013 5023 3322 5092 Μεγακλεῖ,
3364 5023 3637 5088 κελεύσας

2053 5118 2264 5173 ἐνδῦναι
2310 5116 2503 5188 αὐτὴν,
2538 5118 2631 5170 καὶ
2663 5116 2969 5186 πανταχόσε
3016 5117 3420 5189 περιελαύνειν,
3456 5117 3638 5183 ὅπως,

2057 5211 2326 5275 σώζεσθαι
2375 5210 2540 5264 αὑτὸν
2583 5213 2932 5278 νομίσαντες,
2989 5210 3041 5262 οἱ
3096 5210 3195 5279 μὲν
3231 5209 3467 5263 ἐναντίοι
3495 5210 3637 5281 πρὶς

2054 5305 2193 5368 δέος,
2222 5305 2272 5356 oi
2290 5300 2337 5356 δ’
2363 5303 2555 5355 οἰκεῖοι
2583 5300 2719 5371 πρὸς
2747 5300 2951 5371 θάρσος
2984 5298 3287 5369 ἀφίκωνται
3310 5316 3325 5331 ο
3358 5301 3535 5365 αὐτὸς.
3553 5302 3636 5366 δὲ,

2059 5395 2413 5466 στειλάμενος
2443 5393 2757 5456 ἰδιωτικῶς,
2790 5392 3083 5464 συνέμιξεν
3109 5392 3292 5456 αὐτοῖς
3344 5394 3513 5446 παντὶ
3557 5392 3639 5463 τῷ

2060 5487 2297 5557 στρατῷ,
2336 5482 2475 5556 πλὴν
2502 5483 2839 5555 ἐλεφάντων,
2874 5489 2969 5537 καὶ
3002 5486 3113 5547 τοῖς
3142 5485 3228 5537 ἀεὶ
3272 5485 3640 5554 πονουμένοις

2058 5575 2384 5647 ἀπαμύνων,
2438 5576 2689 5632 πλεῖστον
2737 5576 2863 5639 τοὺς
2899 5576 3196 5647 σφετέρους
3243 5572 3515 5645 ὠφέλησε.
3552 5570 3640 5627 Τὰ

2066 5672 2164 5739 μὲν
2185 5669 2279 5724 οὖν
2304 5669 2493 5739 πρῶτα
2512 5668 2598 5722 ἐπὶ
2634 5667 2765 5723 πολὺ
2795 5668 2893 5738 τῆς
2916 5668 3129 5740 ἡμέρας
3160 5669 3463 5739 ἰσορρόπως
3482 5668 3629 5737 ἱμα-
