4042 6200
391 295 510 357 643

1661 295 1982 358 JOANNIS
2016 294 2336 355 ZONARJI

3531 295 3643 354 61$

386 407 635 478 captivos
681 409 983 465 Tarentum
1042 409 1279 473 reduxit,
1345 409 1530 478 ibique
1581 410 1956 464 Romanorum

2063 408 2302 476 πιγκτὰς
2357 407 2451 462 καὶ
2497 409 2623 470 τοῦς
2679 406 2980 475 ἐλέφαντας
3026 406 3353 476 συνηχῆσαι.
3398 404 3557 458 Ἐπεὶ
3590 407 3648 456 δὴ

385 500 592 570 legatos
624 515 723 569 pro
757 499 991 569 captivis
1025 499 1364 553 redimendis
1393 500 1612 563 missos,
1643 498 1954 554 Fabricium

384 599 444 645 et
475 601 724 654 caeteros,
759 590 1063 644 honoritice
1079 589 1428 659 benigneque
1459 589 1697 657 excepit,
1730 602 1958 658 sperans

385 696 482 733 eos
512 695 701 748 pacem
734 680 1023 747 petituros,
1052 688 1107 733 et
1129 687 1189 733 ut
1221 680 1397 734 victos
1416 680 1565 749 leges
1612 666 1956 749 accepturos.

385 772 655 826 Caeterum
701 769 954 824 Fabricio
993 786 1093 840 pro
1122 773 1299 840 captis
1325 771 1380 824 in
1407 771 1554 825 bello
1611 771 1663 825 id
1722 772 1957 840 pretium

387 860 675 924 aﬂ‘erente,
717 861 864 930 quod
899 862 1161 931 utrinque
1197 862 1547 917 convenisset
1582 881 1594 915 :
1629 870 1755 933 quia
1810 866 1960 933 pacis

386 953 593 1007 nullam
628 954 968 1009 mentionem
1008 954 1236 1021 iecerat,
1267 955 1437 1010 animi
1472 955 1676 1010 dubius
1702 957 1956 1025 seorsim,

389 1056 448 1098 ut
478 1045 711 1106 solebat,
740 1061 864 1101 cum
890 1047 1101 1111 amicis,
1136 1046 1204 1101 de
1229 1047 1522 1102 reddendis
1580 1048 1810 1117 captivis
1858 1048 1959 1103 de-

387 1152 494 1205 que
519 1135 663 1190 bello
689 1136 1130 1193 administrando
1164 1139 1513 1194 deliberavit.
1550 1138 1750 1193 Milone
1778 1151 1959 1194 autem

388 1227 676 1293 suadente,
705 1240 764 1283 ut
814 1246 994 1300 neque
1034 1230 1282 1299 captivos
1328 1232 1603 1295 redderet,
1638 1247 1817 1300 neque
1868 1248 1963 1301 pa-

390 1335 507 1374 cem
541 1320 765 1387 faceret,
792 1322 885 1376 sed
926 1322 1186 1377 Romanis
1232 1325 1338 1394 iam
1385 1323 1564 1388 victis,
1619 1325 1782 1378 etiam
1836 1326 1964 1379 reli-

388 1410 549 1479 quias
572 1411 701 1465 belli
726 1423 1170 1482 persequeretur,
1202 1413 1411 1484 Cyrneas
1442 1414 1599 1482 plane
1623 1416 1959 1469 contrarium

388 1503 623 1557 censuit.
652 1503 785 1558 Nam
817 1512 873 1558 ct
901 1505 1149 1572 captivos
1183 1505 1353 1574 gratis
1377 1520 1499 1558 esse
1527 1506 1860 1568 reddendos,
1902 1515 1960 1560 ct

388 1597 601 1665 legatos
629 1605 794 1665 atque
827 1596 1113 1665 pecuniam
1173 1598 1401 1651 Romam
1457 1597 1775 1660 mittendos,
1812 1599 1963 1668 pacis

385 1697 440 1741 ct
470 1685 692 1740 im'eris
739 1687 1070 1756 impetrandi
1123 1703 1312 1752 causa,
1370 1689 1526 1759 cujus
1574 1691 1861 1744 sententiae
1909 1698 1963 1744 et

2060 496 2305 547 κάκεῖνοι
2342 495 2480 547 πολὺ
2533 495 2724 564 μεῖζον
2766 493 3131 562 ἀντεϐόησαν,
3179 492 3256 554 ὡς
3294 493 3651 562 ἐκπλαγῆναι

2058 586 2186 648 τοὺς
2243 586 2336 639 τοῦ
2394 587 2636 656 Πύρρου,
2675 587 2775 639 οὐκ
2806 585 2882 638 ἔτ’
2912 585 3150 655 ἠθέλησε
3199 585 3496 655 συμμίξαι,
3527 586 3652 638 ἀλλ’

2058 675 2132 735 ὡς
2163 676 2430 746 δυσιερῶν
2469 678 2814 747 ἐπανήγαγε,
2862 677 2959 729 καὶ
2989 677 3224 745 ἀφίκετο
3271 679 3331 739 ἐς
3362 678 3647 747 Τάραντα,

2059 766 2189 821 ἔνθα
2219 765 2482 838 πρέσϐεις
2505 767 2618 821 τῶν
2649 767 2941 838 Ῥωμαίων
2962 767 3106 838 ὑπὲρ
3137 767 3247 820 τῶν
3276 768 3651 839 αἰχμαλώτων

2058 857 2325 925 ἀφίκοντο
2347 857 2498 912 ἄλλοι
2542 875 2601 911 τε
2653 859 2747 912 καὶ
2776 860 2805 911 ὁ
2835 858 3135 929 Φαϐρίκιος
3158 874 3174 890 ·
3206 858 3303 922 οὓς
3343 861 3651 930 φιλοτίμως

2058 942 2288 1007 ἐξένισε,
2312 947 2405 997 καὶ
2426 945 2776 1013 ἐδεξιώσατο,
2800 947 3032 1010 ἐλπίσας
3056 948 3257 1012 αὐτοὺς
3292 950 3649 1014 σπείσασθαι,

2061 1034 2157 1088 καί
2189 1035 2482 1103 ὁμολογίαν
2533 1038 2609 1100 ὡς
2651 1038 3002 1109 ἡττημένους
3034 1039 3395 1110 ποιήσασθαι.
3449 1040 3561 1093 Τοῦ
3587 1040 3649 1094 δὲ

2060 1128 2359 1195 Φαϐρικίου
2408 1130 2535 1192 τοὺς
2593 1131 2906 1194 ἑαλωκότας
2936 1131 2995 1183 ὲν
3023 1132 3090 1199 τῇ
3131 1130 3282 1200 μάχῃ
3307 1131 3648 1202 κομίσασθαι

2062 1219 2342 1282 αἰτοῦντος
2373 1219 2467 1273 ἐπὶ
2493 1220 2714 1291 λύτροις
2741 1222 2852 1283 τοίς
2877 1223 3084 1291 ἀμφοῖν
3112 1222 3498 1292 συναρὲσουσι,
3520 1225 3647 1295 διη-

2063 1312 2274 1381 πορήθη
2318 1312 2407 1365 ὅτε
2449 1312 2524 1381 μὴ
2560 1312 2655 1365 καὶ
2691 1313 2824 1383 περὶ
2863 1312 3093 1383 εἰρήνης
3141 1313 3477 1383 πρεσϐεύειν
3512 1316 3644 1385 ἔφη.

2063 1403 2158 1453 καὶ
2201 1402 2309 1473 ἰδῗᾳ
2363 1404 2503 1469 μετά
2548 1403 2659 1455 τῶν
2709 1404 2881 1471 φίλων
2940 1404 3286 1470 ἐϐουλεύετο,
3330 1406 3408 1468 ὡς
3434 1406 3644 1471 εἰώοιι,

2066 1496 2194 1561 περί
2232 1493 2330 1562 τῆς
2360 1494 2470 1546 τῶν
2500 1494 2866 1563 αἰχμαλώτων
2900 1495 3236 1560 ἀποδόσεως,
3267 1497 3362 1549 καὶ
3390 1499 3517 1568 περὶ
3545 1496 3643 1549 τοῦ

2065 1583 2329 1653 πολέμου,
2386 1586 2480 1638 καὶ
2528 1586 2681 1648 ὅπως
2708 1586 2900 1638 τοῦτον
2936 1587 3403 1657 μεταχειρίζεται.
3446 1589 3507 1639 '0
3540 1589 3643 1657 μὲν

2062 1675 2157 1729 οὖν
2207 1677 2431 1742 Μίλων,
2495 1678 2635 1745 μήτε
2698 1679 2826 1741 τοὺς
2880 1678 3263 1748 αἰχμαλώτους
3318 1679 3641 1738 ἀποδόσθαι.

385 1779 568 1832 exteri
596 1786 653 1831 et
695 1778 811 1848 ipse
843 1778 1088 1848 Pyrrhus
1121 1779 1352 1841 assensi,
1389 1779 1581 1847 legatis
1626 1780 1909 1834 accersitis
1943 1797 1956 1838 :

2067 1768 2205 1835 μήτε
2237 1767 2569 1821 σπείσασθαι
2615 1767 3028 1832 συνεϐούλευεν,
3065 1768 3181 1821 ἀλλ’
3225 1770 3327 1839 ἤδη
3356 1770 3465 1824 τῶν
3499 1772 3639 1824 Ῥω-

386 1870 565 1940 Neque
594 1873 759 1939 prius,
792 1870 991 1939 inquit,
1028 1869 1274 1933 Romani,
1321 1886 1436 1923 mea
1463 1882 1646 1939 sponte
1679 1870 1817 1923 vobis
1853 1869 1957 1923 bel-

386 1965 495 2019 lum
529 1967 705 2032 intuli,
733 1981 900 2036 neque
933 1981 1069 2018 nunc
1093 1966 1348 2035 inferam.
1390 1965 1601 2019 Amicus
1630 1967 1764 2019 enim
1788 1974 1959 2019 vester

385 2076 494 2113 esse
514 2060 684 2128 cupio.
721 2058 913 2128 Itaque
944 2059 1176 2127 captiuos
1210 2062 1378 2129 gratis
1409 2063 1550 2113 vobis
1591 2061 1772 2127 reddo,
1822 2071 1872 2115 et
1900 2068 1957 2113 ut

384 2164 565 2217 pacem
597 2164 796 2202 mecum
830 2149 1041 2218 faciatis
1068 2157 1205 2217 peto.
1239 2148 1364 2202 llaec
1393 2165 1516 2203 cum
1552 2149 1746 2218 legatis
1775 2149 1956 2203 omni-

385 2240 490 2295 bus
528 2238 773 2304 dixisset,
824 2249 880 2294 et
916 2239 1207 2309 pecuniam
1248 2240 1447 2309 partim
1492 2240 1656 2312 37h
1691 2240 1954 2306 dedisset,

386 2330 585 2400 partim
605 2330 971 2400 promisisset,
991 2346 1117 2385 cum
1147 2331 1398 2386 Fabricio
1418 2334 1648 2387 seorsim
1667 2333 1770 2387 hoc
1794 2332 1957 2388 modo

382 2425 495 2492 egit
518 2421 680 2479 :Cum
700 2423 937 2476 omnium
952 2422 1311 2476 Romanorum
1332 2425 1622 2477 amicitiam
1635 2431 1956 2492 expeto,tum

384 2529 506 2566 vero
535 2522 703 2575 tuam,
736 2529 891 2582 quem
917 2513 1088 2566 virum
1118 2515 1310 2566 bonum
1332 2528 1443 2566 esse
1477 2515 1646 2577 video,
1678 2521 1809 2566 etut
1860 2529 1958 2583 ρας

2063 1861 2237 1930 μαίων
2270 1862 2615 1930 ἡττημένων,
2636 1860 2732 1913 καὶ
2755 1860 2826 1912 τὰ
2856 1859 3024 1913 λοιπὰ
3046 1860 3271 1931 πολέμῳ
3296 1878 3640 1931 προσκατερ-

2059 1951 2337 2021 γάσασθαι
2375 1967 2389 1982 ·
2437 1951 2497 2003 Ὀ
2541 1951 2600 2004 δὲ
2653 1951 2890 2014 Κιννέας
2943 1950 3258 2004 τοῦναντίον
3308 1951 3453 2005 ἅπαν
3486 1953 3641 2022 αὑτῷ

2060 2044 2407 2097 συνεϐούλευε
2433 2057 2449 2074 '
2475 2041 2599 2106 τούς
2624 2058 2685 2097 τε
2720 2042 2826 2113 γὰρ
2855 2040 3237 2112 αἰχμαλώτους
3272 2045 3477 2113 προῖκα
3503 2043 3642 2096 ἀπο-

2055 2137 2239 2191 δοῦναι
2268 2135 2502 2206 συνῄνει,
2529 2134 2624 2188 καὶ
2645 2134 2906 2204 πρέσϐεις
2934 2135 3015 2197 εἰς
3044 2133 3264 2204 Ῥώμην
3291 2136 3385 2186 καὶ
3412 2135 3519 2204 χρή
3528 2151 3643 2202 μα-

2056 2247 2125 2282 τα
2156 2228 2370 2298 πέμψαι
2407 2227 2507 2296 τῆς
2558 2227 2782 2297 εἰρήνης
2828 2226 2993 2279 ἕνεκα
3027 2224 3123 2280 καὶ
3166 2225 3429 2279 σπονδῶν.
3461 2221 3539 2279 Οὗ
3568 2229 3638 2296 τῇ

2056 2320 2251 2390 γνώμῃ
2306 2318 2401 2372 καὶ
2435 2320 2485 2371 οἰ
2515 2318 2694 2371 λοιποὶ
2718 2318 3064 2372 συνετίθεντο
3095 2333 3111 2349 ο
3150 2317 3295 2372 οὓτω
3320 2318 3375 2371 δὲ
3422 2319 3642 2388 φρονῶν

2057 2411 2150 2463 καὶ
2178 2414 2206 2464 ὁ
2230 2412 2443 2481 Πύρῤος
2472 2408 2758 2480 ἐτύγχανε.
2792 2410 3045 2473 Καλέσας
3076 2405 3172 2464 οὖν
3198 2412 3326 2474 τοὺς
3350 2426 3407 2477 π⁸
3430 2409 3640 2473 έσϐειςο

2060 2503 2207 2555 Οὔτε
2245 2501 2470 2569 πρώην,
2514 2495 2563 2554 ὧ
2600 2499 2894 2570 Ῥωμαῖοι,
2931 2500 3060 2572 ἔφη,
3084 2500 3241 2554 ἑκὼν
3266 2499 3639 2571 opis-exau-

385 2619 495 2657 cem
524 2605 651 2657 mihi
679 2602 928 2671 conﬁcias
956 2610 1093 2673 peto.
1125 2604 1250 2658 Haec
1278 2618 1405 2658 cum
1438 2605 1667 2664 diceret.
1725 2619 1955 2658 munera

2057 2611 2240 2664 μησα,
2298 2593 2437 2647 οὕτε
2468 2596 2586 2647 νῦν
2632 2593 3042 2664 πολεμήσαιμι
3065 2611 3079 2625 ·
3114 2595 3297 2665 φίλος
3334 2592 3444 2664 τὰρ
3491 2594 3640 2664 ὑμῖν

387 2708 609 2763 quoque
638 2695 805 2748 multa
833 2694 882 2749 ei
915 2694 1140 2749 obtulit.
1174 2694 1242 2749 At
1270 2696 1395 2749 ille:
1427 2695 1600 2760 Pacis,
1626 2696 1824 2764 inquit,
1852 2707 1957 2749 stu-

385 2782 529 2835 dium
556 2783 609 2835 in
642 2792 707 2847 te,
736 2781 960 2852 Pyrrhe.
999 2782 1179 2848 laudo,
1229 2793 1279 2836 et
1316 2799 1519 2852 pacem,
1545 2784 1697 2837 modo
1722 2801 1783 2837 ea
1814 2784 1956 2837 nobis

386 2873 574 2941 prosit,
592 2874 683 2926 tibi
714 2872 993 2940 conﬁciam
1024 2891 1042 2928 :
1078 2891 1245 2945 neque
1290 2877 1429 2929 enim
1492 2876 1781 2944 postulabis
1836 2890 1954 2927 cum

386 2978 467 3015 me
492 2962 683 3016 bonum
716 2964 883 3016 virum
908 2979 1018 3017 esse
1045 2966 1209 3029 dicas,
1247 2974 1303 3017 ut
1330 2965 1534 3035 aliquid
1563 2981 1720 3033 agant
1770 2975 1953 3018 contra

384 3055 639 3124 patriam.
675 3052 778 3108 Sed
804 3055 936 3109 nihil
962 3071 1236 3108 munerum
1262 3054 1478 3109 illorum
1505 3072 1622 3125 qua:
1643 3057 1951 3125 minio/fers,

386 3146 663 3215 accipiam.
690 3144 960 3215 Numquid
1000 3147 1139 3200 enim
1174 3162 1257 3199 me
1276 3162 1394 3201 uere
1424 3148 1613 3199 bonum
1646 3148 1814 3200 virum
1846 3163 1955 3201 esse

386 3250 580 3298 censes,
613 3251 681 3286 an
710 3250 812 3287 non
837 3237 861 3289 ?
889 3234 1027 3289 Nam
1084 3238 1131 3290 si
1187 3235 1358 3290 malus
1397 3253 1534 3300 sum,
1594 3255 1687 3291 cur
1731 3255 1953 3292 munera

387 3326 513 3379 mihi
545 3324 755 3396 largiris
775 3330 801 3380 ἓν
832 3326 927 3381 Sin
971 3328 1155 3395 bonus,
1188 3345 1281 3381 cur
1312 3345 1371 3382 ea
1402 3346 1482 3383 me
1515 3330 1747 3398 accipere
1766 3329 1957 3397 jubes?

386 3420 526 3476 Scito
549 3428 725 3474 autem
765 3437 846 3475 me
881 3423 1155 3476 abundare
1188 3424 1392 3490 opibus,
1426 3433 1565 3476 sorte
1593 3438 1707 3476 mea
1742 3433 1954 3477 conten-

386 3529 516 3576 .um,
542 3528 705 3582 neque
735 3511 892 3581 plura
923 3512 1326 3567 desiderantem.
1358 3511 1428 3566 Te
1456 3528 1597 3577 vero,
1629 3515 1725 3566 etsi
1762 3512 1957 3566 ditissi-

387 3621 501 3659 mus
529 3619 603 3669 es,
627 3614 864 3659 extrema
888 3605 1069 3675 inopia
1100 3604 1361 3659 laborare.
1387 3604 1522 3679 Nam
1569 3620 1733 3674 neque
1774 3604 1952 3675 Epiro,

386 3713 552 3767 neque
573 3698 773 3752 cteteris
805 3713 922 3767 quae
964 3697 1123 3751 habes
1151 3696 1346 3751 relictis
1376 3698 1474 3750 huc
1505 3698 1798 3767 trajecisses
1831 3713 1849 3750 .'
1883 3699 1953 3764 si,

383 3787 488 3842 illis
518 3797 812 3852 contentus,
845 3786 1001 3857 plura
1044 3804 1147 3841 non
1209 3788 1551 3841 desiderares.
1619 3787 1714 3840 His
1768 3787 1952 3851 dictis,

383 3881 545 3952 legati
584 3881 815 3952 captivis
846 3883 1082 3951 receptis
1136 3881 1415 3936 abierunt.
1473 3880 1713 3951 Pyrrhus
1772 3893 1954 3937 autem

387 3970 624 4042 Cyncam
664 3987 788 4026 cum
816 3972 991 4027 multo
1025 3988 1162 4026 auro
1192 3979 1248 4026 et
1283 3973 1621 4026 ornamentis
1677 3972 1958 4027 muliebri-

388 4062 491 4117 bus
516 4061 694 4116 oninis
725 4062 943 4132 generis
970 4061 1200 4117 Romam
1251 4062 1402 4116 misit
1430 4079 1445 4127 ;
1477 4069 1538 4115 ut
1565 4062 1669 4116 etsi
1719 4078 1785 4116 ex
1825 4062 1957 4117 viris

385 4151 552 4221 aliqui
594 4151 1037 4217 adversarentur,
1067 4161 1124 4206 at
1150 4168 1346 4208 uxores
1393 4167 1583 4207 eorum
1624 4153 1957 4208 ornamentis

384 4240 577 4296 illectae
607 4241 755 4296 viros
783 4242 950 4296 etiam
992 4250 1439 4311 corrumperent.
1479 4240 1707 4295 Romam
1775 4241 1958 4310 prol’e-

388 4340 477 4386 tus
505 4331 737 4403 Cyneas,
767 4346 878 4387 non
927 4331 1111 4387 statim
1165 4341 1415 4387 senatum
1470 4332 1626 4396 adiit,
1678 4332 1776 4386 sed
1825 4332 1959 4386 alias

2057 2688 2331 2767 τενέσίζαι
2349 2686 2722 2753 ,βεϐούλημαι
2741 2699 2758 2718 ο
2790 2684 2884 2739 διὸ
2915 2684 3014 2739 καί
3047 2686 3191 2752 τοὺς
3222 2686 3640 2755 αἰχμαλώτους

2053 2778 2196 2848 ὑμῖν
2224 2777 2373 2832 ἄνευ
2397 2778 2634 2844 λύτρων
2655 2777 2891 2846 ἀφίημι,
2921 2777 3019 2830 καί
3045 2778 3417 2833 σπείσασθαι
3458 2775 3631 2841 ἀξιῶ.

2057 2870 2240 2925 Ταῦτα
2277 2870 2376 2941 μὲν
2404 2871 2568 2923 πᾶσιν
2597 2869 2812 2939 εἰρήκει
2856 2871 2971 2932 τοῖς
3022 2868 3311 2939 πρέσϐεσι,
3374 2869 3470 2922 καὶ
3496 2871 3636 2940 χρήε-

2058 2980 2204 3033 ματα
2234 2965 2385 3031 σφίσι
2413 2961 2482 3015 τὰ
2505 2961 2602 3032 μὲν
2626 2960 2848 3025 δέδωκε,
2873 2961 2942 3014 τὰ
2960 2960 3016 3014 δὲ
3046 2961 3412 3031 ἐπηγγείλατο
3435 2978 3452 2993 ·
3474 2961 3553 3032 τῷ
3576 2961 3637 3013 δὶ

2056 3055 2332 3125 Φαϐρικίῳ
2379 3056 2516 3107 κατὰ
2569 3053 2736 3122 μόνας
2792 3051 3133 3122 διαλεχθεὶς,
3182 3053 3384 3118 Φίλος,
3452 3047 3633 3116 εἶπεν,

2056 3146 2246 3214 ἡδέως
2274 3147 2368 3199 καί
2402 3146 2594 3201 πᾶσιν
2630 3144 2707 3198 ἂν
2748 3145 3059 3213 Ῥωμαίοις
3106 3144 3415 3214 γενοίμην,
3454 3143 3633 3210 μάλι-

2056 3255 2172 3293 στα
2206 3240 2275 3292 δὲ
2301 3239 2423 3295 σοί.
2470 3237 2611 3306 Ὀρῶ
2629 3238 2740 3308 γάρ
2773 3254 2849 3293 σε
2881 3236 3107 3308 ἀγαθὸν
3149 3236 3361 3304 ἄνδρα,
3388 3236 3487 3291 καί
3517 3237 3637 3303 τὴν

2055 3332 2300 3401 εἰρήνην
2347 3330 2700 3400 συμπρᾶξαί
2746 3348 2848 3399 μοι
2872 3328 3042 3394 ἀξιῶ.
3095 3328 3280 3382 Ταῦτα
3311 3327 3506 3397 λέγων,
3539 3330 3637 3382 καὶ

2055 3423 2204 3491 δῶρα
2236 3421 2384 3491 αὐτῷ
2412 3422 2581 3476 πολλὰ
2605 3420 2799 3474 ἐδίδου.
2844 3420 2903 3474 '0
2923 3420 3001 3484 δὲ,
3040 3419 3299 3475 Ἐπαινῶ
3330 3436 3427 3484 σε,
3450 3415 3634 3487 εἶπεν,

2053 3510 2101 3570 ὦ
2124 3516 2334 3584 Πύρῤε,
2367 3513 2455 3567 ὅτι
2481 3513 2590 3582 τῆς
2620 3512 2869 3583 εἰρήνης
2915 3512 3247 3582 ἐπιθυμεῖς,
3284 3514 3381 3566 καί
3402 3528 3503 3565 σοι
3527 3514 3640 3565 αὑ·-

2054 3606 2190 3674 τὴν,
2223 3606 2300 3659 ἄν
2333 3620 2400 3675 γε
2455 3603 2733 3674 συμφέρῃ
2792 3604 2959 3673 ἡμῖν,
3018 3602 3490 3672 καταπράξομαι.
3547 3605 3636 3657 Οὐ

2055 3700 2166 3770 γὰρ
2194 3696 2343 3753 κατὰ
2370 3696 2482 3766 τῆς
2508 3696 2793 3764 πατρίδος
2828 3713 2885 3749 τι
2909 3694 3132 3764 πρᾶξαί
3150 3711 3247 3764 με,
3276 3696 3524 3764 ἀγαθὸν,
3551 3696 3636 3758 ὠς

2054 3784 2200 3854 φὴς.
2234 3783 2424 3852 ἄνδρα
2448 3782 2615 3845 ὄντα,
2648 3781 2951 3850 ἀξιώσεις.
3019 3784 3175 3838 Ἀλλ’
3222 3783 3366 3838 οὐδὲ
3403 3784 3638 3838 τούτων

2053 3870 2140 3929 ὧν
2174 3876 2353 3942 δίδως
2380 3893 2435 3929 τι
2473 3875 2709 3945 λάϐοιμι
2760 3875 2857 3930 ἄν.
2908 3875 3294 3944 Πυνθὰνομαι
3328 3877 3441 3945 γάρ
3489 3891 3634 3940 σου,

2055 3968 2307 4035 πότερον
2330 3967 2654 4036 ἐλλόγιμόν
2679 3983 2757 4035 με
2771 3967 2852 4032 ὡς
2871 3964 3113 4035 άληθῶς
3143 3965 3400 4035 νομίζεις
3417 3967 3629 4034 ἄνδρα,

2054 4059 2093 4126 ἢ
2130 4059 2220 4113 οὔ.
2271 4061 2340 4112 El
2390 4060 2507 4126 μὲν
2553 4057 2664 4127 τὰρ
2722 4059 2958 4127 φαῦλός
2989 4060 3126 4126 εἰμι,
3166 4058 3296 4123 πῶς
3317 4074 3396 4127 με
3427 4058 3636 4126 δώρων

2055 4149 2230 4213 ἄξιον
2282 4153 2547 4217 κρίνεις;
2611 4152 2665 4203 εἰ
2711 4148 2781 4202 δὲ
2817 4149 3104 4217 χρηστὸς,
3156 4148 3284 4213 πῶς
3327 4149 3635 4217 μελαϐεῖν

2055 4240 2207 4295 αὐτὰ
2254 4241 2557 4307 ueletiam;
2612 4242 2771 4296 Ἵσθι
2823 4240 2994 4308 γοῦν,
3034 4240 3115 4306 ὡς
3166 4239 3282 4308 ἐγὼ
3319 4242 3417 4294 καί
3467 4240 3632 4295 πάνυ

2056 4332 2259 4385 πολλὰ
2313 4330 2430 4399 ἔχω
2454 4369 2470 4393 .
2517 4331 2641 4398 τοῖς
2710 4331 3012 4401 παροῦσιν
3072 4332 3447 4400 ἀρκούμενος
3470 4371 3487 4395 ,
3530 4331 3632 4385 καί

385 4421 536 4476 aliud
560 4420 840 4477 causando
867 4429 1136 4485 moratus,
1175 4427 1463 4490 potentum
1485 4421 1630 4475 ades
1658 4419 1953 4481 circumiit,

2062 4424 2359 4477 πλειόνων
2387 4424 2459 4478 οὐ
2497 4423 2743 4492 δέομαι*
2767 4423 2850 4477 σὺ
2879 4422 2931 4475 δ’
2963 4426 3016 4477 εἰ
3041 4423 3140 4480 καί
3171 4423 3410 4492 σφόδρα
3444 4426 3637 4476 πλου-

385 4527 590 4581 cosque
609 4520 666 4566 et
690 4511 874 4568 verbis
900 4522 955 4566 et
975 4512 1298 4567 muneribus
1321 4510 1426 4566 sibi
1449 4510 1780 4567 conciliavit.
1816 4508 1953 4565 Cum

382 4603 492 4672 jam
552 4602 755 4657 multos
806 4602 912 4657 sibi
971 4603 1329 4668 devinxisset,
1385 4601 1592 4659 curiam
1651 4602 1953 4671 ingressus,

387 4692 526 4747 dixit
560 4678 575 4747 ἰ
613 4690 849 4762 Pyrrhus
870 4708 962 4746 res:
981 4709 1035 4746 se
1071 4694 1270 4746 venisse
1299 4693 1397 4757 ait,
1434 4708 1538 4745 non
1559 4699 1615 4744 ut
1648 4690 1842 4744 bellum
1867 4705 1958 4744 oo-

387 4780 581 4833 biscum
610 4790 831 4850 gereret,
858 4780 948 4835 sed
970 4790 1027 4834 ut
1061 4780 1369 4835 Tarentinos
1399 4780 1763 4851 supplicessibi
1791 4781 1956 4849 factos

387 4872 769 4926 reconciliaret.
798 4871 1066 4928 Prteterea
1096 4874 1326 4941 captivos
1362 4876 1474 4929 sine
1504 4875 1671 4940 pretio
1701 4874 1840 4928 vobis
1875 4889 1957 4927 re-

384 4964 596 5017 stituit:
629 4973 826 5018 etcum
885 4981 1075 5036 agrum
1112 4975 1339 5021 oestrum
1395 4973 1627 5028 vastare,
1678 4973 1727 5017 et
1778 4964 1957 5018 urbem

386 5072 689 5126 oppugnare
722 5059 989 5126 potuisset,
1012 5074 1066 5112 se
1086 5060 1139 5112 in
1165 5075 1443 5113 numerum
1473 5060 1761 5112 amicorum
1791 5066 1840 5110 et
1861 5060 1958 5126 ίεο-

384 5149 586 5200 eiorum
619 5159 908 5202 vestrorum
935 5149 1148 5203 inscribi
1194 5149 1345 5219 petit.
1411 5148 1535 5203 Jam
1576 5149 1810 5219 quamvis
1859 5147 1959 5201 sibi

384 5255 471 5293 vos
504 5238 727 5292 multum
755 5239 1176 5293 commodaturos
1202 5239 1387 5304 credit,
1421 5239 1577 5311 plura
1601 5254 1656 5291 se
1686 5247 1861 5292 tamen
1908 5254 1957 5301 eg

387 5331 596 5400 majora
627 5333 681 5385 in
705 5347 791 5385 vos
823 5330 1075 5398 beneﬁcia
1102 5329 1487 5384 collocaturum
1514 5331 1803 5384 existimat.
1835 5327 1958 5383 Haec

385 5438 509 5476 cuin
568 5437 820 5477 maximae
876 5431 1196 5477 senatorum
1236 5421 1377 5491 parti
1412 5420 1483 5475 ob
1521 5421 1839 5489 largitiones
1902 5428 1959 5473 et

389 5517 633 5586 captivos
659 5515 908 5571 redditos
934 5515 1237 5586 placerent,
1282 5523 1461 5569 tamen
1510 5514 1663 5568 nullo
1692 5525 1957 5582 responso

389 5608 537 5673 dato,
577 5612 766 5679 piures
802 5606 923 5664 dies
963 5609 1020 5661 in
1049 5605 1408 5662 deliberando
1448 5611 1907 5673 consumpserunt.
1939 5618 1954 5667 ;

389 5712 624 5768 cumque
656 5698 819 5771 _varla
883 5697 1221 5766 dicerentur,
1274 5697 1546 5753 sententia
1593 5695 1659 5751 de
1698 5708 1832 5767 pace
1880 5692 1957 5747 ta-

2056 4514 2197 4582 τεῖς,
2221 4515 2291 4569 ἐν
2324 4516 2501 4584 πενίᾳ
2521 4516 2705 4585 μυρίᾳ
2728 4514 3126 4584 καθέστηκας.
3153 4518 3237 4571 Οὐ
3256 4516 3367 4587 γὰρ
3385 4514 3463 4569 ἂν
3488 4516 3634 4569 οὔτε

2054 4607 2173 4674 τὴν
2206 4610 2511 4675 Ἤπειρον,
2544 4607 2682 4661 οὔτε
2708 4607 2780 4661 τὰ
2803 4607 2964 4661 ἄλλα
2993 4606 3031 4662 d
3064 4608 3228 4675 ἔχεις
3254 4606 3630 4673 καταλιπὼν,

2056 4697 2233 4767 δεῦρο
2256 4699 2638 4767 ἐπεραιώθης,
2695 4698 2821 4767 εἴγε
2869 4697 3127 4762 ἐκείνοις
3152 4696 3366 4765 ἠρκοιλ
3420 4697 3521 4749 καὶ
3541 4695 3633 4765 μὴ

2056 4792 2353 4843 πλειόνων
2372 4788 2616 4859 ὠρέγον-
2646 4787 2867 4842 Τούτων
2886 4789 3029 4843 οὕτω
3043 4787 3368 4858 λεχθέντων,
3392 4789 3442 4840 οἰ
3492 4788 3602 4855 πρέ
3615 4814 3636 4827 ο

2059 4879 2208 4942 σϐεις
2233 4880 2360 4942 τοὺς
2405 4877 2789 4948 αἰχμαλώτους
2844 4876 3100 4940 λαϐόντες
3131 4875 3400 4947 ἀπῄεσαν.
3466 4876 3574 4928 Καὶ
3603 4877 3635 4927 ὁ

2058 4970 2270 5042 Πύρῥος
2304 4970 2396 5023 τὸν
2419 4968 2649 5023 Κιννέαν
2674 4971 2754 5033 εἰς
2779 4971 2878 5040 τὴν
2911 4967 3131 5039 Ῥώμην
3175 4966 3464 5021 ἀπέστειλε
3492 4966 3634 5034 μετὰ

2061 5061 2288 5133 χρυσίου
2316 5058 2536 5126 πολλοῦ,
2561 5061 2658 5115 καὶ
2691 5061 2898 5130 κόσμου
2923 5059 3239 5128 γυναικείου
3262 5057 3631 5124 παντοδαποῦ,

2059 5155 2167 5220 ἵνα,
2199 5154 2247 5206 εἰ
2267 5154 2361 5207 καί
2400 5169 2551 5216 τινες
2577 5152 2687 5207 τῶν
2714 5152 2924 5223 ἀνδρῶν
2954 5153 3280 5222 ἀντίσχοιεν,
3310 5151 3425 5207 ἀλλ’
3453 5152 3514 5205 αἰ
3537 5168 3637 5219 γυ-

2057 5246 2242 5305 ναῖκες
2260 5242 2463 5308 αὐτῶν,
2493 5245 2604 5304 τοῖς
2638 5242 2864 5311 κόσμοις
2884 5242 3316 5307 ἁναπεισθεῖσαι,
3345 5243 3634 5308 κάκείνους

2059 5334 2565 5403 συνδιαφθείρωσιν.
2592 5332 2798 5386 Ἐλθὼν
2845 5333 2901 5386 δὲ
2931 5333 3065 5404 πρὸς
3094 5333 3190 5404 τὴν
3245 5334 3402 5387 πόλιν
3433 5336 3464 5387 ὁ
3494 5336 3634 5389 Κιν-

2058 5424 2201 5491 νέας,
2232 5424 2293 5477 ού
2320 5423 2550 5495 προσῄει
2602 5427 2668 5494 τῇ
2721 5424 3005 5495 γερουσίᾳ,
3055 5424 3195 5477 ἀλλὰ
3221 5425 3411 5494 διῆγεν
3439 5426 3632 5480 ἄλλοτε

2057 5517 2225 5585 ἄλλην
2255 5515 2433 5569 αἰτίαν
2463 5514 2861 5584 σκηπτόμενος.
2922 5514 3266 5586 Περιφοιτῶν
3296 5517 3353 5568 δὲ
3389 5517 3485 5569 καὶ
3529 5516 3630 5578 τὰς

2056 5608 2166 5661 τῶν
2190 5606 2433 5660 δυνατῶν
2463 5606 2664 5668 οἰκίας,
2685 5605 2862 5674 λόγοις
2889 5623 2946 5659 τε
2978 5608 3120 5674 σφᾶς
3151 5609 3245 5659 καί
3274 5607 3467 5676 δώροις
3528 5607 3628 5658 ὑπ-

2058 5695 2245 5764 ήγετο·
2271 5692 2365 5744 καὶ
2411 5692 2598 5763 ἐπειδὴ
2644 5692 2871 5756 πολλοὺς
2898 5693 3230 5763 ᾠκειώσατ),
3268 5693 3517 5764 εἰσῆλθεν
3548 5696 3631 5756 εἰς
