4042 6200
354 160 465 221 ms

1582 166 1987 228 ANNAIJUM
2026 168 2172 230 LIB.
2216 164 2381 229 VIII.

3511 171 3620 236 646

353 272 417 323 τὸ
466 269 761 341 συνέδριον,
806 272 903 323 καὶ
963 261 1140 333 εἶπεν,
1182 270 1257 335 ὡς
1307 271 1538 340 Πύῤῥος
1581 275 1940 341 ὀβασιλεὺς

2045 274 2238 330 cienda
2265 273 2417 328 vicit.
2454 272 2575 339 Quo
2609 273 2818 342 Appius
2841 288 3018 329 caecus
3056 274 3296 345 cognito,
3352 276 3408 330 in
3457 293 3621 335 sena-

355 363 763 430 ἀπολογεῖται,
806 361 897 415 ὅτι
945 365 1057 431 οὐχ
1086 365 1164 428 ὡς
1206 364 1571 434 πολεμήσων
1596 365 1741 434 ὑμῖν
1765 362 1935 435 ἧκεν,

354 454 496 507 ἀλλ’
520 454 602 518 ὠς
625 452 1027 518 καταλλὰξων
1064 456 1464 522 Ταραντίνους
1491 458 1681 510 αὐτὸν
1710 456 1939 511 ἱκετεύ-

356 560 574 610 οντας’
619 545 829 614 ἀμέλει
865 546 964 600 καὶ
1003 547 1147 613 τοὺς
1190 547 1452 613 ἁλόντας
1485 547 1653 617 ὑμῶν
1706 549 1943 617 λύτρων

355 640 595 709 ἀφῆκεν
623 639 762 708 ἄτερ
792 654 809 670 ·
847 638 944 693 καὶ
984 639 1324 707 δυνάμενος
1355 638 1662 707 πορθῆσαι
1691 640 1806 707 τὴν
1828 638 1942 709 χώ-

356 749 490 799 ραν,
518 731 616 783 καί
647 730 723 798 τῇ
757 729 933 784 πόλει
959 730 1354 798 προσϐαλεῖν,
1383 729 1542 793 ἀξιοῖ
1571 728 1691 796 τοῖς
1741 729 1942 798 φίλοις

357 824 457 875 καὶ
479 821 603 887 τοῖς
635 820 974 891 συμμάχοις
1003 821 1171 889 ὑμῶν
1192 819 1581 891 ἐγγραφῆναι,
1604 819 1805 875 πολλὰ
1826 821 1944 890 μὲν

354 912 782 981 ὠφελήσεσθαι
813 912 915 980 ἀφ’
946 910 1115 982 ὑμῶν
1141 911 1417 977 ἐλπίζων,
1446 912 1634 966 πλείω
1658 912 1711 964 δ’
1733 912 1820 966 ἔτι
1845 909 1943 966 καί

350 1004 528 1073 μείζω
549 1003 973 1074 εὐεργετήσειν
1002 1004 1182 1072 ὑμᾶς.
1260 1004 1385 1058 Ἐπὶ
1412 1004 1622 1067 τούτοις
1647 1005 1697 1056 oi
1727 1001 1944 1067 πλείους

356 1096 468 1150 τῶν
494 1094 801 1166 βουλευτῶν
830 1096 1130 1167 ἠρέσκοντο
1157 1095 1246 1149 διά
1275 1098 1343 1149 τά
1371 1096 1542 1167 δῶρα,
1567 1095 1665 1149 καὶ
1695 1094 1785 1149 διὰ
1815 1097 1943 1159 τοὺς

356 1186 763 1257 αἰχμαλώτους,
796 1187 857 1239 οὐ
878 1187 1065 1257 μέντοι
1085 1187 1179 1241 καὶ
1204 1187 1571 1258 ἀπεκρίναντο
1595 1205 1609 1218 ·
1640 1187 1756 1242 ἀλλ’
1785 1189 1943 1241 ἐσκόο

357 1296 495 1332 πουν
514 1278 598 1332 ἐτι
627 1278 847 1343 πλείους
876 1278 1092 1350 ἡμέρας
1120 1279 1149 1332 ὅ
1174 1296 1225 1333 τι
1251 1278 1361 1351 χρή
1383 1281 1587 1351 πρᾶξαι
1608 1296 1623 1312 θ
1653 1282 1747 1334 καὶ
1772 1280 1943 1335 πολλά

358 1369 462 1438 μὲν
484 1369 725 1437 ἐλέγετο,
757 1368 1051 1440 ἐπεκράτει
1080 1369 1129 1422 δ’
1154 1370 1307 1439 ὅμως
1340 1369 1685 1423 σπείσασθαι.
1731 1367 1942 1423 Μαθὼν

356 1462 413 1516 δὲ
444 1462 605 1514 τοῦτο
642 1462 885 1524 ’Ἄππιος
911 1461 940 1512 6
961 1461 1182 1530 τυφλὸς,
1213 1460 1482 1531 ἐκομίσθη
1505 1461 1596 1515 ἐπὶ
1631 1462 1692 1515 τὸ
1714 1460 1941 1531 βουλευ-

354 1552 550 1621 τήριον
579 1548 725 1622 (ὑπὸ
757 1549 865 1622 γὰρ
895 1548 989 1602 τοῦ
1017 1551 1224 1620 γήρους
1271 1550 1363 1603 καὶ
1391 1547 1484 1602 τοῦ
1520 1550 1725 1613 πάθους
1757 1553 1941 1604 οίκου-

360 1607 474 1713 ρέίν
501 1607 630 1713 ἦνδ,
662 1607 922 1694 καὶ-είπε
948 1607 1356 1714 μὴ’συμφέρειν
1379 1642 1479 1705 τὰς
1505 1643 1641 1713 πρὸς
1675 1607 1766 1698 τδν
1792 1643 1939 1716 Πύρ·
1969 1607 2018 1668 Β

359 1738 458 1806 ρον
483 1734 788 1803 συμϐάσεις
814 1738 882 1804 τῇ
916 1734 1184 1806 πολιτείᾳ.
1218 1733 1499 1806 Παρῄνεσε
1521 1734 1597 1799 δέ,
1624 1735 1717 1789 καὶ
1741 1736 1941 1790 αὐτίκα

2046 374 2162 421 tum
2196 365 2433 429 delatus,
2481 365 2630 433 (nam
2681 365 2752 419 ob
2804 374 3018 421 aetatem
3084 375 3141 420 et
3212 366 3424 422 cladem
3488 384 3624 424 oeu-

2041 459 2221 514 lorum
2280 457 2425 512 domi
2487 472 2547 512 se
2596 456 2883 513 continere
2928 457 3161 526 solebat)
3202 459 3423 529 negavit
3452 476 3482 512 e
3534 476 3622 515 re-

2041 549 2264 620 publica
2292 561 2419 602 esse
2452 556 2511 601 ut
2559 563 2665 618 pax
2715 563 2839 602 cum
2864 548 3074 619 Pyrrho
3104 547 3280 612 ﬁeret,
3329 557 3386 603 et
3415 550 3628 604 monuit

2041 638 2278 711 Cyneam
2321 638 2508 695 statim
2551 639 2687 693 urbe
2721 639 3036 709 pellendum
3078 655 3348 710 esse,per
3384 655 3627 710 eumque

2044 730 2257 801 Pyrrho
2304 730 2728 802 signiﬁcandum
2773 740 2835 785 ut
2879 730 3102 786 domum
3164 746 3438 797 reversus,
3508 732 3627 786 sive

2044 820 2207 891 375
2233 820 2302 875 de
2330 836 2491 893 pace,
2522 820 2639 876 sive
2665 820 2797 891 quid
2832 820 2980 875 aliud
3021 821 3209 885 vellet,
3258 822 3468 893 legatos
3494 822 3625 876 mit-

2046 919 2207 967 teret.
2243 911 2370 966 Haec
2408 911 2585 980 Appio
2615 913 2819 975 locuto,
2850 920 3101 977 senatus,
3142 911 3283 966 nihil
3312 920 3624 976 cunctatus,

2046 1004 2231 1057 statim
2298 1002 2772 1058 consentientibus
2826 1003 3027 1058 animis
3083 1003 3330 1058 decrevit
3384 1002 3624 1074 Cyneain

2044 1093 2240 1148 eodem
2278 1092 2367 1147 die
2412 1102 2567 1147 extra
2637 1092 2774 1147 ﬁnes
2815 1092 3177 1163 ablegandum
3227 1112 3241 1148 :
3287 1103 3344 1149 et
3391 1095 3621 1165 Pyrrho,

2046 1184 2177 1239 dum
2230 1185 2282 1240 in
2327 1184 2479 1239 Italia
2534 1195 2865 1250 versaretur,
2915 1186 3118 1239 bellum
3166 1186 3625 1242 irreconciliabilc

2045 1275 2402 1331 indicendum
2434 1291 2576 1332 esse.
2607 1277 2870 1347 Captivos
2922 1293 3055 1333 vero
3105 1278 3333 1332 militari
3383 1280 3620 1348 quadam

2047 1366 2348 1436 ignominia
2375 1376 2660 1432 notarunt,
2699 1366 2765 1422 iis
2793 1383 2972 1437 neque
3000 1376 3190 1422 contra
3215 1368 3484 1439 Pyrrhum
3512 1371 3620 1434 usi,

2046 1472 2228 1527 neque
2271 1472 2500 1525 usquam
2554 1458 2685 1512 alibi
2731 1458 3026 1524 universis,
3061 1474 3133 1514 ne
3165 1459 3299 1529 quid
3340 1462 3622 1532 conjuncti

2047 1564 2315 1604 novarum
2348 1564 2531 1604 rerum
2563 1550 2908 1616 molirentur,
2948 1550 3046 1605 sed
3081 1551 3219 1606 alios
3248 1550 3304 1605 in
3337 1552 3443 1607 alia
3482 1569 3623 1622 pra:-

2049 1641 2191 1697 sidia
2246 1642 2537 1698 miserunt.
2588 1644 2694 1699 Per
2738 1644 2975 1700 hiemem
3022 1644 3281 1715 utrinque
3315 1660 3373 1701 se
3417 1645 3623 1701 instru-

2047 1745 2265 1793 xerunt.

355 1831 453 1886 τὺν
482 1833 715 1887 Κιννέαν
743 1831 995 1898 ἐξελάσαι
1027 1830 1125 1902 τῆς
1154 1830 1381 1897 πόλεως,
1417 1831 1511 1884 καὶ
1537 1830 1608 1883 δι’
1646 1829 1809 1884 αὐτοῦ
1875 1830 2116 1902 δηλῶσαι
2175 1831 2255 1902 τῷ
2314 1832 2516 1905 Πύρρῳ
2571 1832 2756 1886 οἴκαδε
2780 1814 3470 1905 ἀναχωρήσαντα,ἐκεῖθεν
3503 1837 3624 1889 ἐπι-

357 1928 815 1997 κηρυκεύσασθαι
838 1929 968 1998 περὶ
995 1928 1220 1999 είρήνης
1251 1925 1456 1991 αὐτοῖς,
1480 1926 1514 1996 ἢ
1543 1926 1637 1978 καὶ
1696 1924 1825 1995 περὶ
1856 1912 2076 1995 ’ἐτέρου
2149 1926 2277 1980 ὅτου
2311 1926 2505 1991 δέοιτο.
2571 1927 2760 1982 Ταῦτα
2807 1930 2836 1982 6
2894 1930 3132 1993 Ἀππιος
3181 1931 3620 1989 συνεϐούλευσεν.

369 2018 436 2070 Ἠ
461 2019 520 2071 δὲ
542 2020 806 2090 γερουσία
831 2020 1019 2073 οὐκέτι
1070 2019 1364 2090 ἐμέλησεν,
1416 2017 1533 2071 ἀλλ’
1588 2017 1751 2082 εὐθὺς
1811 2016 2158 2089 ὁμοθυμαδὸν
2224 2018 2559 2091 ἐψηφίσαντο
2610 2021 2923 2093 αὐθημερὸν
2943 2022 3035 2076 τὸν
3081 2023 3316 2078 Κιννέαν
3378 2021 3484 2092 ἔξω
3514 2027 3623 2079 τῶν

357 2115 509 2186 ὅρων
537 2115 840 2187 ἐκπέμψαι,
882 2114 1080 2186 καὶτῷ
1103 2114 1305 2187 Πύρρῳ
1339 2114 1575 2187 πόλεμον
1601 2114 1938 2185 ἀκήρυκτον,
1977 2115 2086 2179 ἕως
2151 2117 2218 2170 ἂν
2246 2117 2305 2169 ἐν
2358 2119 2425 2188 τῇ
2456 2116 2659 2188 Ἰταλίᾳ
2684 2117 2870 2191 διάγῃ,
2896 2118 3250 2188 ποιήσασθαι.
3285 2119 3409 2184 Τοῖς
3447 2119 3493 2173 δ’
3542 2121 3623 2173 al-

359 2209 672 2280 χμαλώτοις
700 2207 924 2280 ἀτιμίαν
945 2210 1067 2264 τινά
1113 2211 1170 2262 ἐν
1198 2211 1321 2273 ταῖς
1351 2211 1661 2280 στρατείαις
1729 2209 2021 2279 ἐπέθεσαν,
2061 2212 2155 2265 καὶ
2204 2211 2328 2265 οὔτε
2380 2212 2517 2282 πρὸς
2570 2213 2661 2266 τὸν
2711 2214 2930 2285 Πύρρον
2953 2214 3138 2277 αὐτοῖς
3185 2215 3267 2269 ἔτι
3295 2216 3619 2294 ἐχρήσαντο,

361 2298 484 2352 οὔτ’
507 2299 701 2354 ἄλλοσέ
734 2318 827 2354 ποι
851 2300 1099 2380 ἀθρόοις,
1135 2301 1221 2354 ἵνα
1254 2302 1329 2372 μή
1365 2318 1421 2353 τι
1459 2299 1595 2370 ὁμοῦ
1620 2301 1774 2364 ὄντες
1799 2301 2221 2371 νεωτερίσωσιν,
2286 2300 2399 2356 ἀλλ’
2462 2301 2660 2366 ἄλλους
2719 2303 2852 2377 ἄλλῃ
2916 2306 3328 2376 φρουρήσοντας
3349 2304 3620 2376 ἔπεμψαν.

372 2390 465 2443 Ἐν
495 2391 593 2461 μὲν
623 2381 719 2444 οὖν
738 2391 814 2460 τῷ
844 2392 1078 2462 χειμῶνι
1126 2390 1603 2461 παρεσκευάζοντο
1633 2393 1822 2462 ἄμφω.

438 2479 514 2535 ιε’.
546 2482 745 2552 Ἔαρος
779 2482 822 2535 δ’
850 2482 951 2553 ήδη
978 2481 1362 2551 ἐφεστηκότος,
1392 2483 1420 2535 6
1450 2482 1668 2554 Πύρῤος
1714 2484 1795 2547 είς
1837 2485 1938 2554 τήν

373 2573 672 2628 Ἀπουλίαν
716 2572 991 2638 ἐνέϐαλλε,
1049 2574 1148 2627 καὶ
1200 2573 1372 2626 πολλὰ
1429 2574 1530 2643 μὲν
1584 2573 1699 2645 βίᾳ,
1766 2575 1936 2630 πολλὰ

359 2663 425 2715 δέ
476 2661 741 2731 ὁμολογίᾳ
797 2662 1263 2732 προσεποιήσατο,
1317 2663 1511 2732 μέχρις
1559 2656 1621 2716 οὗ
1678 2662 1937 2734 Ῥωμαῖοι

364 2753 507 2823 πρὸς
551 2752 828 2823 ’Δσκούλῳ
881 2752 1036 2806 πόλει
1080 2752 1194 2805 δντι
1236 2752 1388 2822 αὐτῷ
1435 2751 1775 2817 ἐπελθόντες,
1808 2755 1939 2809 ἀντ-

2114 2481 2179 2537 ν.
2198 2482 2341 2537 Vere
2354 2480 2593 2536 instante
2618 2481 2889 2553 Pyrrhus,
2911 2482 3275 2554 impressione
3292 2485 3346 2541 in
3364 2487 3617 2557 Apuliam

2041 2568 2205 2634 facta,
2232 2571 2399 2625 multa
2435 2570 2510 2634 vi,
2544 2571 2715 2625 multa
2735 2571 3020 2628 deditione
3056 2576 3350 2644 occupavit
3379 2591 3395 2632 :
3429 2577 3611 2633 donec

2042 2660 2275 2715 Romani
2310 2660 2378 2715 ad
2412 2662 2678 2717 Asculum
2729 2662 2991 2731 Oppidum
3022 2673 3218 2719 contra
3269 2681 3398 2722 eum
3439 2677 3619 2723 castra

2041 2758 2367 2819 posuerunt,
2408 2766 2473 2805 ac
2500 2751 2623 2806 dies
2655 2753 2971 2821 complures
2997 2764 3192 2809 mutuo
3220 2766 3368 2811 metu
3396 2759 3622 2826 quieve-

361 2840 955 2913 εστρατοπεδεύσαντο.
973 2839 1097 2894 Ἐπὶ
1126 2840 1343 2905 πλείους
1360 2841 1403 2894 δ’
1418 2841 1627 2913 ήμέρας
1658 2841 1938 2912 διέτριψαν

2045 2850 2194 2895 runt.
2231 2840 2365 2895 Nam
2400 2842 2634 2896 Romani
2685 2840 2941 2913 Epirotas
2966 2854 3025 2899 ut
3049 2844 3288 2902 victores
3324 2848 3614 2914 timebant,

359 2907 656 2997 ὀκνοῦντες
684 2932 968 3003 ἀλλήλους.
999 2931 1064 2986 Ui
1093 2931 1194 3002 μὲν
1219 2932 1331 3003 γὰρ
1368 2907 1628 3002 Ῥωμαῖοι
1655 2907 1790 2997 τοὺς
1812 2907 1940 3002 προ-

2045 2925 2282 2996 Ερὶτυιω
2317 2927 2595 2986 Romanos
2624 2939 2685 2986 ut
2717 2907 3059 3001 desperatos.
3092 2933 3306 2991 Interea
3326 2951 3449 2991 cum
3477 2907 3621 2993 non;

361 3024 723 3092 νενικηκότας
752 3023 853 3076 οὐκ
890 3022 1183 3094 ἐθάρρουν,
1204 3024 1253 3075 oi
1283 3022 1340 3076 δὲ
1368 3021 1445 3086 ὡς
1473 3024 1939 3094 ἀπονενοημένους

362 3115 640 3170 ἐδεδίεσαν
671 3116 803 3178 τοὺς
847 3113 1185 3185 Ῥωμαίους-⁸
1231 3114 1335 3167 κάν
1379 3116 1556 3185 τούτῳ
1594 3114 1941 3185 λογοποιοῦν-

361 3224 478 3261 των
512 3208 697 3273 τινῶν,
732 3208 817 3261 ὅτι
854 3209 883 3260 6
910 3206 1099 3271 Δέκιος
1124 3204 1405 3260 ἐπιδοῦναι
1444 3206 1636 3263 ἑαυτὸν
1681 3208 1820 3261 κατά
1848 3206 1940 3262 τὸν

361 3300 606 3371 πατέρα,
634 3300 730 3355 καὶ
760 3298 854 3353 τὸν
886 3299 1112 3354 πάππον
1144 3298 1257 3370 (14)
1288 3297 1652 3370 ἐτοιμάζοιτο,
1691 3300 1785 3354 καὶ
1813 3299 1941 3364 τοὺς

2041 3014 2178 3069 nulli
2210 3031 2430 3073 rumore
2455 3033 2672 3088 sparso,
2718 3021 2945 3076 Decium
3000 3024 3066 3077 ad
3107 3021 3487 3080 devovendum
3536 3043 3621 3083 se-

2041 3107 2335 3178 metipsum
2396 3112 2646 3180 exemplo
2701 3114 2875 3182 patris
2923 3123 2980 3170 et
3033 3116 3120 3170 avi
3175 3131 3424 3187 paratum
3474 3135 3619 3182 esse.

2042 3198 2300 3271 Epirotas
2330 3203 2846 3272 perterrefacerent,
2878 3222 2946 3262 ex
2988 3207 3136 3263 illius
3164 3208 3310 3265 enim
3336 3211 3489 3267 obitu
3512 3229 3624 3267 om-

2042 3306 2142 3345 nes
2172 3294 2466 3363 perituros,
2519 3295 2763 3366 Pyrrhus
2791 3311 2921 3354 suos
2947 3298 3151 3354 milites
3198 3299 3449 3357 hortatus
3478 3312 3564 3357 est
3599 3318 3616 3357 :

361 3393 465 3449 τοῦ
495 3392 715 3463 Πύρρου
743 3389 936 3454 δεινῶς
985 3389 1388 3460 ἐκφοϐούντων,
1429 3388 1504 3454 ὡς
1538 3392 1603 3444 ἐκ
1635 3388 1727 3443 τοῦ
1759 3389 1941 3445 θανεῖν

2045 3382 2122 3438 Ne
2154 3387 2515 3455 desperarent,
2549 3396 2640 3440 aut
2672 3387 3082 3456 percellerentur
3108 3390 3619 3459 hujusmodiuerbis.

363 3486 579 3539 ἐκεῖνον
614 3483 834 3547 πάντως
860 3480 1295 3552 ἀπολουμένους,
1326 3481 1605 3551 συνήγαγε
1628 3481 1756 3545 τοὺς
1785 3497 1943 3552 στρα-

2049 3472 2236 3545 Neque
2287 3477 2426 3530 enim
2481 3479 2649 3532 unius
2704 3480 2932 3533 hominis
2978 3479 3120 3533 obitu
3152 3481 3342 3534 multo:
3372 3481 3623 3535 debellari

362 3573 571 3638 τιώτας
612 3575 643 3629 6
691 3573 933 3646 Πύρρος,
975 3572 1072 3626 καὶ
1093 3570 1362 3643 διειλέχθη
1395 3572 1527 3643 περὶ
1552 3570 1763 3636 τούτου,
1805 3587 1944 3642 συμ-

2045 3581 2193 3636 ροεεε
2232 3582 2250 3620 :
2306 3582 2470 3637 neque
2519 3569 2953 3633 inmutationem,
2990 3580 3082 3623 aut
3106 3572 3405 3640 praestigias
3458 3571 3622 3640 ullas,

365 3663 667 3730 ϐουλεύων,
758 3663 907 3731 Μήτ’
967 3663 1241 3733 ἀθυμεῖν,
1293 3661 1433 3733 μήτ’
1503 3663 1944 3733 ἐκπλήττεσθαι

2045 3657 2161 3727 plus
2191 3673 2348 3727 quam
2375 3660 2513 3713 uiros
2540 3669 2588 3713 et
2631 3676 2785 3714 arma
2814 3660 3009 3716 ualere.
3038 3660 3169 3727 Quae
3195 3677 3323 3716 cum
3367 3661 3619 3727 dixisset,

365 3758 660 3820 τοιούτοις
690 3758 898 3825 λόγοις
920 3771 934 3786 ο
968 3754 1124 3825 μήτε
1154 3755 1266 3825 γὰρ
1293 3754 1403 3808 ἕνα
1422 3752 1736 3821 ἄνθρωπον
1762 3754 1944 3809 δύνα.

2045 3755 2102 3803 et
2121 3749 2424 3802 orationem
2446 3763 2600 3803 suam
2633 3750 2940 3805 rationibus
2968 3751 3352 3821 approbasset,
3384 3754 3605 3808 exerci-

366 3849 515 3901 σθαι
540 3844 892 3914 θνήσκοντα
926 3847 1200 3912 πολλοὺς
1239 3843 1781 3915 καταγωνίσασθαι,
1807 3843 1944 3914 μήτ’

2049 3845 2162 3890 tum
2195 3836 2586 3893 conﬁrmavit:
2622 3838 2991 3911 indagatoque
3036 3841 3252 3907 habitu,
3305 3859 3412 3913 quo
3468 3846 3621 3901 Decii

366 3936 616 4003 ἐπῳδὴν
652 3936 690 4005 ἢ
729 3936 1100 4007 μαγγανείαν
1140 3938 1277 3990 τινὰ
1314 3936 1558 4004 κρείττω
1600 3933 1721 3988 τῶν
1743 3936 1944 3989 ὅπλων

2048 3944 2105 3985 se
2134 3929 2501 3995 devovissent,
2534 3933 2767 3995 monuit,
2817 3932 2863 3987 si
2890 3947 3057 4002 quem
3106 3934 3182 3988 ita
3212 3945 3470 3990 ornatum
3502 3953 3624 3993 cer-

366 4028 473 4085 καί
498 4027 618 4083 τῶν
648 4028 887 4098 ἀνδρῶν
922 4028 1220 4098 γενέσθαι.
1257 4026 1424 4081 Ταῦτ’
1454 4024 1647 4092 εἰπὼν,
1675 4027 1771 4080 καὶ
1798 4026 1944 4096 λογι-

2050 4030 2265 4085 nerent,
2319 4035 2389 4075 ne
2438 4036 2563 4076 eum
2618 4021 2958 4089 occiderent,
3021 4023 3115 4078 sed
3150 4024 3425 4081 viventem
3476 4042 3626 4082 com-

369 4122 533 4191 σμοῖς
555 4119 925 4193 ἐπικρατὺνας
953 4120 1077 4183 τοὺς
1107 4118 1302 4188 λόγους
1332 4121 1361 4171 6
1386 4117 1624 4190 Πύρρος,
1649 4117 1711 4171 τὸ
1740 4118 1943 4172 οίκείον

2052 4110 2482 4178 prehenderem.
2513 4111 2680 4166 Decio
2740 4127 2876 4167 vero
2910 4113 3157 4167 nuntiari
3189 4114 3374 4184 jussit,
3412 4115 3626 4173 facinus

366 4214 643 4283 ἐθάρσυνε
693 4213 1049 4285 στράτευμαο
1103 4211 1201 4264 καὶ
1246 4209 1813 4281 πολυπραγμονήσας,
1849 4208 1944 4280 τὴν

2052 4203 2186 4258 illud
2218 4202 2270 4258 ei
2304 4217 2417 4258 non
2465 4219 2845 4260 successurum
2879 4222 2894 4259 :
2932 4206 3055 4260 etsi
3104 4206 3265 4261 vivus
3303 4217 3616 4277 caperetur,

368 4303 571 4373 στολὴν
609 4297 645 4379 ᾖ
685 4304 987 4374 ἐχρήσαντο
1017 4303 1067 4355 oi
1096 4302 1278 4356 Δέκιοι
1323 4299 1650 4363 ἐπιδιδόντες
1695 4299 1944 4365 ἑαυτοὺς,

2053 4295 2193 4350 male
2231 4296 2536 4367 periturum
2560 4311 2683 4351 esse
2710 4297 2950 4352 minatus
2976 4308 3082 4353 est.
3109 4297 3189 4351 Ad
3220 4314 3343 4367 quae
3364 4302 3623 4357 consules

366 4395 717 4466 παρήγγειλε
746 4398 858 4458 τοῖς
885 4394 1128 4461 οἰκείοις,
1154 4395 1221 4449 ἀν
1254 4410 1377 4447 τινα
1402 4391 1577 4453 οὕτως
1607 4391 1944 4462 ἐσκευασμέ-

2054 4387 2476 4456 responderunt,
2513 4389 2664 4443 nulla
2691 4405 2751 4443 re
2781 4388 2875 4444 tali
2895 4388 3000 4444 sibi
3032 4405 3173 4460 opus
3202 4405 3345 4446 esse.
3374 4391 3444 4446 Se
3471 4396 3620 4448 enim

368 4504 464 4541 νον
490 4487 667 4553 ἴδωσι,
704 4485 780 4557 μή
817 4487 1027 4541 κτεῖναι
1061 4485 1243 4551 αὑτὸν,
1279 4484 1413 4539 ἀλλά
1451 4483 1589 4549 ζωδν
1618 4482 1904 4537 συλλαϐεῖν
1927 4497 1944 4514 θ

2052 4478 2257 4551 alioqui
2290 4483 2520 4536 omnino
2583 4482 2899 4551 superiores
2947 4482 3043 4536 illo
3088 4484 3326 4538 futuros.
3381 4484 3452 4538 Et
3500 4500 3624 4541 eum

366 4578 455 4648 τῷ
485 4577 545 4630 δέ
570 4577 744 4648 Δεκίῳ
768 4577 993 4647 πέμψας
1027 4576 1156 4649 ἔφη,
1196 4574 1322 4629 οὔτε
1369 4575 1749 4647 προχωρήσειν
1793 4574 1944 4645 αὐτῷ

2051 4571 2384 4642 profundum
2418 4571 2623 4625 ﬂumen
2669 4581 2848 4625 castra
2881 4571 3122 4627 medium
3168 4572 3474 4638 dirimeret,
3520 4574 3629 4629 sci-

365 4671 536 4723 τοῦτο
586 4669 792 4741 πρᾶξαι
842 4669 1151 4740 θελήσαντι,
1217 4670 1310 4722 καὶ
1354 4667 1709 4738 ζωγρηθέντα
1757 4668 1943 4733 κακῶς

2050 4661 2230 4718 scitati
2247 4668 2395 4724 sunt,
2431 4671 2612 4715 utrum
2632 4659 2748 4730 ipse
2778 4660 3002 4732 impune
3033 4662 3292 4727 transire,
3329 4678 3387 4719 se
3410 4664 3624 4734 digres-

367 4759 698 4814 ἀπολεῖσθαι
730 4759 1014 4830 ἠπείλησε.
1050 4757 1193 4829 Πρὸς
1221 4759 1363 4826 ειπερ
1395 4757 1444 4809 οἱ
1480 4756 1677 4811 ὕπατοι
1707 4757 1943 4828 ἀπεκρίυ

2051 4753 2149 4820 sis,
2180 4767 2254 4807 an
2315 4751 2423 4807 sibi
2460 4752 2781 4807 transeundi
2835 4761 3165 4822 potestatem
3218 4753 3350 4809 dare
3385 4756 3572 4811 mallet
3608 4773 3622 4808 :

369 4868 562 4913 ναντο,
593 4850 820 4920 μηδενὸς
843 4849 1090 4902 τοιούτου
1117 4850 1257 4917 σφᾶς
1277 4848 1441 4918 ἔργου
1460 4847 1703 4901 δεῖσθαι’
1731 4850 1944 4910 πάντως

2053 4852 2110 4897 ιιι
2140 4842 2336 4912 aequali
2369 4856 2571 4911 pugna,
2602 4841 2843 4911 utrisque
2881 4844 3054 4912 cepiis
3086 4843 3318 4912 integris
3341 4860 3607 4915 congres-

369 4946 486 5011 γὰρ
514 4939 681 4994 αὑτοῦ
708 4941 801 4993 καὶ
834 4939 1008 5003 ἄλλως
1031 4939 1350 5009 κρατήσειν.
1378 4937 1632 5006 Ποταμοῦ
1662 4937 1716 4990 δὲ
1736 4937 1825 4990 διὰ
1852 4938 1942 5006 μέ-

374 5049 473 5087 σου
497 5032 607 5085 τῶν
637 5030 1022 5101 στρατοπέδων
1049 5029 1146 5082 οὐκ
1172 5026 1490 5081 εὐδιαϐἀτου
1519 5029 1754 5097 ῥέοντος,
1787 5029 1949 5097 ήρονη

369 5141 461 5188 το,
483 5125 714 5195 πότερον
746 5123 911 5186 αὐτὸς
946 5120 1319 5193 περαιωθῆναι
1357 5117 1607 5189 βούλεται
1634 5118 1828 5181 ἀδεῶς,
1850 5120 1948 5170 αὺ-

368 5217 486 5270 τῶν
517 5216 1020 5285 ἀναχωρησάντων,
1074 5214 1109 5279 ἢ
1167 5211 1393 5275 ἐκείνοις
1449 5210 1742 5279 ἐπιτρέψαι
1788 5210 1946 5263 τοῦτο

372 5309 629 5377 ποήσαι,
663 5307 730 5360 ἶν’
766 5305 826 5370 ἐξ
856 5302 1151 5357 ἀντιπάλου
1191 5303 1369 5372 μάχης
1400 5300 1673 5371 ἀκεραίων
1712 5301 1821 5353 τῶν
1852 5300 1943 5354 δυ-

2051 4932 2149 4997 sis,
2182 4932 2249 4987 de
2299 4931 2625 4988 fortitudine
2681 4941 2890 4986 certum
2945 4933 3064 4988 tieri
3094 4935 3358 5005 judicium
3412 4948 3621 5006 posset.

2048 5022 2203 5078 Hanc
2234 5024 2513 5093 optionem
2545 5024 2777 5078 Romani
2800 5024 3012 5094 Pyrrho
3050 5026 3280 5081 terroris
3314 5026 3622 5083 incutiendi

2053 5128 2217 5168 causa
2265 5113 2548 5171 dedissent
2587 5132 2603 5170 :
2640 5116 2756 5181 ille,
2802 5116 3031 5172 multum
3069 5117 3379 5187 elephantis
3425 5120 3620 5187 fretus,

2051 5220 2149 5260 eos
2177 5204 2380 5261 ﬂumen
2424 5207 2657 5264 transire
2687 5223 2877 5278 passus
2904 5219 3007 5265 est.
3042 5210 3274 5266 Romani
3300 5227 3433 5267 vero
3486 5227 3609 5266 cum

2051 5300 2156 5356 alia
2188 5307 2581 5370 prmpararunt,
2613 5310 2725 5357 tum
2751 5299 3011 5357 adversus
3034 5302 3357 5373 elephantos
3388 5303 3621 5359 ferratas

1578 5438 1771 5502 Varia
1802 5440 2107 5503 lectiones
2148 5450 2210 5503 et
2242 5448 2430 5504 notua.

452 5576 499 5648 (Ι
520 5578 568 5645 ί)
606 5571 878 5626 Πάππον.
911 5568 987 5624 Ita
1019 5582 1149 5624 mss.
1178 5565 1336 5621 codd.
