3882 6192
415 292 518 357 64⁸1

1675 284 1999 345 JOANNIS
2040 284 2363 345 ΖΟΝᾹΒᾸΞ

3555 280 3669 343 64⁸3

416 408 626 464 hastas,
661 409 1024 455 antennarum
1052 397 1219 467 376
1249 397 1418 451 instar
1447 395 1701 450 curribus
1740 395 1989 459 insertas,

2100 395 2317 465 νάμεων
2349 396 2428 458 εἰς
2459 395 2645 465 χεῖρας
2671 391 2965 447 ἐλθουσιτιν.
2997 392 3025 444 ὀ
3057 391 3158 460 τῆς
3179 391 3434 463 ἀνδρείας
3456 390 3678 464 ἔλεγχος

412 507 468 551 et
502 493 749 562 undique
789 491 1097 545 eminentes
1128 498 1410 561 pararunt,
1465 496 1526 542 ut
1549 503 1671 541 cum
1721 488 1829 541 alia
1880 497 1993 539 tum

415 591 594 658 ignem
646 584 776 639 inde
835 583 1193 654 ejaeulantes,
1230 581 1438 635 belluas
1471 580 1824 649 repellerent.
1855 578 1992 633 Cum

413 682 479 735 ad
516 693 708 733 manus
742 686 965 730 ventum
997 684 1162 737 esset,
1188 672 1417 727 Romani
1459 672 1680 726 Graecos
1713 685 1839 725 sero
1865 668 1993 738 qui-

413 774 561 835 dem,
604 770 697 824 sed
729 768 949 822 tandem
999 766 1351 835 pepulerunt,
1399 764 1575 817 donec
1601 762 1846 836 Pyrrhus
1880 759 1995 813 ole-

415 860 635 932 pbautis
662 861 715 912 in
745 858 1030 921 auxilium,
1063 869 1171 907 non
1197 868 1301 921 qua
1327 852 1508 906 falcati
1527 866 1724 905 currus
1752 849 1993 911 stabant,

414 954 510 1008 scd
538 954 590 1006 in
624 952 851 1005 alteram
904 958 1115 1018 partem
1145 944 1417 1007 adductis,
1453 943 1755 1013 equitatum
1793 941 1995 995 Roma-

414 1063 542 1101 num
572 1056 786 1098 terrore
816 1043 1118 1096 bclluarum
1165 1048 1289 1093 ante
1325 1052 1679 1107 congressum
1734 1032 1994 1104 proﬂiga-

415 1138 517 1200 vit,
565 1137 660 1191 scd
696 1133 975 1203 peditibus
1021 1146 1215 1200 Parum
1271 1126 1723 1182 incommodavit.
1780 1126 1995 1178 lnterea

414 1230 638 1299 quidam
698 1225 879 1294 Apuli,
930 1224 1278 1291 Epirotarum
1332 1231 1511 1274 castra
1545 1216 1803 1291 aggressi,
1833 1229 1993 1270 causa

415 1319 663 1374 victoriae
711 1314 975 1369 Romanis
1013 1314 1368 1367 exstiterunt.
1414 1309 1549 1363 Nam
1577 1323 1702 1362 cum
1753 1305 1997 1377 Pyrrhus

415 1407 625 1476 aliquot
648 1420 715 1459 ex
750 1404 815 1457 iis
843 1402 932 1471 qui
978 1401 1315 1471 pugnabant,
1345 1409 1537 1453 contra
1578 1412 1673 1453 eos
1732 1396 1991 1458 misisset,

415 1496 613 1565 reliqui
665 1510 857 1549 omnes
926 1494 1153 1555 turl‘ati,
1219 1501 1273 1545 ct
1335 1491 1570 1544 tentoria
1643 1498 1799 1557 (apta
1852 1500 1995 1548 esse,

413 1597 470 1641 ct
532 1587 656 1642 illos
700 1586 891 1655 Ingere
968 1585 1200 1653 opinati,
1279 1583 1637 1644 inclinarunt,
1693 1593 1996 1646 eorumque

2095 488 2307 553 γένοιτο
2351 485 2607 556 ἀκριϐής.
2650 485 2714 537 Ol
2755 483 2856 554 μὲν
2893 478 2986 537 οὖν
3029 485 3288 554 Ῥωμαῖοι
3334 484 3475 555 πρὸς
3510 486 3685 539 κατά-

2096 579 2293 649 πληξιν
2343 579 2435 630 τὸν
2493 577 2652 645 λόγον
2704 576 3089 646 ér:o£1;cav."0
3122 577 3178 629 δὲ
3227 576 3447 648 nam;
3494 577 3681 640 αὐτοῖς

2094 672 2275 738 ἀφῆκε
2317 668 2567 735 διαϐῆναι
2601 669 2691 721 τὸν
2720 667 2989 739 ποταμὸν,
3015 669 3159 736 μέγα
3189 668 3405 737 φρονῶν
3438 669 3543 722 ἐπὶ
3570 672 3685 732 τοῖς

2095 762 2372 829 ἐλέφασιν.
2421 763 2482 814 Oi
2517 761 2572 814 δὲ
2615 761 2877 831 Ῥωμαῖοι
2933 762 3001 814 τά
3034 777 3092 812 τε
3143 760 3275 816 ἄλλα
3327 762 3684 830 παρεσκευά-

2095 867 2276 913 σαντο,
2306 853 2398 904 καὶ
2435 851 2572 922 πρὸς
2603 851 2728 914 τοὺς
2759 851 3061 918 ἐλέφαντας
3084 852 3310 920 κεραίας
3341 850 3426 919 ἐφ’
3448 852 3685 920 ἁμαξῶν

2096 944 2535 1013 σεσιδηρωμένας
2566 943 2660 996 καὶ
2689 942 3029 1012 πανταχόθεν
3069 943 3417 1013 προεχούσας
3447 943 3677 1012 ἡτοίμα-

2096 1048 2214 1096 σαν,
2283 1033 2371 1085 ῖνα
2425 1031 2735 1097 τοξεύοντες
2785 1032 2879 1085 ἀπ’
2919 1031 3099 1084 αὐτῶν
3132 1033 3265 1086 ἄλλα
3314 1048 3375 1083 τε
3420 1034 3520 1085 καὶ
3550 1032 3682 1102 πῦρ,

2094 1124 2343 1192 ἐμποδὼν
2394 1124 2547 1192 σφίσι
2592 1124 2873 1194 γίνωνται.
2922 1123 3324 1193 Προςμίξαντες
3387 1123 3448 1179 δὲ
3501 1124 3683 1198 χρόνῳ

2097 1217 2196 1285 μὲν
2226 1217 2275 1267 οἱ
2317 1214 2576 1283 Ῥωμαῖοι
2608 1215 2735 1276 τοὺς
2764 1214 3055 1284 Ἕλληνας,
3088 1214 3325 1267 ἐώσαντο
3357 1214 3407 1268 δ’
3434 1211 3554 1278 οὖν,
3593 1216 3684 1284 μέ·

2094 1324 2218 1380 χρις
2248 1310 2276 1361 ὁ
2318 1307 2534 1378 Πύρρος
2570 1309 2685 1371 τοῖς
2724 1307 2979 1375 έλέςασιν
3018 1308 3080 1360 ού
3111 1311 3250 1360 κατά
3297 1308 3399 1371 τὰς
3440 1307 3679 1379 ἀμάξας,

2094 1399 2213 1449 ἀλλ’
2264 1399 2355 1450 ἐπὶ
2400 1397 2609 1466 θάτερα
2649 1398 3068 1468 προσϐοηθήσας
3121 1399 3304 1459 αὐτοῖς
3353 1399 3456 1477 τῂν
3515 1399 3681 1451 ἵππον

2100 1488 2250 1557 σφῶν
2292 1489 2388 1541 καὶ
2425 1494 2551 1559 πρὶν
2598 1489 2897 1559 προσμῖξαι
2945 1490 3095 1560 φόϐῳ
3126 1490 3231 1542 τῶν
3265 1488 3477 1559 θηρίων
3531 1490 3679 1559 ἑτρέ·

2096 1581 2256 1649 ψατο,
2280 1580 2358 1653 τῷ
2392 1582 2577 1649 μέντοι
2616 1579 2765 1650 πεζῷ
2799 1582 2952 1634 οὐδὲν
2989 1582 3134 1651 μέγα
3167 1581 3524 1652 ἐλυμήνατο·
3579 1583 3677 1634 κάν

415 1679 572 1738 multi
616 1678 741 1732 cassi
801 1685 927 1731 sunt
964 1693 979 1734 :
1014 1676 1252 1747 Pyrrhus
1300 1675 1437 1745 ipse,
1487 1680 1543 1727 et
1589 1688 1655 1727 ex
1708 1670 1989 1741 praecipuis

2097 1674 2276 1745 τούτῳ
2310 1674 2417 1727 τῶν
2451 1674 2731 1728 ’Δπούλων
2766 1674 2912 1735 τινὲς
2946 1675 3037 1727 ἐπὶ
3069 1673 3132 1726 τὸ
3162 1674 3272 1727 τῶν
3319 1674 3679 1745 Ἠπειρωτῶν

412 1769 724 1839 complures
751 1766 1044 1831 vulnerati,
1077 1781 1141 1820 ac
1178 1778 1303 1835 post
1336 1779 1459 1819 cum
1508 1763 1582 1818 ob
1628 1770 1988 1827 commeatus,

2099 1733 2427 1837 ὡρμηκότες
2463 1763 2849 1834 στρατόπεδον,
2881 1733 2980 1831 τῆς
3011 1763 3165 1832 νίκης
3192 1762 3357 1815 αἴτιοι
3386 1733 3506 1821 τοῖς
3548 1762 3679 1813 Ῥω-

415 1871 531 1911 tum
595 1858 1120 1911 medicamentorum
1182 1855 1423 1924 inopiam
1479 1855 1717 1925 graviter
1775 1852 1986 1907 aﬂlicti.

412 1950 781 2015 Quamobrem
814 1949 1119 2003 Tarentum
1137 1948 1418 2010 discessit,
1452 1957 1747 2015 antequam
1776 1947 1829 2000 id
1875 1946 1988 1998 Ro-

415 2044 563 2097 mani
601 2042 928 2095 sensissent.
970 2039 1260 2101 Consules,
1288 2040 1392 2093 etsi
1442 2037 1645 2091 ﬂumen
1708 2035 1988 2107 pugnandi

414 2148 581 2189 causa
635 2133 1001 2195 transierunt,
1069 2140 1256 2183 tamen
1303 2145 1428 2183 cum
1467 2130 1755 2183 audissent
1805 2129 1993 2181 hostes

413 2240 606 2282 omnes
628 2224 923 2292 dissipatos
945 2237 1089 2286 esse,
1117 2222 1174 2275 in
1198 2223 1365 2277 urbes
1388 2222 1601 2290 Apuliae
1630 2222 1991 2291 hybernatum

419 2315 643 2378 reversi,
672 2322 896 2385 propter
947 2313 1263 2366 vulneratos
1300 2311 1523 2375 milites,
1584 2310 1705 2363 illos
1734 2310 1989 2379 persequi

416 2422 524 2461 non
556 2413 877 2477 potuerunt.
909 2402 1152 2473 Pyrrhus
1199 2415 1330 2455 vero
1367 2415 1493 2455 cum
1537 2400 1644 2452 alia
1706 2401 1986 2466 instruxit,

421 2506 533 2550 tum
571 2493 771 2547 milites
800 2501 856 2546 et
892 2492 1156 2561 pecunias
1188 2489 1353 2542 domo
1384 2490 1581 2541 advehi
1639 2490 1808 2557 jussit
1841 2506 1854 2542 :
1894 2490 1989 2545 sed

415 2599 543 2639 cum
574 2583 888 2637 Fabricium
909 2588 964 2634 et
994 2579 1239 2647 Pappum
1271 2580 1523 2632 consules
1582 2578 1758 2633 lectos
1811 2581 1863 2632 in
1898 2594 1990 2634 ca-

416 2684 529 2730 stra
572 2672 892 2743 pervenisse
930 2669 1299 2739 cognovisset,
1351 2670 1407 2722 in
1444 2684 1509 2732 ea
1558 2671 1832 2725 sententia
1880 2687 1988 2726 non

420 2765 747 2835 permansit.
774 2762 961 2818 Nicias
988 2776 1123 2816 vero
1161 2760 1409 2827 quidam,
1444 2761 1538 2829 qui
1590 2760 1734 2814 ﬁdus
1765 2762 1842 2815 illi
1867 2776 1990 2817 esse

2103 1855 2285 1925 μαίοις
2325 1855 2590 1921 ἐγένοντο.
2637 1852 2801 1916 Τινάς
2830 1854 2936 1922 γὰρ
2964 1854 3070 1905 τιῖιν
3104 1852 3434 1922 μαχομένων
3465 1851 3557 1903 ἐπ’
3586 1851 3681 1903 αὖε

2098 1948 2225 2010 τοὺς
2270 1946 2363 1999 τοῦ
2401 1947 2619 2018 Πύρρου
2654 1946 2991 2017 πέμψαντος,
3024 1947 3226 2009 πάντες
3270 1946 3317 1997 oi
3347 1946 3536 1998 λοιποὶ
3568 1946 3684 1998 ἑτα-

2101 2037 2406 2110 ράχθησαν,
2440 2039 2535 2091 καὶ
2580 2038 2677 2101 τάς
2708 2053 2768 2090 τε
2799 2036 3007 2106 σκηνάς
3033 2035 3357 2100 ἑαλωκέναι,
3403 2035 3504 2087 καὶ
3540 2035 3677 2087 ὲκεί-

2101 2146 2226 2189 νους
2256 2128 2479 2197 φεύγειν
2526 2128 3000 2196 ὑποτοπήσαντες,
3043 2127 3312 2190 ἐνέδοσαν,
3348 2126 3447 2178 καὶ
3498 2127 3686 2194 συχνοὶ

2100 2221 2281 2272 αὐτῶν
2307 2221 2500 2271 ἔπεσον
2524 2236 2537 2251 ⁸
2577 2220 2604 2271 ὃ
2632 2236 2689 2271 τε
2723 2219 2959 2289 Πύρρος,
2996 2220 3089 2270 καὶ
3116 2218 3265 2270 ἄλλοι
3303 2216 3416 2268 τῶν
3452 2220 3512 2268 ἐν
3543 2217 3685 2270 τέλει

2101 2312 2292 2364 πολλοὶ
2332 2311 2669 2382 ἐτρώθησαν,
2702 2312 2798 2363 καὶ
2833 2309 2973 2379 μετά
3003 2310 3173 2362 ταῦτα
3222 2308 3311 2361 διά
3341 2325 3401 2361 τε
3450 2312 3555 2379 τὴν
3587 2307 3686 2375 τῆς

2095 2401 2304 2473 τροφῆς
2337 2402 2428 2455 καὶ
2448 2401 2548 2470 τὴν
2569 2401 2676 2453 τῶν
2694 2400 3017 2469 ἐπιτηδείων
3040 2402 3173 2466 πρὸς
3197 2400 3391 2453 ἄκεσιν
3417 2401 3683 2470 ἀπορίαν,

2102 2493 2308 2562 σφόδρα
2365 2491 2742 2561 ἐκακώθησαν.
2781 2492 2944 2544 Ὅθεν
3001 2492 3216 2562 ἀπῆρεν
3266 2494 3353 2553 είς
3394 2492 3682 2561 Τάραντα,

2098 2587 2228 2656 πρὶν
2263 2587 2390 2647 τοὺς
2430 2585 2736 2652 Ῥωμαίους
2765 2585 3069 2638 αἰσθέσθαι.
3096 2585 3161 2637 οε
3186 2584 3232 2637 δ’
3264 2583 3471 2636 ὕπατοι
3501 2585 3683 2655 διέῧη-

2100 2692 2200 2730 σαν
2260 2677 2358 2745 μὲν
2412 2677 2507 2728 τὸν
2566 2676 2812 2745 ποταμὸν
2860 2677 2955 2728 ἐπὶ
3020 2676 3202 2747 μάχῃ.
3247 2674 3337 2739 Ὧς
3366 2675 3423 2727 δὲ
3474 2677 3685 2737 πάντας

2095 2767 2418 2819 ὲσκεδάσθαι
2470 2766 2753 2830 ἐπύθοντο,
2790 2768 2870 2828 είς
2912 2765 3013 2829 τὰς
3053 2766 3266 2828 οἰκείας
3315 2766 3684 2837 ἀνεχώρησαν

417 2857 770 2921 credebatur,
833 2855 900 2909 ad
963 2852 1281 2908 Fabricium
1340 2866 1400 2906 se
1461 2852 1804 2916 contulit,se
1859 2854 1989 2923 Pyr-

2096 2856 2316 2918 πόλεις⁶
2355 2857 2640 2923 ἐπιδιῶξαι
2680 2859 2789 2927 γὰρ
2828 2856 2916 2910 διά
2969 2857 3095 2919 τοὺς
3131 2857 3475 2926 σφετέρους·
3509 2875 3681 2928 τραυ-

419 2958 578 3008 rhum
612 2953 745 3027 dolo
789 2950 1211 3005 interfecturum
1248 2947 1535 3017 pollicens.
1585 2946 1741 3013 Quod
1776 2946 1988 3002 facinus

2096 2950 2294 3019 ματίας
2319 2949 2418 3001 οὐκ
2451 2949 2813 3019 ἠδυνήθησαν.
2842 2945 2973 3002 Εἶτα
3006 2951 3055 3001 οἱ
3093 2951 3193 3018 μὲν
3222 2951 3305 3017 εἰς
3338 2950 3443 3020 τὴν
3485 2951 3685 3003 Ἀπου-

416 3050 633 3117 indigne
673 3046 856 3100 ferens
892 3042 1176 3097 Fabricius
1216 3041 1445 3110 (virtute
1475 3040 1623 3094 enim
1668 3050 1723 3094 et
1753 3040 1986 3105 viribus,

2096 3042 2214 3094 λίαν
2242 3041 2575 3111 ἕχείμασανιο
2607 3044 2634 3093 ὁ
2664 3041 2722 3093 δὲ
2751 3040 2963 3112 uappa;
3031 3039 3198 3094 τᾶλλα
3228 3058 3287 3093 τε
3319 3042 3680 3111 ἡτοιμάζετο,

415 3156 521 3193 non
570 3138 701 3193 dolo
731 3135 1080 3205 superandos
1129 3134 1338 3193 hostes,
1390 3132 1854 3202 quemadmodum
1885 3133 1989 3187 Ca-

413 3229 619 3292 millus,
654 3228 937 3293 censebat)
971 3225 1200 3278 insidias
1232 3224 1441 3293 Pyrrho
1466 3224 1747 3277 indicavit.
1787 3224 1905 3289 Qua
1931 3241 1991 3279 re

413 3320 567 3373 illum
601 3318 674 3370 ita
704 3315 1095 3384 obstupefecit,
1131 3324 1193 3367 nt
1214 3315 1399 3368 denuo
1438 3315 1701 3369 Romanis
1731 3316 1982 3384 captivos

411 3410 581 3481 gratis
633 3411 975 3471 restitueret,
1025 3415 1082 3461 et
1114 3421 1210 3475 per
1270 3407 1479 3474 legatos
1512 3422 1698 3475 pacem
1756 3414 1988 3475 peteret.

416 3500 485 3555 Ut
516 3512 699 3554 autem
732 3498 962 3557 Romani
1008 3498 1075 3552 de
1113 3512 1246 3567 pace
1273 3497 1411 3550 nihil
1441 3498 1872 3568 respondebant,
1893 3497 1989 3552 sed

408 3608 535 3647 eum
572 3601 684 3645 tum
719 3604 959 3660 quoque,
997 3604 1122 3643 cum
1156 3587 1303 3642 italia
1335 3591 1687 3652 excessisset,
1733 3589 1802 3644 de
1854 3604 1989 3660 pace

408 3683 876 3754 agerejuhebant,
909 3692 965 3739 et
1009 3681 1176 3735 urbes
1206 3680 1259 3735 ei
1288 3679 1585 3735 foederatas
1642 3681 1988 3737 infestabant

407 3782 462 3827 et
488 3774 879 3844 expugnabant
902 3790 917 3826 :
941 3772 1108 3829 animi
1133 3770 1363 3826 dubium
1396 3787 1459 3826 ea
1493 3787 1583 3827 res
1604 3773 1804 3839 erexit,
1841 3773 1990 3843 quod

407 3880 439 3919 a
473 3864 836 3935 Syracusanis
859 3866 1187 3935 quibusdam
1222 3868 1369 3939 (nam
1403 3884 1469 3921 ex
1498 3883 1607 3938 quo
1646 3868 1983 3940 Agathocles

406 3956 744 4020 decesserat,
769 3956 1140 4013 seditionibus
1170 3959 1544 4029 agitabantur)
1574 3960 1987 4026 accersebatur,

402 4058 461 4103 et
490 4049 687 4104 urbem
711 4060 768 4104 et
797 4050 1128 4119 semetipsos
1157 4050 1305 4105 illius
1340 4049 1467 4104 fidei
1514 4051 1986 4119 permittentibus.

402 4141 677 4210 Concepta
704 4140 852 4194 enim
903 4154 999 4209 spe
1030 4141 1198 4195 totius
1254 4140 1456 4196 Sicilia:
1489 4142 1791 4210 potiundae,
1828 4143 1989 4198 Milo-

407 4247 536 4291 nem
597 4232 671 4287 ad
715 4231 1039 4297 Tarentum,
1085 4232 1246 4303 377
1294 4242 1600 4302 cwteraque
1656 4236 1880 4291 tutanda
1929 4236 1989 4290 in

406 4323 554 4377 Italia
578 4324 799 4393 reliquit
838 4340 853 4377 :
898 4323 1036 4394 ipse,
1067 4334 1126 4377 ut
1154 4323 1304 4377 brevi
1331 4338 1678 4389 reversurus,
1706 4325 1982 4381 discessit.

2093 3133 2188 3184 καὶ
2214 3130 2432 3183 οίκοθεν
2458 3133 2796 3199 στρατιώτας
2834 3131 2928 3184 καὶ
2954 3132 3215 3201 χρήματα
3243 3133 3645 3201 μετεπέμψατο
3662 3146 3679 3164 ο

2094 3222 2284 3292 μαθὼν
2329 3222 2387 3276 δὲ
2433 3222 2525 3276 τὸν
2572 3222 2867 3292 Φαϐρίκιον
2906 3224 3000 3277 καὶ
3038 3224 3132 3275 τὸν
3164 3224 3400 3277 Πάππον
3430 3226 3680 3287 ὑπάτους

2092 3313 2428 3383 ᾑρημένους.
2461 3312 2559 3365 καὶ
2587 3315 2669 3375 είς
2692 3312 2752 3365 το
2781 3311 3146 3384 στρατόπεδον
3180 3314 3551 3384 ἀφιγμένους,
3579 3318 3681 3369 οὐκ

2092 3407 2185 3457 ἐπὶ
2218 3406 2317 3472 τῆς
2348 3404 2523 3474 αὐτῆς
2556 3405 2832 3475 μεμένηκε
2867 3403 3115 3474 γνώμης.
3154 3406 3293 3475 Ἤδη
3332 3406 3390 3459 δὲ
3428 3408 3543 3460 τῶν
3578 3413 3683 3481 ρη-

2094 3497 2298 3550 θέντων
2328 3499 2551 3551 ὑπάτων
2609 3500 2668 3551 ὲν
2706 3498 2785 3567 τῷ
2819 3499 3191 3573 στρατεύματι
3237 3499 3431 3568 ὄντων,
3478 3504 3683 3568 Νικίας

2092 3608 2175 3653 τις
2219 3591 2326 3643 τῶν
2372 3591 2579 3663 Πύρρῳ
2620 3591 2829 3644 πιστῶν
2871 3590 3194 3657 δοκούντων,
3227 3589 3359 3664 ἦλθε
3399 3595 3541 3666 πρὸς
3586 3597 3685 3649 τὸν

2092 3680 2409 3752 Φαϐρίκιον,
2440 3683 2537 3737 καὶ
2568 3683 2837 3754 ὑπέσχετο
2867 3682 3016 3754 αὐτῷ
3050 3686 3143 3739 τὸν
3189 3686 3410 3759 Πύρρον
3457 3688 3687 3754 δολοφο-

2095 3775 2296 3843 νήσειν.
2329 3776 2673 3845 Δυσχεράνας
2691 3772 2787 3829 οὖν
2808 3776 2902 3829 ἐπὶ
2923 3776 3098 3846 τούτῳ
3118 3780 3326 3843 ἐκεῖνος
3345 3779 3549 3851 (ἀρετῇ
3570 3781 3685 3851 γὰρ

2095 3866 2188 3917 καὶ
2214 3868 2334 3930 ταῖς
2359 3866 2654 3938 δυνάμεσιν
2680 3865 2871 3937 ἠξίουν
2886 3869 2994 3922 τῶν
3018 3868 3297 3938 πολεμίων
3323 3873 3576 3939 κρατεῖν,
3606 3871 3685 3932 ὡς

2091 3959 2119 4010 ό
2138 3958 2459 4030 Κάμιλλος),
2485 3961 2829 4030 κατεμήνυσε
2844 3959 2935 4031 ’τῷ
2966 3960 3165 4031 Πύρρῳ
3188 3961 3248 4013 τὸ
3272 3961 3685 4031 ἐπιϐούλευμα.

2095 4049 2208 4103 Καὶ
2240 4048 2411 4112 οὓτως
2453 4049 2613 4102 αὐτὸν
2660 4051 2723 4102 ἐκ
2763 4049 2953 4105 τούτου
2985 4049 3345 4118 κατέπληξεν,
3384 4049 3532 4103 ὥστε
3582 4052 3688 4103 καὶ

2101 4141 2219 4203 τοὺς
2255 4141 2566 4201 ἑαλωκότας
2598 4140 2709 4194 τῶν
2755 4140 3045 4212 Ῥωμαίων
3075 4144 3281 4212 προῖκα
3310 4137 3476 4205 αὖθις
3519 4143 3687 4210 ἀτρεῖο

2095 4249 2204 4297 ναι,
2240 4233 2333 4286 καὶ
2367 4232 2626 4301 πρέσϐεις
2671 4234 2834 4285 πάλιν
2868 4234 3009 4303 ὑπὲρ
3047 4233 3275 4303 εἰρήνης
3327 4234 3683 4289 ἀποστεῖλαι.

2105 4329 2257 4381 Ἐπεὶ
2310 4329 2368 4382 δὲ
2430 4330 2480 4381 οι
2540 4330 2800 4399 Ῥωμαῖοι
2865 4333 2993 4399 περὶ
3042 4332 3138 4395 τῆς
3217 4330 3453 4403 εἰρήνης
3521 4330 3685 4385 οὐδὲν

404 4414 472 4477 Et
503 4430 534 4468 a
561 4413 922 4485 Syracusanis
951 4422 1240 4482 exceptus,
1275 4430 1487 4470 summa
1520 4431 1705 4470 rerum
1727 4416 1829 4490 ipsi
1857 4433 1984 4487 per-

2096 4419 2485 4491 ἀπεκρίναντο,
2520 4395 2665 4474 ana
2716 4420 2813 4473 καὶ
2850 4395 2968 4475 τότε
3026 4422 3237 4489 ἀπᾶραι
3272 4395 3419 4491 τῆς-
3447 4421 3688 4483 Ἰταλίας

406 4504 596 4568 missa,
634 4520 827 4559 rursus
863 4505 1017 4559 brevi
1049 4505 1228 4573 spatio
1265 4508 1525 4575 temporis
1557 4518 1741 4563 tantus
1782 4508 1981 4575 evasit,

406 4604 469 4653 ut
501 4593 988 4665 Carthaginienses
1036 4597 1186 4653 illius
1218 4606 1368 4651 metu
1438 4613 1504 4652 ex
1562 4599 1714 4655 Italia
1749 4600 1983 4655 militem

406 4686 801 4740 conducerent.
834 4685 941 4740 Sed
977 4687 1236 4742 celeriter
1262 4703 1324 4742 ea
1359 4689 1578 4744 fortuna
1621 4699 1829 4744 mutata
1892 4702 1982 4747 est

406 4780 470 4846 in
523 4779 862 4833 contrarium
900 4795 915 4833 :
975 4779 1120 4848 quod
1159 4781 1362 4837 multos
1400 4797 1466 4837 ex
1513 4784 1848 4852 primoribus
1879 4784 1985 4839 sibi

404 4874 690 4936 suspectos
723 4867 920 4935 partim
958 4869 1214 4936 pellebat,
1235 4872 1433 4939 partim
1468 4873 1726 4927 necabat.
1753 4874 1987 4930 Cartha-

402 4960 683 5031 ginicnses
702 4961 872 5027 enim,
890 4977 1012 5016 cum
1043 4976 1168 5015 eum
1193 4978 1292 5017 nec
1310 4965 1533 5033 privatis
1560 4968 1771 5021 viribus
1792 4968 1991 5033 valere,

2087 4511 2357 4577 ἐκέλευον,
2384 4514 2478 4566 καὶ
2502 4511 2673 4575 οὕτως
2700 4512 2885 4576 αὐτοῖς
2910 4511 3440 4582 διακηρυκεύεσθαι,
3462 4512 3555 4566 καὶ
3579 4512 3713 4575 τὰς-

2090 4605 2441 4676 συμμαχίδας
2484 4604 2631 4674 αὐτῷ
2663 4604 2849 4668 πόλεις
2895 4606 3224 4683 κατέτρεχόν
3253 4621 3314 4658 τε
3352 4606 3455 4659 καὶ
3480 4606 3724 4683 ᾗρουν,ξ

2091 4698 2151 4749 ὲν
2191 4698 2474 4767 ἀμηχανίᾳ
2514 4698 2756 4763 ἐγένετο,
2786 4697 2919 4767 πρὶν
2962 4695 3025 4763 δὴ
3072 4697 3465 4765 Συρακουσίων
3522 4695 3692 4759 τινες

2091 4788 2416 4856 (ἐτύγχανον
2446 4786 2525 4850 δὲ,
2559 4785 2618 4851 ἐξ
2646 4780 2705 4841 οὗ
2745 4786 3083 4856 Ἀγαθοκλῆς
3122 4787 3479 4858 ἐτελεύτησε,
3536 4780 3719 4839 στα-⁸

2093 4878 2391 4946 σιάζοντες)
2423 4876 2824 4930 ἐπεκαλέσαντο
2855 4877 3039 4941 αὐτὸν,
3073 4875 3469 4945 παραδιδόντες
3496 4876 3545 4927 οἱ
3582 4874 3693 4928 καὶ

2091 4970 2319 5032 ἑαυτοὺς
2340 4968 2436 5022 καὶ
2467 4968 2567 5039 τὴν
2594 4968 2769 5022 πόλιν.
2805 4966 3179 5028 Ἀναπνεύσας
3214 4967 3327 5038 γάρ
3352 4970 3450 5019 ἐπὶ
3471 4966 3685 5035 τούτῳ,

404 5067 582 5120 neque
603 5053 953 5121 popularium
983 5054 1191 5109 habere
1218 5055 1402 5111 studia
1432 5066 1744 5120 cernerent,
1777 5059 1980 5113 bellum

2096 5061 2190 5113 καὶ
2230 5060 2603 5130 προσελπίσας
2640 5060 2820 5115 πᾶσαν
2848 5059 2945 5128 τὴν
2987 5056 3242 5110 Σικελίαν
3284 5057 3691 5127 καταστρέψα-

403 5150 629 5201 sternue
686 5144 1163 5213 administrarunt,
1206 5162 1445 5216 eumque
1509 5148 1979 5217 Syracusanorum

2096 5151 2243 5217 σθαι,
2267 5151 2361 5203 τὸν
2399 5152 2497 5220 μὲν
2526 5150 2752 5205 Μίλωνα
2778 5151 2835 5201 ἐν
2872 5147 3076 5218 Ἰταλίᾳ
3114 5149 3433 5216 κατέλιπεν,
3473 5154 3535 5201 ἐν
3579 5168 3690 5215 φυ-

401 5235 688 5291 cxsulibus
725 5238 1117 5307 suscipiendis,
1145 5239 1283 5293 male
1315 5248 1647 5295 tractarunt.
1679 5240 1835 5296 Unde
1869 5258 1982 5297 non

2096 5240 2230 5313 λακῇ
2260 5239 2353 5294 τόν
2386 5256 2445 5293 τε
2476 5240 2730 5309 Τάραντα
2760 5239 2853 5293 καὶ
2882 5238 2951 5291 τά
2974 5237 3108 5295 ἄλλα
3131 5240 3491 5309 ποιησόμενον
3515 5254 3530 5267 ·
3572 5240 3687 5292 αὑ-

402 5328 706 5401 Syracusas
737 5328 1029 5393 duntaxat,
1054 5329 1151 5385 sed
1180 5337 1348 5385 totam
1381 5330 1625 5386 Siciliam
1653 5332 1920 5388 deseruit.

2096 5333 2178 5395 τὸς
2224 5332 2278 5385 δὲ
2323 5331 2398 5392 ὡς
2438 5332 2525 5384 διὰ
2569 5331 2817 5402 βραχέως
2850 5329 3138 5400 ἐπανήξων
3169 5331 3508 5383 ἀπέπλευσε.
3562 5331 3688 5383 Καὶ

397 5424 509 5478 τῶν
539 5423 927 5494 Συρακουσίων
988 5425 1300 5491 δεξαμένων
1331 5428 1519 5491 αὐτον,
1586 5429 1680 5480 καὶ
1740 5430 1920 5483 πάντα
1988 5429 2137 5499 αύτῷ
2190 5426 2566 5496 ἀναθεμένων,
2636 5427 2812 5495 μέγας
2870 5426 2925 5476 ὲν
2975 5424 3169 5495 βραχεῖ
3211 5424 3369 5486 αὖθις
3414 5424 3684 5490 ἐγένετο,

402 5520 549 5573 ὥστε
598 5523 725 5584 τοὺς
804 5520 1214 5590 Καρχηδονίους
1302 5521 1639 5591 φοϐηθέντας
1690 5523 2054 5594 μισθοφόρους
2093 5527 2157 5577 ἐκ
2217 5526 2317 5593 τῆς
2385 5521 2615 5583 Ἰταλίας
2670 5520 3020 5592 προσλαϐεῖν.
3086 5519 3246 5573 Ἀ).λά
3315 5524 3448 5590 ταχὺ
3522 5525 3682 5592 πρὸς

402 5614 716 5668 τούναντίον
770 5614 920 5685 αὐτῷ
977 5616 1238 5686 περιέστη
1297 5614 1364 5666 τὰ
1409 5615 1735 5683 πράγματα,
1781 5616 1857 5680 τῷ
1917 5634 1975 5669 τε
2019 5617 2247 5681 πολλοὺς
2292 5618 2400 5669 τῶν
2451 5617 2510 5670 ἐν
2554 5616 2700 5669 τέλει
2743 5618 2869 5678 τοὺς
2923 5614 3021 5679 μὲν
3088 5614 3363 5682 ἐξελάσαι,
3433 5614 3577 5678 τοὺς
3613 5615 3685 5669 δὶ

409 5704 722 5779 διαφθεῖραι
754 5707 1232 5783 ὑποπτευομένους
1262 5708 1433 5783 αὐτῷ.
1469 5709 1531 5761 υἱ
1562 5709 1673 5786 γὰρ
1730 5709 2091 5782 Καρχηδόνιοι
2160 5711 2356 5774 ἰδόντες
2426 5710 2588 5766 αὑτὸν
2653 5709 2791 5781 μήτε
2820 5711 2940 5775 ταῖς
2969 5709 3199 5771 οἰκείαις
3239 5707 3539 5777 δυνάμεσιν
3578 5710 3691 5787 ei}.
