4042 6200
281 360 389 425 657

1506 355 1908 419 ANNALIUM
1951 354 2095 414 LIB.
2139 356 2305 416 VIII.

3440 356 3549 421 628

284 472 681 545 προθυμότατα
717 470 915 540 ὤργων
971 470 1102 541 (2|).
1169 470 1406 539 Σκήψεις
1454 470 1511 523 δὲ
1569 471 1664 522 τοῦ
1703 470 1863 523 πολέ-

1995 473 2307 527 erebautur.
2371 471 2505 526 Belli
2564 486 2743 526 causa:
2805 468 3311 541 praetendebantur,
3357 486 3387 527 a
3437 474 3544 529 Ro~

288 584 393 636 μου
424 565 677 632 ἐγένοντο
742 562 1044 632 Ῥωμαίοις
1085 562 1185 633 μὲν
1229 564 1312 616 ὅτι
1358 562 1723 635 Καρχηδόνιοι
1756 564 1869 625 τοῖς

286 657 649 727 ’Ταραντίνοις
699 654 1028 725 ἐϐοήθησαν,
1081 654 1478 728 Καρχηδονίοις
1522 654 1581 708 δὲ
1628 654 1711 707 ὅτι
1777 670 1870 722 φι-

282 749 403 800 λίαν
443 748 709 815 Ῥωμαῖοι
738 745 1022 799 συνέθεντο
1068 746 1149 818 τῷ
1204 747 1434 817 Ἱέρωνι.
1479 747 1553 801 Τὸ
1601 746 1647 799 δ’
1673 745 1873 816 ἀληθὲς

282 843 368 893 ὅτι
415 839 678 909 ἀλλήλους
726 837 1075 908 ὑφεωρῶντο,
1103 838 1201 892 καὶ
1253 839 1384 909 μίαν
1430 839 1708 909 σωτηρίαν
1761 836 1873 891 τῶν

283 932 509 983 οἰκείων
536 930 792 999 ἑκάτεροι
844 929 1034 1001 ᾤοντο,
1092 932 1142 983 εὶ
1199 932 1267 984 τὰ
1329 931 1438 984 τῶν
1495 929 1671 985 ἄλλων
1705 946 1874 1000 προσ-

285 1024 610 1093 κτήσαιντο.
649 1021 808 1074 Οὕτω
866 1021 1265 1090 διανενομένοις
1323 1024 1508 1084 αὐτοῖς
1568 1022 1917 1091 συμπεσόν-.

283 1129 338 1165 τι
400 1113 498 1175 τὰς
554 1111 791 1173 σπονδάς
839 1127 901 1163 τε
957 1111 1193 1178 διέλυσε,
1230 1112 1326 1164 καὶ
1370 1111 1451 1175 είς
1502 1110 1594 1164 τὸν
1639 1110 1876 1181 πόλεμον

286 1207 485 1267 αὐτοὺς
509 1203 817 1273 ἐξηρέθισε.
847 1203 921 1257 Τὸ
956 1201 1001 1255 δ’
1033 1199 1102 1273 ἦν
1129 1204 1387 1256 τοιοῦτον.
1423 1204 1485 1258 Οἱ
1512 1205 1873 1273 Μαμερτῖνοι,

285 1298 354 1347 ἐκ
388 1296 725 1365 Καμπανίας
751 1295 882 1348 ποτέ
909 1295 1048 1362 πρὸς
1083 1296 1342 1365 Μεσήνην
1369 1295 1628 1349 ἀποικίαν
1660 1293 1877 1348 στειλά-

290 1406 472 1456 μενοι,
500 1389 622 1442 τότε
656 1388 700 1442 δ’
748 1389 857 1443 ὑπὸ
898 1388 1143 1458 Ἱέρωνος
1175 1388 1643 1459 πολιορκούμενοι,
1677 1389 1880 1442 ἐπεκα-

287 1482 523 1534 λέσαντο
579 1482 705 1544 τοὺς
769 1482 1097 1550 Ῥωμαίους,
1132 1479 1220 1535 οἷα
1263 1482 1418 1551 σφίσι
1474 1485 1876 1554 προσήκοντας.

292 1575 559 1626 Κάκεῖνοι
590 1574 825 1643 ἑτοίμως
880 1576 1246 1647 ἐπικουρῆσαι
1296 1577 1478 1641 αὐτοῖς
1523 1576 1878 1646 ἐψηφίσαντο,

287 1664 500 1727 εἰδότες
531 1665 635 1729 ὅτι,
667 1664 733 1719 ἂν
761 1667 862 1736 τῆς
895 1669 1215 1738 συμμαχίας
1241 1669 1419 1722 αὐτῶν
1451 1670 1501 1722 οἱ
1535 1669 1879 1739 Μαμερτῖνοι

291 1756 375 1825 μὴ
411 1756 736 1821 τεύξωνται,
769 1759 902 1828 πρὸς
939 1760 1068 1824 τοὺς
1121 1760 1527 1831 Καρχηδονίους
1573 1761 1882 1832 τραπήσον·

288 1867 410 1914 ται,
444 1851 687 1904 κάκεῖνοι
722 1851 821 1923 τῆς
852 1870 908 1905 τε
938 1853 1188 1916 Σικελίας
1221 1854 1351 1923 ὅλης
1392 1856 1748 1926 κρατήσουσι,
1784 1855 1879 1908 καὶ

289 1944 353 2005 ἐς
413 1943 513 2013 τὴν
584 1944 815 1998 Ἰταλίαν
864 1944 926 2009 ἐξ
984 1946 1157 2015 αὐτῆς
1209 1947 1579 2017 διαϐήσονται.
1650 1948 1716 2002 Ἦ
1772 1948 1879 2019 γὰρ

289 2035 461 2102 νῆσος
497 2035 634 2104 αὕτη
664 2035 839 2107 βραχὺ
884 2038 979 2109 τῆς
1020 2039 1252 2110 ἠπείρου
1283 2040 1450 2111 διέχει
1484 2057 1498 2071 ’
1532 2041 1609 2104 ὡς
1652 2042 1882 2112 μυθεύε-

292 2129 427 2179 σἿαι
468 2129 549 2181 ὅτι
591 2128 723 2180 ποτὲ
753 2129 848 2183 καὶ
869 2130 1008 2201 αὕτη
1045 2132 1343 2204 ἠπείρωτο.
1380 2135 1453 2187 Ἥ
1482 2151 1541 2188 τε
1577 2126 1671 2189 οὖν
1697 2136 1879 2207 νῆσος,

291 2216 443 2270 οὕτω
481 2221 546 2291 τῇ
602 2219 804 2292 Ἰταλίᾳ
834 2222 1185 2293 ἐπικειμένη,
1235 2226 1410 2280 ἐδόκει
1448 2227 1572 2291 τοὺς
1598 2228 1884 2300 Καρχηδο-

293 2306 448 2371 νίους
471 2308 896 2376 ἐκκαλέσασθαι,
940 2312 1036 2366 καὶ
1061 2313 1171 2368 τῶν
1203 2317 1504 2385 ἀντιπέραν
1525 2317 1884 2389 ἀντιποιήσα-

293 2398 448 2465 σθαι,
484 2400 549 2453 ἄν
570 2417 634 2468 γε
658 2401 863 2474 ταύτην
886 2404 1223 2475 κατάσχωσι,
1258 2409 1351 2461 καὶ
1382 2409 1414 2478 ἡ
1459 2410 1687 2480 Μεσήνη
1731 2426 1880 2481 παρ-

294 2493 412 2558 εῖχε
458 2494 568 2554 τοῖς
619 2493 915 2563 κρατᾱῦσιν
960 2497 1133 2566 αὐτῆς
1186 2502 1280 2551 καὶ
1344 2499 1438 2553 τοῦ
1488 2500 1739 2572 πορθμοῦ
1784 2518 1885 2555 κυ-

300 2584 531 2652 ριεύειν.
562 2585 954 2657 Ψηφισάμενοι
991 2589 1049 2642 δὲ
1081 2589 1337 2660 βοήθειαν
1388 2594 1436 2645 οἱ
1481 2592 1744 2664 Ῥωμαῖοι
1772 2598 1887 2659 τοῖς

300 2677 705 2748 Μαμερτίνοις,
763 2680 826 2733 οὑ
871 2681 1083 2751 ταχέως
1113 2682 1297 2746 αὐτοῖς
1359 2685 1744 2756 ἐπεκούρησαν
1800 2686 1889 2745 διά

294 2787 457 2832 τινας
480 2770 869 2840 ἐπισυμὸἀσας
896 2773 1098 2836 αἰτίας.
1114 2773 1301 2839 Ὅθεν,
1333 2775 1550 2847 ἀνάγκη
1574 2777 1888 2847 πιεζόμενοι

298 2863 351 2913 ot
394 2862 760 2933 Μαμερτῖνοι,
809 2866 1218 2936 Καρχηδονίους
1266 2868 1698 2924 ἐπεκαλέσαντο.
1728 2870 1794 2923 Οί
1831 2870 1890 2923 δὲ

303 2955 404 3007 καὶ
434 2956 647 3019 ἑαυτοῖς
679 2959 774 3011 καὶ
805 2960 918 3022 τοῖς
947 2959 1441 3029 ἐπικαλεσαμένοις
1486 2963 1711 3034 εἰρξνην
1761 2980 1894 3017 κατ-

301 3049 617 3119 επράξαντο
647 3053 787 3121 πρὸς
828 3052 1072 3123 Ἱέρωνα,
1099 3053 1184 3107 ἵνα
1218 3053 1293 3125 μὴ
1328 3055 1379 3106 οῖ
1418 3055 1679 3126 Ῥωμαῖοι
1708 3057 1765 3117 ἐς
1792 3056 1892 3123 τὴν

1973 564 2174 626 manis,
2221 563 2367 632 quod
2402 560 2888 632 Carthaginienses
2926 560 3239 617 Tarentinis
3259 577 3416 631 opem
3460 571 3550 617 tu-

1973 653 2168 708 lissent
2195 669 2209 705 :
2238 668 2268 707 a
2294 652 2868 721 Carthaginiensibus,
2925 652 3089 723 382
3122 653 3269 723 quod
3316 651 3549 707 Romani

1976 761 2102 801 cum
2143 744 2383 800 Hierone
2435 743 2736 798 amicitiam
2770 743 3043 799 ini-issent.
3076 742 3185 798 Sed
3232 758 3358 799 vera
3385 758 3549 798 causa

1976 839 2070 894 illa
2085 848 2230 902 erat,
2257 838 2408 908 quod
2437 838 2673 892 invicem
2717 851 2775 892 se
2810 844 3099 906 suspectos
3152 835 3422 891 habebam
3450 850 3473 888 ε
3497 845 3557 891 et

1979 930 2201 999 utrique
2234 929 2673 985 incolumitatem
2718 944 2872 984 suam
2910 929 2962 982 in
2988 942 3056 982 eo
3087 927 3248 982 sitam
3279 942 3403 983 esse
3453 943 3554 997 pu-

1977 1022 2189 1088 tabant,
2214 1021 2260 1077 si
2275 1022 2480 1078 alteros
2503 1021 2870 1092 subegissent.
2886 1020 3022 1076 Cum
3048 1020 3127 1075 sic
3151 1018 3329 1075 allecti
3346 1029 3553 1083 essent,

1978 1118 2299 1190 hujusmodi
2333 1119 2551 1175 occasio
2586 1117 2863 1174 solvendae
2911 1116 3084 1186 pacis,
3118 1123 3177 1170 et
3225 1113 3554 1184 auspicandi

1978 1212 2112 1269 belli
2147 1210 2363 1269 incidit.
2425 1210 2766 1275 Mamertini,
2822 1209 2919 1280 qui
2965 1207 3098 1264 olim
3142 1204 3213 1264 ex
3258 1205 3558 1276 Campania

1979 1304 2251 1360 coloniam
2309 1303 2614 1359 Messanam
2664 1302 3044 1362 deduxerant.
3097 1309 3211 1355 tum
3266 1308 3452 1355 autem
3487 1298 3556 1351 ab

1980 1397 2223 1453 Hierone
2256 1397 2676 1464 obsidebantur,
2713 1410 2874 1465 opem
2908 1395 3307 1457 Romanorum,
3333 1399 3395 1447 ut
3418 1408 3559 1463 quos

1982 1492 2314 1563 cognatione
2362 1490 2721 1560 attingerent,
2775 1487 3141 1557 implorarunt
3166 1504 3182 1541 :
3211 1485 3416 1555 quibus
3445 1487 3558 1541 ala-

1982 1584 2154 1639 criter
2179 1583 2382 1639 auxilia
2416 1591 2545 1639 sunt
2583 1582 2830 1637 decreta.
2862 1581 3053 1650 Neque
3084 1580 3232 1634 enim
3258 1579 3558 1634 obscurum

1983 1686 2140 1741 erat,
2174 1676 2533 1731 Mamertinos
2571 1676 2636 1729 ad
2672 1663 3154 1745 Carthaginienses
3203 1671 3558 1734 transituros.

1911 1807 1956 1862 Β
1985 1770 2031 1823 si
2084 1784 2116 1822 a
2166 1767 2431 1823 Romanis
2483 1767 2966 1823 destituerentur:
3014 1766 3132 1835 qui,
3163 1764 3387 1819 subacta
3450 1771 3560 1816 tota

1984 1862 2195 1927 Sicilia,
2234 1863 2362 1918 inde
2389 1864 2444 1917 in
2472 1863 2681 1918 Italiam
2719 1861 3002 1917 transituri
3052 1868 3258 1914 essent.
3300 1859 3377 1914 Ea
3411 1857 3559 1911 enim

1983 1957 2162 2013 insula
2187 1972 2378 2028 parum
2404 1973 2434 2011 a
2468 1958 2787 2011 continente
2824 1954 3025 2009 distat:
3062 1956 3209 2007 unde
3233 1944 3364 2006 olim
3386 1947 3563 2011 Italia:

1983 2050 2158 2107 fuisse
2188 2052 2443 2123 junctam
2475 2050 2814 2105 fabulantur.
2854 2047 2936 2103 Ob
2980 2047 3147 2101 situm
3198 2044 3364 2115 igitur
3395 2041 3563 2097 Italia:

1987 2151 2095 2198 tam
2150 2142 2543 2214 propinquum,
2593 2139 3078 2209 Carthaginienses
3126 2136 3362 2191 imitare
3406 2134 3563 2189 vide-

1987 2237 2152 2293 batur
2176 2254 2190 2293 :
2226 2244 2313 2301 ut,
2339 2251 2404 2290 ea
2435 2243 2723 2304 occupata,
2750 2233 2917 2288 etiam
2941 2230 3247 2301 oppositam
3270 2226 3563 2284 continen-

1989 2339 2100 2387 tem
2151 2330 2256 2385 sibi
2292 2331 2663 2386 vindicarent.
2695 2328 2764 2383 Et
2794 2326 2888 2397 qui
2918 2325 3225 2381 Messanam
3282 2320 3564 2386 tenebant,

1986 2422 2154 2478 etiam
2189 2421 2391 2477 fretum
2418 2419 2553 2475 illud
2571 2426 2865 2490 angustum
2889 2417 2943 2470 in
2971 2420 3241 2487 potestate
3265 2411 3562 2466 habebant.

1989 2514 2221 2569 Romani
2252 2530 2384 2570 vero
2405 2513 2611 2569 auxilia
2629 2508 2971 2567 Mamertinis
2997 2508 3242 2571 decreta,
3270 2505 3343 2560 ob
3368 2516 3564 2560 causas

1988 2606 2257 2678 quasdam
2288 2620 2397 2661 non
2433 2604 2619 2658 statim
2654 2602 2948 2656 miserunt.
2983 2597 3164 2663 Quare
3196 2595 3297 2660 illi,
3335 2601 3567 2663 urgente

1990 2697 2365 2761 necessitate,
2420 2693 2885 2763 Carthaginenses
2915 2688 3302 2757 implorarunt.
3360 2684 3466 2751 Qui
3509 2689 3578 2737 et
3662 2716 3689 2723 ρ

1991 2787 2338 2859 supplicibus
2368 2793 2426 2841 et
2458 2785 2563 2841 sibi
2604 2784 2738 2854 ipsis
2767 2796 2957 2853 pacem
3002 2795 3126 2835 cum
3162 2777 3407 2832 Hierone
3433 2789 3565 2830 eon-

1991 2881 2264 2945 fecerunt,
2316 2894 2388 2934 ne
2426 2876 2661 2933 Romani
2711 2875 2769 2930 in
2826 2874 3060 2928 insulam
3112 2870 3452 2940 trajicerent,
3510 2868 3593 2920 ct"

1994 2974 2185 3030 urbem
2226 2980 2391 3040 atque
2415 2968 2616 3023 fretum
2647 2964 2912 3020 Hannone
2940 2961 3099 3026 duce:
3125 2957 3564 3014 custodiverunt.

1994 3069 2209 3123 Interea
2254 3064 2317 3119 C.
2341 3062 2627 3122 Claudius,
2686 3059 2942 3113 tribunus
2993 3054 3251 3113 militum,
3295 3051 3361 3105 ab
3396 3048 3568 3118 Appio

304 3143 480 3210 νῆσον
547 3142 915 3213 περαιωθιῖωι,
956 3144 1052 3198 καὶ
1110 3144 1202 3199 τὸν
1264 3145 1512 3216 πορθμὸν
1560 3147 1617 3200 δέ
1665 3149 1756 3201 καὶ
1788 3148 1888 3217 τὴν

1995 3158 2227 3217 Claudio
2256 3170 2381 3211 cum
2417 3154 2608 3224 paucis
2650 3152 2885 3213 navibus
2936 3146 3267 3218 przemissus,
3299 3142 3567 3211 Rhegium

306 3234 471 3287 πόλιν
516 3234 842 3302 ἐφύλασσον,
897 3236 1169 3299 ’Ἄννωνος
1210 3236 1360 3305 σφῶν
1406 3237 1735 3309 ἡγουμένου.
1769 3241 1890 3295 Κάν

305 3325 492 3397 τούτῳ
541 3325 701 3389 Γαῖος
754 3325 1023 3390 Κλαύδιος
1073 3327 1395 3399 χιλιαρχῶν,
1440 3330 1632 3385 ναυσὶν
1683 3329 1892 3399 ὀλίγαις

315 3419 428 3472 ὑπὸ
470 3418 698 3473 Ἀππίου
737 3418 1003 3473 Κλαυδίου
1028 3421 1433 3491 προπεμφθεὶς,
1467 3422 1546 3485 είς
1578 3422 1642 3476 τὸ
1676 3423 1893 3492 Ῥήγιον

310 3512 569 3581 ἀφίκετο.
610 3512 941 3583 Διαπλεῦσαι
982 3512 1038 3565 δέ
1066 3512 1167 3566 οὐκ
1196 3513 1491 3585 ἐθάρρησε,
1533 3516 1669 3569 πολὺ
1712 3516 1893 3570 πλεῖον

308 3606 378 3659 τὸ
429 3606 541 3659 τῶν
595 3606 983 3678 Καρχηδονίων
1035 3607 1182 3679 ὀρῶν
1228 3610 1502 3667 ναυτικόν.
1558 3612 1795 3682 Ἀκατίφ
1849 3612 1893 3663 δ’

311 3696 519 3766 ἐμϐὰς,
552 3700 786 3769 προέσχε
837 3701 904 3783 τῇ
958 3700 1207 3774 Μεσήνῃ,
1264 3703 1360 3756 καὶ
1404 3702 1651 3774 διελέχθη
1711 3705 1895 3768 αὐτοῖς

312 3790 421 3844 ὅσα
442 3791 471 3843 ὁ
502 3790 692 3861 καιρὸς
723 3791 916 3846 ἐδίδου.
961 3792 1352 3861 Ἀντειπόντων
1389 3794 1444 3846 δὲ
1476 3794 1586 3848 τῶν
1615 3796 1898 3866 Καρχηδο-

313 3884 474 3948 νίων,
517 3883 640 3937 τότε
688 3883 790 3953 μὲν
844 3884 1011 3955 μηδὲν
1068 3886 1285 3956 πράξας
1331 3886 1668 3958 ἀνεκομίσθη
1696 3903 1711 3920 °
1761 3891 1899 3958 μετὰ

313 3974 499 4031 ταῦτα
528 3974 605 4040 δέ,
639 3977 804 4044 γνοὺς
830 3977 957 4039 τοὺς
991 3978 1379 4049 Μαμερτίνους
1409 3979 1467 4032 ἐν
1492 3979 1679 4033 στάσει
1713 3980 1898 4049 ὄντας,

320 4065 474 4139 (οὔτε
507 4068 617 4138 γὰρ
649 4069 765 4130 τοῖς
822 4066 1115 4137 Ῥωμαίοις
1167 4070 1414 4124 ὑπείκειν
1453 4070 1757 4133 ἐϐούλοντο.
1806 4074 1901 4128 καὶ

317 4161 450 4224 τοὺς
486 4158 894 4230 Καρχηδονίους
923 4159 1270 4231 ἐϐαρύνοντο)
1302 4161 1564 4216 ἔπλευσεν
1591 4163 1771 4231 αὖθις,
1809 4167 1902 4218 καὶ

320 4251 466 4304 ἄλλα
496 4267 556 4303 τε
608 4247 766 4303 εἶπεν
813 4249 1118 4320 ἐπαγωγὰ,
1170 4251 1265 4305 καὶ
1301 4251 1376 4315 ὡς
1423 4254 1511 4307 ἐπ’
1543 4253 1902 4326 ἐλευθερώσει

321 4344 432 4412 τῆς
456 4342 665 4405 πόλεως
708 4342 858 4413 ἥκει,
893 4343 989 4397 καὶ
1017 4342 1237 4397 ἐπειδὰν
1267 4346 1593 4398 κατασταῖεν
1620 4346 1689 4399 τὰ
1720 4348 1901 4417 πράγο

324 4451 505 4505 ματα,
541 4433 899 4499 ἀποπλεύσει,
951 4434 1047 4488 καὶ
1089 4428 1217 4498 τοὺς
1256 4432 1725 4509 Καρχηδονίουςῆ
1764 4439 1903 4492 ἁπο-

1998 3250 2173 3303 veuit.
2211 3246 2321 3301 Sed
2347 3258 2472 3300 cum
2515 3242 2769 3297 hostilem
2801 3240 3031 3294 classem
3094 3235 3251 3304 longe
3309 3232 3586 3301 majorem-

1997 3340 2231 3403 videret,
2276 3337 2531 3408 trajicere
2585 3348 2692 3387 non
2743 3345 2930 3393 ausus,
2979 3325 3233 3381 navicula
3274 3335 3572 3377 conscensa

1999 3434 2304 3488 Messanam
2354 3424 2605 3498 appulit:
2641 3431 2700 3478 et
2744 3437 2869 3477 cum
2923 3415 3259 3474 Mamertinis
3291 3429 3361 3468 ea
3402 3412 3575 3468 collu—

2000 3533 2164 3582 cntus
2187 3533 2294 3587 est,
2327 3534 2450 3590 quae
2474 3526 2691 3585 tempus
2734 3512 2967 3568 terebat.
2999 3509 3106 3565 Sed
3146 3503 3573 3574 Carthaginiena

2001 3619 2157 3674 sibus
2185 3609 2495 3682 refragatis,
2520 3616 2634 3662 tum
2653 3604 2876 3675 quidem
2896 3602 3061 3657 rebus
3087 3596 3305 3653 infectis
3324 3593 3568 3648 recessit.

2003 3710 2136 3766 Ροει
2165 3713 2373 3766 autem,
2414 3714 2540 3756 cum
2567 3695 2922 3752 Mamertinos
2949 3693 3003 3746 in
3029 3696 3181 3745 motu
3215 3701 3336 3742 esse
3368 3697 3573 3755 cogno—

2004 3801 2177 3856 visset
2224 3799 2440 3865 (neque
2472 3793 2619 3848 enim
2658 3786 2919 3843 Romanis
2960 3797 3153 3855 parere
3203 3779 3484 3844 volebant,
3522 3785 3593 3832 et‘

2002 3886 2493 3957 Carthaginienses
2542 3895 2687 3951 :egre
2737 3873 3119 3948 patiebantur)
3175 3885 3377 3927 rursus
3422 3868 3580 3923 navi-

2006 3974 2194 4046 gavit:
2225 3980 2284 4026 et
2325 3975 2524 4039 praeter
2576 3964 2680 4020 alia
2733 3962 2803 4017 ad
2845 3958 3287 4031 persuadendum
3321 3963 3482 4027 apta,
3523 3969 3581 4010 se

2008 4061 2308 4122 liberandae
2342 4058 2587 4116 civitatis
2631 4070 2767 4126 ergo
2804 4053 2999 4109 adesse
3033 4051 3196 4114 dixit,
3240 4059 3297 4105 et
3328 4047 3597 4103 rebusin

2012 4159 2295 4228 integrum
2343 4150 2618 4207 restitutis
2679 4159 3051 4203 recessurum.
3098 4140 3591 4211 Carthaginienses,

2012 4264 2147 4305 vero
2201 4258 2300 4301 aut
2338 4242 2641 4306 recedere,
2710 4247 2805 4295 aut
2858 4251 3021 4308 quam
3072 4237 3289 4306 justam
3326 4231 3585 4287 manendi

2011 4356 2231 4396 causam
2258 4337 2545 4399 haberent,
2572 4344 2847 4401 exponere
2866 4326 3049 4401 jussit.
3083 4326 3219 4380 Cum
3243 4337 3377 4377 vero
3404 4336 3585 4390 neque

2011 4431 2370 4488 Mamertinus
2417 4426 2708 4497 quisquam
2778 4436 2892 4491 prae
2938 4426 3088 4473 metu
3138 4418 3482 4484 loqueretur,
3530 4424 3587 4464 et

324 4527 583 4598 γηςῆσαι
614 4526 925 4600 ἐκέλευσεν,
974 4527 1007 4597 ἢ
1057 4528 1113 4581 εἴ
1157 4544 1210 4581 τι
1258 4528 1467 4582 δίκαιον
1517 4527 1712 4600 ἔχοιεν,
1744 4529 1892 4584 τοῦτ(

2009 4522 2493 4593 Carthaginienses
2515 4514 2889 4589 Μαι-δοκι
2913 4511 2965 4566 vi
2995 4517 3265 4573 tenentes,
3293 4504 3431 4560 nihil
3457 4519 3584 4558 eum

325 4621 530 4674 εἰπεῖν.
573 4617 661 4682 Ὠς
689 4620 733 4673 δ’
773 4619 899 4674 οὕτε
940 4620 1052 4673 τῶν
1101 4622 1468 4691 Μαμερτίνων
1509 4638 1592 4683 τις
1623 4622 1730 4675 ὑπὸ
1748 4622 1906 4687 δέους

327 4709 665 4778 ἐφθέγγετο,
703 4709 799 4767 καὶ
838 4711 889 4764 oi
923 4709 1308 4782 Καρχηδόνιοι,
1338 4710 1430 4781 βίᾳ
1460 4711 1561 4780 τὴν
1588 4710 1744 4764 πόλιν
1777 4728 1910 4764 κατ-

329 4803 575 4873 έχοντες,
615 4801 767 4856 οὐδὲν
813 4801 981 4856 αὐτοῦ
1027 4803 1341 4874 ἐφρόντιζον
1376 4818 1392 4834 ’
1428 4803 1750 4871 Δῦταρκες,
1783 4804 1911 4873 ἔφη,

325 4895 668 4963 μαρτύριον
695 4893 833 4962 παρ’
883 4893 1233 4963 ἀμφοτέρων
1270 4894 1310 4960 ἡ
1359 4895 1579 4962 σιωπὴ,
1640 4895 1759 4949 τῶν
1803 4898 1918 4965 μὲν

330 4984 424 5037 ὅτι
447 4983 789 5049 ἀδικοῦσιν,
809 4986 880 5057 (ει
908 4985 1021 5055 γάρ
1052 5003 1106 5039 τι
1136 4986 1300 5056 ὑγιὲς
1321 4986 1641 5054 ἐφρόνουν,
1667 4987 1920 5041 ἐδικαιο-

332 5077 685 5145 λογήσαντο
707 5075 805 5148 ἂν)
840 5076 960 5130 τῶν
995 5076 1084 5143 δὲ,
1105 5076 1195 5131 ὅτι
1210 5064 1330 5143 ὶῆς
1351 5077 1694 5144 ἐλευθερίας
1714 5078 1910 5146 ἐφίεν-

335 5183 454 5219 ται.
496 5166 1060 5236 Ἐπιιρρησιιίσαντο
1110 5167 1222 5238 γὰρ
1255 5166 1354 5234 ἂν,
1397 5169 1451 5221 εί
1490 5167 1563 5221 τὰ
1604 5168 1724 5222 τῶν
1768 5174 1918 5240 Καρ-

336 5258 645 5327 χηδονίων
671 5261 1030 5329 προῄρηντο,
1076 5260 1176 5314 καὶ
1213 5260 1660 5331 ἐπηγγέλλοντο
1685 5261 1919 5330 1301;015-

339 5367 483 5405 σειν
529 5351 762 5418 αὐτοῖς.
811 5352 1054 5422 Θορύόου
1097 5352 1154 5406 δέ
1204 5353 1300 5407 καὶ
1342 5352 1568 5408 ἐπαίνου
1604 5353 1757 5423 παρὰ
1807 5354 1920 5406 τῶν

339 5444 713 5513 Μαμερτίνων
735 5444 828 5497 ἐπὶ
849 5444 1056 5509 τούτοις
1081 5445 1398 5515 γενομένου,
1431 5445 1592 5509 εὐθὺς
1623 5444 1922 5499 ἀνέπλευσε

342 5535 487 5601 πρὸς
517 5537 580 5588 τὸ
620 5537 862 5608 Ῥήγιον,
895 5541 990 5592 καὶ
1028 5541 1146 5608 μετ’
1179 5538 1360 5607 ὀλίγον
1389 5540 1552 5593 παντὶ
1576 5539 1656 5607 τῷ
1682 5537 1924 5605 ναυτικῷ

2015 4607 2279 4675 curarent
2308 4630 2323 4667 :
2356 4612 2521 4671 Satis,
2555 4607 2752 4678 inquit,
2784 4602 3089 4674 argumenti
3123 4609 3198 4654 est
3246 4607 3589 4668 utrorumque

2016 4713 2302 4773 silentium,
2363 4706 2558 4761 alteros
2583 4702 2787 4773 injuste
2813 4714 2970 4767 agere
3002 4697 3157 4767 (nam
3190 4694 3237 4748 si
3266 4709 3428 4748 causa
3471 4692 3603 4762 freti

2020 4811 2212 4865 essent,
2248 4815 2304 4853 se
2351 4792 2727 4866 delenderent)
2785 4789 2981 4843 alteros
3035 4784 3292 4840 libertatis
3349 4798 3459 4836 esse
3499 4797 3592 4834 cu-

2021 4895 2189 4964 pidos.
2220 4890 2281 4947 Si
2330 4890 2469 4943 enim
2513 4880 3044 4953 Carthaginiensibus
3096 4876 3390 4934 studerent,
3435 4873 3615 4927 libere-

2021 4984 2129 5039 illi's
2161 4982 2365 5037 auxilia
2405 4980 2787 5051 promitterent.
2832 4973 2965 5040 Quae
2993 4971 3160 5027 verba
3196 4983 3321 5024 cum
3346 4967 3595 5022 Mamer-

2021 5077 2120 5131 tini
2149 5089 2276 5130 cum
2304 5074 2496 5144 plausu
2521 5078 2579 5124 et
2625 5067 2882 5123 laudibus
2902 5062 3282 5132 excepissent,
3319 5058 3590 5129 Rhegium

2026 5169 2210 5225 statim
2248 5165 2412 5221 rediit
2444 5180 2459 5217 :
2491 5178 2556 5217 ac
2589 5160 2753 5231 paulo
2794 5166 2918 5228 post
2967 5171 3094 5210 cum
3138 5160 3251 5206 tota
3306 5151 3480 5206 classe
3537 5149 3592 5202 vi

2030 5260 2283 5332 trajicere
2309 5264 2564 5316 conatus,
2596 5252 2795 5323 partim
2846 5249 2918 5305 ob
2973 5243 3386 5302 multitudinem
3414 5250 3470 5296 et
3501 5253 3595 5294 so-

2029 5351 2246 5407 lertiam
2264 5344 2822 5415 Carthaginiensium,
2851 5339 3047 5410 partim
3065 5335 3273 5391 obfreti
3303 5332 3592 5388 saevitiam.

2029 5451 2084 5497 et
2111 5446 2490 5509 tempestatem
2518 5435 2704 5490 subito
2736 5442 3002 5492 exortata,
3034 5424 3365 5483 triremibus
3389 5422 3611 5491 aliquot

2031 5528 2270 5593 amissis,
2307 5546 2430 5584 cum
2464 5527 2694 5597 reliquis
2716 5540 2858 5596 agre
2889 5521 3065 5578 tenuit
3093 5517 3378 5585 Rhegium.

1485 5695 1682 5757 Variae
1714 5694 2027 5757 lectiones
2071 5697 2134 5753 et
2168 5697 2356 5752 notae.

418 5818 538 5890 (Ἦ)
568 5819 787 5888 Αὐτοῖς
820 5820 1172 5892 πτοούμενοι
1206 5821 1622 5891 προθυμότατα
1670 5820 1921 5891 ὧργοωο.
1966 5820 2093 5878 Mss.
2134 5815 2259 5875 eod.
2294 5810 2619 5883 πονούμενοι
2648 5810 3035 5884 προθυμότατα
3058 5806 3278 5878 ὤργων.
