4042 6200
342 217 449 279 663

1606 222 1937 283 IOANNIS
1969 223 2296 285 ΖΟΝΑΗᾹΞ

3489 217 3599 284 εει

271 321 281 329 ’
354 329 483 395 ιυῑι,
530 330 694 385 etiam
736 332 1063 390 Annibalem
1096 335 1384 406 eruptione
1419 336 1559 391 facta
1590 337 1866 391 Romanos
1893 352 1921 390 a

2048 338 2209 402 ιύτοῖς
2258 340 2649 410 συναιρόμενος
2702 337 2990 408 πρότερον,
3031 336 3153 390 τότε
3209 338 3359 391 σῖτον
3420 336 3609 400 αὐτοις

347 433 506 493 tergo
532 439 806 478 cmsurum
834 435 1089 496 Sperans.
1120 426 1240 493 Quo
1262 428 1523 482 consules
1548 427 1928 482 animadverso

346 531 472 570 cum
502 516 873 585 quiescerent,
905 526 958 572 et
992 516 1185 573 Hanno
1216 534 1313 588 per
1346 527 1721 589 contemptum
1756 534 1928 588 usque

350 608 418 662 ad
472 608 673 663 vallum
706 609 1054 675 accessisset,
1105 610 1313 680 aliquot
1344 610 1631 671 miserunt,
1678 612 1770 681 qui
1818 612 1867 665 ei
1898 627 1927 664 a

352 710 509 771 tergo
543 700 964 755 insidiarentur.
1016 701 1226 770 Illoque
1253 701 1356 756 sub
1399 717 1683 770 vesperam
1734 718 1927 756 secure

353 797 410 840 et
439 787 972 859 contemptim386
1000 788 1305 843 exercitum
1341 789 1665 855 reducente,
1697 790 1929 845 Romani

354 889 465 932 tam
492 894 560 931 ex
591 878 755 943 vallo,
790 894 953 948 quam
983 896 1047 933 ex
1081 880 1297 935 insidiis
1342 896 1468 936 Cllltl
1498 882 1757 952 aggressi.
1791 876 1932 935 mul-

364 980 473 1022 tam
520 978 576 1022 et
611 969 895 1023 hominum
936 980 993 1024 ct
1027 971 1451 1040 elephantorum
1501 972 1704 1026 candent
1738 972 1931 1027 edide-

355 1069 504 1116 rnnt.
538 1062 753 1117 Interea
806 1062 1039 1117 Annibal
1089 1062 1461 1118 Romanorum
1493 1073 1670 1118 castra
1706 1064 1931 1119 adortus

357 1161 463 1219 est,
509 1153 609 1207 sed
654 1155 910 1225 repulsus
940 1171 971 1208 a
1002 1154 1345 1211 custodibus.
1385 1155 1578 1209 Hanno
1611 1156 1803 1209 castris
1838 1155 1928 1210 dc.

360 1244 528 1299 sertis
563 1245 882 1300 Ileracleam
930 1246 1200 1317 confugit.
1254 1245 1492 1300 Annibal
1542 1254 1709 1301 noctu
1759 1247 1929 1317 Agri-

357 1347 524 1407 gento
587 1337 939 1408 profugiendi
1000 1347 1163 1408 capto
1221 1337 1475 1402 consilio,
1544 1336 1660 1407 ipse
1710 1338 1929 1408 quidem

357 1426 498 1479 clam
541 1428 719 1482 evasit
752 1445 765 1481 :
796 1429 981 1483 caueri
1032 1436 1218 1483 autem
1265 1428 1618 1497 deprehensi.
1672 1430 1867 1498 partim
1902 1447 1930 1484 a

356 1516 641 1583 Romanis,
672 1517 828 1572 multi
876 1518 945 1572 ab
985 1518 1358 1589 Agrigentinus
1387 1526 1517 1572 sunt
1562 1521 1727 1573 occisi
1775 1537 1789 1572 :
1836 1521 1931 1591 qui

360 1615 542 1661 tamen
578 1622 644 1662 ea
687 1623 747 1661 re
778 1608 995 1663 veniam
1032 1624 1142 1664 non
1178 1609 1563 1679 impetrarunt,
1601 1612 1696 1663 scd
1734 1612 1932 1681 opibus

2030 427 2296 500 επεμψεν,
2330 428 2404 493 ὥς
2454 447 2514 484 τε
2567 430 2661 483 καὶ
2725 428 2853 491 τοὺς
2914 427 3157 490 ὑπάτους
3206 426 3607 498 ἀναθαρσῆσαι.

2037 520 2247 573 ’Ἀννων
2274 519 2329 573 δέ
2354 520 2679 591 ἐπεχείρησε
2709 520 2892 589 μάχην
2932 517 3189 587 συνάψαι,
3223 517 3475 581 ἐλπίσας,
3513 517 3612 571 καὶ

2030 613 2121 666 τὸν
2163 612 2414 666 Ἀννίδαν
2435 614 2500 666 ἐκ
2534 611 2628 667 τοῦ
2669 612 2881 683 τείχους
2908 611 3050 665 κατὰ
3106 609 3278 664 νώτου
3301 612 3414 673 τοῖς
3466 610 3613 662 Ῥωη

2034 707 2215 777 μαίοις
2246 704 2699 777 προσπεσεῖσθαι.
2743 707 2808 758 '0
2840 704 3108 775 μαθόντες
3133 705 3184 757 οἱ
3216 703 3435 765 ὕπατοι,
3474 702 3615 772 ἡσύ-

2037 799 2223 869 χαζον,
2251 798 2326 861 ὥς
2348 814 2409 851 τε
2437 797 2531 850 τὸν
2563 798 2807 850 Ἀννωνα
2849 797 3347 867 καταφρονήσαντα
3400 794 3479 865 τῷ
3515 813 3616 847 τα-

2032 890 2311 960 φρεύματι
2336 887 2674 959 προσελθεῖν.
2703 889 2998 958 Ἔπεμψαν
3047 887 3105 941 δέ
3163 904 3320 949 τινας
3375 886 3613 939 κατόπιν

2031 981 2198 1035 αὐτοῦ
2244 980 2680 1051 ἐνεδρεύσοντας.
2752 980 2997 1033 Ἐκείνου
3068 979 3126 1032 δέ
3177 980 3315 1048 πρὸς
3369 978 3615 1046 ἑσπέραν

2031 1072 2205 1136 ἀδεῶς
2238 1072 2333 1125 καὶ
2358 1069 2848 1141 καταφρονητικῶς
2894 1070 3291 1136 ἐπανάγοντος,
3333 1070 3395 1122 ἐκ
3425 1087 3484 1121 τε
3512 1071 3616 1137 τῆς

2031 1165 2253 1234 ἐνέδρας
2291 1162 2520 1216 καὶτοῦ
2576 1161 2982 1233 χαρακώματος
3046 1160 3197 1230 αὐτῷ
3245 1162 3295 1215 οἱ
3352 1162 3615 1230 Ῥωμαῖοι

2032 1254 2351 1325 συνέμιξαν,
2382 1255 2478 1307 καὶ
2530 1255 2693 1324 φόνον
2760 1252 2930 1307 πολὺν
2962 1253 3058 1307 καὶ
3111 1252 3297 1307 αὐτῶν
3357 1254 3454 1306 καί
3499 1254 3616 1307 τῶν

2032 1347 2339 1415 ἐλεφάντων
2378 1346 2730 1416 εἰργάσαντο.
2763 1346 2824 1399 '0
2857 1344 2902 1399 δ’
2922 1344 3176 1405 Ἀννίϐας
3202 1345 3263 1398 ἐν
3296 1345 3472 1415 τούτῳ
3491 1346 3617 1406 ταῖς

2034 1440 2259 1509 σκηναῖς
2310 1438 2419 1489 τῶν
2456 1436 2744 1507 Ῥωμαίων
2797 1435 3058 1500 ἐπελθὼν,
3116 1435 3451 1505 ἐξεκρούσθη
3511 1435 3619 1492 ὕει-ὠ

2031 1531 2140 1583 τῶν
2171 1530 2550 1599 φυλαττόντων
2577 1528 2766 1592 αὑτάς.
2800 1527 2858 1581 Ὀ
2882 1528 2928 1581 δ’
2956 1529 3165 1581 ’Δννων
3194 1531 3273 1591 είς
3304 1527 3403 1599 τὴν
3448 1528 3620 1597 ’Πρά-

2039 1624 2228 1675 κλειαν
2264 1622 2562 1691 κατέφυγε,
2607 1621 2667 1673 τὺ
2698 1620 3062 1690 στρατόπεδον
3106 1618 3367 1682 ἐκλιπὼν,
3437 1623 3533 1673 καὶ
3579 1622 3610 1673 ό

357 1694 590 1766 direptis
621 1712 812 1752 omnes
846 1699 1170 1754 venierunt.
1222 1698 1491 1757 Consules
1546 1700 1847 1756 Messanam
1882 1703 1935 1758 in

2056 1713 2306 1777 Ἀννίϐας
2338 1686 2529 1776 νυκτδς
2559 1686 2818 1782 ἐκδράναι
2846 1711 2941 1766 τοῦ
2991 1713 3367 1779 Ἀκράγαντος
3401 1712 3620 1780 βουλευ-

358 1789 591 1844 Itiberna
652 1800 1068 1845 concesserunt.
1132 1791 1615 1864 Carthaginienses
1683 1796 1935 1851 Ilannoni

360 1880 512 1945 irati,
538 1878 867 1937 Amilcarem
890 1881 1222 1938 Barchinum
1246 1898 1621 1942 successorem
1645 1887 1935 1950 dederunt,

364 1974 779 2044 imperatorem,
826 1976 1097 2031 Annibale
1138 1976 1253 2032 ﬁlio
1289 1989 1542 2050 excepto,
1619 1980 1764 2037 inter
1807 1996 1937 2035 suos

359 2067 879 2137 praastqntissimum
907 2085 921 2122 :
947 2070 1039 2137 qui
1069 2083 1196 2124 cum
1233 2069 1477 2125 Siciliam
1513 2073 1627 2142 ipse
1662 2081 1934 2139 tueretur,

361 2154 694 2211 Annibalem
721 2156 883 2211 classi
918 2157 1233 2224 praefectum
1264 2158 1318 2212 in
1351 2159 1591 2225 Italiam,
1623 2176 1733 2214 orae
1764 2162 1936 2215 mari-

366 2247 517 2300 timae
541 2246 868 2303 infestantis:
891 2262 1056 2303 causa
1090 2247 1263 2314 misit,
1295 2262 1354 2305 ut
1385 2251 1639 2306 consules
1669 2253 1734 2307 ad
1768 2267 1826 2307 se
1853 2268 1939 2307 reo

368 2339 641 2396 traheret.
677 2338 784 2395 Sed
821 2327 1013 2395 fefellit
1058 2355 1185 2395 eum
1220 2342 1431 2412 opinio.
1476 2344 1610 2399 Nam
1669 2344 1937 2414 prasidiis

368 2430 573 2499 ubique
600 2431 656 2485 in
690 2431 827 2486 mari
858 2431 1160 2499 collocatis,
1196 2434 1252 2488 in
1293 2433 1536 2490 Siciliam
1573 2435 1822 2505 profecti,
1855 2437 1943 2491 ni-

368 2522 446 2577 hil
476 2522 835 2577 memorabile
863 2533 1172 2595 gesserunt.
1215 2524 1458 2581 Amilcar
1491 2541 1643 2592 vero,
1690 2536 1940 2582 metuens

366 2628 437 2668 ne
472 2612 614 2669 Galli
662 2613 885 2675 milites.
926 2614 999 2670 ob
1040 2615 1318 2686 stipendia
1348 2631 1456 2671 non
1493 2617 1703 2687 integra
1744 2633 1939 2673 mune-

372 2715 489 2760 rata
529 2705 901 2776 indignantes.
949 2721 1073 2762 cum
1106 2707 1370 2763 Romanis
1415 2724 1474 2764 se
1520 2710 1936 2780 conjungerent,

366 2797 437 2852 ad
484 2797 776 2867 quamdam
823 2798 1126 2861 Romanam
1193 2800 1387 2855 urbem
1435 2817 1533 2870 per
1571 2801 1939 2871 proditionem

368 2889 580 2944 scilicet
604 2890 982 2958 occupandam
1007 2900 1065 2945 et
1091 2889 1457 2960 diripiendam
1483 2907 1579 2947 eos
1608 2893 1757 2947 misit
1785 2894 1941 2949 :sub-

369 2982 579 3036 ornatis
649 2982 965 3053 transfugis,
1025 2983 1120 3053 qui
1159 2984 1484 3039 consulibus
1521 2984 1801 3039 Gallorum
1840 2986 1939 3039 ad-

372 3083 601 3128 ventum
644 3076 990 3130 nuntiarent.
1033 3074 1112 3129 Ita
1143 3075 1220 3131 illi
1261 3076 1455 3133 omnes
1486 3077 1702 3131 insidils
1733 3078 1947 3146 excepti

376 3164 665 3233 perierunt
698 3180 712 3216 :
746 3165 844 3220 sed
866 3175 923 3220 et
956 3166 1326 3222 Romanorum
1354 3169 1509 3223 multi
1546 3168 1948 3224 occubuerunt.

374 3255 712 3311 Consulibus
747 3256 972 3311 domum
1012 3258 1275 3325 reversis;
1312 3257 1555 3314 Amilear
1583 3259 1747 3314 etiam
1781 3258 1951 3313 Italia:

372 3362 526 3400 oram
551 3346 723 3402 classe
749 3348 1006 3416 vastavit;
1032 3358 1090 3403 et
1114 3348 1387 3418 quasdam
1415 3348 1617 3406 Sicilia:
1647 3350 1811 3405 urbes
1828 3349 1953 3404 sub-

372 3442 504 3511 egit.
568 3444 689 3506 Quo
721 3441 955 3496 Ilutuani
1002 3441 1214 3503 audito.
1257 3443 1489 3499 classem
1543 3442 1950 3505 instruxerunt.

376 3533 467 3584 cui
520 3533 810 3586 consulum
840 3532 983 3587 alter
1013 3532 1221 3587 Cneius
1250 3533 1485 3588 Duillius
1525 3545 1611 3587 est
1640 3533 1951 3603 prtelectus,

374 3625 582 3695 collega
609 3626 731 3695 ejus
760 3625 964 3680 Cneius
994 3623 1287 3681 Cornelius
1322 3625 1376 3679 in
1419 3625 1663 3680 Siciliam
1704 3624 1905 3681 missus
1935 3643 1952 3682 :

376 3720 469 3787 qui
502 3734 628 3774 cum
659 3719 806 3773 bello
838 3718 1110 3784 terrestri,
1140 3718 1286 3788 quod
1317 3716 1635 3772 mandatum
1665 3718 1717 3771 ei
1752 3719 1949 3781 fuerat,

380 3812 660 3880 neglecto,
698 3810 933 3865 navibus
968 3824 1107 3880 quas
1141 3808 1399 3873 habebat,
1432 3807 1665 3878 Liparae.
1701 3821 1798 3876 spe
1830 3822 1951 3877 pro-

368 3905 606 3959 ditionis
643 3904 773 3959 dolo
802 3904 1341 3976 Carthaginiensimu
1359 3928 1363 3932 ι
1383 3904 1549 3972 facta,
1576 3904 1898 3976 appulisset,
1926 3920 1954 3958 a

380 3997 530 4052 Bode
561 3998 850 4052 Annibalis
878 3997 1058 4070 legato
1100 4009 1188 4055 est
1233 4000 1665 4055 circumventus.
1695 3997 1830 4053 Cum
1861 4011 1958 4051 au—

377 4097 487 4141 tem
534 4088 600 4143 ad
643 4088 1023 4145 defensionem
1071 4104 1131 4145 se
1172 4100 1412 4160 pararet,
1447 4089 1539 4144 ille
1577 4089 1950 4143 Romanorum

379 4180 666 4237 audaciam
703 4182 935 4247 veritus.
968 4197 1078 4237 eos
1093 4182 1161 4237 ad
1192 4182 1345 4252 pacis
1369 4181 1718 4236 conditiones
1760 4195 1957 4250 provo-

379 4274 548 4328 cavit.
598 4272 850 4344 Cumque
888 4274 1100 4329 consuli
1141 4281 1200 4330 et
1240 4272 1481 4329 tribunis
1534 4272 1770 4327 militum
1825 4286 1955 4338 per-

1975 3035 2021 3094 Ω

2046 1805 2301 1874 σάμενος,
2351 1804 2511 1866 αὐτὸς
2539 1803 2636 1871 μὲν
2658 1801 2869 1856 ἔλαθεν⁸
2912 1806 2963 1857 οἱ
2993 1804 3037 1856 δ’
3069 1805 3216 1858 ἄλλοι
3254 1802 3619 1871 γνωσθέντες,

2043 1898 2090 1948 οἱ
2124 1894 2222 1964 μέν
2251 1894 2357 1947 ὑπὸ
2388 1893 2496 1946 τῶν
2539 1893 2848 1963 Ῥωμαίων,
2884 1895 3070 1964 συχνοὶ
3106 1895 3164 1949 δέ
3220 1895 3317 1948 καὶ
3368 1894 3476 1947 ὑπδ
3505 1895 3620 1947 τῶν

2056 1984 2504 2056 Ἀκραγαντίνων
2533 1983 2897 2055 ἐκτάνθησαν.
2925 1985 2999 2036 Ub
3046 1985 3229 2053 μέντοι
3282 1981 3620 2052 συγγνώμης

2045 2078 2236 2147 ἔτυχον
2265 2077 2315 2129 οἱ
2344 2077 2784 2146 Ἀκραγαντῖνοι,
2809 2074 2944 2128 ἀλλά
2962 2076 3057 2129 καὶ
3082 2075 3152 2128 τά
3176 2075 3435 2145 χρήματα
3464 2073 3621 2142 σφῶν

2046 2166 2487 2237 διηρπάσθησαν,
2515 2166 2605 2218 καὶ
2633 2165 2789 2220 αὐτοὶ
2817 2166 3138 2236 ἐπράθησαν
3181 2166 3444 2226 ἅπαντες.
3509 2163 3623 2217 Καὶ

2047 2262 2093 2313 οἱ
2124 2262 2222 2330 μέν
2256 2258 2451 2311 ὕπατοι
2490 2259 2627 2326 πρὸς
2647 2258 2744 2328 τὴν
2778 2258 3037 2327 Μεσήνην
3071 2258 3160 2312 διὰ
3208 2257 3320 2309 τῶν
3366 2257 3618 2326 χειμῶνα

2044 2348 2423 2420 ἀνεχώρησαν.
2482 2348 2796 2419 Ὠργίξοντο
2844 2347 2892 2401 δ’
2946 2349 2998 2400 οί
3066 2348 3426 2418 Καρχηδόνιοι
3476 2347 3619 2399 κατά

2051 2442 2344 2508 Ἄννωνος,
2370 2441 2466 2494 καὶ
2513 2440 2780 2508 Ἀμίλκαν
2813 2438 2929 2493 ἀντ’
2986 2438 3153 2493 αὑτοῦ
3192 2438 3285 2491 τὸν
3344 2436 3624 2507 Βαρχίδην

2045 2531 2392 2594 ἀπέστειλαν,
2426 2530 2599 2601 ἀνδρα
2628 2528 2737 2582 τῶν
2762 2529 3074 2599 ὁμοφύλων,
3101 2526 3239 2597 πλὴν
3267 2527 3359 2581 τοῦ
3401 2525 3626 2579 Ἀννίϐα

2044 2623 2138 2678 τοῦ
2169 2623 2334 2689 υἱέος,
2376 2623 2433 2675 ἐν
2463 2620 2769 2693 στρατηγίᾳ
2800 2621 3105 2690 κρείττονα·
3164 2621 3260 2673 καὶ
3307 2618 3471 2681 αὐτὸς
3521 2617 3626 2687 μιν

2046 2715 2143 2786 τὴν
2188 2713 2441 2768 Σικελίαν
2472 2712 2793 2784 ἐφύλαττεν
2842 2711 3094 2765 Ἀννίϐαν
3123 2710 3180 2766 δὲ
3240 2708 3625 2779 ναυαρχοῦντα

2047 2807 2105 2871 ἐς
2126 2806 2362 2861 Ἰταλίαν
2404 2802 2640 2875 ἔπεμψε,
2672 2806 2745 2859 τά
2792 2804 3037 2873 παράλια
3091 2802 3262 2871 αὐτῆς
3303 2800 3626 2871 κακουργή-

2049 2917 2232 2966 σοντα,
2267 2899 2354 2952 ἵνα
2376 2898 2502 2962 τοὺς
2530 2898 2770 2960 ὑπάτους
2803 2897 2939 2969 πρὸς
2987 2895 3178 2950 ἐαυτὸν
3225 2894 3626 2963 ἐπισπάσηται.

2064 2988 2207 3041 Ἀλλ’
2242 2989 2342 3041 οὐκ
2384 2988 2543 3058 ἔτυχε
2586 2987 2683 3041 τοῦ
2732 2986 2957 3043 σκοποῦ.
3006 2986 3467 3055 Καταστήσαντες
3514 2982 3628 3053 γὰρ

2052 3081 2248 3133 ἐκεῖνοι
2274 3079 2515 3150 φρουράς
2550 3078 2879 3149 ἑκασταχόθι
2905 3078 3004 3148 τῆς
3032 3076 3326 3147 παραλίας,
3361 3077 3441 3137 είς
3470 3074 3629 3127 Σικεο

2051 3170 2173 3224 λίαν
2196 3166 2383 3241 ἦλθον,
2415 3169 2569 3223 οὐδὲν
2597 3169 2654 3222 δέ
2679 3169 2900 3240 μνήμης
2958 3166 3201 3239 ἔπραξαν
3251 3166 3422 3231 ἄξιον.
3461 3164 3520 3218 '0
3567 3162 3628 3216 δέ

2065 3260 2327 3330 Ἀμίλκας
2357 3262 2483 3324 τοὺς
2512 3260 2758 3324 Γαλάτας
2797 3261 2925 3323 τοὺς
2971 3258 3355 3330 μισθοφόρους,
3400 3258 3484 3310 ὅτι
3542 3257 3624 3327 μὴ

2053 3353 2243 3424 ἐντελῆ
2305 3352 2542 3408 δέδωκεν
2570 3354 2760 3416 αὐτοῖς
2804 3352 2897 3406 τὸν
2949 3350 3161 3422 μισθὸν,
3206 3348 3630 3420 ἀγανακτήσανο

2052 3464 2178 3511 τας,
2240 3447 2500 3517 φοϐηθεὶς
2540 3444 2617 3517 μὴ
2684 3446 3120 3517 προσχωρήσωσι
3180 3443 3626 3513 τοίςῬωμαίοις,

2051 3538 2347 3609 διέφθειρε,
2383 3537 2608 3608 πέμψας
2637 3536 2835 3600 αὐτοὺς
2876 3537 2954 3600 είς
3005 3554 3128 3590 τινα
3157 3537 3267 3590 τῶν
3320 3535 3425 3589 ὑπὸ
3476 3534 3628 3586 Ῥω·

2057 3629 2251 3699 μαίους
2286 3628 2441 3682 πόλιν
2477 3626 2971 3699 παραληψομένους
3005 3627 3195 3698 αὐτὴν,
3222 3627 3298 3690 ώς
3326 3627 3467 3696 τάχα
3492 3640 3630 3694 προ-

2052 3722 2355 3792 διδομένην,
2394 3722 2489 3774 καὶ
2516 3720 2817 3790 διαρπάσαι
2850 3720 3021 3789 αὐτὴν
3050 3718 3372 3790 ἐπιτρέψας.
3402 3718 3631 3779 Στείλας

2053 3814 2109 3867 δὲ
2143 3814 2280 3883 πρὸς
2301 3813 2427 3876 τοὺς
2459 3812 2699 3874 ὑπάτους
2729 3809 3223 3880 ψευδαυτομόλους,
3254 3809 3352 3881 τὴν
3385 3810 3493 3862 τῶν
3522 3809 3563 3862 Γ
3566 3825 3632 3861 α-

2054 3908 2231 3960 λατῶν
2262 3904 2680 3976 προμηνύοντας
2708 3903 2938 3956 ἐλευσινο
2976 3903 3101 3956 ὅθεν
3141 3904 3191 3955 οἱ
3238 3902 3473 3956 Γαλάται
3527 3901 3629 3970 μὲν

2058 3999 2259 4061 πάντες
2292 3998 2696 4067 ἐνεδρευθέντες
2722 3996 3064 4068 ἐφθάρησαν,
3092 3994 3275 4048 πολλοὶ
3307 3994 3365 4046 δὲ
3399 3994 3490 4045 καὶ
3517 3991 3628 4044 τῶν

2068 4088 2358 4157 Ῥωμαίων
2390 4088 2685 4143 ἀπέθανον.
2734 4090 3107 4143 Ἀπελθόντων
3143 4087 3200 4140 δέ
3248 4085 3356 4139 τῶν
3405 4085 3629 4137 ὑπάτων

2055 4180 2258 4244 οἴκαδε,
2288 4183 2315 4233 ό
2346 4180 2610 4250 Ἀμίλκας
2651 4180 2745 4234 καὶ
2771 4182 2870 4252 τὴν
2906 4180 3140 4235 Ἰταλίαν
3182 4178 3425 4250 ἐπόρθει,
3458 4191 3629 4248 προσ·

2061 4270 2261 4335 πλέων,
2296 4271 2391 4323 καὶ
2451 4273 2510 4323 ἐν
2539 4273 2605 4342 τῇ
2643 4270 2864 4341 Σικελίᾳ
2891 4271 3077 4335 πόλεις
3107 4270 3259 4333 τινάς
3288 4267 3627 4336 ὑπηγάγετο.

380 4364 665 4431 suasisset,
704 4373 765 4419 ut
799 4365 972 4436 ipsius
1015 4364 1300 4420 triremem
1343 4361 1803 4430 conscenderent,
1845 4378 1941 4432 quc

2060 4359 2359 4431 Πυθόμενοι
2398 4358 2453 4412 δὲ
2485 4359 2658 4414 ταῦτα
2682 4362 2732 4413 οί
2775 4360 3053 4432 ⁹Ρωμαῖοι,
3085 4359 3339 4414 ναυτικὸν
3370 4355 3632 4423 συνεστή-

380 4470 508 4508 cum
561 4456 821 4526 prtefecto
858 4455 1055 4513 classis
1086 4456 1564 4527 colloquerentur,
1598 4469 1693 4510 eos
1728 4453 1941 4509 Cartha-

2065 4469 2247 4521 σαντο,
2278 4455 2372 4509 καὶ
2401 4455 2563 4510 Γαῖον
2592 4448 2739 4525 αὐτῷ
2764 4456 3006 4509 Δουῖλιον
3024 4454 3117 4509 τὸν
3134 4454 3218 4507 ἐτε
3231 4468 3321 4525 ρον
3346 4450 3455 4503 τῶν
3486 4447 3631 4501 ὑπά-

379 4548 563 4613 ginem
594 4549 769 4615 misit,
797 4559 1030 4606 caeteros
1061 4564 1173 4605 non
1199 4557 1572 4619 repugnantes
1599 4548 1771 4616 cepit.

2065 4562 2173 4597 των
2208 4544 2538 4617 ἐπέστησαν,
2566 4547 2656 4599 τὸν
2682 4546 2738 4599 δέ
2780 4547 2971 4600 τούτου
3027 4545 3367 4615 συνάρχοντα
3411 4538 3632 4609 Κορνή-

380 4639 493 4691 λιοι
526 4640 686 4693 Γάϊον
750 4642 832 4705 είς
890 4642 1143 4696 Σικελίαν
1216 4641 1490 4711 ἐπεμψαν,
1519 4640 1579 4705 ὃς
1632 4637 1777 4693 κατά
1813 4640 1917 4707 γῆν
1961 4637 2202 4706 πολέμου
2263 4638 2324 4691 ὃν
2373 4638 2720 4710 ἐκεκλήρωτο
2770 4638 3074 4709 ἀμελήσας,
3126 4639 3247 4700 ταῖς
3298 4633 3632 4706 προσούσαις

378 4730 530 4799 αὐτῷ
558 4733 748 4784 ναυσὶν
780 4733 838 4795 ἐς
867 4732 1122 4803 Λιπάραν
1150 4731 1434 4799 ἔπλευσεν,
1461 4732 1539 4796 ὡς
1596 4730 1988 4800 προδιδομένην
2024 4728 2199 4799 αὐτῷ,
2264 4727 2422 4782 τοῦτο
2450 4730 2494 4782 δ’
2524 4730 2589 4782 ἐκ
2616 4728 2767 4782 δόλου
2811 4729 2920 4783 τῶν
2947 4728 3337 4800 Καρχηδονίων
3394 4725 3628 4795 ἐγένετο.

389 4826 481 4886 Ὠς
518 4822 611 4879 οὖν
640 4825 698 4887 ἐς
726 4822 825 4893 τὴν
844 4823 1099 4895 Λιπάραν
1127 4822 1542 4893 καθωρμίσατο,
1591 4823 1760 4893 Βόδης
1826 4820 1991 4875 αὑτὸν
2028 4822 2060 4873 ό
2088 4819 2183 4873 τοῦ
2235 4820 2480 4874 ’Δννίσου
2531 4820 2964 4892 περιεστοίχισεν
3012 4820 3446 4890 ὑποστράτηγος.
3517 4818 3634 4871 Πα-

381 4916 861 4987 ρασκευαζομένου
889 4916 1063 4970 δέτοῦ
1094 4916 1260 4971 Γαίου
1291 4917 1434 4988 πρδς
1490 4919 1729 4989 ἄμυναν,
1776 4915 1963 4978 δείσας
1999 4915 2209 4980 ἐκεῖνος
2248 4917 2348 4986 τὴν
2406 4914 2666 4969 ἀπόνοιαν
2708 4914 2909 4979 αὐτῶν,
2966 4912 3367 4984 προεκαλέσατο
3434 4912 3632 4975 αὐτοὺς

381 5007 464 5069 είς
496 5008 749 5071 σπονδάς·
796 5009 893 5060 καὶ
930 5008 1130 5073 πείσας
1168 5009 1497 5064 ἀνεϐίϐασεν
1525 5012 1609 5074 είς
1676 5008 1778 5078 τὴν
1833 5005 2032 5061 ἐαυτοῦ
2070 5008 2271 5079 τριήρη
2308 5008 2399 5061 τόν
2428 5024 2488 5061 τε
2509 5005 2715 5062 ὕπατον
2758 5007 2852 5060 καὶ
2902 5005 3025 5068 τοὺς
3064 5003 3401 5075 χιλιάρχους,
3435 5004 3512 5068 ὡς
3557 5005 3637 5075 τῷ

383 5102 638 5172 ναυάρχῳ
660 5101 1099 5173 ἐντευξομένους.
1129 5103 1238 5155 Καὶ
1279 5101 1503 5165 τούτους
1545 5102 1645 5172 μὲν
1701 5103 1783 5165 είς
1837 5099 2161 5170 Καρχηδόνα
2227 5097 2585 5171 ἀπέπεμψαν,
2639 5099 2768 5163 sub;
2823 5097 2881 5151 δέ
2910 5094 3132 5159 λοιποὺς
3171 5095 3297 5150 οὐδὲ
3325 5098 3637 5167 ἀραμένους

382 5198 452 5250 τὰ
477 5198 616 5251 ὅπλα
637 5192 800 5251 εἷλον.

457 5292 618 5355 9,97
696 5290 787 5345 XI.
851 5291 1085 5345 Annibal
1151 5290 1350 5345 deinde
1404 5288 1613 5343 Italiam
1671 5289 1953 5345 vastavit:

384 5384 624 5438 Auutcar
645 5383 924 5453 Segestam
950 5382 1126 5452 petiit,
1159 5380 1252 5436 ubi
1296 5380 1531 5434 maxima
1560 5394 1686 5449 pars
1728 5380 1959 5435 Romani

381 5476 660 5546 peditatus
682 5483 838 5531 erat:
862 5473 1000 5531 etC.
1026 5474 1249 5529 Caecilio
1276 5474 1498 5528 tribuno
1535 5472 1767 5528 militum
1798 5488 1957 5543 opem

380 5566 493 5621 illis
524 5567 669 5623 ferre
702 5567 930 5634 volenti,
974 5582 1072 5637 per
1102 5566 1328 5622 insidias
1356 5567 1556 5621 multos
1583 5564 1784 5621 milites
1811 5564 1959 5620 oeci-

384 5656 487 5713 dit.
529 5658 630 5716 llis
672 5658 900 5717 Romani
936 5657 1191 5732 cognitis,
1242 5657 1560 5729 pmfectum
1596 5657 1749 5714 urbis
1778 5655 1961 5716 statim

2138 5289 2239 5341 ΙΝ.
2293 5281 2427 5340 Εἶτα
2469 5283 2717 5346 Ἀννίϐας
2768 5282 2867 5352 μὲν
2936 5280 3035 5350 τὴν
3101 5278 3335 5332 Ἰταλιαν
3393 5279 3638 5346 ἐπόρθει.

2080 5378 2340 5450 Ἀμίλκας
2399 5377 2456 5429 δέ
2516 5378 2592 5439 είς
2636 5375 2909 5444 Ἐγεσταν
2966 5372 3351 5441 ἐστράτευσεν,
3401 5364 3529 5443 ἐνῇ
3581 5373 3644 5424 τὸ

2074 5473 2330 5526 πλεῖστον
2364 5467 2452 5522 τοῦ
2483 5465 2650 5532 πεζοῦ
2681 5469 2792 5529 τοῖς
2833 5463 3131 5535 Ῥωμαίοις
3163 5458 3253 5533 ἦν,
3312 5455 3392 5524 οἷς
3414 5464 3641 5515 ἐπικου-

2082 5562 2249 5633 ρῆσαι
2284 5559 2447 5613 Γάϊον
2471 5556 2755 5611 Καικίλιον
2781 5553 3066 5624 χιλίαρχον
3094 5551 3428 5622 ἐθελήσαντα
3477 5549 3643 5622 λοχήο

2080 5669 2199 5720 σας,
2229 5650 2457 5713 πολλοὺς
2495 5648 2753 5717 ἐφόνευσε
2783 5645 2895 5703 τῶν
2923 5643 3112 5701 αὑτοῦ.
3144 5640 3405 5723 Ταῦτα-δέ
3440 5641 3646 5712 μαθόν-
