4042 6200
290 258 405 322 665

1560 271 1966 334 ANNALIUM
2014 276 2157 338 LIB.
2195 279 2363 339 VIII.

3447 292 3553 355 666

288 389 387 437 τις
406 375 461 427 οῖ
491 377 551 428 ἐν
579 376 651 445 τῇ
696 375 909 447 Ῥώμη,
941 374 1036 429 τὸν
1095 377 1196 448 μὲν
1233 379 1538 452 ἀστυνόμον
1586 385 1751 449 εὐθὺς
1788 386 1866 451 ἐξ·

1977 390 2319 460 ablegarunt,
2363 401 2419 448 et
2464 392 2724 449 Duillium
2775 405 3052 453 maturare
3092 398 3395 469 jusserunt.
3445 401 3555 469 Qui

292 465 579 536 έπεμψαν,
607 466 704 519 καὶ
728 466 823 521 τὸν
848 467 1093 522 Δουῖλιον
1117 470 1486 532 ὲπέσπευσαν.
1524 476 1583 530 '0
1611 476 1668 529 δὲ
1692 479 1747 540 ἐς
1776 480 1874 547 τὴν

292 566 549 620 Σικελίαν
581 564 774 633 ἐλθὼν,
803 568 900 622 καὶ
932 569 1273 641 καταμαθὼν
1300 569 1401 631 τὰς
1431 567 1562 633 ναῦς
1592 568 1701 621 τῶν
1726 571 1876 638 Καρ-

292 654 563 722 χηδονίων
588 658 655 726 τῇ
689 657 790 726 μὲν
820 658 1093 727 παχύτητι
1131 658 1226 713 καὶ
1249 658 1329 730 τῷ
1353 657 1573 727 μεγέθει
1597 658 1706 710 τῶν
1725 657 1878 724 σφῶν

293 747 723 818 ἐλαττουμένας,
751 749 830 819 τῷ
858 752 1013 820 τάχει
1042 750 1099 803 δὲ
1136 752 1237 818 τῆς
1268 751 1514 821 εἰρεσίας
1543 749 1636 802 καὶ
1660 750 1724 819 τῇ
1754 766 1877 801 ποις

293 835 450 905 κιλίᾳ
479 834 574 888 τοῦ
604 834 740 888 πλοῦ
771 837 1133 907 προεχούσας,
1166 838 1414 909 μηχανὰς
1449 838 1541 891 ἐπὶ
1584 836 1689 890 τῶν
1718 838 1874 907 τριήη

294 943 432 997 ρων,
468 925 718 996 ἀγκύρας
747 943 806 979 τε
833 929 1159 997 καὶχεῖρας
1223 928 1579 998 περικόντους
1628 929 1871 998 σιδηρᾶς,

292 1020 392 1070 καὶ
428 1018 813 1073 ἄλλατοιαῦτα
855 1021 1283 1085 κατεσκεύασεν,
1337 1021 1485 1083 ὅπως
1534 1023 1654 1082 ταῖς
1714 1022 1875 1074 πολε-

293 1110 452 1178 μίαις
466 1110 662 1162 ναυσὶν
681 1112 1139 1183 ὲπιρῤιπτοῦντες
1162 1111 1303 1167 αὐτὰ
1321 1114 1677 1167 συνάπτοιντο
1697 1113 1867 1180 σφίσι,

292 1204 393 1257 καὶ
428 1205 856 1274 μεταϐαίνοντες
887 1209 968 1271 εἰς
998 1209 1190 1273 αὑτὰς,
1229 1210 1310 1272 εἰς
1345 1212 1533 1280 χεῖρας
1574 1211 1705 1262 τοιεν
1757 1212 1872 1273 τοῖς

290 1297 715 1366 Καρχηδονίοις,
749 1299 842 1352 καὶ
872 1298 946 1362 ὡς
984 1302 1043 1352 ὲν
1079 1299 1219 1370 πεζῇ
1265 1302 1415 1372 μάχῃ
1479 1302 1691 1364 τούτοις
1747 1304 1875 1374 συρ-

289 1390 619 1458 ,όήγνυνταμ
655 1389 1037 1461 Συμμίξαντες
1084 1391 1177 1446 οὖν
1220 1393 1272 1445 οῑ
1334 1394 1698 1465 Καρχηδόνιοι
1750 1397 1872 1458 ταῖς

285 1480 403 1533 τῶν
445 1479 739 1551 Ῥωμαίων
786 1484 972 1550 ναυσὶ,
1021 1484 1348 1554 περιέπλεον
1410 1488 1573 1555 σφᾶς,
1634 1486 1873 1556 συντόνῳ

286 1575 573 1644 χρώμενοι
602 1575 839 1647 εἰρεσίᾳ,
878 1578 972 1629 καὶ
1006 1577 1070 1630 ὲκ
1099 1576 1193 1631 τοῦ
1242 1577 1512 1645 αἰφνιδίου
1563 1577 1870 1648 προσέϐαλ-

1977 499 2101 538 cum
2148 485 2220 560 in
2251 485 2495 541 Siciliam
2521 488 2786 553 venisset,
2821 506 3095 561 navesque
3136 494 3552 564 Carthaginien-

1976 572 2117 628 sium
2151 577 2515 633 crassitudine
2543 588 2601 634 et
2630 580 3004 650 magnitudine
3032 582 3294 637 Romanis
3328 583 3552 643 inferio-

1974 682 2084 730 res,
2138 667 2231 721 sed
2261 668 2544 725 celeritate
2592 672 2827 741 remigii,
2863 682 2917 727 et
2949 673 3242 743 navigandi
3278 675 3547 730 varietate

1974 759 2290 828 superiores
2325 775 2446 816 esse
2481 762 2707 818 vidisset
2750 781 2763 818 :
2805 765 3088 819 machinas
3121 767 3404 835 quasdam,
3449 782 3544 821 ano

1975 864 2156 913 coras,
2178 866 2372 904 manus
2397 851 2605 907 ferreas
2630 854 2807 923 longis
2829 858 3008 909 contis
3033 857 3301 925 praefixas,
3329 858 3547 927 aliaque

1973 940 2091 1009 ejus
2120 943 2338 1011 generis
2371 943 2680 1008 fabricavit,
2702 946 2904 1014 quibus
2932 947 3156 1002 hostiles
3179 965 3345 1004 naves
3372 959 3546 1004 attra-

1975 1031 2243 1086 herentur
2279 1051 2294 1088 :
2333 1048 2395 1087 ac
2429 1035 2664 1090 transitu
2701 1036 2755 1091 in
2778 1037 2897 1091 illas
2922 1037 3085 1103 facto,
3122 1040 3205 1092 sui
3234 1055 3358 1093 cum
3392 1040 3541 1095 Car-

1976 1123 2431 1193 thaginiensibus,
2473 1125 2640 1180 veluti
2681 1128 2732 1180 in
2773 1129 3013 1182 terrestri
3052 1145 3251 1197 pugna,
3292 1132 3544 1187 cominus

1973 1215 2318 1270 dimicarent.
2363 1217 2849 1288 Carthaginienses
2883 1235 3005 1274 cum
3063 1222 3335 1276 Romanas
3378 1238 3545 1277 naves

1974 1306 2165 1360 crebra
2187 1308 2544 1377 remigatione
2566 1310 2957 1372 circumdatas,
2981 1312 3166 1366 subito
3190 1313 3539 1381 invarissent,

1971 1399 2289 1468 aliquandiu
2319 1394 2477 1468 aequo
2504 1412 2677 1458 marte
2708 1413 2977 1459 certatum
3005 1412 3090 1458 cst
3125 1421 3139 1458 :
3177 1404 3377 1459 deinde
3407 1422 3544 1461 vero

1974 1488 2205 1544 Romani
2282 1494 2597 1561 superiores
2671 1494 2820 1556 farti,
2878 1496 3084 1549 multos
3141 1496 3540 1559 demerserunt,

1973 1580 2175 1634 multos
2202 1593 2489 1652 ceperunt.
2527 1585 2759 1641 Annibal
2783 1586 3084 1653 septiremi,
3119 1587 3173 1640 in
3198 1602 3301 1656 qua
3333 1603 3540 1658 pugna-

282 1667 406 1720 λον.
436 1668 647 1736 Χρόνον
680 1668 781 1737 μὲν
811 1667 906 1722 οὖν
935 1686 1061 1723 τινα
1088 1669 1350 1739 ίσοπαλὴς
1375 1670 1408 1740 ἡ
1439 1670 1724 1740 ναυμαχία
1759 1669 1866 1739 ὲγί-

1973 1671 2086 1735 bat,
2112 1688 2235 1728 cum
2281 1675 2489 1730 triremi
2519 1678 2831 1741 commissa,
2876 1679 3087 1732 veritus
3122 1694 3190 1732 ne
3223 1688 3539 1745 caperetur,

284 1776 436 1813 νετο.
471 1756 590 1813 Εἴθ’
625 1761 677 1813 oi
738 1759 1000 1831 Ῥωμαῖοι
1052 1764 1505 1832 ἐπικρατέστεροι
1560 1763 1862 1832 γεγονότες,

286 1851 525 1915 πολλοὺς
563 1852 662 1921 μὲν
693 1854 1017 1916 κατέδυσαν,
1054 1854 1315 1924 συνέσχον
1348 1853 1406 1907 δὲ
1461 1856 1555 1908 καὶ
1608 1854 1859 1916 πολλοὺς.

296 1944 363 1998 Ὀ
389 1943 437 1998 δ’
469 1944 719 2009 ’Δννίϐας
744 1945 839 2000 επὶ
887 1946 1162 2018 ἑπτήρους
1217 1946 1534 2019 ναυμαχῶν,
1583 1948 1867 2018 συσχεθείο

287 2057 394 2108 σης
414 2039 518 2107 τῆς
548 2038 714 2092 αὐτοῦ
753 2037 880 2108 νηὸς
906 2041 1125 2111 τριήρει
1153 2040 1282 2103 τινὶ,
1313 2040 1388 2110 μὴ
1426 2039 1541 2108 ἁλῷ
1580 2039 1862 2109 φοϐηθεὶς,

282 2133 391 2201 τὴν
416 2132 634 2203 ἑπτήρη
664 2149 724 2185 τε
755 2132 1108 2198 ἐγκατέλιπε,
1146 2132 1240 2186 καὶ
1272 2132 1515 2200 μεταϐὰς
1562 2134 1641 2196 εἰς
1673 2132 1865 2203 ἑτέραν

285 2222 541 2290 δὲφυγε.
570 2223 683 2293 Τῆς
713 2222 814 2293 μὲν
845 2219 939 2276 οὗν
971 2222 1284 2293 ναυμαχίας
1336 2222 1500 2276 τοῦτο
1546 2224 1699 2284 τέλος
1745 2222 1866 2291 ὲγέο

288 2329 437 2375 νετο,
468 2314 566 2367 καὶ
590 2313 808 2383 λάφυρα
835 2312 1006 2366 πολλὰ
1034 2312 1267 2384 ἐλήφθη.
1315 2311 1419 2364 Τὸν
1458 2311 1504 2366 δ’
1534 2310 1788 2367 Ἀννίϐαν
1816 2314 1864 2366 οί

290 2405 664 2475 Καρχηδόνιοι
694 2403 784 2458 διὰ
808 2404 908 2476 τὴν
957 2398 1127 2476 ἧτταν
1182 2402 1514 2457 ἀπέκτειναν
1566 2402 1655 2468 ἂν,
1709 2406 1758 2458 εί
1790 2404 1866 2476 μὴ

290 2496 461 2560 εὐθὺς
490 2495 818 2567 ἐπηρώτησε
851 2496 1014 2563 σφᾶς,
1038 2494 1115 2557 ὡς
1145 2494 1424 2566 ἀκεραίων
1445 2494 1527 2549 ἔτι
1557 2495 1667 2549 τῶν
1722 2512 1867 2567 πρα-

288 2588 525 2655 γμάτων
555 2587 752 2651 ὄντων,
780 2588 831 2640 εί
873 2587 1228 2657 ναυμαχῆσαι
1258 2587 1595 2653 κελεύουσιν,
1657 2588 1704 2641 εί
1739 2589 1813 2660 μή
1848 2604 1864 2655 ;

288 2678 461 2732 me.
472 2679 648 2748 μένων
677 2677 786 2750 γὰρ
812 2679 989 2733 αὐτῶν
1017 2682 1395 2750 ναυμαχῆσαι,
1423 2680 1496 2744 ὡς
1522 2680 1600 2751 τῷ
1626 2681 1866 2750 ναυτικῷ

289 2770 552 2839 προέχειν
596 2769 1005 2840 ἐπαιρομένων,
1060 2771 1314 2835 ὑπεῖπεν,
1338 2772 1441 2832 ὅτι,
1504 2769 1696 2824 Οὐδὲν
1751 2770 1869 2838 ἄρα

286 2860 580 2928 ἠδίκηκα,
628 2860 721 2914 ὅτι
763 2860 950 2915 ταύτὰ
1011 2860 1155 2930 ὑμῖν
1191 2861 1453 2928 ἐλπίσας
1499 2860 1863 2916 συνέϐαλον

287 2954 405 3021 τῆς
443 2954 555 3021 ιύρ
587 2952 851 3024 γνώμης,
877 2953 1016 3007 ἀλλ’
1045 2956 1118 3008 οὐ
1161 2951 1269 3022 τῆς
1300 2956 1494 3023 τύχης
1531 2953 1868 3023 ἐτύγχανον

1972 1765 2024 1818 in
2042 1765 2204 1821 aliam
2224 1767 2403 1821 navim
2430 1769 2574 1823 saltu
2603 1769 2769 1833 iacto,
2785 1771 2977 1826 evasit.
3001 1770 3115 1825 Hoc
3137 1772 3347 1825 navalis
3367 1773 3541 1841 praelii

1965 1863 2112 1917 exitu
2136 1862 2365 1917 Romani
2386 1863 2572 1917 multis
2586 1843 2777 1934 spoliis
2793 1866 2938 1920 aucti
2963 1875 3112 1920 sunt.
3131 1865 3542 1937 Carthaginien-

1967 1969 2054 2008 ses
2079 1969 2209 2009 vero
2227 1955 2548 2009 Annibalem
2567 1956 2640 2010 ob
2657 1967 2934 2027 acceptam
2960 1958 3169 2013 cladem
3189 1960 3540 2024 occidissent,

1964 2044 2070 2097 nisi
2084 2058 2179 2098 eos
2194 2043 2400 2106 statim,
2421 2044 2587 2098 veluti
2609 2045 2769 2100 rebus
2791 2047 2970 2102 adhuc
2990 2048 3235 2118 integris.
3257 2059 3543 2117 perconta-

1968 2142 2056 2189 tus
2075 2145 2222 2190 essct
2256 2151 2270 2189 :
2300 2134 2494 2190 Utrum
2526 2138 2704 2191 navali
2744 2138 2929 2207 praelia
2958 2138 3241 2194 decertare
3257 2140 3536 2209 juberent,

1968 2240 2165 2280 necne.
2189 2224 2324 2281 Cum
2357 2226 2565 2281 assensi
2588 2237 2794 2291 essent,
2827 2237 2889 2281 ut
2912 2229 3005 2297 qui
3036 2228 3305 2282 classibus
3333 2228 3538 2298 gloria-

1968 2326 2178 2380 rentur,
2203 2318 2459 2389 subjecit,
2475 2318 2696 2374 Nullum
2721 2336 2876 2373 suum
2892 2330 3160 2386 peccatum
3182 2336 3313 2387 esse,
3336 2321 3428 2390 qui
3447 2336 3537 2374 ea-

1967 2410 2085 2464 dem
2114 2426 2224 2480 spe,
2258 2426 2363 2479 qua
2407 2412 2530 2481 ipsi,
2567 2428 2801 2483 pugnam
2830 2412 3046 2466 iniiuet.
3079 2410 3372 2467 Consilium
3396 2413 3539 2465 enim

1968 2502 2022 2556 in
2060 2518 2160 2556 sua
2186 2510 2466 2573 potestate,
2494 2512 2733 2557 eventum
2760 2520 2917 2571 penes
2939 2503 3212 2572 fortunam
3233 2503 3411 2573 fuisse.
3447 2502 3537 2556 Sic

1969 2594 2048 2651 illi
2084 2595 2195 2651 vita
2225 2608 2489 2649 concessa
2533 2602 2638 2659 est,
2672 2594 2962 2663 imperium
2996 2593 3343 2664 abrogatum.
3383 2592 3537 2646 Duil-

1968 2686 2078 2741 lius
2119 2684 2364 2754 peditatu
2406 2685 2509 2739 sibi
2554 2684 2838 2754 adjuncto,
2885 2683 3216 2753 Segestanos
3260 2682 3535 2745 liberavit,

1967 2769 2239 2832 Amilcare
2268 2790 2371 2831 nec
2407 2774 2476 2829 ad
2510 2790 2704 2829 manus
2728 2774 2917 2830 venire
2944 2791 3080 2831 auso
3119 2794 3134 2829 :
3167 2783 3224 2830 et
3258 2775 3422 2831 sociis
3450 2775 3534 2829 ci-

1967 2868 2232 2923 vitatibus
2287 2866 2538 2933 ﬁrmatis,
2595 2866 2778 2936 elapsa
2833 2878 3021 2923 aestate
3075 2868 3299 2923 llomam
3347 2854 3535 2924 rediit.

1969 2958 2102 3014 Post
2133 2959 2255 3030 ejus
2307 2957 2517 3013 abitum
2565 2956 2806 3013 Amilcar
2844 2958 3158 3026 Drepanum
3208 2956 3314 3026 (est
3349 2966 3535 3012 autem

286 3047 523 3113 κύριος.
557 3045 664 3097 Καὶ
700 3048 727 3097 ὁ
767 3044 867 3111 μὲν
890 3043 1093 3115 ἐσώθη,
1157 3046 1256 3116 τὴν
1313 3046 1372 3100 δὲ
1413 3046 1710 3116 ἡγεμονίαν
1758 3046 1864 3114 ἀφ-

1971 3059 2164 3122 portus
2224 3051 2587 3120 opportunus)
2650 3049 2895 3113 muniit,
2926 3065 3104 3120 eoque
3163 3064 3255 3105 res
3311 3047 3533 3103 maximi

286 3135 492 3205 ῃρέθη.
543 3133 784 3197 Δουῖλιος
834 3134 890 3188 δὲ
949 3134 1011 3187 τὸ
1066 3135 1230 3199 πεζὸν
1266 3134 1612 3205 προσλαϐὼν,
1652 3135 1779 3199 τούς
1802 3152 1863 3190 τε

301 3226 659 3295 Ἐγεσταίους
694 3225 994 3299 ἐρρύσατο,
1024 3226 1151 3296 μηδ’
1196 3228 1277 3289 είς
1314 3230 1504 3299 χεῖρας
1566 3226 1715 3298 αὑτῷ
1767 3226 1865 3280 τοῦ

299 3318 544 3388 Ἀμίλκα
569 3316 747 3372 ἐλθεῖν
776 3317 1192 3387 ὑπομείναντος,
1217 3320 1313 3372 καὶ
1344 3319 1412 3373 τὰ
1446 3318 1600 3389 φίλια
1627 3319 1695 3373 τὰ
1723 3319 1864 3375 ἄλλα

286 3410 687 3474 ἐϐεϐαιώσατο,
710 3410 806 3464 καὶ
833 3411 914 3474 είς
946 3411 1045 3482 τὴν
1087 3407 1307 3480 Ῥώμην
1327 3411 1423 3464 τοῦ
1445 3411 1640 3483 θέρους
1661 3412 1865 3483 παρελ-

288 3506 481 3568 θόντος
505 3503 870 3574 ἀνεκομίσθη.
922 3504 1264 3572 Ἀπάραντος
1292 3502 1341 3557 δ’
1371 3504 1563 3572 αὑτοῦ,
1600 3506 1629 3559 ὁ
1670 3504 1862 3576 Ἀμίλ-

286 3615 397 3660 κας
428 3597 492 3650 τό
528 3612 589 3650 τε
618 3595 901 3668 Δρέπανον
934 3595 1279 3667 κεκλημένον
1307 3595 1451 3667 (ἔστι
1481 3596 1538 3650 δὲ
1562 3596 1730 3669 λιμὴν
1748 3599 1864 3653 ἐπί·

286 3688 510 3758 καιρος)
545 3687 907 3758 ἐκρατύνατο,
938 3689 1033 3742 καὶ
1067 3690 1124 3752 ἐς
1147 3689 1282 3742 αὐτὸ
1308 3689 1377 3742 τὰ
1405 3689 1658 3745 πλείστου
1724 3707 1863 3746 κατ-

287 3779 455 3833 έθετο
482 3776 629 3842 ἀξια,
661 3778 760 3832 καὶ
796 3778 921 3841 τοὺς
996 3779 1327 3849 Ἐρυκηνοὺς
1379 3780 1625 3845 ἅπαντας
1661 3799 1863 3851 μεταν-

287 3870 517 3940 έστησε,
552 3870 648 3923 καὶ
683 3869 783 3941 τὴν
813 3869 967 3923 πόλιν
994 3869 1175 3924 αὐτῶν
1199 3871 1563 3941 κατέσκαψεν,
1582 3872 1669 3927 ἵνα
1708 3873 1783 3942 μὴ
1809 3872 1861 3924 οί

299 3962 571 4033 Ῥωμαῖοι
603 3962 884 4034 καρτερὰν
909 3963 1082 4034 αὐτὴν
1112 3958 1281 4017 οὖσαν
1304 3964 1724 4029 καταλαϐόντες,
1768 3967 1864 4035 ὁρ-

291 4055 564 4123 μητήριον
590 4053 686 4107 τοῦ
711 4054 951 4125 πολέμου
975 4049 1335 4126 ποιήσωνταιέ
1366 4055 1462 4109 καὶ
1513 4055 1696 4117 πόλεις
1749 4049 1862 4109 εἷλε

284 4148 391 4208 τὰς
427 4146 527 4217 μὲν
557 4145 672 4218 βίᾳ.
699 4147 799 4210 τὰς
846 4147 905 4200 δὲ
969 4146 1254 4217 προδοσίᾳ.
1308 4148 1417 4200 Καὶ
1474 4149 1523 4200 εί
1571 4146 1646 4217 μὴ
1701 4148 1862 4212 Γάϊος

285 4237 510 4307 Φλῶρος
542 4238 710 4292 αὐτὸν
743 4238 997 4307 ἐπέσχεν,
1021 4239 1139 4291 ἐκεῖ
1164 4238 1457 4307 χειμάσας,
1487 4237 1586 4308 τὴν
1612 4236 1861 4293 Σικελίαν

284 4333 358 4386 ἂν
391 4332 801 4405 κατεστρέψατο
855 4332 1100 4387 ἃπασαν.
1141 4333 1372 4397 Λούκιος
1426 4333 1483 4387 δὲ
1537 4334 1778 4389 Σκιπίων
1831 4338 1862 4390 ό

1973 3144 2132 3215 pretii
2175 3143 2408 3200 contulit
2440 3159 2456 3197 :
2495 3151 2550 3198 et
2585 3142 2836 3212 Erycinis
2864 3141 3122 3196 omnibus
3156 3139 3414 3209 expulsis,
3450 3148 3536 3192 at-

1971 3252 2079 3307 que
2110 3233 2243 3292 urbe
2278 3237 2490 3299 eversa,
2534 3249 2605 3288 ne
2642 3235 2800 3293 locus
2838 3233 3243 3288 munitissimus
3272 3230 3537 3286 Reinanis

1969 3328 2037 3383 ad
2084 3328 2284 3384 bellum
2335 3326 2638 3396 gerendum
2697 3327 2818 3381 usui
2882 3335 3050 3386 esset,
3087 3324 3254 3380 urbes
3296 3323 3432 3378 alias
3459 3322 3533 3379 vi.

1969 3420 2106 3475 alias
2146 3418 2455 3490 proditione
2494 3418 2640 3490 cepit
2680 3436 2695 3473 :
2730 3434 2794 3474 ac
2824 3417 2928 3474 nisi
2960 3435 2991 3473 a
3023 3417 3087 3473 C.
3122 3417 3303 3476 Flam,
3335 3414 3427 3486 qui
3461 3414 3534 3468 ibi

1969 3511 2315 3578 hibernabat,
2360 3511 2633 3568 coercitus
2661 3510 2871 3573 fuisset,
2900 3519 3068 3564 totam
3098 3508 3338 3565 Siciliam
3370 3506 3536 3562 sube-

1969 3603 2158 3674 gisset.
2200 3602 2264 3657 L.
2300 3600 2484 3671 Scipio
2522 3602 2642 3671 ejus
2675 3601 2880 3671 collega
2920 3599 3220 3655 exercitum
3266 3598 3319 3652 in
3352 3596 3538 3651 Sardi-

1969 3695 2116 3750 niam
2151 3702 2209 3750 et
2227 3692 2509 3749 Corsicam
2536 3685 2893 3763 388duxit,
2920 3690 3128 3744 insulas
3159 3690 3215 3743 in
3248 3687 3541 3757 Tyrrheno

1969 3786 2105 3841 mari
2148 3786 2305 3850 sitas,
2348 3794 2457 3838 tam
2497 3784 2698 3853 exiguo
2725 3782 3018 3836 intervallo
3050 3788 3351 3848 separatas,
3378 3785 3438 3830 ut
3467 3792 3537 3830 ex

1968 3879 2265 3948 longinquo
2307 3892 2408 3947 pro
2447 3891 2551 3931 una
2582 3874 2908 3929 habeantur.
2927 3873 3005 3927 Ac
3040 3871 3274 3942 primum
3300 3869 3538 3926 Corsicae

1970 3974 2215 4045 principe
2250 3972 2385 4028 urbe
2415 3971 2621 4029 .Valeria
2652 3970 2703 4024 vi
2735 3980 2918 4040 capta,
2955 3968 3182 4038 reliquis
3208 3967 3343 4021 citra
3379 3965 3538 4020 labo-

1969 4079 2085 4118 rem
2132 4070 2218 4117 est
2263 4060 2490 4131 potitus.
2529 4059 2586 4114 In
2632 4058 2939 4114 Sardiniam
2984 4057 3359 4127 navigaturus,
3407 4069 3532 4107 cum

1969 4156 2195 4209 classem
2236 4150 2747 4221 Carthaginiensem
2779 4149 3176 4218 conspexisset,
3209 4147 3263 4201 in
3288 4162 3408 4201 eam
3433 4146 3536 4198 im-

1971 4257 2150 4316 petum
2191 4246 2340 4301 fecit.
2379 4244 2485 4300 Sed
2532 4259 2657 4299 cum
2713 4243 2826 4307 illa,
2870 4242 3186 4311 priusquam
3238 4238 3305 4292 ad
3341 4252 3537 4291 manus

1969 4340 2268 4397 veniretur,
2332 4337 2578 4406 fugisset,
2631 4334 2844 4389 Olbiam
2893 4332 3085 4387 urbem
3145 4330 3364 4384 invasit.
3430 4327 3533 4384 Ubi

288 4424 583 4494 συνάρχων
613 4424 805 4488 αὐτοῦ,
830 4425 925 4478 ἐπὶ
951 4425 1138 4495 Σαρδὼ
1177 4426 1271 4478 καὶ
1301 4427 1393 4478 ἐπὶ
1419 4424 1631 4496 Κύρνον
1662 4428 1857 4498 ἰστράο

1969 4427 2182 4481 navium
2233 4425 2766 4495 Carthaginiensium
2803 4432 3101 4492 conspectu
3140 4422 3367 4476 territus
3405 4420 3535 4486 (nec

283 4532 452 4569 τευσε
482 4517 718 4584 (κεῖνται
739 4515 796 4569 δὲ
825 4516 882 4569 ἐν
907 4515 987 4586 τῷ
1021 4515 1351 4587 Τυρσηνικῷ
1381 4516 1633 4586 πελάγει,
1683 4519 1864 4587 ὀλίγον

287 4607 542 4678 ἀλλήλων
563 4608 894 4679 ἀπέχουσαι,
923 4608 999 4671 ὡς
1024 4608 1153 4677 μίαν
1188 4608 1357 4673 αὑτὰς
1402 4609 1687 4682 πόρρωθεν
1724 4607 1864 4664 εἶναι

286 4698 494 4769 δοκεῖν)
525 4701 620 4753 καὶ
644 4700 888 4771 προτέρᾳ
918 4702 985 4771 τῇ
1022 4700 1219 4771 Κύρνῳ
1247 4701 1595 4772 προσϐαλὼν,
1637 4702 1736 4772 τὴν
1761 4703 1864 4772 μὲν

288 4790 598 4861 Οὐαλερίαν
636 4792 735 4862 τὴν
785 4792 1088 4861 κρατίστην
1122 4791 1296 4860 αὐτῆς
1351 4792 1507 4846 πόλιν
1547 4793 1641 4865 βίᾳ
1695 4789 1860 4857 εἷλεν,

288 4882 517 4944 ἀπόνως
542 4881 602 4935 δὲ
632 4882 701 4933 τὰ
734 4881 900 4934 λοιπὰ
932 4881 1286 4951 ἐχειρώσατο.
1330 4882 1417 4945 Ἐς
1463 4882 1520 4936 δὲ
1544 4884 1645 4953 τὴν
1674 4882 1865 4953 Σαρδὼ

289 4973 499 5041 πλέων,
542 4974 756 5028 κατείδέ
789 4990 844 5027 τι
881 4974 1139 5027 ναυτικὸν
1186 4973 1582 5043 Καρχηδόνιον,
1632 4975 1730 5029 καὶ
1776 4975 1865 5028 ἔπ’

286 5069 429 5121 αὐτὸ
456 5069 747 5139 ἐτράπετο,
790 5070 949 5122 καὶοὶ
979 5067 1079 5137 μὲν
1120 5067 1323 5134 ἔφυγον
1364 5068 1529 5137 πρινῂ
1570 5066 1866 5139 συμμίξαι.

284 5161 467 5224 Αὐτὸς
495 5161 541 5214 δ’
573 5163 668 5214 ἐπὶ
701 5160 855 5215 πόλιν
890 5160 1109 5215 Ὀλϐίαν
1136 5156 1323 5231 ἦλθεν.
1351 5158 1520 5211 Ἔνθα
1557 5160 1666 5212 τῶν
1711 5159 1865 5227 Καρ-

287 5253 557 5325 χηδονίων
621 5254 763 5308 μετὰ
807 5253 916 5306 τῶν
959 5251 1102 5306 νεῶν
1163 5250 1540 5319 ἐπιφανέντων
1606 5248 1865 5325 φοϐηθεὶς

291 5345 441 5416 (οὐδε
469 5347 575 5416 γὰι⁸
643 5341 730 5415 lx:
761 5345 821 5398 τὸ
851 5345 1015 5410 πεζὸν
1042 5340 1480 5415 ἀξιόμαχον).ὲπ⁹
1515 5342 1667 5396 οῐκου
1713 5340 1864 5410 ἀπῆ.

292 5453 413 5508 ρεν,
459 5437 548 5489 Ἐν
577 5436 633 5489 δὲ
661 5436 740 5506 τῷ
762 5437 884 5490 τότε
929 5437 1108 5507 χρόνῳ
1148 5435 1299 5490 ἄλλοι
1353 5450 1414 5486 τε
1444 5432 1554 5486 τῶν
1604 5432 1863 5497 ἁλόντων,

289 5530 391 5581 καὶ
433 5529 495 5581 ὲν
546 5528 626 5599 τῷ
690 5529 845 5583 ἄστει
896 5528 1282 5590 δουλευόντων,
1346 5526 1443 5578 καὶ
1495 5524 1546 5578 oi
1599 5522 1864 5590 Σαμνῖται

292 5618 509 5689 (συχνοὶ⁸
553 5619 664 5690 γὰρ
695 5618 831 5689 πρὸς
879 5618 983 5682 τὴν
1029 5616 1126 5670 τοῦ
1182 5613 1443 5670 ναυτικοῦ
1507 5611 1864 5684 παρασκευὴν

297 5710 585 5781 ἀφίκοντο)
642 5709 928 5767 συνέθεντο
955 5711 1025 5780 τῇ
1075 5707 1264 5781 Ῥώμῃ
1301 5704 1708 5760 ἐπιϐουλεῦσαι.
1741 5703 1862 5759 Μα-

1963 4519 2110 4573 enim
2163 4533 2193 4572 a
2244 4517 2485 4588 prditatu
2531 4516 2667 4571 satis
2707 4517 2773 4569 ad
2829 4527 3067 4585 pugnam
3114 4522 3339 4582 paratus
3371 4516 3531 4576 erat),

1965 4610 2187 4663 domum
2220 4623 2414 4663 versus
2444 4608 2550 4661 iter
2583 4605 2840 4660 intendit.
2878 4606 2958 4660 Eo
3000 4613 3248 4673 tempore
3279 4616 3404 4655 cum
3439 4600 3535 4654 alii

1967 4705 2194 4772 captivi,
2231 4712 2344 4756 tum
2384 4697 2684 4762 Samnites,
2725 4712 2957 4767 quorum
2988 4694 3302 4764 complures
3332 4691 3400 4747 ad
3437 4707 3535 4746 na-

1965 4796 2140 4850 valem
2173 4782 2590 4849 instructionem
2621 4796 2909 4850 venerant,
2939 4788 3126 4842 Romae
3157 4783 3405 4839 insidiari
3440 4782 3541 4836 de-

1966 4893 2279 4941 creverunt.
2316 4883 2435 4948 Quo
2475 4880 2639 4934 Erins
2668 4879 2901 4934 Potilius
2932 4877 3262 4932 auxiliorum
3292 4875 3401 4928 dux
3440 4888 3536 4928 co-

1966 4978 2139 5045 gnito,
2170 4990 2230 5031 se
2257 4974 2339 5028 eis
2387 4971 2644 5027 assentiri
2674 4970 2978 5032 simulavit,
3015 4979 3073 5020 nt
3105 4965 3291 5019 omnia
3338 4977 3534 5019 eorum

1965 5068 2193 5124 consilia
2234 5072 2610 5136 cognosceret.
2655 5061 2792 5128 Quia
2843 5075 2974 5114 vero
3021 5059 3112 5112 illa
3161 5057 3379 5111 deferre
3423 5068 3535 5107 non

1966 5170 2196 5229 poterat,
2248 5173 2278 5212 a
2340 5155 2680 5211 Samnitibus
2733 5152 2977 5222 undique
3025 5149 3420 5206 circumdatus,
3452 5146 3534 5199 cis

1966 5250 2257 5321 persuasit,
2295 5258 2354 5302 ut
2390 5262 2515 5302 cum
2560 5254 2785 5300 senatus
2808 5244 3121 5306 haberetur,
3171 5241 3227 5296 in
3262 5240 3381 5294 foro
3410 5252 3535 5290 con-

1965 5338 2159 5408 gressi,
2217 5334 2670 5397 vociierarentur,
2735 5333 2788 5388 in
2861 5329 3207 5387 demetiendo
3260 5327 3534 5381 frumento

1964 5428 2213 5484 fraudem
2243 5425 2348 5481 sibi
2380 5439 2502 5480 esse
2547 5427 2766 5480 laetam.
2799 5423 2953 5490 Quod
2984 5436 3107 5477 eum
3143 5421 3219 5475 illi
3249 5417 3527 5476 {scissi-nt,

1965 5518 2281 5582 accersitus,
2335 5526 2396 5572 ut
2426 5516 2692 5570 tumultus
2723 5526 2937 5580 auctor,
2968 5511 3195 5567 insidias
3228 5504 3479 5576 exposuit
3511 5517 3529 5556 :

1964 5623 2029 5664 ac
2061 5617 2173 5663 tum
2211 5605 2431 5677 quidem
2467 5606 2738 5661 seditione
2774 5605 2973 5674 scpita,
3002 5602 3079 5657 illi
3129 5608 3257 5655 sunt
3286 5592 3529 5651 dimissi.

1965 5700 2136 5758 Noctu
2169 5714 2322 5766 vero,
2353 5715 2479 5756 cum
2510 5697 2714 5770 quique
2749 5694 2955 5754 domini
2998 5707 3186 5750 servos
3220 5705 3348 5747 suos
3376 5702 3531 5747 com-
