4042 6200
466 288 569 349 667

1766 285 2092 349 JOANNIS
2132 286 2269 346 ZON
2282 288 2321 343 Α
2334 286 2451 344 ΒΕ

3620 285 3732 347 668

465 399 913 468 prehendissem.
941 404 1125 472 omnis
1159 403 1483 475 conjuratio-
1512 402 1773 472 dissipata
1809 409 1911 456 est.
1954 402 2055 455 Se-

2162 399 2263 455 θὼν
2293 399 2351 453 δὲ
2380 399 2543 452 τοῦτο
2572 398 2761 468 Ἕριος
2790 397 3057 461 Ποπίλιος,
3078 400 3111 451 ,ὁ
3133 397 3233 465 τῆς
3261 397 3516 467 βοηθείας
3541 398 3737 469 ἅρχων

465 497 655 563 quenti
688 505 877 551 aestate
921 498 1151 551 Bernuini
1181 505 1236 551 et
1277 493 1759 564 Carthaginienses
1795 492 1960 547 simul
1989 502 2048 547 et

468 586 523 641 in
558 586 744 644 Sicilia
775 597 825 643 et
858 591 914 643 in
957 589 1209 645 Sardinia
1241 589 1446 643 bellutn
1485 597 1793 658 gesserunt.
1835 587 2046 643 Deinde

468 694 594 733 eum
634 680 858 735 Attilius
913 680 1145 735 Latinus
1188 681 1240 735 in
1288 680 1529 736 Siciliam
1566 682 1828 743 venisset,
1876 690 2047 750 atque

466 770 843 826 Mutistratum
880 773 1072 828 urbem
1104 790 1134 827 a
1167 773 1330 829 Floro
1381 775 1661 828 obsessam
1693 773 1995 828 invenisset
2027 790 2043 829 :

467 858 642 926 copiis
694 859 844 914 illius
893 877 1046 926 usus,
1092 879 1217 917 cum
1263 865 1462 918 mmnia
1488 874 1850 933 oppugnaret,
1885 864 2042 933 oppi~

466 946 596 1003 dani
650 952 926 1021 principio
974 968 1101 1008 cum
1152 954 1698 1022 Carthaginiensibus
1724 954 1774 1008 ei
1829 954 2048 1008 fortiter

469 1038 809 1095 restiterunt.
847 1041 950 1096 Sed
979 1044 1243 1098 uxoribus
1282 1054 1338 1101 et
1382 1046 1573 1100 liberis
1598 1043 2045 1103 lamentantibus.

467 1127 669 1182 omissa
710 1129 1052 1197 defensione,
1078 1134 1633 1205 Carthaginiensibus
1655 1146 1816 1190 noctu
1839 1135 2048 1204 digres-

468 1219 563 1282 sis.
601 1221 779 1290 primo
807 1223 1052 1280 diluculo
1089 1237 1272 1296 portas
1297 1229 1442 1283 ultro
1459 1237 1815 1298 aperuerunt.
1844 1227 2046 1281 Verum

468 1309 702 1367 Romani
736 1314 990 1386 ingressi,
1027 1320 1235 1373 nemini
1265 1329 1630 1388 pepercerunt
1659 1336 1673 1375 :
1704 1321 1880 1374 donec
1906 1319 2047 1374 Atti-

469 1399 576 1459 lius
624 1410 971 1474 pronuntiari
1022 1412 1205 1481 jussit,
1240 1412 1478 1480 praedam
1526 1421 1583 1467 ct
1633 1413 1889 1467 homines
1927 1412 2048 1482 ejus

468 1493 585 1551 fore
615 1500 708 1567 qui
738 1501 995 1570 cepisset.
1033 1504 1171 1559 Tum
1206 1504 1427 1560 demum
1475 1506 1701 1577 reliquis
1725 1505 1922 1576 captis,
1955 1521 2051 1560 ur-

469 1583 594 1642 bem
620 1589 890 1662 direptam
917 1594 1305 1651 incenderunt.

2155 492 2976 561 προσεποιήσατοοσυμφρονεῖν
3030 488 3238 553 αὐτοῐς,
3291 489 3389 542 ἵνα·
3441 490 3733 560 ἀκριδώοῃ

2153 587 2262 638 πᾶν
2295 586 2356 639 τὸ
2387 582 2946 655 δεδογμένον-αὐτοῖς,
2979 584 3074 636 καὶ
3114 582 3240 635 ἐπεὶ
3287 581 3361 653 μὴ
3419 575 3531 645 οἷός
3572 592 3635 634 τε
3663 578 3737 652 ἦν

2152 675 2544 746 καταμηνῦσαι
2589 675 2650 728 τὸ
2684 672 2961 745 βούλευμα
3003 674 3226 743 (πάντες
3256 675 3364 743 γὰρ
3399 674 3532 745 περὶ
3565 674 3735 728 αὑτὸν

2151 765 2293 839 ἦσαν
2326 769 2377 820 oi
2416 766 2705 838 Σαμνῖται)
2736 766 2954 819 ἔπεισεν
2980 765 3181 827 αὐτοὺς
3212 764 3407 837 βουλῆς
3451 766 3733 834 ἀγομένης

2151 859 2233 920 εἰς
2258 857 2357 926 τὴν
2384 856 2592 925 ἀγορὰν
2622 856 3009 927 ἀθροισθῆναι,
3051 856 3147 909 καὶ
3173 855 3506 923 καταΰοῆσαι
3540 856 3735 921 αὐτοῦ,

2151 946 2228 1011 ὡς
2262 948 2390 1018 περὶ
2418 948 2510 1001 τὸν
2536 949 2685 1001 σῖτον
2711 948 3128 1018 ἀδικουμένους,
3179 948 3347 1017 ὅνπερ
3395 945 3732 1016 ἐλάμϐανον.

2154 1045 2277 1098 Τῶν
2321 1045 2379 1099 δέ
2407 1047 2565 1099 τοῦτο
2604 1047 2976 1115 ποιησάντων,
3029 1039 3468 1115 μεταπεμφθεὶς,
3522 1038 3603 1100 ὡς
3648 1038 3733 1089 αῖ-

2150 1152 2266 1198 τιος
2296 1134 2390 1188 τοῦ
2427 1135 2683 1205 θορύϐου,
2715 1136 2977 1203 ἐξέφηνεν
3023 1135 3208 1197 αὐτοῖς
3250 1131 3351 1203 τὴν
3405 1129 3734 1199 ἐπεδουλήν.

2152 1228 2262 1280 Καὶ
2287 1227 2408 1281 τότε
2444 1227 2546 1295 μὲν
2579 1228 2963 1299 ήσυχάσαντας
3000 1225 3361 1295 ἀπέπεμψαν.
3400 1222 3619 1285 Νυκτὸς
3675 1221 3735 1274 δέ

2153 1322 2449 1375 συνέλαόον
2481 1323 2708 1376 ἐκαστοι
2730 1323 2838 1376 τῶν
2867 1322 3102 1391 ἐχόντων
3126 1321 3354 1382 δούλους
3376 1318 3528 1379 τινὰς
3556 1317 3615 1383 ἐξ
3636 1318 3737 1369 αὖ·

2151 1409 2283 1474 τῶν,
2307 1412 2403 1463 καὶ
2437 1412 2612 1475 οὓτως
2643 1414 2677 1482 ἡ
2710 1412 2859 1465 πᾶσα
2903 1410 3124 1480 διελύθη
3192 1408 3528 1479 συνωμοσία.
3568 1405 3663 1474 Τῷ
3687 1406 3734 1459 δ’

2152 1505 2528 1575 ἐπιγενομένῳ
2554 1504 2706 1576 θέρει
2740 1504 2798 1557 εν
2821 1520 2882 1557 τε
2906 1506 2971 1574 τῇ
3008 1502 3249 1573 Σικελίᾳι
3274 1502 3371 1554 καὶ
3414 1503 3479 1571 τῇ
3533 1498 3736 1567 2419603

2155 1596 2274 1666 ἅμα
2300 1597 2649 1667 ἐπολέμησαν
2669 1598 2721 1650 οἱ
2760 1596 3029 1666 Ῥωμαῖοί
3051 1613 3110 1649 τε
3145 1596 3240 1648 καὶ
3266 1596 3317 1647 οί
3338 1592 3731 1664 Καρχηδόνιοι.

469 1680 580 1735 Καὶ
610 1685 753 1753 μετὰ
775 1687 922 1741 τοῦτ’
964 1689 1233 1753 ’Δττίλιος
1271 1692 1505 1756 Λατῖνος
1563 1694 1622 1755 ἐς
1665 1708 1764 1760 την
1806 1690 2058 1745 Σικελίαν
2096 1691 2291 1753 ἐλθὼν,
2366 1694 2463 1747 καὶ
2507 1691 2923 1762 Μουτίστρατον
3003 1689 3160 1744 πόλιν
3217 1689 3321 1743 ὑπὸ
3383 1687 3479 1741 τοῦ
3509 1686 3735 1755 Φλώρου

468 1780 944 1856 πολιορκουμένην
961 1787 1163 1857 εὑρὼν,
1194 1791 1259 1858 τῇ
1288 1793 1614 1861 παρασκευῇ
1639 1791 1850 1843 ἐκείνου
1911 1791 2204 1860 ἐχρήσατο.
2237 1789 2348 1843 Καὶ
2407 1790 2717 1861 προσδολάς
2749 1790 2883 1860 περὶ
2920 1789 2982 1841 τὺ
3071 1790 3251 1858 τεῖχος
3305 1784 3475 1838 αὑτοῦ
3544 1800 3738 1836 stomu-

472 1875 660 1943 μένου,
696 1878 915 1949 πρῶτον
948 1880 1051 1949 μὲν
1112 1883 1162 1935 οί
1212 1866 1501 1952 ἐπιχώριοι
1561 1882 1701 1952 μετά
1728 1881 1835 1935 τῶν
1883 1880 2267 1951 Καρχηδονίων
2332 1878 2607 1951 ἠμύνοντο
2673 1879 2973 1951 κραταιῶς.
3005 1878 3128 1931 Τῶν
3180 1878 3255 1930 δέ.
3288 1874 3572 1940 γυναικῶν
3634 1877 3734 1928 καὶ

468 1966 581 2019 τῶν
610 1969 818 2024 παίδων
851 1972 908 2034 ἐς
942 1971 1155 2043 δάκρυα
1197 1973 1293 2025 καὶ
1356 1974 1413 2035 ἐς
1475 1972 1726 2042 οἰμωγὰς
1799 1971 2211 2043 προαχθέντων,
2282 1971 2382 2025 οὐκ
2452 1971 2736 2041 ἀντέσχον.
2791 1969 3234 2037 ’Υπεξελθόντων
3273 1969 3330 2021 δὲ
3379 1966 3578 2029 νυκτὸς
3625 1968 3739 2020 τῶν

470 2056 884 2129 Καρχηδονίων,
935 2061 1051 2131 ἅμα
1074 2065 1141 2133 τῇ
1176 2062 1251 2133 ἕῳ
1295 2061 1395 2127 τὰς
1446 2063 1622 2127 πύλας
1685 2062 1965 2116 ἐθελονταὶ
2034 2062 2086 2114 οἱ
2122 2060 2411 2134 ἐπιχώριοι
2472 2061 2838 2117 ἀνεπέτασαν.
2866 2059 3219 2122 Είσελθόντες
3244 2059 3301 2113 δὲ
3345 2060 3397 2111 οἱ
3440 2058 3739 2127 Ῥωμαῖον

472 2156 685 2218 πάντας
716 2156 994 2224 ἐφόνευον
1047 2159 1153 2222 ἕως
1190 2156 1461 2230 ἐκήρυξεν
1514 2162 1545 2213 ὁ
1612 2160 1902 2225 ’Λττίλιος,
1949 2156 2285 2228 τὴνλοιπήν
2347 2172 2410 2209 τε
2471 2155 2623 2210 λείαν
2657 2155 2913 2218 καὶτοὺς
2952 2154 3277 2223 ἀνθρώπους
3321 2152 3417 2206 τοῦ
3476 2151 3743 2217 λαὸόντος

472 2244 637 2302 εἶναι.
678 2250 908 2303 Ἐκτοτε
938 2250 1046 2322 γὰρ
1075 2252 1203 2314 τοὺς
1235 2252 1459 2316 λοιπούς
1495 2269 1555 2306 τε
1586 2251 1937 2323 ἐζώγρησαν,
1960 2253 2055 2305 καὶ
2089 2250 2190 2322 τὴν
2225 2249 2391 2303 πόλιν·
2414 2250 2927 2321 προδιαρπάσαντες
2948 2250 3329 2321 κατέπρησαν.

542 2341 660 2397 χιι.
694 2344 826 2399 lnde
864 2345 1212 2400 Camarinam
1267 2346 1731 2418 iucircumspecte
1789 2348 2051 2417 aggressi,

2229 2343 2330 2398 lB’.
2376 2345 2624 2398 Ἐκεῖθεν
2667 2345 2715 2399 δί
2778 2346 2873 2400 ἐπὶ
2928 2348 3255 2417 Καμερίναν
3309 2344 3742 2416 ἀπερισκέπτως

473 2449 638 2508 atque
673 2438 728 2492 in
764 2438 881 2493 loca
922 2437 1141 2492 insidiis
1162 2449 1431 2509 occupata
1459 2440 1694 2510 delapsi,
1730 2454 1925 2495 omnes
1957 2454 2067 2509 per

474 2535 700 2597 rissent,
732 2533 835 2587 nisi
874 2533 947 2585 Μ.
975 2532 1361 2601 Calphurnius,
1392 2534 1646 2589 tribunus
1675 2532 1935 2598 militum,
1960 2549 2065 2588 ca.-

475 2624 780 2678 lamitatem
832 2638 981 2678 eam-
1016 2634 1137 2679 arte
1195 2626 1545 2681 correxisset.
1599 2626 1736 2680 Nam
1803 2640 1939 2680 cum.
1987 2638 2062 2679 ex“

475 2716 733 2771 «minibus
756 2730 927 2770 unum
954 2716 1230 2771 tumulum
1262 2717 1335 2772 ob
1360 2718 1724 2788 praecipitium
1748 2732 1859 2772 non
1887 2732 2063 2772 occuc-

475 2816 662 2877 patum
684 2807 933 2874 vidisset,
961 2823 1055 2867 ccc
1107 2808 1332 2879 389a
1366 2810 1592 2864 consule
1624 2793 1830 2865 milites
1853 2809 2053 2878 petiit:

475 2912 617 2966 quos
661 2913 786 2953 cum
819 2914 1055 2969 prepare
1104 2900 1200 2954 ille
1241 2899 1584 2965 adduxisset,
1615 2910 1678 2955 ut
1708 2901 1962 2956 hostibus
1998 2901 2059 2954 in‘

477 3007 534 3044 se
564 2991 870 3055 conversis,
895 2991 1085 3046 caeteri
1121 2990 1451 3062 effugerent,
1488 3007 1598 3046 non
1637 2991 1900 3062 deceptus
1945 3000 2060 3046 est;

475 3081 614 3137 Nam
649 3082 841 3137 hostes
891 3097 1085 3137 eorum
1137 3085 1343 3152 impetu
1379 3084 1637 3153 perculsi,
1672 3084 1899 3139 consule
1930 3098 2060 3139 cum

478 3177 596 3230 suis
657 3187 719 3230 ut
754 3176 868 3246 jam
902 3174 1091 3246 .captis
1162 3174 1392 3238 relictis,
1433 3183 1623 3229 contra
1656 3173 2056 3243 Calphurnium

480 3277 886 3322 concurrerunt
934 3275 1037 3322 :et
1088 3267 1263 3322 atroci
1309 3280 1491 3336 pugna
1533 3265 1848 3329 commissa,
1899 3267 2063 3321 multi

479 3357 647 3412 etiam
673 3374 740 3413 ex
764 3358 892 3422 illis,
918 3358 1013 3412 sed
1039 3358 1117 3418 illi
1161 3373 1258 3415 ccc
1297 3372 1493 3413 omnes
1525 3357 1837 3427 perierunt,
1864 3371 2063 3427 praeter

484 3465 653 3502 unum
685 3448 1086 3518 Calpburnium
1114 3467 1128 3503 τ
1177 3449 1272 3519 qui
1316 3465 1440 3504 eum
1479 3466 1588 3518 pra:
1620 3450 1943 3504 vulneribus
1972 3451 2059 3504 in-

482 3552 597 3596 star
637 3543 839 3596 mortui
893 3542 1040 3596 inter
1065 3542 1333 3597 cadavera
1377 3543 1665 3614 jaeuisset,
1718 3542 1931 3597 vivens-
1965 3559 2058 3598 re-

2156 2439 2439 2508 γενόμενοι
2478 2445 2537 2501 ἐς
2566 2438 2746 2509 χωρία
2790 2439 3261 2510 προλελοχισμὲνα
3301 2440 3583 2492 ἐνέπεσον·
3640 2440 3740 2492 καὶ

2157 2531 2389 2584 πανσυδὶ
2418 2531 2484 2585 ἂν
2516 2531 2864 2602 ἐφθάρησαν,
2903 2534 2950 2584 εί
2976 2533 3052 2604 μὴ
3081 2533 3310 2602 Μάρκος
3355 2532 3743 2602 Καλπούρνιος

2159 2605 2656 2693 χιλιαρχῶν’σοφία
2691 2623 2926 2693 μετῆλθε
2957 2624 3016 2676 τὸ
3055 2623 3405 2695 δυστύχημα.
3447 2624 3595 2678 Ἰδὼν
3625 2624 3741 2694 γάρ

2156 2730 2280 2769 τινα
2300 2714 2410 2767 τῶν
2440 2715 2603 2786 πέριξ
2634 2714 2816 2781 λόφων
2860 2715 3022 2786 μόνον
3072 2716 3179 2769 ὑπὸ
3232 2716 3326 2769 τοῦ
3377 2716 3741 2787 κρημνώδους

2161 2806 2239 2879 μὴ
2279 2806 2851 2877 προκατειλημμένον,
2905 2807 3131 2870 ὁπλίτας
3188 2809 3542 2878 τριακοσίους
3580 2808 3741 2878 παρά

2157 2896 2253 2949 τοῦ
2296 2896 2503 2949 ὑπάτου
2532 2897 2813 2967 -ᾑτήσατο,
2868 2896 2963 2952 καὶ
3017 2897 3117 2951 σὺν
3173 2897 3360 2959 αὐτοῖς
3408 2899 3498 2949 ἐπ’
3525 2898 3742 2950 ἐκεῖνον

2159 2986 2441 3058 ὥρμησεν,
2496 2985 2565 3039 ἵν’
2595 2987 2644 3038 οἱ
2671 2987 2900 3055 πόλεμοι
2956 2985 3096 3056 πρὸς
3150 2986 3353 3049 αὐτοὺς
3387 2986 3739 3056 τράπωνται,

2160 3080 2461 3135 κάντεῦθεν
2491 3081 2542 3132 οἱ
2595 3079 2777 3132 λοιποὶ
2824 3078 3139 3147 διαφύγωσι
3161 3095 3177 3110 ο
3204 3070 3298 3132 καὶ
3326 3080 3485 3148 ἔσχεν
3517 3080 3740 3144 οὕτως.

2173 3172 2261 3234 Ὠς
2285 3172 2394 3240 γὰρ
2419 3172 2519 3240 τὴν
2553 3170 2734 3241 ὁρμὴν
2754 3169 2950 3222 αὐτῶν
2982 3166 3123 3223 εἶδον
3151 3171 3203 3222 σί
3245 3171 3497 3233 ἐναντίοι,
3529 3171 3745 3227 ἐκτιλαο

2161 3264 2371 3332 γέντες,
2403 3262 2496 3314 τὸν
2551 3262 2650 3331 μὲν
2694 3261 2902 3314 ὕπατον
2953 3263 3053 3315 καὶ
3084 3264 3213 3326 τοὺς
3272 3262 3404 3331 περὶ
3438 3261 3626 3325 αὑτὸν,
3655 3261 3742 3325 ὡς

2160 3357 2262 3427 ήδη
2296 3355 2631 3418 ἑαλωκότας,
2680 3354 2994 3420 κατέλιπον,
3032 3352 3125 3405 ἐπὶ
3153 3353 3209 3406 δέ
3235 3353 3331 3405 τὸν
3360 3353 3745 3424 Καλπούρνιον

2164 3447 2525 3517 συνέδραμον.
2553 3445 2664 3498 Καὶ
2726 3446 2905 3514 μάχης
2936 3445 3168 3515 ἰσχυρᾶς
3208 3444 3520 3512 γεγονυίας,
3553 3444 3749 3497 πολλοὶ

2168 3538 2268 3609 μὲν
2298 3538 2591 3602 κάκείνων,
2627 3538 2828 3600 πάντες
2854 3537 2899 3589 δ’
2929 3539 2977 3589 oi
3028 3537 3334 3607 τριακόσιοι
3366 3537 3565 3591 ἔπεσον
3588 3553 3603 3569 ’
3639 3539 3749 3603 μό-

483 3643 692 3703 pertus.
738 3635 913 3689 evasit
956 3636 1269 3691 incolumis.
1314 3636 1529 3690 Interea
1566 3651 1700 3690 vero
1765 3635 1913 3690 dum-
1967 3651 2058 3692 ccc

2163 3646 2253 3693 νος
2280 3629 2336 3682 δέ
2359 3629 2767 3702 περιεσέσωστο
2811 3631 2840 3682 ὁ
2860 3628 3285 3699 ⁸Καλπούρνιος,
3324 3630 3555 3699 mea;
3588 3628 3697 3701 μέν
3726 3647 3744 3663 ο

482 3699 746 3794 pugnant,
777 3725 946 3780 etiam
994 3726 1185 3781 consul
1216 3725 1500 3789 Attilius,
1529 3728 1734 3781 evitato
1784 3727 2055 3796 periculo,

2162 3720 2342 3774 λαθὼν
2387 3699 2448 3775 δ’*
2478 3723 2537 3775 ἐν
2573 3724 2690 3784 τοῖς
2743 3723 2961 3790 νεκροῖς
3014 3722 3271 3792 κείμενος
3297 3721 3404 3774 ὑπὸ
3426 3720 3537 3775 τῶν
3560 3699 3751 3793 τραυο

485 3816 773 3871 Camarina
804 3827 859 3873 et
903 3818 1026 3872 aliis
1071 3818 1302 3872 urbibus
1335 3818 1535 3888 partim
1556 3819 1631 3883 vi,
1664 3819 1864 3888 partim
1902 3819 2062 3873 dedi-

488 3907 636 3963 tione
694 3910 958 3974 subactis,
1008 3910 1075 3964 ad
1126 3910 1381 3981 Liparam
1424 3909 1794 3980 proficiscitur
1840 3930 1854 3965 :
1893 3926 2061 3981 quam

486 4016 610 4054 cum
653 4000 930 4056 llamilcar
976 4003 1116 4056 clam
1163 4012 1328 4057 noctu
1355 4012 1700 4071 occupasset,
1732 4003 1914 4057 subita
1934 4019 2064 4057 eru-

487 4094 676 4163 ptione
720 4097 885 4158 farta,
918 4095 1121 4151 multos
1152 4080 1383 4150 caecidit.
1418 4095 1585 4151 Caius
1616 4110 1749 4150 vero
1796 4095 2063 4165 Sulpit‘ins

489 4201 599 4239 non
626 4187 789 4240 modo
819 4187 1086 4242 Sardinia:
1136 4191 1399 4257 pleraque
1434 4188 1551 4242 loca
1602 4187 1889 4243 infestavit
1919 4203 1933 4242 :
1964 4187 2061 4243 sed

486 4278 834 4334 successibus
874 4280 1072 4344 elatus,
1118 4280 1285 4334 etiam
1316 4288 1510 4334 contra
1555 4280 1780 4351 Libyam
1837 4281 1943 4335 iter
1973 4283 2062 4336 in-

490 4370 686 4424 tendit.
752 4370 830 4425 Ac
860 4369 1347 4441 Carthaginienses
1401 4387 1525 4425 cum
1578 4370 1849 4427 Annibale
1884 4373 2063 4427 solve~

492 4470 638 4521 runt.
669 4462 857 4531 patria:
885 4472 1194 4517 metuentes
1221 4479 1233 4517 :
1261 4463 1357 4517 sed
1381 4472 1547 4519 vento
1570 4464 1803 4519 adverso
1833 4465 2062 4534 repulsi,

489 4554 655 4608 antibo
681 4566 1046 4611 recesserunt.
1104 4555 1315 4612 Deinde
1360 4556 1584 4611 Attilius
1616 4556 1941 4609 Annibalem
1967 4570 2066 4624 per

491 4645 827 4701 subornatos
850 4647 1179 4717 transfugas,
1217 4656 1475 4717 tanquam
1514 4646 1698 4701 denuo
1738 4647 1791 4701 in
1823 4645 2062 4704 Africam

492 4740 866 4808 navigaturus.
904 4738 1141 4808 decepit.
1176 4738 1314 4794 Cum
1344 4740 1513 4810 igitur
1538 4739 1799 4795 celeriter
1826 4754 1859 4793 e
1892 4748 2057 4808 portu

491 4830 764 4894 solvisset,
792 4830 1062 4901 Sulpitius
1083 4840 1276 4884 contra
1298 4846 1424 4885 eum
1455 4833 1730 4895 invectus,
1766 4831 2061 4901 plerasque

491 4938 659 4978 naves
701 4923 843 4992 ejus,
893 4938 1005 4992 pra:
1041 4922 1273 4992 caligine
1316 4922 1410 4977 diu
1463 4923 1780 4995 ignorantes
1811 4922 1940 4992 quid
1984 4922 2062 4977 rei

2165 3817 2370 3886 μάτων,
2395 3817 2472 3881 ώς
2515 3818 2812 3890 τεθνηκὼς,
2846 3818 2980 3872 ἔνθα
3043 3817 3183 3882 ζωὸς
3231 3817 3481 3884 εὑρεθεὶς
3533 3817 3748 3884 ἐσώθη.

2172 3910 2265 3961 Ἐν
2294 3902 2339 3977 ᾧ
2369 3911 2413 3963 δ’
2436 3910 2487 3963 οἱ
2538 3912 2845 3981 τριακόσιοι
2885 3909 3173 3979 ἐμάχοντο,
3207 3912 3237 3963 ό
3257 3909 3480 3972 ’ὕπατος
3517 3909 3747 3979 ἀπεχώ-

2167 4016 2319 4070 ρησε.
2366 4001 2751 4070 Διαφυγὼνθ
2779 4001 2975 4066 οὕτως,
3010 4002 3108 4070 τὴν
3154 4017 3214 4054 τε
3262 4002 3588 4070 Καμαρῖναν
3645 4003 3746 4053 καί

2162 4091 2328 4153 ἄλλας
2378 4092 2562 4154 πόλεις
2610 4094 2711 4156 τὰς
2748 4094 2847 4162 μὲν
2914 4092 3026 4164 βίᾳ,
3087 4090 3209 4155 τάς-
3235 4091 3297 4143 δὲ
3334 4091 3433 4146 καὶ
3478 4091 3749 4162 ὁμολογίᾳ

2170 4182 2569 4252 παρεστήσατο.
2617 4182 2900 4239 Ἐντεῦθεν
2944 4184 3037 4236 ἐπὶ
3063 4184 3162 4252 τὴν
3194 4183 3453 4253 Λιπάραν
3482 4182 3752 4253 ὥρμησεν

2163 4277 2193 4328 ό
2240 4274 2521 4339 ’Δττίλιος.
2567 4276 2780 4338 Νυκτὸς
2829 4276 2890 4328 δέ
2930 4277 3112 4329 λαθὼν
3154 4275 3532 4347 προκατέσχεν
3571 4276 3751 4347 αὐτὴν

2163 4369 2192 4420 ό
2259 4367 2524 4437 Ἀμίλκας
2558 4385 2574 4400 ο
2626 4368 2724 4421 καὶ
2783 4367 3094 4430 ἐπεξελθὼν
3147 4366 3461 4434 αἰφνιδίως,
3514 4367 3750 4432 πολλοὺς

2163 4460 2460 4531 διέφθειρε.
2502 4460 2663 4522 Γάϊος
2713 4460 2773 4513 δέ
2817 4461 3141 4523 Σουλπίκιος
3173 4459 3273 4528 τῆς
3311 4476 3370 4513 τε
3411 4459 3649 4530 Σαρδοῦς
3674 4460 3750 4514 τὰ

2167 4553 2413 4605 πλείστας
2445 4553 2781 4622 κατέδραμε,
2824 4552 2925 4605 καὶ
2977 4551 3398 4622 ὑπερφρονήσας
3437 4550 3747 4615 ἐκτούτου,

2167 4642 2429 4714 ὥρμησεν
2468 4641 2563 4696 ἐπὶ
2607 4643 2708 4713 τὴν
2764 4642 2992 4713 Λιϐύην.
3027 4643 3151 4697 Καί-
3183 4642 3413 4712 ἀπῆραν
3442 4641 3547 4712 μὲν
3574 4643 3669 4694 καὶ
3692 4643 3750 4695 οί

2168 4736 2532 4807 Καρχηδόνιοι
2573 4737 2672 4788 σὺν
2700 4735 2779 4805 τῷ
2823 4732 3066 4805 Ἀννίϐᾳ,
3091 4735 3222 4805 περὶ
3262 4738 3385 4797 τοῖς
3415 4735 3558 4787 οίκοι
3599 4733 3752 4787 δεδὸδ

2166 4845 2279 4893 τες.
2326 4828 2814 4891 ’Λντιπνεύσαντος
2841 4827 2901 4879 δέ
2956 4826 3271 4896 πνεύματος
3326 4825 3547 4894 σφίσιν,
3578 4826 3751 4896 ἄμφω

2168 4919 2552 4991 ὑπεχώρησαν.
2604 4921 2714 4973 Καὶ
2784 4918 2925 4989 μετά
2953 4918 3135 4972 ’ταῦτα
3187 4917 3391 4987 ἔσφηλε
3442 4918 3535 4970 διὰ
3580 4933 3751 4970 τινων

490 5026 661 5073 esset.
703 5030 768 5069 ac
819 5016 1088 5080 turbatas,
1132 5014 1395 5069 demersit
1439 5034 1452 5070 :
1501 5014 1729 5084 reliqua:
1759 5017 1824 5068 ad
1857 5024 2058 5069 terram

2166 5011 2612 5082 ψευδαυτομόλων
2655 5012 2746 5065 τὸν
2788 5010 3037 5065 Ἀννίϐαν
3063 5013 3094 5064 ό
3132 5009 3419 5073 Ἀττίλιος,
3450 5009 3618 5072 ὡςιές
3644 5009 3749 5077 τὴν

492 5107 873 5179 profugerunt,
893 5115 1058 5178 atque
1082 5108 1273 5162 inanes
1294 5115 1466 5177 captaa
1489 5116 1639 5160 sunt.
1672 5106 1803 5160 Nam
1827 5107 2061 5160 Annibal

494 5216 616 5255 eum
654 5209 872 5270 portum
923 5214 1033 5254 non
1094 5208 1270 5254 tutum
1307 5214 1427 5253 esse
1456 5197 1690 5259 videret,
1729 5196 1798 5251 iis
1837 5197 2062 5259 relictis,

495 5293 550 5348 in
598 5292 786 5347 urbem
837 5291 1032 5347 Sulcos
1067 5307 1126 5346 se
1161 5291 1393 5346 contulit
1436 5307 1449 5343 :
1485 5287 1670 5357 ibique
1708 5296 1827 5341 orta
1875 5296 2066 5341 contra

494 5401 618 5439 rum
659 5383 927 5438 seditione
956 5380 1512 5452 Carthaginiensium,
1546 5394 1671 5431 cum
1696 5378 1848 5432 solus
1876 5377 1942 5431 ad
1973 5392 2069 5431 eos

498 5476 812 5546 prodiisset,
850 5476 1036 5545 periit.
1065 5475 1144 5531 Ex
1171 5489 1240 5528 eo
1268 5483 1513 5542 tempore
1548 5471 1780 5527 Romani
1817 5471 2069 5526 securius

498 5585 661 5641 agros
703 5568 1049 5640 populantes,
1096 5567 1163 5622 ab
1199 5565 1463 5620 llannoue
1512 5564 1640 5618 victi
1669 5572 1815 5617 sunt.
1853 5563 1977 5617 Haec
2002 5577 2071 5616 eo

499 5679 645 5717 anno
695 5672 844 5733 gesta
887 5668 1019 5716 sunt
1054 5678 1070 5715 :
1108 5669 1164 5716 et
1211 5657 1561 5714 continenter
1598 5654 1807 5725 lapides
1837 5655 1905 5710 de
1930 5654 2071 5709 coelo

505 5753 666 5810 simul
700 5754 908 5828 plures,
948 5749 1231 5826 grandinis
1274 5752 1466 5819 instar,
1509 5750 1693 5805 Roma:
1716 5746 2071 5804 deciderunt.

2169 5103 2379 5174 Λιϐύην
2446 5101 2607 5163 αὖθις
2657 5103 3048 5171 πλευσόμενος.
3079 5101 3291 5173 Σπουδῇ
3341 5118 3402 5154 τε
3450 5096 3547 5155 οὖν
3596 5100 3751 5171 αὐτῷ

2173 5195 2521 5267 ἐξαναχθέντι
2587 5194 2923 5256 ἐπιπλεύσας
2980 5195 3011 5247 ὁ
3079 5195 3428 5257 Σουλπίκιος,
3492 5195 3597 5257 τὰς
3648 5193 3751 5263 μιν

2173 5286 2398 5347 πλείους
2429 5283 2542 5339 τῶν
2586 5285 2726 5339 νεῶν
2751 5284 3055 5354 ἀγνοούσας
3086 5284 3192 5338 ὑπὸ
3220 5286 3454 5356 ὁμίχλης
3483 5284 3579 5338 ἐπὶ
3610 5285 3749 5338 πολὺ

2172 5380 2233 5432 τδ
2266 5380 2575 5448 γινόμενον,
2625 5378 2721 5433 καὶ
2771 5377 3182 5450 ταραττομένας
3236 5378 3527 5431 κατέδυσε*
3554 5377 3654 5441 τὰς
3686 5377 3748 5430 δὲ

2172 5467 2365 5530 λοιπὰς
2408 5465 2828 5535 καταφυγοῦσας
2871 5466 2929 5528 ἐς
2974 5467 3077 5535 τὴν
3113 5467 3219 5534 γῆν
3265 5469 3430 5529 κενὰς
3478 5461 3655 5519 είλεν.ι
3688 5464 3751 5517 '0

2174 5559 2283 5629 γὰρ
2323 5556 2591 5621 Ἀννίϐας,
2641 5557 2744 5609 οὐκ
2775 5557 2995 5626 ἀσφαλῆ
3022 5557 3115 5610 τὸν
3168 5557 3361 5627 λιμένα
3390 5556 3554 5628 ὁρῶν,
3584 5571 3752 5609 κατα-

2173 5648 2347 5702 λιπὼν
2390 5650 2558 5711 αύτάς
2597 5648 2951 5719 ἀνεχώρησεν
2992 5650 3074 5712 είς
3112 5649 3265 5703 πόλιν
3305 5648 3593 5711 Σουλκούς.
3628 5647 3727 5699 Ἕν

2178 5741 2245 5795 θα
2288 5739 2870 5811 στασιασάντων-πρὸς
2904 5739 3067 5795 αὗτὺν
3108 5737 3518 5811 Καρχηδονίων,
3546 5736 3742 5807 προῆλ-
