4042 6200
411 282 514 346 671

1707 270 2032 333 JOANNIS
2062 271 2384 335 ΖΟΝΛίὶᾸί

3568 277 3685 337 672

412 397 618 452 bilibus
642 437 656 457 ,
695 394 901 448 multos
934 395 1292 459 cxperrcctos
1342 384 1549 440 occidit
1580 402 1596 439 :
1650 384 1695 439 si
1730 375 1990 453 qui'vcro

2106 388 2306 440 ειωτὼν
2356 390 2451 441 καὶ
2498 393 2773 460 μηχαναῖς
2820 390 3140 454 λιθοϐόλοις.
3189 392 3303 445 Καὶ
3332 391 3556 462 τὸνμὲν
3588 394 3683 446 οὗ·

413 495 752 548 cvaserant,
811 484 879 537 ab
941 480 1009 535 iis
1060 478 1155 549 qui
1220 476 1338 532 vias
1400 475 1822 541 custodiebant,
1893 489 1990 528 ex-

349 636 359 648 ,
414 579 560 649 cepti
626 575 931 646 perierunt.
1007 571 1098 626 Sic
1148 585 1339 640 magna
1399 584 1526 638 pars
1566 567 1992 638 Carthaginien~

416 674 558 726 sium
602 676 687 723 cst
738 666 1052 735 absumpta,
1100 672 1156 718 ct
1187 663 1373 716 multa:
1401 662 1565 717 urbes
1594 661 1659 715 ad
1711 662 1991 716 Romanos

414 763 759 817 defecerunt.
800 758 989 826 Itaque
1036 755 1072 810 ii
1104 755 1197 824 qui
1235 758 1289 808 in
1326 752 1462 831 urbe
1491 762 1669 818 erant,
1709 752 1871 807 veriti
1919 768 1990 808 ne

415 861 767 923 caperentur,
798 850 1193 905 caduceatores
1217 847 1285 901 ad
1319 862 1447 903 cum
1475 845 1745 901 miserunt
1773 862 1792 909 ;
1832 855 1894 900 ut
1923 860 1991 900 eo

419 945 686 1000 tolerabili
723 944 906 1015 aliqua
942 942 1198 1013 pactione
1229 949 1434 1002 amoto,
1468 940 1765 997 imminens
1788 943 1990 996 malum

2088 495 2197 540 τως
2239 478 2573 551 διέφθειρεν.
2627 483 2721 552 Τῷ
2767 482 2826 537 δὲ
2884 484 3123 554 Ἀμίλκᾳ.
3146 486 3238 538 ἐπὶ
3269 486 3551 558 μετεώρου
3584 491 3681 543 καὶ

2091 569 2358 634 ξυλώδους
2390 574 2951 645 στρατοπεδευομένῳ
2988 576 3191 646 χωρίου
3222 578 3446 648 νύκτωρ
3472 581 3680 648 προσέ-

2094 662 2240 731 μιξε,
2287 664 2384 716 καὶ
2426 664 2658 729 πολλοὺς
2690 666 2794 733 μὲν
2822 667 2883 718 ἐν
2937 671 3064 728 ταῖς
3096 668 3307 733 εὐναῖς,
3351 669 3592 732 πολλοὺς
3631 672 3683 725 δ’

2091 754 2483 823 έξεγερθέντας
2521 756 2802 812 διώλεσεν.
2859 760 2923 813 Et
2975 759 3033 813 δέ
3082 777 3235 824 τινες
3265 762 3362 814 καὶ
3389 762 3677 832 διέφυγον,

2092 850 2207 911 τοῖς
2236 847 2338 908 τὰς
2356 847 2510 911 ὀδοὺς
2548 849 2815 917 τηροῦσιν
2849 850 3229 920 ἐμπίπτοντες
3257 852 3521 909 ὧλλυντο.
3568 856 3682 909 Καί⁵

2090 939 2235 993 οὕτω
2265 939 2374 992 τῶν
2402 957 2461 994 τε
2493 941 2884 1011 Καρχηδονίων
2910 943 3077 1015 μέρος
3110 944 3367 1014 άναλώθη
3395 947 3559 1011 πολὺ,
3586 951 3684 1004 καὶ

421 1037 886 1107 subterfugerent.
922 1035 1059 1089 Cum
1103 1043 1284 1088 autem
1339 1035 1508 1089 multa
1558 1050 1824 1104 perquam
1874 1050 1992 1087 mo-

2106 1031 2283 1093 πόλεις
2318 1030 2501 1084 αὐτῶν
2539 1033 2735 1103 συχναὶ
2784 1035 2924 1105 πρέθς
2963 1036 3273 1105 Ῥωμαίους
3323 1038 3683 1108 μεθίσταντο.

422 1132 557 1186 lcsta
595 1130 924 1200 postularet,
972 1137 1029 1182 ut
1079 1129 1226 1195 pacis
1257 1129 1607 1184 conditiones
1652 1129 1790 1183 nihil
1840 1129 1993 1183 aliud

2106 1123 2432 1194 Ροεηθέντες
2470 1125 2516 1177 δ’
2565 1125 2616 1177 ot
2648 1127 2706 1178 tv
2740 1128 2805 1194 τῇ
2876 1126 3030 1180 πόλει
3072 1127 3148 1199 μὴ
3186 1128 3381 1196 ἁλώσι,
3417 1131 3683 1205 διεκηρυο

419 1238 584 1294 quam
638 1222 913 1276 excidium
942 1221 1276 1292 judicarent,
1320 1223 1439 1291 paci
1486 1223 1690 1279 bellum
1740 1223 1996 1292 praetule-

2106 1214 2364 1267 κεύσαντο
2415 1213 2554 1285 πρὸς
2600 1215 2693 1268 τὸν
2743 1214 2975 1280 ὕπατον,
3028 1219 3180 1281 ὅπως
3230 1220 3496 1295 ὁμολογίᾳ
3569 1224 3686 1279 τινὶ

421 1327 570 1372 runt.
602 1317 850 1388 Regulus
881 1319 1028 1372 enim
1061 1317 1127 1371 ad
1177 1318 1225 1371 id
1270 1333 1445 1387 usque
1480 1326 1697 1387 tempus
1732 1332 1995 1388 prospera

2106 1304 2335 1358 ἐπιεικεί
2372 1304 2805 1374 ἀποπέμψαντες
2830 1306 3019 1369 αὐτὸν,
3049 1308 3111 1360 τὸ
3147 1310 3475 1380 παραυτίκα
3504 1312 3684 1368 δεινὸν

420 1410 641 1464 fortuna
682 1426 837 1475 usus,
887 1410 1089 1465 animis
1111 1421 1169 1465 et
1190 1411 1332 1464 lastu
1377 1410 1517 1466 adeo
1550 1410 1745 1480 plenus
1780 1411 1905 1474 fuit,
1939 1418 1998 1464 ut

2106 1396 2510 1465 ὕπεκφύγωσιν.
2555 1397 2711 1450 Ἐπεὶ
2748 1397 2806 1451 δὲ
2853 1398 3025 1452 πολλὰ
3050 1401 3361 1473 ἀπῃτοῦντο
3389 1405 3486 1458 καὶ
3533 1424 3703 1476 φορ--

426 1504 651 1558 Romam
683 1503 975 1566 scriberet,
1002 1518 1061 1557 se
1101 1501 1596 1573 metuobsignatas
1621 1503 1827 1557 habere
1857 1501 1996 1557 Car-

2106 1489 2265 1554 τικά,
2296 1488 2373 1551 ὡς
2423 1487 2629 1541 ἅλωσιν
2691 1487 2874 1542 αὐτῶν
2941 1487 3148 1559 ἀκριϐῆ
3199 1490 3522 1560 νομίζεσθαι
3579 1496 3685 1561 τὰς

427 1593 667 1663 thagiuis
717 1602 923 1662 portas.
953 1592 1102 1648 Idem
1133 1592 1366 1648 allectus
1387 1601 1442 1647 et
1469 1594 1588 1663 ejus
1619 1593 1856 1648 militum
1872 1633 1893 1654 Α.
1941 1601 2000 1648 et

2106 1578 2357 1644 σπονδὰς,
2417 1576 2678 1646 πολεμεῖν
2714 1577 2917 1646 μᾶλλον
2943 1577 3172 1633 εἴλοντο.
3226 1581 3286 1634 ’0
3317 1582 3508 1650 μέντοι
3553 1581 3684 1654 Ῥη-

423 1683 627 1736 civium
657 1670 1031 1741 Romanorum
1069 1683 1173 1739 fuit
1208 1700 1223 1741 :
1257 1683 1403 1739 unde
1438 1683 1643 1739 factum
1676 1694 1780 1749 est,
1813 1686 1999 1739 utim-

2106 1670 2316 1738 γοῦλος,
2373 1670 2535 1739 μέχρι
2581 1669 2703 1723 τότε
2761 1670 3041 1741 εὐτυχῶν,
3097 1672 3422 1744 αὐχήματος
3483 1675 3686 1744 μεστὸς

421 1774 730 1845 pingerent.
790 1778 925 1832 Nam
956 1778 1499 1850 Carthaginiensibus
1549 1796 1673 1836 cum
1712 1782 1828 1841 alii,
1884 1791 1999 1836 tum

2106 1764 2326 1830 ἐγένετο
2356 1765 2454 1819 καὶ
2481 1766 2863 1836 φρονήματος,
2896 1766 3041 1821 ὥστε
3083 1767 3182 1822 καὶ
3210 1769 3450 1839 γράφειν
3475 1771 3558 1835 είς
3582 1771 3687 1841 τὴν

422 1866 774 1937 Xanthippus
790 1867 1238 1927 Lacedaemonius
1250 1872 1454 1927 auxilio
1468 1883 1759 1928 venerunt.
1774 1874 1879 1940 Qui
1901 1875 2004 1928 im-

422 1967 646 2027 perator
675 1967 896 2015 creatus
924 1967 1078 2032 (nam
1104 1963 1157 2017 ei
1181 1973 1238 2018 et
1258 1964 1492 2033 populus
1508 1964 1710 2036 cupide
1730 1980 2000 2021 summam

427 2066 612 2104 rerum
649 2050 873 2116 detulit,
914 2062 971 2107 et
1001 2053 1243 2111 Amilcar
1272 2058 1570 2128 caeterique
1604 2062 1881 2131 principes
1917 2065 2002 2117 ul-

428 2150 514 2195 tro
547 2146 855 2219 cesserunt)
884 2159 1011 2199 eum
1044 2144 1150 2200 alia
1188 2148 1361 2216 probe
1388 2150 1692 2219 ordinavit,
1730 2162 1846 2209 tum
1870 2155 2003 2211 Car-

429 2216 799 2300 thaginienses
837 2249 868 2287 a
906 2234 1161 2299 tumulis,
1198 2237 1255 2291 in
1292 2239 1495 2307 quibus
1535 2256 1646 2310 pra!
1676 2216 1833 2300 Vmetu
1873 2261 2004 2318 age-

428 2320 583 2387 bant,
619 2321 674 2376 in
703 2323 988 2392 planitiem
1017 2326 1267 2391 deduxit,
1302 2329 1394 2384 ubi
1422 2340 1479 2385 et
1502 2333 1792 2401 equitatus
1806 2351 1999 2393 eorum

427 2422 484 2468 et
521 2414 846 2483 elephantes
885 2417 1186 2486 plurimum
1224 2428 1499 2489 poterant.
1547 2424 1648 2479 Hic
1690 2426 1814 2483 aliis
1866 2437 2005 2484 tem-

428 2505 656 2571 poribus
705 2507 946 2577 quietus,
991 2513 1335 2580 exspectavit
1372 2514 1502 2568 dum
1549 2517 1778 2573 Romani
1822 2530 2004 2577 castra

429 2591 774 2664 negligenter
820 2603 1130 2653 tuerentur.
1172 2599 1315 2654 Elati
1363 2601 1513 2656 enim
1552 2603 1805 2670 vit-toria,
1852 2606 2006 2661 Xan—

431 2683 683 2755 thippum
710 2695 770 2740 ut
787 2686 1105 2744 Graeculum
1117 2690 1250 2761 (quo
1274 2693 1498 2748 nomine
1512 2710 1610 2764 per
1622 2705 2003 2767 contemptum

436 2782 692 2847 utuntur)
733 2780 872 2836 nihil
906 2780 1174 2837 facientes
1196 2822 1212 2847 ,
1243 2785 1425 2840 securi
1455 2787 1759 2857 agitabant.
1799 2789 1891 2846 Sic
1920 2790 2004 2846 af-

433 2869 609 2926 fectos
646 2871 927 2928 Romanos
976 2873 1232 2942 adortus,
1275 2892 1582 2948 eorumque
1620 2882 1872 2951 equitatu
1909 2900 2007 2955 per

431 2964 756 3033 elephantos
786 2966 1095 3037 proﬂigato,
1123 2969 1327 3026 multos
1349 2971 1573 3035 occidit,
1608 2974 1814 3030 multos
1836 2979 2002 3046 cepit,

2115 1852 2359 1923 Ῥώμην,
2386 1854 2470 1908 ὅτι
2500 1856 3061 1927 κατεσφραγισμένας
3100 1858 3217 1928 έχει
3262 1859 3363 1922 τὰς
3385 1859 3499 1913 τῶν
3526 1862 3688 1932 Καρ.

2104 1947 2367 2020 χηδονίων
2404 1947 2583 2015 πύλας
2630 1950 2736 2005 ὐπὸ
2787 1950 2884 2005 τοῦ
2943 1952 3134 2022 φόϐου.
3162 1953 3244 2007 Τά
3269 1956 3361 2008 ῐσα
3395 1954 3454 2007 δὲ
3500 1957 3598 2010 καὶ
3635 1957 3687 2010 οῖ

2104 2043 2207 2096 σὺν
2235 2042 2409 2112 αὐτῷ,
2447 2043 2543 2097 καὶ
2572 2045 2636 2096 ’οί
2673 2045 2735 2097 έν
2784 2046 2852 2115 τῇ
2892 2043 3080 2117 Ῥώμῃ
3114 2045 3401 2117 ἐφρόνουν
3432 2048 3557 2101 ὅθεν
3591 2049 3689 2101 καὶ

2104 2136 2440 2206 ἑσφάλησαν.
2475 2131 2683 2195 fumeo»;
2716 2138 2817 2207 μὲν
2847 2137 2959 2210 γὰρ
2985 2141 3101 2204 τοῖς
3150 2139 3555 2212 Καρχηδονίοις
3585 2143 3690 2195 καὶ

2104 2227 2285 2298 ἕτεροι
2316 2226 2623 2298 σύμμαχοι.
2648 2222 2781 2298 ἦλθε
2803 2227 2862 2282 δὲ
2890 2230 2987 2283 καὶ
3012 2230 3079 2283 ὲκ
3100 2229 3511 2301 Λακεδαίμονος
3541 2232 3692 2286 Ξάν-

2106 2319 2329 2383 θιππος.
2364 2315 2555 2387 Οὗτος,
2586 2320 2684 2392 τὴν
2734 2321 3119 2394 αὐτοκράτορα
3151 2323 3260 2377 τῶν
3290 2324 3692 2395 Καρχηδονίων

2106 2411 2288 2482 ἀρχὴν
2312 2412 2554 2482 εἰληφὼς
2589 2413 2640 2483 (ὃ
2663 2430 2722 2467 τε
2760 2412 2870 2482 γὰρ
2898 2414 3071 2484 δῆμος
3097 2414 3249 2486 αὐτῷ
3284 2415 3355 2469 τὰ
3380 2417 3694 2488 πράγματα

2106 2504 2412 2575 προθύμως
2446 2504 2743 2575 ἐπέτρεψε,
2775 2506 2874 2561 καὶ
2905 2508 2934 2560 ὀ
2972 2507 3239 2577 Ἀμίλκας
3300 2508 3397 2562 καὶ
3432 2509 3484 2562 οί
3505 2508 3693 2564 λοιποὶ

2105 2596 2157 2649 ot
2189 2598 2246 2650 tv
2281 2598 2425 2651 τέλει
2454 2600 2728 2664 ἑκουσίως
2761 2601 3083 2675 ἐξέστησαν)
3128 2602 3200 2656 τά
3230 2618 3289 2656 τε
3323 2603 3460 2658 ἄλλα
3510 2621 3695 2675 παρε-

2110 2690 2384 2743 σκεύασεν
2438 2685 2526 2755 εὗ,
2568 2691 2796 2747 καὶάπδ
2823 2691 2932 2745 τῶν
2973 2691 3269 2763 μετεώρων
3296 2694 3429 2758 τοὺς
3457 2696 3693 2766 Καρχη-

2107 2780 2342 2847 δονίους,
2368 2784 2429 2836 ὲν
2477 2778 2565 2849 οἷς
2609 2784 2717 2838 ὑπὸ
2747 2784 2904 2849 δέους
2939 2781 3103 2857 ἦσαν,
3141 2787 3462 2858 κατήγαγεν
3505 2788 3588 2852 είς
3626 2789 3693 2841 τὸ

2107 2874 2337 2946 ὁμαλὸν,
2371 2877 2429 2929 έν
2472 2869 2518 2945 ᾧ
2545 2877 2581 2947 ἥ
2616 2894 2677 2931 τε
2707 2877 2904 2932 ίππεία
2936 2878 3121 2932 αὐτῶν
3166 2879 3265 2933 καὶ
3300 2880 3351 2932 οί
3395 2878 3694 2949 ἐλέφαντες

2110 2967 2365 3021 πλεῖστον
2411 2968 2655 3039 ίσχύσειν
2740 2968 2990 3040 ἔμελλον*
3043 2969 3139 3024 καὶ
3205 2971 3300 3023 τὸν
3379 2969 3483 3041 μὲν
3527 2971 3693 3027 ἄλλον

430 3068 597 3129 atque
634 3058 814 3130 ipsum
842 3061 1135 3134 Regulum.
1172 3061 1288 3132 Qua
1325 3064 1555 3122 victoria
1577 3065 2002 3139 Carthaginien-

2107 3059 2301 3131 χρόνον
2349 3058 2615 3131 ήσύχαζε’
2647 3063 2901 3134 τηρήσας
2937 3061 2996 3116 δέ
3043 3079 3176 3116 ποτε
3203 3062 3330 3126 τοὺς
3373 3062 3691 3133 Ῥωμαίους

430 3165 522 3207 ses
570 3153 671 3206 etsi
709 3154 924 3210 animos
968 3166 1314 3224 receperant,
1361 3167 1542 3212 tamen
1592 3160 1840 3228 captivos
1871 3178 2005 3217 con-

430 3251 761 3299 servarunt:
801 3258 869 3297 ne
904 3244 940 3298 ii
970 3260 1213 3316 quoque,
1249 3264 1388 3317 quos
1416 3250 1623 3319 pridem
1651 3252 1881 3306 Roumni
1908 3270 2001 3309 ce-

430 3339 645 3400 perant,
707 3333 1117 3391 occiderentur.
1164 3336 1243 3392 Ae
1296 3347 1524 3393 exteros
1577 3342 1798 3409 quidem
1866 3345 2005 3400 bene

433 3430 762 3490 tractarunt,
795 3425 1067 3496 Regulum
1099 3439 1281 3483 autem
1312 3430 1574 3486 omnibus
1602 3433 1778 3486 modis
1799 3433 2006 3490 aﬂlixe-

436 3523 586 3569 runt.
611 3515 750 3571 Nam
784 3526 841 3572 et
872 3526 1080 3573 tantum
1131 3518 1242 3573 cibi
1284 3519 1617 3587 praebebant,
1667 3525 1813 3580 unde
1841 3527 2004 3580 vitam

433 3615 750 3662 sustentare
802 3617 1010 3677 posset,
1057 3620 1114 3665 et
1164 3611 1514 3667 continenter
1543 3614 1897 3682 elephantum
1937 3618 2004 3672 ad

434 3714 559 3753 eum
591 3699 942 3756 adducebant
975 3719 988 3755 ι
1017 3719 1046 3757 a
1072 3719 1180 3772 quo
1206 3705 1451 3769 territus,
1482 3722 1661 3776 neque
1692 3708 1876 3763 animo
1909 3727 2008 3765 ne-

433 3807 542 3860 que
587 3807 820 3862 corpore
877 3798 1321 3865 conquiesceret.
1390 3799 1637 3868 Denique
1708 3812 1832 3871 post
1906 3803 2007 3858 has

432 3883 751 3938 vexationes
801 3899 926 3938 eum
1002 3887 1055 3939 in
1102 3901 1379 3942 carcerem
1427 3890 1807 3959 conjecerunt.
1865 3893 2011 3948 Suos

434 3976 598 4030 etiam
624 3977 924 4034 foederatos
953 3978 1338 4037 crudelissime
1374 3990 1698 4037 tractarunt.
1727 3985 1860 4040 Nam
1878 4002 2005 4040 cum

433 4086 497 4127 ea
544 4088 665 4142 quae
703 4072 1068 4141 promiserant
1121 4074 1283 4144 392
1316 4086 1574 4144 praestare
1616 4092 1724 4131 non
1758 4091 2004 4147 possent,

432 4180 531 4220 eos
573 4164 921 4228 dimiserunt,
954 4174 1015 4220 ut
1046 4165 1321 4235 stipendia
1367 4182 1476 4222 non
1508 4170 1680 4223 multo
1704 4180 1835 4239 post
1876 4189 2006 4242 pcr-

432 4257 687 4311 soluturi.
724 4255 831 4312 Sed
876 4266 1128 4313 vectores
1164 4274 1356 4314 eorum
1394 4261 1699 4329 jusserunt,
1729 4263 1794 4318 iis
1828 4265 1880 4319 in
1913 4265 2008 4321 de-

434 4356 580 4400 serta
643 4345 879 4415 quadam
936 4346 1111 4401 insula
1161 4348 1446 4418 expositis,
1495 4350 1634 4405 clam
1698 4354 2005 4411 discedere.

435 4440 811 4510 Xanthippum
836 4440 927 4495 alii
961 4440 1312 4497 submersum
1349 4442 1420 4497 ab
1456 4442 1526 4497 iis
1559 4445 1768 4508 ferunt.
1796 4448 2008 4504 abeun-

434 4543 541 4589 tem
574 4534 899 4603 persecutis.
937 4534 1042 4589 Alii
1086 4551 1279 4589 navem
1315 4536 1366 4591 ei
1413 4535 1596 4591 datam
1628 4548 1871 4594 veterem
1896 4579 1912 4603 ,
1954 4551 2012 4596 et

436 4624 720 4677 ruinarum
755 4623 993 4692 plenam,
1033 4624 1381 4679 extrinsecus
1413 4640 1606 4680 recens
1648 4626 1907 4695 picatam,
1950 4638 2012 4685 ut

437 4716 492 4770 in
517 4732 580 4770 ea
624 4730 721 4785 per
749 4730 807 4768 se
832 4715 1283 4784 submergeretur
1317 4732 1331 4768 :
1367 4732 1478 4786 quo
1506 4718 1553 4772 is
1582 4717 1970 4775 animadverso
1991 4761 2005 4782 .

434 4809 540 4864 alia
573 4807 697 4865 navi
729 4822 1029 4863 conscensa
1054 4807 1311 4862 evaserit.
1348 4805 1402 4860 Id
1428 4824 1558 4862 vero
1590 4808 1815 4875 factum,
1842 4826 1912 4865 ne
1941 4811 2010 4866 ab

434 4901 532 4955 illo
553 4900 864 4956 conservati
890 4898 1235 4955 viderentur.
1271 4899 1544 4954 Putabant
1566 4899 1739 4966 enim,
1776 4916 1843 4956 eo
1876 4904 2013 4958 sub-

431 4991 566 5058 lato,
587 4993 755 5049 etiam
782 5008 967 5047 rerum
998 5001 1278 5063 gestarum
1299 4992 1529 5061 gloriam
1550 5007 1659 5047 una
1679 4993 2006 5061 perituram.

2106 3152 2606 3226 καταφρονητικῶς
2635 3153 3052 3225 αὐλιζομένους·
3087 3153 3233 3225 μέγα
3275 3152 3388 3226 γὰρ
3419 3154 3694 3225 φρονοῦν-

2104 3250 2278 3317 τεςτῇ
2314 3247 2466 3321 νίκῃ.
2517 3248 2613 3301 καὶ
2649 3247 2742 3301 τδν
2767 3247 3087 3303 Ξάνθιππον
3134 3248 3211 3312 ὡς
3252 3247 3489 3319 Γραικὸν
3516 3248 3695 3320 ὑπερο

2106 3341 2343 3411 ορῶντες
2408 3339 2578 3407 (οὕτω
2628 3340 2742 3412 γὰρ
2803 3340 3037 3395 καλοῦσι
3095 3340 3226 3405 τοὺς
3258 3341 3564 3412 Ἕλληνας,
3593 3340 3695 3395 καὶ

2107 3435 2188 3497 είς
2234 3432 2437 3496 ὄνειδος
2491 3432 2812 3503 δυσγενείας
2849 3434 2928 3505 τῷ
2973 3436 3329 3507 προσρήματι
3358 3437 3481 3489 κατ’
3507 3435 3697 3489 αὐτῶν

2107 3524 2371 3597 χρῶνται)
2429 3525 2530 3587 τάς
2598 3527 3028 3595 στρατοπεδείας
3099 3527 3529 3599 ἀπερισκέπτως
3586 3546 3696 3582 πε-

2108 3618 2358 3686 ποίηντο·
2385 3616 2562 3681 οὕτως
2599 3614 2694 3682 οὖν
2740 3621 2857 3681 τοῖς
2918 3619 3219 3689 Ῥωμαίοις
3263 3619 3634 3690 διακειμένοις
3664 3623 3695 3674 δ

2109 3711 2427 3769 Ξάνθιππος
2471 3709 2745 3776 ἐπελθὼν,
2773 3711 2869 3765 καὶ
2906 3711 2968 3765 τὸ
2999 3711 3229 3766 ίππικδν
3257 3712 3440 3767 αὐτῶν
3465 3712 3557 3768 διὰ
3577 3713 3693 3766 τῶν

2111 3802 2422 3870 ἐλεφάντων
2450 3801 2817 3872 τρεψάμενος,
2847 3802 3080 3864 πολλοὺς
3103 3803 3204 3873 μὲν
3240 3802 3534 3871 κατέκοψε,
3560 3805 3694 3857 πολ-

2110 3895 2239 3958 λοὺς
2266 3893 2326 3948 δὲ
2376 3894 2473 3946 καὶ
2522 3892 2842 3965 ἐζώγρησε,
2880 3894 2978 3947 καὶ
3032 3895 3200 3948 αὐτὸν
3240 3893 3337 3948 τὸν
3375 3893 3689 3963 Ῥηγοῦλον.

2111 3987 2221 4038 Καὶ
2255 3987 2313 4037 tv
2348 3986 2663 4054 φρονήματι
2690 3986 2780 4038 διὰ
2814 3985 2991 4038 ταῦτα
3026 3981 3169 4057 ἦσαν
3192 3987 3241 4038 ot
3294 3983 3694 4056 Καρχηδόνιοι,

2109 4076 2234 4137 τοὺς
2285 4074 2345 4128 δὲ
2376 4074 2607 4139 ἁλόντας
2639 4074 3009 4146 περιέσωσαν,
3050 4075 3141 4128 ἵνα
3191 4075 3266 4145 μὴ
3294 4075 3390 4128 καὶ
3427 4075 3479 4128 οἱ
3537 4074 3696 4145 παρὰ

2109 4167 2223 4221 τῶν
2261 4167 2556 4238 Ῥωμαίων
2603 4168 2874 4238 πρότερον
2908 4167 2967 4234 ἐξ
2993 4167 3177 4222 αὐτῶν
3219 4168 3696 4239 αἰχμαλωτισθέν-

2109 4277 2201 4321 τες
2234 4256 2533 4312 κτανθῶσι.
2568 4258 2704 4321 Τοὺς
2741 4258 2840 4328 μὲν
2870 4253 2967 4312 οὖν
3005 4258 3213 4322 ἄλλους·
3237 4258 3347 4312 τῶν
3368 4258 3696 4325 ἑαλωκότων

2131 4348 2424 4419 Ῥωμαίων
2448 4349 2509 4401 ὲν
2552 4348 2825 4418 θεραπείᾳ
2866 4344 3037 4421 εἶχον,
3069 4349 3165 4403 τὸν
3203 4349 3261 4403 δὲ
3303 4348 3607 4419 Ῥηγοῦλον
3634 4351 3699 4403 ὲν

2114 4444 2264 4515 πάσῃ
2309 4441 2582 4514 κακουχίᾳ
2631 4443 2969 4513 πεποίηντο,
3021 4443 3232 4513 τροφήν
3275 4459 3335 4494 τε
3366 4441 3521 4512 αὐτῷ
3568 4443 3719 4497 ὅσον.

2116 4539 2333 4608 ἁποζῇν
2365 4540 2679 4609 προσῆγον,
2718 4537 2814 4590 καὶ
2849 4536 3123 4604 ἐλέφαντα
3162 4534 3507 4605 προσέφερον
3536 4551 3697 4587 συνε-

2113 4630 2248 4699 χῶς,
2293 4631 2444 4692 ὅπως
2503 4629 2594 4682 ὑπ’
2628 4628 2798 4683 αὐτοῦ
2830 4626 3282 4698 δειματούμενος,
3314 4628 3453 4696 μήτε
3481 4627 3561 4695 τῷ
3585 4626 3698 4679 σώ-

2117 4737 2271 4789 ματι,
2305 4719 2448 4788 μήτε
2489 4721 2556 4789 τῇ
2604 4717 2817 4787 διανοίᾳ
2854 4716 3145 4788 ἡσυχάζοι.
3192 4716 3318 4769 Ἐπὶ
3376 4714 3575 4785 συχνὸν
3636 4713 3697 4767 δὲ

2114 4810 2470 4873 κακώσαντες
2531 4808 2703 4873 οὓτως
2744 4809 2908 4863 αὐτὸν
2950 4811 3033 4873 είς
3059 4810 3438 4878 δεσμωτήριον
3479 4807 3694 4863 ἔθεντο.

2115 4902 2255 4964 Τοὺς
2295 4900 2351 4953 δὲ
2385 4901 2689 4971 σφετέρους
2741 4900 3068 4970 συμμάχους
3093 4900 3144 4952 ot
3176 4898 3544 4968 Καρχηδόνιοι
3580 4896 3696 4949 δει-

2107 4995 2307 5049 νότατα
2367 4993 2846 5064 μετεχειρίσαντο.
2894 4993 2970 5046 Οὐ
2998 4992 3105 5062 γὰρ
3140 4988 3510 5059 εὐποροῦντες
3547 4988 3691 5040 ἀπό·
3756 5047 3761 5051 η

430 5089 618 5145 δοῦναι
655 5091 841 5153 αὐτοῖς
867 5090 904 5145 δ,
937 5088 1371 5160 προῦπέσχοντο,
1411 5087 1751 5158 ἀπέπεμψαν
1775 5091 1996 5157 αὐτοὺς,
2024 5092 2101 5156 ώς
2144 5092 2242 5146 καὶ
2285 5090 2379 5168 τὸν
2409 5088 2606 5159 μισθὸν
2656 5090 2846 5152 αὐτοῖς
2894 5089 2997 5142 οὐκ
3024 5089 3079 5150 ές
3118 5085 3341 5157 μακρὰν
3369 5083 3691 5138 ἀποδώσον-

430 5200 523 5246 τες
543 5223 558 5238 .
602 5184 926 5237 Ἐκέλευσαν
971 5182 1029 5237 δὲ
1073 5184 1186 5244 τοῖς
1218 5180 1508 5252 κομίζουσι
1553 5181 1699 5249 σφᾶς
1730 5182 1810 5245 είς
1832 5182 2051 5256 ἐρήμην
2082 5182 2208 5238 τινά
2232 5183 2397 5253 νῆσον
2439 5181 2759 5247 ἐκϐιϐάσαι,
2792 5180 2891 5235 καὶ
2946 5180 3125 5251 λάθρα
3150 5177 3522 5233 ἀποπλεῦσαι.
3581 5175 3698 5231 Καὶ

433 5278 527 5342 τίεν
589 5277 905 5331 Ξάνθιππον
952 5276 1009 5330 δὲ
1050 5276 1100 5329 οἱ
1141 5275 1241 5346 μέν
1298 5291 1434 5345 φασι
1499 5274 1894 5329 καταποντίσαι
1944 5279 2144 5341 αὐτοὺς
2206 5276 2615 5330 ἀποπλεύσαντι
2657 5272 3119 5335 ἐπιπλεύσανταςο
3160 5273 3210 5325 οί
3261 5266 3477 5326 δὲναῦν
3538 5267 3709 5335 αὐτῷ-

436 5369 621 5424 δοῦναι
671 5369 933 5432 παλαιὰν,
975 5368 1145 5439 μηδὲν
1191 5369 1556 5437 στέργουσαν,
1588 5365 1708 5418 νέον
1757 5368 2290 5432 καταπιττώσαντες
2330 5366 2556 5433 ἔξωθεν,
2594 5367 2662 5419 ἵν’
2697 5368 2837 5437 αὐτῇ
2876 5367 2961 5435 ἐφ’
3010 5363 3207 5418 ἑαυτοῦ
3255 5358 3691 5430 καταποντισθῇο

432 5466 524 5520 τὸν
572 5466 631 5520 δὲ
700 5464 899 5534 γνόντα
942 5463 1102 5518 τοῦτο
1170 5464 1251 5526 είς
1307 5461 1503 5531 ἑτέραν
1536 5460 1797 5531 έμὸἧναι,
1847 5462 1943 5514 καὶ
1996 5461 2141 5517 οὕτω
2180 5462 2540 5531 διασωθῆναι.
2581 5459 2767 5513 Ταῦτα
2819 5458 2865 5512 δ’
2926 5459 3170 5522 ἐποίουν,
3227 5456 3314 5510 ίνα
3343 5455 3419 5525 μὴ
3481 5454 3693 5508 δοκοῖεν

436 5556 573 5626 πρὸς
624 5557 855 5619 ὶκείνου,
911 5554 1204 5611 σεσῶσθαι.
1276 5553 1573 5626 Ἐνδμισαν
1639 5552 1749 5624 γὰρ
1773 5588 1790 5619 ,
1867 5551 2213 5619 ἀπολωλότος
2260 5552 2450 5618 αὐτοῦ,
2482 5553 2577 5605 καί⁵
2602 5551 2705 5620 τὴν
2770 5550 2883 5605 τῶν
2937 5549 3120 5620 ἔργων
3175 5548 3340 5613 δόξαν
3386 5545 3691 5599 συναπολέσ-

439 5650 584 5704 σθαι.

516 5738 651 5794 λιν.
696 5742 953 5801 Romanis
1005 5759 1069 5800 ea
1107 5742 1260 5801 clade
1302 5744 1535 5813 maestis,
1583 5743 1719 5801 illud
1750 5743 1998 5801 dolorem

2192 5739 2293 5796 IA‘.
2323 5737 2388 5793 Οἱ
2411 5736 2455 5790 δ’
2489 5738 2547 5792 tv
2573 5739 2640 5811 τῇ
2677 5734 2864 5810 Ῥώμῃ
2892 5736 3094 5809 ἤλγουν
3123 5731 3220 5806 μὲν
3242 5730 3330 5788 διὰ
3360 5730 3419 5785 τὸ
3448 5728 3687 5801 mpm,
