4042 6200
255 253 373 313 673

1534 264 1938 328 ANNALIUM
1969 269 2118 334 LIB.
2155 271 2318 332 Vili.

3436 283 3545 349 673

265 366 367 413 καὶ
414 362 581 417 πλέον
610 364 695 417 ὅτι
732 364 859 428 τοὺς
898 366 1312 437 Καρχηδονίους
1351 370 1444 423 ἐπὶ
1485 372 1583 442 τὴν
1627 372 1841 445 Ῥώμην

1953 378 2128 444 anxit,
2161 381 2310 450 quod
2346 381 2832 453 Carthaginienses
2856 385 2925 439 ad
2961 387 3135 457 ipsam
3163 389 3353 445 urbem
3390 396 3543 449 navi-

262 451 442 524 αὐτὴν
484 455 834 525 προσεδόκων
875 458 1365 515 ἀποπλευσεῖσθαι.
1393 463 1491 515 Διὶ
1517 463 1696 517 ταῦτα
1743 467 1846 534 τήν

258 563 323 598 τε
366 547 606 599 Ἰταλίαν
645 550 706 601 ἐν
739 549 957 621 φυλακῇ
993 552 1345 624 ἐποιήσαντο,
1382 555 1479 607 καὶ⁸
1506 557 1600 609 ἐπὶ
1630 560 1759 618 τοὺς
1792 562 1850 611 ἐν

263 636 493 711 Σικελίᾳ
516 642 582 710 τῇ
638 657 700 693 τε
727 642 901 713 Λιϐύῃ
936 643 1098 707 ὄντας
1143 644 1451 717 Ῥωμαίους
1488 649 1692 720 σπουδῇ
1724 651 1852 711 τοὺς

260 728 515 790 ὑπάτους
568 730 845 801 ἔπεμψαν,
879 735 1107 804 Μάρκον
1164 738 1415 807 Αἰμίλιον
1450 738 1546 793 καὶ
1592 740 1853 793 Φούλϐιον

260 819 581 875 Πλαίτινον.
618 822 687 873 Ui
717 825 775 887 ἐς
810 823 1062 878 Σικελῖαν
1089 826 1449 894 πλεύσαντες,
1482 832 1578 883 καὶ
1610 832 1853 901 φρουρὴ-

258 927 460 969 cavea;
500 913 571 965 τὰ
599 915 739 977 ἐκεῖ,
776 915 914 986 πρὸς
940 917 1150 989 Λιϐύην
1184 919 1549 990 ὡρμήκεσαν.
1583 925 1694 976 Καὶ
1731 943 1849 996 χει-

259 1003 408 1072 μῶνι
472 1003 820 1072 ληφθέντες,
897 1012 1318 1081 κατηνέχθησαν
1371 1016 1427 1077 ἐς
1509 1014 1850 1087 Κόρσουραν.

264 1094 660 1165 Πορθήσαντες
690 1097 747 1150 δὲ
772 1102 871 1170 τὴν
896 1101 1083 1170 νῆσον,
1130 1105 1223 1156 καὶ
1248 1108 1464 1177 φρουρᾷ
1492 1107 1848 1176 παραδόντες,

258 1186 461 1240 ἔπλεον
509 1184 693 1252 αὖθις.
729 1192 849 1243 Κάν
898 1192 1076 1264 τούτῳ
1124 1198 1320 1266 ἰσχυρὰ
1370 1199 1655 1269 ναυμαχία
1714 1202 1851 1271 πρὸς

259 1279 683 1351 Καρχηδονίους
760 1284 994 1350 ἐγίνετο.
1074 1287 1442 1355 Ἥγωνίζοντο
1480 1292 1589 1360 γὰρ
1636 1287 1694 1345 ὀί
1752 1293 1851 1362 μὲν

260 1380 554 1443 παντελῶς
600 1381 729 1443 τοὺς
766 1381 1075 1452 Ῥωμαίους
1101 1386 1165 1437 ἐκ
1203 1385 1303 1452 τῆς
1323 1387 1529 1448 οἰκείας
1567 1387 1843 1442 ἐκϐαλεῖν·

269 1472 550 1542 Ῥωμαῖοι
597 1472 655 1525 δὲ
694 1475 821 1535 τοὺς
881 1475 1422 1546 ἐγκαταλειφθέντας
1471 1479 1625 1547 σφῶν
1687 1482 1746 1532 ἐν
1780 1486 1845 1551 τῇ

261 1566 396 1616 πολε
408 1566 510 1635 μία
536 1564 951 1619 ἀνασώσασθαι.
1011 1568 1385 1639 Ἀγγωμάλως
1412 1572 1469 1624 δὲ
1500 1573 1843 1643 μαχομένων,

257 1657 310 1707 oi
345 1657 411 1711 ἐν
455 1660 541 1725 τῇ
594 1657 809 1710 Ἀσπίδι
866 1658 1021 1723 ὄντες
1062 1659 1325 1731 Ῥωμαῖοι
1358 1665 1499 1717 κατὰ
1531 1667 1700 1717 νώτου
1733 1668 1846 1728 τοῖς

1962 480 2091 538 gatu
2103 487 2192 525 ros
2213 474 2648 527 arbitrabantur.
2679 475 2775 530 llis
2797 477 2865 530 de
2892 480 3076 533 causis
3097 490 3152 534 et
3174 481 3384 536 Italiam
3404 500 3541 553 pra--

1958 561 2115 616 sidiis
2151 565 2501 625 munierunt.
2532 576 2587 620 et
2630 571 2887 624 consules
2918 570 2985 624 Μ.
3019 571 3300 626 ίΕιιιὶΙίιιιιι
3329 584 3385 629 et
3412 577 3541 633 Ful-

1957 651 2105 704 vium
2125 652 2411 707 Plaetinnm
2446 656 2512 709 ad
2534 656 2833 721 Romanos,
2860 661 2951 729 qui
2988 662 3042 716 in
3067 663 3253 718 Sicilia
3284 676 3337 721 et
3368 667 3538 741 Lib3a

1957 754 2135 806 erant,
2169 745 2426 801 celeriter
2473 750 2762 806 miserunt.
2815 753 3075 819 Quicum
3120 755 3307 811 Sicilia
3351 764 3541 830 praesi-

1957 835 2065 891 diis
2122 837 2370 905 ﬁrmata,
2424 841 2479 894 in
2508 842 2749 896 Africam
2796 846 3154 917 navigarent,
3213 860 3538 921 tempesmte

1955 928 2022 981 ad
2074 930 2364 984 Corsuram
2415 932 2601 998 delati,
2638 945 2843 990 vastata
2885 937 3061 992 insula
3093 979 3108 1002 ,
3165 951 3220 993 et
3269 944 3538 1009 praesidiis

1956 1018 2191 1079 munita,
2225 1034 2606 1088 perrexerunt.
2633 1023 2845 1078 Actum
2886 1044 3012 1082 acre
3042 1028 3290 1099 praelium
3321 1032 3375 1086 in
3400 1036 3537 1088 mari

1955 1112 2306 1166 commissum
2362 1124 2447 1167 est
2488 1131 2614 1168 cum
2662 1116 3237 1188 Carthaginiensibus.
3282 1122 3346 1179 Hi
3386 1126 3534 1179 enim

1958 1203 2375 1266 annitebantur,
2431 1215 2491 1258 ut
2548 1206 2825 1262 Romanos
2856 1226 2885 1264 c
2915 1226 3013 1266 sua
3059 1212 3267 1268 ditione
3313 1217 3536 1285 pcni:us

1955 1291 2225 1362 cjiecrent
2251 1312 2265 1349 :
2294 1292 2526 1349 Romani
2574 1313 2745 1366 vero,
2789 1310 2849 1353 ut
2887 1317 3017 1356 suos
3057 1318 3125 1357 ex
3161 1304 3349 1359 hostili
3387 1315 3534 1363 terra

1955 1396 2369 1453 recuperarent.
2398 1386 2641 1458 Ancipiti
2679 1408 2873 1461 pugna:
2904 1405 3127 1460 eventu,
3165 1397 3397 1453 Romani
3434 1402 3533 1471 qui

1952 1474 2156 1544 Aspidc
2185 1488 2364 1542 erant,
2398 1495 2428 1533 a
2456 1488 2607 1548 tergo
2633 1481 3121 1553 Carthaginienses
3143 1502 3209 1540 ex
3234 1486 3534 1559 improviso

1953 1569 2153 1629 adorti.
2205 1570 2465 1639 utrinque
2524 1572 2936 1628 circumventos
2985 1577 3257 1631 vicerunt.
3322 1579 3530 1636 Deinde

1955 1659 2209 1723 Romani,
2258 1661 2425 1716 etiam
2455 1662 2697 1732 pedestri
2739 1664 2927 1733 proelio
2968 1667 3224 1727 victores.
3259 1682 3529 1739 ceperunt

260 1749 663 1819 Καρχηδονίοι;
714 1750 979 1820 ἐξαίφνης
1030 1727 1398 1807 ἐπέπλευσαν·
1461 1757 1554 1807 καὶ
1608 1757 1841 1825 ἀμφιϐό-

1957 1753 2202 1818 ninltos,
2255 1769 2394 1822 quos
2449 1764 2673 1824 pmpter
2735 1756 3004 1825 Regulum
3065 1767 3121 1813 et
3174 1763 3531 1830 concapﬁvos

255 1839 391 1898 )ou;
432 1838 629 1901 αὐτοὺς
647 1839 1070 1903 καταλαϐόντες,
1092 1841 1372 1913 ἐνίκησαν.
1410 1845 1519 1897 Καὶ
1544 1846 1849 1913 μετὰτοῐιτο

256 1929 358 1981 καὶ
382 1928 466 1997 τῷ
507 1929 656 1998 πεζῴ
699 1929 962 2000 Ῥωμαῖοι
1010 1932 1341 2002 ἐκράτησεν,
1392 1935 1489 1987 καὶ
1520 1930 1663 1988 εἶλον
1714 1938 1847 1990 πολε

258 2020 416 2082 λοὺς.
453 2018 544 2082 οὓς
578 2020 667 2072 διὰ
720 2020 816 2073 τὸν
851 2021 1142 2091 Ῥηγουλον
1206 2025 1300 2077 καὶ
1337 2026 1465 2089 τοὺς
1522 2028 1642 2096 μετ’
1678 2028 1845 2082 αὑτοῦ

254 2112 497 2174 ἁλόντας
525 2112 960 2184 περιεσώσαντο.
1005 2115 1291 2185 Ἀρπαγάς
1328 2117 1386 2170 δέ
1428 2136 1579 2185 τινας
1613 2122 1844 2191 ποιησά-

260 2219 447 2270 μενοι,
489 2204 547 2265 ἐς
597 2204 849 2258 Σικελίαν
889 2205 1104 2263 ἔπλεον.
1131 2208 1373 2277 Χειμῶνι
1407 2208 1463 2261 δὲ
1516 2211 1840 2281 περιπεσόν⁰

255 2310 377 2356 τες,
422 2296 518 2346 καὶ
552 2296 782 2360 πολλοὺς
812 2298 1197 2362 ἀποϐαλόντες,
1226 2301 1365 2353 οἴκοι
1397 2304 1513 2364 ταῖς
1541 2302 1699 2356 ναυσὶ
1725 2305 1847 2366 ταῖς

258 2385 693 2455 περισωθείσαις
733 2388 1105 2444 ἀπέπλευσαν.
1144 2392 1204 2443 Oi
1241 2391 1295 2443 δὲ
1345 2393 1706 2465 Καρχηδόνιοι
1751 2398 1846 2448 καὶ

260 2480 366 2546 τὴν
400 2479 725 2549 Κόρσουραν
770 2480 984 2546 ἔλαϐον,
1042 2482 1137 2535 καὶ
1177 2484 1233 2546 ἐς
1268 2484 1521 2537 Σικελίαν
1568 2486 1843 2557 ἐπεραιώο

258 2570 458 2640 θησαν.
487 2572 599 2623 Καὶ
624 2574 673 2623 εξ
707 2572 782 2642 μὴ
812 2572 903 2624 τὸν
932 2574 1262 2627 Κολλατῖνον
1282 2577 1375 2628 καὶ
1405 2576 1599 2630 Γναῖον
1627 2579 1845 2650 Κορνή-

260 2662 383 2713 λιον
443 2662 654 2730 ἔμαθον
705 2663 888 2734 πολλῷ
926 2666 1331 2736 προσπλέοντας
1364 2668 1625 2739 ναυτικῷ,
1666 2672 1843 2723 πᾶσαν

263 2755 333 2806 ἂν
389 2756 564 2823 αὐτὴν
614 2755 1002 2825 ἐχειρώσαντο.
1030 2759 1093 2811 Ol
1127 2759 1237 2829 γὰρ
1274 2759 1535 2829 Ῥωμαῖοι
1591 2763 1843 2815 ναυτικόν

262 2861 324 2896 τε
383 2848 613 2913 ἄριστον
676 2848 889 2917 ταχέως
951 2849 1281 2918 ἐξήρτυσαν,
1351 2852 1445 2906 καὶ
1505 2854 1843 2923 καταλόγους

262 2938 587 3006 βελτίστους
644 2942 1070 3010 ἐπεποιήκεσαν.
1101 2946 1211 2998 Καὶ
1244 2944 1416 3009 οὔτως
1462 2946 1840 3018 ἐρῤιῦσθησαν,

260 3029 412 3082 ὥστε
440 3032 616 3101 τρίτῳ
647 3035 782 3102 μηνὶ
816 3036 875 3096 ἐς
909 3034 1011 3105 τὴν
1046 3036 1297 3091 Σικελίαν
1332 3039 1668 3093 ἐπανελθεῖν.
1708 3041 1843 3094 Πεν-

259 3125 623 3176 τακοσιοστδν
685 3123 733 3176 δ’
779 3120 849 3195 ἦν
881 3124 1021 3191 ἔτος,
1052 3127 1147 3197 ἀφ’
1174 3123 1346 3200 οὗπερ
1376 3131 1407 3200 η
1447 3130 1636 3202 Ῥώμη
1686 3135 1841 3185 συνέ-

258 3230 390 3283 στη.
447 3215 559 3268 Καὶ
617 3216 721 3289 τὴν
783 3219 884 3285 μὲν
946 3220 1098 3272 κάτω
1173 3220 1266 3274 τοῦ
1334 3225 1623 3294 Πανόρμου
1686 3226 1840 3278 πόλιν

255 3307 323 3357 οὐ
388 3306 646 3375 χαλεπῶς
703 3301 893 3374 εἶλον,
941 3312 1008 3381 τῇ
1067 3310 1122 3363 δὲ
1182 3313 1330 3385 ἄκρᾳ
1385 3315 1839 3385 προσεδρεύοντες

257 3396 739 3467 ἐκακοπάθησαν,
795 3402 993 3470 μέχρις
1050 3394 1112 3454 οὗ
1177 3403 1308 3467 τοὺς
1369 3406 1428 3458 ἐν
1496 3407 1635 3478 αὐτῇ
1710 3409 1839 3461 ἐπέ-

256 3488 421 3539 λιπεν
494 3491 526 3557 ἡ
596 3490 800 3561 τρορή.
866 3493 1001 3545 Τότε
1069 3488 1194 3564 γὰρ’
1228 3496 1668 3568 προσεχώρησαν
1725 3502 1838 3562 τοῖς

256 3580 512 3641 ὑπάτοις.
564 3581 626 3633 οἱ
687 3580 743 3634 δὲ
785 3582 1144 3653 Καρχηδόνιοι
1189 3586 1287 3649 τὰς
1334 3587 1467 3652 ναῦς
1528 3591 1708 3644 αὐτῶν
1764 3593 1840 3646 οἵ·

257 3670 394 3724 καδε
454 3671 725 3736 πλεούσας
780 3678 1145 3746 τηρήσαντες,
1192 3674 1335 3734 εἷλον
1371 3684 1572 3753 συχνὰς
1618 3687 1837 3757 χρημά-

252 3783 369 3820 των
398 3770 623 3837 μεστάς.
673 3766 805 3825 Εἶτα
845 3772 1151 3841 Σερουΐλιός
1182 3792 1239 3827 τε
1273 3778 1526 3830 Καιπίων
1557 3781 1651 3831 καῖ
1680 3780 1838 3843 Γαῖος

256 3860 618 3930 Σεμπρώνιος
641 3860 860 3929 ὕπατοι,
891 3864 986 3917 τοῦ
1019 3866 1119 3936 μὲν
1148 3868 1438 3922 Λιλυϐαίου
1472 3872 1837 3939 πειρὰσκντες

253 3949 743 4021 ἁπεκρούσθησαν,
796 3953 856 4018 ἐς
914 3952 1101 4025 δὲτὴν
1133 3956 1341 4026 Διϐύην
1394 3958 1834 4029 ἐπεραιώθησαν,

255 4041 362 4093 καὶ
414 4039 513 4111 τὴν
585 4043 857 4113 παραλίαν
912 4046 1205 4116 ἐπόρθουν.
1280 4049 1370 4112 Ὦς
1426 4049 1472 4103 δ’
1520 4053 1838 4122 ἐκομίζοντο

259 4133 468 4193 οἶκαδε,
499 4135 731 4205 χειμῶνι
764 4137 1017 4208 ἐνέτυχον
1069 4142 1167 4193 καὶ
1196 4140 1532 4212 ἐϐλάϐησαν.
1564 4143 1655 4196 Διὸ
1688 4145 1839 4215 νομία

261 4242 365 4288 σας
393 4226 423 4278 ό
451 4225 622 4296 δῆμος
654 4227 711 4293 ἐξ
739 4229 995 4299 ἀπειρίας
1042 4229 1148 4283 τῶν
1178 4233 1451 4284 ναυτικῶν
1479 4233 1835 4303 βλάπτεσθαι,

255 4318 364 4388 τῆς
420 4319 522 4386 μὲν
586 4319 752 4390 ἄλλης
803 4319 1080 4392 θαλάσσης
1128 4323 1427 4393 ἀπέχεσθαι
1480 4325 1834 4396 ἐψηφίσαντο,

1954 1845 2073 1914 ejus
2110 1856 2551 1901 conservarunt:
2604 1848 2910 1917 ahactaque
2959 1851 3163 1919 pranla,
3200 1852 3252 1905 in
3285 1851 3529 1907 Siciliam

1954 1936 2262 1992 redierunt.
2292 1936 2397 1992 Sed
2435 1947 2759 2008 tempestate
2782 1923 3106 2005 conﬂictati,
3151 1944 3337 1997 multis
3362 1946 3529 1997 amis-

1954 2025 2050 2088 sis,
2104 2042 2228 2080 cum
2272 2028 2501 2097 reliquis
2537 2030 2766 2084 navibus
2791 2030 3014 2086 domum
3050 2033 3353 2089 redierunt.
3397 2035 3532 2091 Car-

1956 2118 2332 2188 thaginienses
2369 2130 2554 2175 autem
2588 2132 2644 2174 et
2673 2120 2971 2177 Corsuram
3005 2135 3353 2192 receperunt,
3386 2135 3442 2180 et
3474 2126 3528 2180 in

1954 2207 2198 2263 Siciliam
2286 2212 2648 2281 traiecerunt.
2729 2213 2972 2268 Actuisi
3053 2215 3386 2269 Collatinum
3470 2228 3526 2271 et

1950 2299 2180 2355 Cneium
2216 2299 2537 2357 Cornelium
2583 2319 2709 2357 cum
2767 2318 2960 2375 magna
3007 2304 3182 2360 classe
3224 2305 3524 2362 adventare

1951 2392 2358 2462 cognovissent,
2386 2408 2507 2448 eam
2535 2403 2703 2448 totam
2730 2395 3098 2465 subegissem.
3126 2396 3357 2451 Romani
3380 2399 3525 2452 enim

1950 2481 2218 2550 optimam
2232 2482 2459 2537 classem
2476 2482 2765 2537 celerrime
2782 2494 3192 2553 compararunt,
3210 2494 3267 2540 et
3280 2486 3527 2541 delectus

1950 2573 2380 2628 fortissimorum
2412 2575 2661 2629 virorum
2694 2576 3006 2630 habuerunt
3038 2592 3055 2630 :
3086 2578 3271 2647 itaque
3322 2578 3526 2635 ﬁrmati

1951 2672 2100 2727 sunt,
2120 2673 2180 2718 ut
2207 2668 2370 2720 tertio
2394 2681 2581 2720 mense
2608 2665 2661 2719 in
2683 2665 2928 2721 Siciliam
2955 2666 3216 2722 redirent.
3240 2669 3296 2722 ιιι
3318 2669 3521 2724 factum

1950 2770 2097 2809 anno
2120 2758 2189 2810 ab
2232 2755 2375 2811 Urbe
2415 2756 2637 2811 condita
2659 2757 3123 2826 quingentesimo.
3154 2759 3232 2813 Ac
3266 2759 3523 2815 Panormi

1953 2849 2144 2902 urbem
2194 2847 2511 2903 inferiorem
2543 2848 2701 2903 facile
2723 2859 2993 2919 ceperunt
3034 2866 3050 2907 :
3107 2850 3203 2905 sed
3251 2852 3307 2905 in
3377 2857 3525 2910 arcis

1950 2939 2240 2995 obsidione
2293 2939 2715 2994 dilﬁcultatihus
2765 2938 3065 2995 conﬂictati
3113 2951 3241 2997 sunt
3283 2959 3299 3000 :
3347 2943 3525 3000 donec

1951 3030 2277 3101 praesidiarii
2309 3040 2617 3085 commeatu
2636 3030 2909 3095 destituti,
2940 3032 3263 3088 consulibus
3280 3033 3522 3089 deditio-

1946 3138 2072 3177 nem
2101 3123 2263 3194 393
2292 3125 2560 3178 fecerunt.
2588 3122 3068 3193 Carthaginienses
3096 3134 3303 3188 autem,
3335 3127 3526 3182 obser-

1946 3216 2087 3271 vatis
2115 3216 2351 3270 navibus
2377 3231 2569 3270 eorum
2607 3215 2833 3271 domum
2869 3216 3135 3273 redituris
3155 3257 3170 3283 ,
3201 3219 3402 3274 multas
3429 3236 3520 3291 pe-

1945 3308 2124 3363 cunia:
2152 3309 2341 3379 plenas
2378 3319 2667 3379 ceperunt.
2706 3309 2915 3365 Deinde
2950 3309 3220 3367 Servilius
3251 3310 3436 3383 Caepio
3468 3324 3524 3372 et

1944 3399 2010 3454 C.
2058 3399 2422 3470 Sempronius
2477 3416 2622 3457 coss.
2667 3400 2907 3473 Lilybaeo
2954 3402 3159 3457 frustra
3193 3414 3421 3469 tentato,
3467 3405 3523 3458 in

1942 3491 2182 3547 Africam
2223 3493 2544 3556 transvecti,
2590 3507 2741 3548 oram
2774 3493 3104 3548 maritimam
3138 3494 3472 3551 infestarunt
3503 3512 3519 3551 :
3550 3502 3555 3505 '

1945 3583 2001 3638 in
2056 3586 2237 3639 reditu
2295 3585 2704 3639 incommodum
2745 3591 2811 3639 ex
2859 3594 3187 3656 tempestate
3227 3597 3517 3656 ceperunt.

1944 3672 2133 3743 itaque
2184 3674 2421 3743 populus
2446 3675 2770 3730 existimans
2803 3675 3137 3730 detrimenta
3190 3676 3280 3729 illa
3324 3692 3390 3730 ex
3439 3676 3518 3730 rei

1943 3765 2154 3818 navalis
2195 3765 2472 3835 imperitia
2518 3766 2662 3837 capi,
2695 3767 2909 3836 reliquo
2950 3767 3086 3821 mari
3118 3767 3426 3830 abstinere,
3463 3777 3519 3823 ct

1943 3857 2152 3912 Italiam
2184 3857 2450 3912 duntaxat
2479 3860 2670 3928 paucis
2693 3860 2835 3913 tueri
2862 3860 3097 3913 navibus
3126 3858 3515 3915 decreverunt.

1944 3948 2103 4005 Anno
2150 3951 2425 4020 sequenti,
2458 3951 2519 4006 P.
2555 3949 2722 4005 Caius
2754 3959 2810 4005 et
2855 3951 3111 4007 Aurelius
3161 3950 3426 4006 Servilius
3460 3952 3516 4008 in

1945 4041 2187 4097 Siciliam
2222 4042 2473 4112 profecti,
2504 4057 2628 4097 cum
2660 4042 2933 4106 aliailoca,
2963 4051 3077 4097 tum
3110 4040 3387 4097 Himeram
3421 4058 3516 4098 ce-

1942 4145 2166 4206 perunt,
2199 4134 2297 4189 sed
2325 4150 2551 4189 vaenazn
2596 4134 2830 4196 civibus,
2854 4149 2993 4204 quos
3035 4132 3517 4203 Carthaginienses

1945 4238 2108 4282 noctu
2142 4236 2510 4297 azportarant.
2546 4228 2672 4282 Post
2706 4227 2821 4282 haec
2855 4227 3138 4293 Aurelius,
3166 4225 3398 4280 navibus
3443 4225 3512 4279 ab

1944 4316 2181 4371 llierone
2210 4317 2470 4385 acceptis,
2492 4325 2547 4371 et
2573 4315 2835 4372 Romanis
2860 4316 3118 4371 omnibus
3138 4316 3232 4386 qni
3258 4314 3312 4368 in
3340 4314 3518 4370 insula

255 4407 425 4460 ναυσὶ
467 4407 512 4460 δ’
533 4408 747 4480 ὀλίγαις
778 4408 876 4480 τὴν
915 4410 1142 4464 Ἰταλίαν
1179 4415 1437 4483 φρουρεῖν
1489 4414 1835 4484 παρεσκεύαο

1947 4420 2101 4466 erant
2133 4410 2451 4478 assumptis,
2481 4408 2737 4479 Lipara‘m
2778 4409 2995 4480 trajecit
3025 4427 3037 4462 :
3072 4408 3259 4478 ibique
3287 4409 3332 4474 Q
3383 4407 3517 4463 Cns-

256 4498 378 4561 ζον.
436 4496 530 4569 Τῷ
577 4499 625 4552 δ’
660 4500 1036 4573 ἐπιγενομένῳ
1067 4502 1175 4555 ἔτει
1229 4504 1500 4568 Πούπλιος
1528 4505 1692 4570 Γάϊος
1745 4506 1840 4560 καὶ

257 4589 535 4661 Αὐρήλιος
584 4591 891 4662 Σερουΐλιος
931 4594 990 4656 ἐς
1037 4594 1140 4665 τὴν
1197 4595 1444 4649 Σικελίαν
1496 4591 1682 4668 ἦλθον,
1745 4597 1840 4651 καὶ

255 4682 400 4736 ἄλλα
423 4682 484 4736 τί
516 4699 641 4736 τινα
672 4682 1140 4755 κατεστρέψαντο,
1172 4686 1269 4739 καὶ
1311 4686 1533 4757 Ἱμέραν
1561 4704 1575 4718 ’
1608 4689 1667 4741 οὐ
1705 4689 1837 4759 μέν·

252 4792 341 4829 τοι
364 4775 493 4828 τινὰ
534 4775 797 4846 συνέσχον
826 4776 935 4830 τῶν
969 4776 1028 4829 ἐν
1056 4776 1195 4847 αὐτῇ
1224 4791 1238 4806 ·
1276 4777 1471 4842 νυκτδς
1497 4779 1606 4851 γὰρ
1637 4780 1838 4843 αὐτοὺς

251 4869 305 4921 οἱ
333 4867 701 4938 Καρχηδόνιοι
729 4867 1080 4937 ἐξεκόμισαν.
1113 4867 1270 4921 Μετὰ
1298 4868 1354 4920 δέ
1386 4869 1545 4923 τοῦτο
1569 4870 1838 4942 Αὐρήλιος

250 4958 390 5021 ναῦς
419 4975 482 5011 τε
515 4961 667 5028 παρὰ
708 4957 954 5029 Ἱέρωνος
987 4958 1247 5029 εἰληφὼς,
1284 4961 1377 5012 καὶ
1408 4961 1524 5013 ὅσοι
1553 4962 1663 5014 τῶν
1699 4962 1836 5015 Ῥω-

254 5050 438 5120 μαίων
484 5043 622 5120 ἧσαν
663 5050 785 5103 ἐκεῖ
814 5049 1289 5120 συμπαραλαϐὼν,
1322 5049 1585 5105 ἔπλευσεν
1631 5054 1712 5117 είς
1738 5054 1837 5107 Λι-

253 5144 466 5212 πάραν,
521 5141 618 5195 καὶ
670 5142 733 5193 ἐν
784 5143 923 5213 αὐτῇ
977 5142 1258 5213 χιλίαρχον
1316 5143 1551 5196 Κυῖντον
1596 5144 1838 5199 Κάσσιον

251 5231 603 5298 καταλιπὼν,
667 5233 1105 5306 προσεδρεύοντα
1164 5234 1345 5305 μάχης
1405 5235 1558 5301 ἄνευ,
1620 5236 1837 5307 ἀπῆρεν

251 5325 466 5378 οἴκαδε.
496 5325 729 5388 Κόϊντος
753 5326 809 5378 δὲ
843 5325 918 5397 μὴ
946 5326 1241 5397 φροντίσας
1257 5327 1356 5396 τῆς
1386 5327 1631 5398 ἐντολῆς,
1664 5345 1829 5401 προσρ

252 5416 413 5484 έμιξε
457 5419 521 5487 τῇ
553 5416 732 5484 πόλει,
789 5419 883 5470 καὶ
930 5418 1156 5481 πολλοὺς
1189 5418 1486 5473 ἀπέϐαλεν.
1532 5418 1591 5473 '0
1650 5421 1835 5488 μέντοι

250 5507 530 5577 Αὐρήλιος
562 5509 705 5577 μετὰ
746 5509 920 5563 ταῦτα
952 5510 1194 5573 ἐκείνους
1229 5508 1386 5574 ἐλὼν,
1439 5511 1648 5574 πάντας
1694 5511 1833 5565 aut.

251 5617 463 5667 κτεινε,
493 5603 589 5655 καὶ
622 5602 715 5655 τὸν
762 5603 1000 5658 Κάσσιον
1040 5604 1136 5673 τῆς
1193 5605 1368 5674 ἀρχῆς
1414 5604 1640 5659 ἔπαυσε.
1682 5607 1835 5678 Καρι

192 5742 209 5771 3
251 5690 493 5753 κηδόνιοι
537 5693 609 5789 δέ⁸
651 5692 718 5747 τὰ
774 5692 1001 5757 δόξαντα
1053 5696 1166 5758 τοῖς
1213 5696 1509 5761 Ῥωμαίοις
1563 5695 1691 5764 περὶ
1740 5696 1832 5751 τοῦ

1939 4502 2024 4557 sio
2048 4499 2271 4554 tribuno
2301 4499 2537 4553 militum
2571 4500 2787 4562 relicto,
2818 4500 2912 4569 qui
2937 4515 3055 4554 eam
3074 4502 3194 4555 sine
3217 4516 3396 4570 pugna
3415 4500 3519 4554 ob-

1939 4592 2147 4647 sideret
2171 4593 2392 4647 domum
2427 4590 2590 4645 rediit
2613 4608 2626 4646 :
2654 4590 2749 4646 sed
2772 4590 3008 4657 Quintus
3037 4590 3295 4645 mandato
3320 4607 3520 4646 consu-

1939 4686 2009 4741 lis
2046 4684 2326 4755 neglecto,
2362 4683 2557 4739 urbem
2584 4698 2894 4755 aggressus,
2936 4684 3135 4738 inultos
3164 4683 3363 4739 amisit.
3400 4682 3518 4750 Qua

1939 4777 2139 4833 deinde
2162 4776 2421 4832 Aurelius
2449 4787 2784 4846 expugnata.
2816 4789 3010 4830 omnes
3040 4775 3265 4839 occidit,
3300 4785 3357 4829 et
3388 4777 3519 4831 (Ias-

1937 4868 2020 4925 sio
2040 4868 2415 4939 magistratum
2438 4867 2773 4938 abrOgravit.
2791 4866 3278 4938 Carthaginienses
3293 4866 3521 4923 decreto

1937 4960 2313 5016 Romanorum
2347 4959 2414 5015 de
2455 4975 2511 5015 re
2545 4960 2727 5015 navali
2759 4960 3002 5030 cognito.
3033 4958 3263 5014 classem
3293 4974 3391 5029 spe
3437 4969 3520 5013 tn-

1937 5050 2049 5106 tius
2083 5050 2281 5106 Sicilia:
2311 5051 2560 5122 potiundi
2611 5052 2898 5106 miserunt.
2927 5051 3004 5106 Ac
3025 5050 3155 5106 dum
3184 5050 3346 5105 ambo
3370 5064 3515 5110 coss.

1936 5143 2188 5201 Caecilius
2228 5143 2481 5199 Metellus
2525 5152 2581 5198 et
2623 5141 2684 5198 C.
2738 5142 2941 5197 Furius
2989 5141 3238 5203 aderant,
3285 5142 3517 5211 quieve-

1937 5243 2085 5291 runt.
2140 5234 2245 5290 Sed
2292 5248 2417 5290 cum
2453 5234 2654 5288 Furius
2695 5233 2925 5288 Romam
2981 5233 3262 5297 rediisset,
3297 5232 3519 5287 Metello

1938 5337 2273 5399 contempto,
2327 5327 2394 5382 ad
2439 5327 2772 5382 Panormum
2826 5337 3200 5383 accesserunt.
3239 5324 3514 5388 Metellus,

1937 5422 2151 5492 cognita
2203 5420 2617 5490 exploratorum
2656 5419 2974 5489 praesentia,
3019 5417 3284 5472 omnibus
3329 5414 3424 5484 qui
3455 5415 3535 5489 in,

1937 5514 2075 5569 urbe
2141 5520 2303 5568 erant
2351 5512 2707 5577 convocatis,
2756 5526 2859 5582 pro
2903 5509 3170 5565 concione
3214 5506 3409 5569 edixit,
3457 5514 3516 5558 ut

1936 5620 2056 5661 sese
2110 5606 2342 5661 invicem
2385 5603 2828 5674 prehenSarent:
2883 5611 2939 5655 et
2983 5600 3236 5671 quemvis
3272 5593 3516 5666 regando

1938 5699 2061 5768 quis
2116 5706 2280 5766 esset,
2331 5697 2577 5769 quidque
2634 5704 2840 5766 ageret,
2880 5694 3068 5748 hostes
3121 5685 3511 5761 deprehendit.
