  <div class='ocr_page' id='page_1' title='image "/cluster/home/n/w/nwhite01/storage/ocr_20150623/134/hvd.32044073502510/346.png"; bbox 0 0 4042 6200; ppageno 0'>
   <div class='ocr_carea' id='block_1_1' title="bbox 295 278 405 347">
    <p class='ocr_par' dir='ltr' id='par_1_1' title="bbox 295 278 405 347">
     <span class='ocr_line' id='line_1_1' title="bbox 295 278 405 347; baseline 0.009 -1"><span class='ocrx_word' id='word_1_1' title='bbox 295 278 405 347; x_wconf 72' lang='grc' dir='ltr'><strong><em>ὓῖῖ</em></strong></span> 
     </span>
    </p>
   </div>
   <div class='ocr_carea' id='block_1_2' title="bbox 1574 281 2377 345">
    <p class='ocr_par' dir='ltr' id='par_1_2' title="bbox 1574 281 2377 345">
     <span class='ocr_line' id='line_1_2' title="bbox 1574 281 2377 345; baseline 0 -4"><span class='ocrx_word' id='word_1_2' title='bbox 1574 281 1979 345; x_wconf 68' lang='grc' dir='ltr'><strong><em>ΑΝΝΑΙᾸΠΜ</em></strong></span> <span class='ocrx_word' id='word_1_3' title='bbox 2017 283 2166 344; x_wconf 81' lang='lat' dir='ltr'><strong><em>LIB.</em></strong></span> <span class='ocrx_word' id='word_1_4' title='bbox 2212 282 2377 345; x_wconf 74' lang='lat' dir='ltr'><strong>VIII.</strong></span> 
     </span>
    </p>
   </div>
   <div class='ocr_carea' id='block_1_3' title="bbox 3454 289 3560 351">
    <p class='ocr_par' dir='ltr' id='par_1_3' title="bbox 3454 289 3560 351">
     <span class='ocr_line' id='line_1_3' title="bbox 3454 289 3560 351; baseline 0 -1"><span class='ocrx_word' id='word_1_5' title='bbox 3454 289 3560 351; x_wconf 74' lang='lat'><strong><em>678</em></strong></span> 
     </span>
    </p>
   </div>
   <div class='ocr_carea' id='block_1_4' title="bbox 290 378 1889 464">
    <p class='ocr_par' dir='ltr' id='par_1_4' title="bbox 290 382 1881 461">
     <span class='ocr_line' id='line_1_4' title="bbox 290 382 1881 461; baseline -0.003 -13"><span class='ocrx_word' id='word_1_6' title='bbox 290 401 418 461; x_wconf 67' lang='grc' dir='ltr'><strong><em>μέν</em></strong></span> <span class='ocrx_word' id='word_1_7' title='bbox 453 383 544 459; x_wconf 71' lang='grc' dir='ltr'><strong><em>εἷς</em></strong></span> <span class='ocrx_word' id='word_1_8' title='bbox 560 389 637 459; x_wconf 76' lang='grc' dir='ltr'><strong><em>ἐξ</em></strong></span> <span class='ocrx_word' id='word_1_9' title='bbox 670 388 856 461; x_wconf 72' lang='grc' dir='ltr'><em>ὑμῶν,</em></span> <span class='ocrx_word' id='word_1_10' title='bbox 900 382 949 443; x_wconf 80' lang='grc' dir='ltr'>ὦ</span> <span class='ocrx_word' id='word_1_11' title='bbox 979 386 1258 457; x_wconf 72' lang='grc' dir='ltr'><strong><em>πατέρες,</em></strong></span> <span class='ocrx_word' id='word_1_12' title='bbox 1288 387 1401 441; x_wconf 80' lang='grc' dir='ltr'><strong><em>κᾶν</em></strong></span> <span class='ocrx_word' id='word_1_13' title='bbox 1425 387 1708 457; x_wconf 78' lang='grc' dir='ltr'><strong><em>μυριάκις</em></strong></span> <span class='ocrx_word' id='word_1_14' title='bbox 1736 388 1881 442; x_wconf 70' lang='grc' dir='ltr'><em>ἁλῶ.</em></span> 
     </span>
    </p>
   </div>
   <div class='ocr_carea' id='block_1_5' title="bbox 1992 378 3567 464">
    <p class='ocr_par' dir='ltr' id='par_1_5' title="bbox 1992 378 3567 464">
     <span class='ocr_line' id='line_1_5' title="bbox 1992 378 3567 464; baseline 0.002 -22"><span class='ocrx_word' id='word_1_15' title='bbox 1992 387 2452 460; x_wconf 81' lang='lat' dir='ltr'><strong><em>Carthaginienses</em></strong></span> <span class='ocrx_word' id='word_1_16' title='bbox 2468 378 2725 458; x_wconf 75' lang='lat' dir='ltr'><strong><em>pertineo.</em></strong></span> <span class='ocrx_word' id='word_1_17' title='bbox 2754 387 2887 449; x_wconf 82' lang='lat' dir='ltr'><strong><em>Cum</em></strong></span> <span class='ocrx_word' id='word_1_18' title='bbox 2918 397 3098 443; x_wconf 85' lang='lat' dir='ltr'><strong><em>autem</em></strong></span> <span class='ocrx_word' id='word_1_19' title='bbox 3135 388 3286 445; x_wconf 82' lang='lat' dir='ltr'><strong><em>nulla</em></strong></span> <span class='ocrx_word' id='word_1_20' title='bbox 3314 393 3567 464; x_wconf 81' lang='lat' dir='ltr'><strong><em>improbi.</em></strong></span> 
     </span>
    </p>
   </div>
   <div class='ocr_carea' id='block_1_6' title="bbox 303 479 1885 554">
    <p class='ocr_par' dir='ltr' id='par_1_6' title="bbox 303 479 1885 554">
     <span class='ocr_line' id='line_1_6' title="bbox 303 479 1885 554; baseline -0.004 -15"><span class='ocrx_word' id='word_1_21' title='bbox 303 486 378 541; x_wconf 76' lang='grc' dir='ltr'><strong><em>’1Ϊὸ</em></strong></span> <span class='ocrx_word' id='word_1_22' title='bbox 398 482 519 554; x_wconf 74' lang='grc' dir='ltr'><strong><em>μὲν</em></strong></span> <span class='ocrx_word' id='word_1_23' title='bbox 544 485 658 552; x_wconf 64' lang='grc' dir='ltr'>γὰρ</span> <span class='ocrx_word' id='word_1_24' title='bbox 686 481 861 552; x_wconf 57' lang='lat' dir='ltr'><strong><em>adqui</em></strong></span> <span class='ocrx_word' id='word_1_25' title='bbox 886 499 1008 551; x_wconf 85' lang='grc' dir='ltr'><em>μου</em></span> <span class='ocrx_word' id='word_1_26' title='bbox 1040 480 1487 552; x_wconf 64' lang='grc' dir='ltr'><strong><em>Καρχηδονίων,</em></strong></span> <span class='ocrx_word' id='word_1_27' title='bbox 1529 480 1566 548; x_wconf 76' lang='grc' dir='ltr'>ἡ</span> <span class='ocrx_word' id='word_1_28' title='bbox 1608 479 1676 533; x_wconf 79' lang='grc' dir='ltr'>δὲ</span> <span class='ocrx_word' id='word_1_29' title='bbox 1721 480 1885 549; x_wconf 69' lang='grc' dir='ltr'><em>ψυχή</em></span> 
     </span>
    </p>
   </div>
   <div class='ocr_carea' id='block_1_7' title="bbox 290 571 1887 644">
    <p class='ocr_par' dir='ltr' id='par_1_7' title="bbox 290 571 1887 644">
     <span class='ocr_line' id='line_1_7' title="bbox 290 571 1887 644; baseline -0.001 -16"><span class='ocrx_word' id='word_1_30' title='bbox 290 592 418 643; x_wconf 79' lang='grc' dir='ltr'><em>μου</em></span> <span class='ocrx_word' id='word_1_31' title='bbox 440 574 695 644; x_wconf 77' lang='grc' dir='ltr'><strong><em>ὑμετέρα</em></strong></span> <span class='ocrx_word' id='word_1_32' title='bbox 724 573 924 626; x_wconf 79' lang='grc' dir='ltr'>ἐστίν.</span> <span class='ocrx_word' id='word_1_33' title='bbox 965 571 1191 627; x_wconf 80' lang='grc' dir='ltr'><strong><em>Ἐκεῖνο</em></strong></span> <span class='ocrx_word' id='word_1_34' title='bbox 1211 572 1331 640; x_wconf 76' lang='grc' dir='ltr'><strong><em>μὲν</em></strong></span> <span class='ocrx_word' id='word_1_35' title='bbox 1360 571 1467 641; x_wconf 73' lang='grc' dir='ltr'>γὰρ</span> <span class='ocrx_word' id='word_1_36' title='bbox 1501 572 1667 641; x_wconf 77' lang='grc' dir='ltr'><strong><em>ὑμῶν</em></strong></span> <span class='ocrx_word' id='word_1_37' title='bbox 1701 573 1887 640; x_wconf 72' lang='grc' dir='ltr'><em>ἠλλο-</em></span> 
     </span>
    </p>
   </div>
   <div class='ocr_carea' id='block_1_8' title="bbox 296 664 1889 736">
    <p class='ocr_par' dir='ltr' id='par_1_8' title="bbox 296 664 1889 736">
     <span class='ocr_line' id='line_1_8' title="bbox 296 664 1889 736; baseline -0.001 -16"><span class='ocrx_word' id='word_1_38' title='bbox 296 669 563 736; x_wconf 70' lang='grc' dir='ltr'>τρίωται,</span> <span class='ocrx_word' id='word_1_39' title='bbox 589 668 817 735; x_wconf 77' lang='grc' dir='ltr'>ταύτην</span> <span class='ocrx_word' id='word_1_40' title='bbox 855 664 925 720; x_wconf 81' lang='grc' dir='ltr'>δὲ</span> <span class='ocrx_word' id='word_1_41' title='bbox 964 665 1165 727; x_wconf 76' lang='grc' dir='ltr'><strong><em>οὐδεὶς</em></strong></span> <span class='ocrx_word' id='word_1_42' title='bbox 1192 665 1443 719; x_wconf 77' lang='grc' dir='ltr'>δύναται</span> <span class='ocrx_word' id='word_1_43' title='bbox 1466 665 1553 734; x_wconf 76' lang='grc' dir='ltr'><strong><em>μὴ</em></strong></span> <span class='ocrx_word' id='word_1_44' title='bbox 1581 668 1715 735; x_wconf 75' lang='grc' dir='ltr'><strong><em>οὐχὶ</em></strong></span> <span class='ocrx_word' id='word_1_45' title='bbox 1751 669 1889 719; x_wconf 84' lang='grc' dir='ltr'><strong><em>Ῥω-</em></strong></span> 
     </span>
    </p>
   </div>
   <div class='ocr_carea' id='block_1_9' title="bbox 291 753 1892 827">
    <p class='ocr_par' dir='ltr' id='par_1_9' title="bbox 291 753 1892 827">
     <span class='ocr_line' id='line_1_9' title="bbox 291 753 1892 827; baseline -0.003 -16"><span class='ocrx_word' id='word_1_46' title='bbox 291 759 488 827; x_wconf 49' lang='lat' dir='ltr'><strong><em>gaias.</em></strong></span> <span class='ocrx_word' id='word_1_47' title='bbox 532 754 686 812; x_wconf 76' lang='grc' dir='ltr'><strong><em>εἶναι</em></strong></span> <span class='ocrx_word' id='word_1_48' title='bbox 732 754 984 822; x_wconf 84' lang='grc' dir='ltr'>ποιῆσαι</span> <span class='ocrx_word' id='word_1_49' title='bbox 1015 773 1027 788; x_wconf 89' lang='grc'>·</span> <span class='ocrx_word' id='word_1_50' title='bbox 1072 753 1180 807; x_wconf 78' lang='grc' dir='ltr'><em>,καὶ</em></span> <span class='ocrx_word' id='word_1_51' title='bbox 1241 754 1318 820; x_wconf 83' lang='grc' dir='ltr'><strong><em>ὡς</em></strong></span> <span class='ocrx_word' id='word_1_52' title='bbox 1349 754 1466 823; x_wconf 79' lang='grc' dir='ltr'><strong><em>μὲν</em></strong></span> <span class='ocrx_word' id='word_1_53' title='bbox 1515 753 1892 824; x_wconf 70' lang='grc' dir='ltr'><strong><em>αἰχμάλωτος</em></strong></span> 
     </span>
    </p>
   </div>
   <div class='ocr_carea' id='block_1_10' title="bbox 298 845 1888 917">
    <p class='ocr_par' dir='ltr' id='par_1_10' title="bbox 298 845 1888 917">
     <span class='ocr_line' id='line_1_10' title="bbox 298 845 1888 917; baseline -0.003 -14"><span class='ocrx_word' id='word_1_54' title='bbox 298 847 742 917; x_wconf 77' lang='grc' dir='ltr'><strong><em>Καρχηδονίοις</em></strong></span> <span class='ocrx_word' id='word_1_55' title='bbox 773 847 1084 914; x_wconf 70' lang='grc' dir='ltr'><strong><em>προσήκω.</em></strong></span> <span class='ocrx_word' id='word_1_56' title='bbox 1124 846 1288 901; x_wconf 75' lang='grc' dir='ltr'><strong><em>Ἐπεὶ</em></strong></span> <span class='ocrx_word' id='word_1_57' title='bbox 1338 845 1393 898; x_wconf 84' lang='grc' dir='ltr'>δ’</span> <span class='ocrx_word' id='word_1_58' title='bbox 1414 847 1525 899; x_wconf 82' lang='grc' dir='ltr'><strong><em>οὐκ</em></strong></span> <span class='ocrx_word' id='word_1_59' title='bbox 1555 848 1622 899; x_wconf 74' lang='grc' dir='ltr'>ἐκ</span> <span class='ocrx_word' id='word_1_60' title='bbox 1654 846 1888 911; x_wconf 72' lang='grc' dir='ltr'>κακίας,</span> 
     </span>
    </p>
   </div>
   <div class='ocr_carea' id='block_1_11' title="bbox 297 938 1892 1007">
    <p class='ocr_par' dir='ltr' id='par_1_11' title="bbox 297 938 1892 1007">
     <span class='ocr_line' id='line_1_11' title="bbox 297 938 1892 1007; baseline -0.004 -12"><span class='ocrx_word' id='word_1_61' title='bbox 297 941 445 996; x_wconf 62' lang='grc' dir='ltr'><strong><em>ἀλλ’</em></strong></span> <span class='ocrx_word' id='word_1_62' title='bbox 473 942 544 994; x_wconf 63' lang='grc' dir='ltr'>ἐκ</span> <span class='ocrx_word' id='word_1_63' title='bbox 590 941 927 1007; x_wconf 70' lang='grc' dir='ltr'><strong><em>προθυμίας</em></strong></span> <span class='ocrx_word' id='word_1_64' title='bbox 976 938 1395 1007; x_wconf 76' lang='grc' dir='ltr'>ἐδυστύχησα,</span> <span class='ocrx_word' id='word_1_65' title='bbox 1445 939 1542 991; x_wconf 78' lang='grc' dir='ltr'><strong><em>καὶ</em></strong></span> <span class='ocrx_word' id='word_1_66' title='bbox 1608 938 1892 1007; x_wconf 80' lang='grc' dir='ltr'><strong><em>Ῥωμαῖός</em></strong></span> 
     </span>
    </p>
   </div>
   <div class='ocr_carea' id='block_1_12' title="bbox 296 1028 1891 1109">
    <p class='ocr_par' dir='ltr' id='par_1_12' title="bbox 296 1028 1891 1109">
     <span class='ocr_line' id='line_1_12' title="bbox 296 1028 1891 1109; baseline -0.003 -23"><span class='ocrx_word' id='word_1_67' title='bbox 296 1037 442 1103; x_wconf 74' lang='grc' dir='ltr'><strong><em>ειμι,</em></strong></span> <span class='ocrx_word' id='word_1_68' title='bbox 473 1032 576 1085; x_wconf 74' lang='grc' dir='ltr'><strong><em>καὶ</em></strong></span> <span class='ocrx_word' id='word_1_69' title='bbox 625 1030 827 1100; x_wconf 69' lang='grc' dir='ltr'><em>φρονῶ</em></span> <span class='ocrx_word' id='word_1_70' title='bbox 884 1030 958 1084; x_wconf 84' lang='grc' dir='ltr'>τὰ</span> <span class='ocrx_word' id='word_1_71' title='bbox 1014 1029 1292 1109; x_wconf 64' lang='grc' dir='ltr'><strong><em>ὑμέτερα,</em></strong></span> <span class='ocrx_word' id='word_1_72' title='bbox 1341 1030 1442 1083; x_wconf 76' lang='grc' dir='ltr'><strong><em>καὶ</em></strong></span> <span class='ocrx_word' id='word_1_73' title='bbox 1489 1028 1617 1083; x_wconf 75' lang='grc' dir='ltr'><strong><em>οὐδ’</em></strong></span> <span class='ocrx_word' id='word_1_74' title='bbox 1640 1029 1710 1094; x_wconf 84' lang='grc' dir='ltr'><strong><em>ἐξ</em></strong></span> <span class='ocrx_word' id='word_1_75' title='bbox 1753 1029 1891 1095; x_wconf 79' lang='grc' dir='ltr'><em>ἐνὸς</em></span> 
     </span>
    </p>
   </div>
   <div class='ocr_carea' id='block_1_13' title="bbox 302 1119 1887 1193">
    <p class='ocr_par' dir='ltr' id='par_1_13' title="bbox 302 1119 1887 1193">
     <span class='ocr_line' id='line_1_13' title="bbox 302 1119 1887 1193; baseline -0.001 -17"><span class='ocrx_word' id='word_1_76' title='bbox 302 1124 533 1193; x_wconf 75' lang='grc' dir='ltr'><em>τρόπου</em></span> <span class='ocrx_word' id='word_1_77' title='bbox 557 1120 908 1176; x_wconf 69' lang='grc' dir='ltr'><strong><em>λυσιτελεῖν</em></strong></span> <span class='ocrx_word' id='word_1_78' title='bbox 936 1120 1077 1189; x_wconf 82' lang='grc' dir='ltr'><strong><em>ὑμῖν</em></strong></span> <span class='ocrx_word' id='word_1_79' title='bbox 1099 1122 1208 1188; x_wconf 84' lang='grc' dir='ltr'><strong><em>τὰς</em></strong></span> <span class='ocrx_word' id='word_1_80' title='bbox 1235 1119 1626 1190; x_wconf 77' lang='grc' dir='ltr'>καταλλαγὰς</span> <span class='ocrx_word' id='word_1_81' title='bbox 1654 1119 1887 1190; x_wconf 80' lang='grc' dir='ltr'><strong><em>νομίζω.</em></strong></span> 
     </span>
    </p>
   </div>
   <div class='ocr_carea' id='block_1_14' title="bbox 303 1211 1890 1285">
    <p class='ocr_par' dir='ltr' id='par_1_14' title="bbox 303 1211 1890 1285">
     <span class='ocr_line' id='line_1_14' title="bbox 303 1211 1890 1285; baseline 0 -20"><span class='ocrx_word' id='word_1_82' title='bbox 303 1215 499 1269; x_wconf 75' lang='grc' dir='ltr'>Ταῦτα</span> <span class='ocrx_word' id='word_1_83' title='bbox 532 1214 561 1265; x_wconf 82' lang='grc' dir='ltr'><strong><em>δ</em></strong></span> <span class='ocrx_word' id='word_1_84' title='bbox 608 1213 905 1285; x_wconf 83' lang='grc' dir='ltr'>Ῥηγοῦλος</span> <span class='ocrx_word' id='word_1_85' title='bbox 935 1211 1130 1277; x_wconf 75' lang='grc' dir='ltr'><strong><em>εἰπὼν,</em></strong></span> <span class='ocrx_word' id='word_1_86' title='bbox 1178 1213 1274 1267; x_wconf 71' lang='grc' dir='ltr'>καὶ</span> <span class='ocrx_word' id='word_1_87' title='bbox 1313 1214 1415 1278; x_wconf 80' lang='grc' dir='ltr'>τὰς</span> <span class='ocrx_word' id='word_1_88' title='bbox 1463 1215 1640 1277; x_wconf 76' lang='grc' dir='ltr'>αἰτὲας</span> <span class='ocrx_word' id='word_1_89' title='bbox 1689 1215 1890 1283; x_wconf 80' lang='grc' dir='ltr'>προσέ-</span> 
     </span>
    </p>
   </div>
   <div class='ocr_carea' id='block_1_15' title="bbox 304 1304 1889 1376">
    <p class='ocr_par' dir='ltr' id='par_1_15' title="bbox 304 1304 1889 1376">
     <span class='ocr_line' id='line_1_15' title="bbox 304 1304 1889 1376; baseline 0.001 -19"><span class='ocrx_word' id='word_1_90' title='bbox 304 1304 469 1374; x_wconf 73' lang='grc' dir='ltr'>θηκε,</span> <span class='ocrx_word' id='word_1_91' title='bbox 490 1304 566 1358; x_wconf 80' lang='grc' dir='ltr'>δι’</span> <span class='ocrx_word' id='word_1_92' title='bbox 594 1304 663 1366; x_wconf 76' lang='grc' dir='ltr'><strong><em>ἃς</em></strong></span> <span class='ocrx_word' id='word_1_93' title='bbox 696 1305 792 1369; x_wconf 75' lang='grc' dir='ltr'>τὰς</span> <span class='ocrx_word' id='word_1_94' title='bbox 820 1305 1125 1376; x_wconf 78' lang='grc' dir='ltr'>συμϐάσεις</span> <span class='ocrx_word' id='word_1_95' title='bbox 1158 1306 1495 1376; x_wconf 78' lang='grc' dir='ltr'><strong><em>ἀπηγόρευε.</em></strong></span> <span class='ocrx_word' id='word_1_96' title='bbox 1532 1307 1642 1359; x_wconf 75' lang='grc' dir='ltr'><strong><em>Καὶ</em></strong></span> <span class='ocrx_word' id='word_1_97' title='bbox 1672 1306 1889 1373; x_wconf 74' lang='grc' dir='ltr'><strong><em>ἐπήγα-</em></strong></span> 
     </span>
    </p>
   </div>
   <div class='ocr_carea' id='block_1_16' title="bbox 300 1392 1891 1466">
    <p class='ocr_par' dir='ltr' id='par_1_16' title="bbox 300 1392 1891 1466">
     <span class='ocr_line' id='line_1_16' title="bbox 300 1392 1891 1466; baseline 0.001 -18"><span class='ocrx_word' id='word_1_98' title='bbox 300 1412 402 1463; x_wconf 84' lang='grc' dir='ltr'><strong><em>γεν</em></strong></span> <span class='ocrx_word' id='word_1_99' title='bbox 447 1396 546 1460; x_wconf 81' lang='grc' dir='ltr'><strong><em>ὡς,</em></strong></span> <span class='ocrx_word' id='word_1_100' title='bbox 608 1394 753 1450; x_wconf 80' lang='grc' dir='ltr'><strong><em>Οἶδα</em></strong></span> <span class='ocrx_word' id='word_1_101' title='bbox 802 1395 922 1465; x_wconf 78' lang='grc' dir='ltr'><strong><em>μὲν</em></strong></span> <span class='ocrx_word' id='word_1_102' title='bbox 977 1397 1066 1450; x_wconf 84' lang='grc' dir='ltr'>ὅτι</span> <span class='ocrx_word' id='word_1_103' title='bbox 1118 1413 1224 1466; x_wconf 81' lang='grc' dir='ltr'><strong><em>μοι</em></strong></span> <span class='ocrx_word' id='word_1_104' title='bbox 1282 1392 1592 1466; x_wconf 75' lang='grc' dir='ltr'><em>προῦπτος</em></span> <span class='ocrx_word' id='word_1_105' title='bbox 1644 1396 1891 1466; x_wconf 75' lang='grc' dir='ltr'><strong><em>ὄλεθρος</em></strong></span> 
     </span>
    </p>
   </div>
   <div class='ocr_carea' id='block_1_17' title="bbox 303 1478 1889 1558">
    <p class='ocr_par' dir='ltr' id='par_1_17' title="bbox 303 1478 1889 1558">
     <span class='ocr_line' id='line_1_17' title="bbox 303 1478 1889 1558; baseline 0.001 -17"><span class='ocrx_word' id='word_1_106' title='bbox 303 1488 638 1556; x_wconf 78' lang='grc' dir='ltr'>πρόκειται.</span> <span class='ocrx_word' id='word_1_107' title='bbox 681 1488 1001 1543; x_wconf 76' lang='grc' dir='ltr'><strong><em>Ἀδύνατον</em></strong></span> <span class='ocrx_word' id='word_1_108' title='bbox 1036 1489 1141 1558; x_wconf 65' lang='grc' dir='ltr'>γὰρ</span> <span class='ocrx_word' id='word_1_109' title='bbox 1170 1478 1383 1544; x_wconf 74' lang='grc' dir='ltr'><em>λαϐεῖν</em></span> <span class='ocrx_word' id='word_1_110' title='bbox 1412 1489 1633 1557; x_wconf 79' lang='grc' dir='ltr'><strong><em>αὐτοὺς</em></strong></span> <span class='ocrx_word' id='word_1_111' title='bbox 1670 1491 1709 1544; x_wconf 81' lang='lat' dir='ltr'><strong><em>d</em></strong></span> <span class='ocrx_word' id='word_1_112' title='bbox 1742 1507 1889 1546; x_wconf 84' lang='grc' dir='ltr'><em>συν-</em></span> 
     </span>
    </p>
   </div>
   <div class='ocr_carea' id='block_1_18' title="bbox 302 1581 1888 1652">
    <p class='ocr_par' dir='ltr' id='par_1_18' title="bbox 302 1581 1888 1652">
     <span class='ocr_line' id='line_1_18' title="bbox 302 1581 1888 1652; baseline 0.002 -19"><span class='ocrx_word' id='word_1_113' title='bbox 302 1581 669 1644; x_wconf 69' lang='grc' dir='ltr'><strong><em>εϐούλευσα,</em></strong></span> <span class='ocrx_word' id='word_1_114' title='bbox 713 1581 875 1649; x_wconf 53' lang='lat' dir='ltr'><strong><em>eam</em></strong></span> <span class='ocrx_word' id='word_1_115' title='bbox 918 1582 1016 1635; x_wconf 76' lang='grc' dir='ltr'>καὶ</span> <span class='ocrx_word' id='word_1_116' title='bbox 1041 1582 1230 1647; x_wconf 80' lang='grc' dir='ltr'><em>οὕτως</em></span> <span class='ocrx_word' id='word_1_117' title='bbox 1259 1581 1372 1650; x_wconf 78' lang='grc' dir='ltr'><strong><em>τῆς</em></strong></span> <span class='ocrx_word' id='word_1_118' title='bbox 1390 1582 1655 1650; x_wconf 82' lang='grc' dir='ltr'><strong><em>ἐμαυτοῦ</em></strong></span> <span class='ocrx_word' id='word_1_119' title='bbox 1697 1598 1888 1652; x_wconf 83' lang='grc' dir='ltr'>σωτη-</span> 
     </span>
    </p>
   </div>
   <div class='ocr_carea' id='block_1_19' title="bbox 294 1670 1888 1741">
    <p class='ocr_par' dir='ltr' id='par_1_19' title="bbox 294 1670 1888 1741">
     <span class='ocr_line' id='line_1_19' title="bbox 294 1670 1888 1741; baseline 0 -18"><span class='ocrx_word' id='word_1_120' title='bbox 294 1671 441 1737; x_wconf 75' lang='grc' dir='ltr'>ρίας</span> <span class='ocrx_word' id='word_1_121' title='bbox 493 1670 558 1723; x_wconf 82' lang='grc' dir='ltr'>τὸ</span> <span class='ocrx_word' id='word_1_122' title='bbox 614 1670 791 1739; x_wconf 76' lang='grc' dir='ltr'><em>κοινῇ</em></span> <span class='ocrx_word' id='word_1_123' title='bbox 841 1673 1159 1740; x_wconf 65' lang='grc' dir='ltr'><strong><em>συμφέρον</em></strong></span> <span class='ocrx_word' id='word_1_124' title='bbox 1186 1673 1522 1741; x_wconf 74' lang='grc' dir='ltr'>προτίθημι.</span> <span class='ocrx_word' id='word_1_125' title='bbox 1568 1675 1639 1726; x_wconf 84' lang='lat' dir='ltr'><strong><em>Ei</em></strong></span> <span class='ocrx_word' id='word_1_126' title='bbox 1684 1672 1752 1727; x_wconf 82' lang='grc' dir='ltr'>δέ</span> <span class='ocrx_word' id='word_1_127' title='bbox 1798 1690 1888 1738; x_wconf 77' lang='grc' dir='ltr'><strong><em>τις</em></strong></span> 
     </span>
    </p>
   </div>
   <div class='ocr_carea' id='block_1_20' title="bbox 1992 479 3567 553">
    <p class='ocr_par' dir='ltr' id='par_1_20' title="bbox 1992 479 3567 553">
     <span class='ocr_line' id='line_1_20' title="bbox 1992 479 3567 553; baseline 0.004 -21"><span class='ocrx_word' id='word_1_128' title='bbox 1992 489 2123 546; x_wconf 88' lang='lat' dir='ltr'><strong><em>tate,</em></strong></span> <span class='ocrx_word' id='word_1_129' title='bbox 2157 481 2250 533; x_wconf 88' lang='lat' dir='ltr'><strong><em>sed</em></strong></span> <span class='ocrx_word' id='word_1_130' title='bbox 2279 481 2355 533; x_wconf 85' lang='lat' dir='ltr'><strong><em>rei</em></strong></span> <span class='ocrx_word' id='word_1_131' title='bbox 2397 481 2521 533; x_wconf 84' lang='lat' dir='ltr'><strong><em>bene</em></strong></span> <span class='ocrx_word' id='word_1_132' title='bbox 2555 480 2797 550; x_wconf 80' lang='lat' dir='ltr'><strong><em>gerenda:</em></strong></span> <span class='ocrx_word' id='word_1_133' title='bbox 2819 479 2996 534; x_wconf 84' lang='lat' dir='ltr'><strong><em>studio</em></strong></span> <span class='ocrx_word' id='word_1_134' title='bbox 3029 479 3230 535; x_wconf 86' lang='lat' dir='ltr'><strong><em>cladem</em></strong></span> <span class='ocrx_word' id='word_1_135' title='bbox 3257 486 3567 553; x_wconf 84' lang='lat' dir='ltr'><strong><em>acceperim,</em></strong></span> 
     </span>
    </p>
   </div>
   <div class='ocr_carea' id='block_1_21' title="bbox 1991 570 3572 643">
    <p class='ocr_par' dir='ltr' id='par_1_21' title="bbox 1991 570 3572 643">
     <span class='ocr_line' id='line_1_21' title="bbox 1991 570 3572 643; baseline 0.003 -19"><span class='ocrx_word' id='word_1_136' title='bbox 1991 570 2263 624; x_wconf 85' lang='lat' dir='ltr'><strong><em>Romanus</em></strong></span> <span class='ocrx_word' id='word_1_137' title='bbox 2291 586 2410 624; x_wconf 89' lang='lat' dir='ltr'><strong><em>sum</em></strong></span> <span class='ocrx_word' id='word_1_138' title='bbox 2440 586 2459 625; x_wconf 92' lang='lat'><strong><em>:</em></strong></span> <span class='ocrx_word' id='word_1_139' title='bbox 2500 573 2745 641; x_wconf 74' lang='lat' dir='ltr'><strong><em>vobisque</em></strong></span> <span class='ocrx_word' id='word_1_140' title='bbox 2774 570 3073 625; x_wconf 83' lang='lat' dir='ltr'><strong><em>consultum</em></strong></span> <span class='ocrx_word' id='word_1_141' title='bbox 3108 573 3279 641; x_wconf 86' lang='lat' dir='ltr'><strong><em>cupio,</em></strong></span> <span class='ocrx_word' id='word_1_142' title='bbox 3313 581 3363 625; x_wconf 85' lang='lat' dir='ltr'><strong><em>et</em></strong></span> <span class='ocrx_word' id='word_1_143' title='bbox 3384 575 3572 643; x_wconf 79' lang='lat' dir='ltr'><strong><em>paciﬁ-</em></strong></span> 
     </span>
    </p>
   </div>
   <div class='ocr_carea' id='block_1_22' title="bbox 1990 662 3656 720">
    <p class='ocr_par' dir='ltr' id='par_1_22' title="bbox 1990 662 3656 720">
     <span class='ocr_line' id='line_1_22' title="bbox 1990 662 3656 720; baseline 0.003 -5"><span class='ocrx_word' id='word_1_144' title='bbox 1990 663 2249 716; x_wconf 86' lang='lat' dir='ltr'><strong><em>cationem</em></strong></span> <span class='ocrx_word' id='word_1_145' title='bbox 2294 662 2442 717; x_wconf 83' lang='lat' dir='ltr'><strong><em>nullo</em></strong></span> <span class='ocrx_word' id='word_1_146' title='bbox 2490 665 2641 718; x_wconf 80' lang='lat' dir='ltr'><strong><em>modo</em></strong></span> <span class='ocrx_word' id='word_1_147' title='bbox 2677 680 2703 718; x_wconf 84' lang='lat' dir='ltr'><strong><em>e</em></strong></span> <span class='ocrx_word' id='word_1_148' title='bbox 2734 680 2789 717; x_wconf 87' lang='lat' dir='ltr'><strong><em>re</em></strong></span> <span class='ocrx_word' id='word_1_149' title='bbox 2825 673 2999 718; x_wconf 73' lang='lat' dir='ltr'><strong><em>vestra</em></strong></span> <span class='ocrx_word' id='word_1_150' title='bbox 3022 681 3131 718; x_wconf 82' lang='lat' dir='ltr'><strong><em>esse</em></strong></span> <span class='ocrx_word' id='word_1_151' title='bbox 3157 664 3309 718; x_wconf 85' lang='lat' dir='ltr'><strong><em>duco.</em></strong></span> <span class='ocrx_word' id='word_1_152' title='bbox 3344 665 3447 719; x_wconf 83' lang='lat' dir='ltr'><strong><em>Ilis</em></strong></span> <span class='ocrx_word' id='word_1_153' title='bbox 3488 667 3575 720; x_wconf 85' lang='lat' dir='ltr'><strong><em>di-</em></strong></span> <span class='ocrx_word' id='word_1_154' title='bbox 3653 671 3656 674; x_wconf 79' lang='grc'><strong>’</strong></span> 
     </span>
    </p>
   </div>
   <div class='ocr_carea' id='block_1_23' title="bbox 1992 755 3573 828">
    <p class='ocr_par' dir='ltr' id='par_1_23' title="bbox 1992 755 3573 828">
     <span class='ocr_line' id='line_1_23' title="bbox 1992 755 3573 828; baseline 0.003 -19"><span class='ocrx_word' id='word_1_155' title='bbox 1992 755 2118 820; x_wconf 90' lang='lat' dir='ltr'><strong><em>etis,</em></strong></span> <span class='ocrx_word' id='word_1_156' title='bbox 2158 771 2380 827; x_wconf 60' lang='lat' dir='ltr'><strong><em>suaeque</em></strong></span> <span class='ocrx_word' id='word_1_157' title='bbox 2415 759 2705 812; x_wconf 72' lang='lat' dir='ltr'><strong><em>sententiae</em></strong></span> <span class='ocrx_word' id='word_1_158' title='bbox 2743 757 3050 812; x_wconf 68' lang='lat' dir='ltr'><strong><em>rationibus</em></strong></span> <span class='ocrx_word' id='word_1_159' title='bbox 3080 757 3355 822; x_wconf 78' lang='lat' dir='ltr'><strong><em>adductis,</em></strong></span> <span class='ocrx_word' id='word_1_160' title='bbox 3387 758 3573 828; x_wconf 83' lang='lat' dir='ltr'><strong><em>subje-</em></strong></span> 
     </span>
    </p>
   </div>
   <div class='ocr_carea' id='block_1_24' title="bbox 1991 831 3571 922">
    <p class='ocr_par' dir='ltr' id='par_1_24' title="bbox 1991 831 3571 922">
     <span class='ocr_line' id='line_1_24' title="bbox 1991 831 3571 922; baseline 0.002 -20"><span class='ocrx_word' id='word_1_161' title='bbox 1991 850 2100 902; x_wconf 85' lang='lat' dir='ltr'><strong><em>cit:</em></strong></span> <span class='ocrx_word' id='word_1_162' title='bbox 2128 847 2274 903; x_wconf 87' lang='lat' dir='ltr'><strong><em>Scire</em></strong></span> <span class='ocrx_word' id='word_1_163' title='bbox 2293 866 2370 913; x_wconf 88' lang='lat' dir='ltr'><strong><em>se,</em></strong></span> <span class='ocrx_word' id='word_1_164' title='bbox 2392 850 2532 903; x_wconf 81' lang='lat' dir='ltr'><strong><em>haud</em></strong></span> <span class='ocrx_word' id='word_1_165' title='bbox 2553 831 2767 903; x_wconf 82' lang='lat' dir='ltr'><strong><em>dubium</em></strong></span> <span class='ocrx_word' id='word_1_166' title='bbox 2791 850 3011 903; x_wconf 76' lang='lat' dir='ltr'><strong><em>exitium</em></strong></span> <span class='ocrx_word' id='word_1_167' title='bbox 3029 851 3128 904; x_wconf 88' lang='lat' dir='ltr'><strong><em>sibi</em></strong></span> <span class='ocrx_word' id='word_1_168' title='bbox 3146 852 3348 905; x_wconf 89' lang='lat' dir='ltr'><strong><em>instare</em></strong></span> <span class='ocrx_word' id='word_1_169' title='bbox 3364 867 3382 902; x_wconf 93' lang='lat'><strong><em>:</em></strong></span> <span class='ocrx_word' id='word_1_170' title='bbox 3404 868 3571 922; x_wconf 87' lang='lat' dir='ltr'><strong><em>neque</em></strong></span> 
     </span>
    </p>
   </div>
   <div class='ocr_carea' id='block_1_25' title="bbox 1990 939 3569 1013">
    <p class='ocr_par' dir='ltr' id='par_1_25' title="bbox 1990 939 3569 1013">
     <span class='ocr_line' id='line_1_25' title="bbox 1990 939 3569 1013; baseline 0.003 -21"><span class='ocrx_word' id='word_1_171' title='bbox 1990 942 2127 993; x_wconf 84' lang='lat' dir='ltr'><strong><em>enim</em></strong></span> <span class='ocrx_word' id='word_1_172' title='bbox 2165 939 2689 1011; x_wconf 76' lang='lat' dir='ltr'><strong><em>Carthaginiensibus</em></strong></span> <span class='ocrx_word' id='word_1_173' title='bbox 2719 941 2856 995; x_wconf 88' lang='lat' dir='ltr'><strong><em>clam</em></strong></span> <span class='ocrx_word' id='word_1_174' title='bbox 2890 958 2998 995; x_wconf 84' lang='lat' dir='ltr'><strong><em>esse</em></strong></span> <span class='ocrx_word' id='word_1_175' title='bbox 3031 959 3203 1011; x_wconf 85' lang='lat' dir='ltr'><strong><em>posse,</em></strong></span> <span class='ocrx_word' id='word_1_176' title='bbox 3237 945 3361 1013; x_wconf 84' lang='lat' dir='ltr'><strong><em>quid</em></strong></span> <span class='ocrx_word' id='word_1_177' title='bbox 3385 960 3569 997; x_wconf 86' lang='lat' dir='ltr'><strong><em>suase-</em></strong></span> 
     </span>
    </p>
   </div>
   <div class='ocr_carea' id='block_1_26' title="bbox 1992 1030 3570 1105">
    <p class='ocr_par' dir='ltr' id='par_1_26' title="bbox 1992 1030 3570 1105">
     <span class='ocr_line' id='line_1_26' title="bbox 1992 1030 3570 1105; baseline 0.004 -25"><span class='ocrx_word' id='word_1_178' title='bbox 1992 1031 2079 1083; x_wconf 84' lang='lat' dir='ltr'><strong><em>rit.</em></strong></span> <span class='ocrx_word' id='word_1_179' title='bbox 2116 1030 2277 1101; x_wconf 80' lang='lat'><strong><em>395</em></strong></span> <span class='ocrx_word' id='word_1_180' title='bbox 2297 1030 2398 1084; x_wconf 82' lang='lat' dir='ltr'><strong><em>Sed</em></strong></span> <span class='ocrx_word' id='word_1_181' title='bbox 2425 1034 2499 1085; x_wconf 85' lang='lat' dir='ltr'><strong><em>sic</em></strong></span> <span class='ocrx_word' id='word_1_182' title='bbox 2523 1048 2727 1102; x_wconf 80' lang='lat' dir='ltr'><strong><em>quoque</em></strong></span> <span class='ocrx_word' id='word_1_183' title='bbox 2759 1033 3060 1102; x_wconf 70' lang='lat' dir='ltr'><strong><em>reipublicae</em></strong></span> <span class='ocrx_word' id='word_1_184' title='bbox 3079 1034 3412 1087; x_wconf 86' lang='lat' dir='ltr'><strong><em>commodum</em></strong></span> <span class='ocrx_word' id='word_1_185' title='bbox 3458 1037 3570 1105; x_wconf 86' lang='lat' dir='ltr'><strong><em>pri-</em></strong></span> 
     </span>
    </p>
   </div>
   <div class='ocr_carea' id='block_1_27' title="bbox 1991 1120 3570 1194">
    <p class='ocr_par' dir='ltr' id='par_1_27' title="bbox 1991 1120 3570 1194">
     <span class='ocr_line' id='line_1_27' title="bbox 1991 1120 3570 1194; baseline 0.004 -22"><span class='ocrx_word' id='word_1_186' title='bbox 1991 1131 2113 1172; x_wconf 82' lang='lat' dir='ltr'><strong><em>vata</em></strong></span> <span class='ocrx_word' id='word_1_187' title='bbox 2168 1120 2527 1175; x_wconf 66' lang='lat' dir='ltr'><strong><em>incolumitate</em></strong></span> <span class='ocrx_word' id='word_1_188' title='bbox 2569 1123 2666 1177; x_wconf 83' lang='lat' dir='ltr'><strong><em>sibi</em></strong></span> <span class='ocrx_word' id='word_1_189' title='bbox 2704 1139 2811 1177; x_wconf 83' lang='lat' dir='ltr'><strong><em>esse</em></strong></span> <span class='ocrx_word' id='word_1_190' title='bbox 2840 1125 3130 1193; x_wconf 72' lang='lat' dir='ltr'><strong><em>antiquius.</em></strong></span> <span class='ocrx_word' id='word_1_191' title='bbox 3181 1123 3332 1189; x_wconf 81' lang='lat' dir='ltr'><strong><em>Quod</em></strong></span> <span class='ocrx_word' id='word_1_192' title='bbox 3369 1126 3414 1177; x_wconf 89' lang='lat' dir='ltr'><strong><em>si</em></strong></span> <span class='ocrx_word' id='word_1_193' title='bbox 3453 1126 3570 1194; x_wconf 87' lang='lat' dir='ltr'><strong><em>quis</em></strong></span> 
     </span>
    </p>
   </div>
   <div class='ocr_carea' id='block_1_28' title="bbox 1991 1211 3570 1285">
    <p class='ocr_par' dir='ltr' id='par_1_28' title="bbox 1991 1211 3570 1285">
     <span class='ocr_line' id='line_1_28' title="bbox 1991 1211 3570 1285; baseline 0.006 -23"><span class='ocrx_word' id='word_1_194' title='bbox 1991 1212 2210 1275; x_wconf 73' lang='lat' dir='ltr'><strong><em>dixerit,</em></strong></span> <span class='ocrx_word' id='word_1_195' title='bbox 2246 1211 2354 1266; x_wconf 82' lang='lat' dir='ltr'><strong><em>Cur</em></strong></span> <span class='ocrx_word' id='word_1_196' title='bbox 2381 1229 2482 1266; x_wconf 88' lang='lat' dir='ltr'><strong><em>non</em></strong></span> <span class='ocrx_word' id='word_1_197' title='bbox 2516 1214 2778 1285; x_wconf 74' lang='lat' dir='ltr'><strong><em>aufugiat,</em></strong></span> <span class='ocrx_word' id='word_1_198' title='bbox 2806 1224 2901 1269; x_wconf 90' lang='lat' dir='ltr'><strong><em>aut</em></strong></span> <span class='ocrx_word' id='word_1_199' title='bbox 2938 1214 3121 1268; x_wconf 75' lang='lat' dir='ltr'><strong><em>Roma:</em></strong></span> <span class='ocrx_word' id='word_1_200' title='bbox 3145 1226 3358 1270; x_wconf 88' lang='lat' dir='ltr'><strong><em>maneat</em></strong></span> <span class='ocrx_word' id='word_1_201' title='bbox 3383 1217 3408 1270; x_wconf 71' lang='lat'><strong><em>1’</em></strong></span> <span class='ocrx_word' id='word_1_202' title='bbox 3437 1219 3484 1271; x_wconf 88' lang='lat' dir='ltr'><strong><em>ei</em></strong></span> <span class='ocrx_word' id='word_1_203' title='bbox 3515 1234 3570 1271; x_wconf 86' lang='lat' dir='ltr'><strong><em>se</em></strong></span> 
     </span>
    </p>
   </div>
   <div class='ocr_carea' id='block_1_29' title="bbox 1993 1306 3569 1377">
    <p class='ocr_par' dir='ltr' id='par_1_29' title="bbox 1993 1306 3569 1377">
     <span class='ocr_line' id='line_1_29' title="bbox 1993 1306 3569 1377; baseline 0.006 -23"><span class='ocrx_word' id='word_1_204' title='bbox 1993 1318 2385 1373; x_wconf 84' lang='lat' dir='ltr'><strong><em>responsurum,</em></strong></span> <span class='ocrx_word' id='word_1_205' title='bbox 2450 1321 2506 1359; x_wconf 87' lang='lat' dir='ltr'><strong><em>se</em></strong></span> <span class='ocrx_word' id='word_1_206' title='bbox 2545 1306 2907 1375; x_wconf 82' lang='lat' dir='ltr'><strong><em>jurejurando</em></strong></span> <span class='ocrx_word' id='word_1_207' title='bbox 2960 1308 3184 1360; x_wconf 81' lang='lat' dir='ltr'><strong><em>reditum</em></strong></span> <span class='ocrx_word' id='word_1_208' title='bbox 3223 1310 3521 1377; x_wconf 80' lang='lat' dir='ltr'><strong><em>promisisse</em></strong></span> <span class='ocrx_word' id='word_1_209' title='bbox 3550 1324 3569 1363; x_wconf 89' lang='lat'><em>:</em></span> 
     </span>
    </p>
   </div>
   <div class='ocr_carea' id='block_1_30' title="bbox 1990 1392 3567 1467">
    <p class='ocr_par' dir='ltr' id='par_1_30' title="bbox 1990 1392 3567 1467">
     <span class='ocr_line' id='line_1_30' title="bbox 1990 1392 3567 1467; baseline 0.007 -23"><span class='ocrx_word' id='word_1_210' title='bbox 1990 1392 2046 1445; x_wconf 88' lang='lat' dir='ltr'><strong><em>id</em></strong></span> <span class='ocrx_word' id='word_1_211' title='bbox 2077 1410 2133 1446; x_wconf 86' lang='lat' dir='ltr'><strong><em>se</em></strong></span> <span class='ocrx_word' id='word_1_212' title='bbox 2165 1396 2394 1449; x_wconf 86' lang='lat' dir='ltr'><strong><em>hostibus</em></strong></span> <span class='ocrx_word' id='word_1_213' title='bbox 2431 1397 2592 1450; x_wconf 86' lang='lat' dir='ltr'><strong><em>etiam</em></strong></span> <span class='ocrx_word' id='word_1_214' title='bbox 2632 1414 2750 1451; x_wconf 85' lang='lat' dir='ltr'><strong><em>cum</em></strong></span> <span class='ocrx_word' id='word_1_215' title='bbox 2800 1397 2864 1450; x_wconf 84' lang='lat' dir='ltr'><strong><em>ob</em></strong></span> <span class='ocrx_word' id='word_1_216' title='bbox 2914 1397 3025 1453; x_wconf 88' lang='lat' dir='ltr'><strong><em>alia</em></strong></span> <span class='ocrx_word' id='word_1_217' title='bbox 3069 1411 3405 1455; x_wconf 79' lang='lat' dir='ltr'><strong><em>servaturum</em></strong></span> <span class='ocrx_word' id='word_1_218' title='bbox 3436 1418 3567 1467; x_wconf 85' lang='lat' dir='ltr'><strong><em>esse,</em></strong></span> 
     </span>
    </p>
   </div>
   <div class='ocr_carea' id='block_1_31' title="bbox 1992 1486 3571 1561">
    <p class='ocr_par' dir='ltr' id='par_1_31' title="bbox 1992 1486 3571 1561">
     <span class='ocr_line' id='line_1_31' title="bbox 1992 1486 3571 1561; baseline 0.008 -27"><span class='ocrx_word' id='word_1_219' title='bbox 1992 1490 2106 1536; x_wconf 86' lang='lat' dir='ltr'><strong><em>tum</em></strong></span> <span class='ocrx_word' id='word_1_220' title='bbox 2145 1488 2285 1555; x_wconf 83' lang='lat' dir='ltr'><strong><em>quod</em></strong></span> <span class='ocrx_word' id='word_1_221' title='bbox 2310 1498 2522 1540; x_wconf 87' lang='lat' dir='ltr'><strong><em>servata</em></strong></span> <span class='ocrx_word' id='word_1_222' title='bbox 2548 1486 2674 1555; x_wconf 74' lang='lat' dir='ltr'><strong><em>ﬁde,</em></strong></span> <span class='ocrx_word' id='word_1_223' title='bbox 2710 1487 2854 1541; x_wconf 85' lang='lat' dir='ltr'><strong><em>solus</em></strong></span> <span class='ocrx_word' id='word_1_224' title='bbox 2884 1504 3179 1543; x_wconf 66' lang='lat' dir='ltr'><strong><em>aerumnam</em></strong></span> <span class='ocrx_word' id='word_1_225' title='bbox 3207 1508 3463 1561; x_wconf 85' lang='lat' dir='ltr'><strong><em>passurus</em></strong></span> <span class='ocrx_word' id='word_1_226' title='bbox 3488 1508 3571 1546; x_wconf 80' lang='lat' dir='ltr'><strong><em>es-</em></strong></span> 
     </span>
    </p>
   </div>
   <div class='ocr_carea' id='block_1_32' title="bbox 1991 1575 3568 1654">
    <p class='ocr_par' dir='ltr' id='par_1_32' title="bbox 1991 1575 3568 1654">
     <span class='ocr_line' id='line_1_32' title="bbox 1991 1575 3568 1654; baseline 0.007 -28"><span class='ocrx_word' id='word_1_227' title='bbox 1991 1583 2107 1639; x_wconf 79' lang='lat' dir='ltr'><strong><em>set;</em></strong></span> <span class='ocrx_word' id='word_1_228' title='bbox 2138 1575 2360 1641; x_wconf 83' lang='lat' dir='ltr'><strong><em>violata,</em></strong></span> <span class='ocrx_word' id='word_1_229' title='bbox 2394 1585 2504 1630; x_wconf 87' lang='lat' dir='ltr'><strong><em>tota</em></strong></span> <span class='ocrx_word' id='word_1_230' title='bbox 2540 1579 2721 1631; x_wconf 75' lang='lat' dir='ltr'><strong><em>civitas</em></strong></span> <span class='ocrx_word' id='word_1_231' title='bbox 2745 1580 2970 1649; x_wconf 87' lang='lat' dir='ltr'><strong><em>perjurii</em></strong></span> <span class='ocrx_word' id='word_1_232' title='bbox 3007 1582 3227 1634; x_wconf 84' lang='lat' dir='ltr'><strong><em>crimine</em></strong></span> <span class='ocrx_word' id='word_1_233' title='bbox 3273 1582 3568 1654; x_wconf 87' lang='lat' dir='ltr'><strong><em>obstringe-</em></strong></span> 
     </span>
    </p>
   </div>
   <div class='ocr_carea' id='block_1_33' title="bbox 1994 1667 3564 1741">
    <p class='ocr_par' dir='ltr' id='par_1_33' title="bbox 1994 1667 3564 1741">
     <span class='ocr_line' id='line_1_33' title="bbox 1994 1667 3564 1741; baseline 0.008 -23"><span class='ocrx_word' id='word_1_234' title='bbox 1994 1675 2159 1721; x_wconf 86' lang='lat' dir='ltr'><strong><em>retur.</em></strong></span> <span class='ocrx_word' id='word_1_235' title='bbox 2206 1667 2409 1722; x_wconf 92' lang='lat' dir='ltr'><strong><em>Senatu</em></strong></span> <span class='ocrx_word' id='word_1_236' title='bbox 2446 1681 2627 1724; x_wconf 86' lang='lat' dir='ltr'><strong><em>autem</em></strong></span> <span class='ocrx_word' id='word_1_237' title='bbox 2662 1668 2855 1725; x_wconf 85' lang='lat' dir='ltr'><strong><em>salutis</em></strong></span> <span class='ocrx_word' id='word_1_238' title='bbox 2901 1671 3047 1727; x_wconf 88' lang='lat' dir='ltr'><strong><em>illius</em></strong></span> <span class='ocrx_word' id='word_1_239' title='bbox 3092 1688 3279 1741; x_wconf 78' lang='lat' dir='ltr'><strong><em>eausa,</em></strong></span> <span class='ocrx_word' id='word_1_240' title='bbox 3328 1684 3442 1730; x_wconf 91' lang='lat' dir='ltr'><strong><em>tum</em></strong></span> <span class='ocrx_word' id='word_1_241' title='bbox 3496 1677 3564 1730; x_wconf 80' lang='lat' dir='ltr'><strong><em>ad</em></strong></span> 
     </span>
    </p>
   </div>
   <div class='ocr_carea' id='block_1_34' title="bbox 301 1748 1889 1839">
    <p class='ocr_par' dir='ltr' id='par_1_34' title="bbox 301 1758 1884 1832">
     <span class='ocr_line' id='line_1_34' title="bbox 301 1758 1884 1832; baseline 0.001 -15"><span class='ocrx_word' id='word_1_242' title='bbox 301 1764 516 1831; x_wconf 67' lang='grc' dir='ltr'>φήσεισ</span> <span class='ocrx_word' id='word_1_243' title='bbox 555 1764 616 1817; x_wconf 85' lang='grc' dir='ltr'><strong><em>Τι’</em></strong></span> <span class='ocrx_word' id='word_1_244' title='bbox 642 1758 758 1817; x_wconf 83' lang='grc' dir='ltr'><em>οὖν</em></span> <span class='ocrx_word' id='word_1_245' title='bbox 797 1765 907 1817; x_wconf 77' lang='grc' dir='ltr'><strong><em>οὐκ</em></strong></span> <span class='ocrx_word' id='word_1_246' title='bbox 937 1761 1378 1832; x_wconf 75' lang='grc' dir='ltr'>ἐκδιδράσκεις,</span> <span class='ocrx_word' id='word_1_247' title='bbox 1413 1764 1452 1832; x_wconf 76' lang='grc' dir='ltr'><strong><em>ἢ</em></strong></span> <span class='ocrx_word' id='word_1_248' title='bbox 1497 1764 1754 1819; x_wconf 75' lang='grc' dir='ltr'><strong><em>ἐνταῦθα</em></strong></span> <span class='ocrx_word' id='word_1_249' title='bbox 1785 1782 1884 1819; x_wconf 67' lang='grc' dir='ltr'><strong><em>και</em></strong></span> 
     </span>
    </p>
   </div>
   <div class='ocr_carea' id='block_1_35' title="bbox 1992 1748 3569 1839">
    <p class='ocr_par' dir='ltr' id='par_1_35' title="bbox 1993 1748 3569 1839">
     <span class='ocr_line' id='line_1_35' title="bbox 1993 1748 3569 1839; baseline 0.011 -31"><span class='ocrx_word' id='word_1_250' title='bbox 1993 1772 2180 1826; x_wconf 85' lang='lat' dir='ltr'><strong><em>pacem</em></strong></span> <span class='ocrx_word' id='word_1_251' title='bbox 2233 1759 2561 1825; x_wconf 77' lang='lat' dir='ltr'><strong><em>faciendam,</em></strong></span> <span class='ocrx_word' id='word_1_252' title='bbox 2603 1770 2717 1815; x_wconf 89' lang='lat' dir='ltr'><strong><em>tum</em></strong></span> <span class='ocrx_word' id='word_1_253' title='bbox 2768 1763 2834 1817; x_wconf 87' lang='lat' dir='ltr'><strong><em>ad</em></strong></span> <span class='ocrx_word' id='word_1_254' title='bbox 2884 1748 3285 1833; x_wconf 84' lang='lat' dir='ltr'><strong><em>permutandos</em></strong></span> <span class='ocrx_word' id='word_1_255' title='bbox 3321 1769 3569 1839; x_wconf 87' lang='lat' dir='ltr'><strong><em>captivos</em></strong></span> 
     </span>
    </p>
   </div>
   <div class='ocr_carea' id='block_1_36' title="bbox 302 1856 1886 1927">
    <p class='ocr_par' dir='ltr' id='par_1_36' title="bbox 302 1856 1886 1927">
     <span class='ocr_line' id='line_1_36' title="bbox 302 1856 1886 1927; baseline 0.003 -18"><span class='ocrx_word' id='word_1_256' title='bbox 302 1856 629 1925; x_wconf 67' lang='lat' dir='ltr'><strong><em>tapéretc;</em></strong></span> <span class='ocrx_word' id='word_1_257' title='bbox 685 1858 1038 1921; x_wconf 74' lang='grc' dir='ltr'>ἀκούσεται,</span> <span class='ocrx_word' id='word_1_258' title='bbox 1066 1858 1159 1912; x_wconf 83' lang='grc' dir='ltr'>ὅτι</span> <span class='ocrx_word' id='word_1_259' title='bbox 1188 1857 1469 1927; x_wconf 77' lang='grc' dir='ltr'><strong><em>ὀμώμοκα</em></strong></span> <span class='ocrx_word' id='word_1_260' title='bbox 1498 1858 1706 1925; x_wconf 81' lang='grc' dir='ltr'><strong><em>αὐτοῖς</em></strong></span> <span class='ocrx_word' id='word_1_261' title='bbox 1741 1860 1886 1914; x_wconf 80' lang='grc' dir='ltr'><strong><em>ἐπα-</em></strong></span> 
     </span>
    </p>
   </div>
   <div class='ocr_carea' id='block_1_37' title="bbox 298 1946 1889 2017">
    <p class='ocr_par' dir='ltr' id='par_1_37' title="bbox 298 1946 1889 2017">
     <span class='ocr_line' id='line_1_37' title="bbox 298 1946 1889 2017; baseline 0.002 -16"><span class='ocrx_word' id='word_1_262' title='bbox 298 1946 544 2013; x_wconf 66' lang='grc' dir='ltr'><strong><em>γήξειν,</em></strong></span> <span class='ocrx_word' id='word_1_263' title='bbox 577 1949 674 2002; x_wconf 77' lang='grc' dir='ltr'><strong><em>καὶ</em></strong></span> <span class='ocrx_word' id='word_1_264' title='bbox 702 1950 816 2003; x_wconf 82' lang='grc' dir='ltr'><strong><em>οὐκ</em></strong></span> <span class='ocrx_word' id='word_1_265' title='bbox 861 1947 937 2002; x_wconf 80' lang='grc' dir='ltr'><strong><em>ἂν</em></strong></span> <span class='ocrx_word' id='word_1_266' title='bbox 956 1948 1299 2016; x_wconf 77' lang='grc' dir='ltr'>παραϐαίην</span> <span class='ocrx_word' id='word_1_267' title='bbox 1328 1948 1469 2013; x_wconf 84' lang='grc' dir='ltr'><em>τοὺς</em></span> <span class='ocrx_word' id='word_1_268' title='bbox 1494 1948 1732 2017; x_wconf 84' lang='grc' dir='ltr'><strong><em>ὅρκους,</em></strong></span> <span class='ocrx_word' id='word_1_269' title='bbox 1761 1950 1889 2004; x_wconf 81' lang='grc' dir='ltr'><strong><em>οὐδ’</em></strong></span> 
     </span>
    </p>
   </div>
   <div class='ocr_carea' id='block_1_38' title="bbox 297 2040 1890 2112">
    <p class='ocr_par' dir='ltr' id='par_1_38' title="bbox 297 2040 1890 2112">
     <span class='ocr_line' id='line_1_38' title="bbox 297 2040 1890 2112; baseline 0.004 -21"><span class='ocrx_word' id='word_1_270' title='bbox 297 2045 351 2094; x_wconf 74' lang='lat' dir='ltr'><strong><em>ei</em></strong></span> <span class='ocrx_word' id='word_1_271' title='bbox 406 2040 559 2108; x_wconf 76' lang='grc' dir='ltr'><em>πρὸς</em></span> <span class='ocrx_word' id='word_1_272' title='bbox 607 2042 936 2110; x_wconf 71' lang='grc' dir='ltr'><em>πολεμίους</em></span> <span class='ocrx_word' id='word_1_273' title='bbox 968 2042 1275 2111; x_wconf 79' lang='grc' dir='ltr'>γεγόνασι,</span> <span class='ocrx_word' id='word_1_274' title='bbox 1312 2042 1414 2094; x_wconf 82' lang='grc' dir='ltr'><strong><em>καὶ</em></strong></span> <span class='ocrx_word' id='word_1_275' title='bbox 1447 2041 1522 2093; x_wconf 80' lang='grc' dir='ltr'><strong><em>δι’</em></strong></span> <span class='ocrx_word' id='word_1_276' title='bbox 1556 2041 1740 2108; x_wconf 68' lang='grc' dir='ltr'><strong><em>ἄλλα,</em></strong></span> <span class='ocrx_word' id='word_1_277' title='bbox 1775 2042 1890 2112; x_wconf 80' lang='grc' dir='ltr'><strong><em>μά-</em></strong></span> 
     </span>
    </p>
   </div>
   <div class='ocr_carea' id='block_1_39' title="bbox 298 2131 1890 2203">
    <p class='ocr_par' dir='ltr' id='par_1_39' title="bbox 298 2131 1890 2203">
     <span class='ocr_line' id='line_1_39' title="bbox 298 2131 1890 2203; baseline 0.003 -19"><span class='ocrx_word' id='word_1_278' title='bbox 298 2135 492 2186; x_wconf 65' lang='grc' dir='ltr'>λιστα</span> <span class='ocrx_word' id='word_1_279' title='bbox 515 2131 584 2186; x_wconf 69' lang='grc' dir='ltr'>δὲ</span> <span class='ocrx_word' id='word_1_280' title='bbox 609 2133 700 2187; x_wconf 84' lang='grc' dir='ltr'>ὅτι</span> <span class='ocrx_word' id='word_1_281' title='bbox 739 2133 807 2187; x_wconf 78' lang='grc' dir='ltr'>τὸ</span> <span class='ocrx_word' id='word_1_282' title='bbox 839 2132 1045 2187; x_wconf 80' lang='grc' dir='ltr'><strong><em>δεινὸν</em></strong></span> <span class='ocrx_word' id='word_1_283' title='bbox 1066 2132 1529 2203; x_wconf 79' lang='grc' dir='ltr'><strong><em>ἐμπεδορκήσας</em></strong></span> <span class='ocrx_word' id='word_1_284' title='bbox 1563 2135 1680 2203; x_wconf 81' lang='grc' dir='ltr'><strong><em>μὲν</em></strong></span> <span class='ocrx_word' id='word_1_285' title='bbox 1700 2135 1890 2203; x_wconf 80' lang='grc' dir='ltr'><em>μόνος</em></span> 
     </span>
    </p>
   </div>
   <div class='ocr_carea' id='block_1_40' title="bbox 304 2223 1892 2297">
    <p class='ocr_par' dir='ltr' id='par_1_40' title="bbox 304 2223 1892 2297">
     <span class='ocr_line' id='line_1_40' title="bbox 304 2223 1892 2297; baseline 0.004 -21"><span class='ocrx_word' id='word_1_286' title='bbox 304 2224 596 2292; x_wconf 77' lang='grc' dir='ltr'><strong><em>πείσομαι</em></strong></span> <span class='ocrx_word' id='word_1_287' title='bbox 616 2240 632 2254; x_wconf 80' lang='grc'><em>’</em></span> <span class='ocrx_word' id='word_1_288' title='bbox 676 2223 754 2279; x_wconf 81' lang='grc' dir='ltr'><strong><em>ἂν</em></strong></span> <span class='ocrx_word' id='word_1_289' title='bbox 781 2223 835 2278; x_wconf 83' lang='grc' dir='ltr'>δ’</span> <span class='ocrx_word' id='word_1_290' title='bbox 859 2223 1225 2297; x_wconf 68' lang='grc' dir='ltr'>ἐπιορκήσω,</span> <span class='ocrx_word' id='word_1_291' title='bbox 1252 2223 1421 2282; x_wconf 81' lang='grc' dir='ltr'><em>πᾶσα</em></span> <span class='ocrx_word' id='word_1_292' title='bbox 1469 2228 1508 2296; x_wconf 72' lang='grc' dir='ltr'>ἡ</span> <span class='ocrx_word' id='word_1_293' title='bbox 1539 2231 1718 2294; x_wconf 77' lang='grc' dir='ltr'><em>πόλις</em></span> <span class='ocrx_word' id='word_1_294' title='bbox 1745 2228 1892 2282; x_wconf 81' lang='grc' dir='ltr'><strong><em>ἁνα-</em></strong></span> 
     </span>
    </p>
   </div>
   <div class='ocr_carea' id='block_1_41' title="bbox 304 2314 1889 2392">
    <p class='ocr_par' dir='ltr' id='par_1_41' title="bbox 304 2314 1889 2392">
     <span class='ocr_line' id='line_1_41' title="bbox 304 2314 1889 2392; baseline 0.004 -25"><span class='ocrx_word' id='word_1_295' title='bbox 304 2314 750 2383; x_wconf 73' lang='grc' dir='ltr'>πλησθήσεται.</span> <span class='ocrx_word' id='word_1_296' title='bbox 797 2315 862 2369; x_wconf 85' lang='grc' dir='ltr'><strong>Ἦ</strong></span> <span class='ocrx_word' id='word_1_297' title='bbox 900 2316 1163 2387; x_wconf 81' lang='grc' dir='ltr'><strong><em>γερουσία</em></strong></span> <span class='ocrx_word' id='word_1_298' title='bbox 1205 2317 1264 2371; x_wconf 81' lang='grc' dir='ltr'>δὲ</span> <span class='ocrx_word' id='word_1_299' title='bbox 1301 2317 1399 2388; x_wconf 83' lang='grc' dir='ltr'>τῆς</span> <span class='ocrx_word' id='word_1_300' title='bbox 1448 2318 1660 2373; x_wconf 82' lang='grc' dir='ltr'>ἐκείνου</span> <span class='ocrx_word' id='word_1_301' title='bbox 1710 2336 1889 2392; x_wconf 76' lang='grc' dir='ltr'>σωτη-</span> 
     </span>
    </p>
   </div>
   <div class='ocr_carea' id='block_1_42' title="bbox 306 2406 1891 2479">
    <p class='ocr_par' dir='ltr' id='par_1_42' title="bbox 306 2406 1891 2479">
     <span class='ocr_line' id='line_1_42' title="bbox 306 2406 1891 2479; baseline 0.002 -18"><span class='ocrx_word' id='word_1_302' title='bbox 306 2409 439 2479; x_wconf 81' lang='grc' dir='ltr'>ρίας</span> <span class='ocrx_word' id='word_1_303' title='bbox 470 2406 680 2472; x_wconf 76' lang='grc' dir='ltr'>ἕνεκεν,</span> <span class='ocrx_word' id='word_1_304' title='bbox 721 2409 812 2460; x_wconf 74' lang='grc' dir='ltr'>καὶ</span> <span class='ocrx_word' id='word_1_305' title='bbox 839 2406 938 2478; x_wconf 83' lang='grc' dir='ltr'>τὴν</span> <span class='ocrx_word' id='word_1_306' title='bbox 966 2408 1191 2476; x_wconf 80' lang='grc' dir='ltr'><strong><em>εἰρήνην</em></strong></span> <span class='ocrx_word' id='word_1_307' title='bbox 1220 2409 1576 2478; x_wconf 75' lang='grc' dir='ltr'>ποιήσασθαι,</span> <span class='ocrx_word' id='word_1_308' title='bbox 1622 2410 1717 2464; x_wconf 81' lang='grc' dir='ltr'>καὶ</span> <span class='ocrx_word' id='word_1_309' title='bbox 1763 2413 1891 2476; x_wconf 78' lang='grc' dir='ltr'>τοὺς</span> 
     </span>
    </p>
   </div>
   <div class='ocr_carea' id='block_1_43' title="bbox 306 2496 1890 2573">
    <p class='ocr_par' dir='ltr' id='par_1_43' title="bbox 306 2496 1890 2573">
     <span class='ocr_line' id='line_1_43' title="bbox 306 2496 1890 2573; baseline 0.004 -22"><span class='ocrx_word' id='word_1_310' title='bbox 306 2496 694 2569; x_wconf 73' lang='grc' dir='ltr'><strong><em>αἰχμαλώτους</em></strong></span> <span class='ocrx_word' id='word_1_311' title='bbox 746 2498 1052 2555; x_wconf 78' lang='grc' dir='ltr'>ἀντιδοῦναι</span> <span class='ocrx_word' id='word_1_312' title='bbox 1112 2499 1521 2573; x_wconf 80' lang='grc' dir='ltr'>προτεθύμητο.</span> <span class='ocrx_word' id='word_1_313' title='bbox 1576 2502 1743 2568; x_wconf 83' lang='grc' dir='ltr'><em>Γνοὺς</em></span> <span class='ocrx_word' id='word_1_314' title='bbox 1796 2504 1890 2559; x_wconf 80' lang='grc' dir='ltr'><strong><em>οὖν</em></strong></span> 
     </span>
    </p>
   </div>
   <div class='ocr_carea' id='block_1_44' title="bbox 305 2588 1891 2662">
    <p class='ocr_par' dir='ltr' id='par_1_44' title="bbox 305 2588 1891 2662">
     <span class='ocr_line' id='line_1_44' title="bbox 305 2588 1891 2662; baseline 0.003 -22"><span class='ocrx_word' id='word_1_315' title='bbox 305 2588 473 2642; x_wconf 75' lang='grc' dir='ltr'>τοῦτο</span> <span class='ocrx_word' id='word_1_316' title='bbox 523 2588 706 2653; x_wconf 72' lang='grc' dir='ltr'>αὐτὸς,</span> <span class='ocrx_word' id='word_1_317' title='bbox 757 2589 843 2643; x_wconf 85' lang='grc' dir='ltr'>ἴνα</span> <span class='ocrx_word' id='word_1_318' title='bbox 895 2589 975 2661; x_wconf 76' lang='grc' dir='ltr'><strong>μὴ</strong></span> <span class='ocrx_word' id='word_1_319' title='bbox 1002 2589 1064 2643; x_wconf 83' lang='grc' dir='ltr'>τὸ</span> <span class='ocrx_word' id='word_1_320' title='bbox 1092 2590 1371 2662; x_wconf 79' lang='grc' dir='ltr'><strong><em>συμφέρον</em></strong></span> <span class='ocrx_word' id='word_1_321' title='bbox 1414 2592 1485 2644; x_wconf 86' lang='grc' dir='ltr'><strong><em>δι’</em></strong></span> <span class='ocrx_word' id='word_1_322' title='bbox 1517 2592 1681 2647; x_wconf 85' lang='grc' dir='ltr'>αὑτὸν</span> <span class='ocrx_word' id='word_1_323' title='bbox 1722 2609 1891 2646; x_wconf 84' lang='grc' dir='ltr'>κατα-</span> 
     </span>
    </p>
   </div>
   <div class='ocr_carea' id='block_1_45' title="bbox 307 2680 1893 2756">
    <p class='ocr_par' dir='ltr' id='par_1_45' title="bbox 307 2680 1893 2756">
     <span class='ocr_line' id='line_1_45' title="bbox 307 2680 1893 2756; baseline 0.003 -23"><span class='ocrx_word' id='word_1_324' title='bbox 307 2680 611 2748; x_wconf 73' lang='grc' dir='ltr'>πρόωνται,</span> <span class='ocrx_word' id='word_1_325' title='bbox 659 2681 933 2735; x_wconf 78' lang='grc' dir='ltr'><strong><em>ἐπλάσατο</em></strong></span> <span class='ocrx_word' id='word_1_326' title='bbox 980 2682 1297 2736; x_wconf 79' lang='grc' dir='ltr'><strong><em>πεπωκέναι</em></strong></span> <span class='ocrx_word' id='word_1_327' title='bbox 1326 2682 1621 2752; x_wconf 79' lang='grc' dir='ltr'>φάρμακον</span> <span class='ocrx_word' id='word_1_328' title='bbox 1654 2684 1893 2756; x_wconf 75' lang='grc' dir='ltr'>δηλητή-</span> 
     </span>
    </p>
   </div>
   <div class='ocr_carea' id='block_1_46' title="bbox 305 2771 1891 2842">
    <p class='ocr_par' dir='ltr' id='par_1_46' title="bbox 305 2771 1891 2842">
     <span class='ocr_line' id='line_1_46' title="bbox 305 2771 1891 2842; baseline 0.005 -19"><span class='ocrx_word' id='word_1_329' title='bbox 305 2789 453 2842; x_wconf 83' lang='grc' dir='ltr'>ριον,</span> <span class='ocrx_word' id='word_1_330' title='bbox 486 2771 581 2824; x_wconf 74' lang='grc' dir='ltr'>καὶ</span> <span class='ocrx_word' id='word_1_331' title='bbox 610 2771 829 2841; x_wconf 76' lang='grc' dir='ltr'><strong><em>μέλλειν</em></strong></span> <span class='ocrx_word' id='word_1_332' title='bbox 863 2771 1084 2836; x_wconf 73' lang='grc' dir='ltr'>πάντως</span> <span class='ocrx_word' id='word_1_333' title='bbox 1127 2773 1197 2826; x_wconf 83' lang='grc' dir='ltr'><strong><em>δι’</em></strong></span> <span class='ocrx_word' id='word_1_334' title='bbox 1228 2773 1396 2828; x_wconf 85' lang='grc' dir='ltr'>αὐτοῦ</span> <span class='ocrx_word' id='word_1_335' title='bbox 1434 2775 1752 2830; x_wconf 79' lang='grc' dir='ltr'><strong><em>ἀπολέσθαι.</em></strong></span> <span class='ocrx_word' id='word_1_336' title='bbox 1782 2778 1891 2831; x_wconf 73' lang='grc' dir='ltr'><strong><em>Καὶ</em></strong></span> 
     </span>
    </p>
   </div>
   <div class='ocr_carea' id='block_1_47' title="bbox 307 2863 1890 2938">
    <p class='ocr_par' dir='ltr' id='par_1_47' title="bbox 307 2863 1890 2938">
     <span class='ocr_line' id='line_1_47' title="bbox 307 2863 1890 2938; baseline 0.005 -22"><span class='ocrx_word' id='word_1_337' title='bbox 307 2864 438 2916; x_wconf 72' lang='grc' dir='ltr'>οὔτε</span> <span class='ocrx_word' id='word_1_338' title='bbox 473 2865 507 2935; x_wconf 79' lang='grc' dir='ltr'>ἠ</span> <span class='ocrx_word' id='word_1_339' title='bbox 563 2863 835 2935; x_wconf 72' lang='grc' dir='ltr'>σύμϐασις</span> <span class='ocrx_word' id='word_1_340' title='bbox 885 2867 1131 2933; x_wconf 83' lang='grc' dir='ltr'>γέγονεν,</span> <span class='ocrx_word' id='word_1_341' title='bbox 1166 2865 1291 2919; x_wconf 67' lang='grc' dir='ltr'>οὔτε</span> <span class='ocrx_word' id='word_1_342' title='bbox 1320 2867 1426 2919; x_wconf 82' lang='grc' dir='ltr'>τῶν</span> <span class='ocrx_word' id='word_1_343' title='bbox 1459 2868 1820 2938; x_wconf 74' lang='grc' dir='ltr'><strong><em>αἰχμαλώτων</em></strong></span> <span class='ocrx_word' id='word_1_344' title='bbox 1856 2873 1890 2936; x_wconf 79' lang='grc' dir='ltr'><strong>ἡ</strong></span> 
     </span>
    </p>
   </div>
   <div class='ocr_carea' id='block_1_48' title="bbox 306 2955 1893 3032">
    <p class='ocr_par' dir='ltr' id='par_1_48' title="bbox 306 2955 1893 3032">
     <span class='ocr_line' id='line_1_48' title="bbox 306 2955 1893 3032; baseline 0.006 -24"><span class='ocrx_word' id='word_1_345' title='bbox 306 2956 545 3025; x_wconf 74' lang='grc' dir='ltr'><strong><em>ἀμοιϐή.</em></strong></span> <span class='ocrx_word' id='word_1_346' title='bbox 593 2955 872 3020; x_wconf 72' lang='grc' dir='ltr'>Ἀπιόντος</span> <span class='ocrx_word' id='word_1_347' title='bbox 897 2957 941 3009; x_wconf 84' lang='grc' dir='ltr'>δ’</span> <span class='ocrx_word' id='word_1_348' title='bbox 972 2957 1138 3011; x_wconf 82' lang='grc' dir='ltr'>αὐτοῦ</span> <span class='ocrx_word' id='word_1_349' title='bbox 1167 2959 1264 3013; x_wconf 79' lang='grc' dir='ltr'>σὺν</span> <span class='ocrx_word' id='word_1_350' title='bbox 1295 2963 1410 3024; x_wconf 77' lang='grc' dir='ltr'>τοῖς</span> <span class='ocrx_word' id='word_1_351' title='bbox 1453 2964 1769 3032; x_wconf 75' lang='grc' dir='ltr'>πρέσϐεσιν,</span> <span class='ocrx_word' id='word_1_352' title='bbox 1800 2968 1893 3018; x_wconf 57' lang='grc' dir='ltr'><strong><em>ἀκί-</em></strong></span> 
     </span>
    </p>
   </div>
   <div class='ocr_carea' id='block_1_49' title="bbox 307 3048 1887 3126">
    <p class='ocr_par' dir='ltr' id='par_1_49' title="bbox 307 3048 1887 3126">
     <span class='ocr_line' id='line_1_49' title="bbox 307 3048 1887 3126; baseline 0.006 -26"><span class='ocrx_word' id='word_1_353' title='bbox 307 3048 603 3102; x_wconf 75' lang='grc' dir='ltr'>τελάεοντο</span> <span class='ocrx_word' id='word_1_354' title='bbox 650 3048 798 3103; x_wconf 75' lang='grc' dir='ltr'><strong>ἄλλοι</strong></span> <span class='ocrx_word' id='word_1_355' title='bbox 852 3066 911 3102; x_wconf 81' lang='grc' dir='ltr'>τε</span> <span class='ocrx_word' id='word_1_356' title='bbox 964 3054 1057 3103; x_wconf 84' lang='grc' dir='ltr'>καὶ</span> <span class='ocrx_word' id='word_1_357' title='bbox 1108 3052 1157 3104; x_wconf 77' lang='lat' dir='ltr'><strong><em>oi</em></strong></span> <span class='ocrx_word' id='word_1_358' title='bbox 1193 3052 1381 3116; x_wconf 82' lang='grc' dir='ltr'>παῖδες</span> <span class='ocrx_word' id='word_1_359' title='bbox 1415 3055 1578 3125; x_wconf 78' lang='grc' dir='ltr'>καὶὴ</span> <span class='ocrx_word' id='word_1_360' title='bbox 1630 3055 1789 3126; x_wconf 85' lang='grc' dir='ltr'><em>γυνή.</em></span> <span class='ocrx_word' id='word_1_361' title='bbox 1824 3058 1887 3110; x_wconf 85' lang='grc' dir='ltr'><strong><em>Οἱ</em></strong></span> 
     </span>
    </p>
   </div>
   <div class='ocr_carea' id='block_1_50' title="bbox 305 3138 1886 3213">
    <p class='ocr_par' dir='ltr' id='par_1_50' title="bbox 305 3138 1886 3213">
     <span class='ocr_line' id='line_1_50' title="bbox 305 3138 1886 3213; baseline 0.006 -20"><span class='ocrx_word' id='word_1_362' title='bbox 305 3139 357 3193; x_wconf 77' lang='grc' dir='ltr'>δ’</span> <span class='ocrx_word' id='word_1_363' title='bbox 392 3138 590 3193; x_wconf 81' lang='grc' dir='ltr'>ὕπατοι</span> <span class='ocrx_word' id='word_1_364' title='bbox 623 3141 753 3211; x_wconf 80' lang='grc' dir='ltr'><strong><em>μήτ’</em></strong></span> <span class='ocrx_word' id='word_1_365' title='bbox 788 3141 1044 3195; x_wconf 72' lang='grc' dir='ltr'><strong><em>ἐθέλοντα</em></strong></span> <span class='ocrx_word' id='word_1_366' title='bbox 1079 3147 1411 3213; x_wconf 83' lang='grc' dir='ltr'>καταμεῖναι</span> <span class='ocrx_word' id='word_1_367' title='bbox 1436 3145 1600 3200; x_wconf 78' lang='grc' dir='ltr'>αὑτὸν</span> <span class='ocrx_word' id='word_1_368' title='bbox 1628 3147 1886 3203; x_wconf 70' lang='grc' dir='ltr'>ἐκδώσειν</span> 
     </span>
    </p>
   </div>
   <div class='ocr_carea' id='block_1_51' title="bbox 307 3230 1890 3310">
    <p class='ocr_par' dir='ltr' id='par_1_51' title="bbox 307 3230 1890 3310">
     <span class='ocr_line' id='line_1_51' title="bbox 307 3230 1890 3310; baseline 0.008 -28"><span class='ocrx_word' id='word_1_369' title='bbox 307 3230 549 3299; x_wconf 64' lang='grc' dir='ltr'>ἔφασαν,</span> <span class='ocrx_word' id='word_1_370' title='bbox 591 3231 721 3302; x_wconf 82' lang='grc' dir='ltr'><strong><em>μήτ’</em></strong></span> <span class='ocrx_word' id='word_1_371' title='bbox 746 3232 984 3286; x_wconf 80' lang='grc' dir='ltr'><strong><em>ἀπιόντα</em></strong></span> <span class='ocrx_word' id='word_1_372' title='bbox 1015 3236 1330 3304; x_wconf 81' lang='grc' dir='ltr'><strong><em>κατασχεῖν.</em></strong></span> <span class='ocrx_word' id='word_1_373' title='bbox 1368 3236 1478 3288; x_wconf 82' lang='grc' dir='ltr'><strong><em>Καὶ</em></strong></span> <span class='ocrx_word' id='word_1_374' title='bbox 1515 3236 1658 3292; x_wconf 75' lang='grc' dir='ltr'>οὕτω</span> <span class='ocrx_word' id='word_1_375' title='bbox 1696 3254 1890 3310; x_wconf 83' lang='grc' dir='ltr'>προτι-</span> 
     </span>
    </p>
   </div>
   <div class='ocr_carea' id='block_1_52' title="bbox 311 3320 1891 3400">
    <p class='ocr_par' dir='ltr' id='par_1_52' title="bbox 311 3320 1891 3400">
     <span class='ocr_line' id='line_1_52' title="bbox 311 3320 1891 3400; baseline 0.008 -29"><span class='ocrx_word' id='word_1_376' title='bbox 311 3322 499 3391; x_wconf 75' lang='grc' dir='ltr'>μήσας</span> <span class='ocrx_word' id='word_1_377' title='bbox 531 3320 606 3393; x_wconf 82' lang='grc' dir='ltr'>μὴ</span> <span class='ocrx_word' id='word_1_378' title='bbox 644 3322 960 3394; x_wconf 75' lang='grc' dir='ltr'>παραϐῆναι</span> <span class='ocrx_word' id='word_1_379' title='bbox 986 3325 1114 3385; x_wconf 83' lang='grc' dir='ltr'>τοὺς</span> <span class='ocrx_word' id='word_1_380' title='bbox 1143 3325 1369 3395; x_wconf 81' lang='grc' dir='ltr'>ὅρκους,</span> <span class='ocrx_word' id='word_1_381' title='bbox 1405 3328 1762 3400; x_wconf 77' lang='grc' dir='ltr'><strong><em>ἀνεκομίσθη·</em></strong></span> <span class='ocrx_word' id='word_1_382' title='bbox 1797 3331 1891 3384; x_wconf 75' lang='grc' dir='ltr'>καὶ</span> 
     </span>
    </p>
   </div>
   <div class='ocr_carea' id='block_1_53' title="bbox 308 3414 1886 3489">
    <p class='ocr_par' dir='ltr' id='par_1_53' title="bbox 308 3414 1886 3489">
     <span class='ocr_line' id='line_1_53' title="bbox 308 3414 1886 3489; baseline 0.006 -24"><span class='ocrx_word' id='word_1_383' title='bbox 308 3414 588 3479; x_wconf 77' lang='grc' dir='ltr'>αἰκισθεὶς</span> <span class='ocrx_word' id='word_1_384' title='bbox 623 3414 715 3467; x_wconf 77' lang='grc' dir='ltr'><strong><em>ὑπ’</em></strong></span> <span class='ocrx_word' id='word_1_385' title='bbox 745 3414 948 3479; x_wconf 85' lang='grc' dir='ltr'>αὐτῶν,</span> <span class='ocrx_word' id='word_1_386' title='bbox 979 3416 1056 3478; x_wconf 86' lang='grc' dir='ltr'>ὡς</span> <span class='ocrx_word' id='word_1_387' title='bbox 1104 3417 1137 3486; x_wconf 74' lang='grc' dir='ltr'>ἡ</span> <span class='ocrx_word' id='word_1_388' title='bbox 1189 3417 1348 3489; x_wconf 76' lang='grc' dir='ltr'>φήμη</span> <span class='ocrx_word' id='word_1_389' title='bbox 1411 3417 1581 3487; x_wconf 79' lang='grc' dir='ltr'><strong><em>λέγει,</em></strong></span> <span class='ocrx_word' id='word_1_390' title='bbox 1624 3421 1886 3476; x_wconf 74' lang='grc' dir='ltr'><strong><em>ἀπέθανε.</em></strong></span> 
     </span>
    </p>
   </div>
   <div class='ocr_carea' id='block_1_54' title="bbox 308 3504 1890 3583">
    <p class='ocr_par' dir='ltr' id='par_1_54' title="bbox 308 3504 1890 3583">
     <span class='ocr_line' id='line_1_54' title="bbox 308 3504 1890 3583; baseline 0.006 -25"><span class='ocrx_word' id='word_1_391' title='bbox 308 3504 397 3558; x_wconf 73' lang='grc' dir='ltr'><strong><em>Τὰ</em></strong></span> <span class='ocrx_word' id='word_1_392' title='bbox 430 3505 537 3576; x_wconf 78' lang='grc' dir='ltr'><strong><em>γὰρ</em></strong></span> <span class='ocrx_word' id='word_1_393' title='bbox 585 3504 832 3577; x_wconf 72' lang='grc' dir='ltr'>βλέφαρα</span> <span class='ocrx_word' id='word_1_394' title='bbox 883 3507 1054 3560; x_wconf 82' lang='grc' dir='ltr'>αὐτοῦ</span> <span class='ocrx_word' id='word_1_395' title='bbox 1097 3508 1516 3578; x_wconf 74' lang='grc' dir='ltr'>περιτεμόντες,</span> <span class='ocrx_word' id='word_1_396' title='bbox 1558 3511 1657 3564; x_wconf 75' lang='grc' dir='ltr'>καὶ</span> <span class='ocrx_word' id='word_1_397' title='bbox 1693 3513 1890 3583; x_wconf 86' lang='grc' dir='ltr'>χρόνον</span> 
     </span>
    </p>
   </div>
   <div class='ocr_carea' id='block_1_55' title="bbox 309 3596 1891 3669">
    <p class='ocr_par' dir='ltr' id='par_1_55' title="bbox 309 3596 1891 3669">
     <span class='ocr_line' id='line_1_55' title="bbox 309 3596 1891 3669; baseline 0.008 -20"><span class='ocrx_word' id='word_1_398' title='bbox 309 3596 445 3650; x_wconf 70' lang='grc' dir='ltr'>τινὰ</span> <span class='ocrx_word' id='word_1_399' title='bbox 495 3598 553 3650; x_wconf 73' lang='grc' dir='ltr'><strong><em>ιν</em></strong></span> <span class='ocrx_word' id='word_1_400' title='bbox 604 3598 790 3653; x_wconf 82' lang='grc' dir='ltr'>σκότει</span> <span class='ocrx_word' id='word_1_401' title='bbox 836 3598 1255 3669; x_wconf 79' lang='grc' dir='ltr'>καθείρξαντες,</span> <span class='ocrx_word' id='word_1_402' title='bbox 1292 3596 1415 3656; x_wconf 80' lang='grc' dir='ltr'>εἶτα</span> <span class='ocrx_word' id='word_1_403' title='bbox 1452 3604 1534 3667; x_wconf 79' lang='grc' dir='ltr'>είς</span> <span class='ocrx_word' id='word_1_404' title='bbox 1588 3604 1783 3669; x_wconf 83' lang='grc' dir='ltr'>σκεῦός</span> <span class='ocrx_word' id='word_1_405' title='bbox 1839 3625 1891 3661; x_wconf 87' lang='grc' dir='ltr'><strong><em>τι</em></strong></span> 
     </span>
    </p>
   </div>
   <div class='ocr_carea' id='block_1_56' title="bbox 314 3689 1892 3764">
    <p class='ocr_par' dir='ltr' id='par_1_56' title="bbox 314 3689 1892 3764">
     <span class='ocr_line' id='line_1_56' title="bbox 314 3689 1892 3764; baseline 0.006 -24"><span class='ocrx_word' id='word_1_406' title='bbox 314 3689 644 3759; x_wconf 76' lang='grc' dir='ltr'>σύμπηκτον</span> <span class='ocrx_word' id='word_1_407' title='bbox 677 3689 877 3761; x_wconf 72' lang='grc' dir='ltr'>κέντρα</span> <span class='ocrx_word' id='word_1_408' title='bbox 905 3692 1248 3762; x_wconf 81' lang='grc' dir='ltr'><strong><em>πανταχόθεν</em></strong></span> <span class='ocrx_word' id='word_1_409' title='bbox 1283 3692 1405 3764; x_wconf 73' lang='grc' dir='ltr'>ἔχον</span> <span class='ocrx_word' id='word_1_410' title='bbox 1432 3695 1765 3764; x_wconf 75' lang='grc' dir='ltr'><strong><em>ἐμϐαλόντες</em></strong></span> <span class='ocrx_word' id='word_1_411' title='bbox 1795 3699 1892 3752; x_wconf 80' lang='grc' dir='ltr'><strong><em>αὐ-</em></strong></span> 
     </span>
    </p>
   </div>
   <div class='ocr_carea' id='block_1_57' title="bbox 313 3781 1890 3856">
    <p class='ocr_par' dir='ltr' id='par_1_57' title="bbox 313 3781 1890 3856">
     <span class='ocr_line' id='line_1_57' title="bbox 313 3781 1890 3856; baseline 0.008 -22"><span class='ocrx_word' id='word_1_412' title='bbox 313 3781 429 3848; x_wconf 70' lang='grc' dir='ltr'><strong><em>τὸν,</em></strong></span> <span class='ocrx_word' id='word_1_413' title='bbox 466 3781 560 3835; x_wconf 74' lang='grc' dir='ltr'>καὶ</span> <span class='ocrx_word' id='word_1_414' title='bbox 592 3782 893 3853; x_wconf 71' lang='grc' dir='ltr'><strong><em>τρέψαντες</em></strong></span> <span class='ocrx_word' id='word_1_415' title='bbox 922 3785 1059 3856; x_wconf 85' lang='grc' dir='ltr'>πρὸς</span> <span class='ocrx_word' id='word_1_416' title='bbox 1105 3786 1196 3839; x_wconf 85' lang='grc' dir='ltr'>τὸν</span> <span class='ocrx_word' id='word_1_417' title='bbox 1227 3786 1399 3855; x_wconf 78' lang='grc' dir='ltr'><strong><em>ἥλιον,</em></strong></span> <span class='ocrx_word' id='word_1_418' title='bbox 1436 3786 1613 3853; x_wconf 79' lang='grc' dir='ltr'>οὕτως</span> <span class='ocrx_word' id='word_1_419' title='bbox 1645 3791 1750 3844; x_wconf 80' lang='grc' dir='ltr'><strong><em>ὑπὸ</em></strong></span> <span class='ocrx_word' id='word_1_420' title='bbox 1789 3809 1890 3846; x_wconf 87' lang='grc' dir='ltr'>κα-</span> 
     </span>
    </p>
   </div>
   <div class='ocr_carea' id='block_1_58' title="bbox 310 3874 1891 3954">
    <p class='ocr_par' dir='ltr' id='par_1_58' title="bbox 310 3874 1891 3954">
     <span class='ocr_line' id='line_1_58' title="bbox 310 3874 1891 3954; baseline 0.009 -28"><span class='ocrx_word' id='word_1_421' title='bbox 310 3874 615 3937; x_wconf 79' lang='grc' dir='ltr'>κοπαθείας</span> <span class='ocrx_word' id='word_1_422' title='bbox 644 3874 738 3928; x_wconf 77' lang='grc' dir='ltr'>καὶ</span> <span class='ocrx_word' id='word_1_423' title='bbox 761 3876 1070 3945; x_wconf 80' lang='grc' dir='ltr'><strong><em>ἀγρυπνίας</em></strong></span> <span class='ocrx_word' id='word_1_424' title='bbox 1098 3878 1176 3947; x_wconf 80' lang='grc' dir='ltr'><strong><em>μὴ</em></strong></span> <span class='ocrx_word' id='word_1_425' title='bbox 1203 3878 1505 3950; x_wconf 74' lang='grc' dir='ltr'><strong><em>δυνάμενόν</em></strong></span> <span class='ocrx_word' id='word_1_426' title='bbox 1533 3897 1606 3953; x_wconf 79' lang='grc' dir='ltr'><em>πη</em></span> <span class='ocrx_word' id='word_1_427' title='bbox 1636 3883 1891 3954; x_wconf 80' lang='grc' dir='ltr'><strong><em>κλιθῆναι</em></strong></span> 
     </span>
    </p>
   </div>
   <div class='ocr_carea' id='block_1_59' title="bbox 306 3969 1890 4045">
    <p class='ocr_par' dir='ltr' id='par_1_59' title="bbox 306 3969 1890 4045">
     <span class='ocr_line' id='line_1_59' title="bbox 306 3969 1890 4045; baseline 0.008 -23"><span class='ocrx_word' id='word_1_428' title='bbox 306 3969 406 4022; x_wconf 79' lang='grc' dir='ltr'>διὰ</span> <span class='ocrx_word' id='word_1_429' title='bbox 436 3970 507 4022; x_wconf 81' lang='grc' dir='ltr'>τὰ</span> <span class='ocrx_word' id='word_1_430' title='bbox 555 3970 780 4040; x_wconf 73' lang='grc' dir='ltr'>κέντρα,</span> <span class='ocrx_word' id='word_1_431' title='bbox 828 3969 1162 4042; x_wconf 80' lang='grc' dir='ltr'>διέφθειραν.</span> <span class='ocrx_word' id='word_1_432' title='bbox 1200 3974 1263 4027; x_wconf 78' lang='lat' dir='ltr'><strong><em>‘A</em></strong></span> <span class='ocrx_word' id='word_1_433' title='bbox 1325 3973 1619 4045; x_wconf 81' lang='grc' dir='ltr'><em>πυθόμενοι</em></span> <span class='ocrx_word' id='word_1_434' title='bbox 1658 3978 1711 4031; x_wconf 84' lang='grc' dir='ltr'><strong><em>οἱ</em></strong></span> <span class='ocrx_word' id='word_1_435' title='bbox 1754 3977 1890 4035; x_wconf 79' lang='grc' dir='ltr'><strong><em>Ῥω-</em></strong></span> 
     </span>
    </p>
   </div>
   <div class='ocr_carea' id='block_1_60' title="bbox 308 4062 1891 4141">
    <p class='ocr_par' dir='ltr' id='par_1_60' title="bbox 308 4062 1891 4141">
     <span class='ocr_line' id='line_1_60' title="bbox 308 4062 1891 4141; baseline 0.008 -27"><span class='ocrx_word' id='word_1_436' title='bbox 308 4067 472 4133; x_wconf 72' lang='grc' dir='ltr'>μαῖοι</span> <span class='ocrx_word' id='word_1_437' title='bbox 501 4062 638 4134; x_wconf 67' lang='lat'><strong><em>(22),</em></strong></span> <span class='ocrx_word' id='word_1_438' title='bbox 661 4066 786 4127; x_wconf 84' lang='grc' dir='ltr'>τοὺς</span> <span class='ocrx_word' id='word_1_439' title='bbox 815 4062 1065 4130; x_wconf 79' lang='grc' dir='ltr'><em>πρώτους</em></span> <span class='ocrx_word' id='word_1_440' title='bbox 1093 4064 1203 4119; x_wconf 82' lang='grc' dir='ltr'><strong><em>τῶν</em></strong></span> <span class='ocrx_word' id='word_1_441' title='bbox 1227 4068 1356 4137; x_wconf 88' lang='grc' dir='ltr'>παρ’</span> <span class='ocrx_word' id='word_1_442' title='bbox 1384 4069 1569 4133; x_wconf 83' lang='grc' dir='ltr'>αὐτοῖς</span> <span class='ocrx_word' id='word_1_443' title='bbox 1603 4072 1891 4141; x_wconf 80' lang='grc' dir='ltr'><strong><em>αἰχμαλώ-</em></strong></span> 
     </span>
    </p>
   </div>
   <div class='ocr_carea' id='block_1_61' title="bbox 310 4160 1893 4231">
    <p class='ocr_par' dir='ltr' id='par_1_61' title="bbox 310 4160 1893 4231">
     <span class='ocr_line' id='line_1_61' title="bbox 310 4160 1893 4231; baseline 0.002 -16"><span class='ocrx_word' id='word_1_444' title='bbox 310 4179 428 4215; x_wconf 84' lang='grc' dir='ltr'>των</span> <span class='ocrx_word' id='word_1_445' title='bbox 478 4160 788 4231; x_wconf 74' lang='grc' dir='ltr'>παρέδοσαν</span> <span class='ocrx_word' id='word_1_446' title='bbox 834 4162 947 4222; x_wconf 85' lang='grc' dir='ltr'>τοῖς</span> <span class='ocrx_word' id='word_1_447' title='bbox 982 4160 1194 4215; x_wconf 78' lang='grc' dir='ltr'>ἐκείνου</span> <span class='ocrx_word' id='word_1_448' title='bbox 1240 4162 1401 4216; x_wconf 74' lang='grc' dir='ltr'>παισὶ</span> <span class='ocrx_word' id='word_1_449' title='bbox 1439 4165 1533 4217; x_wconf 78' lang='grc' dir='ltr'><strong><em>καὶ</em></strong></span> <span class='ocrx_word' id='word_1_450' title='bbox 1578 4163 1893 4218; x_wconf 80' lang='grc' dir='ltr'>ἀνταικίσα-</span> 
     </span>
    </p>
   </div>
   <div class='ocr_carea' id='block_1_62' title="bbox 313 4253 1891 4327">
    <p class='ocr_par' dir='ltr' id='par_1_62' title="bbox 313 4253 1891 4327">
     <span class='ocr_line' id='line_1_62' title="bbox 313 4253 1891 4327; baseline 0.002 -20"><span class='ocrx_word' id='word_1_451' title='bbox 313 4254 467 4316; x_wconf 82' lang='grc' dir='ltr'>σθαι,</span> <span class='ocrx_word' id='word_1_452' title='bbox 519 4253 614 4307; x_wconf 78' lang='grc' dir='ltr'>καὶ</span> <span class='ocrx_word' id='word_1_453' title='bbox 660 4253 1104 4309; x_wconf 73' lang='grc' dir='ltr'><strong><em>ἀνταποκτεῖναι.</em></strong></span> <span class='ocrx_word' id='word_1_454' title='bbox 1156 4253 1295 4316; x_wconf 73' lang='grc' dir='ltr'><strong><em>Τοὺς</em></strong></span> <span class='ocrx_word' id='word_1_455' title='bbox 1327 4254 1374 4308; x_wconf 82' lang='grc' dir='ltr'>δ’</span> <span class='ocrx_word' id='word_1_456' title='bbox 1403 4254 1642 4319; x_wconf 79' lang='grc' dir='ltr'><strong><em>ὑπάτους</em></strong></span> <span class='ocrx_word' id='word_1_457' title='bbox 1690 4258 1749 4319; x_wconf 66' lang='grc' dir='ltr'><strong><em>ἐς</em></strong></span> <span class='ocrx_word' id='word_1_458' title='bbox 1791 4258 1891 4327; x_wconf 82' lang='grc' dir='ltr'>τὴν</span> 
     </span>
    </p>
   </div>
   <div class='ocr_carea' id='block_1_63' title="bbox 310 4334 1892 4414">
    <p class='ocr_par' dir='ltr' id='par_1_63' title="bbox 310 4334 1892 4414">
     <span class='ocr_line' id='line_1_63' title="bbox 310 4334 1892 4414; baseline 0.001 -14"><span class='ocrx_word' id='word_1_459' title='bbox 310 4343 528 4413; x_wconf 76' lang='grc' dir='ltr'>Διϐύην</span> <span class='ocrx_word' id='word_1_460' title='bbox 573 4342 1016 4413; x_wconf 75' lang='grc' dir='ltr'>στρατεύσασθαι</span> <span class='ocrx_word' id='word_1_461' title='bbox 1075 4344 1429 4414; x_wconf 75' lang='grc' dir='ltr'>ἐψηφίσαντο,</span> <span class='ocrx_word' id='word_1_462' title='bbox 1479 4334 1570 4399; x_wconf 73' lang='grc' dir='ltr'><em>τόν</em></span> <span class='ocrx_word' id='word_1_463' title='bbox 1618 4363 1677 4399; x_wconf 88' lang='grc' dir='ltr'>τε</span> <span class='ocrx_word' id='word_1_464' title='bbox 1733 4347 1892 4401; x_wconf 78' lang='grc' dir='ltr'><strong><em>Γάϊον</em></strong></span> 
     </span>
    </p>
   </div>
   <div class='ocr_carea' id='block_1_64' title="bbox 1992 1853 3567 1917">
    <p class='ocr_par' dir='ltr' id='par_1_64' title="bbox 1992 1853 3567 1917">
     <span class='ocr_line' id='line_1_64' title="bbox 1992 1853 3567 1917; baseline 0.009 -15"><span class='ocrx_word' id='word_1_465' title='bbox 1992 1857 2185 1917; x_wconf 82' lang='lat' dir='ltr'><strong><em>parato</em></strong></span> <span class='ocrx_word' id='word_1_466' title='bbox 2227 1866 2243 1907; x_wconf 90' lang='lat'><strong>:</strong></span> <span class='ocrx_word' id='word_1_467' title='bbox 2284 1866 2353 1905; x_wconf 90' lang='lat' dir='ltr'><strong><em>ne</em></strong></span> <span class='ocrx_word' id='word_1_468' title='bbox 2400 1866 2430 1905; x_wconf 90' lang='lat' dir='ltr'><strong><em>a</em></strong></span> <span class='ocrx_word' id='word_1_469' title='bbox 2473 1853 2681 1908; x_wconf 81' lang='lat' dir='ltr'><strong><em>ratione</em></strong></span> <span class='ocrx_word' id='word_1_470' title='bbox 2710 1854 2960 1911; x_wconf 89' lang='lat' dir='ltr'><strong><em>utilitatis</em></strong></span> <span class='ocrx_word' id='word_1_471' title='bbox 2999 1872 3096 1911; x_wconf 85' lang='lat' dir='ltr'><strong><em>sua</em></strong></span> <span class='ocrx_word' id='word_1_472' title='bbox 3123 1873 3285 1914; x_wconf 88' lang='lat' dir='ltr'><strong><em>causa</em></strong></span> <span class='ocrx_word' id='word_1_473' title='bbox 3332 1861 3567 1917; x_wconf 78' lang='lat' dir='ltr'><strong><em>decede-</em></strong></span> 
     </span>
    </p>
   </div>
   <div class='ocr_carea' id='block_1_65' title="bbox 1991 1942 3563 2020">
    <p class='ocr_par' dir='ltr' id='par_1_65' title="bbox 1991 1942 3563 2020">
     <span class='ocr_line' id='line_1_65' title="bbox 1991 1942 3563 2020; baseline 0.011 -29"><span class='ocrx_word' id='word_1_474' title='bbox 1991 1948 2133 1998; x_wconf 88' lang='lat' dir='ltr'><strong><em>rent.</em></strong></span> <span class='ocrx_word' id='word_1_475' title='bbox 2165 1956 2438 1995; x_wconf 79' lang='lat' dir='ltr'><strong><em>venenum</em></strong></span> <span class='ocrx_word' id='word_1_476' title='bbox 2460 1942 2560 1997; x_wconf 84' lang='lat' dir='ltr'><strong><em>sibi</em></strong></span> <span class='ocrx_word' id='word_1_477' title='bbox 2582 1944 2768 1999; x_wconf 66' lang='lat' dir='ltr'><strong><em>datum</em></strong></span> <span class='ocrx_word' id='word_1_478' title='bbox 2797 1961 2921 2002; x_wconf 86' lang='lat' dir='ltr'><strong><em>esse</em></strong></span> <span class='ocrx_word' id='word_1_479' title='bbox 2953 1946 3209 2015; x_wconf 78' lang='lat' dir='ltr'><strong><em>ilnxit,ex</em></strong></span> <span class='ocrx_word' id='word_1_480' title='bbox 3240 1966 3349 2020; x_wconf 89' lang='lat' dir='ltr'><strong><em>quo</em></strong></span> <span class='ocrx_word' id='word_1_481' title='bbox 3379 1952 3563 2007; x_wconf 81' lang='lat' dir='ltr'><strong><em>omui-</em></strong></span> 
     </span>
    </p>
   </div>
   <div class='ocr_carea' id='block_1_66' title="bbox 1988 2033 3569 2115">
    <p class='ocr_par' dir='ltr' id='par_1_66' title="bbox 1988 2033 3569 2115">
     <span class='ocr_line' id='line_1_66' title="bbox 1988 2033 3569 2115; baseline 0.01 -33"><span class='ocrx_word' id='word_1_482' title='bbox 1988 2045 2060 2083; x_wconf 88' lang='lat' dir='ltr'><strong><em>no</em></strong></span> <span class='ocrx_word' id='word_1_483' title='bbox 2102 2033 2380 2101; x_wconf 88' lang='lat' dir='ltr'><strong><em>periturus</em></strong></span> <span class='ocrx_word' id='word_1_484' title='bbox 2423 2046 2586 2089; x_wconf 88' lang='lat' dir='ltr'><strong><em>esset.</em></strong></span> <span class='ocrx_word' id='word_1_485' title='bbox 2634 2036 2709 2090; x_wconf 88' lang='lat' dir='ltr'><strong><em>Ita</em></strong></span> <span class='ocrx_word' id='word_1_486' title='bbox 2752 2055 2929 2108; x_wconf 87' lang='lat' dir='ltr'><strong><em>neque</em></strong></span> <span class='ocrx_word' id='word_1_487' title='bbox 2982 2056 3118 2110; x_wconf 88' lang='lat' dir='ltr'><strong><em>pace</em></strong></span> <span class='ocrx_word' id='word_1_488' title='bbox 3176 2058 3359 2113; x_wconf 89' lang='lat' dir='ltr'><strong><em>neque</em></strong></span> <span class='ocrx_word' id='word_1_489' title='bbox 3394 2048 3569 2115; x_wconf 86' lang='lat' dir='ltr'><strong><em>capti-</em></strong></span> 
     </span>
    </p>
   </div>
   <div class='ocr_carea' id='block_1_67' title="bbox 1994 2127 3566 2207">
    <p class='ocr_par' dir='ltr' id='par_1_67' title="bbox 1994 2127 3566 2207">
     <span class='ocr_line' id='line_1_67' title="bbox 1994 2127 3566 2207; baseline 0.01 -32"><span class='ocrx_word' id='word_1_490' title='bbox 1994 2138 2186 2175; x_wconf 86' lang='lat' dir='ltr'><strong><em>vorum</em></strong></span> <span class='ocrx_word' id='word_1_491' title='bbox 2224 2127 2629 2194; x_wconf 83' lang='lat' dir='ltr'><strong><em>permutatione</em></strong></span> <span class='ocrx_word' id='word_1_492' title='bbox 2681 2129 2819 2181; x_wconf 81' lang='lat' dir='ltr'><strong><em>facta</em></strong></span> <span class='ocrx_word' id='word_1_493' title='bbox 2845 2170 2860 2193; x_wconf 88' lang='lat'><strong><em>,</em></strong></span> <span class='ocrx_word' id='word_1_494' title='bbox 2901 2145 3025 2185; x_wconf 83' lang='lat' dir='ltr'><strong><em>cum</em></strong></span> <span class='ocrx_word' id='word_1_495' title='bbox 3054 2147 3181 2187; x_wconf 90' lang='lat' dir='ltr'><strong><em>eum</em></strong></span> <span class='ocrx_word' id='word_1_496' title='bbox 3220 2149 3344 2188; x_wconf 90' lang='lat' dir='ltr'><strong><em>cum</em></strong></span> <span class='ocrx_word' id='word_1_497' title='bbox 3373 2134 3566 2207; x_wconf 81' lang='lat' dir='ltr'><strong><em>legatis</em></strong></span> 
     </span>
    </p>
   </div>
   <div class='ocr_carea' id='block_1_68' title="bbox 1992 2211 3565 2287">
    <p class='ocr_par' dir='ltr' id='par_1_68' title="bbox 1992 2211 3565 2287">
     <span class='ocr_line' id='line_1_68' title="bbox 1992 2211 3565 2287; baseline 0.013 -22"><span class='ocrx_word' id='word_1_498' title='bbox 1992 2211 2311 2280; x_wconf 73' lang='lat' dir='ltr'><strong><em>abeuntem,</em></strong></span> <span class='ocrx_word' id='word_1_499' title='bbox 2354 2225 2557 2284; x_wconf 69' lang='lat' dir='ltr'><strong><em>praeter</em></strong></span> <span class='ocrx_word' id='word_1_500' title='bbox 2597 2218 2734 2272; x_wconf 89' lang='lat' dir='ltr'><strong><em>alios</em></strong></span> <span class='ocrx_word' id='word_1_501' title='bbox 2768 2236 2905 2273; x_wconf 77' lang='lat' dir='ltr'><strong><em>uxor</em></strong></span> <span class='ocrx_word' id='word_1_502' title='bbox 2935 2229 2991 2274; x_wconf 91' lang='lat' dir='ltr'><strong><em>et</em></strong></span> <span class='ocrx_word' id='word_1_503' title='bbox 3019 2223 3179 2277; x_wconf 91' lang='lat' dir='ltr'><strong><em>liberi</em></strong></span> <span class='ocrx_word' id='word_1_504' title='bbox 3215 2226 3516 2282; x_wconf 86' lang='lat' dir='ltr'><strong><em>retinerent</em></strong></span> <span class='ocrx_word' id='word_1_505' title='bbox 3548 2246 3565 2287; x_wconf 89' lang='lat'><strong>:</strong></span> 
     </span>
    </p>
   </div>
   <div class='ocr_carea' id='block_1_69' title="bbox 1990 2308 3567 2389">
    <p class='ocr_par' dir='ltr' id='par_1_69' title="bbox 1990 2308 3567 2389">
     <span class='ocr_line' id='line_1_69' title="bbox 1990 2308 3567 2389; baseline 0.01 -31"><span class='ocrx_word' id='word_1_506' title='bbox 1990 2308 2247 2361; x_wconf 84' lang='lat' dir='ltr'><strong><em>consules</em></strong></span> <span class='ocrx_word' id='word_1_507' title='bbox 2278 2321 2454 2375; x_wconf 85' lang='lat' dir='ltr'><strong><em>neque</em></strong></span> <span class='ocrx_word' id='word_1_508' title='bbox 2496 2324 2718 2365; x_wconf 87' lang='lat' dir='ltr'><strong><em>manere</em></strong></span> <span class='ocrx_word' id='word_1_509' title='bbox 2753 2312 3022 2366; x_wconf 86' lang='lat' dir='ltr'><strong><em>volentem</em></strong></span> <span class='ocrx_word' id='word_1_510' title='bbox 3052 2313 3356 2380; x_wconf 85' lang='lat' dir='ltr'><strong><em>dedituros.</em></strong></span> <span class='ocrx_word' id='word_1_511' title='bbox 3388 2335 3567 2389; x_wconf 73' lang='lat' dir='ltr'><strong><em>neque</em></strong></span> 
     </span>
    </p>
   </div>
   <div class='ocr_carea' id='block_1_70' title="bbox 1991 2398 3566 2480">
    <p class='ocr_par' dir='ltr' id='par_1_70' title="bbox 1991 2398 3566 2480">
     <span class='ocr_line' id='line_1_70' title="bbox 1991 2398 3566 2480; baseline 0.008 -29"><span class='ocrx_word' id='word_1_512' title='bbox 1991 2398 2267 2452; x_wconf 83' lang='lat' dir='ltr'><strong><em>abiturum</em></strong></span> <span class='ocrx_word' id='word_1_513' title='bbox 2326 2399 2655 2456; x_wconf 87' lang='lat' dir='ltr'><strong><em>detenluros</em></strong></span> <span class='ocrx_word' id='word_1_514' title='bbox 2702 2418 2823 2458; x_wconf 86' lang='lat' dir='ltr'><strong><em>esse</em></strong></span> <span class='ocrx_word' id='word_1_515' title='bbox 2877 2403 3150 2472; x_wconf 78' lang='lat' dir='ltr'><strong><em>dicerent,</em></strong></span> <span class='ocrx_word' id='word_1_516' title='bbox 3199 2408 3566 2480; x_wconf 69' lang='lat' dir='ltr'><strong><em>jurisjuranci</em></strong></span> 
     </span>
    </p>
   </div>
   <div class='ocr_carea' id='block_1_71' title="bbox 1991 2485 3568 2562">
    <p class='ocr_par' dir='ltr' id='par_1_71' title="bbox 1991 2485 3568 2562">
     <span class='ocr_line' id='line_1_71' title="bbox 1991 2485 3568 2562; baseline 0.008 -25"><span class='ocrx_word' id='word_1_517' title='bbox 1991 2485 2256 2555; x_wconf 74' lang='lat' dir='ltr'><strong><em>religitme</em></strong></span> <span class='ocrx_word' id='word_1_518' title='bbox 2284 2488 2513 2556; x_wconf 74' lang='lat' dir='ltr'><strong><em>privatis</em></strong></span> <span class='ocrx_word' id='word_1_519' title='bbox 2535 2490 2826 2545; x_wconf 80' lang='lat' dir='ltr'><strong><em>aﬂ‘eetibus</em></strong></span> <span class='ocrx_word' id='word_1_520' title='bbox 2846 2493 3178 2562; x_wconf 82' lang='lat' dir='ltr'><strong><em>anteposita,</em></strong></span> <span class='ocrx_word' id='word_1_521' title='bbox 3201 2495 3473 2551; x_wconf 80' lang='lat' dir='ltr'><strong><em>discessit.</em></strong></span> <span class='ocrx_word' id='word_1_522' title='bbox 3499 2497 3568 2551; x_wconf 69' lang='lat' dir='ltr'><strong><em>lit</em></strong></span> 
     </span>
    </p>
   </div>
   <div class='ocr_carea' id='block_1_72' title="bbox 1989 2574 3566 2651">
    <p class='ocr_par' dir='ltr' id='par_1_72' title="bbox 1989 2574 3566 2651">
     <span class='ocr_line' id='line_1_72' title="bbox 1989 2574 3566 2651; baseline 0.008 -23"><span class='ocrx_word' id='word_1_523' title='bbox 1989 2574 2590 2648; x_wconf 82' lang='lat' dir='ltr'><strong><em>aCarthaginiensibus</em></strong></span> <span class='ocrx_word' id='word_1_524' title='bbox 2622 2596 2723 2651; x_wconf 90' lang='lat' dir='ltr'><strong><em>per</em></strong></span> <span class='ocrx_word' id='word_1_525' title='bbox 2744 2584 3073 2648; x_wconf 86' lang='lat' dir='ltr'><strong><em>cruciatum,</em></strong></span> <span class='ocrx_word' id='word_1_526' title='bbox 3104 2595 3164 2639; x_wconf 90' lang='lat' dir='ltr'><strong><em>ut</em></strong></span> <span class='ocrx_word' id='word_1_527' title='bbox 3186 2586 3364 2650; x_wconf 87' lang='lat' dir='ltr'><strong><em>aiunt,</em></strong></span> <span class='ocrx_word' id='word_1_528' title='bbox 3393 2587 3566 2642; x_wconf 86' lang='lat' dir='ltr'><strong><em>inter-</em></strong></span> 
     </span>
    </p>
   </div>
   <div class='ocr_carea' id='block_1_73' title="bbox 1991 2664 3569 2747">
    <p class='ocr_par' dir='ltr' id='par_1_73' title="bbox 1991 2664 3569 2747">
     <span class='ocr_line' id='line_1_73' title="bbox 1991 2664 3569 2747; baseline 0.01 -30"><span class='ocrx_word' id='word_1_529' title='bbox 1991 2664 2168 2720; x_wconf 82' lang='lat' dir='ltr'><strong><em>fectus</em></strong></span> <span class='ocrx_word' id='word_1_530' title='bbox 2209 2676 2313 2721; x_wconf 88' lang='lat' dir='ltr'><strong><em>est.</em></strong></span> <span class='ocrx_word' id='word_1_531' title='bbox 2358 2668 2494 2722; x_wconf 83' lang='lat' dir='ltr'><strong><em>Nam</em></strong></span> <span class='ocrx_word' id='word_1_532' title='bbox 2524 2671 2803 2739; x_wconf 78' lang='lat' dir='ltr'><strong><em>palpebris</em></strong></span> <span class='ocrx_word' id='word_1_533' title='bbox 2831 2672 3100 2741; x_wconf 65' lang='lat' dir='ltr'><strong><em>price-isis,</em></strong></span> <span class='ocrx_word' id='word_1_534' title='bbox 3146 2692 3272 2728; x_wconf 78' lang='lat' dir='ltr'><strong><em>etuu</em></strong></span> <span class='ocrx_word' id='word_1_535' title='bbox 3313 2676 3569 2747; x_wconf 80' lang='lat' dir='ltr'><strong><em>aliquau-</em></strong></span> 
     </span>
    </p>
   </div>
   <div class='ocr_carea' id='block_1_74' title="bbox 1992 2758 3568 2842">
    <p class='ocr_par' dir='ltr' id='par_1_74' title="bbox 1992 2758 3568 2842">
     <span class='ocr_line' id='line_1_74' title="bbox 1992 2758 3568 2842; baseline 0.011 -31"><span class='ocrx_word' id='word_1_536' title='bbox 1992 2758 2085 2811; x_wconf 90' lang='lat' dir='ltr'><strong><em>diu</em></strong></span> <span class='ocrx_word' id='word_1_537' title='bbox 2120 2760 2171 2812; x_wconf 90' lang='lat' dir='ltr'><strong><em>in</em></strong></span> <span class='ocrx_word' id='word_1_538' title='bbox 2200 2761 2441 2816; x_wconf 85' lang='lat' dir='ltr'><strong><em>tenebris</em></strong></span> <span class='ocrx_word' id='word_1_539' title='bbox 2468 2764 2885 2820; x_wconf 90' lang='lat' dir='ltr'><strong><em>concluseruut.</em></strong></span> <span class='ocrx_word' id='word_1_540' title='bbox 2937 2766 3141 2823; x_wconf 88' lang='lat' dir='ltr'><strong><em>Deinde</em></strong></span> <span class='ocrx_word' id='word_1_541' title='bbox 3183 2770 3234 2823; x_wconf 91' lang='lat' dir='ltr'><strong><em>in</em></strong></span> <span class='ocrx_word' id='word_1_542' title='bbox 3270 2787 3361 2825; x_wconf 82' lang='lat' dir='ltr'><strong><em>vas</em></strong></span> <span class='ocrx_word' id='word_1_543' title='bbox 3390 2778 3568 2842; x_wconf 82' lang='lat' dir='ltr'><strong><em>quod-</em></strong></span> 
     </span>
    </p>
   </div>
   <div class='ocr_carea' id='block_1_75' title="bbox 1991 2848 3565 2928">
    <p class='ocr_par' dir='ltr' id='par_1_75' title="bbox 1991 2848 3565 2928">
     <span class='ocr_line' id='line_1_75' title="bbox 1991 2848 3565 2928; baseline 0.011 -26"><span class='ocrx_word' id='word_1_544' title='bbox 1991 2848 2116 2903; x_wconf 85' lang='lat' dir='ltr'><strong><em>dam</em></strong></span> <span class='ocrx_word' id='word_1_545' title='bbox 2164 2851 2424 2906; x_wconf 78' lang='lat' dir='ltr'><strong><em>rel‘ertum</em></strong></span> <span class='ocrx_word' id='word_1_546' title='bbox 2475 2854 2715 2910; x_wconf 87' lang='lat' dir='ltr'><strong><em>stimulis</em></strong></span> <span class='ocrx_word' id='word_1_547' title='bbox 2757 2859 3106 2928; x_wconf 86' lang='lat' dir='ltr'><strong><em>conjectum,</em></strong></span> <span class='ocrx_word' id='word_1_548' title='bbox 3164 2871 3220 2917; x_wconf 90' lang='lat' dir='ltr'><strong><em>et</em></strong></span> <span class='ocrx_word' id='word_1_549' title='bbox 3276 2864 3343 2917; x_wconf 85' lang='lat' dir='ltr'><strong><em>ad</em></strong></span> <span class='ocrx_word' id='word_1_550' title='bbox 3392 2867 3565 2920; x_wconf 87' lang='lat' dir='ltr'><strong><em>solem</em></strong></span> 
     </span>
    </p>
   </div>
   <div class='ocr_carea' id='block_1_76' title="bbox 1992 2944 3568 3026">
    <p class='ocr_par' dir='ltr' id='par_1_76' title="bbox 1992 2944 3568 3026">
     <span class='ocr_line' id='line_1_76' title="bbox 1992 2944 3568 3026; baseline 0.011 -32"><span class='ocrx_word' id='word_1_551' title='bbox 1992 2955 2341 3008; x_wconf 85' lang='lat' dir='ltr'><strong><em>conversum,</em></strong></span> <span class='ocrx_word' id='word_1_552' title='bbox 2375 2944 2660 3002; x_wconf 86' lang='lat' dir='ltr'><strong><em>doloribus</em></strong></span> <span class='ocrx_word' id='word_1_553' title='bbox 2681 2959 2736 3004; x_wconf 88' lang='lat' dir='ltr'><strong><em>et</em></strong></span> <span class='ocrx_word' id='word_1_554' title='bbox 2768 2950 2987 3021; x_wconf 76' lang='lat' dir='ltr'><strong><em>vigiliis,</em></strong></span> <span class='ocrx_word' id='word_1_555' title='bbox 3019 2968 3142 3007; x_wconf 89' lang='lat' dir='ltr'><strong><em>cum</em></strong></span> <span class='ocrx_word' id='word_1_556' title='bbox 3178 2971 3445 3026; x_wconf 85' lang='lat' dir='ltr'><strong><em>nusquam</em></strong></span> <span class='ocrx_word' id='word_1_557' title='bbox 3480 2959 3568 3011; x_wconf 83' lang='lat' dir='ltr'><strong><em>in-</em></strong></span> 
     </span>
    </p>
   </div>
   <div class='ocr_carea' id='block_1_77' title="bbox 1993 3032 3569 3111">
    <p class='ocr_par' dir='ltr' id='par_1_77' title="bbox 1993 3032 3569 3111">
     <span class='ocr_line' id='line_1_77' title="bbox 1993 3032 3569 3111; baseline 0.011 -24"><span class='ocrx_word' id='word_1_558' title='bbox 1993 3032 2199 3088; x_wconf 84' lang='lat' dir='ltr'><strong><em>clinare</em></strong></span> <span class='ocrx_word' id='word_1_559' title='bbox 2233 3051 2292 3090; x_wconf 87' lang='lat' dir='ltr'><strong><em>se</em></strong></span> <span class='ocrx_word' id='word_1_560' title='bbox 2318 3049 2525 3106; x_wconf 87' lang='lat' dir='ltr'><strong><em>posset,</em></strong></span> <span class='ocrx_word' id='word_1_561' title='bbox 2564 3054 2942 3110; x_wconf 82' lang='lat' dir='ltr'><strong><em>peremerunt.</em></strong></span> <span class='ocrx_word' id='word_1_562' title='bbox 2972 3046 3183 3111; x_wconf 83' lang='lat' dir='ltr'><strong><em>Quibus</em></strong></span> <span class='ocrx_word' id='word_1_563' title='bbox 3210 3048 3441 3104; x_wconf 80' lang='lat' dir='ltr'><strong><em>Romani</em></strong></span> <span class='ocrx_word' id='word_1_564' title='bbox 3472 3067 3569 3105; x_wconf 84' lang='lat' dir='ltr'><strong><em>au-</em></strong></span> 
     </span>
    </p>
   </div>
   <div class='ocr_carea' id='block_1_78' title="bbox 1990 3124 3570 3207">
    <p class='ocr_par' dir='ltr' id='par_1_78' title="bbox 1990 3124 3570 3207">
     <span class='ocr_line' id='line_1_78' title="bbox 1990 3124 3570 3207; baseline 0.012 -29"><span class='ocrx_word' id='word_1_565' title='bbox 1990 3124 2138 3185; x_wconf 88' lang='lat' dir='ltr'><strong><em>ditis,</em></strong></span> <span class='ocrx_word' id='word_1_566' title='bbox 2168 3128 2446 3199; x_wconf 86' lang='lat' dir='ltr'><strong><em>principes</em></strong></span> <span class='ocrx_word' id='word_1_567' title='bbox 2492 3133 2832 3201; x_wconf 88' lang='lat' dir='ltr'><strong><em>captivorum</em></strong></span> <span class='ocrx_word' id='word_1_568' title='bbox 2881 3137 2999 3207; x_wconf 86' lang='lat' dir='ltr'><strong><em>ejus</em></strong></span> <span class='ocrx_word' id='word_1_569' title='bbox 3024 3138 3210 3194; x_wconf 84' lang='lat' dir='ltr'><strong><em>liberis</em></strong></span> <span class='ocrx_word' id='word_1_570' title='bbox 3240 3142 3480 3196; x_wconf 81' lang='lat' dir='ltr'><strong><em>vicissim</em></strong></span> <span class='ocrx_word' id='word_1_571' title='bbox 3512 3151 3570 3198; x_wconf 78' lang='lat' dir='ltr'><strong><em>et</em></strong></span> 
     </span>
    </p>
   </div>
   <div class='ocr_carea' id='block_1_79' title="bbox 1990 3220 3566 3301">
    <p class='ocr_par' dir='ltr' id='par_1_79' title="bbox 1990 3220 3566 3301">
     <span class='ocr_line' id='line_1_79' title="bbox 1990 3220 3566 3301; baseline 0.013 -29"><span class='ocrx_word' id='word_1_572' title='bbox 1990 3220 2389 3301; x_wconf 79' lang='lat' dir='ltr'><strong><em>excruciandos</em></strong></span> <span class='ocrx_word' id='word_1_573' title='bbox 2424 3236 2476 3279; x_wconf 87' lang='lat' dir='ltr'><strong><em>et</em></strong></span> <span class='ocrx_word' id='word_1_574' title='bbox 2503 3227 2782 3281; x_wconf 87' lang='lat' dir='ltr'><strong><em>necandos</em></strong></span> <span class='ocrx_word' id='word_1_575' title='bbox 2819 3230 3208 3289; x_wconf 78' lang='lat' dir='ltr'><strong><em>tradiderunt:</em></strong></span> <span class='ocrx_word' id='word_1_576' title='bbox 3243 3245 3299 3288; x_wconf 88' lang='lat' dir='ltr'><strong><em>et</em></strong></span> <span class='ocrx_word' id='word_1_577' title='bbox 3324 3250 3467 3291; x_wconf 88' lang='lat' dir='ltr'><strong><em>coss.</em></strong></span> <span class='ocrx_word' id='word_1_578' title='bbox 3500 3235 3566 3291; x_wconf 87' lang='lat' dir='ltr'><strong><em>C.</em></strong></span> 
     </span>
    </p>
   </div>
   <div class='ocr_carea' id='block_1_80' title="bbox 1991 3311 3567 3387">
    <p class='ocr_par' dir='ltr' id='par_1_80' title="bbox 1991 3311 3567 3387">
     <span class='ocr_line' id='line_1_80' title="bbox 1991 3311 3567 3387; baseline 0.01 -22"><span class='ocrx_word' id='word_1_579' title='bbox 1991 3311 2203 3378; x_wconf 78' lang='lat' dir='ltr'><strong><em>Attilio,</em></strong></span> <span class='ocrx_word' id='word_1_580' title='bbox 2240 3316 2432 3387; x_wconf 82' lang='lat' dir='ltr'><strong><em>Reguli</em></strong></span> <span class='ocrx_word' id='word_1_581' title='bbox 2464 3317 2640 3384; x_wconf 87' lang='lat' dir='ltr'><strong><em>lratri,</em></strong></span> <span class='ocrx_word' id='word_1_582' title='bbox 2675 3329 2732 3375; x_wconf 85' lang='lat' dir='ltr'><strong><em>et</em></strong></span> <span class='ocrx_word' id='word_1_583' title='bbox 2764 3319 2830 3375; x_wconf 92' lang='lat' dir='ltr'><strong><em>L.</em></strong></span> <span class='ocrx_word' id='word_1_584' title='bbox 2863 3322 3085 3386; x_wconf 84' lang='lat' dir='ltr'><strong><em>Manlio,</em></strong></span> <span class='ocrx_word' id='word_1_585' title='bbox 3123 3326 3324 3378; x_wconf 81' lang='lat' dir='ltr'><strong><em>lellum</em></strong></span> <span class='ocrx_word' id='word_1_586' title='bbox 3355 3326 3567 3380; x_wconf 76' lang='lat' dir='ltr'><strong><em>Africa-</em></strong></span> 
     </span>
    </p>
   </div>
   <div class='ocr_carea' id='block_1_81' title="bbox 1994 3408 3567 3491">
    <p class='ocr_par' dir='ltr' id='par_1_81' title="bbox 1994 3408 3567 3491">
     <span class='ocr_line' id='line_1_81' title="bbox 1994 3408 3567 3491; baseline 0.008 -30"><span class='ocrx_word' id='word_1_587' title='bbox 1994 3421 2124 3461; x_wconf 90' lang='lat' dir='ltr'><strong><em>num</em></strong></span> <span class='ocrx_word' id='word_1_588' title='bbox 2177 3408 2566 3467; x_wconf 87' lang='lat' dir='ltr'><strong><em>decreverunt.</em></strong></span> <span class='ocrx_word' id='word_1_589' title='bbox 2616 3414 2879 3479; x_wconf 89' lang='lat' dir='ltr'><strong><em>Quicum</em></strong></span> <span class='ocrx_word' id='word_1_590' title='bbox 2928 3417 2981 3470; x_wconf 92' lang='lat' dir='ltr'><strong><em>in</em></strong></span> <span class='ocrx_word' id='word_1_591' title='bbox 3035 3415 3223 3472; x_wconf 87' lang='lat' dir='ltr'><strong><em>Sicilia</em></strong></span> <span class='ocrx_word' id='word_1_592' title='bbox 3270 3418 3567 3491; x_wconf 66' lang='lat' dir='ltr'><strong><em>Lilybaeum</em></strong></span> 
     </span>
    </p>
   </div>
   <div class='ocr_carea' id='block_1_82' title="bbox 1991 3504 3569 3576">
    <p class='ocr_par' dir='ltr' id='par_1_82' title="bbox 1991 3504 3569 3576">
     <span class='ocr_line' id='line_1_82' title="bbox 1991 3504 3569 3576; baseline 0.011 -25"><span class='ocrx_word' id='word_1_593' title='bbox 1991 3510 2414 3570; x_wconf 81' lang='lat' dir='ltr'><strong><em>oppugnarent,</em></strong></span> <span class='ocrx_word' id='word_1_594' title='bbox 2452 3515 2504 3558; x_wconf 91' lang='lat' dir='ltr'><strong><em>et</em></strong></span> <span class='ocrx_word' id='word_1_595' title='bbox 2533 3504 2693 3560; x_wconf 77' lang='lat' dir='ltr'><strong><em>fossa:</em></strong></span> <span class='ocrx_word' id='word_1_596' title='bbox 2728 3517 2938 3576; x_wconf 83' lang='lat' dir='ltr'><strong><em>partem</em></strong></span> <span class='ocrx_word' id='word_1_597' title='bbox 2969 3509 3037 3563; x_wconf 85' lang='lat' dir='ltr'><strong><em>ad</em></strong></span> <span class='ocrx_word' id='word_1_598' title='bbox 3071 3512 3358 3572; x_wconf 83' lang='lat' dir='ltr'><strong><em>machinas</em></strong></span> <span class='ocrx_word' id='word_1_599' title='bbox 3390 3516 3569 3568; x_wconf 86' lang='lat' dir='ltr'><strong><em>addu-</em></strong></span> 
     </span>
    </p>
   </div>
   <div class='ocr_carea' id='block_1_83' title="bbox 1992 3593 3567 3676">
    <p class='ocr_par' dir='ltr' id='par_1_83' title="bbox 1992 3593 3567 3676">
     <span class='ocr_line' id='line_1_83' title="bbox 1992 3593 3567 3676; baseline 0.01 -31"><span class='ocrx_word' id='word_1_600' title='bbox 1992 3593 2196 3647; x_wconf 88' lang='lat' dir='ltr'><strong><em>cendas</em></strong></span> <span class='ocrx_word' id='word_1_601' title='bbox 2258 3597 2481 3665; x_wconf 82' lang='lat' dir='ltr'><strong><em>explere</em></strong></span> <span class='ocrx_word' id='word_1_602' title='bbox 2533 3600 2773 3668; x_wconf 78' lang='lat' dir='ltr'><strong><em>aggressi</em></strong></span> <span class='ocrx_word' id='word_1_603' title='bbox 2820 3610 3028 3667; x_wconf 77' lang='lat' dir='ltr'><strong><em>essent,</em></strong></span> <span class='ocrx_word' id='word_1_604' title='bbox 3082 3603 3567 3676; x_wconf 79' lang='lat' dir='ltr'><strong><em>Carthaginienses</em></strong></span> 
     </span>
    </p>
   </div>
   <div class='ocr_carea' id='block_1_84' title="bbox 1992 3674 3565 3751">
    <p class='ocr_par' dir='ltr' id='par_1_84' title="bbox 1992 3674 3565 3751">
     <span class='ocr_line' id='line_1_84' title="bbox 1992 3674 3565 3751; baseline 0.008 -13"><span class='ocrx_word' id='word_1_605' title='bbox 1992 3685 2460 3742; x_wconf 81' lang='lat' dir='ltr'><strong><em>subterl’odientes</em></strong></span> <span class='ocrx_word' id='word_1_606' title='bbox 2510 3674 2709 3743; x_wconf 85' lang='lat' dir='ltr'><strong><em>terram</em></strong></span> <span class='ocrx_word' id='word_1_607' title='bbox 2763 3694 3155 3748; x_wconf 80' lang='lat' dir='ltr'><strong><em>subtraxeruut</em></strong></span> <span class='ocrx_word' id='word_1_608' title='bbox 3197 3711 3215 3750; x_wconf 86' lang='lat'><strong>:</strong></span> <span class='ocrx_word' id='word_1_609' title='bbox 3267 3674 3362 3750; x_wconf 79' lang='lat' dir='ltr'><strong><em>sed</em></strong></span> <span class='ocrx_word' id='word_1_610' title='bbox 3438 3713 3565 3751; x_wconf 89' lang='lat' dir='ltr'><strong><em>cu.u</em></strong></span> 
     </span>
    </p>
   </div>
   <div class='ocr_carea' id='block_1_85' title="bbox 1993 3780 3566 3847">
    <p class='ocr_par' dir='ltr' id='par_1_85' title="bbox 1993 3780 3566 3847">
     <span class='ocr_line' id='line_1_85' title="bbox 1993 3780 3566 3847; baseline 0.01 -17"><span class='ocrx_word' id='word_1_611' title='bbox 1993 3792 2285 3847; x_wconf 86' lang='lat' dir='ltr'><strong><em>operarum</em></strong></span> <span class='ocrx_word' id='word_1_612' title='bbox 2322 3780 2678 3836; x_wconf 86' lang='lat' dir='ltr'><strong><em>multitudine</em></strong></span> <span class='ocrx_word' id='word_1_613' title='bbox 2727 3783 3099 3846; x_wconf 78' lang='lat' dir='ltr'><strong><em>vincerentur,</em></strong></span> <span class='ocrx_word' id='word_1_614' title='bbox 3133 3786 3302 3841; x_wconf 89' lang='lat' dir='ltr'><strong><em>alium</em></strong></span> <span class='ocrx_word' id='word_1_615' title='bbox 3346 3804 3566 3847; x_wconf 85' lang='lat' dir='ltr'><strong><em>murum</em></strong></span> 
     </span>
    </p>
   </div>
   <div class='ocr_carea' id='block_1_86' title="bbox 1995 3872 3571 3939">
    <p class='ocr_par' dir='ltr' id='par_1_86' title="bbox 1995 3872 3571 3939">
     <span class='ocr_line' id='line_1_86' title="bbox 1995 3872 3571 3939; baseline 0.008 -12"><span class='ocrx_word' id='word_1_616' title='bbox 1995 3872 2146 3927; x_wconf 89' lang='lat' dir='ltr'><strong><em>intus</em></strong></span> <span class='ocrx_word' id='word_1_617' title='bbox 2190 3873 2439 3927; x_wconf 83' lang='lat' dir='ltr'><strong><em>lunatum</em></strong></span> <span class='ocrx_word' id='word_1_618' title='bbox 2492 3884 2836 3930; x_wconf 78' lang='lat' dir='ltr'><strong><em>struxerunt.</em></strong></span> <span class='ocrx_word' id='word_1_619' title='bbox 2886 3879 3151 3934; x_wconf 83' lang='lat' dir='ltr'><strong><em>Romanis</em></strong></span> <span class='ocrx_word' id='word_1_620' title='bbox 3193 3891 3379 3937; x_wconf 83' lang='lat' dir='ltr'><strong><em>autem</em></strong></span> <span class='ocrx_word' id='word_1_621' title='bbox 3411 3888 3571 3939; x_wconf 88' lang='lat' dir='ltr'><strong><em>cuni-</em></strong></span> 
     </span>
    </p>
   </div>
   <div class='ocr_carea' id='block_1_87' title="bbox 1995 3963 3571 4036">
    <p class='ocr_par' dir='ltr' id='par_1_87' title="bbox 1995 3963 3571 4036">
     <span class='ocr_line' id='line_1_87' title="bbox 1995 3963 3571 4036; baseline 0.009 -19"><span class='ocrx_word' id='word_1_622' title='bbox 1995 3963 2150 4018; x_wconf 89' lang='lat' dir='ltr'><strong><em>culos</em></strong></span> <span class='ocrx_word' id='word_1_623' title='bbox 2197 3964 2389 4018; x_wconf 88' lang='lat' dir='ltr'><strong><em>subter</em></strong></span> <span class='ocrx_word' id='word_1_624' title='bbox 2418 3980 2610 4019; x_wconf 90' lang='lat' dir='ltr'><strong><em>muros</em></strong></span> <span class='ocrx_word' id='word_1_625' title='bbox 2649 3968 2971 4036; x_wconf 77' lang='lat' dir='ltr'><strong><em>egentibus,</em></strong></span> <span class='ocrx_word' id='word_1_626' title='bbox 3010 3980 3068 4024; x_wconf 90' lang='lat' dir='ltr'><strong><em>ut</em></strong></span> <span class='ocrx_word' id='word_1_627' title='bbox 3106 3970 3174 4025; x_wconf 89' lang='lat' dir='ltr'><strong><em>iis</em></strong></span> <span class='ocrx_word' id='word_1_628' title='bbox 3214 3973 3267 4025; x_wconf 90' lang='lat' dir='ltr'><strong><em>in</em></strong></span> <span class='ocrx_word' id='word_1_629' title='bbox 3305 3990 3571 4031; x_wconf 83' lang='lat' dir='ltr'><strong><em>cavernas</em></strong></span> 
     </span>
    </p>
   </div>
   <div class='ocr_carea' id='block_1_88' title="bbox 1995 4054 3569 4132">
    <p class='ocr_par' dir='ltr' id='par_1_88' title="bbox 1995 4054 3569 4132">
     <span class='ocr_line' id='line_1_88' title="bbox 1995 4054 3569 4132; baseline 0.01 -24"><span class='ocrx_word' id='word_1_630' title='bbox 1995 4054 2411 4117; x_wconf 87' lang='lat' dir='ltr'><strong><em>desidentibus,</em></strong></span> <span class='ocrx_word' id='word_1_631' title='bbox 2458 4056 2785 4112; x_wconf 88' lang='lat' dir='ltr'><strong><em>irruerent:</em></strong></span> <span class='ocrx_word' id='word_1_632' title='bbox 2844 4057 3326 4132; x_wconf 78' lang='lat' dir='ltr'><strong><em>Carthaginienses</em></strong></span> <span class='ocrx_word' id='word_1_633' title='bbox 3372 4078 3569 4123; x_wconf 82' lang='lat' dir='ltr'><strong><em>contra</em></strong></span> 
     </span>
    </p>
   </div>
   <div class='ocr_carea' id='block_1_89' title="bbox 1993 4136 3563 4226">
    <p class='ocr_par' dir='ltr' id='par_1_89' title="bbox 1993 4136 3563 4226">
     <span class='ocr_line' id='line_1_89' title="bbox 1993 4136 3563 4226; baseline 0.009 -26"><span class='ocrx_word' id='word_1_634' title='bbox 1993 4145 2294 4214; x_wconf 83' lang='lat' dir='ltr'><strong><em>fodientes,</em></strong></span> <span class='ocrx_word' id='word_1_635' title='bbox 2324 4136 2530 4203; x_wconf 83' lang='lat' dir='ltr'><strong><em>multos</em></strong></span> <span class='ocrx_word' id='word_1_636' title='bbox 2560 4150 2612 4205; x_wconf 90' lang='lat' dir='ltr'><strong><em>id</em></strong></span> <span class='ocrx_word' id='word_1_637' title='bbox 2651 4151 2968 4221; x_wconf 76' lang='lat' dir='ltr'><strong><em>ignorantes</em></strong></span> <span class='ocrx_word' id='word_1_638' title='bbox 3017 4166 3273 4226; x_wconf 66' lang='lat' dir='ltr'><strong><em>exceptos</em></strong></span> <span class='ocrx_word' id='word_1_639' title='bbox 3320 4160 3563 4214; x_wconf 88' lang='lat' dir='ltr'><strong><em>trucida—</em></strong></span> 
     </span>
    </p>
   </div>
   <div class='ocr_carea' id='block_1_90' title="bbox 1995 4241 3568 4316">
    <p class='ocr_par' dir='ltr' id='par_1_90' title="bbox 1995 4241 3568 4316">
     <span class='ocr_line' id='line_1_90' title="bbox 1995 4241 3568 4316; baseline 0.009 -24"><span class='ocrx_word' id='word_1_640' title='bbox 1995 4250 2146 4302; x_wconf 87' lang='lat' dir='ltr'><strong><em>runt,</em></strong></span> <span class='ocrx_word' id='word_1_641' title='bbox 2198 4241 2400 4295; x_wconf 88' lang='lat' dir='ltr'><strong><em>multos</em></strong></span> <span class='ocrx_word' id='word_1_642' title='bbox 2431 4241 2542 4311; x_wconf 76' lang='lat' dir='ltr'><strong><em>igni</em></strong></span> <span class='ocrx_word' id='word_1_643' title='bbox 2594 4244 2889 4298; x_wconf 86' lang='lat' dir='ltr'><strong><em>sarmentis</em></strong></span> <span class='ocrx_word' id='word_1_644' title='bbox 2919 4243 3122 4316; x_wconf 86' lang='lat' dir='ltr'><strong><em>injecto</em></strong></span> <span class='ocrx_word' id='word_1_645' title='bbox 3165 4247 3220 4301; x_wconf 89' lang='lat' dir='ltr'><strong><em>in</em></strong></span> <span class='ocrx_word' id='word_1_646' title='bbox 3254 4248 3417 4304; x_wconf 75' lang='lat' dir='ltr'><strong><em>fossis</em></strong></span> <span class='ocrx_word' id='word_1_647' title='bbox 3445 4268 3568 4307; x_wconf 88' lang='lat' dir='ltr'><strong><em>cre-</em></strong></span> 
     </span>
    </p>
   </div>
   <div class='ocr_carea' id='block_1_91' title="bbox 1993 4332 3566 4406">
    <p class='ocr_par' dir='ltr' id='par_1_91' title="bbox 1993 4332 3566 4406">
     <span class='ocr_line' id='line_1_91' title="bbox 1993 4332 3566 4406; baseline 0.009 -21"><span class='ocrx_word' id='word_1_648' title='bbox 1993 4344 2233 4387; x_wconf 83' lang='lat' dir='ltr'><strong><em>marunt.</em></strong></span> <span class='ocrx_word' id='word_1_649' title='bbox 2261 4332 2367 4388; x_wconf 88' lang='lat' dir='ltr'><strong><em>Sed</em></strong></span> <span class='ocrx_word' id='word_1_650' title='bbox 2392 4349 2518 4388; x_wconf 92' lang='lat' dir='ltr'><strong><em>cum</em></strong></span> <span class='ocrx_word' id='word_1_651' title='bbox 2548 4336 2771 4406; x_wconf 87' lang='lat' dir='ltr'><strong><em>quidam</em></strong></span> <span class='ocrx_word' id='word_1_652' title='bbox 2808 4352 2838 4391; x_wconf 91' lang='lat' dir='ltr'><strong><em>e</em></strong></span> <span class='ocrx_word' id='word_1_653' title='bbox 2877 4338 3047 4393; x_wconf 88' lang='lat' dir='ltr'><strong><em>sociis</em></strong></span> <span class='ocrx_word' id='word_1_654' title='bbox 3075 4354 3285 4394; x_wconf 82' lang='lat' dir='ltr'><strong><em>moram</em></strong></span> <span class='ocrx_word' id='word_1_655' title='bbox 3316 4344 3566 4399; x_wconf 83' lang='lat' dir='ltr'><strong><em>obsidio-</em></strong></span> 
     </span>
    </p>
   </div>
   <div class='ocr_carea' id='block_1_92' title="bbox 325 4426 1889 4508">
    <p class='ocr_par' dir='ltr' id='par_1_92' title="bbox 325 4438 1889 4508">
     <span class='ocr_line' id='line_1_92' title="bbox 325 4438 1889 4508; baseline 0.001 -14"><span class='ocrx_word' id='word_1_656' title='bbox 325 4438 596 4494; x_wconf 82' lang='grc' dir='ltr'>’Δττὶλιον</span> <span class='ocrx_word' id='word_1_657' title='bbox 626 4439 715 4495; x_wconf 76' lang='grc' dir='ltr'>τὸν</span> <span class='ocrx_word' id='word_1_658' title='bbox 746 4438 841 4497; x_wconf 82' lang='grc' dir='ltr'>τοῦ</span> <span class='ocrx_word' id='word_1_659' title='bbox 883 4439 1186 4508; x_wconf 74' lang='grc' dir='ltr'><strong><em>Ῥηγούλου</em></strong></span> <span class='ocrx_word' id='word_1_660' title='bbox 1210 4439 1458 4506; x_wconf 71' lang='grc' dir='ltr'><strong><em>ἀδελφὸν,</em></strong></span> <span class='ocrx_word' id='word_1_661' title='bbox 1493 4441 1587 4493; x_wconf 68' lang='grc' dir='ltr'>καὶ</span> <span class='ocrx_word' id='word_1_662' title='bbox 1613 4440 1705 4494; x_wconf 75' lang='grc' dir='ltr'>τὸν</span> <span class='ocrx_word' id='word_1_663' title='bbox 1736 4442 1889 4496; x_wconf 81' lang='grc' dir='ltr'><strong>Μάλ-</strong></span> 
     </span>
    </p>
   </div>
   <div class='ocr_carea' id='block_1_93' title="bbox 1992 4426 3569 4508">
    <p class='ocr_par' dir='ltr' id='par_1_93' title="bbox 1996 4426 3569 4507">
     <span class='ocr_line' id='line_1_93' title="bbox 1996 4426 3569 4507; baseline 0.01 -28"><span class='ocrx_word' id='word_1_664' title='bbox 1996 4426 2114 4490; x_wconf 89' lang='lat' dir='ltr'><strong><em>nis,</em></strong></span> <span class='ocrx_word' id='word_1_665' title='bbox 2162 4434 2219 4479; x_wconf 86' lang='lat' dir='ltr'><strong><em>et</em></strong></span> <span class='ocrx_word' id='word_1_666' title='bbox 2252 4426 2525 4497; x_wconf 88' lang='lat' dir='ltr'><strong><em>stipendia</em></strong></span> <span class='ocrx_word' id='word_1_667' title='bbox 2570 4443 2683 4482; x_wconf 88' lang='lat' dir='ltr'><strong><em>non</em></strong></span> <span class='ocrx_word' id='word_1_668' title='bbox 2717 4429 2927 4501; x_wconf 77' lang='lat' dir='ltr'><strong><em>integra</em></strong></span> <span class='ocrx_word' id='word_1_669' title='bbox 2973 4444 3257 4488; x_wconf 86' lang='lat' dir='ltr'><strong><em>numerata</em></strong></span> <span class='ocrx_word' id='word_1_670' title='bbox 3298 4450 3439 4507; x_wconf 61' lang='lat' dir='ltr'><strong><em>{egre</em></strong></span> <span class='ocrx_word' id='word_1_671' title='bbox 3487 4440 3569 4495; x_wconf 76' lang='lat' dir='ltr'><strong><em>ie—</em></strong></span> 
     </span>
    </p>
   </div>
   <div class='ocr_carea' id='block_1_94' title="bbox 308 4531 1889 4606">
    <p class='ocr_par' dir='ltr' id='par_1_94' title="bbox 308 4531 1889 4606">
     <span class='ocr_line' id='line_1_94' title="bbox 308 4531 1889 4606; baseline 0.001 -20"><span class='ocrx_word' id='word_1_672' title='bbox 308 4532 433 4586; x_wconf 85' lang='grc' dir='ltr'><em>λιον</em></span> <span class='ocrx_word' id='word_1_673' title='bbox 474 4532 569 4586; x_wconf 81' lang='grc' dir='ltr'><strong><em>τὸν</em></strong></span> <span class='ocrx_word' id='word_1_674' title='bbox 609 4531 861 4587; x_wconf 76' lang='grc' dir='ltr'><strong><em>Λούκιον.</em></strong></span> <span class='ocrx_word' id='word_1_675' title='bbox 894 4531 960 4586; x_wconf 77' lang='grc' dir='ltr'><strong><em>Οἳ</em></strong></span> <span class='ocrx_word' id='word_1_676' title='bbox 994 4534 1051 4596; x_wconf 66' lang='grc' dir='ltr'><strong><em>ἐς</em></strong></span> <span class='ocrx_word' id='word_1_677' title='bbox 1081 4532 1180 4602; x_wconf 84' lang='grc' dir='ltr'><strong><em>τὴν</em></strong></span> <span class='ocrx_word' id='word_1_678' title='bbox 1222 4532 1471 4586; x_wconf 78' lang='grc' dir='ltr'>Σικελίαν</span> <span class='ocrx_word' id='word_1_679' title='bbox 1514 4532 1760 4597; x_wconf 76' lang='grc' dir='ltr'><strong><em>ἐλθόντες</em></strong></span> <span class='ocrx_word' id='word_1_680' title='bbox 1809 4535 1889 4606; x_wconf 80' lang='grc' dir='ltr'>τῷ</span> 
     </span>
    </p>
   </div>
   <div class='ocr_carea' id='block_1_95' title="bbox 311 4621 1886 4698">
    <p class='ocr_par' dir='ltr' id='par_1_95' title="bbox 311 4621 1886 4698">
     <span class='ocr_line' id='line_1_95' title="bbox 311 4621 1886 4698; baseline 0.002 -21"><span class='ocrx_word' id='word_1_681' title='bbox 311 4621 596 4695; x_wconf 73' lang='grc' dir='ltr'>Λιλυϐαίῳ</span> <span class='ocrx_word' id='word_1_682' title='bbox 648 4622 1008 4693; x_wconf 75' lang='grc' dir='ltr'><strong><em>προσέϐαλον,</em></strong></span> <span class='ocrx_word' id='word_1_683' title='bbox 1056 4623 1149 4677; x_wconf 90' lang='grc' dir='ltr'><strong><em>καί</em></strong></span> <span class='ocrx_word' id='word_1_684' title='bbox 1201 4640 1254 4676; x_wconf 87' lang='grc' dir='ltr'><strong><em>τι</em></strong></span> <span class='ocrx_word' id='word_1_685' title='bbox 1313 4622 1479 4695; x_wconf 76' lang='grc' dir='ltr'>μέρος</span> <span class='ocrx_word' id='word_1_686' title='bbox 1525 4624 1627 4695; x_wconf 83' lang='grc' dir='ltr'>τῆς</span> <span class='ocrx_word' id='word_1_687' title='bbox 1674 4627 1886 4698; x_wconf 82' lang='grc' dir='ltr'>τάφρου</span> 
     </span>
    </p>
   </div>
   <div class='ocr_carea' id='block_1_96' title="bbox 313 4715 1890 4791">
    <p class='ocr_par' dir='ltr' id='par_1_96' title="bbox 313 4715 1890 4791">
     <span class='ocr_line' id='line_1_96' title="bbox 313 4715 1890 4791; baseline 0 -20"><span class='ocrx_word' id='word_1_688' title='bbox 313 4717 605 4787; x_wconf 85' lang='grc' dir='ltr'>συγχῶσαι</span> <span class='ocrx_word' id='word_1_689' title='bbox 642 4718 721 4781; x_wconf 74' lang='grc' dir='ltr'><strong><em>τίς</em></strong></span> <span class='ocrx_word' id='word_1_690' title='bbox 757 4716 855 4788; x_wconf 78' lang='grc' dir='ltr'>τὴν</span> <span class='ocrx_word' id='word_1_691' title='bbox 911 4715 1021 4769; x_wconf 81' lang='grc' dir='ltr'><strong><em>τῶν</em></strong></span> <span class='ocrx_word' id='word_1_692' title='bbox 1073 4717 1484 4786; x_wconf 77' lang='grc' dir='ltr'>μηχανημάτων</span> <span class='ocrx_word' id='word_1_693' title='bbox 1520 4722 1890 4791; x_wconf 83' lang='grc' dir='ltr'>προσαγωγὴν</span> 
     </span>
    </p>
   </div>
   <div class='ocr_carea' id='block_1_97' title="bbox 312 4809 1886 4883">
    <p class='ocr_par' dir='ltr' id='par_1_97' title="bbox 312 4809 1886 4883">
     <span class='ocr_line' id='line_1_97' title="bbox 312 4809 1886 4883; baseline 0 -17"><span class='ocrx_word' id='word_1_694' title='bbox 312 4814 705 4883; x_wconf 73' lang='grc' dir='ltr'>ιπεχείρησαν.</span> <span class='ocrx_word' id='word_1_695' title='bbox 766 4810 879 4865; x_wconf 78' lang='grc' dir='ltr'><strong><em>Καὶ</em></strong></span> <span class='ocrx_word' id='word_1_696' title='bbox 933 4812 984 4863; x_wconf 81' lang='grc' dir='ltr'><strong><em>οἱ</em></strong></span> <span class='ocrx_word' id='word_1_697' title='bbox 1041 4809 1399 4880; x_wconf 80' lang='grc' dir='ltr'>Καρχηδόνιοι</span> <span class='ocrx_word' id='word_1_698' title='bbox 1462 4811 1886 4881; x_wconf 73' lang='grc' dir='ltr'>ὑπορύσσοντες,</span> 
     </span>
    </p>
   </div>
   <div class='ocr_carea' id='block_1_98' title="bbox 310 4900 1888 4977">
    <p class='ocr_par' dir='ltr' id='par_1_98' title="bbox 310 4900 1888 4977">
     <span class='ocr_line' id='line_1_98' title="bbox 310 4900 1888 4977; baseline -0.002 -16"><span class='ocrx_word' id='word_1_699' title='bbox 310 4908 412 4961; x_wconf 77' lang='grc' dir='ltr'>τὸν</span> <span class='ocrx_word' id='word_1_700' title='bbox 435 4905 565 4977; x_wconf 79' lang='grc' dir='ltr'>χοῦν</span> <span class='ocrx_word' id='word_1_701' title='bbox 595 4904 870 4974; x_wconf 75' lang='grc' dir='ltr'>ὑφεῖλκον.</span> <span class='ocrx_word' id='word_1_702' title='bbox 910 4902 1068 4956; x_wconf 80' lang='grc' dir='ltr'><strong><em>Ἐπεὶ</em></strong></span> <span class='ocrx_word' id='word_1_703' title='bbox 1096 4900 1142 4955; x_wconf 86' lang='grc' dir='ltr'>δ’</span> <span class='ocrx_word' id='word_1_704' title='bbox 1163 4900 1494 4972; x_wconf 76' lang='grc' dir='ltr'>ἠλαττοῦντο</span> <span class='ocrx_word' id='word_1_705' title='bbox 1536 4905 1600 4973; x_wconf 80' lang='grc' dir='ltr'>τῇ</span> <span class='ocrx_word' id='word_1_706' title='bbox 1634 4902 1888 4973; x_wconf 81' lang='grc' dir='ltr'><strong><em>πολυχει-</em></strong></span> 
     </span>
    </p>
   </div>
   <div class='ocr_carea' id='block_1_99' title="bbox 316 4994 1887 5075">
    <p class='ocr_par' dir='ltr' id='par_1_99' title="bbox 316 4994 1887 5075">
     <span class='ocr_line' id='line_1_99' title="bbox 316 4994 1887 5075; baseline -0.002 -21"><span class='ocrx_word' id='word_1_707' title='bbox 316 5004 435 5075; x_wconf 77' lang='grc' dir='ltr'>ρίᾳ.</span> <span class='ocrx_word' id='word_1_708' title='bbox 454 5002 631 5072; x_wconf 83' lang='grc' dir='ltr'>τεῖχος</span> <span class='ocrx_word' id='word_1_709' title='bbox 656 5000 847 5070; x_wconf 67' lang='grc' dir='ltr'>ἕτερον</span> <span class='ocrx_word' id='word_1_710' title='bbox 879 4997 1029 5052; x_wconf 72' lang='grc' dir='ltr'>ἔνδον</span> <span class='ocrx_word' id='word_1_711' title='bbox 1058 4995 1340 5067; x_wconf 80' lang='grc' dir='ltr'>μηνοειδὲς</span> <span class='ocrx_word' id='word_1_712' title='bbox 1369 4994 1746 5067; x_wconf 81' lang='grc' dir='ltr'>ᾠκοδόμησαν.</span> <span class='ocrx_word' id='word_1_713' title='bbox 1778 4998 1887 5051; x_wconf 81' lang='grc' dir='ltr'><strong><em>Καὶ</em></strong></span> 
     </span>
    </p>
   </div>
   <div class='ocr_carea' id='block_1_100' title="bbox 313 5085 1888 5163">
    <p class='ocr_par' dir='ltr' id='par_1_100' title="bbox 313 5085 1888 5163">
     <span class='ocr_line' id='line_1_100' title="bbox 313 5085 1888 5163; baseline -0.004 -16"><span class='ocrx_word' id='word_1_714' title='bbox 313 5095 368 5147; x_wconf 84' lang='grc' dir='ltr'>οι</span> <span class='ocrx_word' id='word_1_715' title='bbox 400 5092 501 5163; x_wconf 80' lang='grc' dir='ltr'><strong><em>μὲν</em></strong></span> <span class='ocrx_word' id='word_1_716' title='bbox 531 5092 837 5161; x_wconf 72' lang='grc' dir='ltr'><em>ὑπονόμους</em></span> <span class='ocrx_word' id='word_1_717' title='bbox 865 5088 972 5143; x_wconf 78' lang='grc' dir='ltr'><strong><em>ὑπὸ</em></strong></span> <span class='ocrx_word' id='word_1_718' title='bbox 1001 5086 1090 5140; x_wconf 82' lang='grc' dir='ltr'><strong><em>τὸν</em></strong></span> <span class='ocrx_word' id='word_1_719' title='bbox 1125 5086 1324 5140; x_wconf 84' lang='grc' dir='ltr'>κύκλον</span> <span class='ocrx_word' id='word_1_720' title='bbox 1370 5085 1709 5155; x_wconf 75' lang='grc' dir='ltr'>ιίργάζοντο,</span> <span class='ocrx_word' id='word_1_721' title='bbox 1738 5087 1888 5151; x_wconf 81' lang='grc' dir='ltr'><strong><em>ὅπως</em></strong></span> 
     </span>
    </p>
   </div>
   <div class='ocr_carea' id='block_1_101' title="bbox 314 5176 1886 5249">
    <p class='ocr_par' dir='ltr' id='par_1_101' title="bbox 314 5176 1886 5249">
     <span class='ocr_line' id='line_1_101' title="bbox 314 5176 1886 5249; baseline -0.007 -9"><span class='ocrx_word' id='word_1_722' title='bbox 314 5184 467 5240; x_wconf 80' lang='grc' dir='ltr'>κατὰ</span> <span class='ocrx_word' id='word_1_723' title='bbox 519 5184 583 5237; x_wconf 81' lang='grc' dir='ltr'>τὸ</span> <span class='ocrx_word' id='word_1_724' title='bbox 637 5183 888 5237; x_wconf 73' lang='grc' dir='ltr'>διάκενον</span> <span class='ocrx_word' id='word_1_725' title='bbox 940 5180 1119 5233; x_wconf 79' lang='grc' dir='ltr'>αὐτῶν</span> <span class='ocrx_word' id='word_1_726' title='bbox 1154 5176 1440 5249; x_wconf 76' lang='grc' dir='ltr'>ίζήσαντος</span> <span class='ocrx_word' id='word_1_727' title='bbox 1500 5177 1593 5230; x_wconf 80' lang='grc' dir='ltr'><strong><em>τοῦ</em></strong></span> <span class='ocrx_word' id='word_1_728' title='bbox 1653 5179 1886 5249; x_wconf 83' lang='grc' dir='ltr'><strong><em>τείχους,</em></strong></span> 
     </span>
    </p>
   </div>
   <div class='ocr_carea' id='block_1_102' title="bbox 310 5268 1888 5343">
    <p class='ocr_par' dir='ltr' id='par_1_102' title="bbox 310 5268 1888 5343">
     <span class='ocr_line' id='line_1_102' title="bbox 310 5268 1888 5343; baseline -0.006 -10"><span class='ocrx_word' id='word_1_729' title='bbox 310 5278 667 5334; x_wconf 61' lang='lat' dir='ltr'><strong><em>standumst».</em></strong></span> <span class='ocrx_word' id='word_1_730' title='bbox 695 5277 759 5329; x_wconf 83' lang='grc' dir='ltr'><strong>Οἱ</strong></span> <span class='ocrx_word' id='word_1_731' title='bbox 800 5272 1160 5343; x_wconf 70' lang='grc' dir='ltr'>Καρχηδόνιοι</span> <span class='ocrx_word' id='word_1_732' title='bbox 1190 5271 1246 5324; x_wconf 75' lang='grc' dir='ltr'>δὲ</span> <span class='ocrx_word' id='word_1_733' title='bbox 1280 5268 1731 5341; x_wconf 79' lang='grc' dir='ltr'>ἀντορύσσοντες,</span> <span class='ocrx_word' id='word_1_734' title='bbox 1760 5272 1888 5324; x_wconf 84' lang='grc' dir='ltr'><em>πολ-</em></span> 
     </span>
    </p>
   </div>
   <div class='ocr_carea' id='block_1_103' title="bbox 310 5362 1889 5442">
    <p class='ocr_par' dir='ltr' id='par_1_103' title="bbox 310 5362 1889 5442">
     <span class='ocr_line' id='line_1_103' title="bbox 310 5362 1889 5442; baseline -0.005 -19"><span class='ocrx_word' id='word_1_735' title='bbox 310 5371 453 5435; x_wconf 74' lang='grc' dir='ltr'><strong><em>λοὺς</em></strong></span> <span class='ocrx_word' id='word_1_736' title='bbox 515 5371 614 5442; x_wconf 78' lang='grc' dir='ltr'><strong><em>μὲν</em></strong></span> <span class='ocrx_word' id='word_1_737' title='bbox 677 5367 1010 5439; x_wconf 80' lang='grc' dir='ltr'>ἀγνοοῦντας</span> <span class='ocrx_word' id='word_1_738' title='bbox 1077 5364 1138 5417; x_wconf 81' lang='grc' dir='ltr'><strong><em>τὸ</em></strong></span> <span class='ocrx_word' id='word_1_739' title='bbox 1199 5363 1482 5434; x_wconf 71' lang='grc' dir='ltr'>γινόμενον</span> <span class='ocrx_word' id='word_1_740' title='bbox 1544 5362 1889 5433; x_wconf 78' lang='grc' dir='ltr'>ἐκδεχόμενοι</span> 
     </span>
    </p>
   </div>
   <div class='ocr_carea' id='block_1_104' title="bbox 312 5452 1892 5531">
    <p class='ocr_par' dir='ltr' id='par_1_104' title="bbox 312 5452 1892 5531">
     <span class='ocr_line' id='line_1_104' title="bbox 312 5452 1892 5531; baseline -0.008 -13"><span class='ocrx_word' id='word_1_741' title='bbox 312 5462 582 5531; x_wconf 77' lang='grc' dir='ltr'>ικτεινον,</span> <span class='ocrx_word' id='word_1_742' title='bbox 613 5460 838 5524; x_wconf 79' lang='grc' dir='ltr'><strong><em>πολλοὺς</em></strong></span> <span class='ocrx_word' id='word_1_743' title='bbox 868 5459 927 5513; x_wconf 86' lang='grc' dir='ltr'>δὲ</span> <span class='ocrx_word' id='word_1_744' title='bbox 958 5463 1052 5512; x_wconf 74' lang='grc' dir='ltr'>καὶ</span> <span class='ocrx_word' id='word_1_745' title='bbox 1078 5455 1201 5528; x_wconf 74' lang='grc' dir='ltr'>πῦρ.</span> <span class='ocrx_word' id='word_1_746' title='bbox 1235 5458 1295 5510; x_wconf 78' lang='grc' dir='ltr'><em>ἐν</em></span> <span class='ocrx_word' id='word_1_747' title='bbox 1347 5455 1653 5527; x_wconf 37' lang='grc' dir='ltr'>φρυγάνοις.</span> <span class='ocrx_word' id='word_1_748' title='bbox 1697 5454 1779 5517; x_wconf 84' lang='grc' dir='ltr'>είς</span> <span class='ocrx_word' id='word_1_749' title='bbox 1821 5452 1892 5506; x_wconf 79' lang='grc' dir='ltr'>τὰ</span> 
     </span>
    </p>
   </div>
   <div class='ocr_carea' id='block_1_105' title="bbox 1998 4520 3566 4600">
    <p class='ocr_par' dir='ltr' id='par_1_105' title="bbox 1998 4520 3566 4600">
     <span class='ocr_line' id='line_1_105' title="bbox 1998 4520 3566 4600; baseline 0.008 -25"><span class='ocrx_word' id='word_1_750' title='bbox 1998 4530 2204 4582; x_wconf 73' lang='lat' dir='ltr'><strong><em>rentes,</em></strong></span> <span class='ocrx_word' id='word_1_751' title='bbox 2234 4520 2311 4575; x_wconf 64' lang='lat' dir='ltr'><strong><em>de‘</em></strong></span> <span class='ocrx_word' id='word_1_752' title='bbox 2327 4521 2530 4590; x_wconf 89' lang='lat' dir='ltr'><strong><em>oppido</em></strong></span> <span class='ocrx_word' id='word_1_753' title='bbox 2552 4522 2838 4592; x_wconf 85' lang='lat' dir='ltr'><strong><em>prodendo</em></strong></span> <span class='ocrx_word' id='word_1_754' title='bbox 2865 4539 2990 4578; x_wconf 91' lang='lat' dir='ltr'><strong><em>cum</em></strong></span> <span class='ocrx_word' id='word_1_755' title='bbox 3019 4525 3280 4582; x_wconf 65' lang='lat' dir='ltr'><strong><em>Itoniunis</em></strong></span> <span class='ocrx_word' id='word_1_756' title='bbox 3302 4542 3566 4600; x_wconf 72' lang='lat' dir='ltr'><strong><em>agerent:</em></strong></span> 
     </span>
    </p>
   </div>
   <div class='ocr_carea' id='block_1_106' title="bbox 1997 4612 3565 4689">
    <p class='ocr_par' dir='ltr' id='par_1_106' title="bbox 1997 4612 3565 4689">
     <span class='ocr_line' id='line_1_106' title="bbox 1997 4612 3565 4689; baseline 0.007 -21"><span class='ocrx_word' id='word_1_757' title='bbox 1997 4612 2238 4668; x_wconf 84' lang='lat' dir='ltr'><strong><em>Amilcar</em></strong></span> <span class='ocrx_word' id='word_1_758' title='bbox 2262 4628 2329 4668; x_wconf 86' lang='lat' dir='ltr'><strong><em>eo</em></strong></span> <span class='ocrx_word' id='word_1_759' title='bbox 2358 4614 2593 4669; x_wconf 86' lang='lat' dir='ltr'><strong><em>consilio</em></strong></span> <span class='ocrx_word' id='word_1_760' title='bbox 2624 4614 3032 4680; x_wconf 82' lang='lat' dir='ltr'><strong><em>animadverso,</em></strong></span> <span class='ocrx_word' id='word_1_761' title='bbox 3063 4619 3162 4673; x_wconf 85' lang='lat' dir='ltr'><strong><em>sed</em></strong></span> <span class='ocrx_word' id='word_1_762' title='bbox 3195 4620 3565 4689; x_wconf 82' lang='lat' dir='ltr'><strong><em>dissimulato,</em></strong></span> 
     </span>
    </p>
   </div>
   <div class='ocr_carea' id='block_1_107' title="bbox 1995 4707 3571 4785">
    <p class='ocr_par' dir='ltr' id='par_1_107' title="bbox 1995 4707 3571 4785">
     <span class='ocr_line' id='line_1_107' title="bbox 1995 4707 3571 4785; baseline 0.007 -23"><span class='ocrx_word' id='word_1_763' title='bbox 1995 4723 2067 4762; x_wconf 87' lang='lat' dir='ltr'><strong><em>ne</em></strong></span> <span class='ocrx_word' id='word_1_764' title='bbox 2122 4708 2203 4762; x_wconf 88' lang='lat' dir='ltr'><strong><em>illi</em></strong></span> <span class='ocrx_word' id='word_1_765' title='bbox 2252 4707 2430 4776; x_wconf 83' lang='lat' dir='ltr'><strong><em>palam</em></strong></span> <span class='ocrx_word' id='word_1_766' title='bbox 2482 4708 2807 4774; x_wconf 78' lang='lat' dir='ltr'><strong><em>deﬁcerent,</em></strong></span> <span class='ocrx_word' id='word_1_767' title='bbox 2865 4710 3099 4779; x_wconf 82' lang='lat' dir='ltr'><strong><em>pecunia</em></strong></span> <span class='ocrx_word' id='word_1_768' title='bbox 3155 4715 3571 4785; x_wconf 75' lang='lat' dir='ltr'><strong><em>magistratibus</em></strong></span> 
     </span>
    </p>
   </div>
   <div class='ocr_carea' id='block_1_108' title="bbox 1996 4800 3570 4875">
    <p class='ocr_par' dir='ltr' id='par_1_108' title="bbox 1996 4800 3570 4875">
     <span class='ocr_line' id='line_1_108' title="bbox 1996 4800 3570 4875; baseline 0.009 -23"><span class='ocrx_word' id='word_1_769' title='bbox 1996 4800 2143 4863; x_wconf 81' lang='lat' dir='ltr'><strong><em>data.</em></strong></span> <span class='ocrx_word' id='word_1_770' title='bbox 2192 4800 2533 4854; x_wconf 83' lang='lat' dir='ltr'><strong><em>multitudini</em></strong></span> <span class='ocrx_word' id='word_1_771' title='bbox 2570 4802 2868 4871; x_wconf 86' lang='lat' dir='ltr'><strong><em>promissa,</em></strong></span> <span class='ocrx_word' id='word_1_772' title='bbox 2915 4803 2996 4858; x_wconf 89' lang='lat' dir='ltr'><strong><em>sic</em></strong></span> <span class='ocrx_word' id='word_1_773' title='bbox 3036 4820 3135 4860; x_wconf 89' lang='lat' dir='ltr'><strong><em>eos</em></strong></span> <span class='ocrx_word' id='word_1_774' title='bbox 3169 4809 3570 4875; x_wconf 83' lang='lat' dir='ltr'><strong><em>reconciliavit.</em></strong></span> 
     </span>
    </p>
   </div>
   <div class='ocr_carea' id='block_1_109' title="bbox 1998 4894 3573 4972">
    <p class='ocr_par' dir='ltr' id='par_1_109' title="bbox 1998 4894 3573 4972">
     <span class='ocr_line' id='line_1_109' title="bbox 1998 4894 3573 4972; baseline 0.006 -25"><span class='ocrx_word' id='word_1_775' title='bbox 1998 4906 2055 4947; x_wconf 91' lang='lat' dir='ltr'><strong><em>ut</em></strong></span> <span class='ocrx_word' id='word_1_776' title='bbox 2103 4894 2473 4963; x_wconf 86' lang='lat' dir='ltr'><strong><em>proditionem</em></strong></span> <span class='ocrx_word' id='word_1_777' title='bbox 2522 4911 2632 4948; x_wconf 89' lang='lat' dir='ltr'><strong><em>non</em></strong></span> <span class='ocrx_word' id='word_1_778' title='bbox 2683 4895 2953 4961; x_wconf 85' lang='lat' dir='ltr'><strong><em>inliciati,</em></strong></span> <span class='ocrx_word' id='word_1_779' title='bbox 2999 4908 3312 4967; x_wconf 84' lang='lat' dir='ltr'><strong><em>postremos</em></strong></span> <span class='ocrx_word' id='word_1_780' title='bbox 3363 4900 3573 4972; x_wconf 71' lang='lat' dir='ltr'><strong><em>legatos</em></strong></span> 
     </span>
    </p>
   </div>
   <div class='ocr_carea' id='block_1_110' title="bbox 1995 4985 3574 5063">
    <p class='ocr_par' dir='ltr' id='par_1_110' title="bbox 1995 4985 3574 5063">
     <span class='ocr_line' id='line_1_110' title="bbox 1995 4985 3574 5063; baseline 0.006 -24"><span class='ocrx_word' id='word_1_781' title='bbox 1995 4985 2292 5041; x_wconf 85' lang='lat' dir='ltr'><strong><em>redeuntes</em></strong></span> <span class='ocrx_word' id='word_1_782' title='bbox 2329 5001 2438 5040; x_wconf 90' lang='lat' dir='ltr'><strong><em>non</em></strong></span> <span class='ocrx_word' id='word_1_783' title='bbox 2488 4986 2801 5055; x_wconf 86' lang='lat' dir='ltr'><strong><em>reciperent</em></strong></span> <span class='ocrx_word' id='word_1_784' title='bbox 2832 5005 2847 5044; x_wconf 87' lang='lat'><strong>:</strong></span> <span class='ocrx_word' id='word_1_785' title='bbox 2877 4989 2972 5059; x_wconf 88' lang='lat' dir='ltr'><strong><em>qui</em></strong></span> <span class='ocrx_word' id='word_1_786' title='bbox 3005 4990 3071 5044; x_wconf 89' lang='lat' dir='ltr'><strong><em>ad</em></strong></span> <span class='ocrx_word' id='word_1_787' title='bbox 3114 4991 3373 5047; x_wconf 85' lang='lat' dir='ltr'><strong><em>consules</em></strong></span> <span class='ocrx_word' id='word_1_788' title='bbox 3408 4992 3574 5063; x_wconf 75' lang='lat'><strong><em>396</em></strong></span> 
     </span>
    </p>
   </div>
   <div class='ocr_carea' id='block_1_111' title="bbox 1996 5077 3570 5150">
    <p class='ocr_par' dir='ltr' id='par_1_111' title="bbox 1996 5077 3570 5150">
     <span class='ocr_line' id='line_1_111' title="bbox 1996 5077 3570 5150; baseline 0.003 -17"><span class='ocrx_word' id='word_1_789' title='bbox 1996 5077 2252 5149; x_wconf 74' lang='lat' dir='ltr'><strong><em>profugi,</em></strong></span> <span class='ocrx_word' id='word_1_790' title='bbox 2296 5096 2428 5150; x_wconf 76' lang='lat' dir='ltr'><strong><em>agro</em></strong></span> <span class='ocrx_word' id='word_1_791' title='bbox 2514 5080 2573 5133; x_wconf 90' lang='lat' dir='ltr'><strong><em>in</em></strong></span> <span class='ocrx_word' id='word_1_792' title='bbox 2629 5079 2815 5134; x_wconf 86' lang='lat' dir='ltr'><strong><em>Sicilia</em></strong></span> <span class='ocrx_word' id='word_1_793' title='bbox 2873 5088 2929 5135; x_wconf 90' lang='lat' dir='ltr'><strong><em>et</em></strong></span> <span class='ocrx_word' id='word_1_794' title='bbox 2979 5082 3105 5136; x_wconf 81' lang='lat' dir='ltr'><strong><em>aliis</em></strong></span> <span class='ocrx_word' id='word_1_795' title='bbox 3163 5083 3331 5138; x_wconf 87' lang='lat' dir='ltr'><strong><em>rebus</em></strong></span> <span class='ocrx_word' id='word_1_796' title='bbox 3381 5083 3570 5140; x_wconf 87' lang='lat' dir='ltr'><strong><em>donati</em></strong></span> 
     </span>
    </p>
   </div>
   <div class='ocr_carea' id='block_1_112' title="bbox 1994 5170 3569 5242">
    <p class='ocr_par' dir='ltr' id='par_1_112' title="bbox 1994 5170 3569 5242">
     <span class='ocr_line' id='line_1_112' title="bbox 1994 5170 3569 5242; baseline 0.001 -14"><span class='ocrx_word' id='word_1_797' title='bbox 1994 5179 2145 5228; x_wconf 77' lang='lat' dir='ltr'><strong><em>sunt.</em></strong></span> <span class='ocrx_word' id='word_1_798' title='bbox 2180 5170 2667 5242; x_wconf 70' lang='lat' dir='ltr'><strong><em>Carthaginienses</em></strong></span> <span class='ocrx_word' id='word_1_799' title='bbox 2696 5172 2789 5241; x_wconf 85' lang='lat' dir='ltr'><strong><em>qui</em></strong></span> <span class='ocrx_word' id='word_1_800' title='bbox 2827 5174 2972 5227; x_wconf 69' lang='lat' dir='ltr'><strong><em>donni</em></strong></span> <span class='ocrx_word' id='word_1_801' title='bbox 3000 5184 3183 5240; x_wconf 86' lang='lat' dir='ltr'><strong><em>erant,</em></strong></span> <span class='ocrx_word' id='word_1_802' title='bbox 3217 5175 3305 5230; x_wconf 90' lang='lat' dir='ltr'><strong><em>his</em></strong></span> <span class='ocrx_word' id='word_1_803' title='bbox 3345 5177 3569 5242; x_wconf 88' lang='lat' dir='ltr'><strong><em>auditis,</em></strong></span> 
     </span>
    </p>
   </div>
   <div class='ocr_carea' id='block_1_113' title="bbox 1994 5263 3571 5333">
    <p class='ocr_par' dir='ltr' id='par_1_113' title="bbox 1994 5263 3571 5333">
     <span class='ocr_line' id='line_1_113' title="bbox 1994 5263 3571 5333; baseline 0 -14"><span class='ocrx_word' id='word_1_804' title='bbox 1994 5263 2272 5320; x_wconf 70' lang='lat' dir='ltr'><strong><em>Ardebant</em></strong></span> <span class='ocrx_word' id='word_1_805' title='bbox 2333 5279 2458 5317; x_wconf 88' lang='lat' dir='ltr'><strong><em>cum</em></strong></span> <span class='ocrx_word' id='word_1_806' title='bbox 2501 5263 2755 5333; x_wconf 82' lang='lat' dir='ltr'><strong><em>plurimis</em></strong></span> <span class='ocrx_word' id='word_1_807' title='bbox 2799 5265 3070 5331; x_wconf 84' lang='lat' dir='ltr'><strong><em>navibus,</em></strong></span> <span class='ocrx_word' id='word_1_808' title='bbox 3111 5266 3447 5321; x_wconf 69' lang='lat' dir='ltr'><strong><em>frumentum</em></strong></span> <span class='ocrx_word' id='word_1_809' title='bbox 3513 5279 3571 5321; x_wconf 90' lang='lat' dir='ltr'><strong><em>et</em></strong></span> 
     </span>
    </p>
   </div>
   <div class='ocr_carea' id='block_1_114' title="bbox 1997 5355 3571 5428">
    <p class='ocr_par' dir='ltr' id='par_1_114' title="bbox 1997 5355 3571 5428">
     <span class='ocr_line' id='line_1_114' title="bbox 1997 5355 3571 5428; baseline 0.003 -17"><span class='ocrx_word' id='word_1_810' title='bbox 1997 5356 2259 5427; x_wconf 87' lang='lat' dir='ltr'><strong><em>pecunias</em></strong></span> <span class='ocrx_word' id='word_1_811' title='bbox 2320 5355 2621 5428; x_wconf 72' lang='lat' dir='ltr'><strong><em>Lilybaeum</em></strong></span> <span class='ocrx_word' id='word_1_812' title='bbox 2686 5358 3093 5414; x_wconf 82' lang='lat' dir='ltr'><strong><em>advehentibus</em></strong></span> <span class='ocrx_word' id='word_1_813' title='bbox 3164 5358 3455 5416; x_wconf 78' lang='lat' dir='ltr'><strong><em>miserunt.</em></strong></span> <span class='ocrx_word' id='word_1_814' title='bbox 3519 5358 3571 5415; x_wconf 80' lang='lat' dir='ltr'><strong><em>Is</em></strong></span> 
     </span>
    </p>
   </div>
   <div class='ocr_carea' id='block_1_115' title="bbox 1999 5448 3571 5522">
    <p class='ocr_par' dir='ltr' id='par_1_115' title="bbox 1999 5448 3571 5522">
     <span class='ocr_line' id='line_1_115' title="bbox 1999 5448 3571 5522; baseline 0 -18"><span class='ocrx_word' id='word_1_815' title='bbox 1999 5457 2327 5521; x_wconf 83' lang='lat' dir='ltr'><strong><em>tempestate</em></strong></span> <span class='ocrx_word' id='word_1_816' title='bbox 2378 5449 2670 5506; x_wconf 86' lang='lat' dir='ltr'><strong><em>observata</em></strong></span> <span class='ocrx_word' id='word_1_817' title='bbox 2719 5451 2949 5522; x_wconf 86' lang='lat' dir='ltr'><strong><em>appulit.</em></strong></span> <span class='ocrx_word' id='word_1_818' title='bbox 3016 5450 3175 5518; x_wconf 85' lang='lat' dir='ltr'><strong><em>Quod</em></strong></span> <span class='ocrx_word' id='word_1_819' title='bbox 3225 5449 3424 5506; x_wconf 87' lang='lat' dir='ltr'><strong><em>deinde</em></strong></span> <span class='ocrx_word' id='word_1_820' title='bbox 3476 5448 3571 5505; x_wconf 83' lang='lat' dir='ltr'><strong><em>alii</em></strong></span> 
     </span>
    </p>
   </div>
   <div class='ocr_carea' id='block_1_116' title="bbox 1506 5590 2383 5654">
    <p class='ocr_par' dir='ltr' id='par_1_116' title="bbox 1506 5590 2383 5654">
     <span class='ocr_line' id='line_1_116' title="bbox 1506 5590 2383 5654; baseline -0.003 0"><span class='ocrx_word' id='word_1_821' title='bbox 1506 5592 1709 5654; x_wconf 63' lang='grc' dir='ltr'>νοτία</span> <span class='ocrx_word' id='word_1_822' title='bbox 1740 5590 2045 5654; x_wconf 84' lang='lat' dir='ltr'><strong><em>lectiones</em></strong></span> <span class='ocrx_word' id='word_1_823' title='bbox 2092 5599 2153 5652; x_wconf 87' lang='lat' dir='ltr'><strong><em>ct</em></strong></span> <span class='ocrx_word' id='word_1_824' title='bbox 2191 5597 2383 5652; x_wconf 57' lang='lat' dir='ltr'><strong><em>notas.</em></strong></span> 
     </span>
    </p>
   </div>
   <div class='ocr_carea' id='block_1_117' title="bbox 385 5712 1889 5802">
    <p class='ocr_par' dir='ltr' id='par_1_117' title="bbox 385 5715 1889 5802">
     <span class='ocr_line' id='line_1_117' title="bbox 385 5715 1889 5802; baseline -0.01 -16"><span class='ocrx_word' id='word_1_825' title='bbox 385 5728 505 5802; x_wconf 74' lang='grc'><strong><em>(22)</em></strong></span> <span class='ocrx_word' id='word_1_826' title='bbox 544 5725 932 5795; x_wconf 64' lang='lat' dir='ltr'><strong><em>“Antiatium-ot</em></strong></span> <span class='ocrx_word' id='word_1_827' title='bbox 976 5727 1032 5779; x_wconf 80' lang='grc' dir='ltr'><em>οἱ</em></span> <span class='ocrx_word' id='word_1_828' title='bbox 1067 5718 1349 5791; x_wconf 79' lang='grc' dir='ltr'><strong><em>Ῥωμαῖοι.</em></strong></span> <span class='ocrx_word' id='word_1_829' title='bbox 1375 5716 1510 5776; x_wconf 83' lang='lat' dir='ltr'><strong><em>Vide</em></strong></span> <span class='ocrx_word' id='word_1_830' title='bbox 1530 5715 1799 5787; x_wconf 74' lang='lat' dir='ltr'><strong><em>Excerpta</em></strong></span> <span class='ocrx_word' id='word_1_831' title='bbox 1824 5732 1889 5773; x_wconf 80' lang='lat' dir='ltr'><strong><em>ex</em></strong></span> 
     </span>
    </p>
   </div>
   <div class='ocr_carea' id='block_1_118' title="bbox 1992 5712 2823 5802">
    <p class='ocr_par' dir='ltr' id='par_1_118' title="bbox 1992 5712 2823 5783">
     <span class='ocr_line' id='line_1_118' title="bbox 1992 5712 2823 5783; baseline -0.007 -12"><span class='ocrx_word' id='word_1_832' title='bbox 1992 5715 2173 5773; x_wconf 80' lang='lat' dir='ltr'><strong><em>odoro</em></strong></span> <span class='ocrx_word' id='word_1_833' title='bbox 2205 5713 2414 5781; x_wconf 84' lang='lat' dir='ltr'><strong><em>Siculo,</em></strong></span> <span class='ocrx_word' id='word_1_834' title='bbox 2443 5728 2501 5783; x_wconf 85' lang='lat' dir='ltr'><strong><em>p.</em></strong></span> <span class='ocrx_word' id='word_1_835' title='bbox 2540 5712 2667 5779; x_wconf 68' lang='lat'><strong><em>274,</em></strong></span> <span class='ocrx_word' id='word_1_836' title='bbox 2697 5712 2823 5767; x_wconf 73' lang='lat'><strong>276.</strong></span> 
     </span>
    </p>
   </div>
  </div>
