4050 6210
490 310 622 382 ’679
1829 318 2094 381 JOANNI

2200 316 2511 379 ZONAR/E
3645 308 3760 377 680

504 430 733 502 plurimi
779 430 978 487 imitari
1026 429 1168 498 ausi,
1247 431 1449 502 partim
1503 444 1821 486 successum
1881 430 2089 486 habue-

2200 429 2479 502 5ρύγματα
2510 427 2839 499 ἐμϐαλόντες
2865 426 3141 497 ἔφθειρον.
3179 424 3335 479 Ἐπεὶ
3362 421 3422 478 δέ
3471 442 3621 490 τινες
3656 425 3769 482 τῶν

506 531 656 585 runt,
705 523 903 593 partim
951 524 1257 593 perierunt.
1286 524 1425 577 Dum
1457 523 1620 576 ambo
1660 522 1919 577 consules
1956 521 2086 576 ade-

2200 521 2495 593 τυμμάχων
2526 524 2593 593 τῇ
2624 536 2681 574 τε
2722 519 3029 591 παρατάσει
3078 519 3182 589 τῆς
3232 518 3557 589 πολιορκίας
3593 520 3764 590 ἀχθό-

509 624 652 676 rant,
678 630 838 682 σει]υο
868 624 1042 668 marte
1079 614 1447 684 pugnabatur.
1498 612 1604 667 Sed
1643 628 1767 667 cum
1803 612 1994 668 morbo
2029 621 2085 668 et

2200 631 2362 682 uevor,
2405 614 2499 667 καὶ
2534 612 2614 683 τῷ
2665 611 2739 682 μὴ
2774 612 2867 665 τὸν
2902 610 3095 681 μισθὸν
3131 611 3315 674 αὐτοῖς
3365 612 3556 682 ἐντελῆ
3588 630 3769 667 κατασ

509 705 649 759 fatue
676 714 1090 773 premerentur,
1129 706 1305 774 iisque
1340 705 1408 759 de
1440 704 1623 759 causis
1658 704 1797 759 alter
1826 719 1955 760 suos
1980 705 2084 759 mi-

2200 704 2518 767 ΰάλλεσθαι,
2577 702 2868 775 προδοῦναι
2926 702 2988 755 τὸ
3043 702 3244 772 χωρίον
3291 705 3403 765 τοῖς
3461 703 3767 772 Ῥωμαίοις

507 796 631 849 lites
664 795 889 848 domum
941 797 1256 859 reduceret,
1291 796 1534 851 Amilcar
1561 812 1857 866 erumpere
1894 811 2081 860 ausus,

2200 793 2660 865 ἱιεκηρυκεύοντο,
2691 792 2976 864 ὲφώρασεν
3011 795 3039 846 ό
3103 792 3367 861 ’Δμίλκας
3402 795 3461 847 τό
3502 793 3763 861 βουλευό-

508 887 789 940 machinas
817 885 1105 950 incendit,
1155 886 1478 945 defensores
1519 903 1708 942 earum
1746 886 1949 941 occidit
1980 904 1995 945 :
2029 896 2086 942 et

2200 904 2370 957 μενον,
2418 886 2517 938 οὐκ
2550 886 2780 955 ἐξέφηνε
2812 885 2890 951 δὲ,
2927 885 3015 939 ἵνα
3066 883 3145 955 μὴ
3197 885 3491 957 πολεμώσῃ
3540 885 3763 948 auter};

506 983 756 1052 equitatu
797 984 1050 1053 Deprano
1090 984 1320 1046 emisso,
1350 984 1627 1038 Romanos
1650 981 1998 1052 pabulatione
2031 988 2087 1034 et

2200 980 2447 1049 χρήματα
2479 978 2536 1032 δὲ
2564 980 2674 1040 τοῖς
2702 978 2967 1048 ἄρχουσιν
2999 977 3178 1029 αὐτῶν
3212 979 3531 1047 παρασχὼν,
3566 979 3664 1030 καὶ
3690 979 3765 1047 τῷ

506 1087 820 1131 commeatu
862 1077 1229 1147 prohibendo,
1267 1092 1575 1146 eorumque
1606 1076 1786 1130 socios
1828 1075 2089 1129 infestan-

2200 1069 2386 1138 πλήθει
2456 1070 2978 1138 προσυποσχόμενος
3056 1068 3260 1137 ἔτερα,
3332 1068 3519 1131 οὕτως,
3566 1070 3766 1133 αὐτοὺς

512 1168 604 1231 do,
638 1169 855 1222 Ardeba
894 1170 1117 1223 interim
1151 1169 1287 1223 alias
1314 1168 1538 1233 Siciliae,
1576 1168 1712 1221 alias
1741 1167 1910 1221 Italiae
1932 1182 2084 1221 oram

2200 1161 2527 1231 ᾠκειώσατο,
2587 1160 2728 1213 ὥστε
2781 1160 2904 1230 μηδ’
2937 1159 3277 1230 ἀρνήσασθαι
3314 1159 3415 1228 τὴν
3448 1160 3764 1226 προδοσίαν,

510 1261 838 1332 populante,
872 1260 938 1314 ad
973 1276 1248 1314 summam
1291 1260 1534 1329 inopiam
1572 1258 1804 1329 redegit.
1843 1258 1950 1313 Sed
1978 1257 2090 1311 Lu-

2200 1250 2325 1304 ἔιλλά
2376 1251 2471 1304 καὶ
2521 1250 2649 1313 τοὺς
2718 1250 3064 1313 τελευταίους
3118 1249 3383 1320 πρέσϐεις
3442 1250 3769 1313 ἐπανιόντας

511 1355 599 1406 cio
632 1350 798 1405 Junio
828 1354 1059 1406 classem
1096 1363 1347 1421 parante.
1371 1350 1638 1407 Claudius
1667 1349 1905 1405 Pulcher
1943 1349 2092 1423 Lily-

2200 1340 2516 1394 Ξιπώσασθαι
2550 1356 2563 1370 ·
2593 1340 2643 1393 οἳ
2681 1340 2814 1410 προς
2845 1341 2970 1403 τοὺς
3001 1341 3239 1402 ὑπάτους
3264 1337 3764 1409 αὐτομολήσαντες,

511 1443 689 1497 limum
724 1460 957 1513 propere
998 1446 1137 1498 abiit
1171 1461 1185 1497 :
1237 1455 1291 1498 et
1330 1445 1598 1498 militibus
1635 1444 1686 1498 in
1716 1459 1882 1498 naves
1915 1444 2091 1514 impo-

2200 1434 2292 1501 γῆν
2340 1450 2401 1486 τε
2451 1434 2511 1485 ὲν
2557 1433 2777 1504 Σικελίᾳ
2815 1433 2907 1485 καὶ
2961 1430 3105 1502 ἕτερ’
3133 1432 3269 1485 ἄττα
3306 1430 3519 1485 ἔλαϐον.
3568 1429 3766 1483 ’Δκού-

512 1536 654 1597 sitis,
696 1533 1018 1588 Hannonem
1048 1534 1561 1606 Carthaginiensem
1596 1538 1650 1588 in
1696 1535 2089 1605 quinqueremi

2200 1541 2385 1587 σαντες
2426 1523 2482 1578 δὲ
2528 1521 2702 1576 ταῦτα
2747 1522 2799 1575 oi
2833 1523 2973 1575 οίκοι
3005 1520 3390 1605 Καρχηδόνιοι,
3452 1519 3769 1589 πέμπουσιν

512 1624 862 1693 navigantem
917 1624 1378 1692 comprehendit:
1424 1625 1571 1679 unde
1618 1624 1851 1679 Romani
1901 1641 2093 1679 exem-

2202 1614 2461 1686 Ἀρδέϐαν
2484 1615 2580 1667 σὺν
2602 1614 2761 1667 ναυσὶ
2791 1613 3075 1677 πλείσταις
3101 1614 3182 1676 είς
3204 1611 3266 1665 τὸ
3290 1611 3603 1673 Λιλύϐαιον,
3623 1614 3768 1664 σῖτον

514 1704 661 1784 plum
705 1715 1149 1771 fabricandarum
1194 1718 1418 1771 navium
1452 1719 1789 1789 petiverunt.
1821 1717 1928 1774 Sed
1961 1733 2085 1772 cum

2200 1711 2601 1777 άγούσαιςμκαὶ
2631 1707 2904 1777 χρήματα.
2953 1706 3061 1760 Καὶ
3094 1705 3154 1769 ὃς
3202 1705 3450 1775 χειμῶνα
3496 1706 3769 1775 ἐπιτηρῄ-

513 1808 717 1863 classes
765 1824 909 1878 saepe
968 1808 1450 1879 periclitarentur,
1498 1826 1815 1881 quanquam
1895 1811 2089 1865 crebro

2200 1819 2312 1867 σας,
2362 1800 2703 1854 εἰσέπλευσε.
2737 1799 2862 1852 Κάκ
2895 1798 3087 1852 τούτου
3119 1799 3213 1851 καὶ
3249 1797 3398 1850 ἄλλοι
3452 1798 3641 1866 συχνοὶ
3675 1815 3772 1850 κα-

514 1909 596 1953 tot
650 1901 923 1963 navium,
975 1901 1030 1954 in
1089 1902 1292 1971 quibus
1343 1902 1502 1956 multi
1564 1902 1666 1956 viri
1724 1911 1779 1956 et
1845 1902 2091 1972 pecuniae

2200 1897 2405 1966 ταίρειν
2432 1892 2630 1964 ὁμοίως
2662 1892 2922 1961 ἐτόλμων
2957 1893 3049 1946 καὶ
3078 1892 3127 1945 οἱ
3155 1893 3256 1962 μὲν
3295 1889 3692 1960 ἐπετύγχανον,
3721 1890 3768 1944 οἱ

510 1999 702 2054 erant,
752 1992 980 2046 interitu
1036 1992 1345 2050 dolebant:
1394 2004 1574 2048 tamen
1625 2010 1732 2048 non
1779 2004 2086 2056 cesserunt,

2200 1991 2246 2045 δὲ
2270 1988 2605 2043 ἀπώλλυντο.
2643 1986 2786 2049 Ἕως
2818 1987 2919 2053 μὲν
2952 1982 3047 2039 οὖν
3076 1984 3242 2055 ἄμφω
3267 1988 3522 2055 παρῆσαν
3546 1984 3600 2037 οι
3632 1984 3774 2036 ὓπα-

513 2081 607 2134 scd
638 2082 928 2150 quemdam
966 2084 1018 2136 iu
1044 2094 1236 2137 senatu
1268 2086 1333 2138 de
1365 2100 1497 2154 pace
1528 2100 1653 2139 cum
1675 2085 2093 2155 Carthaginien-

2200 2099 2297 2144 τοι,
2350 2078 2624 2142 ίσοπαλεῖς
2675 2079 2723 2137 oi
2777 2077 2992 2145 ἀγῶνες
3042 2077 3303 2145 ἐγίνοντο.
3354 2077 3535 2129 Νόσου
3573 2075 3635 2129 δὲ
3679 2076 3773 2129 καὶ

513 2174 666 2228 sibus
707 2174 953 2230 facienda
1003 2177 1250 2231 locutum
1303 2178 1678 2245 occiderunt,
1731 2188 1787 2233 et
1856 2180 2091 2232 dictato-

2200 2171 2356 2242 λιμοῦ
2407 2171 2716 2243 τρυχόντων
2746 2169 2965 2232 αὐτοὺς,
2995 2168 3091 2221 καὶ
3118 2169 3212 2221 τοῦ
3251 2168 3439 2238 ἑτέρου
3466 2169 3651 2222 οἶκαδε
3685 2167 3772 2221 διὰ

514 2281 631 2319 rem
661 2265 924 2321 dixerunt
962 2266 1316 2329 Collatinum,
1355 2271 1675 2340 magistrum
1703 2271 1952 2339 equitum
1977 2269 2090 2323 Mc—

2200 2264 2363 2317 ταῦτα
2399 2263 2495 2316 σὺν
2547 2263 2658 2325 τοῖς
2694 2259 2834 2331 ἀμφ’
2866 2260 3033 2313 αὑτὸν
3061 2259 3437 2331 ςστρατιώταις
3480 2260 3776 2329 ἀναχωρή-

516 2362 707 2415 tellum
744 2381 759 2417 ;
793 2360 929 2414 nihil
953 2368 1133 2414 tamen
1160 2361 1513 2414 memorabile
1533 2368 1845 2427 gesserunt.
1878 2359 2088 2412 Interea

2200 2372 2408 2419 σαντος,
2454 2353 2719 2422 Ἀμίλκας
2754 2352 3040 2424 θαρρήσας
3090 2352 3333 2422 ἐπεξῄει,
3383 2352 3479 2406 καὶ
3525 2352 3627 2415 τὰς
3665 2369 3772 2421 μη·-

510 2448 710 2503 Junius
734 2450 952 2505 Ericetn
994 2450 1208 2518 subegit
1237 2467 1252 2515 ;
1300 2459 1355 2504 et
1397 2449 1654 2505 Carthalo
1687 2450 1961 2520 Egidralo
1993 2463 2093 2519 po-

2200 2448 2366 2519 χανὰς
2424 2446 2775 2517 ἐνεπίμπρα,
2832 2447 2926 2499 καὶ
2970 2446 3098 2508 τοὺς
3160 2445 3539 2516 ἐπαμύνοντας
3580 2446 3778 2511 αὑταῖς

510 2540 672 2604 titus,
708 2539 933 2595 Junium
962 2544 1131 2612 cepit.

2200 2541 2438 2612 ἔφθειρε,
2466 2541 2561 2597 καὶ
2589 2540 2623 2610 ὴ
2653 2539 2821 2601 ἵππος
2851 2537 3015 2591 αὐτοῦ
3045 2539 3111 2592 ὲκ
3138 2538 3233 2592 τοῦ
3268 2538 3549 2610 Δρεπάνου
3590 2536 3781 2609 ὁρμω-

517 2633 677 2705 μένη,
715 2636 784 2690 τά
814 2652 872 2688 τε
913 2634 1191 2704 ἐπιτήδεια
1236 2633 1557 2704 κομίζεσθαι
1605 2636 1731 2701 τοὺς
1776 2636 2086 2705 Ῥωμαίους
2124 2634 2355 2702 ἐκώλυε,
2413 2635 2508 2687 καὶ
2569 2633 2671 2703 τὴν
2701 2631 2881 2687 αὐτῶν
2914 2631 3230 2703 συμμαχίδα
3261 2630 3575 2701 κατέτρεχε,
3605 2628 3706 2681 καὶ
3754 2625 3786 2674 ὁ

523 2727 783 2799 Ἀρδὲϐας
813 2729 942 2782 ποτὲ
983 2729 1081 2800 μὲν
1112 2731 1209 2800 τῆς
1239 2729 1514 2798 Σικελίας,
1545 2729 1675 2783 ποτὲ
1712 2731 1772 2785 δὲ
1834 2731 1932 2801 τῆς
1985 2729 2216 2792 Ἰταλίας
2279 2730 2349 2782 τὰ
2415 2726 2658 2798 παράλια
2694 2726 2930 2797 ἔκειρεν,
2960 2724 3084 2779 ὅθεν
3106 2727 3156 2779 oi
3188 2725 3462 2795 Ῥωμαῖοι
3489 2724 3545 2775 ὲν
3573 2721 3787 2791 ἀπορίᾳ

512 2822 880 2891 κατέστησαν.
911 2822 1058 2882 Τέως
1087 2822 1268 2892 μέντοι
1297 2822 1531 2885 Λούκιος
1574 2820 1793 2886 Ἰούνιος
1857 2819 2120 2892 ἡτοίμαζε
2161 2818 2437 2885 ναυτικὸν,
2494 2817 2763 2879 Κλαύδιος
2832 2816 2891 2870 δὲ
2945 2815 3218 2887 Ποῦλχρος
3263 2817 3345 2878 είς
3376 2814 3435 2868 τδ
3484 2814 3789 2869 Λιλύϐαιον

512 2912 808 2983 ἐπειχθεὶς,
831 2913 1193 2984 καὶτριήρεις
1227 2912 1541 2982 πληρώσας,
1595 2913 1858 2968 συνέλαϐε
1898 2914 1966 2966 δι’
2025 2912 2206 2966 αὐτῶν
2245 2911 2528 2990 ,Ἀννωνα
2596 2911 2687 2963 τὸν
2746 2907 3118 2979 Καρχηδόνιον
3148 2907 3449 2961 ἐκπλέοντα
3491 2908 3785 2993 πεντήρει⁹

514 3006 607 3056 καὶ
636 3003 987 3074 παράδειγμα
1015 3007 1128 3066 τοῖς
1164 3004 1460 3074 Ῥωμαίοις
1490 3006 1587 3075 τῆς
1614 3006 1960 3074 κατασκευῆς
2019 3004 2131 3058 τῶν
2164 3004 2299 3057 νεῶν
2365 3003 2605 3072 ἐγένετο.
2644 3001 2911 3065 Πολλάκις
2975 3000 3031 3053 δὲ
3080 2999 3176 3052 τοῦ
3214 2996 3468 3053 ναυτικοῦ
3502 2998 3789 3054 κινδυνεύ-

508 3111 688 3156 οντος,
713 3094 1043 3165 ἐϐαρύνοντο
1074 3095 1122 3146 οί
1161 3093 1423 3164 Ῥωμαῖοι
1455 3097 1520 3165 τῇ
1574 3097 1790 3164 συνεχεῖ
1851 3095 1961 3147 τῶν
2035 3094 2172 3148 νεῶν
2210 3093 2405 3167 φθορᾷ.
2441 3092 2670 3163 Ἀνδρας
2704 3093 2814 3163 γὰρ
2845 3093 3074 3163 συχνοὺς
3118 3092 3215 3145 καὶ
3255 3093 3513 3162 χρήματα
3548 3089 3789 3144 πλεῖστα

512 3184 573 3234 ἐν
605 3180 831 3243 ταύταις
860 3179 1207 3233 ἀπώλλυσαν.
1246 3182 1323 3237 Οὐ.
1356 3182 1542 3250 μέντοι
1571 3199 1633 3251 γε
1665 3185 1759 3235 καὶ
1804 3183 2081 3246 ἐνέδοσαν,
2123 3182 2262 3236 ἀλλᾶ
2328 3181 2423 3236 καί
2469 3198 2591 3234 τινα
2657 3172 3033 3248 φθεγξάμενον
3082 3177 3213 3248 περὶ
3244 3177 3605 3246 καταλλατῶν
3641 3177 3787 3247 πρὸς

515 3275 923 3344 Καρχηδονίους
956 3276 1107 3345 ἐντῇ
1146 3273 1311 3345 βουλῇ
1364 3275 1743 3345 διεχρήσαντο,
1814 3277 1910 3329 καὶ
1990 3275 2247 3347 λεχθῆναι
2330 3274 2625 3345 δικτάτορα
2678 3272 3033 3342 ἐψηφίσαντο.
3090 3271 3198 3325 Καὶ
3252 3272 3528 3343 δικτάτωρ
3587 3276 3691 3341 μὲν
3754 3289 3787 3339 δ

516 3364 844 3428 Κολλατῖνος
874 3364 1093 3435 ἐλέχθη,
1123 3365 1438 3437 ίππάρχησε
1469 3367 1526 3419 δὲ
1560 3369 1587 3420 ό
1615 3367 1905 3431 Μέτελλος*
1971 3368 2122 3421 οὐδὲν
2192 3369 2249 3422 δὲ
2302 3369 2524 3439 μνήμης
2579 3364 2824 3436 ἔπραξαν
2876 3364 3047 3429 ἄξιον.
3094 3364 3182 3417 Ἑν
3227 3357 3272 3432 ᾧ
3326 3364 3384 3417 δὲ
3448 3365 3787 3429 Κολλατῖνος

513 3456 787 3527 δικτάτωρ
834 3455 1069 3524 ἐλέγετο,
1106 3457 1165 3508 ὲν
1210 3457 1384 3527 τούτῳ
1429 3457 1520 3511 τὸν
1580 3458 1791 3528 Ἔρυκα
1839 3452 2225 3531 παρεστήσατο
2294 3460 2322 3511 ὁ
2408 3456 2647 3521 Ἰούνιος,
2716 3454 2810 3508 καὶ
2843 3455 2871 3507 ὁ
2903 3452 3207 3523 Καρθάλων
3255 3457 3521 3525 κατέσχεν
3551 3456 3789 3522 Αίγξθα,

512 3547 625 3607 λον,
656 3547 750 3599 καὶ
776 3546 1059 3615 ἐζώγρησε
1089 3547 1180 3597 τὸν
1217 3546 1460 3601 Ἰούνιον.

582 3632 720 3688 XVI.
753 3633 1014 3703 Sequenti
1042 3649 1186 3688 anno
1227 3634 1290 3690 C.
1326 3634 1586 3691 Aurelius
1618 3649 1673 3691 et
1707 3638 1768 3692 P.
1800 3637 2087 3705 Servilius,

2272 3632 2384 3702 ις’.
2410 3633 2503 3704 Τῷ
2537 3632 2582 3686 δ’
2613 3632 2739 3702 ἑξῆς
2764 3632 2874 3686 ἔτει
2914 3632 3183 3703 Αὐρήλιος
3211 3633 3371 3695 Γάϊος
3419 3634 3516 3688 καὶ
3549 3635 3787 3706 Σερουΐ-

511 3722 833 3796 magistratu
886 3726 1021 3779 inito
1060 3766 1074 3788 ,
1139 3726 1439 3799 Lilybaeum
1490 3739 1548 3783 et
1601 3731 1912 3800 Drepanum
1960 3734 2094 3788 inle-

2200 3725 2310 3786 λιος
2342 3721 2612 3787 Πούπλιος
2650 3722 2749 3792 τὴν
2779 3721 2958 3792 ἀρχὴν
3017 3722 3275 3786 λαϐόντες
3307 3724 3428 3777 τότε
3457 3724 3786 3787 Λιλύϐαιον.

513 3827 747 3884 stantes,
804 3827 944 3874 terra
1001 3819 1484 3891 Carthaginienses
1534 3822 1960 3891 prohibuerunt,
2003 3842 2094 3882 eo-

2200 3818 2292 3869 καὶ
2339 3816 2401 3868 τὸ
2447 3816 2727 3886 Δρέπανον
2754 3816 3007 3880 ἐλύπουν,
3040 3817 3134 3870 καὶ
3183 3816 3310 3880 τοὺς
3363 3818 3789 3887 Καρχηδονίους

512 3924 747 3978 rumque
784 3910 963 3964 socias
1008 3910 1261 3965 civitates
1310 3910 1646 3966 aﬂlixerunt.
1675 3911 1932 3969 Carthalo
1969 3930 2093 3969 cum

2200 3908 2295 3976 τῆς
2324 3908 2429 3976 γῆς
2458 3909 2743 3979 ἀπεῖργον,
2771 3910 2864 3960 καὶ
2910 3907 3011 3978 τὴν
3040 3908 3222 3961 αὐτῶν
3256 3909 3574 3979 συμμαχίδα
3610 3911 3785 3963 κατέ-

511 4001 684 4056 variis
727 4002 1033 4056 rationibus
1072 4012 1260 4057 contra
1304 4018 1401 4059 eos
1449 4005 1671 4059 tentatis
1707 4005 1844 4060 nihil
1876 4007 2094 4064 effecis—

2200 4016 2404 4071 κειρον.
2443 4001 2505 4052 '0
2537 3995 2630 4052 οὖν
2672 4000 2975 4069 Καρθάλων
3011 4001 3367 4070 πολυτρόπως
3413 4003 3785 4073 ἐπιχειρήσας

512 4103 617 4158 set,
649 4094 705 4147 in
737 4093 947 4148 italiam
973 4095 1131 4159 abiit,
1171 4104 1229 4150 ut
1255 4104 1350 4149 aut
1378 4097 1634 4151 consules
1657 4113 1724 4153 eo
1757 4099 2094 4163 traduceret,

2201 4089 2318 4140 κατ’
2341 4088 2539 4151 αὐτῶν,
2571 4088 2648 4151 ὡς
2673 4088 2825 4143 οὐδὲν
2853 4088 3070 4158 ἤνυσεν,
3105 4090 3184 4152 είς
3229 4090 3461 4144 Ἰταλίαν
3485 4090 3781 4161 ὥρμησεν,

509 4196 606 4239 aut
640 4185 850 4240 interea
885 4202 1045 4256 agros
1085 4196 1347 4249 vastaret,
1395 4198 1453 4242 et
1505 4189 1671 4243 urbes
1698 4199 1918 4260 caperet
1950 4209 1963 4245 :
1999 4191 2094 4246 sed

512 4294 581 4333 ne
610 4279 684 4332 ibi
715 4280 940 4348 quidem
996 4280 1045 4333 ei
1093 4281 1395 4349 quidquam
1443 4281 1733 4336 successit.
1781 4281 1915 4336 Nam
1971 4298 2094 4337 cum

513 4370 823 4441 Strategum
877 4371 1090 4427 redilem
1138 4372 1436 4427 adventare
1481 4373 1786 4439 didicisset,
1857 4376 1912 4429 in
1957 4373 2097 4429 Sici-

509 4463 639 4518 llam
664 4464 849 4519 rediit.
890 4462 989 4519 Ubi
1022 4472 1145 4519 eum
1176 4464 1551 4521 conductitius
1592 4466 1750 4522 miles
1783 4467 1855 4521 ob
1885 4467 2096 4537 stipen-

517 4555 667 4609 dium
720 4557 1195 4623 tumultuaretur,
1250 4556 1453 4613 multos
1504 4559 1558 4613 in
1621 4559 1855 4614 desertis
1904 4560 2100 4614 insulis

511 4646 788 4714 expositos
803 4648 1048 4717 reliquit,
1065 4649 1662 4721 multosCarthaginem
1681 4650 1851 4705 misit.
1867 4650 1985 4717 Quo
1997 4666 2101 4707 eaa-

511 4735 615 4787 teri
650 4736 869 4805 cognito
907 4736 1198 4806 indignati,
1249 4754 1338 4793 res
1388 4754 1560 4794 novas
1606 4740 1950 4807 spectabant.
1984 4740 2090 4796 Sed

512 4825 774 4890 Amilcar,
803 4841 1091 4882 successor
1121 4828 1440 4883 Carthaloni
1471 4830 1632 4901 397
1676 4832 1859 4907 (latus,
1893 4834 2095 4886 multos

512 4930 710 4972 eorum
760 4931 927 4973 noctu
983 4920 1211 4986 occidit,
1244 4922 1447 4977 multos
1505 4924 1559 4976 in
1604 4924 1741 4977 mari
1803 4923 2087 4979 demersit.

2201 4179 2268 4231 ἶν’
2298 4177 2442 4232 οὕτω
2469 4181 2596 4242 τοὺς
2624 4180 2866 4243 ὑπάτους
2915 4182 3206 4255 μεταγάγῃ
3253 4182 3387 4247 ἐκεῖ,
3419 4185 3467 4235 εἰ
3499 4187 3636 4245 τέως
3674 4184 3784 4255 τὴν

2199 4271 2382 4342 χώραν
2418 4271 2668 4345 κακώσῃ,
2718 4274 2812 4326 καὶ
2857 4273 3042 4336 πόλεις
3092 4275 3319 4346 αἱρήσῃ.
3369 4273 3509 4327 ’Λλλε
3538 4275 3646 4328 οὐδ’
3680 4279 3783 4329 ὲν-

2197 4365 2374 4419 ταῦθά
2408 4383 2460 4420 τι
2499 4367 2649 4437 αύτῷ
2676 4367 3111 4438 ηπροσεχὼρησεο
3161 4367 3253 4420 τὸν
3312 4370 3423 4438 γὰρ
3468 4370 3782 4437 στρατηγὸν

2200 4458 2313 4515 τὸν.
2336 4458 2640 4529 ἀστυνόμον
2688 4457 2878 4528 μαθὼν
2931 4458 3325 4529 πλησιάζοντα,
3382 4463 3462 4525 είς
3517 4463 3780 4515 Σικελίαν

2201 4551 2553 4605 ἀνέπλευσεν.
2585 4551 2755 4603 Ἔνθα
2805 4551 2915 4603 τῶν
2965 4551 3310 4623 μισθοφόρων
3364 4555 3778 4607 στασιασάντων

2200 4643 2289 4695 διὰ
2314 4642 2403 4696 τὸν
2431 4643 2644 4712 μισθὸν,
2687 4645 2919 4712 συχνοὺς
2959 4645 3058 4713 μὲν
3094 4646 3148 4705 ἐς
3179 4642 3375 4713 νῆσους
3405 4648 3643 4714 ἐρήμους
3674 4645 3775 4697 ἐκ·

2202 4735 2432 4800 ϐιϐάσας
2459 4735 2740 4797 κατέλιπε,
2773 4735 3001 4800 πολλοὺς
3029 4738 3086 4790 δὲ
3117 4737 3210 4789 καὶ
3234 4738 3292 4798 ὲς
3322 4737 3422 4806 τὴν
3448 4737 3776 4807 Καρχηδόνι

2198 4830 2544 4884 ἀπέστειλεν.
2586 4830 2652 4881 Ὃ
2683 4830 2904 4898 γνόντες
2940 4831 2989 4881 oi
3023 4828 3201 4884 λοιποὶ
3231 4832 3645 4899 ἠγανάκτησαν,
3676 4831 3776 4884 καὶ

2203 4921 2547 4991 νεωτερίσειν
2577 4920 2823 4991 ἔμελλον.
2846 4915 2948 4974 1Ὠν
2989 4922 3252 4991 Ἀμίλκας
3268 4922 3654 4993 διαδεξάμενος
3682 4923 3773 4977 τὸν

511 5008 726 5065 Interea
764 5012 999 5066 Romani
1054 5024 1377 5084 perpetuam
1428 5030 1555 5071 cum
1616 5014 1852 5072 Hierone
1893 5017 2087 5072 amici-

2200 5015 2555 5084 Καρθάλωνα,
2596 5015 2830 5077 πολλοὺς
2856 5016 2955 5084 μὲν
3000 5016 3190 5079 νυκτὸς
3219 5018 3510 5087 κατέκοψε,
3548 5017 3772 5081 πολλοὺς

511 5100 645 5156 tiam
677 5114 998 5170 sanxerunt,
1029 5106 1276 5161 remissis
1305 5107 1526 5162 tributis
1563 5108 1781 5162 annuis.
1813 5108 2086 5180 Sequenti

2200 5108 2247 5160 δὲ
2278 5111 2369 5160 καὶ
2387 5110 2814 5162 κατεπόντωσεν.
2835 5107 2921 5160 Ἐν
2933 5109 3170 5179 τοσούτῳ
3189 5109 3234 5162 δ’
3255 5110 3303 5163 oi.
3320 5111 3580 5178 Ῥωμαῖοι
3592 5110 3772 5178 φιλίαν

510 5208 659 5248 anno
697 5194 839 5250 bello
892 5197 1073 5250 navali
1123 5206 1350 5267 propter
1399 5198 1623 5253 crebras
1672 5198 1856 5253 clades
1890 5208 1946 5255 et
1987 5199 2088 5254 im-

2200 5201 2362 5255 ἀῖδιον
2387 5201 2524 5270 πρὸς
2582 5200 2807 5271 Ἱέρωνα
2850 5201 3232 5272 διεπράξαντο,
3285 5203 3383 5256 καὶ
3412 5203 3770 5272 προσαφῆκαν

513 5300 738 5356 pensas,
768 5287 986 5358 publice
1013 5289 1423 5344 abstinuerunt.
1456 5289 1562 5344 Sed
1591 5288 1813 5359 quidam
1838 5292 2097 5360 privatim‘

511 5378 752 5433 navibus
785 5380 1094 5448 postulatis,
1145 5396 1283 5450 quas
1325 5382 1705 5444 restituerent,
1742 5392 1803 5438 et
1849 5384 2090 5453 praadam

508 5473 625 5528 sibi
657 5473 1034 5538 vendicarent,
1074 5490 1200 5531 cum
1241 5475 1375 5531 alias
1420 5476 1604 5531 clades
1643 5474 1896 5532 hostibus
1949 5476 2096 5531 intu-

471 5566 727 5633 'lerunt,
761 5575 879 5623 tum
925 5566 1230 5639 Hipponem
1275 5570 1470 5624 urbem
1522 5568 1783 5641 Libycam
1838 5568 2091 5638 ingressi,

520 5656 734 5728 navigia
767 5658 949 5712 omnia
978 5670 1034 5713 et
1076 5658 1273 5715 multas
1301 5659 1447 5715 mdes
1481 5668 1820 5715 cremarunt.
1865 5658 1933 5714 Et
1971 5674 2096 5714 cum

525 5746 675 5803 cives
704 5759 896 5820 portus
922 5749 1132 5808 aditum
1170 5751 1380 5807 catenis
1409 5750 1754 5818 clausissent,
1795 5766 1861 5808 ex
1902 5764 2099 5821 magno

2199 5289 2301 5343 ὅσα
2334 5289 2462 5362 παρ’
2487 5289 2653 5343 αὑτοῦ
2685 5291 2915 5355 ιπετίως
2962 5290 3288 5361 ἐλάμϐανον.
3324 5292 3416 5361 Τῷ
3435 5292 3631 5361 δ’»ἑξῆς
3662 5292 3767 5344 ἔτει

2198 5382 2294 5435 τοῦ
2323 5381 2612 5436 θαλαττίου
2648 5376 2889 5451 πολέμου
2946 5382 3185 5453 δημοσίᾳ
3244 5383 3346 5454 μὲν
3398 5385 3447 5437 oi
3511 5384 3765 5453 Ῥωμαῖοι

2200 5474 2507 5544 ἀπέσχοντο
2564 5473 2655 5527 διά
2702 5473 2770 5527 τά
2817 5472 3171 5545 ἀναλώματα.
3213 5474 3341 5547 Ίδίᾳ
3384 5475 3444 5529 δέ
3472 5492 3617 5539 τινες
3643 5475 3768 5543 νῆας

2201 5568 2546 5638 αἰτήσαντες,
2598 5564 2730 5618 ὥστ’
2756 5567 2975 5630 ὲκείνας
3026 5567 3125 5636 μὲν
3170 5569 3642 5639 ἀποκαταστῆσαι,
3671 5570 3765 5634 τὴν

2199 5656 2350 5709 λείαν
2380 5656 2438 5708 δὲ
2465 5654 2877 5720 οἰκειώσασθαι,
2903 5657 3038 5710 ἄλλα
3066 5674 3128 5710 τε
3152 5659 3277 5722 τοὺς
3320 5659 3612 5728 πολεμίους
3641 5662 3768 5714 ἐκά-

2202 5762 2408 5816 κωσαν,
2443 5747 2538 5801 καὶ
2575 5748 2633 5811 ἐς
2672 5743 2917 5803 ἰππῶνα
2939 5747 3183 5822 Λιϐυκὴν
3212 5748 3367 5807 πόλιν
3419 5750 3764 5805 εἰσπλεύσαν-
