4050 6210
313 266 420 334 681

1543 261 1944 323 ANNALIUM
1983 259 2127 321 LIB.
2160 258 2330 322 VIII.

3403 239 3410 244 ’
3478 260 3586 324 ese

313 396 433 442 τες,
465 379 537 434 τά
560 395 618 432 τε
649 379 810 433 πλςῖα
839 382 1019 454 πάντα
1054 375 1148 430 καὶ
1179 372 1351 428 πολλὰ
1394 371 1500 427 τῶν
1531 371 1900 443 οἰκοδομημά-

2015 368 2254 438 periculo
2287 375 2408 422 arte
2437 375 2492 422 et
2540 367 2767 422 fortuna
2811 378 3126 422 evaserunt.
3158 365 3294 421 Nam
3324 368 3590 427 festinan-

311 485 428 525 των
463 471 841 541 κατέπρησαν.
896 470 1019 523 Τῶν
1067 468 1114 521 δ’
1143 465 1458 537 ἐπιχωρίων
1506 465 1568 519 τὸ
1597 464 1774 535 στόμα
1804 463 1898 517 τοῦ

311 563 543 633 λιμένος
571 563 935 616 διαλαϐόντων
974 560 1252 628 ἁλύσεσιν,
1313 561 1372 612 ὲν
1403 559 1726 630 περιστάσει
1776 555 1901 625 ίγέ-

310 670 494 720 νοντο,
534 652 698 724 σοφίᾳ
725 653 783 707 δὲ
806 653 901 706 καὶ
931 653 1073 725 τύχῃ
1095 651 1500 722 περιεγένοντο.
1557 649 1768 719 Σπουδῇ
1793 649 1902 717 γάρ

309 749 436 809 ταῖς
463 744 690 813 ἁλύσεσι
715 746 1144 816 προσπεσόντες,
1169 744 1293 797 ἐπεὶ
1320 741 1705 814 προσάψασθαι
1723 741 1903 795 αὐτῶν

312 838 545 908 εμελλον
578 837 628 890 οί
655 836 878 907 ἐμϐολοι
927 836 1038 890 τῶν
1065 836 1233 906 νηῶν,
1275 836 1636 906 μετέστησαν,
1690 835 1748 897 ὲς
1803 836 1903 898 τὰς

312 931 584 1002 πρύμνας
611 930 661 982 οί
691 928 787 982 τοῦ
807 928 1212 1000 πληρώματοςο
1242 928 1334 980 καὶ
1363 925 1537 989 οὕτως
1571 927 1629 980 αί
1653 927 1904 997 πρῶραι,

312 1020 731 1088 κουφισθεῖσαι,
761 1021 1050 1092 ύπερῆραν
1074 1019 1172 1080 τὰς
1202 1018 1444 1082 ἁλύσεις.
1465 1017 1634 1081 Αὖθις
1663 1019 1708 1072 δ’
1729 1021 1786 1081 ἐς
1807 1021 1905 1081 τὰς

313 1112 552 1182 πρώρας
583 1111 766 1167 αὐτῶν
803 1110 1327 1182 μεταπηδησάντων.
1390 1109 1448 1162 al
1517 1110 1768 1180 πρύμναι
1795 1111 1906 1163 τῶν

313 1204 548 1272 σκαφῶν
577 1205 1048 1274 μετεωρίσθησαν,
1076 1203 1170 1257 καὶ
1202 1203 1575 1274 διεξέδραμον.
1621 1205 1732 1258 Καὶ
1768 1204 1908 1274 μετὰ

311 1294 477 1348 τοῦτο
511 1295 642 1364 περὶ
672 1294 732 1348 τὸ
775 1294 1059 1364 Πάνορμον
1093 1295 1252 1348 ναυσὶ
1283 1294 1688 1365 Καρχηδονίους
1720 1295 1904 1366 ἐνίκη-

315 1402 443 1438 σαν.
474 1385 539 1438 Οί
573 1383 618 1437 δ’
648 1383 868 1446 ὕπατοι,
922 1384 1197 1448 Μέτελλος
1232 1384 1332 1452 μὲν
1361 1385 1642 1458 Καικίλιος
1687 1388 1817 1457 περὶ
1845 1386 1906 1440 τὸ

249 1493 254 1495 ’
313 1476 616 1530 Λιλύϐαιον
669 1472 756 1548 ἦν,
813 1477 1121 1548 Νουμέριος
1181 1476 1238 1531 δὲ
1291 1476 1489 1539 Φάϐιος
1538 1477 1617 1549 τῷ
1645 1479 1910 1549 Δρεπάνῳ

314 1569 685 1638 προσήδρευε,
723 1569 820 1620 καὶ
870 1557 1236 1622 ἐπεϐούλευσε
1290 1571 1356 1639 τῇ
1386 1568 1562 1638 νησίδι
1587 1572 1654 1641 τῇ
1691 1571 1910 1626 Πελιάδι

317 1660 659 1732 καλουμένῃ.
721 1661 1202 1733 προκατειλημένη
1273 1662 1424 1731 παρὰ
1493 1662 1908 1734 Καρχηδονίων,

2004 473 2090 519 ter
2155 463 2210 518 in
2269 470 2495 517 catenas
2547 458 2773 526 invecti,
2827 473 2954 514 cum
2999 473 3096 512 eas
3145 459 3321 514 rostra
3363 463 3585 518 navium

1997 555 2220 628 iamiam
2273 553 2633 623 attingerent,
2687 552 2742 606 in
2794 567 3009 622 puppes
3065 552 3453 608 transierunt:
3515 557 3588 611 ita

2003 663 2183 718 prorae
2225 648 2416 703 levatae
2478 655 2700 701 catenas
2727 654 3081 717 superarunt.
3119 644 3368 717 Cumque
3399 663 3594 703 rursus

2006 741 2061 794 in
2094 754 2286 809 proras
2310 739 2736 801 transiluissent,
2773 753 2990 809 puppes
3011 740 3202 794 levata:
3229 741 3591 796 transierunt.

2005 832 2135 888 Post
2169 832 2286 887 haec
2328 831 2395 886 ad
2436 832 2768 886 Panormum
2803 832 3291 902 Carthaginienses
3312 833 3588 890 vicerunt.

2005 923 2311 979 Consulum
2363 922 2503 977 alter
2553 921 3100 978 CaeciliusMetellus
3156 923 3225 977 ad
3286 923 3588 995 Lilybmum

2007 1014 2134 1081 fuit,
2174 1016 2314 1070 alter
2358 1014 2655 1070 Numerius
2703 1015 2902 1070 Fabius
2953 1016 3265 1086 Drepanum
3323 1017 3539 1072 obsedit
3578 1057 3594 1082 ,

2006 1114 2064 1160 et
2096 1105 2288 1161 insulse
2311 1105 2696 1168 Columbarizc,
2729 1121 2758 1159 a
2790 1107 3346 1177 Carthaginiensibus
3387 1125 3594 1179 praeoc-

2008 1206 2240 1267 eupatm,
2278 1204 2448 1252 noctu
2493 1196 2676 1251 missis
2726 1197 2993 1253 militibus
3025 1207 3111 1253 est
3151 1197 3468 1268 insidiatus,
3502 1203 3597 1269 qui

2007 1290 2191 1345 occiso
2236 1289 2489 1360 praesidio
2521 1290 2752 1344 insulam
2797 1301 3160 1361 occuparunt.
3205 1291 3343 1347 Cum
3381 1305 3595 1358 autem,

2010 1381 2282 1436 Amileare
2316 1396 2478 1436 mane
2515 1391 2707 1436 contra
2748 1382 2872 1437 illos
2915 1383 3183 1452 profecto,
3236 1384 3442 1439 Fabius
3488 1386 3596 1440 illis

2010 1489 2168 1544 opem
2200 1474 2345 1530 ferre
2393 1491 2502 1529 non
2550 1483 2756 1544 posset,
2795 1475 3104 1545 Drepanum
3140 1476 3360 1541 invasit,
3401 1486 3461 1532 ut
3499 1489 3598 1544 aut

2014 1563 2204 1617 urbem
2234 1578 2333 1633 per
2371 1563 2529 1618 ducis
2566 1564 2872 1619 absentiam
2917 1573 3161 1634 caperet.
3201 1574 3298 1620 aut
3333 1567 3485 1621 illum
3526 1569 3596 1622 ab

2011 1651 2188 1706 insula
2233 1651 2601 1706 abstraheret.
2650 1651 2856 1705 I-lorum
2917 1653 3152 1706 alterum
3203 1652 3254 1707 ei
3308 1655 3594 1708 successit.

318 1726 669 1823 στρατιώτας
698 1726 924 1823 πέμψας
944 1726 1253 1816 vui-ibam?
1299 1726 1427 1816 τοὺς
1457 1726 1729 1825 φρουρούς
1759 1726 1909 1809 xui;

2015 1743 2252 1799 Amilear
2279 1744 2426 1800 enim
2465 1744 2713 1809 territus,
2760 1744 2816 1798 in
2860 1744 3222 1799 munitionem
3264 1760 3322 1800 se
3365 1749 3596 1816 recepit.

319 1859 540 1907 ναντες,
575 1842 674 1914 τὴν
697 1842 864 1912 νῆσον
896 1839 1062 1898 εἷλον.
1103 1845 1169 1897 ’Ὀ
1198 1843 1388 1913 μαθὼν
1426 1846 1710 1916 Ἀμίλκας,
1741 1846 1911 1900 ἕωθεν

317 1940 438 1999 τοῖς
466 1937 850 2008 διαϐεϐηκόσιν
871 1936 1098 1990 ἐπέθετο
1123 1953 1138 1966 ·
1199 1932 1281 2000 οἷς
1335 1938 1436 1992 ούκ
1461 1938 1602 2009 ἔχων
1651 1940 1860 2010 ἀμῦναι
1884 1942 1914 1996 ὁ

316 2026 544 2090 Φάϐιος,
567 2026 645 2098 τῷ
669 2027 932 2098 Δρεπάνῳ
961 2027 1313 2099 προσέμιξεν,
1347 2028 1424 2093 ὡς
1465 2029 1498 2101 ἢ
1532 2029 1629 2101 τὴν
1661 2032 1816 2086 πόλιν
1843 2031 1911 2085 δι’

317 2118 564 2189 ἐρημίαν
593 2118 914 2190 αἱρήσων,ἢ
941 2117 1038 2188 τῆς
1061 2120 1223 2189 νήσου
1252 2119 1342 2172 τὸν
1372 2119 1641 2190 Ἀμίλκαν
1660 2120 1906 2189 ἀπάξων.

318 2210 436 2264 Καὶ
470 2208 675 2279 ἠνύσθη
699 2209 762 2274 τὸ
789 2209 848 2262 ἓν
869 2209 1175 2279 ’.φοϐηθεὶς
1205 2208 1314 2279 γὰρ
1345 2211 1374 2263 ό
1402 2209 1910 2283 ’Δμίλκας.άνεχὼ-

328 2319 500 2372 ρησεν
530 2301 610 2363 είς
637 2300 696 2353 τὺ
716 2303 914 2372 τεῖχος.
956 2302 1068 2354 Καὶ
1095 2303 1123 2354 ό
1151 2301 1348 2364 Φάϐιος
1370 2301 1468 2374 τὴν
1497 2303 1730 2357 Πελιάδα
1778 2321 1912 2357 κατ-

321 2396 481 2464 έσχε,
523 2393 617 2444 καὶ
667 2391 726 2444 τὸ
758 2391 961 2462 μεταξὺ
990 2391 1196 2463 ταύτης
1223 2391 1440 2463 καὶτῆς
1467 2393 1696 2465 ⁴ίιπείρου
1730 2394 1913 2448 στενὸν

323 2486 424 2538 καὶ
465 2483 770 2553 τεναγῶδες
823 2482 1091 2553 τυγχάνον
1147 2483 1438 2555 συγχώσας
1482 2485 1784 2556 ἡπείρωτε.
1821 2489 1915 2539 καὶ

326 2579 463 2648 ῥᾷον
491 2576 893 2647 προσεπολέμει
921 2576 1011 2630 τοῦ
1045 2575 1258 2649 τείχους
1289 2579 1408 2632 ἐκεῖ
1435 2578 1546 2650 (25)
1569 2579 1722 2643 ὄντος
1749 2579 1913 2633 ἀσθε-

323 2669 612 2738 νεστέρου.
671 2669 782 2723 Καὶ
817 2670 868 2722 οἱ
922 2669 1288 2741 Καρχηδόνιοι
1340 2670 1510 2739 συχνὰ
1563 2668 1914 2740 παρελύπουν

324 2759 553 2822 αὐτοὺς,
587 2759 668 2821 είς
699 2757 952 2813 Σικελίαν
990 2775 1051 2813 τε
1103 2759 1512 2831 περιπλέοντες,
1567 2760 1663 2814 καὶ.
1709 2761 1790 2818 είς
1815 2761 1916 2832 τὴν

337 2851 574 2905 Ἰταλίαν
603 2850 1017 2922 περαιούμενοι.
1044 2852 1182 2915 Τοὺς
1202 2851 1246 2906 δ’
1265 2851 1645 2922 αίχμαλὼτους
1669 2853 1916 2923 ἀλλήλων

325 2942 504 3014 ἄνδρα
533 2943 648 2997 ἀντ’
681 2943 876 3011 ἀνδρὸς
901 2943 1202 3013 ἠλλάξαντο
1224 2957 1240 2974 ⁸
1273 2947 1402 3006 τοὺς
1440 2945 1498 2998 δὲ
1523 2944 1768 3011 λοιποὺς,
1792 2947 1918 3000 ἐπεὶ

329 3037 412 3107 μὴ
437 3031 582 3107 ἦσαν
604 3036 936 3106 ἰσοπληθεῖς,
958 3035 1228 3106 ἀργυρίου
1255 3035 1306 3089 οἱ
1341 3036 1703 3108 Καρχηδόνιοι
1728 3037 1916 3110 ὲκομί-
1940 3071 1985 3134 C

328 3143 519 3181 σαντο.
547 3125 775 3179 Ἐκτοτε
797 3127 854 3180 δὲ
883 3127 1130 3196 διάφοροι
1166 3126 1266 3197 μὲν
1297 3127 1637 3193 ὑπάτευσαν,
1669 3128 1824 3184 οὐδὲν
1857 3130 1918 3184 δὲ

329 3218 581 3288 ἱστορίας
629 3218 875 3290 ἔπραξαν
902 3219 1050 3286 ἄξιον
1071 3235 1086 3251 ο
1143 3219 1401 3289 μέγιστον
1425 3221 1536 3291 γὰρ
1569 3223 1618 3274 oi.
1657 3224 1917 3293 Ῥωμαῖοι

325 3310 685 3378 ἐσφάλλοντο,
737 3313 820 3364 ὅτι
852 3314 975 3365 κατ’
1034 3312 1282 3366 ἐνιαυτὸν
1323 3312 1536 3377 ἄλλους,
1569 3309 1668 3368 εἷθ’
1698 3315 1921 3386 ἑτέρους

324 3403 604 3473 ἄρχοντας
635 3404 882 3473 ἔπεμπον
903 3419 919 3435 ο
956 3402 1086 3473 ἄρτι
1117 3403 1176 3456 δὲ
1203 3403 1305 3473 τὴν
1334 3404 1674 3474 στρατηγίαν
1709 3405 1917 3476 μανθά-

327 3507 546 3558 νοντας,
575 3493 674 3562 τῆς
699 3492 872 3564 ἀρχῆς
902 3491 1128 3558 ἔπαυον,
1157 3490 1351 3565 ῶσπερ
1384 3495 1462 3557 εἰς
1494 3494 1730 3566 ἄσκησιν
1754 3497 1916 3565 σφᾶς,

328 3583 448 3637 ἀλλ’
482 3586 584 3639 οὐκ
611 3587 690 3649 είς
724 3587 922 3657 χρῆσιν
967 3585 1307 3658 αἱρούμενοι.
1333 3588 1397 3641 Ol
1423 3587 1661 3643 Γαλάται
1691 3589 1776 3657 δὲ,
1805 3591 1919 3653 τοῖς

333 3679 731 3750 Καρχηδονίοις
781 3680 1197 3751 συμμαχοῦντες
1225 3681 1324 3735 καὶ
1377 3680 1668 3752 μισοῦντες
1697 3681 1920 3750 αὐτοὺς,

330 3768 417 3821 ὅτι
442 3768 630 3833 κακῶς
666 3770 1104 3840 μετεχειρίζοντο
1149 3771 1312 3840 σφᾶς,
1348 3771 1612 3842 φρουρίου
1641 3771 1787 3834 τινὸς
1815 3789 1919 3840 φυ-

328 3859 507 3930 λακὴν
555 3863 1012 3933 ὲμπιστευθέντες
1081 3866 1195 3927 τοῖς
1255 3863 1551 3934 Ῥωμαίοις
1603 3862 1738 3918 αὐτὸ
1784 3880 1919 3935 προ-

2012 1836 2216 1892 Fabius
2246 1837 2656 1892 Columbariam
2702 1838 2889 1893 tenuit
2928 1853 2945 1891 :
3003 1847 3060 1893 et
3103 1840 3386 1908 angustias
3443 1839 3592 1910 paluv

2013 1929 2220 1999 desque
2296 1930 2614 2002 interiectas
2670 1929 2965 2000 aggeribus
3031 1931 3338 1986 continenti
3390 1932 3594 2002 junxit.

2012 2023 2090 2078 Ita
2121 2024 2334 2080 facilior
2361 2023 2502 2080 facta
2536 2025 2898 2095 Oppugnatio,
2931 2041 3054 2081 cum
3103 2026 3179 2080 ibi
3222 2042 3418 2082 murus
3447 2039 3597 2082 esset

2014 2113 2303 2171 infirmior.
2323 2114 2817 2187 Carthaginienses
2859 2127 3042 2171 autem
3070 2118 3152 2174 eis
3197 2117 3388 2173 crebra
3427 2118 3598 2173 detri-

2015 2217 2198 2264 menta
2231 2208 2568 2276 inferebant,
2613 2225 2765 2265 nunc
2798 2210 2854 2264 in
2898 2210 3164 2274 Siciliam,
3203 2227 3352 2268 nunc
3392 2213 3444 2267 in
3491 2213 3602 2266 Ita-

2013 2299 2144 2354 liam
2199 2301 2544 2373 trajiciendo.
2589 2302 2856 2373 Captivos
2899 2303 3108 2358 viritim
3162 2314 3594 2373 permutarunt:

2014 2400 2268 2457 ceteros,
2319 2392 2448 2463 quia
2507 2403 2719 2450 tantum
2774 2410 3066 2451 numerum
3120 2410 3234 2450 non
3292 2395 3596 2464 habebant,

2028 2482 2514 2555 Carthaginienses
2542 2486 2774 2556 pecunia
2815 2486 3191 2542 redemerunt.
3224 2487 3304 2542 Ab
3354 2503 3420 2542 eo
3463 2497 3601 2543 tem-

2015 2590 2148 2646 pore
2181 2577 2381 2632 diversi
2423 2576 2680 2632 consules
2724 2578 2968 2644 fuerunt,
3014 2578 3111 2634 sed
3164 2578 3305 2634 nihil
3362 2579 3597 2635 historia

2016 2669 2239 2740 dignum
2267 2677 2580 2738 gesserunt.
2612 2669 2747 2724 Nam
2794 2670 2927 2724 illud
2975 2670 3214 2724 maximo
3259 2671 3596 2727 detrimento

2019 2759 2278 2814 Romanis
2335 2759 2460 2824 fuit,
2511 2760 2656 2829 quod
2705 2759 2874 2815 duces
2933 2762 3231 2830 quotannis
3289 2761 3597 2829 mutabant,

2017 2864 2221 2921 eosque
2259 2850 2356 2921 qui
2409 2850 2765 2920 imperatoria
2814 2851 3005 2904 munia
3053 2851 3238 2906 adhuc
3287 2853 3599 2921 discebant,

2019 2944 2348 3000 revocabant
2383 2957 2398 2997 :
2427 2942 2583 3013 quasi
2616 2957 2728 2996 non
2764 2943 2840 2997 rei
2871 2943 3145 3012 gerendis,
3177 2943 3273 2999 sed
3305 2920 3598 3000 exercendi

2019 3051 2182 3092 causa
2217 3035 2516 3106 ablegatos.
2552 3033 2694 3090 Galli
2722 3033 3271 3105 Carthaginiensibus
3301 3036 3470 3092 sociis
3516 3037 3603 3090 in-

2020 3127 2181 3188 fensi.
2216 3125 2379 3197 quod.
2409 3125 2479 3180 ab
2519 3125 2602 3181 eis
2649 3126 2788 3180 male
2831 3124 3234 3195 acciperentur,
3279 3126 3597 3198 praesidium

2020 3218 2294 3289 quoddam
2332 3233 2446 3273 suae
2479 3217 2605 3272 tidei
2638 3217 3011 3285 commissum,
3062 3217 3326 3273 Romanis
3365 3219 3599 3288 pecunia

2019 3311 2186 3382 398
2214 3308 2578 3379 prodiderunt
2608 3326 2622 3363 :
2657 3309 2726 3364 ab
2752 3309 2944 3379 eisque
2976 3325 3086 3365 una
3120 3324 3246 3365 cum
3285 3310 3406 3366 aliis
3443 3310 3537 3381 qui
3567 3326 3599 3366 a

2021 3402 2283 3458 societate
2329 3400 2869 3471 Carthaginiensium
2912 3401 3260 3468 defecerant,
3323 3403 3600 3473 stipendio

2020 3492 2277 3549 conducti
2314 3499 2467 3557 sunt,
2503 3506 2627 3546 cum
2669 3493 2828 3562 prius
2859 3495 3210 3563 peregrinum
3254 3493 3402 3549 alere
3453 3495 3603 3549 mili-

2023 3594 2131 3640 tem
2160 3583 2394 3639 Romani
2420 3597 2530 3638 non
2561 3587 3000 3640 consuevissent.
3036 3584 3132 3639 llis
3163 3583 3313 3649 freti,
3343 3595 3398 3640 et
3427 3586 3601 3642 classe

2022 3677 2362 3748 privatorum
2395 3675 2683 3731 hominum
2725 3677 2966 3732 Africam
3012 3677 3414 3740 infestantium,
3447 3693 3600 3732 mare

2022 3769 2234 3825 diutius
2260 3759 2537 3839 negligere
2579 3767 2850 3834 nolentes,
2887 3768 3069 3824 denuo
3104 3784 3272 3824 naves
3316 3785 3604 3840 compara—

2028 3870 2178 3917 τυιιι.

329 3948 540 4021 hunc
580 3952 672 4005 ἐπὶ
701 3955 968 4025 χρήμασι.
1023 3955 1411 4019 Μεταστάντας
1460 3954 1520 4008 δὲ
1575 3953 1684 4008 ἀπὸ
1731 3955 1842 4008 τῶν
1869 3953 2256 4026 Καρχηδονίων
2314 3951 2586 4016 Γαλάτας,
2635 3951 2729 4004 καὶ
2751 3951 2946 4014 ἄλλους
2972 3951 3081 4005 τῶν
3113 3953 3262 4022 σφῶν
3295 3955 3603 4027 συμμάχων

329 4043 484 4107 τινας
506 4044 557 4096 οί
605 4044 862 4114 Ῥωμαῖοι
885 4048 977 4101 ἐπὶ
998 4047 1304 4128 μισθοφορᾷ
1321 4048 1738 4119 προσελάϐοντο,
1760 4047 1927 4120 μήπω
1967 4047 2233 4116 πρότερον
2265 4045 2554 4116 τρέφοντες
2585 4043 2817 4111 ξενικόν.
2847 4043 3078 4108 ’Τούτοις
3108 4044 3200 4099 οὖν
3229 4047 3601 4119 ὲπαιρόμενιι,

332 4137 434 4193 καὶ
463 4138 545 4192 ὅτι
568 4141 617 4192 οί
647 4141 746 4205 τὰς
804 4145 936 4206 ναῦς
1000 4141 1214 4213 ἔχοντες
1248 4142 1454 4199 ἰδιῶται
1489 4144 1587 4215 τὴν
1616 4143 1826 4215 Λιϐύην
1855 4142 2194 4214 ἐπόρθησαν,
2252 4139 2438 4195 οὐκέτι
2495 4139 2719 4211 ἀμελεῖν
2767 4140 2869 4212 τῆς
2896 4140 3172 4213 θαλάσσης
3217 4144 3429 4214 ἡθελον,
3468 4143 3604 4200 ἀλλὰ

335 4233 435 4284 καὶ
463 4229 621 4296 αὖθις
654 4236 908 4287 ναυτικὸν
937 4235 1360 4304 συνεστήσαντο.

409 4325 512 4380 ΙΖ’.
545 4327 654 4380 Καὶ
698 4327 994 4393 Λουτάτιος
1042 4328 1290 4394 Κατύλος
1341 4329 1550 4394 ὕπατος
1599 4331 1795 4404 ᾑρέθη,
1832 4333 1914 4387 καί

2101 4329 2270 4386 XVII.
2305 4329 2559 4386 Luctatio
2590 4329 2787 4386 Catulo
2816 4331 3026 4385 consuli
3052 4330 3357 4402 designato,
3395 4333 3602 4404 collega

331 4418 516 4488 τούτῳ
577 4420 996 4492 συνεξεπέμφθη
1055 4422 1289 4486 Κύῖντος
1335 4423 1630 4494 Οὐαλέριος
1675 4425 1921 4488 Φλάκκος

333 4511 687 4581 ἁστυνομῶν.
719 4511 806 4576 Οἳ,
839 4515 896 4576 ἐς
924 4511 1174 4567 Σικελίαν
1206 4513 1475 4579 ἐλθόντες,
1520 4516 1612 4568 καὶ
1639 4515 1782 4568 κατὰ
1812 4515 1917 4583 γῆν

335 4604 436 4657 καὶ
463 4603 742 4656 θάλασσαν
798 4603 877 4674 τῷ
910 4604 1174 4676 Δρεπάνῳ
1226 4607 1589 4676 προσέϐαλον,
1623 4606 1716 4660 καί
1743 4624 1793 4659 τι
1822 4605 1918 4659 τοῦ

338 4697 557 4765 τείχους
587 4697 958 4766 κατήρειψανο
1010 4699 1104 4748 καὶ
1131 4689 1273 4749 εἷλον
1313 4697 1379 4750 ἂν
1409 4697 1563 4762 αὐτὸ,
1612 4697 1660 4749 εί
1697 4695 1794 4767 μὴ,
1825 4696 1920 4750 τοῦ

335 4788 551 4842 ὑπάτου
573 4787 896 4860 τρωθέντος,
930 4786 1061 4856 περὶ
1107 4788 1314 4840 ἐκεῖνον
1341 4789 1390 4841 οί
1425 4787 1756 4859 στρατιῶται
1812 4788 1921 4841 ἀπ-

334 4879 745 4950 ησχολήθησαν..
772 4882 890 4934 Κάν
920 4879 1096 4950 τούτῳ
1136 4879 1398 4950 μαθόντες
1447 4880 1574 4942 τοὺς
1625 4879 1920 4949 πολεμίους

332 4971 554 5025 οἴκοθεν
584 4972 743 5043 ἥκειν
765 4971 1006 5041 ναυτικῷ
1041 4971 1258 5042 πλήθει,
1297 4972 1565 5035 ’Ἄννωνος
1585 4971 1924 5043 ναυαρχοῦν-

333 5082 452 5129 τος,
486 5065 623 5136 πρὺς
645 5064 888 5126 ἐκείνους
918 5063 1240 5136 ἐτράποντο.
1268 5063 1379 5131 Καὶ
1404 5062 1923 5134 ἀντιπαραταξαμέ-

333 5175 449 5212 νων
499 5156 701 5221 αὺτῶν,
759 5156 961 5226 ἄστρον
1016 5172 1072 5209 τι
1117 5153 1500 5226 λαμπαδῶδες,
1537 5153 1775 5226 ὕπερθεν
1811 5155 1920 5208 τῶν

345 5249 642 5318 Ῥωμαίων
659 5249 829 5317 φανὲν
847 5251 904 5315 ἐξ
929 5248 1246 5319 ἀριστερᾶς,
1269 5247 1349 5309 είς
1363 5247 1490 5310 τοὺς
1513 5245 1916 5316 Καρχηδονίους

332 5340 512 5412 ἀρθὲν
551 5339 987 5410 ἐγκατέσκηψεν.
1033 5339 1284 5407 Ἐγένετο
1338 5337 1382 5391 δ’
1410 5338 1444 5408 ή
1496 5337 1775 5407 ναυμαχία
1822 5337 1918 5388 καὶ

334 5434 426 5488 ἐπ’
459 5435 672 5505 ἀμφοῖν
697 5432 962 5506 καρτερὰ,
989 5431 1055 5485 δι’
1087 5431 1220 5486 ἄλλα
1241 5447 1299 5484 τε
1322 5431 1416 5484 καὶ
1447 5429 1534 5484 ἵνα
1562 5430 1612 5483 oi
1640 5428 1741 5501 μὲν
1768 5430 1919 5500 Καρ-

2016 4423 2312 4494 adjunctus
2338 4429 2424 4478 est
2463 4421 2530 4488 Q.
2560 4421 2812 4478 Valerius
2863 4422 3094 4478 Flaccus
3134 4424 3330 4479 aedilis.
3385 4425 3490 4492 Qui
3547 4427 3602 4481 in

2018 4513 2262 4570 Siciliam
2301 4512 2557 4585 profecti,
2589 4521 2646 4568 et
2680 4525 2828 4567 terra
2875 4514 3124 4584 marique
3166 4516 3476 4586 Drepanum
3510 4533 3605 4588 ag-

2018 4606 2213 4676 gressi,
2246 4613 2459 4675 partem
2491 4605 2635 4660 muri
2681 4604 3006 4676 dejeeerunt
3037 4623 3052 4658 :
3093 4607 3468 4677 oppidumque
3514 4624 3605 4664 ce-

2020 4695 2270 4766 pissent,
2335 4695 2441 4751 nisi
2499 4695 2728 4751 consule
2797 4697 3124 4764 vnlnerato,
3182 4698 3388 4754 milites
3457 4700 3604 4756 circa

2019 4781 2173 4837 illum
2219 4783 2474 4852 occupati
2523 4782 2781 4838 fuissent.
2833 4784 3052 4840 Interea
3107 4788 3327 4857 cognito
3357 4787 3603 4842 hostium

2021 4874 2282 4938 adventu,
2329 4874 2637 4929 llannOnne
2671 4889 2923 4942 magnam
2975 4876 3196 4932 turbam
3232 4878 3396 4934 domo
3425 4879 3605 4933 addu-

2025 4974 2211 5032 cente,
2243 4975 2438 5022 contra
2472 4966 2595 5021 illos
2630 4981 2691 5021 se
2735 4976 3152 5023 converterunt.
3180 4969 3314 5037 Acie
3345 4971 3604 5040 utrinque

2024 5057 2312 5123 instructa,
2341 5066 2552 5113 astrum
2583 5057 2882 5128 quoddam,
2913 5056 3049 5114 facis
3077 5059 3270 5126 instar,
3301 5076 3468 5131 supra
3499 5061 3594 5115 llo-

2025 5164 2220 5204 tnanos
2251 5149 2319 5204 ad
2357 5149 2548 5204 laevam
2584 5157 2865 5215 exortum,
2899 5165 3094 5206 versus
3120 5151 3604 5221 Carthaginienses

2026 5259 2255 5300 acumen
2308 5244 2531 5299 direxit.
2590 5245 2778 5316 Pugna
2841 5255 3000 5300 atrox
3053 5246 3346 5302 commissa
3403 5255 3490 5302 est
3537 5247 3603 5301 ab

2028 5339 2296 5408 utrisque,
2331 5350 2446 5394 tum
2484 5340 2556 5394 ob
2607 5341 2739 5408 alia,
2800 5351 2915 5398 tum
2944 5341 3090 5409 quod
3125 5340 3603 5412 Carthaginienses

2027 5429 2304 5486 Romanos
2330 5431 2396 5485 ad
2433 5441 2756 5512 extremam
2779 5431 3052 5488 bellorum
3103 5433 3378 5494 navalium
3413 5431 3600 5500 despe-
3632 5497 3636 5500 ,

1529 5566 1731 5630 γωνίαι
1754 5565 2063 5629 lectiones
2108 5577 2168 5630 et
2199 5577 2388 5632 nolm.

415 5700 531 5774 (2'5)
583 5698 691 5754 Τοῦ
725 5697 965 5766 τείχους
1002 5694 1145 5760 ἐκεῖ,
1175 5705 1283 5750 etc.
1323 5694 1571 5750 Mutilum
1609 5694 1788 5750 locum
1828 5699 1914 5762 pul

2015 5675 2066 5748 ιι
2094 5693 2322 5750 Wolfius
2357 5713 2369 5748 :
2408 5695 2485 5751 sic
2517 5704 2700 5750 tamen
2731 5709 2920 5752 omnes
2951 5711 3080 5749 mss.

683 5793 958 5853 ΡΑτιιοι..
993 5788 1108 5852 Gn.
1145 5789 1490 5853 CXXXIV.
