4050 6210
455 255 562 316 683

1754 255 2076 318 JOANNIS
2116 255 2438 318 Z-JNAR:E

3604 259 3718 326 684

457 369 729 426 rationem
758 371 976 444 adigere
1005 372 1319 429 voluerunt.
1353 373 1581 429 Romani
1610 373 1764 445 prius
1790 384 2028 444 acceptas

2142 373 2377 444 χηδόνιοι
2412 376 2468 438 ἐς
2495 374 2708 428 τελείαν
2758 373 3070 443 ἀπόγνωσιν
3110 372 3238 439 τοὺς
3285 375 3723 447 Ῥωμαίους-τοῦ

457 461 638 518 clades
664 464 929 518 resarcire
953 465 1306 520 studuerunt.
1345 465 1450 520 Sed
1477 481 1644 536 penes
1673 466 1773 520 hos
1802 466 2032 522 victoria

454 554 576 612 fuit.
625 554 760 610 Nam
787 553 1323 628 Carthaginiensium
1377 573 1582 624 naves,
1647 567 1848 630 praeter
1897 559 2034 615 alias

453 645 718 712 sarcinss,
755 647 1093 703 frumentum
1131 658 1187 704 et
1247 651 1534 720 pecuniam
1591 650 1874 716 vehentes,
1908 665 2032 720 gra-

451 738 744 796 vabantur.
804 739 1000 794 Ilanno
1056 741 1316 808 elapsus,
1382 741 1566 795 statim
1643 739 2030 811 Carthaginem

453 829 788 899 properavit.
827 828 930 883 Sed
974 843 1004 882 a
1035 829 1254 884 civibus
1280 829 1563 887 iracundia
1599 839 1656 884 et
1699 838 1848 885 metu
1877 843 2030 883 com-

453 922 634 987 motis,
685 921 738 974 in
781 936 1002 976 crucem
1034 933 1190 977 actus
1233 931 1338 984 est.
1373 932 1429 978 et
1469 922 1628 992 legati
1672 921 1742 976 de
1789 937 1922 992 pace
1960 921 2030 976 ad

450 1013 702 1069 Catulum
742 1016 914 1070 missi.
950 1015 1051 1081 Qui
1088 1015 1236 1085 quod
1276 1024 1332 1070 et
1394 1030 1576 1070 annus
1603 1016 1724 1085 ejus
1749 1015 1859 1086 jam
1891 1027 2031 1084 pene

449 1109 680 1172 exierat,
729 1121 909 1177 neque
952 1108 1105 1162 brevi
1144 1118 1390 1178 tempore
1424 1107 1772 1177 Carthaginis
1813 1108 2032 1160 exscin-

445 1199 646 1262 denda:
694 1215 845 1269 spem
901 1200 1162 1262 habebat,
1209 1209 1264 1255 ct
1323 1201 1745 1254 successoribus
1797 1199 2029 1270 gloriam

434 1290 697 1344 laborum
733 1306 959 1346 suorum
988 1292 1296 1356 invidebat,
1329 1307 1360 1346 a
1398 1307 1532 1362 pace
1559 1308 1669 1346 non
1700 1292 2026 1353 abhorrens,

449 1384 699 1440 inducias
732 1385 880 1448 fecit,
917 1386 1173 1456 pecunia,
1207 1385 1482 1440 frumento
1499 1385 2030 1442 etobsidibusacce-

448 1477 578 1546 ptis,
621 1486 681 1531 ut
729 1477 956 1532 Romam
1003 1479 1211 1548 legatos
1241 1479 1554 1543 mitterent;
1588 1494 1653 1533 ea
1685 1478 2024 1541 conditione,

431 1576 511 1622 ut
544 1577 655 1623 tota
685 1568 872 1624 Sicilia
904 1578 958 1624 et
983 1570 1245 1625 omnibus
1276 1570 1801 1641 cireuinjacentibus
1831 1569 2028 1623 insulis

2135 467 2394 522 ναυτικοῦ
2421 469 2842 537 καταστήσωσιν
2867 482 2881 496 '
2913 466 2963 519 οί
2996 466 3041 519 δ’
3065 466 3153 521 ἶνα
3184 469 3278 520 καὶ
3317 469 3418 532 τὰς
3447 470 3723 540 προτέρας

2133 560 2582 614 ἀνακαλέσωνται
2615 559 2940 629 συμφοράς’
2983 558 3134 629 ὅμως
3157 557 3202 610 δ’
3225 557 3320 612 οὖν
3354 560 3404 612 οἱ
3450 559 3724 630 Ῥωμαῖοι

2133 654 2232 724 τὴν
2256 653 2414 724 νίκην
2444 653 2770 724 ήραντο.Τὰ
2797 652 2906 723 γὰρ
2941 652 3054 705 τῶν
3083 651 3473 722 Καρχηδονίων
3507 655 3723 724 σκάφη,

2133 746 2330 816 φορτία
2376 745 2614 816 φέροντα
2669 747 2805 818 πρδς
2865 747 2980 809 τοῖς
3037 745 3240 809 ἄλλοις,
3299 746 3393 800 καὶ
3422 750 3598 811 σῖτον,
3627 750 3722 800 καὶ

2133 839 2237 908 χρή
2248 855 2415 906 ματα,
2445 838 2796 909 ἐϐαρύνοντο.
2815 838 2874 891 '0
2901 838 2945 892 δ’
2971 840 3206 904 Ἄννων,
3231 839 3537 909 διαφυγὼν,
3557 840 3723 904 εὐθὺς

2132 931 2212 992 είς
2233 929 2331 1000 τήν
2361 923 2686 1002 Καρχηδόνα
2709 929 2974 1002 ήπείχθη.
3001 931 3062 983 Οί
3085 929 3448 1000 Καρχηδόνιοι
3473 929 3530 983 δέ
3561 929 3720 1001 θυμῷ

2132 1021 2454 1091 ληφθέντες,
2487 1023 2582 1075 καὶ
2611 1022 2785 1093 φόϐῳ,
2816 1022 2909 1075 τὸν
2935 1021 3036 1090 μέν
3065 1022 3516 1090 ἀνεσταύρωσαν,
3543 1024 3720 1094 πρέσ-

2133 1110 2247 1175 Ger;
2273 1110 2328 1164 δέ
2359 1111 2496 1182 πρὸς
2521 1113 2744 1185 εἰρήνην
2770 1111 2847 1181 τῷ
2875 1111 3108 1183 Κατύλῳ
3128 1112 3474 1182 πεπόμφασι.
3495 1114 3618 1167 ’Καὶ
3641 1115 3720 1184 τῷ

2133 1201 2268 1274 πρὸς
2297 1201 2495 1272 βουλῆς
2528 1197 2596 1272 ἦν
2625 1203 2720 1255 τὸν
2751 1203 2988 1272 πόλεμον
3027 1201 3440 1256 καταλύσασθαι
3460 1243 3475 1269 ,
3509 1204 3595 1257 ὅτι
3625 1207 3719 1258 ἐπὶ

2130 1293 2296 1364 ἐξόδῳ
2323 1291 2491 1358 οὔσης
2517 1292 2665 1364 αὐτῷ
2688 1293 2787 1362 τῆς
2825 1294 3004 1365 ἀρχῆς
3031 1293 3156 1348 οὔτε
3195 1295 3264 1348 δι’
3289 1293 3475 1364 ὀλίγου
3499 1296 3722 1367 ἐξαιρέε-

2131 1402 2241 1438 catt
2265 1387 2362 1453 τὴν
2399 1385 2721 1457 Καρχηδόνα
2757 1385 3007 1455 ήλπιζεν,
3037 1385 3162 1438 οὕτε
3187 1389 3296 1449 τοῖς
3319 1387 3588 1457 διαδόχοις
3617 1388 3719 1458 τὴν

2128 1477 2288 1544 δόξαν
2324 1478 2433 1532 τῶν
2456 1480 2651 1533 ἐαυτοῦ
2681 1479 2858 1533 πόνων
2891 1480 3217 1534 καταλιπεῖν
3252 1480 3433 1552 ήθελε.
3461 1483 3553 1535 Διὸ
3583 1484 3719 1535 ἁνα-

2130 1570 2311 1641 κωχὴν
2336 1571 2654 1642 ἐποιήσατο,
2707 1575 2802 1626 καὶ
2850 1573 3112 1643 χρήματα
3144 1575 3239 1626 καλ⁸
3268 1577 3415 1627 σῖτον
3443 1576 3536 1627 καὶ
3567 1576 3715 1645 όμήο

448 1661 709 1716 Romanis
736 1662 1017 1728 cederent,
1049 1676 1224 1731 neque
1261 1661 1552 1717 Hieronem
1571 1662 1906 1717 lacesserent
1941 1671 2026 1719 :et

2137 1680 2263 1734 ρους
2298 1663 2446 1734 αύτῷ
2477 1663 2682 1728 δόντες,
2717 1664 2784 1717 ἵν’
2818 1665 2877 1728 ἐς
2923 1665 3021 1737 τήν
3067 1664 3286 1737 Ῥώμην
3322 1667 3713 1736 πρεσϐεύσωνο

425 1753 736 1822 ,pecuniam
761 1753 958 1822 partim
987 1767 1121 1823 pace
1149 1752 1294 1807 facta
1313 1755 1524 1818 statim,
1558 1752 1753 1823 partim
1785 1765 2028 1822 posmu-

2129 1772 2219 1808 ται
2284 1756 2377 1808 ἐπὶ
2428 1755 2507 1826 τῷ
2556 1756 2808 1820 Σικελίας
2860 1773 2922 1809 τε
2957 1758 3156 1821 αὐτοὺς
3207 1760 3390 1830 πάσης
3450 1760 3714 1829 ἐκστῆναι

447 1856 725 1901 inci-arent
762 1865 776 1900 :
819 1853 876 1901 et
921 1847 1198 1902 Romanos
1231 1846 1478 1917 captivos
1512 1845 1683 1916 gratis
1710 1845 2026 1913 redderent,

445 1957 573 1997 suos
593 1955 721 1996 vero
740 1938 1219 1994 redimerent.'l‘ali
1232 1937 1485 2008 pactione
1502 1936 1644 1992 facta
1662 1937 1856 2007 (solam
1881 1937 2026 1992 enim

446 2033 550 2087 sub
565 2035 758 2103 jugum
783 2031 1062 2086 missionis
1082 2030 1436 2102 ignominiam
1453 2030 1689 2084 Amilcar
1705 2030 2031 2100 deprecatus

437 2124 552 2193 est)
586 2121 859 2176 militibus
890 2135 921 2176 e
967 2120 1371 2177 munitionibus
1401 2119 1638 2185 eductis,
1672 2117 1898 2173 domum
1939 2134 2030 2173 re-

444 2215 568 2278 diit,
613 2215 933 2284 priusquam
976 2212 1369 2284 jusjurandum
1412 2211 1657 2266 daretur.
1704 2209 1808 2277 Qui
1841 2211 2031 2266 Romze

444 2315 624 2370 erant,
673 2306 902 2360 victoria
953 2305 1216 2360 celeriter
1263 2305 1505 2374 cognita,
1556 2303 1633 2358 ita
1684 2312 1817 2358 sunt
1862 2301 2030 2373 399

445 2399 643 2453 animis
677 2398 830 2461 elati,
857 2400 1013 2467 quasi
1061 2396 1222 2467 plane
1268 2395 1602 2451 debellatum
1648 2403 1843 2450 esset:
1878 2395 2029 2464 lega-

447 2493 624 2562 tisque
664 2490 1052 2562 praesentibus,
1095 2503 1154 2544 se
1199 2504 1309 2545 non
1333 2489 1572 2558 amplius
1617 2489 1900 2543 continere
1930 2501 2028 2556 po—

447 2593 692 2647 luerunt,
740 2597 838 2653 spe
894 2585 1062 2638 totius
1105 2581 1307 2636 Africa:
1353 2581 1691 2650 occupanda:
1729 2588 2024 2648 concepta.

446 2675 636 2744 Itaque
683 2673 1096 2729 conditionibus
1139 2689 1170 2728 a
1214 2688 1320 2728 con
1359 2671 1546 2727 ulibus
1584 2671 1887 2741 propositis
1912 2686 2026 2726 non

443 2768 883 2837 acquiescentcs,
914 2777 968 2821 et
1001 2765 1290 2837 pecuniam
1334 2763 1612 2835 promissa
1658 2767 1818 2834 longe
1852 2766 2028 2836 majo-

331 2901 335 2905 «
444 2875 556 2915 rem
591 2861 990 2931 postularunt:
1028 2867 1086 2914 et
1132 2858 1562 2926 interdixerunt,
1593 2874 1663 2914 ne
1705 2857 1882 2929 longis
1928 2873 2026 2914 na-

443 2931 604 3008 vibus
639 2955 724 3008 vel
757 2953 824 3008 ad
857 2952 1090 3015 Italiam,
1117 2951 1202 3005 vel
1234 2950 1303 3004 ad
1335 2951 1468 3005 alias
1497 2951 1678 3006 socias
1708 2951 2024 3021 provincias

442 3045 790 3108 accederent,
825 3053 920 3098 aut
953 3042 1312 3098 conductitiis
1343 3042 1470 3097 inde
1497 3043 1769 3097 militibus
1800 3052 2020 3097 uteren-
2046 3067 2090 3130 ρ

443 3149 550 3192 tur.
589 3140 766 3207 Atque
799 3136 873 3190 ita
906 3139 1084 3206 primo
1112 3135 1255 3188 bello
1294 3135 1528 3198 Punico,
1561 3151 1708 3190 anno
1741 3147 1938 3205 quarto
1965 3146 2023 3190 et

442 3233 706 3288 vicesimo
745 3248 776 3283 a
805 3229 1066 3283 Romanis
1107 3227 1386 3292 confecto,
1434 3227 1664 3282 Catulus
1717 3229 2024 3297 triumpha-

438 3328 540 3379 vit.
571 3325 809 3390 Quintus
841 3336 969 3376 vero
1012 3320 1322 3383 Luctalius,
1383 3326 1507 3389 post
1562 3320 1913 3374 consulatum
1967 3320 2023 3374 in

438 3421 683 3475 Siciliam
733 3415 1037 3486 profectus,
1086 3429 1212 3468 cum
1265 3412 1436 3469 fratre
1483 3413 1680 3467 Catulo
1725 3414 1909 3467 omnia
1947 3413 2022 3467 ibi

439 3509 740 3566 ordinavit.
802 3507 1004 3562 Siculis
1071 3521 1224 3560 arma
1280 3505 1581 3576 adempta:
1649 3514 1761 3560 tota
1818 3505 2021 3571 insula,

431 3601 698 3657 Hieronis
744 3608 976 3668 excepto
1026 3597 1282 3666 imperio,
1315 3611 1345 3649 a
1393 3595 1656 3650 Romanis
1684 3595 1931 3662 subacta,
1967 3606 2024 3651 et

437 3692 681 3748 amicitia
738 3705 865 3745 cum
910 3686 1468 3758 Carthaginiensibus
1534 3686 1858 3741 constituta.
1915 3686 2021 3742 Sed

439 3796 660 3854 utrique
688 3782 850 3852 paulo
876 3791 1005 3852 post
1034 3781 1269 3835 scorsim
1298 3779 1404 3834 alia
1433 3793 1652 3850 gessere
1687 3778 1850 3835 bella.
1885 3779 2021 3834 Nam

436 3877 940 3947 Carthaginienses,
961 3873 1159 3942 reliqui
1189 3887 1383 3926 eorum
1413 3871 1783 3942 stipendiarii,
1814 3881 1870 3927 et
1899 3887 2019 3926 ser-

427 3973 566 4028 .vitia
602 3969 860 4033 civitatis,
882 3976 941 4023 et
971 3966 1127 4020 multi
1153 3981 1220 4020 ex
1246 3965 1516 4031 finitimis,
1547 3967 1776 4020 adversa
1800 3965 2019 4019 illorum

437 4068 656 4121 fortuna
693 4061 840 4125 freti,
877 4061 1214 4114 invaserunt.
1246 4057 1474 4113 Romani
1505 4071 1628 4112 cum
1667 4057 1736 4111 ab
1765 4057 2021 4113 hostibus

411 4159 656 4214 illorum
700 4161 1142 4216 aecersercntur,
1197 4151 1336 4206 adeo
1372 4166 1482 4204 non
1523 4159 1917 4216 ,assenserunt,
1961 4159 2024 4208 ut

2144 1847 2457 1916 Ῥωμαίοις,
2516 1849 2611 1903 καὶ
2660 1850 2841 1913 πάσας
2882 1845 2982 1914 τὰς
3026 1850 3189 1922 πέριξ
3216 1851 3417 1923 νήσους
3445 1851 3713 1916 ἐκλιπεῖν,

2129 1941 2225 1994 καὶ
2251 1941 2390 2012 μήτε
2423 1940 2502 2013 τῷ
2538 1941 2746 2012 Ἱέρωνι
2777 1942 3058 2012 πολεμεῖν·
3092 1944 3188 1996 καὶ
3216 1944 3480 2016 χρήματα
3519 1943 3590 1998 τά
3614 1946 3715 2016 μὲν

2129 2030 2247 2101 ἃμα
2275 2032 2355 2101 τῷ
2406 2032 2737 2086 σπείσασθαι
2781 2031 2988 2095 δοῦναι,
3011 2033 3080 2086 τά
3113 2032 3168 2086 δὲ
3195 2034 3288 2087 καλ⁸
3320 2032 3551 2105 ὕστερον
3575 2050 3594 2067 ⁸
3621 2038 3716 2088 καὶ

2129 2123 2254 2186 τοὺς
2277 2123 2378 2194 μὲν
2400 2124 2624 2178 ἐκείνοιν
2649 2125 2986 2195 αὐτομόλους
3019 2126 3112 2178 καὶ
3141 2124 3526 2195 αἰχμαλώτους
3557 2131 3717 2198 «poi-

2128 2231 2202 2269 κα
2223 2214 2529 2285 ἐκπέμψαι,
2553 2216 2681 2278 τοὺς
2703 2215 2752 2268 δ’
2772 2215 2984 2269 ἑαυτῶν
3025 2214 3312 2287 πρίασθαι.
3341 2216 3582 2287 Τοιαύτη
3613 2217 3718 2285 μὲν

2127 2300 2221 2358 οὖν
2250 2306 2282 2375 ή
2313 2303 2585 2375 σύμϐασις
2615 2304 2940 2377 ὡμολόγητο
2977 2306 3180 2377 (μόνην
3224 2308 3334 2378 γὰρ
3357 2306 3458 2379 τήν
3491 2307 3588 2361 τοῦ
3619 2307 3716 2372 ζυ-

2126 2395 2226 2466 γοῦ
2256 2397 2484 2467 ἀτιμίαν
2539 2399 2569 2451 ό
2625 2398 2894 2467 Ἀμίλκας
2948 2399 3364 2470 παρῃτήσατο)·
3421 2399 3516 2452 καὶ
3547 2402 3576 2454 ό
3611 2398 3716 2470 μὲν

2125 2485 2294 2540 ταῦτα
2330 2486 2680 2556 συνθέμενος,
2717 2487 2811 2540 καὶ
2843 2487 2970 2551 τοὺς
2995 2487 3339 2558 στρατιώτας
3369 2490 3434 2542 ἐκ
3459 2490 3573 2543 τῶν
3596 2509 3713 2543 τειο

2126 2579 2239 2648 χῶν
2265 2573 2570 2646 ἐξαγαγὼν,
2595 2577 2939 2632 ἀπέπλευσεν
2961 2581 3165 2646 οἴκαδε,
3191 2581 3324 2652 πρὶν
3350 2582 3479 2646 τοὺς
3509 2583 3714 2652 ὅρκους

2125 2670 2506 2743 ἐπενεχθῆναι.
2552 2671 2617 2724 Οἱ
2668 2670 2714 2724 δ’
2753 2673 2812 2724 ἐν
2832 2673 2900 2742 τῇ
2953 2671 3142 2743 Ῥώμῃ
3176 2675 3278 2743 τήν
3334 2691 3391 2727 τε
3442 2675 3710 2747 νίκηνδιὰ

2127 2765 2358 2838 βραχέος
2394 2763 2595 2836 ἔμαθον
2627 2766 2720 2818 καὶ
2768 2765 3089 2835 ἐπήρθησαν
3142 2765 3221 2828 ῶς
3269 2768 3590 2822 παντάπασι
3619 2787 3710 2833 κει

2125 2857 2480 2928 κρατηκότες.
2529 2856 2640 2910 Καὶ
2681 2855 2791 2910 τῶν
2842 2857 3126 2926 πρέσϐεων
3184 2857 3468 2926 ἐλθόντων,
3523 2862 3707 2915 οὐκέτι

2125 2952 2380 3022 κατέχειν
2413 2953 2642 3014 ἑαυτοὺς
2668 2950 2959 3021 ἠδύναντο,
3016 2952 3111 3005 καὶ
3161 2951 3262 3023 τὴν
3305 2953 3516 3025 Λιϐύην
3562 2955 3712 3026 ἔχειν

2124 3043 2346 3099 ἃπασαν
2395 3044 2650 3115 ήλπιζον.
2685 3043 2778 3096 Aab
2824 3043 2946 3097 οὐδὲ
2979 3045 3099 3107 ταῖς
3150 3043 3246 3098 τοῦ
3273 3044 3489 3100 ὑπάτου
3517 3049 3712 3119 ὁμολοο

2125 3136 2273 3205 γίαις
2298 3136 2609 3205 ἐνέμειναν,
2644 3135 2783 3189 ἀλλὰ
2841 3135 2938 3189 καὶ
2966 3137 3230 3206 χρήματα
3283 3140 3488 3202 αὖτοὺς
3527 3140 3711 3213 πολλῷ

2125 3228 2300 3280 πλείω
2329 3226 2440 3280 τῶν
2467 3227 2870 3298 ὑπεσχημένων
2901 3227 3241 3298 ἐπράξαντο·
3268 3229 3361 3282 καὶ
3393 3232 3712 3303 ἀπηγόρευ-

2126 3334 2227 3373 σαν
2259 3318 2411 3388 σφίσι
2464 3320 2604 3389 μήτε
2633 3319 2735 3390 τὴν
2779 3319 3030 3384 Ἰταλίαν,
3058 3321 3192 3392 μήτε
3225 3322 3325 3392 τήν
3350 3323 3454 3390 ἔξω
3483 3340 3709 3396 συμμα-

2125 3410 2246 3482 χίδα
2284 3409 2434 3479 σφῶν
2464 3412 2705 3480 μακραῖς
2725 3411 2886 3464 ναυσὶ
2923 3413 3259 3481 παραπλεῖν,
3289 3413 3321 3483 ἢ
3349 3413 3711 3486 μισθοφόροις

2123 3501 2266 3555 τισὶν
2315 3501 2411 3554 ἀπ’
2470 3501 2651 3554 αὐτῶν
2715 3500 3045 3572 κεχρῆσθαι.
3116 3503 3176 3556 '0
3215 3503 3318 3574 μὲν
3367 3501 3462 3559 οὖν
3489 3507 3708 3579 πρῶτος

2124 3594 2238 3655 τοῖς
2272 3591 2670 3663 Καρχηδονίοις
2701 3593 2938 3662 πόλεμος
2969 3595 3083 3658 τοῖς
3114 3595 3412 3664 Ῥωμαίοις
3439 3600 3520 3660 εἰς
3547 3598 3710 3652 τοῦτο

2125 3684 2394 3754 κατέληξε
2439 3685 2687 3755 τετάρτῳ
2717 3686 2830 3738 ἔτει
2862 3686 2958 3740 καὶ
2993 3687 3249 3752 εἰκοστῷ,
3306 3690 3400 3742 καὶ
3427 3689 3518 3743 ἐπ’
3551 3691 3708 3763 αὑτῷ

2125 3777 2332 3846 ἢγαγεν
2358 3778 2387 3830 ὁ
2414 3779 2664 3842 Κατύλος
2695 3779 2763 3832 τά
2783 3779 3048 3845 ἐπινίκια,
3076 3781 3381 3845 Κύῐντοςδέ
3409 3785 3709 3850 Δουτάτιες

2128 3870 2460 3934 ὑπατεύσας,
2482 3870 2728 3940 ἀπῆλθεν
2759 3872 2815 3935 ἐς
2842 3871 3120 3938 Σικελίαν,
3153 3873 3247 3925 καὶ
3269 3873 3412 3941 μετὰ
3431 3873 3526 3928 τοῦ
3550 3875 3708 3928 άδελο

2125 3964 2226 4034 φοῦ
2283 3963 2528 4017 Κατύλου
2579 3965 2758 4017 πάντα
2788 3965 2857 4018 τὰ
2907 3966 3028 4018 ἐκεῖ
3071 3968 3472 4036 κατεστήσατο,
3515 3969 3611 4022 καὶ
3638 3971 3707 4022 τὰ

2123 4058 2263 4112 ὅπλα
2287 4057 2396 4110 τῶν
2422 4060 2480 4110 ἐν
2511 4057 2650 4126 αὐτῇ
2683 4056 2989 4125 ἀφείλοντο.
3027 4058 3246 4112 Σικελία
3279 4059 3379 4130 μὲν
3407 4057 3499 4115 οὖν
3530 4061 3706 4125 οὕτως

2124 4151 2229 4204 ὑπὸ
2272 4149 2560 4221 Ῥωμαίων
2605 4150 2901 4204 δεδούλωτο
2949 4150 3088 4222 πλὴν
3118 4153 3216 4220 τῆς
3250 4153 3426 4225 ἀρχῆς
3475 4153 3570 4208 τοῦ
3611 4155 3707 4206 'Ii-

320 4697 322 4700 i
417 4713 805 4766 consulentes.
856 4710 1012 4765 Unde
1084 4719 1212 4778 post
1270 4709 1327 4761 in
1385 4707 1602 4777 negotia
1679 4706 2013 4762 inciderunt.

434 4264 559 4302 cum
608 4263 705 4317 per
754 4245 966 4315 legatos
1021 4242 1381 4297 reconciliare
1437 4241 1559 4296 illos
1608 4255 1716 4295 non
1767 4251 2020 4314 possent,

2128 4257 2320 4315 ρωνος·
2357 4244 2422 4294 ἐκ
2449 4241 2507 4294 δὲ
2547 4243 2742 4294 τούτου
2777 4243 2915 4313 πρὸς
2953 4245 3079 4306 τοὺς
3111 4244 3520 4314 Καρχηδονίους
3545 4247 3701 4316 φιλία

406 4357 628 4398 omnes
666 4336 1210 4408 Carthaginiensium
1263 4335 1510 4404 captivos
1554 4335 1728 4405 gratis
1777 4336 2021 4390 dimitte-

2128 4331 2194 4405 ἢν
2213 4336 2419 4396 αὐτοῖς.
2479 4335 2684 4403 ’Δμφω
2735 4332 2782 4385 δ’
2843 4330 3004 4396 αὖθις
3034 4335 3115 4398 εἰς
3165 4335 3441 4404 πολέμους
3477 4337 3702 4407 ἑτέρους

433 4444 580 4500 rent,
638 4412 981 4487 frumentum
1035 4431 1342 4494 mitterent,
1393 4443 1424 4482 e
1485 4428 1654 4484 sociis
1711 4427 2015 4498 provinciis

2128 4402 2293 4498 χωρὶς
2326 4423 2446 4496 μετ’
2479 4402 2662 4494 ὀλίγον
2709 4425 3075 4494 κατέστησαν.
3127 4426 3252 4488 Τοῖς
3279 4402 3389 4496 χάρ
3418 4402 3702 4499 Καρχηδο-

405 4526 818 4582 -conscribendi
853 4524 1046 4580 militis
1079 4531 1409 4593 potestatem
1444 4520 1665 4585 darent,
1704 4521 2012 4577 clementiae

2128 4521 2252 4582 vict;
2286 4521 2340 4573 οἵ
2379 4535 2440 4572 τε
2474 4519 2780 4589 περίλοιποι
2811 4519 2920 4571 τῶν
2965 4517 3484 4589 μισθοφορησάντων
3520 4524 3697 4589 σφξσι,

407 4619 652 4673 laudem
694 4618 863 4687 magis
914 4626 1270 4684 occupantes,
1324 4629 1487 4684 quam
1534 4613 1652 4668 suis
1708 4614 2014 4668 rationibus

2128 4616 2215 4668 καὶ
2246 4613 2306 4666 τὸ
2340 4611 2592 4665 δουλεῦον
2616 4612 2674 4664 τὸ
2701 4612 2760 4663 ἐν
2791 4614 2858 4682 τῇ
2897 4612 3072 4677 πόλει,
3096 4613 3188 4665 καὶ
3214 4611 3323 4664 τῶν
3349 4611 3703 4682 ὁμορούντων

2122 4707 2478 4776 πολλοὶπρὸς
2508 4705 2608 4768 τὰς
2656 4703 2941 4774 συμφοράς
2989 4703 3169 4759 αὐτῶν
3220 4704 3601 4759 συνεπέθεντο.
3636 4707 3707 4759 Ol’

433 4806 674 4861 Amilcar
703 4805 849 4860 enim
882 4802 1190 4858 Barchinus
1228 4800 1341 4867 ille,
1371 4801 1542 4854 victis
1573 4799 1828 4854 hostibus
1849 4838 1864 4865 ,
1906 4799 2016 4853 Ro-

2128 4820 2184 4873 γε
2220 4803 2326 4872 μὴν
2365 4801 2654 4870 Ῥωμαῖοι,
2689 4797 3176 4868 ἐπικαλεσαμένων
3223 4798 3421 4861 αὐτοὺς
3463 4800 3576 4851 τῶν
3605 4817 3704 4851 ποο

434 4915 646 4964 manos,
687 4912 1002 4967 quanquam
1033 4896 1114 4950 eis
1163 4893 1592 4959 infensissimus,
1637 4891 1780 4947 bello
1820 4901 2010 4962 petere

2128 4894 2428 4964 λιμούντων
2499 4892 2754 4956 ἐκείνοις,
2817 4889 2933 4942 οὔθ’
2990 4891 3343 4960 ὑπήκουσαν,
3405 4889 3546 4944 ἀλλὰ
3603 4894 3701 4943 καὶ

407 5009 544 5047 ..uon
597 5008 786 5054 ausus,
840 4997 1032 5046 contra
1085 4986 1505 5058 magisuatuum
1567 4985 1902 5040 voluntatem
1961 4984 2017 5038 in

2128 4985 2741 5056 ὶντιπρεσὸευσάμενοι,
2770 4983 2865 5035 καὶ
2893 4981 2967 5051 μὴ
2997 4981 3324 5053 δυνηθέντες
3359 4982 3556 5036 καταλλ
3569 4981 3699 5047 άξαι

435 5088 752 5157 Hispaniam
783 5084 939 5138 abiit.
975 5083 1084 5138 Sed
1123 5082 1242 5137 haec
1269 5088 1392 5151 post
1424 5079 1566 5134 facta
1596 5086 1746 5132 sunt.

2128 5078 2354 5142 αὐτοὺς,
2407 5076 2660 5138 καὶτοὺς
2711 5072 3092 5145 αἰχμαλώτους
3118 5074 3232 5126 τῶν
3284 5073 3698 5144 Καρχηδονίων,

429 5180 595 5241 ὅσους
627 5173 794 5247 εἶχον,
859 5173 1081 5245 ἀφῆκαν
1120 5176 1349 5244 προῖκα,
1392 5174 1486 5224 καὶ
1513 5165 1659 5224 σῖτον
1700 5167 1975 5238 ἔπεμψαν,
2000 5167 2094 5220 καὶ
2126 5166 2492 5239 μισθοφόρους
2522 5167 2587 5218 ἐκ
2618 5165 2718 5236 τῆς
2755 5165 2960 5226 οίκιίας
3000 5163 3340 5234 συμμαχίδος
3393 5165 3580 5228 αὐτοῖς
3602 5166 3701 5216 ἐπ-

429 5272 740 5345 αγαγέσθαι
799 5270 1127 5343 ἐπέτρεψαν,
1159 5267 1318 5333 δόξαν
1376 5265 1672 5327 ἐπιεικείας
1725 5263 2031 5335 θηρώμενοι
2091 5263 2312 5335 μᾶλλον,
2348 5260 2383 5331 ἢ
2437 5259 2534 5313 τοῦ
2585 5259 2959 5330 συμφέροντος
2989 5258 3175 5321 αὐτοῖς
3214 5259 3699 5332 προμηθούμενον

428 5371 557 5426 ὅθεν
617 5367 924 5438 πράγματα
975 5361 1134 5432 ισχον
1180 5359 1484 5413 είσέπειτα.
1556 5358 1614 5409 '0
1663 5357 1773 5427 γὰρ
1826 5355 2090 5425 Ἀμίλκας
2128 5356 2335 5416 ἐκεῖνος
2363 5352 2391 5404 ό
2435 5351 2729 5422 Βαρχίδης,
2791 5350 2913 5404 ἐπεὶ
2941 5349 3065 5412 τοὺς
3113 5349 3394 5414 ἐναντίους
3421 5351 3698 5423 ἐνίκησεν,

433 5465 528 5524 επὶ
562 5463 658 5533 μὲν
688 5461 817 5521 τοὺς
885 5454 1210 5526 Ῥωμαίους,
1273 5450 1476 5522 καίπερ
1522 5449 1700 5520 κάρτα
1759 5448 1934 5519 μισῶν
1983 5447 2199 5512 αὐτοὺς,
2256 5444 2358 5498 οὐκ
2410 5444 2678 5512 ἐτόλμητε
2710 5439 3061 5513 στρατεῦσαι,
3112 5441 3168 5505 ἐς
3203 5440 3263 5494 δέ
3309 5441 3412 5514 τήν
3459 5442 3702 5516 Ἰϐηρίαν

437 5556 594 5626 παρὰ
658 5553 887 5623 γνώμην
912 5549 1023 5604 τῶν
1052 5549 1192 5602 οίκοι
1216 5544 1389 5600 τελῶν
1428 5543 1666 5614 άπῆρεν.
1727 5542 1889 5600 Ἀλλὰ
1916 5540 2092 5595 ταῦτα
2136 5541 2230 5612 μὲν
2260 5541 2476 5608 ἐγένετο
2505 5536 2755 5607 ὕστερον.

499 5626 687 5703 XVIII.
719 5645 862 5700 Tum
891 5655 1077 5700 autem
1113 5639 1344 5697 Romani
1377 5653 1503 5695 cum
1533 5635 1764 5692 Faliscis
1795 5635 2004 5689 bellum

2191 5630 2301 5689 lll'.
2335 5632 2469 5688 Τότε
2499 5631 2556 5683 δὲ
2593 5631 2685 5683 καὶ
2714 5631 2764 5683 οί
2804 5629 3070 5699 Ῥωμαῖοι
3099 5631 3389 5696 Φαλίσκοις
3416 5631 3697 5704 ἐπολέμη-

421 5749 732 5812 gesserunt,
762 5737 962 5795 Manlio
989 5735 1268 5807 Torquato
1301 5747 1489 5805 agrum
1519 5730 1738 5788 illorum
1759 5737 1960 5784 urente
1985 5743 2002 5782 :

2128 5741 2236 5792 ταν,
2271 5726 2365 5784 καὶ
2423 5723 2631 5787 Μάλιος
2677 5723 3066 5804 ,Τουρκουᾶτος
3116 5722 3217 5794 τήν
3267 5723 3453 5797 χώραν
3510 5724 3695 5778 αὐτῶν
