4050 6210
325 315 439 378 (85

1552 319 1954 383 ΑΝΝΑΙᾸΗΜ
1983 320 2126 382 LIB.
2171 321 2327 383 VIII.

3486 326 3592 392 686

324 429 538 500 ὶδῄωσε
565 441 578 457 ⁸
610 427 702 480 καὶ
732 425 1016 497 συμμίξας
1054 426 1261 491 αὐτοῖς,
1295 427 1606 500 ισφάληκεν
1631 429 1708 502 τῷ
1747 430 1890 485 ὁπλιε

2015 431 2109 500 qui
2151 444 2278 486 cum
2311 430 2393 486 eis
2425 445 2755 503 congressus
2804 432 3049 504 peditatu
3083 434 3392 500 suieubuit,
3442 443 3598 510 equi-

322 520 487 591 τικῷ,
514 522 632 583 τοῖς
663 518 708 572 δ’
748 518 1012 572 ἱππεῦσιν
1044 519 1338 590 ἐκράτησε,
1391 522 1487 576 καὶ
1517 521 1673 586 αὖθις
1726 523 1912 582 αὐτοῖς

327 612 719 682 μαχεσάμενος
756 611 1001 682 ὲνίκησεο
1044 613 1138 665 καὶ¹
1191 614 1262 668 τά
1290 631 1350 666 τε
1409 614 1552 669 ὅπλα
1581 615 1784 680 αὐτῶν,
1816 614 1911 667 καὶ

319 706 430 775 τὴν
457 706 625 757 ῑππον
657 703 752 756 καὶ
804 702 876 756 τά
924 703 1135 757 ἔπιπλα
1191 705 1286 759 καὶ
1318 705 1380 760 τὸ
1429 705 1681 760 δουλεῦον
1730 706 1912 760 καὶτὸ

314 797 499 865 ἥμισυ
534 796 634 864 τῆς
678 795 865 867 χώρας
899 796 1172 864 ἀφείλετο.
1206 798 1474 870 ’Υττερον
1498 798 1555 852 δὲ
1585 800 1616 870 ἡ
1664 798 1763 868 μὲν
1809 799 1910 868 ἀρ-

319 888 460 956 χαία
491 887 669 954 πόλις,
708 891 786 951 είς
819 888 945 959 ὅρος
974 890 1213 960 ἐρυμνὸν
1247 890 1531 962 ἱδρυμένη,
1562 891 1906 962 κατεσκάφηο

315 980 489 1050 ἑτέρα
518 979 564 1032 δ’
593 979 919 1051 ᾠκοδομήθη
942 981 1220 1052 εύέφοδος.
1246 984 1402 1037 Μετὰ
1431 984 1486 1037 δὲ
1522 984 1682 1038 τοῦτο
1719 985 1909 1037 ἐπολέ-

319 1089 514 1141 μησαν
546 1068 708 1136 αὖθις
768 1073 1043 1144 πολέμους
1099 1075 1235 1145 πρὸς
1291 1076 1567 1142 Βοουϊους,
1627 1078 1721 1132 καὶ
1771 1078 1909 1147 πρὸς

317 1162 582 1226 Γαλάτας
611 1164 846 1229 ἐκείνοις
895 1165 1338 1240 πλησιοχώρους,
1392 1170 1487 1223 καὶ
1522 1169 1659 1241 πρδς
1689 1171 1909 1239 Λιγύων

314 1257 500 1310 τινάς.
557 1257 697 1321 Τοὺς
748 1257 848 1328 μὲν
880 1254 976 1311 οὖν
1007 1260 1215 1329 Λίγυας
1269 1261 1626 1334 Σεμπρώνιος
1658 1263 1906 1333 Γράκχος

323 1348 480 1418 μάχῃ
511 1350 744 1419 νικήσας
779 1351 1002 1405 ἐκάκου.
1034 1353 1143 1407 Καὶ
1173 1354 1285 1416 τοῖς
1324 1353 1596 1418 Γαλάταις
1637 1355 1906 1420 Πούπλιος

320 1438 626 1508 Οὐαλέριος
671 1441 988 1508 συμϐαλὼν,
1019 1443 1079 1496 τὸ
1113 1443 1212 1513 μὲν
1244 1445 1461 1516 πρῶτον
1499 1447 1708 1519 ἡττήθη
1733 1458 1751 1478 ⁶
1785 1445 1904 1502 εἶτα

319 1529 636 1599 πυθόμενος
659 1532 740 1594 είς
770 1533 1094 1604 ἐπικουρίαν
1128 1536 1293 1590 αὑτοῦ
1328 1555 1480 1604 τινας
1509 1541 1576 1594 ἐκ
1612 1541 1714 1610 τῆς
1772 1542 1904 1595 Ῥώ·

313 1638 433 1692 μης
464 1622 645 1691 ήκειν,
682 1623 847 1691 ὁμόσε
905 1622 1061 1690 αὖθις
1095 1629 1206 1692 τοῖς
1259 1629 1529 1694 Γαλάταις
1585 1631 1898 1704 ἐχώρησεν·

302 1714 392 1767 ’ἵν’
425 1716 459 1787 ἢ
493 1718 615 1771 καθ’
667 1719 860 1772 ἑαυτὸν
909 1723 1145 1794 νικήσοι,
1179 1723 1212 1795 ἢ
1246 1724 1528 1780 ἀποθάνοι.
1572 1726 1744 1780 Τοῦτο
1792 1729 1900 1798 γὰρ
1933 1775 1970 1833 Β

315 1813 530 1882 μᾶλλον
586 1813 619 1886 ἦ
651 1813 762 1878 ζῶν
791 1817 1057 1888 αἰσχύνην
1083 1819 1270 1890 δφλειν
1315 1822 1600 1893 προείλετο
1619 1838 1634 1854 ο
1665 1822 1758 1877 καί
1783 1841 1898 1889 πως

312 1907 466 1958 κατά
488 1906 657 1978 τύχην
683 1909 977 1981 ἐκράτησε.
1009 1911 1142 1966 Τότε
1169 1913 1268 1984 μὲν
1293 1913 1386 1966 οὖν
1406 1913 1560 1968 ταῦθ’
1585 1913 1760 1979 οὕτως
1787 1917 1899 1979 τοῖς

285 1997 288 2000 ’
323 1999 627 2069 Ῥωμαίοις
682 2004 1046 2074 συνήντησαν,
1081 2006 1174 2059 καὶ
1230 2006 1418 2079 Σαρδώ
1465 2007 1580 2080 (24)
1609 2009 1758 2078 παρά
1789 2008 1898 2064 τῶν

310 2089 715 2161 Καρχηδονίων
773 2094 1004 2165 ἀμαχεὶ,
1069 2095 1335 2166 χρήματά
1383 2113 1444 2151 τε
1497 2093 1652 2161 αὖθις
1680 2097 1894 2164 ἔλαϐον,

307 2184 722 2249 ἐγκαλέσαντες
749 2187 933 2250 αὐτοῖς
964 2186 1226 2258 βλάπτειν
1260 2189 1413 2259 σφῶν
1454 2190 1580 2255 τοὺς
1609 2190 1894 2255 πλέοντας⁸

305 2273 474 2330 οὔπω
503 2277 612 2348 γὰρ
633 2277 1028 2348 κρατυνθέντες
1052 2283 1100 2335 οἱ
1134 2282 1515 2356 Καρχηδόνιοι,
1539 2283 1639 2348 τὰς
1668 2284 1898 2350 ἀπειλὰς

307 2367 504 2421 αὐτῶν
534 2368 899 2427 ἐδεδοίκεσαν.
933 2372 1024 2444 Τῷ
1076 2373 1122 2427 δ’
1159 2374 1284 2444 ἑξῆς
1339 2376 1452 2431 ἔτει
1493 2377 1728 2441 Λούκιος
1761 2380 1898 2434 Λέν-

305 2459 505 2522 τουλος
531 2463 624 2514 καὶ
655 2463 885 2528 Κύῖντος
911 2465 1266 2530 Φλάκκοςὲπὶ
1297 2469 1423 2532 τοὺς
1454 2470 1699 2536 Γαλάτας
1727 2489 1894 2542 στραο

305 2551 631 2617 τεύσαντες,
663 2555 769 2616 ἕως
797 2555 897 2624 μὲν
943 2557 1078 2627 ὁμοῦ
1101 2558 1306 2629 διῆγον,
1349 2556 1493 2634 ἦσαν
1524 2563 1900 2633 ἀνανταγώνι-

310 2663 434 2698 στοι
455 2663 472 2680 ο
522 2648 647 2702 ἐπεὶ
670 2647 727 2702 δὲ
759 2648 882 2721 διχῆ
918 2650 1141 2722 πορθεῖν
1171 2670 1296 2710 τινα
1348 2655 1602 2725 ἤρξαντο,
1633 2657 1710 2721 ὡς
1751 2658 1896 2713 οὕτω

306 2738 490 2792 πλείω
548 2740 700 2795 λείαν
759 2742 1238 2816 περιϐαλούμενοι,
1293 2749 1351 2812 ἐς
1409 2749 1657 2803 κίνδυνον
1703 2749 1766 2804 τὸ
1799 2749 1893 2804 τεῦ

305 2832 566 2887 Φλάκκου
613 2835 856 2908 κατέστη
917 2839 1302 2909 στρατόπεδον,
1362 2841 1555 2905 νυκτὸς
1587 2842 1891 2897 κυκλωθέν.

324 2925 492 2978 Ἀλλά
509 2928 631 2981 τότε
668 2925 768 2998 μὲν
798 2927 846 2980 οἱ
887 2928 1150 3003 βάρϐαροι
1188 2933 1556 3004 ἀνεκόπησαν,
1589 2935 1893 3005 προσλαϐό-

309 3036 471 3088 μενοι
493 3020 550 3074 δὲ
571 3023 913 3092 συμμάχους,
939 3027 1083 3095 χειρὶ
1108 3026 1273 3099 πολλῇ
1298 3023 1453 3092 αὖθις
1471 3028 1565 3081 ἐπὶ
1594 3030 1722 3093 τοὺς
1753 3029 1890 3083 Ῥωο

2016 529 2130 575 tatu
2168 521 2367 578 vietor.
2415 523 2888 592 Deintle'repetita
2933 540 3137 596 pugna,
3185 540 3284 582 eos
3328 527 3542 584 domuit
3579 571 3596 593 ,

2012 614 2202 679 anuis,
2257 615 2437 684 equis,
2491 616 2951 687 supellcctilibus,
3022 618 3286 684 servitiis,
3353 626 3410 674 et
3476 625 3596 692 agri

2011 707 2238 761 semisse
2273 707 2554 764 multatos.
2602 709 2846 778 Tandem
2876 712 3040 766 etiam
3071 710 3294 780 antiqua
3338 710 3494 776 urbs,
3539 713 3596 770 in

2011 797 2185 854 arduo
2215 801 2319 856 sita
2350 809 2555 867 monte,
2589 817 2782 858 eversa
2818 823 2830 858 :
2881 805 3098 875 aliaque
3134 806 3354 860 condita
3390 806 3444 862 in
3477 807 3594 877 pla-

2011 891 2166 952 nitie.
2197 901 2514 962 oppngnatu
2547 893 2746 950 facilis.
2778 897 2927 958 Post,
2967 897 3074 951 alia
3117 897 3258 952 bella
3289 913 3412 952 eum
3444 898 3594 956 Boiis

2008 993 2064 1038 et
2112 983 2283 1039 Gallis
2327 1001 2521 1042 eorum
2569 987 2768 1044 vicinis
2815 1000 2870 1044 et
2919 989 3216 1060 Liguribus
3261 991 3588 1061 quibusdam

2009 1087 2318 1148 gesserunt.
2349 1079 2427 1134 Ae
2477 1079 2708 1150 Ligures
2767 1082 3128 1151 Sempronius
3176 1082 3465 1139 Gracchus
3509 1087 3594 1140 vi-

2008 1176 2129 1222 ctor
2157 1168 2368 1226 amisit.
2401 1170 2460 1225 P.
2500 1171 2768 1237 Valerius,
2810 1189 2840 1230 a
2883 1174 3050 1231 Gallis
3104 1177 3379 1247 principio
3421 1192 3590 1248 supe-

2010 1266 2184 1320 ratus,
2210 1275 2337 1314 cum
2368 1263 2568 1317 auxilia
2597 1264 2701 1318 sibi
2729 1266 2872 1320 mitti
2901 1267 3070 1322 Roma
3111 1268 3376 1333 audisset,
3405 1268 3590 1326 Gallos

2006 1350 2191 1406 denuo
2213 1353 2379 1424 500
2403 1364 2488 1409 est
2520 1371 2812 1427 aggressus
2856 1376 2869 1413 :
2914 1369 2974 1414 ut
3012 1371 3108 1416 aut
3135 1377 3234 1431 per
3263 1376 3322 1418 se
3357 1362 3588 1420 victoria

2005 1441 2297 1510 potiretur,
2327 1453 2419 1498 aut
2453 1459 2684 1503 mortem
2716 1458 3025 1518 oppeteret,
3073 1468 3238 1522 quam
3271 1455 3397 1510 vitae
3432 1455 3588 1526 igno-

2005 1535 2252 1590 miniosae
2299 1538 2672 1607 praeferebat:
2722 1559 2786 1597 ac
2851 1544 3068 1599 fortuna
3132 1547 3369 1616 quadam
3425 1549 3579 1605 vicit.
3665 1601 3674 1616 ,

2005 1624 2144 1680 Tum
2171 1627 2339 1698 igitur
2372 1629 2441 1685 ita
2473 1647 2600 1686 cum
2651 1635 2913 1692 Romanis
2961 1647 3143 1692 actum
3178 1654 3194 1693 :
3227 1639 3417 1711 eisque
3448 1639 3582 1696 Sar-

2003 1719 2153 1774 dinia
2206 1723 2343 1776 citra
2398 1740 2656 1795 pugnam,
2707 1736 2762 1783 et
2810 1731 3058 1799 pecunias
3108 1748 3298 1789 rursus
3354 1735 3495 1791 datae
3549 1751 3581 1791 λ

2000 1810 2546 1883 Carthaginiensibus
2577 1836 2590 1872 :
2621 1820 2711 1888 qui
2748 1835 2872 1874 cum
2914 1825 3286 1894 negotiatores
3310 1827 3583 1884 Romanos

1998 1904 2052 1961 iu
2082 1907 2216 1960 mari
2241 1909 2654 1967 maletractasse
2678 1929 3088 1981 accusarentur,
3120 1919 3365 1974 nondum
3395 1921 3580 1977 ﬁrma-

2000 1997 2072 2052 tis
2128 1999 2348 2069 opibus,
2399 2003 2576 2058 minas
2627 2005 2845 2062 illorqu
2904 2009 3231 2066 timuerunt.
3309 2013 3574 2086 Sequenti

1999 2106 2146 2146 anno
2181 2093 2243 2145 P.
2275 2093 2540 2151 Lentului
2569 2105 2626 2152 et
2649 2099 2712 2165 ρ.
2750 2100 2998 2168 Flaccus,
3033 2103 3180 2160 bello
3209 2114 3401 2162 contra
3449 2111 3577 2165 Gal-

1976 2185 2081 2240 ‘los
2107 2195 2382 2258 suscepto,
2405 2188 2536 2243 dum
2564 2207 2668 2245 una
2690 2194 2943 2264 agebant,
2977 2195 3376 2267 insuperabiles
3397 2212 3575 2258 erant.

1999 2277 2105 2334 Sed
2141 2296 2265 2336 cum
2308 2283 2567 2354 separati,
2614 2284 2734 2343 loca
2786 2289 3059 2358 quaedam,
3107 2293 3332 2364 majoris
3381 2295 3579 2367 praede

1998 2375 2319 2445 cupiditate,
2351 2386 2565 2436 vastare
2595 2382 2915 2452 cmpissent,
2971 2384 3147 2442 Flacci
3181 2399 3360 2445 castra
3407 2401 3573 2448 noctu

1997 2466 2359 2532 circumdata,
2392 2471 2445 2525 in
2477 2473 2726 2542 periculo
2759 2473 3005 2532 fuerunt.
3035 2477 3260 2536 Barbari
3290 2498 3423 2538 vero
3455 2491 3572 2540 tum

1999 2561 2228 2630 repulsi,
2280 2563 2466 2620 multis
2507 2566 2670 2621 sociis
2715 2568 2924 2632 ascitis,
2973 2587 3099 2628 cum
3151 2590 3342 2647 magna
3407 2592 3572 2634 manu

1997 2652 2180 2708 denuo
2210 2654 2486 2712 Romanos
2521 2657 2857 2714 invaserunt.
2894 2662 2961 2716 Et
2988 2663 3047 2717 P.
3081 2663 3314 2722 Lentulo
3346 2677 3402 2725 et
3427 2669 3575 2728 Lici-

1997 2744 2091 2798 nio
2131 2746 2270 2800 Varo
2299 2761 2359 2802 se
2387 2748 2457 2803 ob
2488 2749 2896 2807 multitudinem
2935 2769 3089 2810 suam
3120 2761 3204 2813 vel
3245 2759 3364 2815 sine
3389 2778 3568 2834 pugna

1998 2845 2266 2893 terrorem
2299 2836 2623 2908 incussuros
2646 2843 2924 2912 arbitrati,
2979 2862 3078 2916 per
3123 2849 3334 2922 legatos
3368 2854 3570 2911 Arimi-

1997 2947 2223 2986 nensem
2248 2949 2436 3003 agrum
2470 2937 2813 3006 repetierant
2846 2957 2859 2995 :
2891 2949 2944 2997 ct
2975 2959 3071 3001 eos
3103 2947 3216 3018 ipsa
3257 2950 3412 3017 urbe,
3445 2967 3569 3024 qua:

1997 3036 2096 3078 sua
2135 3033 2304 3088 esset,
2346 3025 2544 3084 cedere
2568 3030 2871 3100 jusserunt.
2905 3034 3171 3096 Consules
3202 3057 3330 3098 vero
3361 3059 3464 3100 nec
3493 3045 3567 3102 ob

309 3114 508 3182 μαίους
533 3113 837 3186 ἐχώρησαν.
868 3117 1322 3190 ’Λπαντησάντων
1351 3121 1409 3177 δὲ
1440 3121 1591 3188 σφίσι
1613 3123 1886 3178 Πουπλίου
1916 3123 1957 3180 C
1993 3113 2320 3182 Ρηιιοίίτηθῐη
2350 3117 2662 3190 οοηηίὸθνθο
2699 3139 2876 3194 Ποθυο
2927 3127 3017 3184 m8
3067 3135 3372 3191 concedere
3421 3137 3565 3200 διιεῖ.

301 3224 370 3258 τε
401 3207 708 3260 Λεντούλου
741 3210 836 3262 καὶ
868 3208 1144 3265 Λικιννίου
1179 3212 1396 3284 Οὐάρου
1426 3215 1662 3284 ἤλπισαν
1689 3215 1886 3277 αύτοῖές

302 3299 399 3351 δά
449 3300 511 3353 τδ
569 3300 774 3370 πλῆθος
812 3301 872 3354 τὸ
909 3303 1171 3374 σρέτερον
1220 3308 1315 3359 καὶ
1345 3307 1473 3361 ἄνευ
1503 3309 1684 3378 μάχης
1721 3326 1887 3363 κατα-

306 3393 573 3463 πλήξειν·
605 3395 700 3446 καὶ
730 3392 1068 3464 πέμψαντες,
1101 3397 1202 3468 τήν
1222 3415 1280 3452 τε
1311 3398 1495 3470 χώραν
1526 3399 1624 3472 τὴν
1667 3401 1798 3472 περὶ
1827 3403 1887 3455 τὸ

321 3486 612 3558 Ἀρίμενον
635 3487 900 3559 ἀπῄτουν,
932 3489 1028 3541 καὶ
1060 3490 1160 3558 τῆς
1205 3490 1435 3556 πόλεως,
1477 3492 1552 3557 ώς
1579 3492 1757 3548 αὐτῶν
1791 3493 1883 3548 ού-

305 3594 432 3648 σης,
460 3578 833 3649 ἑξοικισθῆναι
858 3579 1134 3637 ἐκέλευον.
1168 3583 1230 3635 Oi
1251 3582 1296 3634 δ’
1325 3583 1541 3652 ὕπατοι,
1577 3588 1712 3656 μήτε
1746 3603 1887 3656 συμ-

304 3672 498 3724 ϐαλεῖν
555 3671 888 3746 θαρροῦντες
940 3673 1008 3727 δι’
1043 3673 1360 3745 ὀλιγότητα,
1421 3677 1560 3748 μήτε
1617 3678 1886 3749 προέσθαι

302 3763 636 3836 τολμῶντες,
693 3765 894 3835 ἀνοχάς
939 3764 1205 3838 ἔπραξαν,
1261 3766 1339 3830 ώς
1391 3768 1448 3831 ἐς
1499 3769 1600 3841 τὴν
1664 3769 1884 3840 Ῥώμην

302 3856 776 3928 πρεσϐεύσωνται.
828 3858 890 3910 0i
933 3856 979 3910 δ’
1028 3857 1122 3910 ἐπὶ
1167 3858 1268 3929 τὴν
1298 3858 1494 3928 βουλὴν
1528 3859 1766 3923 ἐλθόντες
1814 3862 1884 3914 τά

300 3950 448 4004 αὐτὰ
479 3944 655 4002 εἷπον.
708 3947 794 4012 Ὡς
846 3948 890 4001 δ’
944 3948 1162 4012 οὐδενὸς
1194 3949 1244 4002 oi
1293 3949 1555 4020 πρέσϐεις
1605 3944 1680 4004 ὧν
1719 3951 1882 4022 ᾔτουν

300 4038 627 4110 ἐτύγχανον,
686 4039 769 4101 εἰς
818 4039 880 4091 τὸ
933 4039 1299 4111 στρατόπεδον
1347 4039 1727 4112 ἀνεχώρησαν,
1787 4045 1882 4096 καὶ

303 4128 468 4204 εὗρον
506 4132 830 4203 ἐφθαρμένα
889 4132 1044 4202 σφίσι
1094 4133 1165 4186 τά
1228 4134 1554 4205 πράγματα.
1591 4135 1746 4200 Τινὲς
1773 4137 1880 4207 γάρ

300 4226 414 4277 τῶν
441 4225 749 4295 συμμάχων
779 4225 984 4289 αὐτῶν,
1034 4227 1420 4295 μεταγνόντες,
1477 4227 1568 4279 καὶ
1593 4227 1682 4281 διὰ
1713 4228 1880 4295 φόϐου

298 4316 430 4378 τοὺς
469 4317 778 4386 Ῥωμαίους
838 4317 1222 4388 πεποιημένοι,
1279 4319 1580 4389 ἐτράποντο
1629 4321 1721 4373 ἐπὶ
1755 4323 1881 4386 τοὺς

302 4407 584 4474 Βοουῖους,
612 4411 707 4463 καὶ
740 4409 930 4480 συχνοὶ
973 4411 1256 4465 ἀπώλοντο
1283 4412 1696 4484 ἀμφοτέρωθεν.
1731 4415 1878 4469 Κάν-

1991 3204 2240 3262 inducias
2292 3207 2564 3270 iecerunt.
2617 3222 2677 3268 ut
2709 3215 2774 3269 iis
2799 3216 2865 3271 de
2899 3220 3066 3274 rebus
3114 3223 3278 3294 legati
3321 3241 3351 3281 a
3394 3227 3568 3284 Gallis

1988 3295 2214 3351 Romam
2244 3299 2610 3359 mitterentur.
2643 3304 2743 3371 Qui
2771 3322 2893 3362 cum
2925 3312 3070 3381 apud
3099 3324 3347 3372 senatum
3373 3332 3436 3373 ea
3459 3320 3562 3374 lem
3610 3350 3620 3360 -

1988 3390 2386 3458 postulassent,
2446 3409 2624 3465 neque
2681 3399 2980 3468 quidquam
3028 3404 3450 3477 impetrassent,
3506 3412 3560 3468 in

1986 3491 2162 3537 castra
2195 3487 2422 3549 reversi,
2465 3503 2555 3543 res
2599 3505 2726 3546 suas
2769 3494 3012 3563 perditas
3058 3513 3399 3570 repererunt.
3431 3503 3565 3572 Qui-

1986 3581 2109 3637 dam
2141 3585 2287 3640 enim
2318 3602 2385 3642 es
2412 3603 2601 3644 eorum
2637 3593 2828 3660 sociis,
2873 3607 3079 3654 mutata
3112 3603 3403 3669 sententia,
3454 3603 3563 3659 Ro-

1986 3690 2177 3731 manos
2221 3679 2499 3747 timentes,
2545 3683 2711 3741 Boios
2739 3697 2868 3742 sunt
2903 3691 3180 3761 aggressi:
3211 3709 3277 3749 ac
3304 3695 3562 3768 utrinque

1987 3771 2140 3823 multi
2166 3771 2500 3830 ceciderunt.
2541 3776 2693 3833 Unde
2742 3780 2935 3850 reliqui
2981 3782 3203 3840 domum
3238 3787 3558 3850 redierunt:

1985 3859 2100 3914 Boii
2133 3877 2230 3930 per
2268 3865 2552 3932 pactiones
2582 3884 2774 3940 magna
2800 3873 2916 3942 agri
2946 3874 3032 3929 sui
3060 3885 3218 3945 parte
3257 3886 3387 3935 sunt
3419 3880 3562 3935 mul-

1986 3952 2100 4006 tati.
2131 3951 2357 4010 Gailicis
2394 3955 2555 4014 bellis
2592 3959 2703 4030 jam
2736 3963 3022 4032 confectis,
3071 3967 3338 4025 Lentulus
3366 3981 3557 4028 contra

1984 4044 2214 4116 Ligures
2241 4063 2392 4104 arma
2419 4053 2568 4122 cepit
2597 4071 2611 4108 :
2647 4063 2703 4109 et
2751 4055 2818 4110 iis
2849 4058 2942 4127 qui
2974 4062 3339 4120 occurrebant
3364 4063 3556 4135 proﬂi-

1983 4135 2145 4204 gatis,
2204 4139 2426 4194 castella
2471 4142 2721 4212 qumdam
2771 4147 3006 4218 subegit.
3045 4150 3218 4209 Varus
3271 4153 3553 4211 Corsicam

1985 4228 2281 4298 petiturus,
2322 4246 2447 4287 cum
2479 4245 2706 4307 propter
2744 4239 3087 4312 navigiorum
3116 4246 3404 4314 penuriam
3442 4256 3558 4304 tra-

1976 4318 2147 4388 jicere
2179 4337 2287 4376 non
2327 4337 2535 4392 passet,
2578 4327 2872 4386 Claudiuzn
2918 4331 3156 4390 Cliniam
3208 4340 3332 4392 cun'i
3381 4343 3558 4410 copiis

1982 4413 2246 4481 praemisit
2283 4432 2296 4472 :
2328 4418 2421 4488 qui
2454 4418 2642 4477 Corsis
2671 4423 2900 4481 territis.
2933 4425 2988 4482 itt
3019 4429 3355 4500 colloquium
3382 4436 3554 4501 venit,

300 4501 498 4556 τεῦθεν
524 4503 766 4574 ἀπῆλθον
788 4503 969 4557 οἴκαῗε
994 4506 1042 4558 οἱ
1065 4505 1261 4572 λοιποὶ,
1289 4506 1384 4558 καὶ
1399 4507 1450 4559 oi
1480 4507 1688 4560 Βοούῖοι
1716 4526 1878 4561 σπονο

1992 4512 2038 4558 et
2065 4520 2166 4574 pro
2191 4482 2518 4566 auctoritate
2544 4528 2732 4582 pacem
2764 4529 2890 4571 cum
2917 4517 3001 4573 eis
3039 4482 3197 4574 fecit:
3232 4520 3407 4581 Varus
3455 4540 3555 4580 au-

299 4594 397 4657 δὰς
428 4595 524 4647 ἐπὶ
553 4595 709 4666 μέρει
741 4594 922 4666 πολλῷ
948 4597 1047 4667 τῆς
1078 4594 1264 4668 χώρας
1321 4599 1472 4668 σφῶν
1525 4599 1871 4670 ἐποιήσαντο,

303 4687 448 4757 Ἤδη
473 4685 529 4738 δὲ
559 4687 668 4739 τῶν
699 4687 1016 4741 Γαλατικῶν
1063 4688 1332 4743 λυθέντων
1367 4690 1639 4761 πολέμων,
1675 4695 1703 4746 ό
1740 4693 1869 4748 Λέν-

297 4777 494 4840 τουλος
540 4777 904 4846 λστράτευσεν
959 4779 1052 4832 ἐπὶ
1101 4780 1336 4846 Λίγυας,
1371 4783 1610 4847 καὶτοὺς
1643 4787 1875 4856 προσπί-

301 4885 538 4931 πτοντας
567 4869 826 4939 ἠμύνετο,
865 4869 959 4923 καί
987 4888 1108 4923 τινα
1158 4871 1411 4942 ἐρύματα
1464 4879 1866 4948 παρεστήσατο.

299 4961 517 5033 Οὔαρος
549 4961 627 5025 δὲ,
661 4963 755 5016 ἐπὶ
791 4963 1004 5034 Κύρνον
1032 4965 1305 5035 ὁρμήσας,
1359 4967 1454 5020 καὶ
1491 4967 1566 5040 μὴ
1623 4969 1872 5040 δυνηθεὶς

294 5054 510 5125 ἀπορία
542 5055 743 5109 πλοίων
773 5055 1176 5126 περαιωθῆναι,
1201 5057 1436 5112 Κλινέαν
1461 5060 1727 5115 Κλαύδιον
1748 5079 1870 5116 τινα

293 5159 398 5196 σιν
445 5143 676 5217 δυνάμει
711 5146 1059 5217 προέπεμψε.
1103 5149 1390 5214 Κάκεῖνος,
1422 5149 1547 5214 τοὺς
1599 5153 1868 5222 Κορνίους

292 5235 679 5307 καταπλήξας,
737 5239 794 5300 ἐς
844 5237 1037 5306 λόγους
1081 5233 1234 5306 ἦλθε,
1268 5239 1363 5293 καὶ
1395 5239 1472 5304 ὡς
1509 5241 1868 5313 αὐτοκράτωρ

289 5327 582 5394 τυγχάνων
635 5330 953 5384 ἐσπείσατο.
1003 5329 1213 5400 Οὔαρος
1243 5329 1298 5382 δὲ
1328 5330 1438 5384 τῶν
1462 5332 1747 5402 συνθηκῶν
1789 5336 1863 5404 μὴ

1982 4606 2090 4653 tem
2126 4601 2273 4655 nulla
2307 4604 2575 4670 pactionis
2609 4607 2797 4663 habita
2826 4609 3060 4678 ratione,
3093 4628 3191 4671 eos
3233 4631 3556 4689 oppugnare

1978 4705 2085 4743 non
2138 4691 2371 4759 destitit,
2430 4696 2610 4753 donec
2653 4699 2982 4772 subegisset.
3040 4704 3273 4764 Romani
3322 4725 3456 4766 vero
3495 4711 3550 4767 id

1974 4781 2182 4838 crimen
2223 4785 2405 4840 violati
2435 4786 2654 4845 (mlieris
2681 4805 2711 4844 a
2742 4807 2860 4848 sese
2891 4809 3226 4865 amoventes,
3259 4799 3547 4860 Claudium

1975 4872 2058 4926 eis
2082 4871 2416 4931 dediderunt
2449 4895 2462 4932 :
2491 4894 2598 4933 non
2635 4891 2918 4953 receptum
2949 4890 3300 4956 expulerunt.
3334 4893 3544 4954 Bellqu

1973 4962 2240 5020 adversus
2271 4965 2770 5040 Carthaginienses,
2808 4976 2879 5032 ob
2907 4991 3272 5038 mercatorum
3318 5002 3546 5044 suorum

1974 5053 2206 5124 injurias
2235 5068 2570 5130 susceptum,
2606 5063 2981 5134 deposuerunt
3011 5085 3025 5124 :
3059 5083 3362 5144 exactaque
3383 5090 3552 5146 pecu-

1972 5147 2060 5201 nia
2083 5148 2268 5205 l'mdus
2302 5166 2660 5222 renovarunt,
2697 5173 2766 5214 ne
2796 5160 2876 5214 sic
2917 5163 3140 5232 quidem
3171 5166 3266 5222 diu
3306 5169 3544 5226 duratu-

1971 5256 2113 5296 rum.
2145 5241 2222 5296 Ac
2247 5243 2404 5316 £01
2439 5246 2874 5320 Carthaginiensi
2925 5253 3069 5311 bello
3120 5258 3310 5324 dilato,
3341 5259 3543 5317 Sardos

1966 5333 2114 5388 dicto
2145 5351 2254 5389 non
2285 5338 2570 5395 audientes
2601 5344 2774 5398 adorti
2821 5346 3069 5403 vicerunt
3103 5365 3115 5402 :
3147 5352 3242 5421 qui
3273 5353 3472 5408 deinde
3505 5367 3537 5406 ε

1478 5495 1683 5554 Variae
1721 5492 2022 5568 lectiones
2067 5502 2127 5556 et
2159 5505 2347 5560 notas.

358 5636 476 5719 (ἓξ)
503 5639 611 5719 K_al
639 5641 968 5719 Σαρδόνιοι.
1013 5646 1090 5719 ita
1140 5662 1271 5702 mss.
1328 5648 1460 5719 Reg.
1493 5658 1551 5704 et
1597 5646 1753 5703 Colb.
1786 5647 1855 5701 At

285 5708 839 5790 ﬁ'oliiushlegendtrm
888 5717 1149 5790 censebat
1182 5708 1438 5790 Δ,Σαρδάῖ
1457 5719 1647 5790 Neque
1680 5719 1850 5780 enim.

281 5778 488 5849 inquit,
515 5778 674 5836 Sardi
699 5799 726 5836 a
759 5778 1305 5858 Carthaginiensibus
1329 5778 1617 5863 pecuniam
1673 5778 1851 5842 extoré

1961 5661 2174 5730 serunt,
2229 5655 2326 5708 sed
2373 5656 2604 5711 Romani
2649 5666 2703 5714 et
2733 5661 3023 5729 pecuniam
3047 5671 3104 5719 et
3134 5659 3302 5733 ipsam
3343 5665 3536 5721 Sardi-
