4050 6210
479 297 586 360 (³87

1750 296 2079 358 J‘OANNIS
2115 294 2439 359 ZONARIE

3642 298 3759 365 [88

479 407 1023 477 Carthaginiensibus
1045 407 1185 464 clam
1200 405 1270 463 ad
1300 405 1658 463 rebellionem
1683 405 1895 462 incitati
1923 414 2074 461 sunt.

2181 410 2480 480 φροντίσας
2532 407 2842 481 ἐπολέμησε
2884 408 2999 473 τοίς
3051 405 3334 479 Κυρνὶοις,
3380 407 3493 474 ἕως
3556 408 3761 468 αὔτως

480 502 815 559 Dcfecerunt
837 510 897 558 et
923 501 1077 558 Corsi
1114 517 1129 555 :
1166 515 1270 556 nec
1295 500 1528 571 Ligures
1565 499 1927 570 quieverunt.
1963 499 2068 555 Se-

477 594 675 667 quenti
704 609 854 650 anno
906 593 1143 648 Romani
1196 592 1374 663 copiis
1430 591 1696 647 trifariam
1743 592 1957 656 divisis,
2007 601 2071 648 ut

478 687 673 743 hostes
697 685 865 741 simul
911 685 1054 740 bello
1100 683 1371 755 infestati,
1413 684 1621 739 auxilia
1650 683 1887 740 invicem
1923 684 2071 739 ferre

479 796 593 836 non
628 788 876 849 possent,
902 776 1285 832 Posthumium
1314 776 1576 832 Albinum
1609 777 1664 831 in
1704 776 2069 848 Ligusticum,

480 868 579 941 Sp.
631 869 933 926 Carvilium
983 878 1177 924 contra
1239 865 1465 934 Corsos,
1526 866 1581 921 in
1638 866 1948 922 Sardiniam
2005 866 2069 922 P.

478 964 801 1022 Cornelium
848 961 1062 1018 aedilem
1112 962 1409 1018 miserunt.
1445 961 1717 1018 Consules
1746 962 1880 1016 licet
1922 960 2072 1017 haud

480 1055 624 1113 citra
653 1054 922 1121 laborem,
951 1054 1091 1109 citra
1136 1069 1347 1108 moram
1395 1062 1578 1129 tamen
1619 1053 1878 1110 mandata
1918 1070 2076 1111 exse-

481 1148 596 1204 cuti
629 1155 781 1204 sunt.
818 1145 1022 1202 Sardos
1047 1146 1190 1202 nihil
1228 1145 1507 1201 modicum
1548 1146 1752 1203 animis
1783 1148 2073 1219 agitantes,

482 1241 760 1299 Carvilius
797 1241 1004 1311 ingenti
1030 1240 1226 1310 praelio
1256 1240 1499 1307 subegit.
1527 1240 1825 1297 Cornelius
1843 1242 1994 1297 enim
2020 1251 2078 1298 et

488 1335 648 1397 multi
677 1334 883 1389 milites
915 1333 1112 1388 morbo
1134 1333 1446 1403 perierunt.
1492 1333 1760 1389 Romanis
1790 1333 2077 1405 digressis,

486 1427 647 1485 Sardi
691 1435 751 1483 et
803 1426 1036 1497 Ligures
1105 1425 1177 1481 de
1252 1425 1467 1498 integro
1536 1425 1879 1483 defecerunt.
1937 1426 2083 1484 Con-

485 1530 570 1575 tra
658 1519 895 1590 Ligures
971 1517 1174 1574 missus
1252 1526 1339 1574 est
1412 1518 1475 1585 Q.
1535 1518 1739 1576 Fabius
1793 1519 2081 1582 Maximus,

484 1611 542 1667 in
597 1610 910 1667 Sardiniam
966 1608 1306 1680 Pomponius
1368 1608 1602 1665 Manius.
1667 1609 2087 1683 Carthaginien-

483 1719 614 1768 ses,
696 1711 759 1757 ut
869 1715 1065 1755 eorum
1167 1699 1439 1755 bellorum
1533 1713 1810 1768 auctores,
1899 1703 2087 1766 hostes

478 1795 733 1866 iudicati,
809 1792 951 1864 iussi
1031 1807 1329 1848 numerare
1396 1794 1710 1864 pecuniam,
1779 1803 1836 1851 et
1907 1798 2086 1852 omni-

484 1886 591 1941 bus
645 1883 842 1941 cedere
901 1880 1122 1948 insulis,
1179 1890 1240 1936 ut
1278 1897 1402 1951 quae
1460 1882 1836 1939 Romanorum
1874 1893 2121 1941 essent.-

485 1978 556 2033 Et
584 1985 646 2032 ut
705 1975 1035 2031 sententiam
1076 1989 1231 2029 suam
1283 1978 1454 2044 magis
1482 1973 1844 2043 declararent,
1871 1977 2083 2033 hastam

489 2069 597 2124 illis
624 2076 683 2121 et
731 2066 1036 2123 caduceum
1092 2067 1381 2129 miserunt,
1421 2068 1645 2137 optione
1703 2068 1851 2136 data,
1897 2084 2083 2127 utrum

471 2160 731 2217 .ntallent.
854 2158 960 2213 Sed
1052 2158 1532 2228 Carthaginienses
1634 2161 1772 2215 nihil
1872 2164 2084 2235 territi,

488 2264 610 2309 tum
676 2250 746 2305 ad
822 2250 930 2304 alia
1008 2250 1415 2320 responderunt
1480 2253 1753 2323 asperius,
1839 2264 1955 2309 tum
2024 2269 2084 2311 se

498 2350 763 2399 neutrum
793 2339 932 2394 velle
970 2337 1253 2405 dixerunt,
1302 2340 1398 2395 sed
1443 2340 1577 2395 illud
1625 2341 1881 2397 alacriter
1925 2358 2086 2399 acce-

491 2445 711 2504 pturos,
745 2431 894 2501 quod
930 2429 1093 2500 legati
1147 2430 1522 2500 reliquissent.
1562 2429 1661 2486 llic
1692 2432 1900 2488 mutuis
1935 2432 2083 2489 odiis

488 2523 798 2594 conceptis,
836 2521 1021 2576 neutri
1048 2521 1254 2576 bellum
1290 2521 1567 2592 auspicari
1593 2530 1724 2577 sunt
1759 2524 1905 2582 ausi.
1938 2524 2082 2579 Con-

474 2625 572 2669 tra
599 2612 805 2668 Sardos
835 2619 1020 2667 autem
1056 2610 1240 2665 denuo
1271 2611 1695 2677 tumultuantes,
1740 2612 1904 2667 ambo
1934 2628 2079 2669 coss.

485 2704 868 2769 M.Malleolus
903 2716 959 2762 et
995 2705 1065 2760 M.
1115 2704 1374 2760 Aimilius
1413 2704 1589 2774 missi,
1636 2721 1887 2777 magnam
1941 2721 2082 2776 pra:-

486 2804 610 2859 dam
638 2808 907 2873 ceperunt
935 2817 950 2855 :
982 2815 1103 2871 quae
1131 2804 1212 2855 eis
1246 2815 1276 2854 a
1299 2799 1506 2866 Corsis,
1544 2816 1671 2856 cum
1723 2816 1792 2857 eo
1834 2800 2081 2872 appulis-

486 2903 632 2963 sent,
663 2902 751 2949 est
776 2904 986 2963 erepta.
1027 2891 1144 2958 Qua
1175 2891 1242 2946 de
1277 2906 1439 2946 causa
1473 2902 1598 2962 post
1627 2892 1860 2947 Romani
1892 2903 2078 2948 utros-

486 3003 595 3062 que
630 2990 970 3043 invaserunt.
1002 2984 1073 3038 M.
1099 2984 1458 3053 Pomponius,
1491 2987 1586 3054 qui
1613 2982 1817 3040 Sardos
1849 2983 2077 3039 infesta-

2148 2529 2396 2583 ,τιωτῶν
2450 2530 2636 2584 πολλοὶ
2685 2531 2792 2586 ὑπὸ
2844 2532 3005 2584 νόσου
3034 2530 3375 2604 ἐφθάρησαν.

2168 500 2529 573 ἐχειρώσατο.
2563 503 2629 558 Ol
2656 503 2715 557 δὲ
2755 503 3023 573 Ῥωμαῖοι
3045 500 3108 554 es
3138 500 3584 573 παρασπόνδημα
3614 504 3759 557 ἀπο.

2168 596 2634 665 προσποιούμενοι
2655 594 2909 665 ἔπεμψαν
2927 595 3110 656 αὐτοῖς
3130 594 3433 657 ἐκδιδόντες
3453 592 3547 649 τόν
3572 594 3760 649 Κλαύ-

2169 682 2302 738 διον.
2344 685 2433 747 Ὠς
2463 685 2512 738 δ’
2540 686 2644 739 οὐκ
2701 686 2920 757 έδέχθη,
2964 685 3244 754 ἐξήλασαν
3294 685 3480 740 αὐτόν.
3520 686 3650 739 Ἐπὶ
3698 685 3758 740 δὲ

2170 777 2586 847 Καρχηδονίους
2614 778 2904 849 μέλλοντες
2952 778 3327 851 στρατεύσειν.
3361 778 3438 842 ὡς
3466 781 3583 841 τοῖς
3607 778 3763 846 σφῶν

2173 870 2442 939 ἐμπόροις
2475 870 2935 942 λυμαινομένους,
2971 870 3133 925 τοῦτο
3192 871 3293 941 μὲν
3336 870 3439 924 οὐκ
3466 870 3760 941 ἐποίησαν,

2173 961 2437 1031 χρήματα
2479 962 2526 1015 δ’
2553 963 3020 1034 ἐπιπραξάμενοι,
3051 962 3427 1018 ἀνενεώσαντο
3455 961 3556 1026 τὰς
3588 979 3759 1015 σπον-

2174 1053 2293 1118 δάς*
2327 1054 2554 1125 ἔμελλον
2609 1055 2669 1109 δὲ
2726 1055 2852 1125 μηδ’
2908 1054 2985 1120 ὣς
3016 1057 3075 1120 ὲς
3122 1055 3344 1126 μακρὰν
3397 1055 3455 1108 αί
3489 1053 3759 1123 συνθῆκαι

2179 1148 2385 1217 μένειν.
2440 1147 2522 1201 Τὰ
2573 1147 2675 1218 μὲν
2706 1142 2802 1203 οὖν
2853 1148 2964 1202 τῶν
2988 1148 3378 1218 Καρχηδονίων
3401 1146 3760 1217 ἀνεδέϐλητο’

2176 1239 2271 1293 ιπὶ
2292 1238 2493 1304 θετοὺς
2517 1239 2842 1311 Σαρδονίους
2869 1239 2947 1312 μὴ
2969 1239 3332 1310 πειθομένους
3350 1238 3539 1297 αὐτοῖς
3559 1237 3763 1308 ἐστρά-

2177 1349 2381 1387 τευσαν
2432 1333 2533 1387 καὶ
2571 1331 2859 1402 ένίκησαν.
2892 1332 3053 1387 Μετά
3083 1332 3144 1387 δὲ
3177 1330 3350 1385 ταῦτα
3374 1330 3606 1384 ἔπεισαν
3630 1331 3764 1392 τοὺς

2178 1425 2509 1497 Σαρδονίους
2536 1424 2589 1479 οί
2638 1425 3001 1497 Καρχηδόνιοι
3053 1422 3243 1495 κρύφα
3289 1424 3406 1486 τοῖς
3467 1420 3766 1493 Ῥωμαίοις

2183 1519 2577 1590 έπαναστῆναι,
2598 1518 2697 1573 καὶ
2722 1518 2938 1582 τούτοις
2954 1518 3006 1570 οἱ
3028 1517 3258 1591 Κύρνιοι
3274 1516 3766 1587 προσαπέστησαν,

2185 1611 2283 1665 καὶ
2310 1612 2365 1664 οι
2398 1612 2602 1680 Δίγυες
2637 1611 2741 1682 οὐχ
2793 1610 3104 1682 ἡσύχασαν.
3156 1609 3247 1682 Τῷ
3292 1609 3338 1664 δ’
3390 1608 3768 1678 ἐπιγενομένη»

2188 1702 2301 1757 ἔτει
2327 1701 2496 1774 τριχῆ
2523 1702 2625 1767 τὰς
2654 1701 2917 1773 δυνάμεις
2946 1701 3245 1771 διελόμενοι
3281 1701 3333 1754 oi
3375 1700 3664 1770 Ῥωμαίοι,
3697 1695 3769 1751 ἶν’

2187 1797 2304 1869 ἅμα
2331 1795 2733 1867 πολεμούμενοι
2756 1796 2963 1862 πάντες
2992 1796 3069 1867 μὴ
3094 1795 3456 1866 συμϐοηθεῑεν
3482 1792 3766 1864 ἀλλήλοις,

2188 1888 2524 1961 Ποστούμιον
2546 1888 2649 1960 μὲν
2671 1889 2909 1944 Ἀλϐῖνον
2938 1889 3021 1952 είς
3050 1888 3150 1962 τὴν
3195 1888 3558 1957 Διγυστικὴν,
3587 1886 3768 1939 Σπού-

2185 1998 2307 2054 ριον
2355 1981 2414 2035 δὲ
2462 1982 2794 2052 Καρουΐλιον
2842 1983 2937 2036 ἐπὶ
2987 1982 3118 2046 τοὺς
3146 1982 3445 2053 Κυρνίους,
3491 1984 3553 2045 ές
3583 1981 3766 2052 δὲτὴν

2185 2073 2375 2142 Σαρδὼ
2391 2074 2483 2127 τὸν
2502 2074 2808 2145 ἀστυνόμον
2840 2074 3114 2129 Πούπλιον
3149 2073 3457 2145 Κορνήλιον
3482 2072 3765 2143 ἔπεμψαν.

2185 2165 2295 2220 Καὶ
2329 2167 2378 2218 oi
2419 2166 2520 2235 μὲν
2546 2164 2745 2220 ὕπατοι
2777 2167 2878 2220 οὐκ
2909 2166 3129 2228 ἀπόνως
3156 2166 3278 2237 μὲν,
3329 2166 3393 2219 ού
3434 2164 3680 2236 βραδέως
3705 2164 3765 2216 δὲ

2182 2258 2253 2310 τὰ
2281 2258 2700 2330 προσταχθέντα
2715 2258 2871 2329 σφίσι
2897 2257 3271 2330 κατέπραξαν.
3302 2258 3442 2322 Τοὺς
3470 2257 3528 2311 δέ
3557 2255 3765 2327 Σαρδο-

2184 2344 2329 2405 νίους
2350 2348 2423 2417 μή
2447 2363 2501 2399 τι
2529 2346 2756 2417 μέτριον
2777 2347 3112 2419 φρονοῦντας
3139 2347 3337 2417 ἰσχυρᾷ
3354 2346 3507 2419 μάχῃ
3528 2345 3774 2417 Reposi-

2182 2437 2297 2501 λιος
2317 2438 2727 2508 κατεστρέψατο
2744 2451 2764 2472 ο
2785 2442 2814 2491 ό
2843 2440 2958 2510 γὰρ
2988 2440 3288 2509 Κορνήλιος
3333 2440 3429 2493 καὶ
3458 2440 3571 2492 τῶν
3602 2455 3776 2510 στρα-

3458 2533 3615 2586 Ἒπεὶ
3638 2532 3687 2585 δ’
3714 2533 3771 2587 οἱ

2194 2623 2457 2692 Ῥωμαῖοι
2479 2623 2543 2675 ὲκ
2557 2622 2658 2693 τῆς
2680 2623 2863 2695 χώρας
2882 2624 3065 2678 αὐτῶν
3084 2624 3503 2695 ἀπηλλάγησαν,
3523 2625 3773 2695 ἀπέστη-

2182 2731 2281 2768 σαν
2311 2714 2470 2778 αὖθις
2522 2717 2573 2769 οἱ
2605 2716 2887 2796 Σαρδόνιοι
2916 2717 3012 2773 καὶ
3043 2720 3093 2772 ot
3142 2718 3365 2787 Λίγυες.
3390 2720 3624 2783 Κύίντος
3667 2720 3770 2788 μὲν

2180 2804 2273 2860 οὖν
2297 2804 2497 2869 Φάσιος
2532 2805 2786 2877 Μάξιμος
2824 2808 3082 2878 ἐπέμφθη
3108 2809 3246 2882 πρὸς
3264 2810 3497 2879 Λίγυας,
3528 2812 3589 2875 ες
3612 2811 3675 2865 δέ
3702 2827 3771 2880 γε

2178 2901 2279 2970 τὴν
2304 2898 2495 2971 Σαρδὼ
2527 2900 2854 2971 Πομπώνιος
2879 2903 3111 2967 Μάνιος.
3143 2903 3283 2968 Τούς
3309 2921 3374 2973 γε
3403 2905 3515 2976 μὴν
3546 2907 3775 2977 Καρχη-

2179 2991 2414 3058 δονίους,
2443 2991 2518 3057 ὡς
2549 2993 2758 3057 αίτίους
2780 2994 2963 3058 αὐτοῖς
2986 2995 3096 3049 τῶν
3118 2995 3374 3067 πολέμων
3402 2996 3589 3066 ὄντας,
3607 2999 3771 3051 πολε-

485 3082 598 3147 bat,
635 3097 760 3137 cum
814 3093 1008 3135 eorum
1062 3077 1333 3148 plurimos
1382 3077 1437 3130 in
1490 3078 1751 3132 saltuosis
1797 3078 2077 3148 specubus

2182 3082 2340 3154 μίους
2364 3083 2607 3154 ἔκριναν,
2639 3084 2734 3139 καὶ
2764 3085 3086 3156 πέμψαντες
3113 3089 3246 3159 πρὶς
3273 3089 3773 3161 αὐτοὺςαρηματά

486 3173 706 3231 abditos
752 3172 1016 3242 indagare
1071 3187 1182 3225 non
1235 3179 1445 3238 posset,
1492 3184 1718 3239 sagaces
1780 3186 1945 3226 canes
2009 3188 2077 3226 ex

455 3266 644 3337 _ltalia
675 3263 971 3320 accersivit
1003 3280 1018 3317 :
1051 3278 1151 3333 per
1181 3276 1391 3330 eosque
1440 3260 1757 3316 tramitibus
1788 3260 2078 3318 hominum

488 3369 547 3412 et
600 3355 876 3426 pecudum
930 3352 1293 3423 investigatis,
1370 3351 1575 3406 multos
1642 3352 1769 3408 inde
1818 3357 2078 3410 extraxit.

488 3434 654 3505 Caius
675 3464 805 3504 vero
839 3446 1092 3517 Papirius
1118 3443 1324 3501 Cursor
1362 3443 1590 3512 planitie
1618 3446 1829 3516 pulsos,
1863 3463 1988 3502 cum
2021 3449 2076 3503 in

490 3552 705 3595 montes
736 3538 1027 3611 adegisset,
1077 3553 1179 3608 per
1234 3534 1463 3593 insidias
1496 3537 1703 3594 multos
1743 3542 1927 3595 amisit
1963 3561 1977 3597 :
2023 3552 2080 3598 et

492 3614 606 3704 pra:
646 3632 736 3689 siti
790 3632 978 3702 plures
1030 3631 1328 3686 amisisset.
1374 3629 1429 3684 ni
1477 3645 1605 3685 sero
1658 3632 1875 3688 tandem
1935 3650 2078 3705 aqua

495 3720 738 3788 inventa,
794 3721 981 3778 Corsis
1030 3730 1091 3776 ut
1135 3720 1475 3778 deditionem
1522 3722 1792 3788 facerent,
1850 3741 2078 3795 persua-

492 3817 678 3871 sisset.

2179 3194 2238 3230 τε
2267 3176 2535 3249 ἀπῄτουν,
2576 3179 2669 3232 καὶ
2697 3178 2932 3234 ἀπασῶν
2955 3180 3176 3234 ἐκπλεῖν
3197 3182 3304 3235 τῶν
3324 3183 3506 3253 νήσων
3538 3185 3776 3237 ἐπέτατ-

2180 3288 2297 3336 τον,
2333 3271 2409 3336 ὡς
2439 3273 2627 3337 αὐτοῖς
2679 3273 3081 3346 διαφερουσῶν.
3137 3276 3522 3345 Ἐκφαίνοντες
3575 3279 3634 3333 δὲ
3672 3280 3769 3334 κει

2179 3364 2282 3435 τὴν
2303 3366 2575 3438 σφετέραν
2604 3365 2869 3433 διάνοιαν,
2901 3368 3032 3440 δόρυ
3062 3369 3250 3441 αὐτοῖς
3275 3370 3624 3437 ἐπέστειλαν,
3673 3372 3777 3425 καὶ

2182 3456 2471 3527 κηρύκιον,
2512 3455 2571 3511 ἒν
2600 3457 2820 3510 ἑλέσθαι
2850 3444 3167 3524 κελεύοντες
3194 3463 3380 3516 ὁποῖον
3400 3462 3468 3516 ἄν
3493 3462 3781 3532 ἐθελήσω-

2185 3565 2292 3602 σιν.
2312 3549 2375 3602 Οί
2396 3548 2475 3615 δὲ,
2501 3548 2667 3620 μηδὲν
2692 3549 3074 3620 ύποπτήξιντε
3087 3571 3127 3619 ς,
3154 3554 3222 3607 τά
3246 3571 3304 3606 τε
3326 3553 3464 3608 ἄλλα
3496 3554 3781 3625 τραχύτε-

2187 3658 2281 3712 ρον
2314 3641 2707 3709 ἀπεκρίναντο,
2747 3643 2843 3696 καὶ
2865 3644 2972 3696 τῶν
2992 3644 3355 3713 πεμφθέντων
3387 3646 3574 3717 σφίσιν
3595 3649 3779 3716 αἱρεῖ-

2188 3734 2313 3788 σθαι
2339 3733 2437 3804 μὲν
2464 3728 2619 3787 εἷπον
2652 3735 2958 3806 οὐδέτερον,
3012 3735 3268 3806 δέχεσθαι
3290 3737 3334 3792 δ’
3366 3738 3604 3809 ἑτοίμως
3633 3730 3779 3792 61:6-

2185 3843 2346 3899 τερον
2372 3825 2814 3897 καταλείψουσιν.
2866 3829 3152 3882 Ἐντεῦθεν
3189 3830 3290 3901 μὲν
3342 3831 3571 3901 ἑμίσουν
3600 3832 3778 3903 ἀλλη-

494 3909 641 3974 λους,
670 3905 880 3964 ὤκνουν
909 3909 967 3964 δὲ
1012 3908 1254 3979 πολέμου
1302 3906 1700 3979 κατάρξασθαι.
1726 3911 2071 3984 Κινηθὲντων
2107 3920 2153 3975 δ’
2218 3916 2377 3985 αὖθις
2402 3919 2511 3973 τῶν
2535 3921 2859 3992 Σαρδονίων,
2896 3923 2985 3977 ἐπ’
3018 3925 3219 3988 αὐτοὺς
3247 3925 3296 3978 oi
3332 3924 3531 3980 ὕπατοι
3600 3928 3782 3998 ἄμφω

492 4000 885 4073 ἔστράτευσιν.
914 4002 1141 4073 Μάρκος
1172 4000 1229 4054 δὲ
1263 3999 1543 4065 Μαλέολος
1597 4002 1692 4056 ἳκαὶ
1720 4004 1948 4074 Μάρκος
1976 4012 2263 4082 Αἰμίλιος·
2327 4014 2425 4069 καὶ
2455 4013 2626 4068 πολλά
2682 4015 2782 4086 μὲν
2812 4014 3034 4088 λάφυρα
3060 4016 3278 4074 ἔλαϐον.
3349 4019 3394 4071 Π
3406 4020 3511 4090 ειρά
3567 4019 3629 4073 δὲ
3661 4020 3780 4074 τῶν

491 4095 749 4165 Κυρνίων
776 4096 1130 4167 προσχόντες,
1155 4094 1341 4157 αὐτοῖς
1370 4092 1513 4150 αὒτά
1544 4095 1922 4168 ἀφῃρέθησαν.
1981 4102 2073 4157 Διὸ
2110 4105 2250 4174 μετά
2307 4103 2483 4159 ταῦτα
2508 4106 2596 4160 ἐπ’
2628 4108 2979 4179 ἀμφοτέρους
3041 4111 3091 4163 οί
3135 4111 3404 4181 Ῥωμαῖοι
3444 4112 3775 4183 ἐτράποντορ

499 4189 611 4242 Καὶ
646 4189 869 4259 Μόιρκος
926 4187 1026 4258 μὲν
1063 4186 1390 4259 Πομπώνιος
1423 4185 1694 4255 Σαρδόνας
1740 4187 1855 4260 (25)
1923 4190 2108 4264 ἔφερε,
2151 4196 2247 4250 καὶ
2286 4196 2476 4267 μαθὼν
2527 4199 2654 4264 τοὺς
2702 4199 2957 4263 πλείονας
2984 4200 3170 4256 αὐτῶν
3192 4205 3253 4266 ἐς
3288 4204 3529 4275 σπήλαια
3588 4206 3777 4277 ὑλώδη

499 4285 593 4337 καὶ
648 4281 1011 4353 δυσεξεύρετα
1045 4280 1407 4348 καταδύντας,
1461 4279 1538 4352 μὴ
1591 4281 1891 4351 δυνάμενός
1951 4303 2012 4339 τε
2077 4287 2278 4355 αὐτοὺς
2344 4293 2548 4365 εὑρεῖν,
2608 4293 2777 4359 κύνας
2836 4297 2903 4349 ἐκ
2958 4297 3058 4367 τῆς
3106 4294 3343 4359 Ἰταλίας
3376 4297 3780 4368 μετεπέμψατο

501 4373 747 4447 εύρινας,
775 4373 871 4428 καί
901 4372 970 4426 δι’
1004 4373 1229 4428 ἐκείνων
1257 4374 1351 4427 τὶν
1395 4372 1578 4426 στίϐον
1623 4374 1719 4428 καὶ
1750 4376 1859 4430 τῶν
1906 4378 2213 4451 ἀνθρώπων
2261 4386 2357 4438 καὶ
2417 4386 2528 4441 τῶν
2589 4387 2952 4458 βοσκημάτων
2978 4389 3177 4461 εὑρὼν,
3212 4389 3387 4444 πολλά
3436 4391 3775 4461 ἀπετέμετο.

500 4462 664 4528 Γάῖος
693 4464 749 4517 δὲ
782 4462 1081 4536 Παπείριος
1116 4465 1181 4517 ὲκ
1223 4464 1323 4535 μὲν
1356 4463 1465 4519 τῶν
1522 4464 1725 4519 πεδίων
1777 4467 1903 4533 τοὺς
1953 4472 2226 4541 Κυρνίους
2281 4476 2564 4546 ἀπήλασε·
2632 4478 2953 4551 βιαζόμενος
3001 4482 3059 4536 δὲ
3127 4483 3265 4552 πρὸς
3295 4484 3363 4537 τὰ
3382 4481 3507 4553 δρη,
3539 4489 3779 4553 συχνοὺς

502 4562 564 4631 ea
596 4560 817 4629 ἐνέδρας
841 4559 1103 4628 ἀπέϐαλε,
1140 4560 1361 4623 πλείους
1392 4576 1454 4612 τε
1508 4559 1575 4615 ἂν
1629 4559 1823 4626 ὓδατος
1872 4564 2079 4639 ἀπορίᾳ
2118 4569 2419 4638 ἀπώλεσεν,
2468 4575 2518 4628 εί
2555 4575 2632 4646 μή
2703 4592 2808 4630 που
2872 4574 3020 4648 ὕδωρ
3061 4576 3161 4647 ὀψέ
3193 4592 3327 4631 ποτε
3378 4579 3647 4649 ἀνεφάνη,
3678 4581 3776 4634 καὶ
3885 4568 3891 4573 ’

503 4658 687 4711 ἱπεισε
722 4655 839 4724 τοὺς
870 4654 1141 4728 Κυρνίους
1163 4654 1518 4726 ὁμολογῆσαι.

573 4746 717 4804 XIX.
742 4745 855 4802 Sub
883 4746 988 4801 hoc
1008 4754 1226 4817 tempus
1249 4746 1489 4803 Amilcar
1513 4747 1625 4803 dux
1645 4746 2069 4821 Carthaginien-

2243 4755 2347 4812 18'.
2385 4759 2543 4813 Κατά
2571 4758 2761 4814 τοῦτον
2786 4760 2877 4814 τὸν
2915 4761 3109 4832 χρόνον
3161 4765 3257 4817 καὶ
3287 4763 3556 4833 ’Δμίλκας
3589 4766 3620 4818 ό
3650 4767 3768 4819 τῶν

501 4839 668 4903 sium,
691 4838 759 4891 ab
786 4835 1043 4906 Hispanis
1069 4835 1253 4891 victus
1282 4837 1565 4893 occubuit.
1588 4836 1724 4892 Nam
1749 4854 1874 4893 cum
1909 4842 2079 4898 aciem

2186 4850 2576 4924 Καρχηδονίων
2602 4836 2911 4927 στρατηγὸς
2945 4855 3083 4925 πρὸς
3122 4854 3354 4928 Ἰϐήρων
3375 4857 3627 4928 νικηθεὶς
3647 4858 3776 4910 ἔθα-

503 4937 820 4989 σοηιταηεοε
861 4926 1255 4990 instruxisset,
1287 4925 1363 4980 illi
1399 4943 1601 4983 currus
1641 4926 1855 4983 facibus
1884 4940 1940 4985 et
1966 4931 2079 5002 pice

2184 4960 2296 5000 νεν.
2334 4925 2944 5018 Ἀντιπαραταξαμένου
2971 4951 3082 5019 γάρ
3103 4925 3310 5017 σφίσιν,
3344 4925 3566 5019 ἁμάξας
3595 4949 3773 5021 δᾴδων

503 5018 697 5089 plenos
730 5027 855 5073 ante
911 5017 1075 5089 402
1124 5018 1312 5088 copias
1363 5017 1908 5089 Carthaginiensium
1962 5038 2091 5094 pro-

506 5110 779 5187 duxerunt
819 5128 835 5164 :
869 5126 1107 5180 cumque
1140 5127 1312 5183 prope
1345 5121 1572 5167 ventum
1604 5122 1781 5176 esset,
1808 5115 1876 5169 iis
1898 5114 2091 5171 incen-

505 5205 606 5280 sis,
635 5192 1136 5276 jumentaincitata
1168 5207 1223 5260 in
1260 5206 1471 5263 rabiem
1513 5217 1782 5278 egerunt:
1822 5224 2000 5280 eaque
2035 5225 2093 5265 re

505 5273 855 5361 adversarios
884 5296 1135 5352 turbatos
1155 5337 1170 5361 ,
1197 5297 1471 5361 divulsus,
1505 5307 1561 5373 et
1596 5299 1655 5353 in
1685 5300 1868 5370 fugam
1896 5317 2087 5357 versos

500 5392 801 5455 assectati,
832 5398 891 5446 et
929 5389 1127 5445 ducem
1155 5398 1212 5445 et
1241 5389 1509 5460 plurimos
1548 5391 1688 5447 alios
1734 5393 2083 5449 ceciderunt.

501 5482 767 5539 Amilcari
812 5491 937 5553 post
976 5483 1293 5538 diuturnam
1323 5481 1644 5538 felicitatem
1677 5485 1929 5564 adjhunc
1962 5500 2084 5542 mo—

2186 5034 2281 5088 καλ⁵
2309 5034 2513 5105 πίσσης
2547 5040 2759 5107 μεστάς-
2782 5040 2888 5108 πρὸ
2921 5037 3015 5091 τοῦ
3066 5039 3301 5110 στρατοῦ
3335 5043 3446 5095 τῶν
3488 5042 3773 5111 Καρχηδο-

2185 5125 2317 5180 νίων
2355 5129 2695 5199 προήγαγον,
2731 5134 2823 5184 καὶ
2870 5131 3276 5202 πλησιάσαντες
3310 5133 3529 5205 ἀνῆψαν
3573 5135 3767 5199 αὐτας,

2188 5218 2286 5270 καὶ
2312 5218 2381 5270 τά
2430 5217 2661 5273 ἕλκοντα
2712 5222 2884 5286 αὐτὰς
2912 5222 3187 5292 ὑποζύγια
3241 5222 3769 5294 έπισπέρχοντεςόί-

2196 5326 2458 5380 στρησαν.
2484 5312 2610 5366 Κὰκ
2633 5313 2823 5367 τούτου
2848 5314 3334 5385 συνταραχθέντων
3352 5316 3460 5371 τῶν
3485 5314 3765 5379 ἐναντίων,

2191 5400 2636 5458 διασπασθέντων
2661 5423 2721 5459 τε
2751 5406 2848 5461 καὶ
2879 5409 3263 5480 τραπομένων,
3294 5410 3549 5480 ἑπόμενοι
3584 5409 3769 5463 κάκεῖ-

2193 5508 2285 5546 νον
2319 5496 2414 5546 καὶ
2436 5493 2631 5559 ἄλλους
2658 5495 2940 5562 πλείστους
2966 5498 3288 5570 ἐφόνευσαν.
3311 5501 3420 5556 Καὶ
3464 5503 3494 5555 ό
3518 5499 3641 5572 μέν,
3671 5495 3763 5551 ἐπὶ

1710 5626 1920 5689 Varius
1960 5628 2271 5695 lectiones
2315 5642 2376 5697 et
2413 5644 2602 5700 noue.

474 5692 501 5713 .
564 5742 693 5815 με)
736 5741 1075 5814 Σαρόῶνας.
1113 5744 1243 5803 Mss.
1262 5759 1457 5804 omnes
1485 5743 1754 5821 Σαρδόνος
1784 5745 2013 5807 habent.
