4050 6210
274 302 388 366 689

1516 298 1920 361 ANNALIUM
1960 299 2026 360 LI
2045 301 2102 360 Β.
2140 299 2304 362 VIII.

3438 300 3541 361 θυι)

276 409 536 460 πλεῖστον
563 405 828 476 ἀνθήσας,
864 403 1043 468 οὕτως
1071 403 1414 474 ἐτελεύτησε.
1449 404 1861 474 Τελευτήσαντα

1965 403 2095 458 dum
2162 403 2481 467 interfecto,
2538 418 2708 474 gener
2765 403 3034 458 Asdrubal
3101 408 3436 466 successit:
3477 427 3541 466 ac

273 499 334 553 δι
367 497 532 552 αὐτὸν
569 495 906 566 ’Δσδρούϐας
941 498 969 550 ὁ
997 496 1254 568 Γαμϐρὸς
1296 495 1584 561 διεδέξατο,
1636 498 1731 550 καὶ
1761 497 1860 565 τῆς

284 589 536 660 Ἰϐηρίας
589 589 763 642 πολλὰ
818 591 1255 660 προσεκτήσατο,
1320 590 1476 642 πόλιν
1509 607 1567 641 τε
1602 590 1660 642 ὲν
1717 589 1856 659 αὐτῇ

274 681 608 752 Καρχηδόνα
639 680 931 750 ὁμώνυμον
959 683 1022 751 τῇ
1057 681 1275 751 πατρίδι
1307 680 1510 734 ἔκτισε.
1556 681 1678 734 Τῶν
1704 682 1761 736 δέ
1792 685 1858 750 γε

275 771 518 823 Βοουῖων
540 769 638 823 καὶ
657 771 766 822 τῶν
783 769 960 823 ἄλλων
987 770 1246 824 Γαλατῶν
1268 769 1439 824 πολλὰ
1463 771 1561 841 μὲν
1579 771 1674 825 καὶ
1700 772 1855 837 ἄλλα,

275 863 572 925 πλείστους
595 863 652 915 δὲ
681 862 776 916 καὶ
808 861 1187 932 αἰχμαλώτους
1215 863 1563 928 πωλούντων,
1584 863 1860 926 δείσαντες

269 958 326 1008 οἱ
375 957 635 1024 Ῥωμαῖοι
669 956 879 1022 μήποτε
907 955 1028 1007 κατ’
1059 954 1241 1008 αὐτῶν
1272 957 1384 1018 τοῖς
1436 958 1683 1026 χρήμασι
1725 957 1861 1028 χρή-

273 1063 504 1107 σωνται,
527 1047 760 1098 ἀπεῖπον
781 1045 985 1116 μηδένα
1013 1047 1169 1116 ἀνδρὶ
1196 1047 1412 1117 Γαλάτῃ
1439 1048 1564 1117 μήτ’
1593 1048 1859 1117 ἀργύριον

275 1141 422 1209 μήτε
479 1138 700 1207 χρυσίον
758 1137 984 1192 διδόναι.
1055 1137 1345 1192 Ἐντεῦθεν
1393 1141 1443 1192 oi
1496 1139 1858 1210 Καρχηδόνιοι

274 1230 544 1300 μαθόντες
573 1230 704 1292 τοὺς
727 1229 970 1292 ὑπάτους
993 1230 1222 1300 Μάρκον
1243 1230 1489 1301 Αἰμίλιον
1509 1232 1604 1284 καὶ
1629 1231 1858 1302 Μάρκον

284 1323 510 1375 Ἰούνιον
533 1323 611 1383 εἰς
639 1322 737 1390 τὴν
767 1322 1105 1392 Λιγυστικὴν
1134 1321 1475 1392 ἀπάραντας,
1511 1324 1859 1394 παρεσκευά-

272 1414 436 1478 ζοντο
467 1415 546 1478 είς
579 1413 681 1484 τὴν
721 1414 943 1482 Ῥώμην
972 1413 1189 1468 ἐλάσαι.
1214 1414 1458 1467 Γνόντων
1478 1413 1532 1466 δὲ
1557 1413 1717 1467 τοῦτο
1746 1417 1857 1466 τῶν

269 1507 524 1570 ὑπάτων,
554 1506 651 1560 καὶ
677 1506 764 1558 ἐπ’
791 1507 990 1570 αὐτοὺς
1019 1505 1214 1577 ἁθρόον
1247 1506 1607 1577 ὡρμηκότων,
1632 1507 1861 1572 ἐξεπλά-

268 1613 479 1667 γησαν,
515 1596 610 1649 καὶ
641 1597 966 1667 ἀπήντησαν
991 1597 1178 1660 αὐτοῖς
1201 1599 1275 1660 ώς
1297 1598 1486 1666 φίλιοι.
1512 1599 1770 1654 Κάκεῖνοι
1800 1601 1857 1654 δὲ

1961 497 2149 551 multis
2166 497 2443 566 Hispanize
2474 497 2704 552 urbibus
2737 497 3004 559 subactis,
3030 497 3416 570 Carthaginem
3447 519 3543 572 pa.

1963 588 2078 643 tria:
2109 590 2491 660 cognominem
2526 589 2797 644 condidit.
2824 590 2974 645 Boiis
3007 591 3331 661 exterisque
3374 592 3543 650 Gallis

1960 695 2026 735 ex
2057 682 2375 736 venditione
2401 687 2513 736 tum
2546 683 2776 736 aliarum
2802 698 3010 747 rerum,
3037 691 3149 738 tum
3175 683 3542 754 plurimorum

1959 773 2331 842 captivorum.
2357 788 2608 843 magnam
2643 774 2933 843 pecuniam
2965 774 3323 840 facientibus,
3374 776 3539 832 veriti

1959 864 2216 931 Romani,
2251 879 2320 918 ne
2354 863 2422 919 iis
2456 865 2656 934 Opibus
2681 875 2876 919 contra
2908 880 2966 919 se
2999 873 3313 929 uterentur,
3349 866 3539 922 edixe-

1959 965 2123 1023 runt,
2155 972 2223 1011 ne
2256 956 2382 1026 quis
2416 956 2627 1012 homini
2675 956 2832 1012 Gallo
2862 958 2946 1012 vel
2979 973 3175 1012 aurum
3207 959 3292 1014 vel
3340 975 3539 1030 argen-

1960 1057 2077 1104 tum
2117 1048 2302 1104 daret.
2346 1049 2554 1104 Deinde
2593 1049 3080 1120 Carthaginienses
3124 1051 3194 1105 M.
3249 1050 3454 1106 ZEmilii
3484 1064 3539 1108 et

1958 1138 2028 1193 M.
2061 1137 2211 1194 Junii
2253 1140 2308 1194 in
2360 1140 2701 1210 Ligusticum
2733 1142 3084 1212 expeditione
3113 1145 3352 1213 cognita,
3384 1161 3440 1199 se
3467 1145 3537 1199 ad

1959 1233 2186 1288 Romam
2209 1234 2572 1289 invadendam
2598 1245 2947 1305 paraverunt.
2966 1236 3085 1303 Quo
3101 1239 3351 1294 consules
3373 1239 3536 1294 intel-

1955 1324 2119 1390 lecto,
2156 1341 2225 1380 ex
2267 1326 2567 1396 improviso
2595 1341 2692 1381 eos
2723 1326 2904 1381 adorti
2943 1337 3305 1393 terruerunt,
3344 1336 3402 1381 ut
3439 1345 3538 1398 per

1957 1414 2216 1470 amicitia:
2252 1415 2494 1486 speciem
2529 1417 2612 1470 eis
2646 1416 2862 1469 obviam
2890 1418 3308 1484 egrederentur.
3354 1418 3538 1472 Sinin.

1955 1505 2144 1559 larunt
2173 1506 2252 1560 illi
2289 1521 2509 1576 quoque
2539 1523 2599 1560 se
2624 1523 2731 1560 non
2781 1517 2971 1561 contra
3019 1507 3144 1561 illos
3179 1523 3300 1563 esse
3351 1508 3533 1578 prole-

1957 1608 2112 1662 ctos,
2145 1601 2240 1655 sed
2282 1615 2382 1670 per
2429 1615 2620 1653 eorum
2671 1615 2860 1668 agrum
2906 1600 2958 1652 in
3003 1599 3282 1669 Liguriam
3334 1599 3530 1655 ituros.

270 1689 660 1760 ὐπεκρίθησαν
705 1689 788 1742 ὅτι
846 1691 950 1744 οὐκ
1005 1689 1093 1742 ἐπ’
1133 1690 1375 1754 ὶκείνους
1417 1691 1683 1762 ἀπῄεσαν,
1720 1693 1854 1746 ἀλλὰ

1962 1691 2188 1746 Romani
2219 1692 2344 1745 sinu
2385 1693 2542 1746 Ionio
2577 1693 2906 1745 transmisso
2927 1734 2941 1756 ,
2995 1692 3060 1745 ad
3091 1691 3316 1746 Graecize
3349 1694 3532 1747 conti-

268 1783 368 1836 διά
392 1782 492 1851 τῆς
527 1780 712 1852 χώρας
749 1781 930 1834 αὐτῶν
963 1785 1020 1845 ἐς
1060 1785 1187 1847 τοὺς
1219 1784 1450 1851 Λίγυας.
1506 1785 1769 1853 Ῥωμαῖοι
1800 1785 1858 1839 δὲ

1963 1793 2182 1837 nentem
2222 1782 2325 1837 hac
2369 1783 2440 1837 de
2491 1798 2655 1837 causa
2693 1783 3049 1852 appulerunt.
3101 1783 3208 1836 Issa
3262 1782 3438 1838 insula
3480 1785 3534 1838 in

270 1874 374 1926 τόν
408 1889 466 1925 τε
516 1872 706 1926 Ἰόνιον
740 1873 1178 1943 ἐπεραιώθησαν,
1226 1879 1321 1927 καὶ
1353 1876 1452 1944 τῆς
1497 1877 1726 1945 ἠπείρου
1756 1877 1856 1946 τῆς

269 1963 573 2034 ὲλληνικῆς
649 1965 896 2034 ἥψαντο·
965 1967 1238 2038 πρόφασις
1281 1967 1326 2020 δ’
1359 1969 1542 2032 αὐτοῖς
1593 1969 1684 2022 τοῦ
1722 1970 1854 2024 πλοῦ

269 2057 502 2123 ἐγένετο
527 2057 645 2126 ἥδε.
684 2059 838 2110 Ἴσσα
873 2057 1034 2123 νῆσός
1068 2060 1237 2123 ἐστιν,
1267 2062 1326 2112 ὲν
1359 2059 1437 2129 τῷ
1477 2061 1648 2131 Ἰονίῳ
1671 2061 1856 2132 κόλπῳ

274 2149 536 2219 κειμένη.
571 2151 636 2203 Ol
668 2150 802 2219 γοῦν
835 2151 1039 2222 ταύτης
1068 2153 1311 2207 κὰτοικοι
1339 2153 1560 2208 Ἰσσαϊοι
1586 2155 1856 2226 καλούμεο

274 2257 385 2305 νοι,
431 2241 708 2295 ἐθελονταὶ
756 2245 872 2307 τοῖς
922 2242 1220 2314 Ῥωμαίοις
1242 2245 1695 2317 παραδεδώκασιν
1723 2249 1854 2300 ἐαυ-

273 2337 431 2399 τοὺς,
461 2335 540 2403 τῷ
563 2336 714 2405 σφῶν
740 2335 1032 2401 κρατοῦντι
1058 2337 1351 2408 ἀχθόμενοι
1379 2339 1614 2408 Ἀχρῶνι
1644 2340 1720 2410 τῷ
1748 2339 1857 2392 τῶν

276 2427 590 2498 Σαρδιαίων
629 2425 878 2496 βασιλεῖ,
918 2427 1112 2497 γένους
1161 2428 1482 2500 Ἰλλυρικοῦ.
1534 2431 1678 2501 Πρὸς
1717 2431 1776 2484 δν
1805 2432 1855 2484 oi

275 2521 481 2572 ὖπατοι
531 2518 790 2592 πρέσϐεις
842 2518 1118 2590 ἔπεμψαν.
1171 2520 1417 2574 Ἐκείνου
1447 2521 1504 2576 δὲ
1537 2522 1855 2588 τεθνεῶτος,

275 2613 373 2665 ἐπὶ
425 2613 529 2683 υίῷ
567 2612 797 2683 διαδόχῳ
839 2612 993 2666 παιδὶ⁸
1037 2613 1117 2665 ἔτι
1167 2614 1202 2682 ἡ
1235 2612 1445 2666 ἐκείνου
1478 2616 1640 2684 γυνὴ,
1673 2615 1770 2668 τοῦ
1800 2616 1857 2669 δὲ

278 2705 473 2768 παιδὸς
497 2707 756 2775 μητρυιὰ,
788 2704 889 2773 τὴν
915 2703 1025 2756 τῶν
1057 2703 1360 2774 Σαρδιαίων
1379 2703 1490 2774 (26)
1529 2705 1734 2758 διεῖπεν
1757 2706 1826 2776 ἀρ
1843 2735 1856 2746 ο

276 2795 384 2864 χήν
407 2795 481 2865 ’ἢ
515 2797 628 2856 τοῖς
676 2795 975 2866 πρέσϐεσιν
1018 2793 1174 2848 οὐδὲν
1229 2795 1452 2865 μέτριον
1487 2797 1852 2866 ἐχρημάτισε.

282 2886 852 2958 Παρρησιασαμένους
885 2884 942 2938 δὲ
978 2886 1104 2947 τοὺς
1139 2886 1240 2956 μὲν
1277 2885 1457 2957 ἔδησε,
1497 2888 1624 2949 τοὺς
1661 2885 1720 2938 δὲ
1748 2889 1858 2940 απ-

279 2979 516 3032 έκτεινε.
562 2977 685 3030 Τῶν
733 2977 792 3030 δὲ
835 2975 1125 3048 Ῥωμαίων
1176 2976 1417 3046 πόλεμον
1459 2977 1858 3049 ψηφισαμένων

1922 1939 1937 1952 ι
1962 1876 2117 1930 Ιοηῑο
2156 1875 2282 1930 sinu
2317 1875 2423 1928 sita
2461 1884 2547 1930 est
2580 1891 2594 1927 :
2641 1875 2800 1944 cujus
2849 1875 3040 1928 incola:
3083 1874 3228 1928 Isszei
3273 1876 3538 1930 Romanis

1964 1970 2108 2022 ultro
2141 1983 2200 2022 se
2227 1967 2580 2030 dediderunt,
2615 1981 2714 2020 suo
2737 1967 2960 2020 domino
2990 1967 3190 2035 Agroni
3237 1967 3537 2022 Sardiano-

1963 2076 2080 2114 rum
2118 2059 2254 2129 regi,
2288 2059 2470 2130 gentis
2497 2058 2732 2127 Illyricae
2791 2056 2938 2111 irati.
2981 2057 3060 2111 ΑιΙ
3107 2073 3233 2111 eum
3280 2061 3549 2115 consules-

1958 2151 2169 2221 legatos
2198 2151 2489 2206 miserunt.
2516 2148 2622 2204 Sed
2666 2151 2758 2204 illo
2785 2161 3004 2203 mortuo
3031 2190 3045 2203 .
3075 2149 3187 2204 tilio
3214 2151 3395 2206 adhuc
3432 2155 3537 2206 im-

1960 2245 2092 2313 pubi
2137 2241 2358 2297 haarede
2398 2243 2632 2305 relicto,
2693 2257 2835 2296 uxor
2874 2243 2994 2311 eius
3041 2245 3196 2311 pueri
3254 2261 3490 2300 noverca
3521 2288 3544 2310 ν

1959 2334 2356 2390 Sardianorum
2386 2332 2683 2402 imperium
2731 2332 3164 2397 administravit,
3217 2349 3320 2388 nec
3364 2335 3534 2388 ullum

1956 2440 2174 2496 aequum
2209 2425 2409 2496 legatis
2441 2438 2767 2494 responsum
2801 2422 2975 2479 dedit.
3003 2423 3106 2489 Qui
3147 2441 3270 2479 cum
3305 2427 3550 2482 liberius

1957 2517 2129 2571 locuti
2155 2523 2364 2578 essent,
2393 2514 2531 2570 alios
2561 2513 2784 2578 occidit,
2805 2513 2942 2568 alios
2967 2513 3159 2566 vinxit.
3190 2513 3326 2569 Cum
3351 2527 3534 2570 autem

1959 2604 2193 2658 Romani
2217 2603 2423 2659 bellum
2437 2603 2488 2658 ei
2507 2603 2908 2667 decrevissent,
2939 2602 3151 2668 territa,
3172 2617 3230 2656 se
3241 2613 3294 2657 et
3313 2605 3365 2656 in
3386 2605 3510 2658 colu

1959 2715 2076 2753 mes
2091 2699 2301 2770 legatos
2331 2697 2671 2753 reddituram
2701 2695 3016 2766 pollicetur.
3053 2704 3110 2750 et
3139 2703 3388 2750 mortuos
3416 2695 3539 2747 ala-

1959 2792 2211 2848 tronibus
2233 2807 2354 2846 esse
2380 2807 2550 2846 cazsos
2571 2791 2668 2844 ait.
2693 2789 2958 2844 Romanis
2987 2804 3118 2842 vero
3145 2786 3376 2842 cmdium
3406 2801 3540 2838 auc-
3609 2792 3612 2794 ‘

1961 2866 2106 2940 tores
2149 2883 2534 2955 poscentibus,
2569 2897 2748 2951 neque
2783 2896 2842 2934 se
2870 2895 3201 2950 quemquam
3223 2878 3539 2932 dedituram

1957 2994 2083 3034 esse.
2101 2977 2264 3041 dixit,
2290 2986 2346 3031 et
2373 2977 2542 3030 Issam
2563 2973 2874 3030 eXercitum
2901 2972 3076 3042 misit.
3105 2971 3314 3026 Deinde
3347 2986 3542 3023 rursus

280 3069 443 3138 αὐτῇ,
473 3067 803 3138 κατόπτηξε,
844 3069 940 3123 καὶ
968 3067 1094 3132 τούς
1127 3086 1188 3122 τε
1228 3070 1569 3141 σωζομένους
1596 3071 1703 3124 τῶν
1730 3070 1860 3141 πρέ-

1965 3071 2179 3132 territa,
2211 3068 2547 3124 Demetrium
2577 3067 2647 3121 ad
2673 3066 2930 3121 consules
2961 3064 3130 3124 misit.
3159 3072 3415 3132 tanquam
3444 3077 3546 3132 per

281 3161 461 3213 σϐεων
493 3158 794 3215 ἀποδώσειν
829 3160 1118 3231 ὑπέσχετο,
1154 3163 1250 3216 καὶ
1283 3161 1409 3223 τοὺς
1452 3161 1716 3222 θανόντας
1743 3158 1857 3212 ἐλε-

281 3269 380 3320 γεν
411 3251 518 3306 ὑπὸ
538 3252 752 3324 λῃστῶν
779 3253 1165 3323 πεφονεῦσθαι.
1201 3255 1322 3307 Τῶν
1341 3253 1398 3306 δὲ
1433 3253 1718 3324 Ῥωμαίων
1733 3253 1860 3316 τοὺς

282 3345 613 3414 αὐτόχειρας
637 3343 1102 3416 ὲξαιτησαμένων,
1135 3343 1260 3399 οὔτε
1287 3347 1412 3400 τινὰ
1443 3346 1704 3399 ἐκδώσειν
1728 3347 1856 3417 ἔφη,

286 3437 382 3491 καὶ
402 3437 496 3490 ἐπὶ
520 3438 620 3507 τὴν
651 3437 838 3492 Ἴσσαν
885 3439 1094 3491 ἔστειλε
1127 3439 1462 3509 στράτευμα.
1518 3437 1651 3499 Εἶτα
1702 3437 1860 3500 αὖθις

287 3529 534 3592 δείσασα,
585 3531 899 3601 Δημήτριόν
925 3547 1050 3583 τινα
1081 3528 1224 3600 πρὸς
1273 3529 1400 3593 τοὺς
1429 3530 1669 3593 ὑπάτους
1696 3529 1864 3599 ἔπεμ-

289 3620 408 3687 ᾇεν,
460 3621 534 3683 ὡς
586 3621 779 3692 ἑτοίμη
835 3621 974 3692 πρὸς
1013 3622 1122 3676 πᾶν
1149 3620 1460 3675 ὑπακοῦσαι
1504 3621 1708 3676 αὐτῶν.
1753 3623 1864 3675 Καὶ

288 3711 518 3765 σπονδαὶ
555 3715 695 3782 πρὸς
722 3715 819 3768 τὸν
858 3713 1180 3784 πεμφθέντα
1208 3715 1476 3782 ἐγένοντο,
1521 3714 1621 3783 τὴν
1648 3715 1866 3783 Κέρκυ-

290 3821 393 3872 ραν
427 3804 611 3866 αὐτοῖς
635 3806 1071 3876 παρασχόμενον.
1117 3805 1241 3859 Τῶν
1282 3806 1340 3859 δὲ
1371 3805 1507 3876 πρὸς
1560 3807 1658 3874 τὴν
1703 3809 1866 3875 νῆσον

288 3901 737 3969 περαιωθέντων,
765 3899 1137 3970 ἀνεθάρσησεν
1161 3894 1336 3964 αὖθις,
1367 3893 1455 3952 οἷα
1487 3898 1626 3969 γυνὴ
1659 3898 1868 3967 κούφην

287 3993 492 4060 ἔχουσα
523 3991 775 4061 γνώμην,
801 3991 896 4046 καὶ
930 3989 1322 4060 εὐμετάϐολον,
1350 3977 1446 4044 κάι
1484 3989 1620 4060 πρὸς
1643 3991 1868 4044 Ἐπίδα-

290 4099 424 4148 μνον
453 4083 548 4134 καὶ
595 4081 965 4136 Ἀπολλωνίαν
1011 4081 1293 4150 ἐξέπεμψε
1327 4082 1610 4154 στρατιάν.
1648 4083 1770 4135 Τῶν
1811 4080 1871 4134 δὲ

296 4172 591 4242 Ῥωμαίων
622 4173 724 4238 τὰς
756 4175 940 4238 πόλεις
972 4190 1031 4226 τε
1058 4171 1404 4244 ῥυσαμένων,
1436 4173 1534 4227 καὶ
1583 4173 1744 4227 πλοῖα
1770 4174 1867 4227 αὐ-

289 4267 392 4334 τῆς
425 4266 811 4338 κατασχόντων
858 4266 1002 4336 μετὰ
1055 4266 1358 4338 χρημάτων
1403 4267 1468 4320 ὲκ
1490 4266 1872 4337 Πελοπονήσου

295 4358 696 4426 προσπλέοντα,
724 4357 916 4412 καὶτὰ
965 4357 1142 4428 χωρία
1189 4356 1620 4428 πορθησαμένων
1673 4355 1742 4410 τὰ
1775 4359 1874 4409 πά·

1922 3165 2144 3238 _omnia
2194 3178 2406 3218 morem
2454 3161 2538 3216 eis
2573 3169 2818 3230 gestura.
2862 3159 2930 3213 Et
2963 3174 3065 3228 pax
3108 3157 3249 3211 facta
3295 3169 3376 3210 est
3413 3170 3538 3209 cuin

1959 3255 2166 3324 legato,
2221 3251 2457 3323 Corcyra
2491 3250 2559 3304 ab
2598 3265 2666 3303 eo
2713 3255 2955 3317 accepta.
2989 3247 3095 3302 Sed
3137 3262 3263 3302 cum
3310 3246 3539 3300 Romani

1961 3345 2028 3398 ad
2103 3343 2338 3398 insulam
2391 3340 2787 3412 traiecissent,
2848 3345 3130 3406 resumpta
3183 3336 3382 3390 ﬁducia
3415 3375 3429 3398 ,
3481 3343 3541 3388 ut

1963 3439 2164 3493 mulier
2222 3437 2331 3492 levi
2404 3444 2460 3490 et
2545 3433 2798 3489 mutabili
2869 3430 3100 3500 pra‘dita
3159 3427 3414 3498 ingenio,
3474 3427 3562 3478 ad.

1965 3532 2330 3601 Epidamnum
2390 3536 2447 3582 et
2486 3527 2836 3596 Apolloniam
2898 3523 3050 3578 misit
3091 3524 3386 3576 exercitus.
3441 3522 3544 3575 Ve-

1966 3638 2088 3678 rum
2125 3623 2254 3690 quia
2302 3619 2537 3675 Romani
2575 3619 2644 3672 iis
2685 3617 2918 3671 urbibus
2953 3615 3240 3675 liberatis,
3285 3615 3544 3680 illiusque

1969 3713 2204 3767 navibus
2245 3726 2372 3765 cum
2405 3711 2639 3779 pecunia
2669 3723 2735 3762 ex
2766 3706 3108 3775 Peloponeso
3130 3703 3289 3774 503
3317 3703 3545 3755 venien-

1969 3806 2150 3870 tibus,
2182 3802 2391 3871 captis,
2435 3815 2591 3854 oram
2624 3798 2961 3853 maritimam
2997 3798 3320 3850 vastabant:
3352 3797 3546 3849 Deme.

1970 3901 2110 3956 trius
2143 3906 2330 3953 autem
2361 3896 2432 3951 ob
2454 3893 2796 3949 mulierculae
2823 3892 3139 3946 vecordiam
3165 3893 3233 3944 ad
3267 3890 3550 3943 Romanos

1968 4004 2028 4045 se
2066 3987 2411 4046 contulerat,
2457 3982 2648 4039 multis
2681 3980 2982 4049 transfugis
3011 3995 3201 4037 secum
3235 3978 3490 4033 adductis
3522 3993 3540 4031 :

1970 4079 2190 4147 abjeeto
2219 4077 2427 4141 animo,
2459 4073 2692 4144 imperio
2720 4071 3011 4136 abstinuit,
3043 4070 3191 4140 quod
3225 4070 3546 4126 Demetrius

1975 4169 2177 4222 tutorio
2215 4167 2440 4222 nomine
2478 4165 2741 4234 suscepit.
2789 4162 2902 4218 liae
2941 4163 3010 4218 de
3037 4176 3200 4216 causa
3250 4160 3482 4215 Romani
3512 4176 3556 4216 δ’

1971 4258 2510 4316 Corinthiislaudati
2563 4267 2726 4320 sunt,
2762 4260 2835 4310 'et
2883 4255 2951 4310 ad
3005 4253 3328 4308 Isthmiaeos
3384 4252 3547 4306 ludos

1973 4351 2221 4416 admissi,
2244 4350 2300 4404 in
2329 4350 2532 4420 quibus
2558 4349 2784 4403 Plautus
2809 4345 3043 4401 stadium
3069 4344 3222 4399 vicit.
3256 4343 3392 4396 inita
3416 4357 3542 4396 eum

292 4451 456 4518 ραλα,
489 4451 584 4503 καὶ
610 4449 706 4502 τοῦ
730 4449 1048 4521 Δημητρίου
1079 4449 1169 4503 διὰ
1188 4451 1288 4520 τὴν
1317 4448 1626 4519 ἐμπληξίαν
1650 4449 1861 4517 ἐκείνης

1970 4442 2404 4499 Atheniensibus
2431 4455 2652 4512 quoque
2687 4439 2956 4502 amicitia,
2993 4436 3221 4492 civitate
3245 4435 3456 4498 donati,
3489 4443 3556 4488 et-

288 4544 429 4610 πρὸς
472 4541 782 4612 Ῥωμαίους
818 4537 1240 4612 μεθεστηκότος,
1275 4541 1370 4596 καὶ
1393 4539 1589 4603 ἄλλους
1625 4541 1867 4610 αὐτομο-

286 4635 457 4703 λῆσαι
512 4633 860 4699 πεπεικότος,
915 4631 1252 4703 κατέπτηξε,
1291 4633 1394 4688 καὶ
1440 4633 1714 4704 ἀπέσχετο
1768 4631 1868 4702 τῆς

286 4727 488 4795 ἀρχῆς,
518 4727 611 4780 καὶ
649 4725 748 4792 τὴν
777 4726 876 4796 μὲν
915 4728 944 4780 ό
974 4725 1308 4795 Δημήτριος,
1341 4725 1419 4789 ώς
1448 4725 1526 4796 τῷ
1555 4725 1707 4779 παιδὶ
1745 4725 1866 4778 ὲπι-

286 4819 610 4886 τροπεύσων
638 4819 872 4889 εἰλήφει.
903 4819 966 4872 Ol
995 4817 1052 4871 δὲ
1091 4817 1353 4886 Ῥωμαῖοι
1380 4817 1468 4872 διὰ
1492 4817 1667 4872 ταῦτα
1715 4818 1869 4888 παρὰ

294 4911 602 4979 Κορινθίων
627 4909 997 4981 ἐπῃνέθησαν,
1027 4909 1123 4962 καὶ
1161 4907 1256 4962 τοῦ
1283 4908 1560 4978 Ἰσθμικοῦ
1608 4908 1869 4979 μετέσχον

288 5003 522 5070 ἀγῶνος.
562 5001 674 5055 Καὶ
731 5001 945 5054 στάδιον
981 5001 1038 5053 ἐν
1092 4998 1241 5068 αὐτῷ
1274 4999 1303 5052 ό
1331 4995 1574 5060 Πλαῦτος
1621 4997 1867 5068 ἐνίκησε.

291 5097 402 5148 Καὶ
451 5095 588 5165 πρδς
639 5093 957 5162 Ἀθηναίους
988 5092 1046 5145 δὲ
1098 5091 1280 5159 φιλίαν
1311 5089 1736 5159 ἐπεποιήκεσαν,
1770 5091 1866 5140 καὶ

284 5189 390 5255 τῆς
422 5185 698 5248 πολιτείας
751 5185 928 5254 σφῶν,
983 5183 1091 5239 τῶν
1121 5200 1183 5236 τε
1213 5181 1528 5251 μυστηρίων
1580 5181 1864 5251 μετέσχον.

287 5282 361 5331 Τ),
391 5280 437 5329 δ’
468 5278 767 5345 Ἰλλυρικὸν
825 5278 995 5346 ὄνομα
1029 5274 1198 5328 πάλαι
1249 5273 1347 5344 μὲν
1375 5274 1432 5325 ἐν
1456 5272 1638 5334 ἄλλοις
1671 5271 1866 5325 ἐπεκέ-

283 5376 481 5442 κλητο,
509 5371 634 5424 ὖστε
647 5387 739 5440 ρον
779 5369 835 5423 δὲ
863 5372 920 5433 ἐς
943 5369 1040 5439 τὴν
1071 5367 1182 5422 ἄνω
1213 5364 1588 5437 μεταϐέϐηκεν
1613 5363 1862 5434 ἤπειρον,

1969 4536 2036 4592 ad
2076 4535 2233 4590 initia
2271 4543 2402 4590 sunt
2446 4531 2696 4587 admissi.
2752 4529 2948 4600 Illyrici
2998 4542 3201 4582 nomen
3235 4525 3367 4580 olim
3421 4525 3546 4579 aliis

1970 4630 2111 4685 locis
2147 4627 2502 4682 attributum.
2538 4634 2662 4694 post
2694 4624 2748 4677 in
2783 4621 3130 4692 superiorem
3163 4619 3544 4674 continentem

1972 4738 2137 4793 supra
2169 4718 2538 4776 Macedoniam
2567 4727 2622 4772 et
2653 4717 2946 4770 Thraciam
2976 4755 2991 4777 ,
3029 4713 3176 4767 intra
3211 4711 3458 4766 Haemum
3492 4721 3552 4765 et

1973 4813 2278 4882 Rhodopen
2307 4810 2560 4864 transiit:
2593 4810 2807 4877 sitaque
2836 4816 2921 4861 est
2950 4805 3130 4877 Illyria
3154 4805 3211 4859 in
3243 4804 3425 4858 medio
3451 4803 3546 4856 bo~

1975 4922 2097 4960 rum
2131 4903 2401 4958 montium
2424 4914 2479 4956 et
2506 4901 2746 4971 Alpium,
2771 4909 2828 4954 et
2857 4900 3000 4954 intra
3028 4897 3270 4952 Ilzernum
3298 4895 3544 4958 ﬂuvium,

1970 5006 2025 5052 et
2060 4997 2295 5059 Istrum,
2340 5008 2511 5062 usque
2554 4991 2624 5045 ad
2675 4991 2911 5046 Pontum
2967 4987 3288 5044 Euxinum:
3339 4984 3545 5038 alicubi

1968 5090 2132 5144 etiam
2181 5087 2321 5140 ultra
2348 5086 2544 5140 Istrum
2577 5091 2862 5151 evagatur.
2905 5081 3043 5135 Cum
3084 5078 3382 5148 aliquando
3431 5077 3538 5130 Ro-

1974 5180 2152 5234 manis
2181 5179 2467 5233 oraeulum
2504 5186 2652 5231 esset
2685 5175 2983 5237 redditum,
3015 5172 3235 5227 Graecos
3278 5179 3332 5222 et
3361 5169 3546 5224 Gallos

1973 5267 2163 5322 urbem
2181 5275 2572 5335 occupaturos.
2599 5263 2739 5318 duos
2777 5260 2962 5316 Gallos
2986 5268 3044 5314 et
3086 5258 3300 5312 totitem
3325 5255 3552 5314 (ἔπεσθε

1974 5361 2262 5428 utriusque
2284 5374 2448 5412 sexus
2473 5357 2528 5410 in
2554 5355 2734 5412 medio
2751 5354 2871 5409 fore
2897 5349 3408 5408 vivosrdefoderunt
3435 5365 3449 5402 :
3487 5355 3558 5407 ut,

1482 5517 1692 5578 Variae
1723 5516 2032 5578 lectiones
2075 5520 2137 5574 et
2179 5519 2367 5574 notae.

359 5680 475 5741 (9.6)
511 5676 862 5744 Σαρδιαίων.
916 5675 991 5729 Ita
1023 5688 1152 5728 mss.
1187 5675 1321 5743 Reg.
1355 5680 1410 5744 et
1444 5668 1600 5744 Golb.
1632 5674 1693 5744 at_
1719 5667 1866 5721 Hen-

282 5738 390 5808 τέο.
421 5738 680 5807 Valesius
704 5745 772 5802 ad
806 5746 998 5804 Dionis
1032 5738 1315 5814 Excerpta,
1366 5740 1652 5811 Ἀρδιαίων
1680 5738 1870 5808 legen-

1974 5665 2102 5718 dum
2131 5663 2404 5718 observat.
2465 5678 2528 5714 ex
2589 5661 2876 5722 Strabone,
2912 5659 3006 5712 lib.
3060 5670 3156 5720 vn,
3211 5648 3544 5721 Appiauoiu

1976 5735 2211 5804 Iliyt‘iw,
2238 5742 2290 5787 cl
2328 5732 2626 5797 Stephano.
