4050 6210
453 252 562 311 σοςιδ

1722 262 2048 324 ΙΟΑΝΝΙΞ
2084 266 2409 328 ΖΟΝΑΒᾸΞ

3608 280 3718 341 696

458 381 635 437 puero
687 376 880 423 contra
930 369 1207 426 Romanos
1237 373 1596 429 exercitatus.
1640 373 1839 430 Aiebat
1886 376 2033 432 enim

2142 378 2296 444 νίϐας
2320 374 2475 446 οὗτος
2513 383 2644 448 παῖς
2672 383 2765 438 τοῦ
2802 385 3063 456 Ἀμίλκου
3094 388 3191 444 τοῦ
3231 390 3503 461 Βαρχίδου
3534 393 3724 459 ἐγένεο

453 458 697 514 Amilcar
756 475 814 516 se
848 475 1041 517 omnes
1095 462 1255 529 ﬁlios,
1307 472 1566 535 tanquam
1588 466 1804 521 catulos
1856 482 2030 536 quos—

456 552 581 607 dam
616 560 805 607 contra
870 553 992 608 illos
1019 554 1187 611 alere.
1221 554 1377 611 Illum
1404 569 1589 614 autem
1614 573 1779 629 quem
1808 560 2031 631 ingenio

455 644 617 715 longe
650 645 867 700 caeteris
896 649 1223 703 antecellerc
1255 650 1489 715 videret,
1520 652 1883 724 jurejurando
1905 653 2034 709 ade-

454 742 554 812 git,
588 756 646 795 se
678 742 893 796 hostem
942 742 1060 798 fore
1092 746 1298 814 populo
1344 746 1616 803 Romano.
1645 749 1740 805 .Ea
1768 749 1838 803 de
1865 764 2030 804 causa

455 849 581 888 cum
616 834 740 889 aliis
780 849 906 889 eum
943 834 1277 906 disciplinis,
1318 850 1433 893 tum
1468 841 1522 894 in
1553 855 1611 895 re
1652 841 1876 895 militari
1907 841 2035 897 dili-

454 936 653 998 genter
683 928 911 992 erudiit,
950 944 1122 999 usque
1161 930 1229 985 ad
1261 947 1466 987 annum
1510 934 1691 989 aetatis
1727 935 2033 990 decimum-

454 1020 737 1091 quintum.
770 1021 926 1077 Unde
955 1025 1097 1093 patri
1129 1023 1182 1077 in
1214 1023 1447 1094 imperio
1477 1026 1777 1082 succedere
1802 1042 1912 1082 non
1939 1044 2033 1097 po-

457 1112 567 1168 tuit
630 1130 646 1170 :
700 1114 795 1169 sed
845 1126 968 1185 post
997 1116 1324 1172 Asdrubalis
1373 1118 1607 1181 obitum,
1660 1134 1864 1174 annum
1915 1129 2031 1174 tum

454 1215 670 1261 sextum
697 1216 750 1261 et
774 1208 1098 1263 vicesimum
1125 1224 1312 1279 agens,
1334 1210 1472 1265 nihil
1495 1220 1805 1272 cunctatus.
1839 1210 2033 1283 Hispa-

455 1299 703 1355 niensem
734 1302 1036 1357 exercitum
1070 1304 1256 1358 statim
1284 1305 1599 1374 occupavit.
1636 1304 1702 1358 Et
1733 1304 2034 1375 imperator

454 1408 484 1446 a
515 1393 784 1448 militibus
814 1394 1105 1458 salutatus,
1139 1395 1325 1450 eﬁecit
1360 1406 1421 1451 ut
1449 1397 1613 1451 etiam
1648 1398 1716 1451 ab
1750 1397 1917 1469 406
1944 1415 2032 1452 ur-

454 1485 615 1541 banis
639 1487 1054 1556 magistratibus
1076 1488 1180 1541 sibi
1208 1489 1555 1560 principatus
1583 1492 2030 1546 conﬁrmaretur.

456 1576 555 1631 llis
606 1576 889 1646 perfectis,
940 1580 1250 1647 speciosum
1296 1582 1576 1649 quaerebat
1608 1582 1823 1637 titulum
1880 1582 2032 1639 inva—

457 1667 623 1722 dendi
660 1668 959 1735 Romanus,
1000 1686 1161 1738 quem
1192 1671 1241 1725 ei
1284 1671 1711 1743 Zacynthiorum
1761 1674 1941 1730 coloni
1978 1676 2031 1729 in

457 1761 719 1830 Hispania
772 1762 1213 1831 suppeditarunt.
1270 1766 1526 1832 Quicum
1582 1784 1691 1822 non
1731 1768 1923 1839 procul
1962 1768 2032 1822 ab

456 1870 617 1911 amne
645 1856 808 1911 Ibero
839 1856 1175 1919 habitarent,
1202 1859 1425 1927 paulum
1450 1875 1479 1913 a
1504 1860 1640 1915 mari
1672 1862 1892 1927 remoti,
1925 1862 2035 1916 Ro-

456 1962 651 2003 manos
679 1964 873 2017 magno
901 1950 1085 2005 studio
1110 1960 1163 2005 et
1202 1951 1415 2008 honore
1448 1953 1726 2019 colebant,
1779 1965 1945 2026 atque
1976 1956 2032 2011 in

455 2041 901 2112 Carthaginiensi
927 2042 1135 2098 foedere
1175 2045 1389 2114 excepti
1436 2057 1615 2103 erant.
1654 2048 1729 2102 Ea
1771 2048 1839 2103 de
1869 2065 2034 2104 causa

456 2135 659 2191 bellum
691 2135 773 2190 eis
808 2135 993 2190 intulit
1025 2137 1289 2202 Annibal,
1327 2138 1474 2193 baud
1545 2139 1793 2210 ignarus,
1827 2143 2034 2197 Roma-

454 2241 560 2282 nos
588 2235 683 2282 aut
705 2242 867 2297 opem
894 2228 976 2283 eis
998 2228 1229 2293 laturos,
1254 2238 1349 2283 aut
1373 2230 1556 2286 clades
1579 2247 1769 2287 eorum
1797 2233 2029 2289 ulturos.

456 2321 538 2375 Eo
562 2320 883 2383 accedebat,
911 2321 1058 2390 quod
1084 2336 1180 2376 eos
1212 2337 1435 2394 magnas
1462 2338 1596 2393 opes
1619 2324 1825 2381 habere
1851 2339 2033 2389 norat.

455 2412 659 2482 quibus
691 2412 744 2466 in
779 2413 973 2482 primis
999 2415 1195 2482 egebat
1233 2430 1247 2469 :
1279 2425 1333 2469 et
1362 2414 1487 2469 aliis
1538 2417 1871 2479 rationibus,
1906 2434 2031 2488 qua:

456 2514 651 2559 contra
688 2505 966 2560 Romanos
1001 2506 1169 2559 etiam
1202 2506 1251 2559 ei
1318 2506 1605 2575 profutura
1638 2518 1819 2575 erant,
1860 2509 2035 2564 addu-

455 2604 604 2659 ctus,
632 2593 967 2664 Saguntinos
992 2604 1075 2649 est
1105 2594 1352 2650 adortus.
1375 2596 1635 2665 Hispania
1668 2613 1819 2663 vero,
1846 2598 1901 2653 in
1926 2614 2033 2666 qua

456 2686 538 2741 illi
573 2686 842 2751 habitant,
897 2700 1024 2747 eum
1059 2686 1309 2743 ﬁnitimis
1360 2688 1500 2742 locis
1550 2689 1814 2744 onmibus
1842 2691 1895 2744 in
1927 2692 2037 2746 Eu-

456 2792 593 2848 ropa
629 2793 827 2834 vcrsus
870 2777 1223 2835 Occidentem
1255 2780 1381 2847 sita,
1409 2780 1479 2836 ad
1513 2796 1663 2837 mare
1696 2782 1949 2849 interius,
1982 2795 2036 2841 et

456 2867 712 2926 Herculis
742 2870 1030 2928 columnas
1065 2880 1118 2927 et
1147 2871 1426 2929 Oceanum
1473 2874 1632 2945 longe
1658 2877 1923 2941 excurrit,
1953 2887 2036 2933 at-

454 2976 566 3031 que
592 2962 761 3017 etiam
791 2963 1171 3019 continentem
1201 2963 1524 3035 longissimo
1557 2975 1735 3021 tractu
1769 2983 1943 3037 usque
1965 2969 2032 3023 ad

2132 489 2218 536 το,
2250 474 2348 528 καὶ
2379 475 2445 529 ἐκ
2471 476 2677 530 παίδων
2709 477 2873 542 εὐθὺς
2909 480 3004 532 ἐπὶ
3024 484 3165 546 τοὺς
3197 482 3512 552 Ῥωμαίους
3542 484 3686 554 ήσκή
3707 515 3719 523 -

2136 562 2224 633 θη.
2263 565 2476 630 Πάντας
2502 567 2610 637 γὰρ
2640 567 2767 632 τοὺς
2795 570 2949 633 υίοὺς
2976 571 3007 624 6
3045 571 3311 641 ’Δμίλκας
3340 572 3534 643 ὥσπερ
3566 577 3718 635 τινάς

2136 653 2412 724 σκύμνους
2435 656 2523 710 ἐπ’
2551 658 2746 723 αὐτοὺς
2773 661 2997 732 τρέφειν
3014 662 3221 731 ἔλεγεν,
3244 664 3453 718 ἐκεῖνον
3472 665 3555 731 δὲ,
3579 666 3714 720 πολὺ

2140 750 2206 818 τῇ
2234 748 2393 817 φύσει
2425 750 2770 821 προφέροντα
2810 753 2978 823 ὀρῶν,
3010 757 3105 810 καὶ
3125 754 3355 826 ὥρκωσε
3380 758 3718 827 πολεμήσειν

2134 840 2338 904 αὐτοῖς.
2374 842 2484 895 Καὶ
2515 842 2603 895 διὰ
2621 843 2782 897 τοῦτο
2808 845 2877 899 τά
2898 847 3122 919 τεβλλα
3149 849 3245 902 καὶ
3271 849 3339 901 τὰ
3371 850 3610 921 πολέμια
3636 852 3714 904 ἔτι

2136 932 2342 1001 μᾶλλον
2395 934 2561 988 αὑτὸν
2617 937 2948 1005 ἐξεδίδασκε,
3008 944 3512 1016 πεντεκαιδεκαέτη
3560 947 3711 1003 ὄντα.

2136 1022 2302 1077 Ὅθεν
2338 1026 2438 1079 οὐκ
2475 1025 2740 1098 ἠδυνήθη,
2777 1029 3031 1095 θανόντος
3063 1034 3213 1104 αὐτῷ
3240 1035 3335 1088 τοῦ
3366 1038 3596 1108 πατρὸς,
3618 1040 3717 1110 τὴν

2136 1114 2476 1185 στρατηγίαν
2502 1116 2870 1185 διαδέξασθαι.
2907 1120 3061 1174 Ἐπεὶ
3084 1124 3141 1176 δέ
3167 1125 3195 1177 ὁ
3238 1126 3569 1197 ’Δσδρούϐας
3598 1130 3716 1181 ἐτει-

2134 1201 2417 1272 λεύτησεν,
2454 1205 2636 1259 ούκέτι
2662 1207 2981 1278 ἐμέλλησεν,
3007 1209 3067 1275 ἒξ
3100 1212 3193 1265 καὶ
3226 1212 3436 1267 είκοσιν
3456 1215 3596 1269 ἐτῶν
3621 1219 3713 1270 τύ-

2132 1310 2192 1346 τε
2235 1296 2501 1364 γεγονὼς,
2550 1298 2687 1352 ἀλλὰ
2727 1299 2790 1352 τό
2828 1317 2887 1353 τε
2927 1304 3244 1374 στράτευμα
3295 1309 3354 1360 ἐν
3392 1310 3460 1379 τῇ
3504 1309 3717 1382 Ἰϐηρίᾳ

2135 1387 2331 1440 αὐτίκα
2375 1391 2788 1459 προσκατέλαϐε
2832 1394 2971 1464 (50),
3017 1398 3112 1449 καὶ
3146 1401 3454 1469 στρατηγὸς
3487 1402 3582 1454 ὑπ’
3615 1403 3713 1455 αύο

2134 1480 2246 1532 τῶν
2274 1482 2632 1551 ἀναδειχθεὶς,
2668 1484 2977 1556 διῳκήσατο
3006 1487 3103 1539 καὶ
3129 1490 3282 1557 παρὰ
3313 1489 3423 1543 τῶν
3454 1492 3595 1546 οίκοι
3619 1510 3709 1546 τε-

2135 1574 2245 1629 λῶν
2280 1575 2644 1647 βεϐαιωθῆναι
2687 1578 2837 1648 αὐτῷ
2878 1580 2977 1649 τὴν
3029 1581 3352 1649 ἠγεμονίαν.
3403 1584 3625 1654 Πράξας
3659 1587 3715 1641 δέ

2137 1666 2333 1731 ταῦτα,
2377 1668 2707 1739 προφάσεως
2734 1670 3047 1741 εὐπρεποῦς
3093 1674 3266 1728 ἐδεῖτο
3312 1676 3395 1739 είς
3435 1676 3536 1748 τὴν
3571 1680 3715 1732 κατᾶ

2151 1757 2440 1827 Ῥωμαίων
2472 1760 2674 1831 ὁρμὴν,
2706 1760 2803 1814 καὶ
2835 1762 3044 1833 ταύτην
3070 1764 3372 1834 ἐποιήσατο
3402 1770 3532 1832 τοὺς
3562 1770 3619 1821 ἐν
3648 1772 3713 1841 τῇ

2136 1850 2346 1922 Ἰϐηρίᾳ
2377 1851 2729 1917 Ζακυνθίους.
2758 1848 2917 1908 Οὗτοι
2947 1857 3083 1925 γὰρ,
3116 1858 3179 1911 οὺ
3206 1858 3397 1930 πόρρω
3426 1858 3522 1912 τοῦ
3550 1876 3720 1913 ποτα-

2140 1943 2241 2014 μοῦ
2271 1945 2545 2011 οίκοῦντες
2567 1946 2662 2000 τοῦ
2693 1946 2909 2019 Ἴϐηρος
2941 1948 3055 2003 ἄνω
3078 1952 3177 2021 τῆς
3217 1951 3493 2023 θαλάσσης
3514 1954 3715 2027 βραχὺ,

2136 2038 2251 2100 τοῖς
2308 2037 2602 2108 Ῥωμαίοις
2654 2041 3035 2110 προσέκειντο,
3064 2042 3311 2096 κάκεῖνοι
3367 2046 3462 2100 καὶ
3509 2047 3717 2118 ἐτίμων

2138 2130 2335 2195 αὐτοὺς
2367 2132 2462 2185 καὶ
2501 2134 2560 2186 ἐν
2583 2134 2701 2197 ταῖς
2742 2134 2879 2204 πρὸς
2913 2136 3041 2199 τοὺς
3080 2138 3482 2208 Καρχηδονίους
3518 2142 3721 2211 συνθή-

2136 2240 2262 2289 καις
2277 2224 2605 2294 ,ἐξαιρέτους
2629 2226 3059 2293 ἐπεποιήκεσαν.
3096 2229 3197 2283 Διὰ
3225 2230 3378 2283 ταῦτ’
3409 2229 3502 2287 οῦν
3532 2233 3561 2286 δ
3597 2234 3720 2289 Ἀν-

2137 2317 2292 2380 νίϐας
2319 2317 2554 2386 πόλεμον
2584 2318 2757 2389 ἤρατο
2790 2319 2925 2389 πρὸς
2952 2321 3170 2387 αὐτοὺς,
3205 2322 3372 2388 εἰδὼς,
3396 2325 3481 2379 δτι
3520 2326 3555 2396 ἦ
3590 2328 3719 2381 ἐπι-

2137 2409 2505 2478 κουρήσουσιν
2563 2409 2613 2460 οί
2664 2408 2925 2479 Ῥωμαῖοι
2954 2413 3069 2471 τοῖς
3100 2412 3422 2476 Ζακυνθίοις
3464 2414 3495 2485 ἢ
3529 2414 3624 2468 καί
3663 2434 3716 2470 τι

2139 2498 2375 2552 παθοῦσι
2404 2499 2803 2570 τιμωρήσουσι.
2834 2502 2930 2555 Διά
2956 2518 3016 2553 τε
3051 2498 3145 2555 οὖν
3167 2502 3339 2557 ταῦτα
3372 2503 3470 2559 καὶ
3505 2507 3588 2559 ὅτι
3621 2508 3717 2560 καὶ

2142 2591 2318 2661 μέγαν
2346 2590 2578 2644 πλοῦτον
2608 2591 2908 2660 κεκτῆσθαι
2946 2592 3141 2657 αὐτοὺς
3166 2594 3486 2663 ἐγίνωσκεν,
3516 2593 3579 2651 οὖ
3618 2597 3718 2652 καὶ

2141 2684 2378 2755 μάλιστα
2402 2684 2626 2755 ἔχρῃζε,
2658 2686 2753 2738 καὶ
2780 2685 2851 2737 δι’
2884 2684 3047 2757 ἕτερα
3086 2688 3235 2740 αίτια
3265 2686 3360 2740 καὶ
3392 2688 3538 2743 κατὰ
3578 2689 3717 2742 Ῥω-

2141 2778 2321 2847 μαίων
2347 2777 2495 2846 αὐτῷ
2519 2776 2960 2846 συμϐαλλόμενα,
2985 2778 3098 2839 τοῖς
3122 2779 3334 2832 Ζακυνθ
3344 2781 3443 2843 ίοις
3466 2779 3715 2836 ἐπέθετο.

2151 2868 2214 2922 Ἦ
2238 2867 2283 2921 δ’
2311 2868 2541 2938 Ἰϐηρία,
2574 2870 2632 2920 ἐν
2716 2868 2767 2921 οί
2800 2867 3089 2922 Ζακύνθιοι
3122 2868 3355 2935 οἰκοῦσι,
3396 2872 3491 2923 καὶ
3520 2872 3552 2941 ή
3580 2887 3719 2941 προ-

2140 2960 2305 3030 σεχὴς
2344 2960 2483 3029 αὐτῇ
2533 2961 2683 3014 πᾶσα
2744 2961 2804 3013 ἐν
2850 2977 2911 3014 τε
2955 2963 3022 3031 τῇ
3058 2960 3297 3035 Εὐρώπῃ
3328 2964 3467 3035 πρδς
3502 2964 3717 3032 δυσμάς

456 3062 676 3109 montes
707 3054 996 3125 Pyrenaeos
1025 3064 1259 3126 occupat
1285 3073 1299 3110 :
1327 3058 1420 3126 qui
1448 3072 1477 3111 a
1522 3058 1680 3122 mari,
1717 3059 1865 3129 quud
1904 3060 2033 3116 olim

2140 3054 2279 3119 ἐστι,
2305 3052 2398 3105 καὶ
2430 3054 2524 3107 ἐπὶ
2557 3053 2693 3107 πολὺ
2733 3055 2832 3124 μὲν
2863 3055 3017 3125 παρὰ
3039 3054 3137 3125 τήν
3159 3055 3268 3109 ἔσω
3289 3055 3590 3125 θάλασσαν,
3619 3061 3720 3112 καὶ

456 3146 784 3216 Bebrycium
815 3146 1130 3212 dicebatur,
1174 3158 1297 3218 post
1322 3149 1679 3206 lNarbonense
1700 3153 2033 3222 appellatum

456 3248 567 3304 est,
605 3239 864 3309 usquead
892 3240 1138 3298 exterius
1165 3257 1315 3297 mare
1340 3258 1594 3314 magnum
1624 3242 1927 3315 pertinent,
1954 3254 2039 3301 to-

457 3340 682 3402 tamque
707 3332 1024 3403 Hispaniam
1052 3349 1081 3387 a
1112 3333 1287 3389 Gallia
1316 3334 1547 3389 ﬁnitima
1576 3335 1862 3391 dirimunt.
1891 3336 2034 3393 Intra

456 3436 557 3477 eos
587 3421 773 3476 multas
803 3422 1035 3477 diversae
1068 3432 1261 3494 gentes
1292 3424 1685 3491 consederunt,
1713 3441 1816 3481 nec
1847 3426 2033 3497 lingua

456 3511 677 3577 eadem,
731 3528 834 3568 nec
861 3512 1038 3568 forma
1093 3514 1416 3584 reipublicae
1461 3522 1724 3571 utentes:
1760 3513 1907 3572 unde
1935 3531 2037 3571 nee

456 3606 655 3663 eodem
706 3607 929 3663 nomine
960 3607 1329 3677 appellantur.
1378 3606 1513 3661 Nam
1558 3607 1790 3662 Romani
1840 3606 2037 3676 Hispa-

456 3715 579 3765 nos,
630 3698 805 3756 Graeci
847 3700 917 3754 ab
944 3700 1103 3755 Ibero
1136 3715 1300 3754 amne
1335 3700 1525 3755 Iberos
1558 3708 1781 3754 vocant.
1819 3698 2036 3769 Sagun-

457 3793 560 3847 tini
609 3808 737 3847 eum
784 3793 1198 3858 obsiderentur,
1250 3793 1453 3847 auxilia
1484 3800 1539 3849 et
1564 3792 1945 3847 .ﬁnitimorum
1981 3804 2037 3847 et

457 3888 831 3945 Romanorum
863 3889 1230 3959 implorarunt
1268 3906 1280 3941 :
1318 3903 1383 3943 ac
1415 3887 1539 3945 illos
1603 3888 1893 3959 prohibuit
1924 3889 2039 3943 An-

457 3981 628 4035 nibal.
673 3982 907 4037 Romani
940 3991 1127 4037 autem
1168 3981 1364 4052 legatis
1411 3981 1476 4036 ad
1507 3996 1635 4036 eum
1670 3981 1875 4047 missis,
1911 3998 2035 4052 pos-

458 4073 734 4139 tularunt,
770 4082 831 4129 ut
876 4072 1120 4143 Sagunto
1154 4073 1481 4127 abstineret.
1515 4072 1674 4140 Quod
1706 4074 1762 4128 ni
1807 4072 2032 4139 faceret,

456 4163 836 4230 minabantur,
862 4179 921 4218 se
943 4163 1332 4232 Carthaginem
1380 4163 1565 4217 statim
1599 4163 1666 4217 ad
1693 4180 1821 4219 eum
1866 4178 2035 4219 accu-

457 4258 695 4313 sandum
774 4259 1150 4328 navigaturos.
1225 4257 1295 4311 At
1352 4256 1587 4311 Annibal
1643 4271 1713 4312 ex
1774 4257 2035 4327 Hispanis

2140 3144 2293 3213 παρὰ
2324 3144 2423 3207 τὰς
2463 3144 2821 3214 Ἡρακλείους
2863 3147 3065 3218 στήλας
3109 3148 3204 3201 τόν
3242 3165 3302 3200 τε
3339 3149 3600 3203 Ὠκεανὸν
3626 3152 3719 3203 αὐ.

2138 3235 2230 3287 τὸν
2271 3235 2525 3305 προήκει,
2558 3236 2655 3289 καὶ
2689 3237 2917 3307 προσέτι
2950 3237 3044 3291 καὶ
3073 3236 3175 3307 τὴν
3202 3237 3434 3309 ήπειρον
3474 3240 3576 3309 τὴν
3604 3240 3719 3293 ἄνω

2137 3326 2227 3379 διὰ
2256 3327 2513 3381 πλείστου
2544 3328 2707 3398 μέχρι
2740 3328 2836 3382 τοῦ
2873 3330 3189 3401 Πυρηναίου
3219 3330 3467 3400 νέμεται.
3496 3332 3570 3385 Τὸ
3605 3335 3718 3402 γὰρ

2144 3418 2269 3488 ὅρος
2304 3418 2484 3485 τοῦτο,
2519 3421 2581 3473 ἐκ
2604 3424 2703 3487 τῆς
2732 3420 3009 3492 θαλάσσης
3028 3425 3127 3495 τῆς
3165 3423 3335 3477 πάλαι
3370 3425 3472 3494 μὲν
3505 3423 3721 3493 Βεϐρύο

2137 3526 2271 3576 κων,
2320 3510 2547 3581 ὕστερον
2595 3512 2655 3565 δέ
2698 3512 3109 3585 Ναρϐωνησίων
3143 3515 3477 3586 ἀρξάμενον,
3520 3518 3579 3580 ἐς
3614 3520 3720 3587 τὴν

2138 3601 2243 3668 ἔξω
2271 3601 2369 3674 τὴν
2404 3602 2651 3674 μεγάλην
2681 3604 2964 3671 διατείνει,
3017 3606 3189 3660 πολλὰ
3227 3607 3329 3676 μὲν
3363 3609 3517 3672 ἐντὸς
3549 3608 3718 3661 αὑτοῦ

2137 3696 2233 3750 καὶ
2260 3694 2549 3766 σύμμικτα
2581 3696 2713 3767 ἔθνη
2738 3696 2882 3768 ἔχον,
2913 3700 3095 3752 πᾶσαν
3130 3698 3190 3752 δὲ
3214 3700 3316 3773 τὴν
3336 3700 3583 3770 Ἰϐηρίαν
3609 3701 3723 3753 ἀπὸ

2137 3788 2235 3859 τῆς
2269 3788 2571 3860 προσοίκου
2605 3788 2879 3853 Γαλατίας
2907 3792 3188 3863 ἀφορίζον.
3214 3791 3353 3846 Οὔτε
3372 3793 3418 3845 δ’
3441 3794 3720 3863 ὁμόφωνοι

2135 3877 2299 3953 ἦσαν,
2333 3878 2457 3934 οὔτε
2486 3884 2639 3951 κοινῇ
2671 3882 3069 3948 ἐπολιτεύοντο,
3103 3883 3228 3937 ὅθεν
3258 3884 3378 3938 οὐδὲ
3406 3887 3488 3947 είς
3520 3884 3582 3938 ἐν
3600 3886 3723 3938 δνο-

2141 3993 2218 4045 μα
2258 3974 2497 4028 ἐτέλουν.
2538 3975 2603 4028 Ol
2652 3975 2753 4047 μέν
2785 3976 2896 4048 γὰρ
2932 3978 3202 4046 Ῥωμαῖοι
3239 3977 3549 4041 Ἱσπανοῦς,
3579 3980 3631 4031 oi
3673 3978 3721 4031 δ’

2138 4067 2402 4138 Ἕλληνες
2439 4067 2664 4138 Ἴϐηρας
2696 4068 2809 4122 άπὸ
2850 4068 2944 4122 τοῦ
2971 4070 3222 4138 ποταμοῦ
3256 4069 3477 4139 Ἴϐηρος
3516 4071 3724 4134 αὐτοὺς

2136 4161 2501 4216 ἐπεκάλεσαν.
2558 4162 2622 4214 Oi
2673 4160 2775 4231 μὲν
2825 4161 2919 4216 οῦν
2948 4161 3242 4216 Ζακύνθιοι
3270 4158 3418 4217 οὗτοι
3464 4164 3724 4232 ἐπολιορο

2133 4256 2356 4321 κοῦντο,
2384 4255 2482 4307 καὶ
2504 4253 2757 4325 ἔπεμψαν
2789 4256 2926 4325 πρὸς
2952 4257 3080 4317 τοὺς
3110 4256 3432 4326 περιοίκους
3456 4256 3555 4309 καὶ
3578 4255 3724 4325 πρὸς

455 4350 725 4423 quosdam
758 4350 929 4415 misit,
972 4350 1066 4420 qui
1097 4364 1196 4419 per
1231 4348 1356 4404 ﬁdei
1393 4359 1445 4403 et
1476 4350 1735 4405 amicitia:
1791 4350 2031 4419 speciem

2138 4349 2266 4410 τοὺς
2316 4346 2624 4415 Ῥωμαίους
2672 4347 2997 4419 ἐπικουρίας
3048 4348 3318 4416 δεόμενοι.
3384 4348 3549 4401 Ἀλλὰ
3588 4349 3723 4409 τοὺς

2060 4397 2112 4457 D

454 4440 654 4511 legatis
709 4439 1287 4510 apprOpinquantibus
1337 4438 1612 4503 dicerent,
1670 4454 1782 4494 non
1836 4438 2033 4494 adesse

2144 4442 2242 4510 μὲν
2269 4440 2299 4493 δ
2341 4440 2587 4503 Ἀννίϐας
2613 4438 2888 4492 ἐκώλυσεν
2916 4456 2933 4472 ·
2965 4440 3015 4491 oi
3038 4438 3096 4493 δέ
3138 4439 3422 4508 Ῥωμαῖοι,
3452 4438 3723 4508 πρέσϐεις

456 4535 676 4599 ducem,
738 4534 933 4603 procul
984 4534 1040 4587 in
1088 4533 1206 4587 loca
1269 4532 1518 4602 quaedam
1575 4531 1851 4602 incognita
1906 4547 2033 4601 pro—

454 4626 660 4681 tectum
692 4645 704 4681 :
758 4632 1181 4693 moneremque,
1234 4632 1297 4678 ut
1336 4624 1745 4695 quamprimum
1780 4623 2033 4678 discede-

457 4724 603 4781 rent,
635 4731 705 4771 ne
740 4715 979 4770 adventu
1020 4715 1241 4769 illorum
1273 4714 1516 4784 cognito,
1547 4730 1645 4784 per
1678 4713 2031 4783 imperatoris

454 4802 766 4857 absentiam
790 4804 856 4856 ab
881 4802 1170 4858 cﬁ'renatis
1196 4802 1468 4859 militibus
1490 4802 1805 4858 interirent.
1838 4802 2030 4872 Legati

454 4910 585 4950 vera
620 4894 711 4949 illa
736 4909 861 4951 esse
890 4894 1016 4957 rati,
1049 4893 1438 4964 Carthaginem
1482 4894 1757 4950 abierunt.
1789 4892 2030 4949 indicto-

456 5002 565 5059 que
609 4988 866 5052 eoneilo,
894 4987 1437 5058 Carthaginiensium
1482 4987 1575 5043 alii
1607 5001 1800 5057 pacem
1848 5002 2037 5044 suase-

459 5091 627 5146 runt;
662 5080 829 5137 factio
901 5096 1032 5135 vero
1078 5080 1391 5146 Annibalis,
1431 5080 1766 5151 Saguntinos
1794 5095 1920 5135 esse
1952 5081 2036 5135 in-

452 5170 655 5244 jurios,
697 5183 755 5227 et
781 5172 1061 5227 Romanos
1106 5187 1169 5225 ea
1210 5187 1333 5242 qua:
1368 5171 1508 5225 nihil
1553 5169 1619 5225 ad
1657 5171 1803 5242 ipsos
1836 5171 2036 5229 attine-

456 5273 602 5329 rent,
642 5264 862 5318 curiose
907 5262 1193 5332 complecti
1231 5264 1531 5317 asserebat.
1566 5261 1812 5331 Denique
1844 5262 1899 5315 in
1925 5277 2023 5317 eo-

458 5376 579 5414 rum
606 5358 767 5431 ωτ
802 5354 1136 5411 sententiam
1164 5355 1301 5409 itum
1339 5363 1447 5419 est,
1477 5353 1570 5423 qui
1602 5352 1732 5407 belli
1766 5353 2033 5410 Romanis

456 5450 731 5508 inferendi
782 5456 1037 5504 auctores
1073 5456 1253 5502 erant.
1303 5448 1521 5502 Interea
1574 5445 1705 5499 dum
1794 5445 2031 5502 Annibal

2136 4533 2275 4604 πρὸς
2308 4534 2518 4587 ἐκεῖνον
2549 4531 2887 4602 πέμψαντες,
2927 4531 3004 4603 μὴ
3050 4531 3306 4596 πελάζειν
3348 4534 3463 4595 τοῖς
3508 4534 3723 4587 Ζακυν-

2137 4625 2274 4687 θίοις
2315 4624 2588 4689 ἐκέλευον,
2628 4624 2725 4677 καὶ
2758 4624 2809 4678 εί
2842 4623 2919 4695 μὴ
2956 4624 3220 4690 πείθοιτο,
3257 4626 3314 4687 ἐς
3347 4625 3445 4693 τὴν
3488 4626 3723 4697 Καρχη-

2135 4716 2263 4771 δόνα
2291 4715 2525 4770 πλεῦσαι
2559 4716 2725 4779 εὐθὺς
2751 4716 2845 4769 καὶ
2874 4718 3253 4787 κατηγορῆσαι
3279 4715 3447 4771 αὐτοῦ
3479 4718 3721 4786 ἐπηπεί-

2134 4810 2324 4881 λησαν.
2375 4809 2431 4864 ’0
2462 4809 2507 4862 δ’
2570 4808 2845 4876 Ἀννίϐας,
2901 4811 2965 4863 ἐκ
3000 4809 3109 4864 τῶν
3140 4811 3455 4879 ἐπιχωρίων
3492 4811 3721 4879 πέμψας

2136 4903 2289 4965 τινὰς
2317 4902 2392 4965 ὼς
2419 4900 2635 4955 εὔνοιαν
2658 4901 2964 4971 τηροῦντας
2991 4902 3105 4964 τοῖς
3134 4900 3427 4971 πρέσϐεσιν
3448 4902 3553 4974 ήδη
3579 4901 3719 4973 πλη.

2139 4994 2257 5047 σίον
2300 4992 2441 5057 οῦσι,
2479 4992 2860 5063 παρεσκεύασε
2904 4991 3085 5062 λέγειν
3118 4993 3305 5055 αὐτοῖς
3341 4994 3419 5065 μή
3458 4995 3719 5063 παρεῖναι

2136 5087 2228 5139 τὸν
2261 5084 2589 5156 στρατηγὸν,
2631 5086 2822 5157 τιόρρω
2849 5101 2950 5138 που
2995 5086 3052 5147 ἐς
3086 5084 3343 5153 ἄγνωστα
3373 5085 3554 5155 χωρία
3583 5086 3718 5139 ἁπο-

2134 5177 2477 5247 δημήσαντα,
2511 5175 2605 5229 καὶ
2639 5175 2916 5247 παρῄνουν
2947 5176 3332 5245 ἀπαλλαγῆναι
3357 5177 3432 5239 ὡς
3458 5176 3715 5246 τάχιστα,

2134 5268 2265 5339 πρὶν
2312 5266 2743 5336 καταγγελθείεν
2792 5268 2868 5329 ὡς
2924 5267 3201 5337 πάρεισιν,
3239 5267 3326 5321 ἵνα
3363 5268 3439 5339 μή
3487 5268 3578 5321 διὰ
3616 5267 3717 5335 τὴν

2135 5358 2426 5428 ἀναρχίαν,
2460 5357 2556 5410 τοῦ
2598 5355 2912 5427 στρατηγοῦ
2941 5358 3016 5427 μὴ
3053 5357 3345 5427 παρόντος,
3375 5359 3713 5414 ἀπόλωνται.

2134 5449 2199 5502 Οί
2239 5450 2337 5521 μὲν
2359 5445 2454 5504 οὖν
2494 5449 2888 5513 πιστεύσαντες
2919 5448 3105 5513 αὐτοῖς
3132 5449 3212 5513 είς
3242 5449 3345 5521 τὴν
3386 5449 3717 5522 Καρχηδόνα

1658 5595 1863 5656 Varias
1896 5595 2211 5658 lectiones
2255 5604 2318 5660 et
2352 5603 2541 5659 notm.

526 5723 635 5785 (30)
668 5723 892 5778 Λύτίκα
938 5723 1359 5789 προκατέλιιϐε.
1402 5723 1553 5780 Alter
1608 5723 1778 5780 codex
1811 5723 2014 5791 Wolﬁi,

2137 5725 2352 5781 οσέλαϐε
2386 5726 2495 5783 duo
2530 5726 2657 5797 lleg.
2693 5737 2748 5782 et
2783 5728 2934 5783 Colb.
2972 5724 3408 5797 προσκατέλαϐε.
