4050 6210
433 237 542 299 697

1645 258 2054 323 ΛΝΝΑΙΛΠΜ
2094 265 2244 327 LIB.
2286 267 2456 329 VIII.

3593 279 3698 341 698

439 356 709 462 ἀπῄεσαν.
737 360 1043 434 Γενομένης
1065 365 1124 419 δέ
1159 367 1480 442 ἐκκλησίας,
1509 373 1561 426 οί
1593 373 1693 442 μὲν
1724 377 1834 430 τῶν
1862 380 2015 453 Καρ-

2137 383 2318 439 ιεάιιιο
2367 384 2568 440 moenia
2600 394 2906 458 oppugnat,
2957 387 3117 444 multi
3165 404 3233 444 ex
3276 391 3396 462 ejus
3426 395 3698 452 militibus

437 451 705 520 χηδονίων
733 455 963 526 είρήνην
990 457 1147 526 ἄγειν
1209 461 1347 531 πρὸς
1375 463 1502 527 τοὺς
1537 461 1840 537 Ῥωμαίους
1883 451 2012 524 συν-

423 546 754 612 -κϐούλευον,
793 551 842 603 οί
874 549 954 617 δὲ,
981 553 1061 622 τῷ
1085 553 1304 627 Ἀννίϐᾳ
1327 559 1712 630 προσκείμενοι
1731 563 1872 635 (5i),
1894 566 2022 630 τοὺς

443 640 550 711 μὲν
577 641 914 708 Ζακυνθίους
935 644 1166 711 ἀδικεῖν,
1191 648 1316 712 τοὺς
1341 649 1398 703 δὲ
1434 651 1735 721 Ῥωμαίους
1763 657 1832 709 τὰ
1853 657 2022 726 μηδὲν

443 733 599 802 σφίσι
623 735 971 804 προσήκοντα
1012 737 1495 810 πολυπραγμονεῖν
1536 744 1744 813 ἔλεγον.
1786 749 1898 802 Καὶ
1929 749 2022 802 τέ-

441 825 536 883 λος
567 828 960 898 ἐπεκράτησαν
989 831 1038 882 oi
1074 831 1380 903 πολεμῆσαι
1426 841 1567 905 σφᾶς
1607 839 2019 907 ἀναπείθοντες.

455 917 546 971 Ἐν
571 919 752 989 τούτῳ
781 920 837 972 δέ
866 921 896 973 δ
938 921 1186 988 Ἀννίϐας
1214 927 1418 998 σπουδῇ
1459 931 1559 993 τὰς
1584 931 1895 1001 προσϐολὰς
1922 937 2023 1006 τῆς

438 1010 797 1081 τειχομαχίας
845 1015 1106 1069 ἐποιεῖτο.
1161 1018 1382 1073 Πολλῶν
1439 1020 1496 1073 δὲ
1549 1024 1882 1091 πιπτόντων,
1927 1027 2023 1080 κα)⁵

442 1103 713 1157 πλειόνων
751 1110 1210 1179 τιτρωσκομένων
1249 1113 1314 1166 ἐκ
1337 1114 1445 1166 τῶν
1481 1115 1576 1169 τοῦ
1626 1117 1899 1182 Ἀννίϐου,
1928 1118 2022 1171 καί

441 1212 578 1248 ποτε
614 1197 727 1249 τῶν
759 1199 1150 1270 Καρχηδονίων
1181 1207 1628 1262 κατασεισάντων
1656 1226 1712 1263 τι
1744 1209 1838 1262 τοῦ
1868 1226 2026 1280 περι-

441 1285 606 1339 ϐόλου
662 1287 760 1341 κα)⁸
811 1288 953 1342 κατὰ
981 1289 1044 1344 τὺ
1081 1293 1270 1362 ῥῆγμα
1305 1295 1576 1348 εἰσελθεῖν
1612 1297 2018 1369 τολμησάντων,

446 1376 822 1447 ἐπεξέδραμον
868 1382 919 1433 oi
959 1383 1249 1438 Ζακύνθιοι
1298 1388 1393 1440 καὶ
1440 1388 1791 1460 ἀπεσόϐησαν
1844 1393 2020 1460 σφᾶς⁶

441 1467 570 1521 ὅθεν
628 1471 784 1524 αὐτοὶ
832 1471 931 1540 μὲν
967 1475 1418 1548 ἐπερρώσθησαν,
1465 1479 1516 1532 oi
1558 1480 1920 1551 Καρχηδόνιοι
1966 1484 2025 1538 δὲ

443 1558 699 1613 ἐνέδοσαν
747 1561 1156 1632 ἀθυμήσαντες.
1189 1566 1306 1620 Οὑκ
1335 1569 1653 1640 ἀπέστησαν
1678 1572 1735 1624 δέ
1766 1572 1898 1642 πρὶν
1923 1573 2024 1644 τὴν

2121 477 2347 542 cadunt,
2401 478 2654 547 pluribus
2701 481 3008 538 vulneratis
3049 499 3063 536 :
3113 491 3171 539 et
3220 498 3346 539 cum
3395 484 3696 556 aliquando

2120 568 2607 640 Carthaginienses
2639 573 2786 628 muri
2843 582 3061 644 partem
3109 574 3460 646 dejecissent,
3503 587 3561 632 et
3603 593 3701 648 per

2122 663 2312 718 ruinas
2353 674 2644 732 penetrare
2688 675 3050 733 conarentur,
3095 683 3126 722 a
3207 666 3528 738 Saguntinis
3581 685 3706 724 eru-

2123 754 2308 824 ptione
2335 753 2497 819 facta,
2524 756 2729 825 repulsi
2763 768 3052 813 cesserunt
3085 777 3100 813 :
3128 759 3416 815 imminuta
3450 751 3700 825 audacia,

2123 844 2525 914 Oppidanorum
2558 863 2690 902 vero
2722 849 2890 903 animi
2931 850 3079 903 aucti
3113 858 3262 904 sunt.
3290 850 3480 920 Neque
3514 860 3698 906 tamen

2122 937 2192 992 ab
2219 937 2510 992 obsidione
2539 939 2891 1005 destiterunt,
2920 941 2974 995 in
3021 956 3268 995 mensem
3314 953 3568 996 octavum
3603 959 3697 997 us-

2123 1046 2230 1100 que
2283 1040 2576 1101 prorogata
2622 1048 2636 1086 :
2696 1047 2807 1100 quo
2861 1033 3124 1102 temporis
3174 1035 3356 1104 spatio
3411 1050 3535 1089 cum
3595 1035 3700 1089 alia

2124 1124 2314 1184 multa,
2345 1140 2516 1192 eaque
2549 1124 2894 1178 incommoda
2926 1131 3255 1192 evenerunt,
3311 1138 3424 1181 tum
3467 1127 3705 1182 Annibal

2123 1216 2362 1284 graviter
2396 1216 2719 1272 vulneratus
2754 1226 2860 1272 est.
2891 1219 3033 1274 Urbs
3069 1229 3252 1274 autem
3296 1220 3376 1275 sic
3402 1230 3560 1290 capta
3595 1230 3698 1278 est.

2123 1305 2430 1360 Machinam
2463 1307 2834 1371 adduxerunt,
2875 1324 2998 1378 quae
3033 1310 3234 1363 muenia
3265 1312 3498 1364 multum
3523 1328 3704 1380 supe-

2125 1408 2293 1462 raret,
2335 1398 2565 1453 armatis
2609 1399 2807 1468 partim
2846 1399 3184 1467 conspicuis,
3236 1401 3436 1470 partim
3469 1401 3702 1455 occultis

2125 1489 2408 1544 refertam.
2444 1489 2582 1542 Dum
2619 1498 2803 1542 autem
2836 1487 3126 1560 Saguntini
3182 1506 3308 1545 cum
3338 1490 3407 1544 iis
3438 1492 3700 1546 duntaxat

2125 1597 2266 1652 quos
2296 1581 2578 1646 videbant,
2608 1581 2792 1636 acrius
2827 1590 3090 1652 pugnant,
3127 1584 3276 1637 solos
3309 1599 3406 1638 eos
3432 1599 3553 1638 esse
3583 1585 3702 1652 Opi-

445 1651 606 1703 πόλιν
639 1651 804 1717 ἐλεῖν,
843 1654 1023 1708 καίτοι
1061 1657 1150 1711 ἐπ’
1178 1658 1362 1726 ὄγδοον
1397 1661 1541 1730 μῆνα
1575 1662 1674 1732 τῆς
1705 1662 2026 1735 πολιορκίας

2137 1676 2267 1744 nati,
2293 1675 2494 1729 occulti
2543 1675 2780 1731 sull‘osso
2826 1689 3009 1739 muro,
3042 1676 3093 1729 vi
3129 1675 3184 1728 in
3216 1675 3408 1730 urbem
3443 1686 3702 1746 penetra-

445 1744 885 1838 παραταθείσης,
925 1749 982 1801 ἐν
1014 1743 1096 1813 οἷς
1137 1750 1274 1804 ἀλλα
1305 1769 1366 1806 τε
1397 1726 1573 1808 πολλά
1602 1726 1904 1827 συνηνέχθη
1931 1726 2024 1811 καί

2543 1726 2773 1731 ____-_--
2963 1726 3009 1739 _,
3054 1726 3093 1729 ._

2137 1777 2278 1823 runt.
2317 1767 2608 1838 Saguntini
2660 1783 2719 1824 re
2751 1768 3032 1838 inopinata
3077 1768 3380 1838 perterriti,
3430 1769 3484 1822 in
3517 1784 3703 1824 arcem

442 1833 646 1902 ἄτοπα,
682 1837 776 1891 καὶ
817 1840 846 1892 ό
893 1839 1143 1904 Ἀννίϐας
1172 1842 1361 1908 δεινῶς
1397 1846 1633 1917 ἐτρώθη.
1667 1846 1822 1901 Ἦλω
1845 1848 1902 1902 δὲ
1935 1849 2027 1903 οὔ·

445 1945 560 1992 τως
579 1944 594 1958 ·
636 1930 936 2003 μηχάνημα
970 1933 1049 2005 τῷ
1076 1935 1249 2006 τείχει
1279 1939 1650 2010 προσήγαγον,
1682 1941 1817 1995 πολύ
1845 1959 1902 1996 τε
1936 1943 2029 1997 αύ-

446 2019 544 2074 τοῦ
580 2021 902 2093 ὑπεραῖρον,
937 2027 1033 2080 καὶ
1060 2028 1287 2092 ὁπλίτας
1315 2031 1444 2095 τοὺς
1471 2033 1568 2100 μὲν
1593 2035 1856 2103 ἐμφανεῖς
1877 2035 2022 2104 ἔχον,

446 2113 578 2176 τοὺς
606 2112 664 2166 δὲ
699 2112 1084 2180 λανθάνοντας.
1117 2119 1241 2173 Τῶν
1271 2116 1365 2174 οὖν
1395 2123 1714 2176 Ζακυνθίων
1741 2127 1856 2187 τοῖς
1883 2125 2024 2196 ὁρω-

451 2207 638 2274 μένοις
671 2207 749 2271 ὡς
783 2210 970 2279 μόνοις
1006 2211 1124 2266 ούσι
1159 2214 1488 2286 μαχομένων
1519 2219 2017 2292 ἐρρωμενέστερον,

447 2297 498 2351 τί
527 2301 902 2372 κεκρυμμένοι
931 2303 989 2356 τὸ
1019 2309 1199 2375 τεῖχος
1237 2308 1610 2378 ὑπορύξαντες
1645 2312 2021 2366 είσεϐιάσαντο

448 2390 545 2444 καὶ
581 2389 730 2447 ἔνδον
767 2395 1037 2462 ἐγένοντο.
1068 2397 1157 2468 Τῷ
1186 2397 1317 2466 γοῦν
1343 2402 1633 2474 παραδόξῳ
1658 2405 1708 2457 οί
1735 2403 2024 2458 Ζακύνθιοι
2075 2387 2078 2392 ⁵

2125 1870 2490 1942 accurrerunt
2539 1880 2552 1916 :
2609 1861 2911 1938 habitoque
2965 1862 3265 1933 colloquio,
3321 1863 3703 1920 tolerabilibus

2125 1953 2540 2011 conditionibus
2571 1954 2800 2008 salutem
2836 1955 3133 2024 impetrare
3174 1955 3528 2010 studuerunt.
3587 1957 3701 2010 An-

2127 2045 2305 2100 nibale
2339 2059 2465 2098 vero
2500 2044 2638 2099 nihil
2691 2045 2958 2100 moderati
3018 2045 3354 2114 postulante,
3384 2063 3561 2116 neque
3596 2046 3704 2100 Ro-

2129 2136 2311 2192 manis
2361 2135 2662 2205 quidquam
2695 2135 2813 2204 opis
2859 2135 3183 2195 ferentibus.
3217 2135 3606 2205 efﬂagitarunt,
3642 2145 3704 2189 ut

2134 2227 2540 2299 oppugnatione
2596 2227 2934 2291 intermissa,
2989 2226 3156 2281 rebus
3208 2226 3324 2281 suis
3374 2226 3704 2282 consulendi

2131 2319 2369 2388 spatium
2409 2315 2656 2373 daretur.
2693 2315 2910 2370 Interea
2943 2317 3360 2387 pretiosissimis
3393 2316 3704 2387 quibusque

2129 2411 2294 2466 rebus
2329 2409 2439 2480 igni
2485 2409 2813 2478 absumptis,
2851 2409 3104 2465 homines
3172 2411 3420 2464 imbelles
3451 2409 3558 2464 sibi
3595 2408 3702 2475 ipsi

450 2482 828 2553 ἐκπλαγέντες
867 2489 952 2552 είς
993 2489 1095 2559 τὴν
1128 2491 1428 2562 ἀκρόπολιν
1454 2494 1783 2568 ἀνέδραμον,
1818 2497 1913 2551 καὶ
1946 2498 2028 2560 είς

2137 2519 2331 2557 manus
2360 2500 2706 2556 attulerunt:
2733 2500 2827 2568 qui
2861 2511 3019 2556 erant
3051 2510 3218 2556 aetate
3243 2502 3478 2570 integra,
3519 2500 3706 2554 subito
3820 2532 3825 2536 -

448 2574 648 2642 λόγους
674 2573 864 2650 ἦλθον,
898 2582 954 2635 εί
997 2601 1115 2649 πως
1150 2585 1388 2641 ἐπιεικεῖ
1417 2605 1522 2643 τινι
1561 2589 1824 2662 ὁμολογία
1872 2607 2032 2661 περι-

2137 2593 2190 2647 in
2218 2594 2408 2648 hostes
2451 2593 2660 2662 impetu
2692 2589 2859 2656 facto,
2906 2602 3130 2648 strenue
3180 2592 3518 2648 dimicantes
3545 2605 3712 2664 occu-

448 2668 697 2728 σωθεῖεν.
743 2673 830 2737 Ὠς
857 2675 904 2728 δ’
935 2677 1089 2732 οὐδὲν
1115 2681 1143 2734 ό
1185 2679 1433 2744 Ἀννίϐας
1466 2681 1761 2754 προΐσχετο
1788 2682 2034 2754 μέτριον,
2135 2685 2395 2740 buerunt.

451 2765 577 2820 οὔτε
614 2785 700 2831 τις
731 2771 917 2835 αὑτοῖς
943 2771 1184 2843 ὠφέλεια
1216 2774 1353 2845 πρὸς
1378 2776 1489 2829 τῶν
1553 2774 1846 2846 Ῥωμαίων
1910 2777 2151 2845 ἐγίνετο,
2219 2777 2576 2847 ἐπισχεθῆναι
2625 2779 2723 2843 τὰς
2767 2776 3072 2848 προσϐολὰς
3116 2774 3470 2846 ἐξῃτήσαντο,
3540 2775 3614 2838 ῶς
3658 2794 3712 2834 τι

451 2861 586 2930 περὶ
635 2861 744 2915 τῶν
799 2860 945 2916 κατὰ
1005 2866 1148 2933 σφᾶς
1206 2864 1642 2935 βουλευσόμενοι.
1715 2868 1837 2920 Κάν
1884 2865 2061 2936 τούτῳ
2137 2867 2205 2918 τά
2271 2865 2578 2936 τιμιώτατα
2632 2867 3085 2935 συμφορήσαντες
3142 2863 3251 2916 τῶν
3305 2865 3604 2935 χρημάτων
3655 2866 3714 2930 ἐς

448 2957 570 3029 πῦρ
618 2957 890 3014 ἐνέϐαλον.
933 2958 1073 3013 Kal.‘
1111 2961 1160 3013 οί
1207 2959 1306 3031 μὲν
1340 2959 1623 3032 ἀπόμαχοι
1662 2961 2061 3033 διεχειρίσαντο
2096 2959 2361 3024 ἑαυτούς’
2409 2961 2458 3014 oi
2513 2961 2560 3016 δ’
2609 2962 2666 3014 ἐν
2714 2960 2903 3033 ἡλικίᾳ
2942 2957 3131 3030 ἀθρόοι
3173 2962 3310 3028 πρὸς
3382 2959 3712 3023 τοὺςέναν·

451 3052 605 3113 τίους
633 3050 969 3122 ὡρμήκεσαν
995 3053 1091 3107 καὶ
1122 3053 1422 3126 προθύμως
1451 3054 1846 3127 ἀγωνιζόμενοι
1888 3055 2300 3127 κατεκόπησαν.

523 3145 654 3199 KB’.
685 3143 794 3198 Kal.
819 3143 892 3198 δι’
931 3147 1131 3210 αὑτοὺς
1152 3146 1202 3198 οί
1245 3146 1506 3216 Ῥωμαῖοι
1542 3149 1638 3202 καὶ
1662 3150 1712 3201 oi
1745 3147 2030 3218 Καρχηδό-

2202 3144 2370 3200 XXII.
2406 3145 2530 3200 Haec
2583 3144 2844 3200 Romanis
2870 3152 2925 3198 et
2999 3142 3547 3214 Carthaginiensibus
3583 3145 3714 3200 belli

452 3254 561 3292 νιοι
591 3235 966 3307 ἐπολέμησαν.
1016 3237 1075 3292 ’0
1113 3236 1222 3307 γὰρ
1266 3239 1542 3308 Ἀννίϐας,
1583 3239 1678 3292 καὶ
1707 3239 2034 3310 συμμάχους

2137 3252 2295 3294 causa
2331 3236 2450 3290 fuit.
2477 3237 2611 3291 Nam
2635 3251 2759 3292 cum
2821 3235 3149 3290 Annibalem
3185 3237 3372 3290 multis
3423 3236 3592 3292 sociis
3621 3252 3714 3292 as-

457 3328 696 3398 συχνοὺς
727 3327 1075 3397 προσλαϐὼν,
1102 3330 1182 3392 είς
1209 3329 1310 3397 τὴν
1340 3330 1577 3384 Ἰταλίαν
1609 3331 1887 3400 ἠπείγετο.
1923 3332 2036 3383 Πυ-

458 3421 684 3491 θόμενοι
711 3419 769 3473 δέ
795 3418 951 3473 ταῦθ’
980 3421 1029 3472 oi
1067 3420 1332 3490 Ῥωμαῖοι
1374 3423 1635 3494 συνῆλθον
1676 3425 1756 3486 είς
1797 3423 1856 3476 τδ
1911 3440 2038 3477 συν-

459 3513 664 3584 έδριον,
700 3513 797 3567 καὶ
836 3512 1032 3584 ἐλέχθη
1077 3513 1177 3585 μὲν
1212 3513 1407 3569 πολλά.
1444 3517 1679 3581 Λούκιος
1716 3517 1774 3570 δὲ
1825 3519 2039 3588 Κορνή-

456 3608 571 3671 λιος
606 3604 904 3667 Δέντουλος
930 3605 1316 3676 ἐδημηγόρησε
1353 3608 1447 3660 καὶ
1479 3604 1597 3660 εἷπε
1663 3608 1740 3679 μὴ
1797 3609 2035 3677 μέλλειν,

459 3699 601 3754 ἀλλά
624 3697 865 3768 πόλεμον
894 3699 1034 3752 κατά
1067 3697 1177 3752 τῶν
1225 3699 1618 3769 Καρχηδονίων
1669 3701 2038 3770 ψηφίσασθαι,

462 3788 556 3840 καὶ
586 3784 706 3855 διχῆ
733 3784 929 3838 διελεῖν
951 3786 1044 3838 καὶ
1073 3787 1202 3849 τοὺς
1236 3787 1481 3850 ὑπάτους
1525 3789 1619 3842 καὶ
1648 3790 1748 3842 ’τά
1777 3790 2043 3862 στρατεύ-

463 3891 638 3945 ματαο
659 3878 755 3929 καὶ
782 3875 908 3937 τοὺς
935 3874 1037 3945 μέν
1067 3874 1145 3938 είς
1174 3875 1273 3946 τὴν
1306 3875 1566 3946 Ἰϐηρίαν,
1584 3877 1712 3940 τοὺς
1729 3877 1787 3930 δέ
1835 3880 1914 3941 είς
1944 3878 2043 3949 τὴν

466 3967 674 4042 Λιϐύην
703 3968 939 4040 πέμψαι,
971 3968 1038 4022 ῖν⁹
1074 3969 1178 4022 ὑπὸ
1201 3969 1293 4023 τὸν
1324 3970 1488 4022 αὑτὸν
1509 3970 1700 4039 χρόνον
1730 3970 1764 4041 ἦ
1802 3987 1860 4024 τε
1889 3970 2042 4041 χώρα

466 4061 652 4117 αὑτῶν
666 4061 932 4132 πορθῆται
953 4063 1049 4114 καὶ
1074 4063 1124 4114 οί
1153 4064 1435 4132 σύμμαχοι
1484 4061 1926 4133 κακουργῶνται,
1951 4063 2046 4115 καὶ

481 4154 621 4223 μήτε
637 4155 702 4224 τῇ
736 4152 944 4224 Ἰϐηρίᾳ
960 4152 1224 4224 βοηθῆσαι
1239 4153 1504 4206 δύνωνται
1523 4153 1651 4225 μήτ’
1665 4154 1875 4208 ἐκεῖθεν
1890 4154 2047 4208 αὐτοὶ

465 4245 896 4316 ἐπικουρηθῶσι.
917 4245 1058 4315 Πρὸς
1083 4245 1258 4298 ταῦτα
1286 4245 1516 4310 Κύῖντος
1554 4244 1752 4309 Φάϐιος
1793 4245 2048 4314 Μάξιμος

465 4336 738 4400 ἀντέθετο,
758 4337 832 4407 μὴ
849 4335 910 4388 οὔ
921 4353 1024 4399 τως
1053 4337 1117 4389 ἐκ
1133 4335 1334 4403 παντρς
1344 4335 1548 4406 τρόπου
1569 4334 1660 4388 τὸν
1685 4336 1920 4406 πόλεμον
1937 4335 2048 4389 δεῖν

464 4429 830 4499 ψηφίσασθαι,
854 4429 991 4483 ἀλλά
1007 4428 1274 4501 πρεσϐείᾳ
1294 4428 1604 4500 χρήσασθαι
1625 4429 1912 4501 πρότερον.
1931 4429 2048 4484 Κᾶν

2138 3332 2264 3389 citis
2293 3331 2347 3384 in
2372 3330 2584 3384 Italiam
2617 3342 2920 3398 properare
2963 3326 3196 3382 Romani
3230 3327 3596 3394 audivissent,
3627 3329 3712 3382 in-

2137 3423 2287 3478 dicto
2350 3422 2586 3478 concilio
2641 3422 2813 3475 multa
2869 3419 3036 3474 verba
3092 3420 3235 3474 facta
3299 3428 3448 3474 sunt.
3511 3419 3712 3474 Verum

2139 3515 2203 3570 L.
2235 3513 2526 3570 Cornelius
2559 3511 2824 3567 Lentulus
2855 3527 2952 3580 pro
2978 3511 3245 3566 concione
3269 3510 3428 3571 dixit,
3459 3525 3568 3563 non
3592 3524 3716 3564 esse

2096 3605 2532 3669 'cunctandum,
2585 3603 2682 3658 sed
2739 3603 2945 3658 bellum
2977 3613 3168 3657 contra
3224 3601 3720 3669 Carthaginienses

2138 3695 2574 3761 decernendum,
2607 3705 2662 3748 et
2691 3704 2798 3748 tam
2817 3693 3072 3748 consules
3091 3709 3251 3761 quam
3280 3690 3552 3746 exercitus
3591 3689 3724 3744 hila-

2138 3791 2277 3845 riam
2339 3787 2688 3851 dividendos,
2724 3796 2783 3841 et
2838 3787 3070 3839 alterum
3121 3785 3174 3838 in
3208 3785 3546 3854 Hispaniam,
3582 3784 3721 3837 alte-

2141 3893 2266 3934 rum
2314 3879 2370 3932 in
2402 3876 2626 3949 Lybiam
2657 3873 2987 3929 mittendum
3016 3893 3030 3928 :
3077 3883 3134 3927 ut
3161 3873 3355 3928 eodem
3388 3882 3634 3944 tempore
3665 3882 3722 3927 et

2143 3981 2271 4037 ager
2294 3981 2488 4022 eorum
2515 3972 2855 4028 vastaretur,
2890 3972 2947 4019 et
2972 3963 3108 4018 socii
3135 3972 3467 4018 vexarentur
3497 3979 3512 4016 :
3544 3979 3721 4032 neque

2146 4058 2420 4129 Hispania:
2442 4070 2602 4127 opem
2627 4053 2795 4119 ferre,
2816 4069 2997 4123 neque
3021 4052 3148 4107 inde
3172 4053 3377 4107 auxilia
3399 4063 3722 4122 exspectare

2148 4153 2334 4206 hostes
2356 4157 2602 4219 possent.
2641 4147 2720 4202 Ad
2751 4145 2869 4202 haec
2922 4145 2986 4211 ρ.
3044 4144 3245 4200 Fahius
3307 4143 3580 4198 Maximus
3632 4158 3727 4196 re.

2146 4242 2390 4314 spondit,
2427 4255 2537 4294 non
2588 4239 2725 4294 adeo
2759 4236 3171 4308 pracipitanter
3217 4235 3421 4290 bellum
3477 4250 3600 4289 esse
3627 4233 3726 4288 dc-

2149 4332 2512 4398 cernendum,
2546 4332 2640 4387 sed
2684 4331 2894 4400 legatos
2938 4329 3092 4399 prius
3127 4327 3448 4382 mittendos.
3485 4326 3644 4393 Quod
3677 4327 3725 4381 si

2156 4427 2390 4484 crimina
2427 4426 2734 4495 purgarint,
2767 4422 3168 4494 quiescendum
3217 4438 3230 4474 :
3267 4424 3350 4476 sin
3403 4422 3726 4494 injuriarum

606 4521 870 4608 mica)th
919 4522 1002 4576 ὅτι
1035 4495 1188 4576 οὐδὲν
1235 4495 1539 4590 ἀδικοῦσιν,
1580 4495 1813 4594 ἡσυχίαν
1852 4523 2036 4591 ἄγειν¹

2144 4520 2577 4582 convincantur,
2624 4515 2792 4588 508
2839 4521 2957 4568 tum
3012 4513 3232 4568 demum
3275 4513 3420 4567 bello
3460 4510 3730 4580 petendos

471 4614 538 4668 ἂν
567 4613 612 4667 δ’
646 4613 959 4676 ἀδικοῦντες
993 4615 1186 4679 ἁλῶσι,
1207 4616 1331 4669 τότε
1362 4615 1673 4686 πολεμῆσαι
1705 4617 1911 4679 αὑτοῖς,
1958 4616 2045 4669 ῖνα

429 4754 432 4756 γ
474 4707 572 4760 καὶ
592 4705 690 4776 τὴν
718 4706 898 4760 αίτίαν
931 4707 1026 4760 τοῦ
1059 4707 1300 4777 πολέμου
1336 4709 1395 4770 ἐς
1433 4707 1628 4772 αὐτοὺς
1672 4705 2048 4777 ἀπωσώμεθα.

473 4800 538 4852 Δί
573 4797 672 4868 μιν
695 4793 790 4851 οὖν
814 4799 1019 4868 ἀμφοῖν
1046 4798 1195 4863 δόξαι
1230 4798 1480 4863 τοιαῦται
1519 4795 1686 4870 ἦσαν,
1726 4799 1802 4862 ὡς
1848 4800 1909 4852 ἐν
1961 4816 2051 4854 κε-

475 4888 692 4961 φαλαίῳ
720 4893 916 4946 εἰπεῖν.
945 4892 1025 4963 Τῇ
1053 4891 1110 4944 δέ
1139 4889 1302 4961 βουλῇ
1357 4891 1880 4963 παρασκευάζεσθαι
1953 4892 2054 4962 μέν

475 4979 625 5046 ἔδοξε
660 4983 796 5054 πρὸς
827 4984 926 5052 τὴν
956 4983 1161 5053 μάχην,
1188 4983 1452 5052 πρέσϐεις
1487 4984 1546 5038 δὲ
1585 4987 1666 5048 είς
1689 4985 1787 5056 τὴν
1826 4986 2055 5058 Καρχη-

479 5074 610 5128 δόνα
642 5075 872 5140 στεῖλαι,
907 5076 1002 5129 καὶ
1029 5073 1124 5128 τοῦ
1162 5073 1408 5151 Ἀννίϐου
1435 5077 1834 5148 κατηγορῆσαι.
1866 5078 1978 5132 Καὶ
2007 5079 2057 5133 ει

485 5165 588 5234 μὲν
619 5165 696 5239 μὴ
720 5167 997 5220 ἐπαινοῖεν
1023 5167 1090 5220 τὰ
1114 5167 1456 5238 πραχθέντα,
1486 5168 1733 5223 δικάσαι·
1767 5171 1816 5224 εί
1878 5169 1924 5223 δ’
1975 5171 2055 5233 είς

481 5257 691 5310 ἐκεῖνον
720 5257 860 5311 αὑτὰ
887 5259 1230 5330 ἀναφέροιεν,
1265 5258 1658 5328 ἐξαιτήσασθαι
1707 5259 1872 5314 αὑτόν
1893 5277 1911 5294 ο
1949 5261 2056 5315 κᾶν

488 5345 563 5416 μὴ
593 5349 812 5413 ἐκδῶσι,
849 5350 940 5404 τὸν
989 5349 1230 5420 πόλεμον
1278 5351 1604 5419 ἐπαγγεῖλαι
1672 5352 1876 5416 αὑτοῖς.
1935 5355 2058 5407 Τῶν

482 5437 614 5507 γοῦν
643 5438 928 5509 πρέσϐεων
955 5441 1318 5507 ἀπελθόντων,
1342 5442 1392 5495 οί
1423 5442 1784 5513 Καρχηδόνιοι
1814 5443 1876 5496 τὸ
1905 5460 2064 5515 ποιη-

2155 4627 2300 4676 esse,
2344 4620 2406 4666 ut
2435 4610 2602 4666 etiam
2628 4624 2792 4664 causa
2824 4607 2951 4662 belli
2986 4607 3040 4661 in
3079 4607 3201 4662 illos
3230 4606 3616 4661 transferatur.
3653 4605 3729 4659 Ac

2158 4706 2447 4774 utriusque
2492 4702 2766 4757 sententia
2814 4699 3128 4756 summatim
3179 4699 3295 4754 haec
3317 4698 3423 4752 fuit
3459 4715 3475 4754 :
3513 4697 3726 4752 senatui

2159 4805 2345 4851 autem
2381 4793 2606 4864 placuit,
2656 4807 2716 4848 se
2741 4801 2798 4847 et
2853 4791 2920 4846 ad
2962 4789 3166 4846 bellum
3201 4804 3419 4860 parare,
3451 4796 3505 4842 et
3537 4788 3731 4856 legatis

2159 4886 2548 4954 Carthaginem
2578 4883 2764 4940 missis
2826 4882 3160 4937 Annibalem
3193 4894 3481 4936 accusare.
3507 4877 3663 4944 Quod
3687 4876 3730 4930 si

2161 4980 2254 5036 illa
2291 4979 2690 5049 improbarent,
2723 4977 2851 5046 jure
2880 4974 3154 5046 agendum
3185 4991 3199 5027 :
3251 4973 3336 5027 sin
3385 4971 3462 5026 illi
3494 4971 3734 5039 imputa-

2164 5083 2312 5141 rent,
2336 5088 2470 5128 eum
2503 5068 2911 5140 deposcendum
2949 5088 2962 5123 :
2995 5068 3042 5122 si
3079 5081 3189 5121 non
3214 5066 3503 5126 dederent,
3529 5061 3734 5116 bellum

2159 5171 2243 5225 eis
2272 5165 2649 5223 indicendum.
2676 5162 2898 5233 Legatis
2933 5161 3220 5233 digressis,
3253 5154 3736 5221 Carthaginienses

2164 5261 2298 5330 quid
2334 5259 2606 5330 agendum
2655 5264 2800 5310 esset
2827 5252 3230 5308 deliberabant.
3266 5246 3535 5304 Asdrubal
3604 5258 3735 5297 vero

2164 5369 2312 5409 unus
2357 5368 2422 5406 ex
2458 5351 2526 5406 iis
2556 5363 2698 5419 quos
2757 5345 2994 5400 Annibal
3025 5345 3376 5406 subornarat,
3407 5346 3598 5392 auctor
3629 5335 3734 5389 fuit

2173 5443 2382 5500 veteris
2407 5439 2681 5497 libertatis
2701 5435 3091 5507 recuperandae
3117 5454 3132 5493 :
3162 5444 3218 5491 et
3247 5430 3547 5496 servitutis,
3572 5442 3738 5498 quam

1631 5561 1832 5623 Variae
1881 5562 2192 5625 lectiones
2232 5570 2292 5622 et
2332 5567 2517 5622 notae.

564 5686 677 5757 (3|)
708 5689 1162 5758 Προσκειμενοι.
1209 5689 1286 5746 lta
1328 5687 1673 5760 reposuimus
1705 5703 1771 5744 cx
1800 5703 1958 5756 mss,
1999 5703 2029 5742 u

2137 5686 2346 5743 Wolﬁus
2384 5684 2731 5757 προκείμενοι
2756 5679 3028 5736 ediderat.
