4050 6210
366 225 476 286 690

1639 230 1970 292 JOANNIS
2009 231 2336 296 ZONARIE

3511 249 3622 314 700

360 352 463 407 pax
499 335 800 405 attulisset,
836 328 951 393 tuin
984 339 1259 410 pecuniis,
1308 350 1423 396 tum
1455 341 1649 412 coniis,
1691 351 1804 398 tum
1853 357 1914 396 so

2044 345 2166 397 τίον
2193 347 2635 404 ἐσκόπουν..Καί
2687 369 2782 415 τις·
2812 355 3164 426 Ἀσδρούϐας,
3213 353 3297 422 εἷς
3343 360 3452 415 τῶν
3517 366 3626 418 ὑπὸ

358 427 458 480 riis
502 431 841 498 comparatis
886 432 1283 501 repudiandae;
1333 433 1677 505 subjecitque
1715 452 1728 489 :
1769 433 1826 490 Si
1862 452 1915 489 ve

2043 435 2138 490 τοῦ
2181 439 2423 494 Ἀννίϐου
2479 450 3165 518 προπαρεσκευασμένων,
3225 453 3624 514 συνεϐούλευσε

353 518 455 573 soli
477 520 731 575 Annibali
769 537 867 576 suo
900 525 1167 577 arbitrati.
1209 541 1319 579 rem
1348 542 1529 597 gerere
1558 527 1936 598 permisissent,

356 613 536 665 omnia
571 615 668 667 rite
701 614 1137 669 administratam
1161 619 1248 681 iri,
1281 627 1328 672 et
1369 619 1510 687 ipsos
1555 621 1700 674 omni
1744 619 1939 675 laboris

356 703 595 759 molestia
632 707 911 761 carituros.
957 708 1053 762 Illo
1091 709 1208 764 hac
1236 710 1446 774 locuto,
1476 727 1706 783 magnus
1741 710 1936 767 Hanno

353 807 566 859 contra,
599 813 708 850 non
748 805 977 865 temere,
1011 816 1188 871 neque
1221 803 1292 856 ob
1328 819 1493 873 parva
1522 814 1578 858 ct
1607 804 1783 860 aliena
1827 807 1938 860 cri-

355 889 507 942 mina
552 889 755 944 hellum
813 892 867 946 in
920 893 1315 963 rempublicam
1365 897 1759 952 retrahendum
1811 914 1934 955 esse

352 981 593 1046 censuit,
631 995 756 1036 cum
800 983 905 1037 alia
932 1000 1184 1056 purgare,
1217 987 1323 1041 alia
1378 988 1710 1044 inauctores
1753 999 1932 1046 trans-

349 1071 498 1129 ferre
559 1074 743 1130 liceat.
778 1075 879 1143 Qui
918 1091 1042 1130 cum
1074 1076 1293 1133 dicendi
1337 1078 1500 1135 ﬁnem
1537 1080 1776 1146 fecisset,
1801 1081 1934 1138 Car-

348 1164 781 1235 thaginiensium
807 1168 1077 1235 seniores,
1131 1171 1408 1242 primique
1456 1172 1588 1228 belli
1633 1189 1928 1240 memores,

351 1252 428 1308 ili
459 1260 588 1309 sunt
617 1258 828 1312 assensi
864 1274 877 1311 :
916 1260 1101 1313 caeteri
1142 1261 1542 1328 adolescentes,
1577 1264 1727 1334 iique
1757 1265 1932 1334 potis-

351 1345 552 1399 simum
582 1348 673 1416 qui
734 1349 1022 1404 Annibalis
1058 1366 1280 1406 causam
1312 1355 1568 1424 agebant,
1599 1358 1804 1412 acriter
1828 1359 1927 1413 ad-

350 1437 554 1492 versati
592 1447 742 1494 sunt.
781 1439 851 1495 Ut
887 1450 1073 1496 autem
1115 1442 1254 1498 nihil
1301 1445 1439 1499 certi
1478 1449 1728 1516 rcSponsi
1760 1447 1930 1504 dede-

348 1538 498 1593 runt,
546 1529 866 1602 legatosque
914 1535 1295 1605 neglexerunt,
1333 1536 1404 1591 M.
1453 1538 1656 1595 Fabius
1701 1541 1826 1597 sinu
1860 1558 1927 1598 ex

329 1625 468 1689 etrga
520 1620 665 1677 facto
714 1623 880 1688 :Hic,
923 1625 1127 1697 inquit,
1182 1629 1322 1684 vobis
1382 1630 1575 1686 bellum
1632 1641 1682 1687 et
1740 1650 1924 1706 pacem

2045 529 2196 598 σφίσι
2219 533 2413 604 χρῆναι
2438 535 2537 606 τήν
2575 553 2634 589 τε
2665 538 2903 608 ἀρχαίαν
2930 539 3247 611 ἐλευθερίαν
3271 544 3623 617 ἀνακτήσασ-

2041 621 2153 690 θαι,
2186 626 2282 678 καὶ
2313 628 2414 698 τὴν
2446 629 2508 681 ἐκ
2541 630 2640 697 τῆς
2681 631 3180 702 είρήνηςδουλείαν
3212 637 3622 709 ἀποτρίψασθαι

2039 716 2134 768 καὶ
2163 718 2434 788 χρήμασι,
2482 721 2576 774 καὶ
2606 721 2892 794 δυνάμεσι,
2931 726 3027 779 καὶ
3066 731 3380 798 συμμάχοις
3412 749 3614 802 συγκισ

2038 811 2418 879 κροτημὲνοις,
2443 813 2739 883 ἐπαγαγὼν
2771 817 2875 880 ὅτι,
2913 816 3042 872 Κᾶν
3062 818 3141 884 τῷ
3181 821 3423 890 Ἀννίϐᾳ
3446 827 3619 893 μόνῳ

2037 897 2153 952 ὅσα
2180 901 2464 965 βούλεται
2493 904 2709 974 πρᾶξαι
2740 907 3121 977 ἐπιτρέψητε,
3155 912 3255 964 καί
3286 914 3357 966 τὰ
3388 917 3620 986 προσή-

2035 1008 2220 1046 κοντα
2248 994 2441 1062 ἔσται,
2492 998 2588 1052 καί
2614 999 2798 1052 οὐδὲν
2825 1001 2996 1054 αὐτοὶ
3023 1004 3345 1068 πονήσετε.
3378 1007 3614 1062 Τοιαῦτα

2032 1079 2088 1133 δὲ
2113 1083 2280 1136 αὐτοῦ
2311 1087 2584 1152 είπόντος,
2630 1090 2840 1143 Ἀννων
2885 1091 2913 1144 ό
2975 1093 3151 1161 μέγας
3199 1095 3614 1167 ἐναντιούμενος

2031 1179 2144 1241 τοῖς
2169 1177 2263 1230 τοῦ
2298 1178 2619 1252 Ἆσδρούϐου
2637 1179 2840 1251 λόγοις,
2867 1183 3096 1252 γνώμην
3125 1189 3435 1256 εἰσήνεγκε,
3472 1190 3609 1260 μήτε

2034 1268 2256 1340 ῥᾳδίως,
2300 1271 2438 1340 μήτε
2473 1272 2690 1346 μικρῶν
2723 1274 2820 1327 καὶ
2885 1274 3187 1346 ἀλλοτρίων
3247 1279 3610 1349 ἐγκλημάτων

2029 1357 2195 1424 ἕνεκα
2228 1363 2320 1416 τὸν
2351 1363 2590 1434 πόλεμον
2622 1366 2707 1435 ἐφ’
2750 1368 2978 1431 ἑαυτοὺς
3034 1369 3464 1437 ἐπισπάσασθαι,
3503 1391 3612 1428 πα-

2031 1453 2127 1524 ρὸν
2153 1453 2221 1506 τὰ
2251 1455 2350 1525 μὲν
2377 1455 2560 1524 λῦσαι,
2607 1457 2676 1512 τὰ
2707 1459 2762 1512 δὲ
2825 1462 2882 1524 ἐς
2952 1463 3078 1525 τοὺς
3125 1463 3434 1533 δράσαντας
3471 1467 3611 1522 αὐτὰ

2027 1547 2244 1618 τρέψαι.
2281 1550 2391 1603 Καὶ
2415 1551 2443 1603 ό
2476 1550 2578 1622 μὲν
2602 1552 2778 1608 ταῦτα
2811 1554 2981 1607 εἰπὼν
3025 1555 3330 1613 ἐπαύσατο.
3389 1559 3510 1614 Τῶν
3550 1561 3608 1615 δὲ

2029 1641 2419 1714 Καρχηδονίων
2452 1645 2500 1698 οἱ
2532 1645 2634 1716 μὲν
2657 1647 3019 1719 πρεσϐύτεροι
3049 1651 3146 1703 καὶ
3177 1650 3273 1704 τοῦ
3331 1651 3463 1722 πρὶν
3512 1672 3609 1724 με-

342 1721 535 1781 porto:
570 1725 748 1770 utrum
773 1717 966 1786 placet,
990 1723 1203 1775 sumite.
1239 1723 1374 1778 Cum
1409 1727 1827 1796 respondissent
1865 1743 1915 1784 se

2031 1707 2296 1806 μνημένοι
2325 1707 2588 1804 πολέμου,
2627 1707 2778 1807 αὐτῷ
2810 1707 3153 1795 συνετίθεντο
3172 1758 3186 1773 ο
3237 1747 3286 1797 oi
3315 1742 3361 1797 δ’
3376 1707 3454 1797 ’ἐν
3481 1707 3606 1817 ηλι-

339 1812 600 1860 neutrum
632 1807 854 1877 quidem
901 1826 1143 1879 sumere,
1173 1815 1265 1869 sed
1300 1824 1488 1871 utrum
1529 1816 1774 1873 dedisset
1804 1818 1921 1872 ala-

339 1895 508 1952 criter
554 1910 903 1970 accepturos.
932 1904 1134 1959 bellum
1171 1907 1252 1963 eis
1298 1911 1484 1964 statim
1541 1912 1759 1967 indixit.
1807 1912 1922 1968 Hoc

339 1987 508 2057 igitur
536 1991 722 2059 modo,
754 2005 808 2049 et
833 1995 921 2051 his
952 1997 1021 2051 de
1051 2000 1236 2055 causis
1273 2001 1418 2058 inter
1436 2003 1921 2078 Carthaginienses

339 2089 396 2134 et
428 2081 707 2141 Romanos
741 2087 976 2144 alterum
1020 2089 1226 2147 bellum
1257 2104 1346 2151 est
1394 2096 1720 2164 conﬂatum,
1767 2098 1919 2154 futu-

339 2185 509 2241 raque
548 2173 816 2233 divinitus
863 2179 1189 2237 denuntiata
1229 2195 1379 2240 sunt.
1422 2187 1558 2243 Nam
1598 2191 1786 2248 Romae
1818 2196 1920 2251 bos

339 2261 580 2321 humana
626 2284 760 2326 voce
794 2271 1013 2328 locutus
1045 2284 1160 2344 est;
1205 2287 1261 2331 et
1293 2278 1437 2336 alius
1467 2280 1614 2339 ludis
1651 2284 1919 2343 Romanis

334 2371 404 2414 ex
433 2357 648 2416 aedibus
690 2378 747 2419 se
784 2363 838 2419 in
888 2365 1135 2422 Tiberim
1169 2373 1554 2444 praecipitavit,
1602 2391 1666 2432 ac
1715 2380 1915 2449 periit;

335 2448 566 2507 fulmina
605 2458 778 2510 multa
810 2469 938 2514 sunt
981 2463 1196 2530 delata;
1231 2467 1454 2536 sanguis
1500 2477 1616 2522 tum
1659 2484 1687 2525 e
1723 2448 1918 2526 statuis

341 2545 608 2609 manavit,
643 2558 757 2602 tum
798 2565 829 2606 e
866 2553 1059 2609 militis
1091 2557 1378 2627 cujusdam
1415 2559 1648 2632 clypeo;
1685 2563 1918 2620 alterius

338 2649 528 2690 ensem
554 2637 719 2709 lupus
750 2657 816 2696 ex
843 2643 977 2715 ipsis
1009 2649 1207 2704 castris
1237 2651 1442 2721 rapuit.
1469 2654 1730 2710 Annibali
1782 2671 1913 2712 vero

335 2728 526 2784 multa:
582 2731 786 2802 ignota
850 2735 1040 2794 bestia:
1086 2740 1306 2796 Iberum
1362 2747 1691 2814 transeunti,
1742 2751 1914 2805 veluti

335 2821 480 2876 viam
513 2836 930 2896 monstrarunt;
978 2840 1033 2887 et
1071 2835 1346 2891 somnium
1400 2837 1714 2911 hujusmodi
1749 2857 1917 2912 appa-

334 2913 465 2967 ruit.
505 2913 817 2985 Aliquando
849 2921 955 2977 sibi
987 2926 1141 2981 visus
1169 2935 1256 2982 est
1285 2943 1317 2983 a
1344 2929 1451 2984 diis
1482 2930 1534 2984 in
1559 2932 1794 2987 concilio
1822 2949 1914 2989 se-

2025 1828 2143 1900 κίᾳ,
2175 1830 2267 1882 καὶ
2315 1829 2535 1898 μάλισθ’
2585 1829 2700 1884 ὅσοι
2738 1831 2806 1886 τά
2855 1832 2951 1886 τοῦ
3019 1833 3263 1888 ’Δννίϐου
3307 1835 3604 1907 ἔπραττον,

2027 1921 2264 1992 ἰσχυρῶς
2296 1921 2605 1990 ἀντέλεγον.
2625 1923 2712 1987 Ὠς
2743 1922 2787 1976 δ’
2816 1924 2971 1979 οὐδὲν
3003 1927 3175 1996 σαφὲς
3204 1929 3602 1999 ἀπεκρίναντο,

2023 2014 2118 2068 καὶ
2148 2016 2205 2067 ἐν
2232 2015 2496 2085 ὀλιγωρίᾳ
2524 2015 2653 2078 τοὺς
2690 2015 2956 2086 πρέσϐεις
3005 2013 3174 2089 εἶχον,
3233 2023 3262 2074 ό
3309 2021 3538 2091 Μάρκος
3577 2025 3608 2077 ό

2020 2107 2244 2173 Φάϐιος,
2270 2107 2368 2171 τὰς
2395 2109 2586 2178 χεῖρας
2624 2106 2731 2160 ὑπὸ
2767 2108 2829 2161 τὸ
2857 2107 3073 2178 ἱμάτιον
3131 2111 3446 2177 ὑποϐαλὼν,
3508 2115 3606 2168 καὶ

2023 2199 2293 2264 ὐπτιάσας
2324 2199 2516 2263 αὐτὰς,
2548 2199 2650 2270 ἔφη
2671 2214 2686 2230 ⁸
2732 2198 2879 2270 Ἐγὼ
2904 2200 3023 2270 μὲν
3073 2201 3332 2268 ἐνταῦθ’,
3359 2199 3404 2258 ὦ
3451 2208 3604 2272 Καρ-

2020 2295 2311 2366 χηδόνιοι,
2337 2294 2436 2348 καί
2463 2295 2573 2348 τὸν
2599 2295 2870 2365 πόλεμον
2893 2296 2993 2349 καί
3018 2297 3132 2364 τὴν
3148 2295 3396 2366 ειρήνην
3421 2300 3598 2367 φέρω-

2018 2386 2188 2455 ὐμεῖς
2219 2385 2271 2437 δ’
2303 2386 2594 2453 ὁπότερον
2617 2385 2817 2442 αὐτῶν
2857 2385 3172 2450 ,βούλεσθε
3223 2387 3464 2442 ἕλεσθε.
3512 2389 3603 2442 ‘A-

2020 2476 2391 2547 ποκριθέντων
2414 2475 2471 2529 δὲ
2503 2476 2804 2548 μηδέτερον
2841 2467 2952 2548 μὲν
3008 2477 3309 2548 αἱρεῖσθαι,
3340 2477 3601 2550 δέχεσθαι

2017 2567 2062 2621 δ’
2099 2569 2333 2638 ἑτοίμως
2356 2568 2620 2642 ὁπότερον
2652 2569 3078 2640 καταλείψουσιν
3097 2586 3113 2602 ·
3141 2571 3476 2640 ἐπήγγειλεν
3498 2573 3602 2626 αὐ-

2016 2661 2127 2722 τοῖς
2161 2659 2360 2714 αὐτίκα
2398 2659 2498 2724 τὸν,
2534 2659 2792 2732 πόλεμον.
2832 2661 2992 2718 Οὕτω
3036 2662 3137 2734 μὲν
3186 2665 3284 2717 καὶ
3314 2665 3404 2718 διὰ
3430 2665 3603 2720 ταῦτα

2017 2751 2070 2806 οἵ
2110 2767 2169 2806 τε
2212 2753 2477 2822 Ῥωμαῖοι
2500 2752 2595 2806 καὶ
2629 2754 2680 2807 οἱ
2717 2754 3086 2827 Καρχηδόνιοι
3115 2755 3176 2810 τὸ
3202 2756 3455 2826 δεύτερον
3479 2760 3602 2812 ἐπο-

2016 2843 2284 2914 λέμησαν,
2323 2846 2504 2899 καὶτὸ
2550 2844 2830 2911 δαιμόνιον
2876 2847 2947 2900 τὰ
2971 2847 3318 2919 γενησόμενα
3361 2849 3602 2920 προεσή-

2020 2953 2211 3006 μηνεν.
2250 2937 2338 2989 Ἐν
2365 2937 2472 3008 γὰρ
2501 2941 2568 3009 τῇ
2595 2938 2789 3012 Ῥώμῃ
2810 2939 3168 3011 ἀνθρωπίνως
3189 2941 3419 3014 ἐλάλησε
3447 2941 3598 3012 βοῦς,

332 3002 594 3064 dentibus
623 3014 832 3068 accersi
871 3023 928 3069 et
957 3021 1365 3090 quamprimum
1415 3021 1471 3076 in
1515 3021 1726 3078 Italiam
1757 3041 1915 3081 exer-

2019 3002 2114 3086 καὶ
2135 3030 2325 3102 ἕτερος
2348 3002 2405 3083 ἐν
2433 3002 2499 3102 τῇ
2674 3002 2970 3103 ⁹Ιίιίίμαίων
2996 3002 3310 3106 πανηγύρει
3337 3002 3396 3101 ἐξ
3420 3002 3599 3098 οίκίας

333 3099 504 3152 citum
536 3101 740 3159 ducere
765 3105 948 3176 juberi
987 3127 999 3163 :
1028 3111 1096 3165 ab
1128 3112 1317 3184 eisque
1350 3114 1549 3170 ducem
1582 3116 1799 3173 itineris
1823 3134 1916 3174 ae-

2013 3123 2095 3186 είς
2120 3121 2214 3176 τὸν
2261 3121 2485 3194 Τίϐεριν
2525 3122 2718 3178 ἑαυτὸν
2748 3123 2964 3195 ἔρριψε,
2996 3127 3090 3179 καὶ
3116 3126 3358 3198 ἐφθάρη,
3391 3144 3597 3198 κεραυ-

333 3187 569 3257 cepisse,
597 3207 760 3262 quem
784 3212 896 3251 non
925 3211 1243 3272 respectans
1270 3217 1615 3276 sequeretur.
1652 3209 1760 3266 Sed
1788 3227 1913 3267 cum

2019 3213 2097 3268 νοί
2121 3230 2180 3266 τε
2211 3187 2411 3268 πολλοὶ.
2431 3213 2713 3285 ἐφέροντο,
2743 3187 2841 3268 καὶ
2877 3187 3018 3286 αἷμα
3061 3216 3121 3270 τὸ
3155 3187 3277 3287 μὲν·
3431 3187 3600 3286 α’γαλ-

332 3295 391 3333 se
420 3280 590 3354 409
621 3292 1012 3359 convertisset,
1067 3310 1319 3366 magnam
1356 3298 1617 3370 ingruere
1672 3310 1913 3375 tempes-

2019 3306 2205 3379 μάτων
2231 3305 2410 3376 ὤφθη,
2455 3280 2514 3360 τὸ
2537 3280 2611 3358 ῂδὲ
2645 3305 2707 3371 ἐξ
2748 3280 2977 3372 ἀσπίδος
3015 3280 3370 3379 στρατιώτου*
3402 3280 3597 3381 ἐρρύη,

331 3378 501 3429 ιςιιιηι
541 3377 766 3446 vidisse,
807 3382 1218 3459 draconemque
1246 3391 1404 3461 sequi
1437 3391 1676 3463 ingentis
1704 3397 1914 3467 magni-

2019 3377 2200 3472 ἐτέρου
2231 3417 2289 3453 τε
2321 3399 2473 3469 ξίφος
2496 3401 2554 3467 ἐξ
2585 3400 2750 3455 αὑτοῦ
2783 3399 2879 3454 τοῦ
2911 3377 3276 3472 στρατοπέδου
3301 3377 3594 3472 λύκος-ἧρ-

329 3465 564 3523 tudinis.
599 3470 731 3537 Quae
781 3490 908 3530 cum
941 3478 1259 3548 miraretur,
1319 3484 1606 3542 ductorem
1662 3465 1908 3558 rogasse,

2019 3465 2176 3550 πασε.
2205 3492 2296 3564 Τῷ
2327 3465 2631 3563 δ”Ἄννίϐξι
2660 3492 2823 3564 θηρία
2859 3465 3032 3547 πολλὰ
3065 3494 3162 3548 καὶ
3214 3494 3472 3562 ἄγνωστα
3502 3465 3596 3547 ἐξ»,

326 3557 590 3655 quidnam
629 3579 693 3619 ea
729 3567 835 3622 sibi
867 3570 1110 3626 vellent?
1141 3576 1236 3644 qui
1269 3577 1624 3648 responderit
1669 3597 1683 3636 :
1718 3557 1801 3637 Ea
1829 3582 1911 3640 illi

2019 3586 2210 3655 Ἴϐηρα
2238 3557 2573 3636 διαϐαίνοντι
2607 3557 3116 3653 προκαθηγήσατο,
3167 3557 3415 3653 καὶνϐψις
3458 3583 3597 3636 ὀνεί-

327 3648 401 3700 ad
431 3653 728 3710 vastitatem
761 3656 942 3716 Italia:
965 3663 1273 3734 adjumento
1297 3667 1481 3738 futura
1506 3687 1638 3728 esse.

2019 3648 2331 3752 ρουέφάνη.
2368 3673 2557 3740 Ἔδοξε
2589 3648 2700 3745 γάρ
2734 3648 3017 3739 ποτε-τοὺς
3051 3648 3209 3738 Bson;
3242 3677 3299 3728 ἐν
3329 3648 3595 3746 ἐκκλησίᾳ

333 3743 682 3813 καθημένους
717 3755 1184 3824 μεταπέμψασθαί
1209 3775 1267 3813 τε
1296 3762 1464 3817 αὐτὸν
1532 3765 1628 3820 καὶ
1678 3743 2024 3839 στρατεῦσαι.
2075 3743 2444 3839 ὄτι-τάχιστα
2491 3767 2574 3831 είς
2632 3743 2732 3836 την
2786 3765 3022 3822 Ἰταλίαν
3098 3767 3424 3839 προστάξαι,
3502 3763 3599 3822 καὶ

331 3836 519 3895 λαϐεῖν
543 3847 676 3916 παρ’
705 3850 888 3906 αὐτῶν
915 3853 1015 3924 τῆς
1046 3855 1169 3910 ὀδοῦ
1218 3858 1484 3929 ἡγεμόνα,
1543 3863 1640 3917 καὶ
1697 3836 2121 3944 ἀμεταστρεπτὶ
2182 3836 2474 3924 ὑπἀὐτοῦ
2533 3863 2896 3933 κελευσθῆναι
2957 3836 3215 3919 ἕπεσθαι.
3258 3865 3598 3933 Μεταστρα-

325 3931 493 4002 φῆναι
521 3935 579 3990 δὲ
627 3941 724 3996 καὶ
753 3941 882 3998 ἰδεῖν
942 3948 1190 4016 χειμῶνι
1225 3950 1405 4021 μέγαν
1465 3931 1776 4028 χωροῦντα,
1814 3967 1907 4018 καὶ
1941 3931 2216 4038 δράκοντα
2275 3959 2427 4030 αὑτῷ
2490 3931 2970 4012 ἐπακολουίίοῦντα
3003 3958 3308 4029 ἀμήχανον,
3335 3961 3430 4011 καὶ
3459 3931 3596 4012 θαυ-

327 4027 511 4125 μάσαι.
538 4031 764 4105 ἔρεσθαι
793 4055 851 4092 τε
882 4040 974 4094 τδν
995 4042 1236 4114 ἀγωγὸν,
1286 4045 1339 4100 τί
1399 4049 1574 4105 ταῦτα
1637 4027 1785 4110 εἶεν·
1849 4060 1945 4114 καὶ
1977 4027 2074 4116 τὸν
2126 4062 2338 4115 εἰπεῖν’
2389 4027 2467 4114 ⁴Ω
2539 4055 2796 4119 Ἀννίϐα,
2839 4053 3029 4109 ταῦτα
3082 4027 3597 4125 συμπορθήσοντὰ

322 4131 424 4172 σοι
453 4119 569 4191 τὴν
612 4123 878 4185 Ἰταλίαν
903 4130 1161 4200 ἔρχεται.

391 4214 584 4274 XXIII.
651 4220 776 4280 Haec
829 4226 1032 4284 bonam
1083 4246 1241 4302 spem
1291 4234 1576 4305 Annibali,
1632 4241 1902 4301 Romanis

322 4329 583 4386 magnum
641 4319 897 4378 timorem
955 4327 1285 4384 attulerunt.
1320 4330 1425 4398 Qui
1450 4336 1624 4406 copiis
1677 4347 1734 4394 et
1761 4355 1903 4395 coss.

2082 4243 2213 4297 Kl".
2244 4239 2431 4295 Ταῦτα
2468 4239 2549 4311 τῷ
2598 4239 2699 4311 μὲν
2768 4237 2991 4310 ⁹Διννίϐᾳ
3058 4237 3308 4310 χρηστὴν
3373 4238 3593 4297 ἐλπίδα,

2013 4337 2130 4399 τοῖς
2166 4334 2223 4388 δὲ
2262 4331 2560 4402 Ῥωμαίοις
2585 4331 2766 4401 δεινὴν
2808 4331 3050 4384 ἐνεποίει
3095 4331 3419 4402 ἐκφόϐησιν.
3458 4333 3592 4403 Διχῆ

323 4406 579 4466 bifariam
623 4410 959 4483 disrributis,
992 4417 1382 4491 Sempronium
1434 4426 1684 4498 Longum
1723 4430 1779 4486 in
1811 4431 1898 4487 Si-

2019 4429 2064 4482 5ὲ
2089 4430 2187 4490 τὰς
2215 4427 2480 4496 δυνάμεις
2535 4425 2587 4477 oi
2627 4423 2902 4493 Ῥωμαῖοι
2953 4424 3245 4490 διελόντες,
3310 4427 3408 4479 καὶ
3465 4423 3613 4498 conc}

322 4500 509 4555 eiliam
540 4503 830 4574 miserunt,
864 4508 918 4564 in
943 4510 1256 4582 Hispaniam
1283 4515 1346 4570 P.
1368 4515 1703 4588 Scipionem.
1730 4522 1903 4579 Anni‘

325 4593 414 4647 bal
473 4611 608 4651 vero
667 4598 1052 4669 impressionis
1104 4605 1156 4660 in
1188 4606 1399 4663 Italiam
1443 4612 1626 4681 primo
1680 4630 1904 4686 quoque

324 4695 576 4757 tempore
619 4689 884 4748 faciendae
939 4697 1212 4766 cupidus.
1246 4701 1352 4756 iter
1424 4705 1798 4762 acceleravit:
1838 4723 1903 4764 ac

324 4777 578 4844 Galliam,
602 4797 725 4852 quae
763 4784 908 4842 intra
971 4787 1293 4858 Pyrenaeum
1325 4801 1381 4846 et
1417 4795 1744 4852 Rhodanum
1793 4807 1899 4867 est,

325 4870 468 4925 citra
493 4871 906 4932 dimicationem
945 4881 1161 4936 transiit
1188 4897 1203 4936 :
1229 4899 1410 4956 neque
1447 4888 1746 4957 quisquam
1773 4903 1899 4944 eum

319 4976 391 5016 eo
424 4978 753 5035 congressus
779 4976 886 5035 est,
911 4972 1230 5043 priusquam
1259 4975 1326 5030 ad
1358 4977 1686 5035 Rhodanum
1717 4981 1902 5038 venis-

321 5065 430 5111 set.
462 5055 542 5112 Ibi
568 5075 629 5115 se
665 5060 740 5114 illi
766 5064 1010 5119 ostendit
1037 5064 1224 5137 Scipio
1256 5087 1270 5123 :
1302 5079 1360 5125 et
1393 5087 1715 5142 quanquam
1777 5076 1900 5145 ejus

317 5149 492 5220 copiae
514 5153 759 5208 nondum
778 5156 1152 5226 advenissent,
1175 5169 1351 5217 tamen
1375 5179 1499 5218 cum
1519 5167 1896 5237 popularibus,

317 5259 627 5315 eorumque
651 5245 922 5316 ﬁnitimis,
971 5266 1142 5307 naves
1191 5268 1313 5322 quae
1344 5255 1398 5309 in
1435 5255 1660 5312 ﬂumine
1714 5267 1894 5325 erant,

320 5337 675 5404 communiit,
757 5341 1088 5414 niveumque
1147 5346 1428 5402 custodiit.
1479 5348 1738 5416 Annibal,
1790 5353 1894 5407 etsi

325 5430 595 5502 temporis
622 5431 832 5503 aliquid
887 5434 1228 5491 instruendis
1271 5437 1503 5504 ratibus,
1569 5443 1793 5513 scaphis
1839 5452 1896 5499 et

320 5517 581 5576 lintribus
623 5525 968 5594 consumpsit
1013 5564 1029 5590 ,
1066 5533 1247 5580 tamen
1277 5529 1462 5584 omnia
1495 5531 1562 5586 ad
1607 5533 1893 5604 trajectum

324 5613 658 5682 necessaria,
717 5616 1073 5674 multitudine
1121 5633 1416 5690 operarum
1477 5613 1632 5692 prius
1661 5625 1892 5695 paravit,

317 5717 482 5770 quam
518 5705 760 5778 Scipioni
792 5723 902 5767 sua:
935 5709 1181 5782 legiones
1213 5712 1585 5772 advenissent.
1623 5716 1895 5774 Fratrem-

2009 4518 2254 4583 ὑπάτους
2287 4492 2644 4588 Σεμπρώνιον
2677 4492 2780 4586 μέν
2803 4517 3017 4585 Λόγγον
3049 4517 3108 4580 ἐς
3141 4517 3391 4572 Σικελίαν
3422 4492 3606 4595 ἐπεμιξ

2005 4611 2137 4682 ψαν,
2180 4612 2238 4670 ἐς
2261 4611 2320 4665 δὲ
2347 4609 2446 4680 τὴν
2492 4609 2734 4680 Ἰϐηρίαν
2768 4607 3052 4678 Σκιπίωνα
3087 4608 3381 4667 Πούπλιον.
3433 4610 3490 4664 '0
3535 4611 3594 4664 δὲ

2019 4703 2290 4769 Ἀννίϐας,
2339 4705 2420 4766 εἰς
2457 4703 2558 4773 τὴν
2606 4701 2837 4756 Ἰταλίαν
2884 4701 2960 4764 ὡς
3015 4701 3246 4772 τάχιστα
3301 4702 3591 4772 ἐπιθυμῶν

2004 4796 2298 4860 εἰσϐαλεῖν,
2333 4794 2536 4864 σπουδῇ
2568 4793 2790 4864 ἐχώρει,
2823 4794 2920 4848 καὶ
2962 4795 3146 4848 πᾶσαν
3175 4793 3278 4865 τὴν
3316 4794 3592 4849 Γαλατίαν

2004 4887 2105 4958 τὴν
2130 4885 2334 4957 μεταξὺ
2363 4885 2459 4939 τοῦ
2499 4885 2808 4956 Πυρηναίου
2859 4885 2954 4938 καὶ
2982 4884 3078 4938 τοῦ
3129 4885 3390 4939 Ῥοδανοῦ
3421 4886 3592 4940 οὖσαν

2003 4980 2213 5051 ἀμαχεὶ
2250 4979 2458 5050 διῆλθε,
2496 4979 2595 5033 καὶ
2635 4978 2801 5050 μέχρι
2835 4977 2936 5048 μὲν
2969 4976 3066 5030 τοῦ
3101 4979 3348 5048 ποταμοῦ
3399 4979 3591 5034 Ῥοδα-

2003 5070 2096 5125 νοῦ
2124 5070 2299 5133 οὐδεὶς
2335 5070 2418 5134 είς
2457 5069 2648 5139 χεῖρας
2674 5063 2810 5140 ἧκεν
2862 5065 3035 5138 αὐτῷ.
3111 5067 3261 5121 Ἐκεῖ
3297 5067 3343 5120 δ’
3381 5070 3409 5122 ό
3463 5070 3590 5123 Σκι-

2007 5161 2150 5217 πίων
2179 5161 2450 5230 ἐπεφάνη,
2481 5159 2687 5230 καίπερ
2723 5159 2800 5229 μὴ
2827 5157 3117 5228 παρούσης
3167 5159 3320 5230 αὐτῷ
3362 5161 3462 5228 τῆς
3492 5161 3588 5212 δυ-

2003 5253 2242 5326 νάμεως,
2268 5253 2417 5323 ὅμως
2452 5252 2593 5321 μετὰ
2613 5250 2724 5303 τῶν
2754 5249 3070 5320 ἐπιχωρίων
3117 5252 3212 5304 καὶ
3242 5253 3351 5304 τῶν
3401 5253 3588 5315 αὐτοῖς

2006 5347 2320 5417 προσοίκων
2349 5345 2418 5398 τά
2439 5362 2497 5398 τε
2525 5343 2682 5398 πλοῖα
2707 5343 2775 5398 τὰ
2805 5345 2863 5396 ἐν
2881 5342 2959 5412 τῷ
2981 5343 3214 5415 ποταμῷ
3234 5344 3584 5414 προδιόςροει-

2005 5456 2087 5509 ρε,
2118 5439 2212 5492 καὶ
2239 5437 2301 5490 τὸ
2334 5435 2516 5507 ῥεῦμα
2539 5434 2708 5489 αὑτοῦ
2761 5435 2851 5488 διὰ
2884 5433 3135 5506 φυλακῆς
3155 5437 3475 5503 ἐποιήσατο.
3521 5435 3582 5488 Ὁ

2001 5529 2094 5584 οὖν
2137 5529 2389 5594 Ἀννίϐας
2414 5529 2603 5603 ἔτριψε
2640 5528 2741 5594 μέν
2769 5545 2894 5582 τινα
2947 5531 3165 5597 χρόνον,
3204 5529 3300 5581 καὶ
3338 5528 3580 5598 σχεδίας,

2001 5621 2098 5675 καὶ
2124 5621 2332 5691 σκάρη,
2368 5620 2504 5673 ἄλλα
2533 5636 2592 5672 τε
2652 5619 2748 5673 καὶ
2812 5619 3084 5688 μονόξυλα
3125 5618 3578 5684 κατασκευάζων.

2005 5714 2183 5784 Ἒφθη
2216 5714 2262 5768 δ’
2293 5713 2387 5769 οὖν
2430 5714 2538 5768 ὑπὸ
2569 5711 2922 5783 πολυχεὶρίας
2963 5711 3221 5778 τὰποδς
3272 5711 3580 5778 περαίωσιν
