3902 6202
313 243 412 308 701

1535 253 1959 322 ANNALIUM
1994 259 2152 321 LIB.
2195 243 2364 323 Vm.

3467 256 3576 328 7c?

311 359 592 428 ἀναγκαία
626 340 828 423 πάντα,
865 359 1000 431 πρὶν
1052 361 1130 432 τῷ
1169 362 1434 421 Σκιπίωνι
1466 367 1530 422 τὸ
1557 371 1760 425 οίκείον
1797 372 1898 442 ἀφ-

2003 386 2110 442 que
2137 373 2418 442 Magonem
2447 360 2574 426 cum
2594 356 2876 442 equitibus
2901 357 2957 428 et
2975 373 3235 429 velitibus
3266 377 3572 432 nonnullis.

318 451 534 506 ικέσθαι
564 450 907 523 στράτευμα,
935 456 1501 528 προετοιμασάμενος,
1521 461 1614 514 καὶ
1637 461 1730 516 τδν
1751 463 1900 516 ἀδελ-

316 545 416 614 φὸν
449 543 700 612 Μάγωνα
729 544 828 597 σὺν
853 545 968 608 τοῖς
1006 546 1239 601 ἱππεῦσι
1299 551 1394 604 καὶ
1440 549 1622 621 ψιλοῖς
1660 571 1824 620 τισιν,

318 633 680 686 σκεδάννυται
706 635 735 688 δ
767 634 1012 705 ποταμὸς
1038 639 1134 690 ἐπὶ
1161 637 1294 692 πολὺ
1317 641 1410 693 καὶ
1443 643 1632 712 νήσοις
1656 643 1902 714 διαλαμ-

316 723 566 789 ϐάνεται,
595 724 997 795 διαϐησόμενον
1017 727 1284 799 ἐπεμψεν.
1317 731 1490 796 Δύτὸς
1538 734 1595 788 δὲ
1633 737 1776 788 κατὰ
1807 736 1900 790 τὸν

313 817 534 887 ἐμφανῆ
565 817 737 881 πάρον
765 819 963 890 ἐχώρει
989 819 1176 890 δῆθεν,
1209 821 1278 875 ἶν’
1310 825 1360 877 ot
1399 825 1638 880 Γαλάται
1687 829 1901 898 ἀπατη-

313 907 484 974 θεῖεν,
521 909 661 979 πρὸς
707 910 871 965 αὐτὸν
904 911 1372 984 ἀντιταττόμενοι,
1403 917 1498 970 καὶ
1532 918 1900 990 ἀμελέστερον

311 1003 373 1055 ἐν
391 1001 579 1065 ἄλλοις
606 1000 703 1056 τοῦ
727 1003 978 1073 ποταμοῦ
997 1005 1099 1075 τὴν
1127 1007 1381 1080 φυλακὴν
1413 1008 1632 1065 θῶνται.
1685 1011 1752 1064 Ὃ
1804 1011 1900 1065 καὶ

312 1096 530 1162 γέγονε.
561 1094 729 1148 Καὶδ
782 1097 993 1166 Μάγων
1041 1097 1191 1170 διέϐη
1245 1099 1338 1154 τὸν
1393 1102 1642 1172 ποταμόν
1688 1117 1704 1132 °
1740 1104 1770 1156 ὁ
1839 1103 1896 1156 δέ

321 1184 583 1249 ’Δννίϐας
613 1186 710 1239 καὶ
732 1189 781 1240 οί
812 1190 943 1258 περὶ
970 1188 1135 1242 αὐτὸν
1173 1190 1318 1245 κατᾶ
1348 1192 1442 1246 τὸν
1470 1194 1639 1262 πόρον
1671 1197 1898 1265 ἐπεραι-

311 1272 510 1327 οῦντο·
540 1275 637 1328 καὶ
665 1275 950 1346 γενόμενοι
975 1279 1119 1330 κατὰ
1143 1279 1204 1331 τὸ
1238 1281 1423 1350 μέσον,
1472 1281 1768 1351 ἠλάλαξαν,
1803 1283 1899 1336 καὶ

311 1367 364 1419 at
390 1367 722 1435 σαλπιγκταὶ
735 1366 791 1420 δέ
806 1369 1138 1439 συνήχησαν·
1167 1372 1262 1424 καὶ
1283 1374 1311 1424 ὁ
1327 1372 1538 1440 Μάγων
1558 1374 1701 1426 κατά
1726 1373 1898 1429 νώτου

309 1459 428 1522 τοῖς
463 1457 834 1530 άνθεστηκόσι
862 1463 1203 1533 προσέπεσε,
1240 1463 1334 1517 καὶ
1361 1462 1536 1529 οὕτως
1567 1465 1625 1518 οἵ
1645 1481 1702 1519 τε
1747 1465 1898 1521 ἄλλοι

310 1550 413 1604 καὶ
441 1550 493 1602 oi
512 1550 809 1621 ἐλέφαντες
867 1554 1170 1618 ἀκινδύνως
1236 1555 1684 1627 ἐπεραιώθησαν.
1734 1560 1897 1628 Ἄρτι

306 1641 374 1695 δέ
404 1643 826 1715 περαιωθέντων
867 1646 1070 1712 αὐτῶν,
1124 1649 1220 1700 καὶ
1260 1648 1340 1719 τῷ
1396 1649 1662 1704 Σκιπίωνι
1717 1650 1894 1704 οἰκεία

307 1735 547 1804 ἀφίκετο
573 1736 826 1808 δύναμις.
876 1740 1202 1810 Πέμψαντες
1270 1737 1364 1796 οὖν
1427 1743 1509 1807 είς
1572 1743 1894 1815 προσκοπὴν
1927 1720 1968 1776 Β

310 1828 522 1890 ἱππέας
551 1828 884 1901 ἀμφότεροι,
925 1831 1151 1903 τοιούτῳ
1204 1831 1350 1885 τέλει
1409 1832 1509 1903 τῆς
1558 1834 1902 1904 ἱππομαχίας

305 1917 636 1986 ἐχρήσαντο,
661 1918 848 1972 ὁποῖον
875 1921 905 1972 ὁ
933 1922 1156 1992 σύμπας
1177 1922 1382 1993 ἔσχηκε
1419 1924 1675 1995 πόλεμος.
1696 1926 1761 1979 Οἱ
1793 1926 1901 1998 γὰρ

313 2008 591 2079 Ῥωμαῖοι
627 2011 726 2064 καὶ
759 2012 983 2067 ἔλαττον
1011 2015 1113 2085 τὴν
1150 2015 1378 2086 πρώτην
1403 2016 1784 2088 ἐνεγκάμενοι,
1808 2025 1902 2073 καὶ

309 2100 547 2171 συχνοὺς
577 2102 948 2170 ἀποϐαλόντες
1003 2106 1266 2176 ἐνίκησαν
1286 2121 1302 2137 °
1335 2107 1590 2161 ἐντεῦθεν
1625 2109 1896 2176 Ἀννίϐας,

303 2192 536 2247 ἀπιέναι
570 2195 704 2265 πρὸς
747 2195 982 2250 Ἰταλίαν
1013 2199 1292 2266 σπεύδων,
1324 2200 1652 2256 ὑποπτεύων
1698 2203 1755 2258 δὲ
1801 2203 1902 2268 τὰς

307 2287 735 2360 ἐπιτομωτίρας
755 2290 866 2344 τῶν
887 2292 1048 2357 ὁδῶν,
1101 2294 1321 2358 ἐκείνας
1380 2295 1479 2364 μὲν
1540 2298 1900 2371 παρεξῆλθεν,

305 2377 514 2449 ἑτέραν
540 2379 598 2433 δὲ
624 2383 914 2454 πορευθεὶς
960 2385 1202 2456 ἰσχυρῶς
1247 2387 1521 2460 ἐπύνησεο
1575 2392 1644 2444 τά
1685 2408 1745 2446 τε
1793 2392 1903 2464 γὰρ

301 2467 414 2540 ὅρη
448 2470 632 2524 ἐκεῖνα
659 2473 1062 2546 ἀποτομώτατα
1096 2481 1236 2544 ἐστι,
1299 2481 1396 2535 καὶ
1448 2480 1481 2552 ἡ
1535 2481 1670 2552 χιὼν
1733 2482 1904 2556 πολλὴ

302 2561 605 2633 γενομένη,
628 2565 844 2629 καὶτὰς
871 2568 1160 2639 φάραγγας
1187 2570 1281 2624 ὑπ’
1297 2572 1390 2626 ἁνέ
1399 2591 1516 2644 μων
1535 2574 1901 2646 πληρώσασα,

303 2653 414 2705 καὶ
443 2654 473 2706 ὁ
507 2655 848 2724 κρύσταλλος
878 2661 1212 2733 ἰσχυρότατα
1247 2667 1469 2733 παγεὶς,
1499 2667 1692 2732 δεινῶς
1755 2677 1896 2739 σφας

303 2742 734 2820 ἐταλαιπώρησε
757 2766 771 2781 °
808 2751 903 2806 καὶ
945 2751 1134 2808 πολλοὶ
1179 2754 1288 2810 τῶν
1327 2758 1494 2812 αὐτοῦ
1549 2763 1902 2830 στρατιωτῶν

304 2837 422 2890 {md
447 2854 506 2892 τε
534 2839 633 2894 τού
660 2843 956 2912 χειμῶνος,
1006 2847 1100 2900 καὶ
1149 2848 1254 2902 ὑπὸ
1287 2850 1554 2916 σιτοδείας
1593 2853 1901 2923 ἀπώλοντο,

307 2928 504 2983 πολλοὶ
523 2929 583 2984 δέ
646 2934 743 2988 καὶ
784 2933 968 2989 οίκαδε
1014 2937 1394 3012 ἀνεχώρησαν.
1433 2943 1587 3012 Ἐχει
1635 2943 1693 2999 δέ
1743 2944 1902 3014 λόγος

2005 481 2111 534 qua
2147 465 2327 520 amnis
2380 466 2483 519 late
2514 464 2812 535 spargitur,
2872 473 2930 519 et
2965 465 3160 520 insulis
3192 465 3572 538 distinguitur.

2003 555 2262 624 trajicere
2283 555 2467 628 jussit.
2515 557 2637 626 ipse
2670 557 2734 612 ad
2768 557 2999 612 evidens
3017 557 3217 611 vadum
3249 561 3569 616 contendit:

2000 648 2262 702 nimirum
2296 658 2354 702 ut
2384 648 2544 714 Galli,
2569 649 2698 703 dum
2724 648 2824 719 ipsi
2848 649 3202 714 obsisterent,
3228 650 3572 718 fallerentur,

2001 748 2056 796 et
2089 740 2144 794 in
2169 739 2292 794 aliis
2317 740 2453 810 ripis
2470 741 2711 795 ﬂuminis
2743 740 3111 811 negligentius
3146 740 3435 795 custodias
3473 741 3576 795 ha-

2003 830 2213 886 berent.
2248 832 2436 902 Itaque
2462 831 2712 903 contigit.
2752 832 2888 886 Cum
2919 831 3109 902 Magon
3151 830 3354 885 ﬂumen
3397 842 3576 886 trans-

2003 923 2260 984 misisset.
2278 924 2511 979 Annibal
2539 924 2734 995 suique
2758 925 2957 978 vadum
2984 923 3234 986 ingressi,
3257 924 3348 977 ubi
3372 923 3437 977 ad
3459 939 3576 978 me-

2001 1015 2154 1070 dium
2183 1029 2485 1084 pervenere
2515 1057 2529 1081 ,
2562 1015 2854 1070 clamorem
2883 1015 3226 1068 sustulerunt
3257 1023 3314 1068 et
3343 1013 3578 1068 classico

2002 1107 2325 1163 cecinerunt
2355 1124 2367 1159 :
2393 1115 2448 1161 et
2475 1106 2700 1176 Magone
2730 1106 3073 1160 adversarios
3114 1121 3144 1159 a
3173 1113 3323 1176 tergo
3358 1105 3576 1170 adorta,

2001 1205 2057 1252 et
2090 1197 2269 1252 cancri
2297 1205 2352 1252 et
2375 1196 2695 1266 elephantes
2719 1196 2868 1250 'citra
2889 1195 3192 1264 periculum
3217 1195 3572 1251 transierunt.

2000 1289 2103 1346 Vix
2136 1288 2489 1353 transierant,
2525 1303 2650 1342 cum
2681 1287 2956 1357 Scipionis
3005 1287 3174 1358 copia:
3208 1287 3573 1341 advenerunt.

1997 1380 2135 1435 Cum
2165 1380 2333 1452 igitur
2357 1381 2620 1450 utrinque
2651 1381 2995 1450 speculatum
3027 1379 3246 1448 equites
3275 1380 3574 1444 misissent,

1999 1471 2045 1524 is
2077 1471 2350 1542 equestris
2385 1471 2556 1540 praelii
2592 1471 2695 1525 fuit
2719 1471 2923 1532 exitus,
2949 1469 3045 1540 qui
3081 1470 3214 1524 belli
3242 1470 3432 1524 totius.
3465 1470 3575 1523 Ro-

1999 1563 2144 1617 mani
2174 1563 2321 1617 enim
2349 1563 2621 1632 principio
2649 1562 2959 1628 inferiores,
2997 1561 3186 1615 multis
3213 1560 3450 1623 amissis,
3492 1561 3577 1613 vi-

1998 1667 2212 1711 cerunt.
2244 1656 2376 1710 Inde
2389 1655 2622 1710 Annibal
2648 1655 2701 1709 in
2725 1655 2932 1710 Italiam
2961 1667 3282 1723 properans,
3303 1665 3426 1705 cum
3463 1651 3578 1704 vias

2006 1747 2511 1818 compendiosiores
2562 1756 2846 1816 suspectas
2903 1747 3130 1800 haberet
3165 1764 3178 1800 :
3213 1744 3320 1798 illis
3366 1743 3573 1807 vitatis,

2003 1849 2167 1909 atque
2219 1837 2343 1892 aliis
2366 1838 2676 1892 tramitibus
2731 1836 2996 1906 quaesitis,
3049 1850 3271 1906 magnas
3302 1847 3574 1888 aerumnas

2005 1930 2279 1986 toleravit.
2330 1929 2466 1985 Nam
2515 1937 2571 1985 et
2603 1939 2817 1988 montes
2847 1927 3140 1983 admodum
3177 1924 3463 1995 praerupti,
3519 1930 3576 1977 et

2002 2023 2176 2077 valles
2208 2021 2336 2076 ﬂatu
2374 2029 2662 2076 ventorum
2697 2019 2984 2089 profundis
3010 2019 3232 2072 nivibus
3252 2017 3498 2084 expletas,
3519 2025 3578 2071 et

2003 2113 2206 2184 glacies
2251 2111 2582 2167 densissima
2623 2110 2788 2182 510
2814 2109 3054 2180 graviter
3111 2108 3413 2162 exercitum
3439 2105 3580 2160 adli-

2002 2213 2204 2258 xerunt
2239 2221 2253 2258 :
2287 2203 2557 2272 multique
2611 2202 2816 2256 milites
2873 2201 2960 2256 vel
3016 2199 3218 2264 hieue,
3252 2199 3337 2253 vel
3394 2197 3578 2253 inedia

2004 2295 2290 2364 perierunt
2319 2313 2330 2348 :
2360 2294 2517 2348 multi
2551 2293 2718 2348 etiam
2753 2293 2976 2348 domum
3032 2290 3338 2346 redierunt.
3378 2289 3579 2344 Fertur

2001 2397 2058 2443 et
2084 2387 2200 2457 ipse
2251 2385 2488 2441 Annibal
2529 2384 2728 2440 reverti
2790 2384 3053 2449 voluisse,
3103 2381 3210 2436 nisi
3266 2379 3579 2436 coniectatur

2005 2481 2112 2536 iter
2150 2479 2370 2550 longius
2392 2486 2450 2533 et
2475 2477 2752 2532 dimcilius
2775 2477 2966 2532 fuisset
3003 2491 3070 2530 eo
3120 2473 3266 2544 quod
3315 2471 3576 2526 restabat.

2004 2574 2191 2642 anue
2217 2571 2284 2626 de
2319 2585 2484 2626 causa
2524 2571 2720 2639 emptis
2748 2585 2856 2622 non
2888 2567 3100 2623 destitit
3135 2584 3150 2621 :
3175 2582 3240 2621 ac
3269 2565 3453 2620 subito
3481 2577 3578 2617 ex-

2003 2675 2084 2719 tra
2107 2664 2271 2734 Alpes
2299 2671 2649 2733 conspectus,
2705 2659 3127 2714 admirationem
3177 2657 3342 2712 simul
3381 2665 3438 2711 et
3467 2663 3580 2710 ter-

2002 2770 2186 2811 rorem
2235 2755 2498 2809 Romanis
2541 2754 2752 2823 injecit.
2802 2753 3056 2820 interque
3113 2746 3578 2818 progrediendum

2002 2848 2162 2903 obvia
2183 2862 2413 2917 quaeque
2431 2846 2668 2917 subegit.
2695 2845 2878 2915 Scipio
2899 2845 3124 2899 fratrem
3151 2843 3211 2898 C.
3239 2843 3576 2913 Scipionem,

2003 2939 2242 3009 legatum
2274 2953 2458 3003 suum,
2492 2938 2546 2991 in
2576 2935 2889 3006 Hispaniam
2922 2936 3092 2994 misit.
3128 2944 3188 2989 ut
3213 2941 3309 2989 aut
3335 2950 3454 2988 eam
3485 2949 3581 2989 oc-
3651 2941 3654 2944 ’

300 3021 395 3074 ὅτι
427 3023 520 3076 καὶ
552 3023 717 3086 αὐτὸς
739 3025 1073 3099 ἀνέστρεψεν
1105 3029 1192 3096 ἂν,
1219 3033 1268 3085 εἰ
1307 3031 1385 3104 μὴ
1415 3031 1618 3088 πλείων
1642 3037 1736 3091 καὶ
1762 3037 1898 3091 ἀπο-

2002 3038 2248 3101 cuparct,
2279 3039 2372 3085 aut
2419 3030 2741 3084 Annibalem
2771 3044 2839 3084 eo
2875 3030 3183 3084 retraheret
3220 3047 3234 3083 :
3269 3029 3387 3098 ipse
3442 3044 3577 3084 con-

306 3113 531 3186 ρωτέρα
560 3117 592 3187 ὴ
625 3117 1065 3192 προδιηνυσμένη
1093 3121 1214 3182 ὁδὸς
1249 3124 1352 3194 τῆς
1378 3124 1707 3200 λειπομένης
1736 3128 1900 3199 ἐτύγο

303 3226 470 3278 χανε.
509 3211 611 3264 Διὰ
641 3211 742 3282 μὲν
779 3213 844 3284 δὴ
863 3211 1021 3268 τοῦτο
1049 3215 1148 3269 οὐκ
1189 3217 1542 3290 ἀπετράπετο
1567 3235 1583 3252 ·
1634 3223 1899 3292 ἐξαπίνης

299 3302 368 3355 οδ
408 3301 572 3366 ἐκτὸς
601 3302 714 3355 τῶν
745 3303 1003 3359 ’Ἄλπεων
1058 3307 1338 3376 ἐκφανεὶς,
1391 3310 1580 3383 θαῦμα
1633 3315 1728 3367 καὶ
1777 3315 1898 3379 δέος

300 3397 427 3458 τοῖς
462 3394 760 3466 Ῥωμαίοις
797 3397 1043 3451 ἐνέϐαλε.
1081 3401 1192 3454 Καὶ
1223 3402 1252 3455 ὁ
1276 3402 1374 3471 μὲν
1405 3404 1717 3476 προεχώρει
1743 3406 1810 3460 τὰ
1839 3409 1896 3460 ἐν

302 3485 446 3541 ποσὶ
481 3489 976 3559 προσποιούμενος.
1013 3493 1261 3547 Σκιπίων
1309 3495 1366 3549 δὲ
1403 3496 1496 3551 τὸν
1526 3498 1628 3569 μὲν
1667 3499 1898 3568 ἀδελφὸν

304 3581 478 3635 Γάϊον
528 3581 810 3636 Σκιπίωνα
866 3582 1394 3657 ὑποστρατηγοῦντα
1469 3589 1620 3661 αύτῷ
1675 3593 1756 3651 είς
1799 3591 1898 3662 τὴν

318 3672 569 3744 Ἰϐηρίαν
593 3673 866 3747 επεμψεν,
901 3677 978 3742 ώς
1015 3679 1472 3752 καταληψόμενον
1532 3682 1704 3754 αὐτὴν
1737 3684 1770 3755 ἦ
1803 3685 1898 3739 τὸν

318 3766 578 3820 ’Δννίϐαν
608 3769 974 3835 ἐπανάξοντα.
1027 3771 1202 3836 Αὐτὸς
1247 3771 1295 3826 δ’
1352 3774 1444 3827 ἐπὶ
1490 3773 1585 3829 τὸν
1647 3773 1899 3830 Ἀννίϐαν

301 3859 500 3930 ἧλασε,
536 3862 631 3915 καὶ
663 3861 877 3933 ἡμέρας
907 3863 1008 3933 μέν
1031 3881 1185 3928 τινας
1215 3863 1471 3935 ἐπέσχον,
1505 3864 1701 3919 ἔπειτα
1731 3864 1898 3936 ἄμφω

303 3950 450 4022 πρὸς
475 3951 575 4020 τὴν
599 3952 780 4025 μάχην
804 3952 1095 4026 ῶρμησαν.
1115 3957 1252 4027 Πρὶν
1273 3955 1330 4010 δέ
1353 3956 1418 4027 δὴ
1445 3954 1610 4026 ἔργου
1644 3955 1897 4028 ἔχεσθαι,

305 4045 657 4114 συγκαλέσας
683 4047 712 4100 6
753 4048 1006 4111 ’Δννίϐας
1049 4045 1178 4112 τοὺς
1207 4047 1571 4118 στρατιώτας,
1603 4050 1900 4120 παρήγαγε

301 4141 436 4204 τοὺς
464 4141 875 4211 αἰχμαλώτους,
919 4139 1014 4206 οὓς
1054 4140 1200 4195 κατὰ
1235 4140 1335 4212 τὴν
1369 4141 1486 4195 ὁδὸν
1537 4142 1775 4214 εἰλήφει,
1807 4143 1901 4197 καὶ

301 4235 476 4304 ἦρετο
506 4234 706 4296 αὐτοὺς
738 4234 974 4305 πότερον
995 4232 1245 4287 δεδέσθαι
1272 4234 1366 4286 καὶ
1393 4232 1670 4288 δουλεύειν
1711 4235 1898 4298 κακῶς

303 4324 612 4396 βούλοιντο,
652 4324 684 4396 ἢ
720 4326 1106 4398 μονομαχῆσαι
1142 4325 1424 4396 ἀλληλοις,
1456 4325 1588 4379 ὥστ’
1621 4326 1894 4397 ἀφεθῆναι
1928 4370 1978 4430 D

307 4419 519 4488 προῖκα
554 4419 684 4481 τοὺς
719 4418 1075 4490 νικήσαντας.
1116 4417 1228 4472 Καὶ
1278 4415 1355 4476 ώς
1394 4417 1454 4470 τὸ
1513 4416 1769 4488 δεύτερον
1820 4418 1898 4471 εί-

301 4513 486 4577 λοντο,
525 4510 820 4566 συνέϐαλεν
851 4511 1073 4575 αὐτοὺς,
1110 4511 1206 4564 καὶ
1259 4510 1662 4581 μαχεσαμένων
1690 4511 1897 4582 ἐδημη-

303 4604 512 4674 γόρησε
539 4643 554 4665 ,
602 4603 729 4666 τοὺς
770 4603 1006 4665 οἰκείους
1050 4603 1390 4672 στρατιώτας
1446 4601 1748 4672 ὲπιρωννὺς
1804 4605 1901 4656 καὶ

304 4694 654 4766 παραθήγων
692 4694 772 4757 si;
830 4693 1093 4761 πόλεμον.
1125 4691 1298 4746 Τοῦτο
1353 4691 1398 4745 δ’
1429 4691 1694 4762 ἑτέρωθεν
1749 4693 1845 4746 καὶ
1869 4695 1899 4747 δ

2001 3131 2082 3176 tra
2107 3121 2433 3176 Annibalem
2457 3130 2538 3176 est
2572 3121 2875 3192 prolectus.
2910 3119 2990 3175 Ac
3037 3119 3158 3175 dies
3208 3119 3433 3190 quidem
3477 3118 3579 3172 ali-

1999 3225 2134 3286 quot
2190 3215 2541 3286 quieverunt,
2603 3214 2802 3270 deindc
2857 3223 3040 3268 autem
3089 3213 3252 3268 ambo
3300 3223 3578 3282 pugnasse

1997 3317 2283 3380 pararunt.
2347 3307 2454 3364 Sed
2508 3309 2828 3378 priusquam
2904 3307 2972 3361 ad
3021 3320 3217 3360 manus
3272 3304 3576 3362 veniretur.

1996 3399 2258 3466 Annibal,
2297 3399 2578 3454 militibus
2628 3398 2965 3462 convocatis,
3024 3399 3080 3451 in
3132 3395 3333 3450 itinere
3389 3399 3583 3461 cepto:

2002 3495 2261 3566 produxit
2294 3493 2638 3559 inmedium,
2699 3506 2898 3562 rogans
2935 3500 3124 3545 utrum
3181 3486 3348 3542 vincti
3381 3483 3578 3539 duram

1998 3585 2211 3656 perpeti
2239 3584 2564 3640 servitutem
2601 3582 2853 3645 mallent,
2885 3595 2954 3634 an
2989 3580 3136 3633 inter
3173 3591 3294 3632 sese
3330 3574 3576 3644 singula-

1999 3677 2043 3730 ri
2075 3677 2380 3732 certamine
2435 3673 2721 3746 congredi,
2756 3683 2818 3727 ut
2855 3673 3096 3726 victores
3156 3667 3328 3738 gratis
3383 3679 3576 3718 manu-

2000 3769 2405 3824 mitterentur?
2446 3753 2516 3823 Ut
2544 3766 2823 3836 posterius
2856 3764 3241 3834 praetulerunt,
3291 3772 3390 3812 eos
3431 3767 3578 3810 inter

2001 3876 2123 3916 sese
2188 3858 2506 3915 commisit:
2542 3867 2880 3928 peractoque
2959 3854 3280 3917 certamine,
3338 3848 3577 3903 militum

2002 3967 2230 4007 suorum
2272 3951 2488 4006 animos
2520 3964 2620 4020 pro
2677 3947 2946 4003 concione
3008 3943 3380 4001 conﬁrmavit.
3413 3948 3578 4008 atque

2002 4044 2070 4099 ad
2099 4044 2304 4098 bellum
2347 4043 2517 4098 acuit.
2573 4040 2723 4096 Idem
2751 4047 2807 4096 et
2858 4037 3044 4108 Scipio
3077 4052 3146 4092 ex
3195 4036 3366 4089 altera
3421 4037 3578 4100 parte

2003 4136 2154 4192 fecit.
2189 4135 2398 4190 Deinde
2429 4131 2815 4203 ita'congressi
2872 4140 3024 4196 sunt,
3076 4127 3234 4198 quasi
3265 4141 3389 4180 cum
3448 4121 3581 4176 totis

2004 4226 2348 4282 exercitibus
2380 4225 2690 4281 conﬂicturi
2721 4231 2928 4278 essent.
2956 4221 3063 4276 Sed
3105 4220 3289 4288 Scipio
3334 4212 3580 4284 equestri

2005 4319 2197 4393 praelia
2253 4320 2310 4374 in
2344 4319 2538 4390 primis
2597 4326 2826 4382 tentato,
2856 4315 3047 4370 multis
3085 4310 3302 4368 amissis
3327 4318 3504 4362 victus
3523 4311 3588 4359 et

2007 4415 2352 4476 vulneratus,
2381 4421 2546 4478 atque
2576 4407 2714 4462 adeo
2738 4403 3114 4476 perimendus,
3150 4401 3256 4456 nisi
3292 4416 3322 4454 ιι
3350 4399 3461 4451 tilio
3492 4411 3580 4451 se-

2009 4504 2343 4577 pterudccim
2370 4515 2546 4556 annos
2569 4508 2696 4554 nato
2731 4507 3028 4568 protectus,
3049 4504 3198 4550 esset
3231 4509 3246 4545 :
3281 4495 3481 4544 tiu-ens
3511 4503 3589 4542 ne

2006 4598 2220 4670 pedites
2242 4597 2406 4651 etiam
2433 4593 2880 4657 succumberent,
2918 4589 3101 4646 statim
3134 4585 3380 4652 receptui
3430 4581 3577 4638 ceci-

2007 4693 2110 4755 nit,
2146 4705 2210 4745 ac
2259 4697 2424 4743 noctu
2461 4687 2706 4742 recessit.

301 4786 554 4840 Σκιπίων
587 4785 865 4856 ἐποίησεν.
894 4782 1031 4839 Εἶτα
1064 4784 1328 4858 συνῆλθον
1362 4783 1461 4855 μὲν
1511 4785 1587 4847 ὼς
1616 4783 1759 4848 ὅλοις
1784 4785 1897 4849 τοῖς
1937 4781 2325 4856 στρατοπέδοις
2405 4777 2761 4848 μαχούμενοι.
2813 4773 2876 4831 Ὀ
2932 4773 3174 4828 Σκιπίων
3211 4771 3294 4840 δὲ,
3327 4783 3566 4858 προσυμέ

303 4879 472 4947 μίξας
501 4878 580 4950 τῷ
609 4878 818 4951 ἱππικῷ
845 4857 1212 4950 καὶήττηθεὶς
1237 4877 1471 4948 συχνούς
1495 4893 1555 4930 τε
1584 4875 1881 4933 ἀποϐαλὼν
1920 4881 2014 4933 καὶ
2072 4877 2236 4940 αὐτὸς
2275 4874 2531 4946 τρωθεὶς,
2564 4870 2857 4925 ἀποθανών
2886 4869 2933 4923 τ’
2974 4869 3063 4934 ἂν,
3096 4870 3145 4920 εί
3173 4866 3249 4936 μὴ
3286 4879 3390 4926 περ
3428 4857 3579 4928 αὐτῷ

303 4971 558 5026 Σκιπίων
591 4970 620 5023 δ
651 4969 789 5035 υίὸς,
820 4969 1025 5040 καίπερ
1060 4968 1134 5021 ῶν
1175 4969 1702 5039 ἐπτακαιδεκαέτης,
1762 4972 2046 5042 ἐπήμυνε,
2112 4969 2397 5022 κατέδεισε
2447 4965 2524 5037 μὴ
2590 4963 2687 5018 καὶ
2744 4962 2822 5034 τῷ
2854 4960 3004 5032 πεζῷ
3026 4959 3228 5029 σφαλῇ,
3261 4957 3352 5009 καὶ
3377 4951 3589 5006 αὐτίκα.

304 5081 369 5118 τε
400 5063 728 5130 ἐπανήγαγε
753 5062 849 5114 καὶ
887 5062 987 5132 τῆς
1032 5061 1228 5124 νυκτὸς
1263 5059 1648 5132 ὑπεχώρησεν.

375 5158 506 5212 KA'.
559 5153 812 5216 Ἀννίϐας
849 5151 907 5206 δὲ
969 5151 1090 5222 μεθ’
1142 5149 1359 5221 ἡμέραν
1408 5149 1507 5221 τὴν
1541 5149 1900 5224 ἀποχώρησιν

303 5247 477 5306 αὑτοῦ
519 5246 733 5318 μαθὼν,
765 5244 902 5314 πρὸς
930 5245 1024 5298 τὸν
1067 5243 1353 5314 Ἠριδανὸν
1401 5237 1559 5315 ἦλθε,
1606 5245 1700 5297 καὶ
1759 5245 1899 5314 μήτε

308 5338 594 5413 σχεδίαςῆ
633 5337 792 5390 πλοῖα
828 5334 1004 5404 εύρὼν
1045 5335 1448 5407 (ἐνεπέπρηστο
1480 5337 1591 5407 γὰρ
1627 5336 1779 5404 παρὰ
1804 5335 1900 5389 τοῦ

304 5428 663 5501 Σκιπίωνος),
691 5429 782 5484 τὸν
818 5429 919 5502 μὲν
941 5428 1165 5497 ἀδελφὸν
1201 5427 1446 5496 Μάγωνα
1478 5427 1578 5480 σὺν
1631 5430 1745 5492 τοῖς
1805 5429 1898 5482 ίπ-

309 5527 476 5580 πεῦσι
506 5522 867 5595 διανήξασθαι
919 5520 1016 5576 καὶ
1047 5519 1335 5584 ἐπιδιῶξαι
1387 5519 1515 5584 τοὺς
1585 5517 1893 5590 Ῥωμαίους

306 5619 604 5674 ἐκέλευσεν
623 5633 638 5648 ο
676 5617 841 5679 αὐτὸς
869 5616 950 5682 δὲ,
976 5615 1088 5670 ἄνω
1122 5614 1258 5686 πρὸς
1287 5614 1387 5676 τὰς
1421 5611 1605 5683 πηγὰς
1632 5613 1892 5684 χωρήσας

312 5707 403 5764 τοῦ
434 5706 710 5779 ποταμοῦ,
768 5705 895 5770 τοὺς
953 5703 1249 5774 ἐλέφαντας
1303 5701 1447 5758 κατᾶ
1486 5702 1578 5758 τὸν
1624 5701 1890 5774 ἐπίρῤουν

2073 5149 2256 5204 XXIV.
2281 5143 2540 5209 Annibal,
2565 5145 2684 5215 ejus
2739 5143 2988 5198 discessu
3013 5154 3172 5196 mane
3227 5135 3470 5207 cognito,
3507 5131 3589 5187 ad:

1998 5240 2299 5296 Eridanum
2331 5237 2483 5293 venit
2511 5255 2524 5291 :
2558 5237 2648 5291 ubi
2682 5253 2806 5291 cum
2832 5250 2900 5289 ne
2935 5248 3099 5288 uuam
3126 5230 3346 5301 quidem
3398 5235 3587 5280 ralem

1998 5333 2302 5388 invenisset
2349 5333 2642 5399 (cremarat
2671 5328 2817 5383 enim
2851 5325 3034 5381 omnia
3089 5319 3303 5387 navigia
3338 5313 3578 5384 Scipio),

1996 5427 2224 5482 fratrem
2281 5425 2562 5496 Magonem
2618 5439 2740 5478 cum
2795 5420 3077 5491 equitibus
3145 5408 3584 5480 trauarejussit,

1999 5517 2385 5586 Romanosque
2439 5513 2696 5586 persequi
2738 5530 2754 5566 :
2805 5512 2919 5581 ipsc
2971 5519 3186 5563 sursum
3245 5501 3310 5555 ad
3387 5499 3620 5562 fontes:_

1998 5609 2176 5663 amnis
2203 5607 2506 5677 profectus.
2539 5603 2881 5674 elephantes,
2927 5614 3033 5668 qua
3058 5597 3260 5651 ﬂumen
3307 5593 3568 5646 concita-

2000 5699 2110 5756 tius
2140 5698 2340 5767 fertur,
2375 5696 2613 5754 traducit
2649 5712 2662 5752 :
2699 5703 2755 5750 et
2799 5707 2940 5762 aqua
2965 5689 3021 5745 in
3083 5684 3390 5743 belluarum
3419 5679 3580 5738 mole
