4050 6210
293 242 402 296 ’103

1561 231 1885 294 JOANNIS
1926 231 2250 294 ZONAB/E

3423 235 3532 298 τοι

293 343 581 401 resistente
618 351 676 396 et
703 357 916 413 sparsa,
941 341 1156 400 facilius
1182 343 1441 403 infra'eos
1468 347 1712 402 transiit.
1747 345 1867 401 Sei-

1969 346 2228 417 διαϐῆναι
2265 347 2588 419 προσέταξε.
2616 347 2725 402 Καὶ
2741 345 2888 401 οὕτω
2923 343 3018 401 τοῦ
3045 344 3236 410 ὕδατος
3269 345 3544 418 περὶ-τοῖς

293 437 384 508 pio
406 434 475 490 ab
515 433 770 489 hostibus
819 435 1219 505 deprehensus,
1274 453 1336 494 se
1361 439 1486 495 loco
1527 454 1638 494 non
1668 437 1861 492 movit.

290 524 368 580 Ac
395 538 634 596 pugnam
675 523 913 590 iniisset,
966 523 1072 579 nisi
1102 525 1309 581 Gallica
1353 527 1558 582 auxilia
1601 535 1765 583 noctu
1794 526 1863 582 ad

293 618 482 671 hostes
537 613 982 685 transfugissent.
1045 616 1120 670 Ea
1178 632 1234 672 re
1267 617 1540 684 turbatus,
1581 626 1639 674 et
1672 618 1864 674 dolore

289 709 538 766 vulneris
565 716 815 769 vexatus,
849 708 953 762 sub
1000 718 1214 763 noctem
1248 721 1428 765 castra
1461 711 1514 765 in
1566 711 1860 766 editiorem

289 803 471 856 locum
526 799 830 857 transtulit.
892 801 1208 870 vallumque
1272 802 1620 867 communiit,
1673 817 1865 872 perse-

290 902 492 964 quente
539 892 780 947 nemine.
811 892 1022 948 Deinde
1058 893 1547 964 Carthaginienses
1570 903 1862 970 venerunt,
1905 941 1907 943 ,

289 999 343 1044 et
367 987 590 1042 flumine
623 985 915 1056 interjecto
940 985 1099 1057 41],
1131 986 1504 1041 castrametati
1536 997 1684 1042 sunt.
1721 988 1862 1041 Dum

289 1078 476 1148 Scipio
511 1087 623 1130 tum
682 1092 748 1130 ex
779 1075 972 1131 dolore
1023 1077 1289 1141 vulneris,
1325 1087 1439 1133 tum
1479 1077 1552 1132 ob
1579 1088 1862 1148 acceptam

287 1171 498 1226 cladem
559 1185 680 1224 sese
717 1170 1029 1232 continens,
1083 1174 1269 1237 plures
1308 1171 1496 1239 copias
1552 1178 1862 1240 exspectat,

289 1261 528 1317 Annibal
553 1261 740 1315 multis
769 1260 969 1314 frustra
1002 1259 1244 1327 tentatis;
1293 1269 1351 1315 ut
1373 1275 1500 1315 eum
1529 1261 1597 1316 ad
1624 1278 1863 1333 pugnam

287 1356 539 1420 eliceret,
564 1370 695 1409 cum
721 1352 949 1424 penuria
973 1361 1313 1409 commeatus
1337 1353 1637 1418 laboraret,
1664 1356 1864 1411 castel-

289 1451 401 1506 lum
430 1451 704 1521 quoddam
739 1459 823 1504 est
846 1447 1092 1513 adortus,
1119 1447 1174 1502 in
1197 1464 1308 1520 quo
1347 1449 1580 1506 Romani
1628 1452 1863 1508 multum

290 1541 552 1596 frumenti
600 1541 900 1610 repositum
952 1540 1364 1596 habebantzet
1417 1540 1547 1611 quia
1607 1541 1660 1597 vi
1723 1541 1862 1596 nihil

291 1633 630 1702 proficiebat,
667 1633 1028 1688 castellanum
1061 1633 1296 1715 pecunia
1336 1635 1659 1704 corrumpit,
1718 1642 1778 1688 ut
1807 1631 1863 1688 id

289 1725 389 1780 sibi
417 1725 612 1796 prodat
648 1743 662 1780 :
697 1741 809 1795 quo
835 1735 1135 1795 occupato,
1176 1726 1340 1781 etiam
1399 1727 1613 1781 caeteris
1665 1725 1863 1794 partim

300 1818 375 1884 vi,
426 1818 625 1887 partim
683 1833 819 1871 auro
845 1833 904 1872 se
961 1818 1262 1888 potiturum
1322 1819 1583 1887 speravit.
1654 1818 1865 1874 Interea

293 1909 534 1980 Longus,
574 1909 818 1966 Siciliam
851 1911 1028 1980 legato
1051 1909 1278 1974 credita,
1313 1909 1614 1964 accersitus
1640 1908 1706 1963 ad
1743 1907 1867 1964 Sci-

291 2005 509 2070 pionem
558 2002 754 2057 venit:
796 2018 897 2057 nec
945 2002 1119 2055 multo
1171 2011 1294 2072 post
1341 2018 1408 2062 ex
1454 2001 1777 2068 ambitione,
1808 2009 1866 2056 et

289 2095 437 2163 quod
473 2095 808 2165 prmdatores
855 2094 1124 2164 quosdam
1157 2103 1468 2164 superarat,
1513 2093 1644 2148 dum
1681 2093 1736 2148 in
1765 2110 1867 2165 pu-

291 2203 453 2256 gnam
514 2189 646 2248 ruit,
705 2188 760 2241 in
807 2187 1039 2242 insidias
1083 2187 1344 2257 delapsus
1377 2187 1648 2258 impingit,
1685 2200 1740 2242 et
1797 2188 1866 2243 ab

289 2280 557 2335 Annibale
615 2296 740 2335 cum
791 2279 1072 2349 equitibus
1122 2290 1176 2336 et
1227 2279 1536 2348 elephantis
1596 2281 1647 2332 in
1683 2279 1866 2351 fugam

288 2374 631 2427 convertitur
669 2391 682 2426 :
716 2373 769 2426 in
826 2387 936 2442 qua
973 2371 1128 2425 multi
1181 2372 1332 2435 caesi,
1358 2371 1518 2426 multi
1574 2381 1779 2426 temere
1811 2374 1867 2428 in

289 2461 516 2518 ﬂuvium
565 2465 889 2534 prmcipitati
941 2464 1247 2534 perierunt,
1282 2464 1442 2533 pauci
1493 2479 1616 2520 cum
1681 2465 1868 2534 Longo

287 2569 537 2611 evasere.
562 2554 799 2609 Annibal
852 2569 985 2609 vero
1013 2570 1077 2610 ea
1130 2555 1360 2609 victoria
1382 2571 1490 2610 non
1524 2565 1610 2611 est
1632 2555 1866 2622 laetatus,

287 2647 431 2718 quod
459 2657 513 2702 et
537 2648 740 2702 milites
761 2647 964 2702 multos
996 2656 1052 2702 et
1075 2645 1400 2716 elephantos
1425 2663 1620 2704 omnes
1666 2659 1870 2718 praeter

289 2755 481 2804 unum,
542 2739 744 2809 frigore
800 2747 858 2794 et
893 2738 1215 2806 vulneribus
1244 2738 1528 2795 confectos
1584 2739 1865 2795 amiserat.

288 2829 469 2884 Factis
497 2827 664 2900 igitur
689 2828 810 2885 sine
845 2827 1053 2888 fcedere
1096 2828 1358 2884 induciis.
1388 2829 1607 2899 utrique
1658 2830 1727 2885 ad
1780 2845 1871 2885 so-

287 2921 405 2976 cios
430 2937 489 2977 se
518 2921 899 2982 contulerunt,
936 2929 993 2975 et
1024 2919 1080 2974 in
1102 2935 1298 2975 eorum
1325 2920 1558 2976 urbibus
1609 2920 1870 2976 hiberna-

287 3022 432 3068 runt.
460 3015 539 3068 Ac
571 3013 834 3069 Romanis
860 3022 1202 3067 commeatus
1240 3012 1458 3066 abunde
1507 3014 1856 3082 suppetebat.
1890 3031 1936 3092 α

283 3104 518 3160 Annibal
547 3112 728 3159 autem
763 3119 888 3159 cum
913 3119 976 3159 ea
1005 3118 1126 3173 qua:
1147 3103 1281 3157 socii
1311 3093 1712 3166 dabant,'satis
1752 3119 1864 3159 non

285 3205 492 3259 essent,
530 3194 906 3248 Romanorum
957 3207 1124 3261 pagos
1148 3199 1207 3244 et
1273 3191 1474 3260 Oppida
1534 3191 1865 3260 invadendo,

284 3286 420 3340 alias
452 3285 728 3349 vincebat,
757 3283 894 3338 alias
915 3281 1287 3352 rcpellebatur
1321 3301 1338 3338 :
1367 3282 1668 3352 aliquando
1701 3299 1871 3353 eque-

286 3377 388 3434 stri
438 3376 739 3432 certamine
779 3391 809 3430 a
863 3375 1050 3444 Longo
1111 3373 1312 3440 vietus,
1377 3373 1579 3430 vulnus
1633 3377 1866 3446 accepit.

290 3470 447 3528 Unde
473 3468 697 3540 quidam
721 3484 786 3524 ex
817 3468 1082 3523 Romanis
1111 3476 1331 3538 sumpta
1359 3467 1578 3531 fiducia,
1618 3484 1716 3538 per
1750 3485 1870 3526 sese

287 3571 482 3617 contra
521 3577 647 3616 eum
685 3560 886 3616 muenia
937 3568 1719 3628 oppugnantem,eruperunt.
1757 3559 1868 3615 Sed

285 3665 340 3709 et
391 3653 466 3706 illi
501 3653 625 3707 caesi
653 3663 803 3715 sunt,
829 3659 884 3706 et
917 3649 1179 3718 oppidum
1204 3648 1346 3704 facta
1405 3650 1686 3705 deditione
1712 3667 1870 3706 ever-

287 3759 410 3799 sum
436 3759 452 3798 :
478 3752 534 3797 et
567 3759 633 3797 ex
664 3741 897 3812 captivis
926 3740 1156 3795 Romani
1195 3749 1389 3794 omnes
1433 3739 1731 3806 interfecti,
1765 3755 1870 3794 ca:-

285 3832 390 3887 teri
411 3831 644 3886 dimissi.
671 3831 930 3884 Eamdem
964 3830 1231 3885 rationem
1270 3830 1326 3884 in
1349 3829 1608 3885 omnibus
1635 3830 1867 3899 captivis

285 3922 619 3986 observavit,
656 3931 717 3976 ut
741 3937 840 3990 per
872 3937 968 3976 eos
991 3921 1158 3977 urbes
1185 3921 1292 3977 sibi
1345 3922 1687 3977 conciliaret.
1716 3922 1866 3988 Quin

285 4032 353 4069 ex
381 4015 606 4083 reliquis
639 4012 1010 4077 etiamGallis,
1033 4011 1398 4084 Liguribuset
1422 4013 1864 4080 Etruscis;multi,

285 4106 550 4162 Romanis
585 4106 640 4158 in
678 4105 793 4160 suis
820 4105 1040 4174 oppidis
1061 4105 1260 4175 partim
1285 4105 1504 4172 occisis,
1549 4107 1748 4176 partim
1772 4106 1868 4162 de-

288 4197 446 4263 ditis,
471 4197 818 4252 defecerunt.
871 4196 1106 4251 Annibal
1147 4197 1201 4252 in
1250 4197 1530 4252 Etruriam
1577 4198 1778 4264 iturus,
1835 4215 1868 4256 a

290 4288 479 4358 Longo
511 4302 707 4358 magna
741 4294 1067 4356 tempestate
1097 4285 1388 4342 lacessitus
1409 4296 1494 4342 est
1526 4304 1540 4340 :
1577 4296 1634 4342 et
1675 4287 1866 4344 multis

1965 435 2150 502 δγκοις
2182 437 2293 491 τῶν
2320 437 2474 504 ζώων
2503 437 2957 508 ἐμποδιζομένου,
2982 436 3078 492 καὶ
3108 435 3546 507 σκεδαννυμένου

1968 528 2100 598 ῥᾷον
2132 527 2288 582 κάτω
2325 528 2481 598 σφῶν
2506 529 2903 600 διεπεραιώθη.
2937 526 3328 598 Καταληφθεὶς
3365 527 3460 582 οὖν
3514 529 3547 581 ό

1965 618 2208 672 Σκιπίων
2235 621 2380 674 κατὰ
2411 620 2598 691 χώραν
2627 621 2834 690 ἔμεινε.
2883 622 2996 676 Καὶ
3021 620 3320 690 ἐμαχέσατ’
3355 620 3442 686 ἂν,
3494 621 3546 675 ει

1968 713 2041 781 μὴ
2079 713 2274 775 νυκτὸς
2302 714 2354 765 οἱ
2385 713 2649 777 Γαλάται,
2679 715 2730 767 oi
2765 713 2884 784 μετ’
2929 712 3100 766 αὑτοῦ
3140 712 3543 782 ηὐτομόλησαν.

1975 803 2034 857 ’0
2067 805 2113 858 δ’
2138 805 2234 859 οὖν
2264 805 2530 872 Σκιπίων,
2563 807 2656 860 ἐπὶ
2703 805 2878 876 τούτῳ
2922 804 3239 877 ταραχθεὶς,
3285 805 3381 859 καὶ⁸
3435 806 3547 859 ὑπὸ

1964 895 2059 950 τοῦ
2107 896 2426 967 τραύματος
2491 897 2944 967 ταλαιπωρήσας,
2993 896 3098 949 ὑπὸ
3137 897 3314 952 νύκτα
3383 893 3544 962 αὖθις

1964 985 2250 1056 ἐξανέστη,
2275 986 2368 1041 καὶ
2397 987 2492 1040 ἐπὶ
2511 986 2786 1059 μετεώρου
2813 986 2876 1039 τὸ
2890 987 3202 1056 τάφρευμα
3219 988 3540 1057 ἐποιήσατο.

1964 1077 2160 1144 Δίωξις
2174 1078 2232 1131 δὲ
2251 1077 2420 1131 αὐτοῦ
2450 1078 2550 1132 ούκ
2572 1077 2808 1146 ἐγένετο.
2834 1077 2987 1130 Μετὰ
3018 1077 3077 1131 δὲ
3098 1076 3260 1130 τοῦτο
3282 1078 3545 1145 ἀφίκοντο

1965 1166 2060 1218 καὶ
2087 1168 2136 1220 oi
2169 1167 2558 1238 Καρχηδόνιοι,
2582 1167 2679 1221 καὶ
2705 1166 2798 1219 τὸν
2827 1166 3077 1235 ποταμὸν
3101 1165 3191 1219 διὰ
3207 1165 3373 1234 μέσου
3389 1183 3544 1236 ποιηο

1967 1257 2216 1329 σάμενοι,
2250 1259 2836 1329 ἐστρατοπεδεύσαντο.
2878 1257 2936 1311 '0
2989 1259 3090 1328 μὲν
3151 1255 3247 1312 οὖν
3300 1259 3546 1312 Σκιπίων
3631 1304 3639 1309 .

1966 1349 2056 1405 διά
2087 1368 2146 1405 τε
2178 1352 2241 1406 τὸ
2267 1352 2495 1424 τραῦμα
2526 1353 2618 1406 καὶ
2665 1351 2754 1405 διὰ
2804 1351 2873 1405 τὰ
2917 1349 3310 1421 συμϐεϐηκότα
3360 1350 3544 1420 ἀνεῖχε

1965 1442 2060 1496 καὶ
2084 1442 2314 1514 δύναμιν
2339 1447 2751 1514 μετεπέμπετο⁶
2797 1442 3046 1503 ’Λννίϐας
3084 1441 3162 1506 δὲ,
3199 1441 3370 1495 πολλὰ
3423 1457 3549 1494 πει-

1966 1534 2139 1606 ράσας
2167 1536 2546 1608 παρακινῆσαι
2575 1535 2713 1604 πρὸς
2749 1533 2945 1604 μάχην
2980 1519 3170 1598 αὑτὸν,
3228 1533 3352 1586 ἐπεὶ
3410 1531 3539 1586 οὔτε

1968 1624 2114 1679 τοῦτ⁹
2142 1625 2408 1697 ἠδυνήθη,
2440 1628 2532 1680 καὶ
2557 1627 2766 1696 τροφῆς
2794 1625 3080 1687 ἐσπάνισε,
3108 1624 3354 1696 φρουρίῳ
3376 1640 3549 1696 προσ-

1965 1717 2180 1784 έϐαλεν,
2210 1719 2270 1773 ἐν
2296 1712 2340 1786 ᾧ
2363 1721 2511 1781 σῖτος
2562 1719 2730 1782 πολὺς
2756 1718 2864 1771 τῶν
2893 1717 3184 1788 Ῥωμαίων
3214 1716 3413 1771 ἔκειτο.
3435 1717 3547 1769 Καὶ

1968 1809 2136 1881 μηδὲν
2195 1810 2490 1880 περαίνων,
2545 1809 2640 1863 τὸν
2683 1809 3037 1880 φρούραρχον
3091 1808 3367 1880 διέφθειρε
3412 1811 3549 1879 χρή-

1969 1913 2124 1970 μασι,
2161 1902 2382 1956 κάκεῖνό
2409 1919 2468 1954 τε
2498 1901 2760 1972 προδοθὲν
2789 1901 2970 1964 ἔλαϐε,
3008 1901 3197 1956 καὶτὰ
3227 1901 3363 1956 ἄλλα
3397 1904 3549 1971 σχεῖν

1963 1993 2033 2045 τά
2079 1992 2175 2061 μὲν
2208 1991 2413 2058 ὅπλοις,
2457 1993 2522 2045 τὰ
2549 1993 2603 2045 δὲ
2636 1992 2846 2063 χρυσίῳ
2891 1993 3184 2060 ἐπήλπισε.
3219 1993 3340 2047 Κάν
3371 1992 3550 2064 τούτῳ

1965 2083 1994 2136 δ
2021 2083 2256 2152 Λόγγος,
2280 2083 2377 2154 τὴν
2401 2083 2649 2137 Σικελίαν
2677 2083 2764 2154 τῷ,
2785 2083 3189 2154 ὑποστρατήγῳ
3221 2083 3545 2151 πιστεύσας,

1967 2172 2105 2242 πρὸς
2141 2172 2233 2226 τὸν
2281 2173 2562 2227 Σκιπίωνα
2615 2173 2960 2244 κεκλημένος
3018 2174 3270 2244 άφίκετο’
3332 2174 3431 2228 καὶ
3481 2174 3547 2227 ού

1967 2265 2149 2336 πολλῷ
2180 2264 2409 2336 ὕστερον
2438 2266 2543 2320 ὑπὸ
2580 2266 2920 2337 φιλοτιμίας,
2958 2267 3054 2320 καὶ
3078 2267 3160 2320 ὄτι
3193 2265 3347 2329 τινὰς
3373 2283 3549 2320 κατα⁹

1965 2359 2264 2429 τρέχοντας
2286 2357 2387 2429 τὴν
2411 2357 2600 2430 χώραν
2630 2359 2961 2428 ἐκράτησεν,
2986 2359 3066 2422 είς
3096 2358 3408 2429 παράταξιν
3436 2358 3548 2430 ὦρο

1970 2465 2133 2518 μησε,
2187 2448 2281 2502 καὶ
2334 2448 2545 2519 ἐσφάλη
2617 2448 2864 2518 ἐνέδραις
2916 2447 3254 2520 περιπεσών·
3307 2449 3400 2502 καὶ
3447 2447 3546 2502 τοῦ

1979 2538 2198 2594 Ἀννίϐα
2259 2538 2639 2605 ἐπεξελθόντος
2691 2539 2832 2608 μετὰ
2882 2540 2991 2593 τῶν
3050 2539 3234 2604 πεζῶν
3280 2540 3377 2594 καὶ
3437 2539 3548 2595 τῶν

1967 2629 2298 2698 ἐλεφάντων,
2326 2631 2375 2682 οἱ
2413 2631 2530 2699 μετ’
2555 2629 2720 2684 αὑτοῦ
2751 2629 3073 2702 ἐτράπησαν
3098 2633 3178 2695 είς
3205 2632 3410 2703 φυγὴν,
3449 2636 3545 2688 καὶ

1970 2720 2160 2773 πολλοὶ
2182 2719 2560 2790 διεφθάρησαν
2588 2721 2759 2792 φόνῳ,
2783 2721 2972 2774 πολλοὶ
3005 2722 3062 2775 δὲ
3092 2723 3189 2776 καὶ
3219 2725 3301 2786 είς
3325 2724 3415 2777 τὸν
3449 2741 3548 2778 πο·

1967 2813 2144 2883 ταμὸν
2167 2811 2592 2883 ἀπερισκέπτως
2619 2813 2952 2883 ἐμπεσόντες
2975 2813 3302 2883 ὲπνίγησαν,
3330 2815 3405 2878 ὡς
3433 2817 3548 2868 ὀλί-

1970 2920 2100 2972 γους
2141 2903 2281 2973 μετὰ
2309 2902 2404 2956 τοῦ
2440 2903 2655 2972 Λόγγου
2701 2904 3094 2974 περισωθῆναι.
3122 2905 3371 2974 Νικήσας
3413 2907 3546 2976 μέν-

1973 3012 2056 3050 τοι
2084 2998 2112 3049 ό
2144 2995 2415 3061 ’Λννίϐας,
2439 2996 2540 3050 οὐκ
2569 2995 2810 3066 ἔχαιρεν,
2843 2998 2926 3050 ὃτι
2949 2997 3291 3067 στρατιώτας
3325 3015 3385 3050 τε
3417 3000 3549 3053 πολ-

1971 3088 2096 3152 λοὺς
2122 3088 2363 3152 καὶτοὺς
2404 3087 2704 3156 ἐλέφαντας
2735 3089 2875 3157 πλὴν
2925 3089 3042 3151 ἐνὸς
3067 3089 3172 3142 imi.
3209 3089 3304 3142 τοῦ
3333 3091 3545 3160 χειμῶ-

1969 3197 2058 3244 νος
2107 3179 2204 3235 καὶ
2270 3179 2380 3237 τῶν
2436 3180 2776 3251 τραυμάτων
2832 3181 3134 3237 ἀπέϐαλεν.
3184 3182 3412 3252 ’Λνοχὴν
3452 3181 3544 3236 οὗν

1969 3271 2237 3326 ἄσπονδον
2268 3273 2654 3344 ποιησάμενοι,
2704 3273 2840 3342 πρὸς
2887 3273 2986 3340 τὴν
3017 3274 3338 3343 συμμαχίδα
3391 3275 3542 3341 σςῶν

1970 3362 2221 3434 ἑκάτεροι
2246 3363 2559 3434 ἐχώρησαν,
2587 3365 2689 3417 κάν
2719 3367 2838 3427 ταῖς
2883 3364 3102 3418 πόλεσιν
3161 3365 3340 3418 αὐτῶν
3396 3365 3543 3434 ἔχει⁴

1974 3453 2168 3524 μαζον.
2196 3454 2306 3507 Καὶ
2335 3457 2447 3518 τοῖς
2495 3454 2595 3523 μὲν
2636 3455 2931 3524 Ῥωμαίοις
2978 3455 3187 3522 ἄφθονα
3233 3455 3424 3526 ἐφοίτα
3471 3454 3542 3510 τὰ

1969 3547 2272 3616 ἐπιτήδεια·
2293 3546 2351 3600 '0
2372 3546 2420 3600 δ’
2447 3548 2718 3614 Ἀννίϐας,
2748 3549 2848 3601 οὐκ
2870 3547 3212 3619 ἀρκούμενος
3249 3551 3364 3611 τοῖς
3391 3549 3543 3618 παρὰ

1968 3635 2077 3688 τῶν
2105 3636 2411 3707 συμμάχων
2438 3637 2764 3708 διδομένοις,
2797 3640 2916 3702 ταῖς
2939 3655 2998 3691 τε
3040 3638 3258 3710 κώμαις
3297 3641 3391 3694 καὶ
3420 3643 3542 3702 ταῖς

1969 3728 2160 3782 πόλεσι
2196 3729 2304 3782 τῶν
2346 3729 2636 3799 Ῥωμαίων
2665 3733 3046 3801 προσπίπτων,
3071 3731 3140 3784 τά
3160 3732 3261 3802 μὲν
3284 3735 3534 3804 ἐκράτει,

1967 3819 2034 3873 τὰ
2059 3819 2104 3874 δ’
2153 3820 2513 3889 ἀπεκρούετο,
2569 3821 2662 3876 καί
2723 3839 2858 3876 ποτε
2905 3823 2984 3894 τῷ
3033 3824 3246 3896 ίππικῷ
3282 3825 3389 3878 ὑπὸ
3443 3826 3540 3878 τοῦ

1967 3913 2179 3982 Λόγγου
2211 3913 2454 3983 νικηθεὶς
2488 3912 2726 3985 ἐτρώθη.
2762 3915 3152 3986 Θαρσήσαντες
3197 3912 3292 3972 οὖν
3325 3921 3390 3971 ἐκ
3418 3917 3544 3972 τού-

1965 4020 2059 4057 του
2089 4002 2236 4067 τινές
2266 4004 2375 4056 τῶν
2423 4001 2732 4072 Ῥωμαίων,
2755 4003 2850 4058 καὶ
2899 4004 3019 4060 καθ’
3084 4007 3316 4070 ἑαυτούς
3370 4025 3542 4073 προσ-

1967 4095 2216 4150 ϐάλλοντι
2271 4093 2455 4156 αὐτοῖς
2486 4093 2782 4163 ἐπεξῆλθον
2813 4132 2828 4159 ,
2861 4094 3146 4160 κάκείνους
3207 4115 3267 4150 τε
3300 4098 3543 4170 ἔφθειρε,

1967 4186 2064 4241 καὶ
2090 4184 2185 4239 τού
2217 4185 2420 4257 χωρίου
2452 4184 2717 4256 ὁμολογίᾳ
2757 4186 3054 4258 ἐκράτησε.
3085 4187 3196 4242 Καὶ
3249 4189 3380 4243 αὐτὸ
3441 4190 3542 4258 μὲν

1969 4275 2282 4346 κατέσκαψε
2302 4291 2318 4307 ·
2349 4275 2459 4331 τῶν
2490 4277 2535 4330 δ’
2563 4277 2926 4348 αἰχμαλώτων
2951 4279 3078 4342 τοὺς
3105 4278 3206 4350 μὲν
3240 4277 3543 4349 Ῥωμαίους

289 4379 555 4450 utrinque
607 4377 786 4442 casis,
828 4378 881 4433 in
911 4377 1188 4448 Liguriam
1233 4378 1535 4448 profectus,
1571 4379 1665 4433 diu
1699 4379 1773 4434 ibi
1805 4395 1863 4436 se

1969 4371 2284 4437 ἀπέκτεινε,
2310 4371 2439 4435 τοὺς
2467 4371 2512 4425 δ’
2544 4371 2738 4436 ἄλλους
2759 4373 2961 4442 ἀφῆκεο
2985 4373 3142 4425 τοῦτο
3169 4372 3225 4426 δὲ
3251 4373 3336 4443 ἐφ’
3365 4373 3540 4427 ἅπασι

284 4473 580 4535 enittinuit.
606 4487 736 4527 suos
768 4486 988 4542 quoque
1039 4481 1326 4539 suspectos
1366 4470 1599 4535 habens,
1651 4471 1860 4529 nemini

288 4579 492 4618 tenuere
527 4564 796 4619 credens:
820 4563 916 4619 sed
938 4573 992 4619 et
1038 4575 1186 4621 veste
1220 4574 1428 4620 mutata
1483 4575 1538 4621 et
1575 4581 1732 4620 coma
1762 4580 1862 4635 ap-

288 4653 532 4725 posititia
568 4665 748 4719 utens,
770 4666 826 4708 et
851 4655 986 4710 alias
1015 4657 1122 4710 alia
1160 4657 1340 4728 lingua
1391 4657 1624 4727 loquens
1658 4655 1868 4726 (plures

285 4746 434 4800 enim
469 4755 653 4809 norat,
689 4746 972 4816 ipsamque
1011 4747 1283 4816 Latinam)
1312 4757 1369 4802 et
1415 4757 1579 4802 noctu
1612 4755 1668 4800 et
1702 4747 1868 4801 inter-

287 4840 382 4891 δὶα
413 4837 650 4907 plurima
675 4843 732 4892 et
764 4837 983 4892 videbat
1009 4837 1171 4908 412
1194 4849 1251 4893 et
1279 4837 1538 4892 audiebat
1571 4853 1584 4891 :
1615 4836 1863 4906 quaedam

286 4942 453 4984 etiam
481 4928 830 4998 loquebatur,
859 4943 1090 4998 persona
1121 4943 1218 4983 sua
1243 4927 1610 4983 dissimulata.

1967 4466 2080 4530 τοῖς
2111 4464 2521 4536 ζωγρουμένοις
2555 4463 2750 4528 ἐποίει,
2781 4463 2882 4527 τὰς
2909 4463 3097 4537 πόλεις
3139 4463 3206 4517 δι’
3253 4465 3433 4518 αὐτῶν
3458 4467 3541 4518 οἱς

1969 4558 2311 4628 κειούμενος.
2357 4557 2577 4625 ’Λμέλει
2605 4556 2835 4610 καὶτῶν
2869 4556 3074 4609 λοιπῶν
3117 4557 3374 4610 Γαλατῶν
3411 4556 3544 4610 πολ-

1966 4651 2050 4704 λοὶ
2081 4650 2176 4704 καὶ
2201 4648 2422 4719 Λιγύων
2453 4650 2548 4703 καὶ
2575 4648 2876 4720 Τυρσηνῶν
2907 4651 3035 4714 τοὺς
3077 4650 3382 4717 Ῥωμαίους
3417 4651 3546 4714 τοὺς

1966 4743 2099 4811 παρ’
2129 4741 2317 4805 αὐτοῖς
2340 4740 2500 4804 ὄντας
2518 4743 2566 4794 oi
2598 4741 2695 4811 μὲν
2718 4743 3081 4810 φονεύσαντες
3127 4745 3174 4797 οἱ
3205 4743 3260 4797 δὲ
3297 4745 3547 4809 ἐκδόντες

1969 4834 2330 4905 μετέστησανο
2360 4835 2418 4897 ἐς
2445 4832 2627 4905 δὲτὴν
2677 4835 2988 4906 Τυρσηνίδα
3042 4835 3119 4908 τῷ
3179 4836 3400 4908 ’Λννίϐᾳ
3446 4854 3546 4890 πο-

1962 4923 2242 4995 ρευομένῳ
2263 4924 2292 4976 ὁ
2319 4924 2526 4992 Λόγγος
2557 4923 2802 4991 ἐπέθετο,
2839 4925 3109 4995 χειμῶνος
3141 4925 3339 4980 πολλοῦ
3390 4943 3548 4994 γενο-

292 5021 480 5090 μένου.
505 5020 791 5073 Πεσόντων
818 5019 876 5074 δέ
905 5019 1239 5090 ἀμφοτέροις
1270 5019 1500 5084 πολλῶν,
1529 5019 1558 5072 ό
1599 5016 1871 5086 Ἀννίϐας,
1912 5019 1969 5082 ἐς
2010 5016 2112 5086 τὴν
2183 5015 2524 5086 Λιγυστικὴν
2547 5014 2740 5080 ἐλθὼν,
2795 5016 3152 5090 ἐνδιέτριψεν*
3217 5018 3546 5074 ὑποπτεύων

288 5111 344 5164 δὲ
369 5112 465 5164 καὶ
492 5109 618 5173 τοὺς
664 5109 982 5181 σφετέρους,
1037 5109 1214 5164 οὐδενὶ
1283 5108 1480 5180 ῥᾳδίως
1539 5109 1846 5175 ἐπίστευεν,
1887 5107 2024 5164 ἀλλὰ
2069 5108 2169 5179 τὴν
2223 5107 2428 5177 ἐσθῆτά
2489 5125 2548 5161 τε
2585 5109 2934 5180 μεταϐάλλων
2971 5113 3068 5164 καὶ
3100 5113 3302 5182 κόμαις.
3329 5112 3548 5182 χρώμε-

293 5221 382 5266 νος
411 5203 740 5274 περιθέτοις,
771 5203 872 5274 τήν
896 5220 953 5256 τε
984 5202 1220 5268 διάλεξιν
1252 5203 1442 5258 ἄλλοτε
1493 5201 1663 5272 ἄλλην
1686 5202 2009 5274 ποιούμενος
2070 5203 2210 5274 (ᾔδει
2268 5201 2380 5271 γὰρ
2449 5201 2693 5266 πλείους,
2723 5202 2817 5256 καὶ
2844 5203 2943 5274 τὴν
2975 5205 3085 5259 τῶν
3126 5206 3396 5277 Λατίνων)
3451 5218 3546 5270 καὶ

292 5303 508 5369 νύκτωρ
532 5299 628 5352 καὶ
683 5299 801 5368 μεθ’
831 5298 1046 5370 ἡμέραν
1075 5297 1246 5352 πολλά
1277 5296 1573 5352 ἐπεσκόπει
1621 5297 1788 5370 ηκουέ
1815 5314 1874 5354 τε
1906 5298 2136 5352 πλείστα
2172 5298 2246 5361 ὡς
2311 5299 2412 5352 ούκ
2454 5297 2727 5362 ’Λννίϐας,
2772 5299 2866 5352 καί
2922 5317 3044 5353 τινα
3094 5301 3169 5366 ὡς
3225 5302 3416 5373 ἕτερός
3459 5323 3545 5370 τις

293 5388 617 5460 ἐφθέγγετο.

366 5481 532 5538 XXV.
565 5482 704 5537 Dum
730 5480 849 5536 haec
879 5479 934 5535 in
973 5481 1128 5536 Italia
1163 5489 1452 5553 geruntur,
1487 5481 1629 5537 alter
1682 5480 1868 5552 Scipio

298 5573 464 5629 Caius
497 5573 550 5628 in
585 5573 860 5644 Hispaniis
893 5574 1105 5644 appulit
1151 5590 1166 5632 :
1213 5582 1268 5628 et
1309 5588 1458 5627 oram
1494 5574 1612 5640 ejus
1658 5574 1869 5628 mariti-

307 5679 447 5722 mam
483 5679 701 5723 omnem
735 5682 908 5737 usque
933 5666 998 5723 ad
1028 5666 1268 5735 lbcruut,
1297 5667 1463 5723 multa
1489 5666 1653 5722 etiam
1707 5681 1867 5738 snpe-

2051 5476 2182 5534 KE'.
2224 5478 2312 5530 Ἐν
2345 5471 2560 5548 μὲνοῦν
2590 5479 2656 5546 τῇ
2703 5476 2907 5548 Ἰταλίᾳ⁸
2953 5459 3127 5534 ταῦτα
3183 5483 3414 5551 ἐγίνετο.
3487 5485 3546 5540 Ὀ

1975 5571 2020 5625 δ’
2047 5571 2231 5642 ἔτερος
2263 5569 2503 5622 Σκιπίων
2537 5571 2564 5621 ό
2622 5569 2782 5632 Γαῖος
2828 5573 2907 5634 εἰς
2955 5571 3052 5642 τὴν
3099 5573 3336 5646 Ἰϐηρίαν
3384 5581 3550 5651 περέ-

1979 5665 2198 5732 πλευσε,
2229 5664 2320 5717 καὶ
2351 5663 2416 5716 τὰ
2451 5661 2870 5732 παραθαλάσσια
2894 5664 3062 5736 αὐτῆς
3090 5668 3248 5742 μέχρι
3269 5669 3361 5726 τοῦ
3397 5674 3524 5741 Ἴδη,
