4050 6210
435 329 548 394 'i05

1684 289 2095 393 immutuit
2140 332 2296 396 LIB.
2335 334 2508 397 Vill.

3589 351 3696 414 706

437 460 532 514 ρος
567 439 746 494 πάντα
785 437 880 493 καὶ
913 437 1024 492 τῶν
1081 437 1196 494 ἀνω
1223 436 1395 509 συχνά
1445 436 1518 492 τὰ
1574 438 1673 510 μὲν
1710 441 1822 512 βίᾳ,
1855 441 1924 495 τὰ
1974 441 2014 493 δ’

2135 441 2281 497 riora
2321 443 2461 508 loca,
2515 443 2714 514 partim
2745 446 2818 512 vi,
2867 448 3068 516 partim
3126 450 3425 518 deditione,
3481 458 3696 518 Bauno-

433 533 633 586 ἑκόντα
673 530 1034 601 προσείληφε,
1061 531 1265 585 καὶτὸν
1309 530 1569 584 Βαννῶνα
1596 531 1710 600 (52)
1765 533 1912 602 μάχῃ
1937 550 2017 586 νι-

432 627 608 694 κήσας
662 621 1005 692 ἐζώγρησεν.
1073 622 1140 675 '0
1195 622 1252 675 δὲ
1303 621 1400 675 τοῦ
1453 622 1699 676 ’Δννίσου
1755 623 2012 694 ὁμαίμων

443 714 808 784 Ἀσδρούὸας,
853 712 1048 784 μαθὼν
1076 713 1274 775 ταῦτα,
1307 713 1464 778 διέδη
1519 712 1611 766 τὸν
1655 714 1875 786 Ἴϐηρα,
1919 715 2016 768 καὶ

429 807 542 860 τῶν
573 807 962 878 μεταστάντων
990 805 1147 869 τινάς
1174 805 1513 876 ἐπηγάγετοο
1541 805 1638 860 τοῦ
1673 806 1729 859 δὲ
1773 805 2013 860 Σκιπίωο

430 916 522 962 νος
593 897 922 960 ἐπελθόντος
983 896 1157 968 αὐτῷ,
1221 887 1599 968 ἀνεχώρησεν.
1634 900 1698 953 Οί
1764 900 1810 952 δ’
1857 901 1916 952 ὲν
1943 901 2010 971 τῇ

437 989 633 1060 Ῥώμη
656 989 750 1042 τὸν
778 987 1077 1058 Φλαμίνιον
1110 989 1204 1041 καὶ
1229 988 1323 1044 τόν
1367 989 1528 1043 Γάϊον
1571 988 1728 1053 αὖθις
1768 987 2012 1054 ὑπάτους

433 1084 660 1139 εἴλοντο.
697 1083 947 1147 ’Δννίὸας
976 1083 1021 1136 δ’
1055 1084 1182 1153 ἄρτι
1208 1083 1301 1136 τοῦ
1337 1082 1499 1153 ἔαρος
1555 1085 1898 1150 ὲπιστάντος,
1929 1085 2008 1148 ὡς

432 1177 580 1246 ἔγνω
609 1176 701 1230 τδν
752 1176 1050 1246 Φλαμίνιον
1094 1175 1232 1246 μετά
1298 1175 1395 1229 τοῦ
1431 1175 1743 1248 Σερουϊλίου
1778 1176 2010 1247 Γεμίνου

429 1272 579 1342 χειρὶ
609 1269 779 1340 πολλῇ
815 1268 902 1322 ἐπ’
932 1268 1099 1323 αὑτδν
1133 1268 1301 1335 ἰόντα,
1338 1274 1476 1339 πρὸς
1520 1269 1803 1340 ὲξαπάτην
1832 1268 2012 1322 αὐτῶν

430 1362 671 1431 ἐτράπη,
705 1360 801 1413 καὶ
833 1359 1206 1430 πλαττόμενος
1236 1360 1608 1431 ἐνδιατρίψειν
1633 1361 1753 1413 ἐκεῖ
1781 1361 1877 1414 καὶ
1907 1359 2012 1432 μά-

427 1468 536 1522 χην
571 1449 855 1519 συνάψειν,
887 1451 1012 1504 ἐπεὶ
1047 1453 1374 1521 νομίσαντες
1432 1451 1596 1506 αὑτὸν
1625 1452 1672 1505 οί
1743 1449 2009 1522 Ῥωμαῖοι

427 1547 575 1600 κατὰ
602 1545 790 1617 χώραν
820 1544 1029 1616 μένειν,
1059 1543 1279 1616 ἀμελῶς
1320 1543 1432 1598 τῶν
1485 1545 1624 1600 ὀδῶν
1675 1544 1856 1616 ἔσχον,
1913 1544 2009 1599 ἐπὶ

426 1637 527 1690 τοῦ
565 1637 938 1707 στρατοπέδου
970 1637 1098 1699 τοὺς
1136 1636 1340 1699 ίππέας
1383 1636 1701 1690 κατέλιπεν.
1740 1636 1912 1702 Αὐτὸς
1960 1635 2010 1689 δ’

428 1728 539 1782 ύπό
584 1728 754 1782 νύκτα
811 1730 950 1798 ἄρας
985 1730 1055 1784 τά
1116 1746 1177 1782 τε
1237 1729 1538 1801 στενόπορα
1603 1727 1723 1800 μεθ’
1776 1728 2010 1799 ἡσυχίας

429 1820 613 1892 διῆλθε
645 1821 908 1892 καὶπρὸς
950 1819 1186 1892 Ἀρίτιον
1222 1821 1508 1891 ἠπείγετο.
1567 1822 1678 1874 Καὶ
1705 1822 1755 1874 oi
1792 1822 2004 1887 ἱππεῖς,

428 1914 554 1965 ἐπεὶ
581 1913 719 1966 πολὺ
745 1912 1039 1983 προῆλθεν,
1092 1911 1344 1983 ἀπῄεσαν
1384 1912 1534 1983 αὐτῷ
1575 1913 1926 1984 ἐφεπόμενοιο
1958 1915 2008 1967 oi

434 2007 479 2059 δ’
509 2003 730 2072 ὕπατοι,
765 2005 989 2075 γνόντες
1037 2005 1405 2076 ἠπατημένοι,
1438 2006 1667 2076 Γεμῖνος
1697 2005 1796 2076 μὲν
1840 2005 2009 2059 αὑτοῦ

433 2098 721 2169 ὑπέμεινε,
752 2101 887 2163 τούς
919 2100 966 2152 τ’
991 2101 1370 2170 ἀφεστηκότας
1396 2102 1666 2155 κακώσων
1706 2105 1802 2155 καὶ
1834 2101 2011 2156 κωλύ-

430 2207 542 2244 σων
573 2193 940 2263 ἐπικουρῆσαι
971 2192 1370 2263 Καρχηδονίοις
1393 2207 1407 2222 ·
1445 2193 1738 2265 Φλαμίνιος
1764 2190 1820 2247 δὲ
1850 2195 2012 2265 μόνος

431 2285 680 2348 ἐδίωκεν,
723 2285 796 2337 ἶν’
833 2284 1000 2340 αὐτοῦ
1052 2286 1216 2356 μόνου
1272 2287 1334 2339 τὸ
1374 2285 1536 2357 ἔργον
1583 2287 1684 2358 τῆς
1724 2288 1903 2360 νίκης,
1935 2288 2008 2352 ώς

431 2376 591 2447 ῷετο,
629 2377 876 2446 γένηται,
935 2377 1030 2431 καὶ
1058 2379 1120 2432 τὸ
1153 2379 1390 2445 ’Δρίτιον
1438 2381 1872 2452 προκατέλαϐεν.
1949 2381 2009 2434 '0

431 2469 543 2540 γάρ
573 2468 849 2534 ’Δννίὸας,
886 2471 1306 2541 συντομωτέραν
1343 2473 1712 2543 τραπόμενος,
1767 2472 2010 2537 δυσόδοις

430 2563 676 2631 ἐνέτυχε,
707 2563 800 2614 καὶ
831 2562 1163 2634 ἀνθρώπους
1207 2564 1462 2634 συχνοὺς,
1505 2566 1601 2618 καὶ
1653 2565 1822 2619 πολλὰ
1873 2566 2010 2620 ύπο-

432 2651 620 2721 ζύγια,
647 2653 744 2706 καὶ
775 2655 868 2707 τὸν
886 2655 1076 2726 ἕτερον
1093 2655 1204 2708 τῶν
1235 2655 1535 2726 ὀφθαλμῶν
1558 2655 1855 2712 ἀπέϐαλεν.
1880 2657 2010 2727 Ὀψὲ

431 2746 477 2799 δ’
517 2746 612 2801 οὖν
653 2747 790 2818 πρὸς
822 2748 884 2800 τό
913 2747 1152 2818 Ἀρίτιον
1179 2747 1375 2813 ἐλθὼν,
1408 2750 1504 2804 καὶ
1534 2748 1716 2831 εὑρών
1753 2752 1868 2802 ἐκεῖ
1918 2751 2012 2804 τὸν

431 2841 750 2908 Φλαμίνιον,
790 2840 1204 2912 κατεφρόνησεν
1224 2840 1415 2906 αὑτοῦ,
1451 2843 1546 2895 καὶ
1587 2841 1738 2912 μάχῃ
1792 2841 1892 2912 μὲν
1947 2841 2009 2896 ού

433 2931 700 2985 συνέῦαλε
729 2931 810 3002 (τὸ
850 2930 961 3001 γάρ
991 2933 1193 3004 χωρίον
1243 2933 1629 3003 ἀνεπιτήδειόν
1682 2935 1733 2986 οἱ
1791 2933 2009 3003 ἐδόκει),

432 3026 636 3096 πεῖραν
657 3025 714 3078 δέ
738 3024 906 3079 αὐτοῦ
940 3025 1288 3096 ποιούμενος,
1331 3025 1514 3098 ἔκειρε
1549 3025 1650 3098 τὴν
1669 3027 1874 3098 χώραν’
1908 3028 2012 3080 κάν

2120 547 2245 587 nem
2277 551 2496 604 quoque
2527 539 2718 606 praelio
2747 537 2956 594 victum
2990 543 3156 611 cepit.
3187 542 3398 609 Quibus
3419 547 3694 611 Asdrubal

2121 624 2293 680 frater
2358 628 2649 684 Annibalis
2671 632 2929 703 cognitis,
2969 634 3122 690 Ibero
3165 651 3448 710 superato,
3475 648 3532 698 et
3570 647 3696 714 qui.

2115 714 2348 773 busdam
2383 735 2447 774 ex
2497 721 2564 776 iis
2613 723 2706 792 qui
2765 725 3087 781 defecerant
3139 731 3397 800 receptis,
3449 733 3694 804 Scipioni

2114 817 2304 864 contra
2325 827 2382 866 se
2417 813 2571 867 eunti
2595 815 2780 869 cessit.
2814 817 3048 874 Romani
3080 818 3410 878 Flaminium
3429 825 3691 882 elCaium

2115 902 2301 956 denuo
2325 905 2582 960 consules
2604 919 2882 962 crearunt.
2910 910 3145 967 Annibal
3171 913 3261 968 ubi
3294 915 3516 974 ineunte
3540 936 3691 983 vere,

2114 987 2443 1050 Flaminium
2503 1007 2560 1052 et
2610 997 2904 1055 Servilium
2961 1002 3252 1060 Geminum
3313 1023 3438 1062 cum
3498 1025 3692 1081 magna

2091 1099 2279 1170 .manu
2303 1086 2600 1142 adventare
2632 1092 2909 1160 cognovit,
2945 1093 3012 1148 ad
3060 1110 3155 1150 eos
3185 1095 3540 1169 decipiendos
3564 1118 3695 1157 cou-

2114 1187 2328 1239 versus,
2387 1192 2559 1247 seque
2608 1177 2682 1233 ibi
2744 1192 3084 1236 moraturum
3145 1193 3199 1240 et
3229 1202 3424 1257 pugnae
3479 1193 3726 1261 capiam,

2113 1263 2224 1321 illis
2269 1265 2544 1324 facturum
2604 1271 2943 1338 simulando,
2979 1274 3108 1330 dum
3145 1277 3380 1333 Romani
3413 1297 3606 1336 verum
3635 1284 3688 1336 id

2115 1370 2239 1414 esse
2274 1359 2403 1424 rati,
2438 1361 2554 1416 vias
2603 1363 2951 1434 negligenter
3003 1369 3346 1435 custodiunt,
3407 1373 3690 1442 equitibus

2114 1449 2170 1503 in
2225 1451 2423 1509 castris
2463 1453 2690 1521 relictis,
2749 1465 3034 1528 noctuque
3062 1461 3298 1516 sarcinis
3344 1463 3608 1530 collectis,
3633 1474 3690 1520 et

2113 1543 2382 1612 angustiis
2407 1560 2508 1615 per
2534 1546 2709 1602 otium
2737 1550 3035 1619 superatis,
3067 1551 3316 1608 Aretium
3358 1555 3641 1610 contendit
3671 1575 3686 1609 :

2113 1633 2394 1703 equitibus
2415 1636 2603 1704 etiam,
2624 1653 2749 1693 cum
2767 1640 2926 1711 longe
2947 1644 3330 1712 processisset,
3355 1646 3691 1702 consecutis.

2113 1725 2382 1785 Consules
2433 1738 2494 1785 ut
2525 1747 2585 1787 se
2624 1732 2885 1804 deceptos
2931 1751 3052 1790 esse
3081 1747 3395 1801 senserunt,
3427 1739 3691 1795 Geminus

2112 1819 2187 1874 ibi
2217 1822 2509 1886 mansit,ut
2559 1839 2656 1880 eos
2695 1826 2788 1895 qui
2827 1825 3144 1883 defecerant
3183 1839 3424 1894 vexaret,
3467 1841 3522 1885 et
3559 1831 3692 1886 Car-

2113 1911 2550 1983 thaginiensibus
2586 1932 2744 1987 Opem
2799 1918 2944 1974 ferre
2990 1921 3334 1990 prohiberet.
3393 1924 3693 1978 Flaminius

2110 2020 2242 2059 vero
2274 2007 2426 2062 solus
2452 2009 2724 2065 abeuntes
2764 2024 3115 2081 persecutus,
3144 2023 3200 2068 ut
3223 2015 3452 2069 victoria
3479 2015 3694 2071 scilicet

2112 2098 2196 2151 sui
2235 2101 2400 2155 unius
2427 2114 2595 2164 esset,
2631 2102 2878 2158 Aretium
2908 2114 3035 2160 ante
3065 2109 3379 2177 occupavit.
3411 2108 3544 2161 Nam
3580 2109 3695 2164 An-

2110 2189 2264 2244 nibal
2316 2192 2450 2246 dum
2502 2193 2825 2262 compendia
2879 2198 3096 2265 qumrit,
3160 2197 3216 2251 in
3272 2198 3420 2251 Invia
3451 2197 3695 2258 incidit;

2113 2281 2426 2351 multosque
2473 2285 2752 2352 mortales,
2814 2287 2987 2342 multa
3065 2287 3336 2359 iumenta,
3378 2297 3433 2344 et
3459 2287 3692 2344 alterum

2112 2375 2335 2428 oculum
2369 2375 2576 2430 amisit.
2610 2376 2746 2430 Sero
2778 2377 2998 2433 tandem
3030 2379 3097 2433 ad
3131 2380 3381 2434 Aretium
3439 2395 3694 2451 progres-

2113 2483 2226 2533 sus,
2259 2469 2587 2524 Flaminium
2613 2470 2726 2526 illic
2760 2470 3046 2526 inventum
3091 2472 3423 2543 contempsit
3457 2488 3558 2528 :ae
3590 2489 3696 2544 pu-

2113 2575 2217 2630 gna
2248 2560 2472 2631 quidem
2503 2560 2773 2616 abstinuit
2803 2562 2978 2632 (locus
3006 2563 3152 2618 enim
3194 2565 3580 2618 incommodus
3607 2566 3694 2616 vi-

2113 2654 2392 2720 debatur),
2420 2655 2515 2709 sed
2546 2655 2791 2709 hominis
2809 2656 3089 2726 ingenium
3121 2656 3466 2727 periclitans,
3497 2672 3689 2727 agrum

2113 2749 2372 2805 vastavit.
2402 2748 2540 2803 Cum
2575 2765 2709 2802 vero
2741 2749 2975 2803 Romani
3005 2751 3404 2815 excurrissent,
3437 2748 3698 2805 simulato

2115 2849 2264 2896 metu
2298 2840 2518 2894 reduxit
2547 2840 2850 2896 exercitum
2885 2857 2898 2893 :
2933 2849 2989 2895 et
3017 2852 3185 2896 noctu
3240 2840 3438 2896 castris
3478 2856 3700 2911 promo-

2115 2933 2209 2998 tis,
2247 2933 2480 3002 locoque
2507 2948 2701 3003 pugnae
2733 2931 2934 2987 idoneo
2965 2941 3145 3002 capto,
3183 2933 3431 3002 peditum
3485 2941 3696 3003 partem

2115 3027 2408 3081 maximam
2441 3025 2496 3080 in
2545 3025 2825 3080 montibus
2855 3025 2906 3078 in
2945 3024 3163 3081 insidiis
3196 3024 3504 3090 collocavit,
3536 3023 3696 3095 equi-

431 3117 610 3189 τούτῳ
639 3118 1099 3190 ἐπεκδραμόντων
1134 3118 1243 3172 τῶν
1291 3117 1601 3188 Ῥωμαίων,
1632 3119 2006 3188 ἐπανήγαγεν,

2117 3127 2288 3175 tatum
2339 3132 2560 3173 omnem
2612 3127 2766 3171 extra
2823 3118 3106 3188 angustias
3166 3116 3305 3171 clam
3335 3116 3390 3171 in
3433 3115 3699 3172 subsidiis

433 3211 523 3263 ἵνα
555 3210 842 3280 φοϐεῖσθαι
871 3210 1023 3281 δόξῃ.
1053 3209 1166 3279 Τῆς
1193 3210 1251 3264 δὲ
1272 3210 1470 3274 νυκτὸς
1500 3210 1820 3277 ἐξαναστάς,
1885 3211 2010 3264 ἐπι-

430 3305 646 3375 τήδειόν
664 3322 717 3357 τι
741 3305 1097 3376 χωρίονεπρός
1119 3306 1217 3373 τὴν
1239 3304 1422 3376 μάχην
1441 3305 1640 3376 εὑρὼν,
1669 3305 1875 3375 ἔμεινε.
1899 3305 2011 3362 Καὶ

432 3394 530 3448 τοῦ
564 3395 664 3464 μὶν
691 3395 859 3458 πεζοῦ
887 3396 948 3448 τὸ
989 3395 1176 3449 πλεῖον
1216 3397 1359 3449 κατά
1397 3395 1464 3449 τά
1489 3396 1590 3467 δρη
1633 3395 1796 3468 λοχᾷν
1829 3395 2009 3464 ἔταξε,

431 3488 497 3538 τὸ
521 3487 569 3539 δ’
607 3487 837 3541 ἱππικὸν
869 3486 1093 3558 σύμπαν
1123 3486 1228 3553 ἔξω
1265 3487 1374 3541 τῶν
1402 3489 1606 3543 στενῶν
1633 3489 1857 3559 ἀφανῶς
1907 3491 2008 3558 ὲφο

432 3576 677 3646 εῑρεύειν
705 3576 975 3642 ἐκέλευσε,
1010 3577 1102 3630 καὶ
1151 3576 1314 3641 αὐτὸς
1341 3577 1435 3631 ἐπὶ
1479 3576 1571 3632 τοῦ
1616 3577 1856 3649 γηλόφου
1893 3575 2012 3647 μετ’

434 3669 637 3737 ὀλίγων
661 3668 1228 3738 ἐστρατοπεδεύσατο.
1273 3669 1334 3723 Ὀ
1350 3669 1407 3722 δὲ
1437 3668 1735 3740 Φλαμίνιος
1772 3672 1832 3723 ὲν
1882 3685 2013 3739 φρο-

437 3763 645 3832 νήματι
673 3761 768 3828 ὣν,
799 3763 896 3816 καὶ
920 3763 1012 3814 ἐπὶ
1033 3761 1309 3833 μετεώρου
1331 3763 1430 3815 σὺν
1452 3761 1652 3830 ὀλίγοις
1677 3761 1840 3816 αὐτὸν
1864 3759 2008 3826 ἰδὼν,

436 3856 539 3926 τήν
566 3872 625 3908 τε
664 3854 862 3926 λοιπὴν
888 3855 1151 3925 στρατιὰν
1181 3855 1373 3926 πόρρω
1408 3869 1503 3907 ποι
1539 3854 1892 3921 πεπομφέναι
1922 3869 2014 3906 νο-

441 3948 630 4018 μίσας,
668 3947 868 4017 ῥᾳδίως
899 3945 1288 4017 μεμονωμένον
1337 3947 1592 4017 αἱρήσειν
1647 3947 1870 4017 ἤλπισε,
1918 3951 2014 4004 καὶ

435 4041 496 4102 ές
525 4038 586 4092 τὸ
609 4038 792 4091 στενὸν
819 4038 1243 4107 ἀπερισκέπτως
1274 4037 1515 4109 είσῆλθε,
1555 4038 1833 4093 κάνταῦθα
1894 4039 2014 4111 (ὀψὲ

437 4131 552 4202 γὰρ
580 4127 669 4204 ἦν)
691 4130 975 4204 ηὐλίσατο,
1012 4132 1106 4184 καὶ
1142 4131 1250 4184 ὑπὸ
1285 4131 1459 4201 μέσας
1486 4131 1690 4196 νύκτας
1714 4132 1820 4185 ὑπὸ
1849 4149 2016 4187 κατα-

438 4219 761 4293 φρονήσεως
801 4218 1001 4282 αὐτοὺς
1031 4218 1382 4287 ἀφυλάκτους
1406 4219 1772 4286 καθεύδοντας
1799 4237 2013 4278 παντα-

437 4310 600 4382 χόθεν
629 4309 766 4380 ὀμοῦ
800 4311 1096 4382 περιέσχον
1149 4311 1202 4363 οἱ
1241 4310 1606 4382 Καρχηδόνιοι
1662 4313 1760 4366 καὶ
1800 4315 2019 4388 πόρῤω-

438 4404 536 4456 θεν
561 4403 834 4466 ἀκοντίοις
867 4403 965 4457 καὶ
987 4403 1305 4473 σφενδόναις
1353 4404 1451 4458 καὶ
1505 4403 1829 4477 τοξεύμασι,
1890 4409 2017 4472 τοὺς

445 4498 550 4570 μὲν
572 4498 968 4568 εὐναζομένους
991 4498 1095 4566 ἔτι,
1125 4499 1251 4562 τοὺς
1273 4497 1330 4551 δὲ
1359 4498 1430 4551 τὰ
1466 4499 1608 4552 ὅπλα
1637 4499 2016 4570 λαμϐάνοντας
2040 4481 2096 4542 Ῑ)

437 4590 706 4652 ἔκτεινον,
728 4591 883 4643 αὐτοὶ
908 4591 982 4661 μή
1009 4607 1062 4643 τι
1091 4590 1264 4643 δεινὸν
1309 4591 1758 4662 ἀντιπάσχοντες·
1814 4593 1865 4645 οί
1905 4594 2016 4663 γὰρ

459 4684 745 4755 Ῥωμαῖοι,
783 4682 1012 4754 μηδενὸς
1040 4684 1224 4746 αὐτοῖς
1255 4683 1731 4755 συμπλεκομένου,
1792 4685 2017 4749 σκότους

435 4793 500 4830 τε
541 4777 636 4830 καὶ
664 4775 897 4848 ὁμίχλης
923 4773 1116 4841 οὔσης,
1167 4777 1267 4828 οὐκ
1302 4772 1447 4846 εἶχον
1475 4779 1541 4848 τῇ
1595 4779 1838 4848 σφετέρᾳ
1882 4778 2018 4850 χρή·

441 4867 643 4922 σασθαι
680 4869 873 4939 ἀρετῇ.
929 4866 1198 4929 Τοσοῦτος
1240 4867 1284 4920 δ’
1337 4867 1554 4935 ἐγένετο
1624 4868 1872 4940 θόρυϐος,
1922 4869 2018 4922 καὶ

441 4961 670 5032 τοιαύτη
714 4961 1039 5033 ταραχώδης
1072 4958 1332 5029 ἔκπληξις
1358 4961 1622 5031 κατέσχεν
1665 4961 1881 5024 αὐτοὺς,
1943 4959 2018 5023 th;

449 5054 712 5124 μηδὶτῶν
735 5053 984 5124 σεισμῶν
1030 5054 1141 5105 τῶν
1191 5053 1312 5104 τότε
1354 5054 1664 5122 γενομένων
1709 5052 2015 5116 αίσθέσθαι,

444 5145 652 5215 καίπερ
682 5144 854 5198 πολλὰ
891 5148 990 5214 μὲν
1018 5144 1429 5214 οἰκοδομήματα
1475 5145 1814 5215 κατερράγη,
1848 5143 2020 5196 πολλά

443 5236 504 5290 δὲ
529 5239 624 5289 καὶ
653 5238 763 5291 τῶν
802 5237 947 5308 ὀρῶν
979 5236 1045 5289 τὰ
1085 5236 1186 5305 μὲν
1215 5236 1420 5305 διέσχε,
1454 5236 1522 5288 τὰ
1555 5234 1612 5287 δὲ
1642 5236 1740 5289 καὶ
1793 5237 2026 5288 συνέπε-

447 5344 566 5389 σεν,
591 5328 666 5390 ὡς
700 5330 794 5381 καὶ
823 5328 924 5390 τὰς
950 5329 1244 5397 φάραγγας
1287 5325 1591 5397 ἐμφράξαι,
1643 5326 1740 5380 καὶ
1785 5325 2024 5397 ποταμοὶ

447 5419 508 5473 δὲ
531 5420 634 5491 τῆς
659 5421 897 5493 ἀρχαίας
924 5419 1104 5487 ἐξόδου
1134 5417 1591 5481 ἀποκλεισθέντες
1630 5417 1799 5489 ἄλλην
1861 5418 2024 5490 ἐτρά-

448 5525 633 5564 ποντο.
669 5510 914 5564 Το.οὗτοι
969 5508 1184 5579 σεισμοὶ
1250 5506 1350 5579 μὲν
1389 5508 1492 5578 τὴν
1527 5507 1835 5580 Τυρσηνίδα
1889 5524 2022 5560 κατ-

2117 3226 2239 3266 esse
2281 3208 2609 3282 jussit,ipse
2667 3209 2722 3264 in
2760 3209 2972 3263 tumulo
3011 3223 3136 3263 cum
3172 3207 3366 3278 paucis
3403 3208 3700 3263 castraba-

2116 3303 2257 3360 buit.
2280 3302 2349 3358 At
2385 3301 2687 3358 Flaminius
2712 3302 2817 3357 sibi
2853 3301 3047 3370 ﬁdens,
3075 3318 3200 3357 cum
3250 3317 3377 3357 eum
3405 3318 3530 3358 cum
3565 3318 3699 3372 pau-

2117 3397 2197 3452 cis
2224 3396 2277 3450 in
2326 3395 2464 3451 colle
2490 3395 2740 3460 vidisset,
2783 3403 2840 3450 et
2873 3395 3035 3465 longe
3087 3394 3372 3466 ablegasse
3421 3395 3697 3464 reliquum

2118 3486 2428 3542 exercitum
2459 3494 2700 3557 putaret,
2729 3500 2825 3556 spe
2853 3485 2974 3556 ejus
2997 3484 3072 3540 ita
3109 3479 3362 3540 destituti
3396 3483 3558 3539 facile
3603 3500 3698 3537 ca-

2117 3579 2305 3652 piendi
2351 3588 2641 3649 concepta,
2703 3586 2910 3632 temere
2969 3576 3250 3647 angustias
3335 3583 3420 3630 est
3487 3575 3700 3644 ingres-

2119 3690 2237 3742 sus,
2293 3675 2481 3744 ibique
2522 3674 2733 3741 (serum
2791 3671 2939 3725 enim
2995 3669 3105 3725 diei
3149 3668 3286 3738 erat)
3321 3666 3552 3737 quievit.
3583 3667 3698 3722 Sub

2118 3779 2340 3825 noctem
2382 3767 2614 3821 mediam
2679 3762 3165 3834 Carthaginienses
3206 3775 3302 3816 eos
3352 3759 3470 3814 sine
3527 3775 3698 3815 excu-

2116 3862 2226 3918 biis
2297 3833 2459 3931 (adeb
2521 3857 2628 3912 sibi
2689 3833 3064 3927 praelidebant)
3130 3851 3469 3907 dormientes
3500 3890 3517 3916 ,
3571 3866 3698 3906 cum

2119 3953 2280 4027 513
2308 3951 2501 4008 eodem
2534 3957 2778 4019 tempore
2828 3947 2896 4001 ab
2930 3943 3082 4000 omni
3124 3953 3279 4014 parte
3312 3942 3704 3999 circumdede-

2120 4056 2252 4101 runt
2281 4063 2294 4098 :
2333 4053 2497 4113 atque
2522 4041 2743 4096 eminus
2771 4038 2993 4111 jaculis,
3051 4035 3260 4099 lundis.
3297 4033 3529 4105 sagittis,
3561 4034 3701 4089 alios

2119 4137 2388 4195 cubantes
2412 4134 2614 4199 adhuc,
2646 4131 2784 4188 alios
2812 4146 2965 4187 arma
3002 4129 3318 4195 induentes,
3348 4127 3575 4198 impune
3605 4140 3702 4182 oc-

2121 4215 2396 4288 ciderunt.
2439 4225 2673 4282 Romani
2712 4227 2858 4281 enim
2897 4225 2953 4280 in
2990 4221 3236 4278 tenebris
3271 4228 3330 4276 et
3377 4219 3580 4274 nebula
3605 4234 3706 4273 ne-

2121 4322 2270 4378 mine
2302 4319 2554 4376 cominus
2596 4331 2914 4386 congresso,
2966 4313 3170 4369 virtute
3217 4326 3314 4366 sua
3355 4310 3435 4364 uti
3463 4325 3571 4364 non
3606 4322 3706 4379 po-

2122 4421 2370 4470 tuerunt.
2417 4409 2628 4465 Tantus
2677 4419 2863 4463 autem
2917 4405 3187 4462 tumultus
3239 4403 3364 4468 fuit,
3405 4410 3552 4456 tanta
3581 4416 3707 4470 per-

2123 4505 2388 4564 turbatio.
2426 4511 2614 4557 tantus
2644 4508 2827 4555 terror
2848 4513 2944 4553 eos
2973 4497 3195 4561 invasit,
3235 4504 3293 4548 ut
3360 4499 3705 4548 terraemotus

2122 4595 2216 4668 qui
2243 4603 2358 4650 tum
2383 4592 2607 4655 ﬁebant,
2635 4607 2742 4646 non
2780 4589 3072 4652 sentirent,
3104 4587 3353 4660 quamvis
3378 4586 3546 4640 multa
3571 4583 3707 4640 tedi-

2124 4686 2247 4741 ficia
2277 4693 2623 4748 corruerent,
2660 4683 2818 4738 multi
2855 4691 3071 4737 montes
3107 4682 3302 4753 partim
3338 4678 3706 4744 (inderentur,

2124 4776 2322 4848 partim
2377 4775 2605 4845 collapsi
2658 4774 2828 4830 valles
2872 4775 3310 4845 complanarent,
3365 4781 3422 4827 et
3479 4770 3704 4824 (lumina

2125 4866 2410 4922 veteribus
2459 4865 2631 4920 alveis
2679 4865 2945 4928 exclusa,
2997 4865 3106 4918 alio
3156 4871 3527 4916 verterentur.
3577 4859 3706 4926 Qua.

2125 4974 2248 5014 cum
2273 4958 2325 5011 in
2358 4956 2577 5011 Etruria
2603 4955 2817 5021 ﬁerent,
2847 4971 2875 5009 a
2903 4953 3275 5026 pugnantibus
3305 4968 3410 5005 non
3437 4960 3564 5006 sunt
3590 4951 3707 5002 ani-

2125 5049 2432 5104 madversa.
2467 5048 2680 5104 Cecidit
2708 5049 2822 5118 ipse
2861 5047 3183 5109 Flaminius,
3214 5055 3269 5099 et
3304 5045 3538 5098 maxima
3571 5041 3710 5094 mul—

2129 5141 2343 5197 titudo:
2387 5140 2700 5210 complures
2723 5139 2887 5194 etiam
2917 5138 3128 5192 tumulo
3144 5135 3380 5206 quodam
3415 5142 3707 5202 occupato,

2124 5233 2219 5287 ubi
2249 5231 2470 5297 diluxit,
2506 5231 2629 5303 fuga
2655 5232 2884 5286 salutem
2910 5230 3220 5302 quaesituri,
3267 5229 3434 5298 capti,
3465 5239 3614 5280 arma
3649 5228 3706 5276 et
3794 5259 3799 5263 -

2122 5323 2474 5394 semetipsos,
2515 5323 2841 5393 impunitate
2881 5323 3174 5394 promissa,
3207 5319 3560 5376 dediderunt.
3598 5311 3706 5368 Sed

2117 5417 2357 5474 Annibal
2387 5417 2750 5489 iurisiurandi
2787 5432 2983 5486 parum
3036 5429 3266 5473 memor.
3303 5423 3496 5466 omnes
3525 5405 3701 5475 capti-

2118 5523 2220 5565 vos
2249 5508 2344 5580 qui
2387 5507 2441 5562 in
2495 5507 2690 5562 castris
2714 5514 2894 5575 erant,
2933 5521 2998 5562 ex
3039 5503 3277 5560 subditis
3305 5508 3359 5556 et
3384 5497 3550 5552 sociis
3595 5495 3709 5550 lto-

1639 5665 1835 5728 Varia;
1871 5663 2179 5729 lectiones
2221 5672 2284 5730 et
2317 5674 2513 5729 notas.

491 5793 629 5869 (32)
663 5793 970 5852 Βαννῶνα.
1035 5793 1114 5849 Ita
1167 5793 1320 5866 Regii
1367 5802 1423 5849 et
1483 5791 1727 5847 Colbert.
1779 5789 2014 5848 Wolﬁus

2116 5793 2318 5849 ιανῶνα
2350 5790 2616 5848 ediderat.
