4050 6210
293 307 396 372 ποτ
1562 295 1884 359 JOANNIS
1916 269 2239 358 'zomna:
3431 290 3535 355 vos

287 429 576 475 manorum
599 410 847 471 dimisit:
875 412 1153 468 Romanos
1174 407 1322 480 ipsos
1349 407 1402 462 in
1426 406 1662 464 vinculis
1685 423 1863 463 asser-

1973 423 2117 478 σχον,
2146 406 2208 459 οὐ
2243 405 2426 478 μέντοι
2450 407 2543 459 καὶ
2557 407 2608 460 οί
2643 403 2941 477 μαχόμενοι
2960 402 3020 458 ἐν
3048 401 3228 475 ἐννοίᾳ.
3251 403 3406 474 σφῶν
3421 407 3543 476 ἐγέ-

287 510 454 566 vavit.
502 506 598 562 His
639 507 798 570 actis,
831 504 1030 559 itinere
1076 501 1305 554 Romam
1339 501 1571 561 intenta,
1601 499 1862 554 Narniam

285 617 464 671 usque
493 614 654 671 agros
702 593 990 658 vastando,
1043 601 1096 648 et
1142 591 1307 645 urbes
1362 587 1688 658 subigendo,
1727 587 1865 658 Spo.

287 695 397 749 leto
432 699 681 759 excepto,
716 699 1062 757 progressus,
1110 683 1173 739 C.
1212 681 1540 737 Centenium
1573 690 1863 751 prmtorem

286 787 748 842 circumventum,
773 775 989 832 evitatis
1010 772 1383 844 ejnszinsidiis,
1403 772 1627 826 occidit.
1655 771 1700 826 A
1728 771 1868 842 Spo-

289 877 400 932 leto
444 872 718 944 repulsus,
767 885 893 925 cum
951 875 1176 938 pontem
1209 865 1370 921 Naris
1397 865 1671 935 dejecturn
1701 863 1870 918 vidis-

289 976 394 1031 set,
429 966 684 1035 idemque
717 962 932 1020 caeteris
962 959 1306 1023 ﬂuminibus,
1349 973 1472 1028 quae
1507 958 1742 1014 transire
1773 971 1870 1012 ue-

286 1074 441 1114 cesse
490 1057 750 1123 habebat,
779 1070 902 1109 esse
942 1055 1148 1108 factum
1189 1051 1477 1107 audisset:
1519 1050 1724 1105 omisso
1757 1049 1869 1106 Ro-

287 1151 701 1215 mano.itinere,
754 1148 812 1203 in
853 1146 1209 1218 Campaniam
1258 1160 1318 1200 se
1363 1143 1658 1207 convertit,
1709 1143 1872 1213 cujus

287 1246 466 1300 solum
499 1241 922 1306 fertilissimum,
954 1247 1011 1294 et
1051 1238 1248 1294 urbem
1295 1236 1535 1307 Capuam
1574 1235 1869 1290 maximam

287 1350 410 1390 esse
450 1332 731 1388 audiebat.
757 1331 905 1398 Quas
932 1330 976 1386 si
1003 1337 1348 1400 occupasset,
1401 1343 1458 1382 se
1488 1335 1686 1382 caetera
1714 1324 1870 1381 brevi

289 1437 536 1496 tempore
567 1425 910 1495 adiecturum
943 1421 1192 1492 putabat.
1223 1419 1458 1476 Romani
1491 1419 1648 1475 clade
1680 1419 1870 1474 audita

291 1516 470 1571 moesti
499 1525 663 1584 atque
697 1513 868 1577 anxii,
915 1519 969 1566 et
1012 1510 1338 1580 semetipsos
1387 1519 1442 1564 et
1475 1523 1644 1563 caesos
1677 1509 1874 1578 lugen-

291 1620 394 1674 tes,
443 1616 636 1676 pontes
684 1603 924 1668 Tiberis,
959 1612 1163 1673 prater
1197 1615 1390 1664 unum,
1437 1599 1782 1670 deiecerunt,
1813 1605 1874 1652 et

289 1701 491 1756 moenia
523 1697 712 1752 multis
743 1697 796 1752 in
823 1695 962 1752 locis
985 1695 1209 1750 ruinosa
1242 1692 1498 1748 celeriter
1531 1691 1867 1752 refecerunt.

1966 515 2142 552 νοντο.
2173 499 2348 561 Αὐτός
2386 516 2443 552 τε
2480 491 2581 552 οὖν
2605 500 2634 552 ό
2670 496 2984 567 Φλαμίνιος.
3022 496 3118 550 καὶ
3180 494 3331 549 ἄλλοι
3389 515 3544 568 παμ-

1973 591 2202 662 πληθεῖς
2230 591 2448 645 ἔπεσον·
2488 591 2674 660 συχνοὶ
2705 589 2762 644 δὲ
2789 589 2881 642 ἐπί
2898 594 3030 642 ’τινα
3050 588 3215 658 λόφον
3239 588 3542 658 ἀνέϐησανο

1966 683 2092 736 ἐπεὶ
2127 682 2172 736 δ’
2195 684 2380 753 ἡμέρα
2409 682 2648 751 ἐγένετο,
2674 683 2756 744 εἰς
2797 681 2976 750 φυγὴν
3003 679 3298 752 ὥρμησαν,
3315 682 3410 734 καὶ
3439 697 3542 734 κα-

1965 775 2356 846 ταληφθέντες,
2378 775 2448 828 τά
2473 791 2534 827 τε
2563 774 2707 829 ὅπλα
2729 773 2824 828 καὶ
2853 773 3079 836 ἑαυτοὺς
3104 771 3193 826 ἐπ’
3220 771 3374 844 ἀδείᾳ.
3396 789 3546 844 παρ-

1967 864 2178 918 έδοσαν.
2209 864 2278 916 ’Ὀ
2307 880 2371 932 γε
2403 863 2508 934 μὴν
2553 861 2799 924 Ἀννίϐας
2849 859 3026 931 βραχὺ
3082 858 3192 912 τῶν
3219 858 3549 928 ὀμωμοσμέ-

1971 973 2078 1010 νων
2105 956 2412 1026 ἐφρόντισε,
2457 956 2679 1009 πάντων
2723 953 2780 1008 δὲ
2809 953 2918 1006 τῶν
2968 952 3030 1004 ἐν
3069 951 3150 1022 τῷ
3192 951 3545 1022 στρατοπέδῳ

1972 1048 2232 1111 ἁλόντων,
2261 1047 2446 1117 τὸμὲν
2502 1046 2771 1117 ὑπήκοον,
2824 1043 2884 1098 τό
2911 1060 2970 1097 τε
3040 1041 3394 1113 συμμαχικὸν
3441 1042 3548 1095 τῶν

1979 1135 2266 1205 Ῥωμαίων
2296 1136 2536 1206 ἀφῆκεν,
2570 1134 2772 1198 αὐτοὺς
2804 1133 2863 1186 δὲ
2907 1132 3151 1194 ἐκείνους
3199 1131 3371 1202 δήσας
3418 1130 3550 1198 ἐφύ-

1969 1225 2162 1279 λασσε.
2182 1225 2403 1296 Πράξας
2425 1225 2482 1278 δὲ
2503 1223 2702 1289 ταῦτα,
2733 1225 2828 1277 ἐπὶ
2851 1223 2952 1293 τὴν
2997 1221 3226 1292 Ῥώμην
3265 1220 3546 1292 ηπείγετο,

1971 1319 2067 1375 καὶ
2099 1320 2264 1390 μέχρι
2298 1318 2397 1389 μὲν
2422 1318 2671 1388 Ναρνιᾶς
2695 1318 2796 1386 τήν
2830 1333 2889 1370 τε
2911 1315 3016 1386 γῆν
3046 1315 3283 1386 τέμνων,
3319 1316 3418 1368 καὶ
3445 1315 3545 1377 τάς

1970 1411 2162 1474 πόλεις
2216 1410 2632 1482 προσαγόμενος
2697 1409 2837 1480 πλὴν
2901 1409 3218 1474 Σπολιτίου,
3288 1407 3546 1480 προῆλθε,

1969 1504 2131 1558 Γάῖόν
2169 1520 2230 1556 τε
2249 1502 2495 1557 ἐνταῦθα
2533 1503 2844 1570 Κεντήνιον⁹
2858 1498 3165 1570 στρατηγὸν
3197 1499 3549 1570 ἐνεδρεύοντα

1971 1595 2249 1668 περισχὼν
2280 1595 2551 1650 ἔκτεινεν.
2594 1593 2682 1657 Ὡς
2715 1593 2774 1646 δέ
2799 1591 2879 1664 τῷ
2915 1591 3187 1664 Σπολιτίῳ
3220 1589 3548 1662 προσϐαλὼν

1971 1688 2322 1760 ἀπεκρούσθη
2356 1728 2371 1753 ,
2404 1687 2499 1741 καὶ
2555 1687 2654 1758 τὴν
2688 1685 2782 1740 τοῦ
2831 1685 3071 1757 Ναείρου
3121 1685 3373 1756 γέφυραν
3414 1683 3553 1738 καθ’

286 1803 343 1849 et
370 1793 690 1847 dictatorem
723 1791 776 1844 in
812 1788 1078 1844 concione
1098 1786 1391 1841 dixerunt:
1417 1799 1480 1839 ac
1505 1785 1642 1840 bene
1673 1798 1864 1838 secum

1977 1781 2266 1852 ηρημένην
2298 1776 2429 1847 εἶδε,
2456 1781 2552 1834 καὶ
2583 1780 2716 1850 περὶ
2739 1780 2865 1843 τοὺς
2887 1778 3081 1842 ἄλλους
3126 1777 3433 1849 ποταμοὺς,
3456 1777 3552 1841 οὓς

287 1886 374 1955 agi
412 1883 811 1943 existimantes,
849 1881 894 1935 si
927 1880 1029 1949 ipsi
1056 1885 1343 1932 manerent
1364 1875 1690 1940 incolumes,
1717 1874 1876 1929 nulla-

285 1977 456 2032 sociis
483 1975 685 2031 auxilia
737 1973 1030 2028 miserunt.
1078 1969 1184 2026 Sed
1231 1968 1518 2024 Annibalis
1551 1967 1609 2022 in
1637 1967 1881 2037 Campa--

287 2069 435 2124 niam
475 2065 816 2138 profectione
855 2063 1062 2129 audita,
1097 2061 1263 2117 etiam
1311 2060 1478 2116 sociis
1523 2073 1685 2129 opem
1717 2057 1867 2115 ferre

285 2159 682 2214 decreverunt.
753 2153 1014 2210 Annibali
1060 2152 1386 2208 dictatorem
1425 2151 1654 2207 Fabium
1697 2161 1756 2206 et
1794 2149 1867 2206 Μ.

288 2250 585 2306 minutium
637 2247 959 2318 magistrum
1007 2245 1254 2315 equitum
1302 2249 1722 2313 opposuerunt:
1773 2240 1869 2312 qui

286 2359 415 2398 cum
465 2357 533 2396 co
579 2340 882 2406 venissent,
934 2337 1194 2394 cumeillo
1245 2351 1355 2390 non
1404 2335 1686 2405 congressi
1717 2341 1868 2402 sunt,

287 2435 384 2490 sed
420 2432 590 2504 tergis
622 2432 977 2495 inhaerentes,
1025 2429 1396 2484 observarunt
1424 2427 1646 2498 quando
1675 2442 1735 2482 se
1765 2442 1867 2496 pu-

284 2543 408 2598 gnae
455 2526 682 2580 oﬂ‘erret
726 2522 968 2579 occasio.
1025 2519 1234 2578 Fabius
1261 2519 1411 2574 enim
1439 2534 1565 2574 cum
1597 2517 1872 2572 militibus

290 2618 521 2688 trepidis
548 2626 604 2672 et
633 2616 792 2671 victis
829 2624 1023 2669 contra
1069 2613 1237 2686 414
1273 2614 1479 2684 plures,
1523 2619 1582 2666 et
1608 2611 1868 2673 victores,

289 2706 477 2761 llartis
527 2705 702 2760 aleam
744 2702 988 2773 experiri
1049 2702 1267 2759 noluit:
1309 2701 1585 2771 simulque
1619 2699 1884 2770 putabat,

289 2812 400 2868 quo
427 2797 599 2868 magis
633 2810 824 2866 agrum
850 2802 1174 2859 vastassent,
1223 2809 1290 2849 eo
1331 2793 1499 2850 citius
1529 2799 1885 2850 commeatus.

290 2890 522 2960 penuria
554 2887 921 2950 laboraturos.
959 2885 1055 2940 llis
1083 2884 1396 2941 rationibus
1447 2884 1738 2948 adductus,
1775 2897 1872 2938 ne-

291 2997 399 3052 que
429 2979 589 3038 alteri
623 2979 836 3049 regioni
874 2975 994 3040 ulli,
1023 2991 1202 3046 neque
1241 2975 1557 3046 Campaniae
1591 2989 1752 3045 opem
1785 2981 1876 3028 tu-

290 3073 394 3127 lit:
446 3081 504 3126 et
543 3087 736 3126 omnes
782 3070 971 3124 hostes
1016 3069 1068 3122 in
1106 3067 1406 3139 Campania
1452 3067 1767 3129 conclusos,
1815 3073 1872 3122 et

292 3163 538 3233 undique
587 3163 906 3232 ignorantes
947 3159 1324 3214 circumdatos
1370 3157 1702 3212 observavit.
1733 3155 1870 3212 Nam

294 3253 396 3323 ipsi
452 3252 779 3322 quidemet
819 3265 886 3303 ex
938 3249 1073 3302 mari
1117 3258 1174 3303 et
1221 3263 1290 3304 ex
1341 3248 1505 3304 sociis
1554 3246 1871 3304 civitatibus

292 3351 633 3398 commeatus
654 3339 873 3393 abunde
901 3338 1227 3408 suppetebat
1253 3355 1268 3391 :
1304 3338 1412 3393 illis
1435 3353 1568 3393 vero
1587 3338 1724 3392 nihil
1746 3352 1868 3393 esse

292 3433 398 3488 nisi
450 3449 517 3487 ex
568 3446 824 3502 agrorum
870 3430 1175 3484 vastatione
1230 3440 1410 3486 norat.
1465 3427 1563 3484 His
1593 3429 1661 3484 de
1692 3428 1876 3484 causis

291 3540 501 3578 moram
532 3539 690 3594 aequo
738 3522 950 3577 terebat
979 3522 1188 3591 animo,
1221 3532 1277 3578 et
1307 3536 1338 3577 a
1364 3521 1576 3578 civibus
1603 3536 1714 3576 non
1752 3520 1873 3576 sine

290 3615 535 3683 querelis
567 3614 869 3669 Cunctator
899 3612 1209 3668 dicebatur.

1971 1872 2270 1940 ἀναγκαῖον
2297 1871 2548 1936 διελθεῖν,
2575 1871 2735 1926 τοῦτο
2761 1868 2986 1938 γεγονὸς
3025 1868 3279 1935 ἐπύθετο,
3315 1868 3417 1939 τῆς
3450 1871 3552 1938 μὲν

1971 1965 2064 2017 ἐπὶ
2091 1963 2188 2035 τὴν
2230 1963 2454 2036 Ῥώμην
2484 1965 2664 2036 ὁρμῆς
2711 1962 2976 2032 ἐπέσχεψ
3027 1963 3086 2023 ἐς
3145 1962 3203 2015 δέ
3239 1961 3342 2032 τὴν
3387 1963 3554 2032 Καμ-

1972 2057 2172 2112 πανίαν
2196 2057 2489 2128 ἐτράπετο,
2523 2056 2626 2127 τήν
2650 2073 2710 2110 τε
2742 2054 2928 2127 χώραν
2951 2055 3186 2126 ἀρίστην
3210 2056 3307 2108 καὶ
3329 2052 3429 2126 τὴν
3451 2055 3552 2108 πό-

1971 2150 2056 2205 λιν
2080 2149 2181 2222 τὴν
2212 2149 2447 2220 Καπύην
2483 2149 2750 2218 μεγίστην
2779 2146 2944 2203 οὖσαν
2977 2145 3218 2212 ἀκούων,
3271 2146 3550 2216 ἐνόμιζεν,

1970 2242 2020 2294 εί
2061 2242 2202 2311 σφᾶς
2228 2238 2662 2310 προκαταλάϐοι,
2708 2238 2804 2292 καὶ
2837 2236 3006 2292 τᾶλλα
3027 2237 3095 2291 δι’
3148 2235 3335 2304 ὀλίγου
3375 2251 3548 2306 προσ-

1971 2332 2308 2404 κτήσασθαι.
2344 2331 2407 2385 Οἱ
2427 2330 2473 2386 δ’
2503 2334 2560 2384 ἐν
2585 2334 2652 2403 τῇ
2687 2329 2888 2402 Ῥώμῃ
2910 2329 3210 2400 πυθόμενοι
3263 2329 3396 2399 περὶ⁸
3450 2327 3550 2395 τῆς

1970 2426 2139 2497 ἥττης
2149 2426 2392 2496 ηλγησαν
2405 2423 2500 2478 καὶ
2525 2423 2614 2477 διὰ
2639 2423 2880 2486 ἐκείνους
2902 2421 3000 2476 καὶ
3023 2421 3092 2476 δι’
3121 2421 3349 2484 ἑαυτοὺς
3365 2420 3560 2490 ὀδυρό-

1975 2531 2129 2585 μενοι
2147 2516 2244 2568 καὶ
2261 2515 2318 2568 ἐν
2339 2514 2529 2585 ἀπόρῳ
2548 2509 2688 2586 ἦσαν
2705 2514 2805 2578 τάς
2827 2531 2884 2568 τε
2902 2513 3147 2586 γεφύρας
3163 2511 3257 2566 τοῦ
3274 2511 3558 2583 Τιϐέριδις

1972 2607 2117 2676 πλὴν
2134 2607 2264 2676 μιᾶς
2287 2605 2559 2672 καθεῖλον,
2578 2604 2675 2659 καὶ
2688 2607 2757 2660 τὰ
2771 2604 2923 2678 τείχη
2945 2605 3186 2677 πολλαχῆ
3206 2610 3552 2675 πεπονηκ’τα

1975 2699 2180 2769 σπουδῇ
2213 2697 2612 2761 ἐπεσκεύαζον.
2647 2700 2955 2770 Δικτάτορά
2993 2716 3056 2752 τε
3085 2697 3552 2770 προχειρίσασθαι

1973 2786 2356 2858 βουληθέντες,
2374 2789 2532 2843 αὐτοὶ
2557 2791 2618 2842 ἐν
2636 2790 2906 2863 ἐκκλησία
2927 2791 3089 2845 αὑτὸν
3109 2793 3352 2846 ἀνεῖπον.
3389 2791 3550 2859 ’Δγαο

1973 2877 2186 2942 πῶντες
2215 2879 2272 2934 δὲ
2306 2881 2355 2933 εί
2378 2880 2535 2934 αὐτοὶ
2566 2881 2720 2952 μόνοι
2751 2881 3004 2949 σωθεῖεν,
3032 2883 3135 2937 οὐκ
3159 2883 3413 2937 ἔστειλαν
3433 2886 3548 2946 τοῖς

1976 2971 2292 3041 συμμάχοις
2321 2970 2602 3043 βοήθειαν.
2631 2972 2938 3044 Πυθόμενοι
2975 2975 3034 3028 δέ
3078 2977 3172 3030 τὸν
3210 2974 3462 3031 ’Δννίϐαν
3492 2977 3551 3039 ἐς

1977 3062 2315 3134 Καμπανίαν
2346 3064 2678 3137 ὁρμηθῆναι,
2721 3067 2784 3120 τό
2822 3084 2884 3120 τε
2923 3068 3018 3121 καὶ
3065 3068 3181 3132 τοῖς
3237 3068 3551 3139 συμμάχοις

1976 3155 2339 3226 ἐπικουρῆσαι
2371 3156 2641 3225 ἔγνωσαν·
2671 3157 2750 3228 τῷ
2783 3158 2830 3212 δ’
2876 3158 3096 3228 Ἀννίϐᾳ
3127 3159 3220 3212 τὸν
3254 3159 3550 3227 δικτάτορα

1974 3244 2068 3298 τὸν
2093 3243 2314 3310 Φάϐιον,
2353 3248 2447 3300 καὶ
2490 3248 2581 3302 τὸν
2617 3249 2900 3320 ἵππαρχον
2933 3249 3025 3304 τὸν
3057 3251 3288 3319 Μάρκον
3316 3252 3406 3304 τον
3438 3250 3549 3304 Μι-

1973 3335 2193 3390 νούκιον
2226 3338 2715 3410 άντικατέστησαν.
2745 3341 2811 3394 Οἳ
2847 3341 2934 3395 ἐπ’
2963 3344 3172 3395 ἐκεῖνον
3197 3340 3465 3405 ἐλθόντες,
3494 3342 3552 3403 ἐς

1973 3427 2072 3496 μὲν
2094 3430 2286 3500 χεῖρας
2319 3429 2467 3501 αὐτῷ
2493 3432 2593 3485 οὐκ
2613 3431 2804 3502 ᾔεσαψ
2844 3432 3224 3502 παρεπόμενοι
3251 3432 3310 3486 δὲ
3341 3432 3546 3503 ἐπετή·

1973 3534 2126 3587 ρουν,
2176 3521 2333 3574 εἵπου
2360 3523 2552 3593 καιρὸς
2585 3523 2766 3595 μάχης
2800 3527 3132 3596 παραπέσοι’
3163 3523 3554 3578 ἀποκινδυνεῦ-

1972 3626 2061 3663 σαι
2092 3615 2203 3683 γὰρ
2227 3613 2256 3666 ὁ
2289 3613 2489 3677 Φάϐιος
2522 3617 2892 3686 κατεπτηχόσι
2923 3616 3289 3689 στρατιώταις
3329 3615 3424 3668 καὶ
3450 3615 3550 3686 ητ-

291 3706 574 3792 τημένοις,
608 3705 744 3776 πρὸς
770 3705 992 3769 πλείους
1022 3707 1117 3760 καὶ
1146 3703 1506 3776 νενικηκότας
1541 3705 1644 3759 οὐκ
1677 3701 1862 3777 ἤθελε,
1899 3704 1993 3757 καὶ
2054 3705 2174 3774 ἅμα
2233 3706 2343 3776 ὅσῳ
2372 3707 2574 3778 μᾶλλον
2611 3707 2710 3780 τὴν
2729 3708 2912 3780 χώραν
2939 3711 3274 3776 κακώσειαν,
3312 3709 3552 3778 τοσούτῳ

292 3797 494 3853 θᾶσσον
525 3799 804 3870 ἀπορῆσαι
830 3798 1036 3870 τροφῆς
1090 3798 1291 3863 αὐτοὺς
1355 3796 1595 3868 ἧλπισεθ
1629 3796 1904 3861 Τοιούτοις
1946 3795 2232 3868 χρώμενος
2277 3799 2584 3870 λογισμοῖς,
2657 3800 2770 3855 οὔτ’
2835 3803 2973 3876 ἄλλῃ
3028 3803 3187 3876 χώρα
3246 3805 3551 3876 ἐπήμυνεν,

291 3896 418 3950 οὔτε
451 3892 519 3964 τῇ
559 3891 885 3964 Καμπανίᾳ·
919 3890 1274 3947 κατέκλεισεν
1305 3887 1399 3945 οὖν
1427 3891 1518 3946 διά
1545 3889 1720 3946 ταῦτα
1758 3891 1870 3945 πᾶν
1904 3891 1966 3945 τὸ
2025 3891 2290 3962 πολέμιον
2331 3894 2413 3957 είς
2437 3894 2537 3965 τὴν
2564 3896 2925 3968 Καμπανίαν.
2991 3899 3283 3972 Περισχὼν
3311 3900 3423 3972 γάρ
3453 3903 3551 3955 αὺ-

291 3990 417 4050 τοὺς
449 3987 824 4057 ἁπανταχόθεν
854 3987 955 4038 οὐκ
981 3984 1190 4051 εἰδότας
1215 3986 1275 4040 ἐν
1307 3985 1526 4056 φυλακῇ
1550 3985 1867 4058 ἐποιήσατο.
1909 3984 2086 4050 Αὐτὸς
2157 3986 2258 4057 μὲν
2295 3986 2406 4058 γὰρ
2460 3990 2572 4042 κάκ
2608 3989 2708 4060 τῆς
2740 3988 3042 4062 θαλάσσης,
3066 3992 3163 4046 καὶ
3194 3995 3257 4046 ἐκ
3279 3991 3384 4062 τῆς
3418 4007 3558 4060 συμ,

186 4101 190 4106 λ
290 4079 526 4152 μαχίδος
552 4081 661 4137 τῶν
696 4079 1022 4149 ἐπιτηδείων
1057 4078 1304 4150 εὐπορεῖ·
1369 4079 1603 4145 ἐκείνοις
1644 4078 1702 4132 δὲ
1770 4078 1910 4149 μόνα
1943 4079 2016 4134 τὰ
2079 4079 2147 4133 ἐκ
2174 4079 2274 4151 τῆς
2307 4080 2412 4150 γῆς
2442 4079 2510 4152 ἢν
2539 4079 2778 4152 ἔκειρον,
2808 4083 3127 4154 ὑπάρχοντα
3155 4084 3294 4156 ⁴ᾔδει.
3322 4087 3434 4141 Καὶ
3465 4086 3558 4139 δια

286 4174 455 4226 τοῦτο
483 4174 665 4243 ἀνεῖχε
697 4173 792 4225 καὶ
830 4171 932 4241 τῆς
968 4169 1278 4242 μελλήσεως
1307 4169 1408 4224 οὐκ
1436 4171 1747 4244 ἐφρόντισε.
1779 4170 1871 4225 Διὸ
1903 4170 2002 4226 καὶ
2066 4171 2220 4242 παρὰ
2273 4171 2384 4225 τῶν
2412 4171 2649 4226 πολιτῶν
2677 4173 2870 4228 αίτίαν
2904 4169 3050 4245 εἶχεν
3109 4175 3186 4241 ὡς
3257 4179 3354 4232 καὶ
3407 4179 3526 4236 Μελ

290 4266 462 4337 λητὴς
491 4263 972 4334 ἐπωνομασθῆναι.

366 4356 556 4414 XXVI.
599 4355 838 4412 Annibal
877 4365 1082 4423 autem,
1115 4356 1356 4412 instante
1409 4356 1611 4422 hieme,
1652 4371 1778 4412 cum
1806 4355 1871 4412 ob

2059 4353 2205 4422 κεῖν.
2241 4354 2301 4409 Ὀ
2333 4353 2379 4409 δ’
2424 4351 2675 4418 ’Δννίϐας
2707 4354 2833 4408 ἐπεὶ⁵
2860 4354 2999 4426 πρὸς
3025 4357 3272 4428 χειμῶνα
3316 4361 3553 4431 ἐγίνετο.

291 4457 640 4506 commeatus
677 4448 964 4518 penuriam
1017 4463 1086 4504 eo
1128 4449 1250 4504 loco
1285 4449 1581 4506 hibernare
1609 4465 1718 4506 non
1753 4464 1871 4520 pos-

1983 4446 2079 4500 καὶ
2106 4445 2232 4501 οὔτε
2256 4445 2397 4502 κατὰ
2425 4447 2612 4518 χώραν
2647 4447 2914 4518 χειμάσαι
2969 4451 3167 4504 σπάνει
3216 4452 3328 4507 τῶν
3383 4455 3527 4524 άναγ

293 4551 400 4605 set,
432 4551 488 4596 et
517 4542 700 4594 varias
733 4540 977 4595 rationes
1025 4540 1337 4612 Campaniae
1380 4541 1619 4598 exeundi
1669 4543 1876 4598 frustra

298 4637 584 4694 tentasset,
613 4629 928 4698 hujusmodi
958 4631 1253 4686 consilium
1281 4632 1448 4702 cepit.
1473 4630 1732 4702 Captivos
1759 4645 1878 4686 om-

297 4736 401 4775 nes
434 4728 785 4780 convocatos,
836 4736 904 4774 ne
938 4720 1062 4791 quis
1107 4736 1298 4776 eorum
1323 4722 1612 4795 effugeret,
1651 4729 1706 4777 et
1741 4721 1874 4792 quid

294 4819 554 4882 ageretur
601 4809 863 4866 Romanis
908 4811 1259 4881 signiﬁcaret,
1307 4813 1547 4869 occidit:
1589 4821 1644 4868 et
1683 4813 1874 4877 boum,

293 4918 438 4973 quos
480 4903 534 4957 in
584 4903 783 4957 castris
832 4903 1092 4969 habebat,
1137 4905 1401 4960 cornibus
1430 4905 1578 4961 faces
1607 4905 1871 4976 alligavit,

295 5002 577 5062 noctuque
607 4993 675 5047 ad
707 4993 1036 5050 Samniticos
1090 5005 1308 5052 montes
1331 4998 1632 5068 profectus,
1665 4996 1876 5054 facibus

297 5085 543 5141 incensis
587 5085 756 5140 boves
787 5085 1158 5152 extimulavit,
1203 5089 1296 5158 qui
1325 5089 1434 5158 igni
1458 5099 1514 5144 et
1554 5087 1875 5144 verberibus

300 5174 357 5228 in
389 5171 599 5226 rabiem
637 5172 768 5240 acti,
813 5172 1003 5227 multis
1035 5173 1087 5228 in
1122 5174 1258 5230 locis
1301 5174 1437 5229 silva
1469 5175 1714 5239 incensa,
1745 5175 1876 5232 iaci-

299 5265 413 5320 lem.
439 5263 490 5319 ei
524 5264 813 5319 transitum
845 5265 1220 5334 prtebuerunt.
1254 5267 1389 5322 Nam
1430 5267 1659 5322 Romani
1692 5267 1786 5338 qui
1819 5268 1873 5322 in

215 5411 222 5418 _
301 5356 499 5410 castris
546 5365 602 5411 et
643 5356 880 5410 collibus
934 5365 1111 5425 erant,
1163 5358 1394 5413 insidias
1443 5358 1628 5425 veriti,
1672 5375 1730 5415 se
1763 5376 1873 5416 non

302 5456 740 5502 commoverunt.
773 5447 864 5503 Sic
895 5448 1132 5504 Annibal
1178 5451 1246 5505 ad
1293 5449 1565 5506 Samnites
1603 5453 1872 5523 pervenit.

303 5538 380 5594 Ea
407 5554 464 5592 re
498 5539 696 5594 Fabius
736 5555 896 5596 mane
939 5543 1177 5612 cognita,
1223 5543 1490 5600 abeuntes
1511 5559 1871 5615 persequens,

306 5629 374 5682 iis
405 5631 501 5699 qui
533 5630 600 5685 ad
633 5631 823 5687 hostes
871 5632 1216 5702 repellendos
1261 5634 1316 5688 in
1351 5635 1438 5688 via
1486 5635 1664 5691 relicti
1691 5646 1873 5698 erant,

307 5717 529 5790 (ngam,
558 5737 860 5792 eorumque
907 5723 1072 5779 sociis
1109 5727 1421 5796 superatis:
1463 5743 1570 5783 non
1625 5727 1868 5798 procula

1979 4539 2150 4593 καίων
2177 4538 2431 4610 ἠδύνατο,
2461 4539 2559 4592 καὶ
2589 4539 2836 4611 πολλαχῆ
2892 4541 3164 4613 πειράσας
3198 4544 3400 4610 ἐξιέναι
3449 4551 3551 4619 τῆς

1976 4630 2312 4700 Καμπανίας
2371 4629 2669 4694 κεκώλυτο,
2717 4630 2964 4686 τοιοῦτόν
3026 4650 3077 4686 τι
3134 4635 3547 4708 ἐμηχανήσατο.

1975 4721 2118 4784 Τοὺς
2148 4719 2533 4792 αἰχμαλώτους
2565 4721 2801 4789 πάντας,
2835 4723 2923 4778 ἵνα
2965 4726 3153 4797 μήτις
3195 4728 3378 4782 αὐτῶν
3428 4730 3548 4784 δια-

1975 4809 2144 4881 φύγῃ,
2181 4812 2276 4865 καὶ
2313 4811 2376 4865 τὸ
2417 4810 2704 4881 γινόμενον
2768 4815 3013 4887 γνωρίσῃ
3064 4819 3180 4882 τοῖς
3230 4819 3548 4891 Ῥωμαίοις,

1975 4903 2284 4973 κατέσφαξε
2316 4920 2330 4935 ·
2367 4906 2462 4959 καὶ
2489 4906 2587 4970 τὰς
2613 4907 2671 4959 ἐν
2692 4905 2770 4978 τῷ
2793 4909 3141 4981 στρατοπέδῳ
3181 4911 3311 4982 βοῦς
3366 4913 3552 4986 ἀθροί-

1976 5013 2098 5062 σας,
2126 4997 2289 5068 δᾷδας
2318 4999 2432 5062 τοῖς
2465 4999 2646 5054 αὐτῶν
2675 5000 2977 5072 προσέδησε
3008 5003 3229 5074 κέρασι,
3258 5005 3355 5060 καὶ
3409 5007 3547 5077 πρὸς

1973 5090 2044 5142 τὰ
2068 5091 2210 5144 κατὰ
2237 5092 2362 5153 τοὺς
2392 5091 2669 5161 Σαμνίτας
2717 5095 2819 5166 ὅρη
2874 5095 2981 5148 ὑπὸ
3041 5096 3215 5151 νύκτα
3267 5099 3550 5171 χωρήσας.

1975 5181 2075 5242 τάς
2108 5197 2170 5233 τε
2207 5181 2371 5252 δᾷδας
2400 5183 2573 5254 ἀνῆψε
2602 5187 2701 5240 xui.
2731 5188 2827 5249 τὰς
2872 5187 2999 5258 βοῦς
3054 5192 3413 5263 ἐπετάραξεν.
3458 5197 3551 5248 οξ-

1978 5271 2300 5343 στρηθεῖσαι
2328 5274 2372 5327 δ’
2405 5276 2612 5330 ἐκεῖναι
2639 5277 2730 5331 διὰ
2781 5279 2844 5332 τὸ
2869 5279 2980 5352 πῦρ
3030 5283 3127 5336 καὶ
3183 5283 3284 5354 τὴν
3335 5286 3548 5352 ἐλασιν.

1979 5363 2228 5436 πολλαχῆ
2258 5365 2359 5436 τὴν
2389 5365 2522 5437 ὕλην
2561 5367 2894 5440 ἐνέπρησαν,
2941 5371 3052 5426 κάκ
3099 5372 3297 5429 τούτου
3356 5379 3550 5448 ῥᾳδίαν

1977 5455 2255 5525 παρέσχον
2284 5455 2436 5526 αὐτῷ
2460 5456 2560 5526 τὴν
2589 5457 2914 5528 ὑπέρϐασιν.
2945 5461 3009 5514 Ol
3039 5460 3150 5532 γὰρ
3177 5463 3237 5516 ἐν
3269 5462 3349 5534 et}:
3381 5465 3552 5535 πεδίῳ

1994 5547 2258 5616 Ῥωμαῖοι
2287 5549 2382 5601 καὶ
2411 5549 2463 5602 oi
2495 5549 2552 5600 ἐν
2588 5551 2701 5612 τοῖς
2741 5549 3062 5624 μετεώροις,
3104 5554 3327 5626 ἐνέδρας
3382 5573 3552 5627 πτοη-

1978 5640 2185 5703 θέντες,
2238 5640 2340 5693 οὐκ
2392 5641 2753 5712 ἐκινήθησαν.
2812 5644 2925 5698 Καὶ
2969 5645 3144 5712 οὕτως
3205 5648 3235 5701 ό
3301 5647 3550 5711 Ἀννίϐας

1985 5730 2195 5802 διῆλθε,
2227 5734 2320 5785 καὶ⁵
2344 5732 2399 5796 ἐς
2421 5732 2520 5804 τὴν
2547 5733 2842 5806 Σαμνίτιδα
2875 5737 3166 5810 ἐκομίσθη.
3208 5739 3266 5793 '0
3298 5739 3394 5794 οῦν
3445 5743 3551 5800 Φὰ·
