3902 6202
259 259 370 324 ’109

1457 251 1866 324 ANNAL‘lUM
1907 255 2059 326 LIB.
2098 252 2272 327 VIII.

3390 254 3499 352 Ἱιό

258 380 393 444 ϐιος,
434 373 559 446 μεθ’
599 372 818 446 ἡμέραν
847 367 910 426 τ’)
955 361 1257 446 γενέμενον
1290 375 1477 444 γνοὺς,
1517 377 1816 444 κατεδῖιιιξι

1928 379 2337 436 -Pmnis.castra
2367 383 2574 453 posuit,
2606 357 2702 440 sed
2737 401 2914 459 pugna
2948 389 3268 458 detrectsh,
3301 414 3398 455 eos
3431 420 3523 460 va-

251 470 351 522 καὶ
385 467 514 531 τούς
537 483 597 520 τε
630 464 1164 534 καταλελειμμένους
1214 470 1272 521 ὲν
1319 470 1385 539 τῇ
1418 468 1525 540 ὀδῷ
1559 469 1649 523 ἵνα
1690 470 1829 540 σφᾶς

253 559 470 631 ετρξασι
501 558 863 630 τρεψάμενος,
903 557 997 610 καὶ
1040 558 1166 622 τοὺς
1223 557 1599 631 βοηθήσαντας
1648 561 1834 625 αὐτοῖς

256 655 564 723 κρατήσας,
612 651 1157 722 ἐστρατοπεδεύσατο
1205 652 1306 721 μὲν
1359 654 1420 706 οὐ
1488 654 1678 725 πόρῤιιι
1725 653 1832 706 τῶν

254 743 557 815 πολεμίων,
587 745 648 796 οὐ
675 746 860 811 μέντοι
893 745 988 796 καὶ
1038 746 1094 806 ες
1129 746 1320 817 χεῖρας
1350 745 1584 808 ἐκείνοις
1640 741 1829 815 ἦλθεν,

252 835 369 889 ἀλλ’
426 833 867 888 ἀποσκίδνασθαί
923 851 980 886 τε
1051 835 1253 897 αὐτοὺς
1315 836 1412 888 καὶ
1467 837 1830 907 προνομεύειν

249 924 511 982 ἐκώλυεν.
547 926 712 979 ’Ὥστε
756 924 850 980 τὸν
888 924 1161 991 Ἀννίϐαν,
1195 925 1570 994 ἀπορήσαντα,
1620 927 1680 979 τὸ
1729 926 1826 996 μὲν

250 1019 472 1088 πρῶτον
502 1018 597 1070 ἐπὶ
622 1016 725 1088 τὴν
762 1015 985 1087 Ῥώμην
1015 1017 1283 1087 ὁρμῆσαι·
1343 1019 1419 1081 ὡς
1462 1019 1508 1072 δ’
1557 1019 1657 1073 οὐκ
1697 1019 1832 1090 ἐμά-

239 1111 488 1182 χετο,δι⁹
515 1111 753 1181 ἡσυχίας
786 1111 844 1164 δὲ
877 1112 1290 1183 παρηκολούθει
1319 1112 1347 1164 ὁ
1391 1111 1617 1176 Φάϐιος,
1672 1112 1830 1176 αὖθις

247 1203 593 1274 ὑπέστρεψεν
652 1205 733 1267 είς
788 1203 852 1257 τδ
899 1203 1158 1275 Σάμνιον.
1202 1206 1312 1259 Καὶ
1354 1207 1382 1258 ὁ
1427 1204 1630 1268 Φάϐιος
1679 1203 1828 1276 αὐτῷ

244 1293 664 1367 ὲφεπόμενοςδι’
681 1282 986 1364 ἀσφαλείας
1007 1297 1348 1368 προσήδρευε
1374 1296 1827 1369 προμηθούμενος

245 1389 385 1457 μήτε
431 1388 540 1441 τῶν
569 1387 788 1441 οίκείων
815 1389 1112 1441 ἀποϐαλεῖν
1140 1405 1315 1454 τινας,
1333 1389 1428 1442 καὶ
1457 1389 1620 1452 αὐτὸς
1655 1388 1750 1458 μὲν
1770 1389 1827 1441 ἐν

241 1475 481 1546 εὐπορίᾳ
523 1475 633 1528 τῶν
654 1477 972 1544 ἀναγκαίων
999 1478 1306 1547 τυγχάνων,
1366 1478 1560 1549 ἐκείνῳ
1605 1479 1660 1531 δὲ
1717 1479 1826 1532 τῶν

238 1567 427 1621 ὅπλων
467 1568 622 1631 ἐκτὸς
649 1568 802 1622 οὐδὲν
823 1572 1115 1640 προσεῖναι
1163 1570 1331 1642 ὁρῶν,
1361 1571 1457 1625 καὶ
1517 1571 1640 1642 μηδ’
1679 1571 1827 1624 οἴκο-

238 1658 336 1713 θεν
369 1660 710 1731 προσιοῦσαν
763 1662 1113 1732 ἐπικουρίαν.
1174 1667 1237 1717 0i
1296 1665 1407 1736 γάρ
1463 1665 1823 1735 Καρχηδόνιοι

1941 472 2053 542 gari
2087 481 2142 527 et
2171 474 2383 543 praedas
2411 491 2570 544 agere
2601 478 2907 548 prohibuit.
2941 481 3136 554 Itaque
3186 487 3420 547 Annibal
3451 495 3521 551 ob

1940 563 2275 619 cibariorum
2319 568 2615 637 penuriam
2674 572 2910 640 primum
2971 574 3199 632 Romam
3264 579 3523 642 invadere

1941 655 2148 710 statuit.
2176 655 2246 712 Ut
2271 668 2456 713 autem
2489 659 2692 716 Fabius
2725 679 2919 733 pugnae
2951 667 3108 736 copia
3133 680 3350 740 negata,
3394 691 3521 730 eum

1939 745 2279 814 pedetentim
2308 751 2706 818 assectabatur,
2766 756 2818 810 in
2865 756 3152 814 Samnium
3189 764 3394 821 rediit:
3439 768 3524 822 di-

1940 845 2149 892 ctatore
2179 855 2459 911 nunquam
2492 844 2560 898 ab
2591 861 2657 899 eo
2690 845 3046 918 discedente,
3076 864 3241 925 atque
3273 855 3326 912 in
3360 860 3412 914 id
3439 860 3520 915 iu-

1929 937 2115 994 ‘tento,
2142 947 2210 986 ne
2241 949 2380 1002 quos
2415 951 2640 990 suorum
2669 939 2970 1003 amitteret.
3028 953 3196 1014 utque
3227 949 3342 1017 ipse
3373 969 3521 1006 com-

1938 1031 2118 1077 meatu
2170 1025 2516 1082 abundaret:
2574 1029 2664 1085 ille
2705 1042 2889 1087 autem
2945 1044 3146 1104 prmter
3197 1055 3345 1096 arma
3382 1046 3520 1101 nihil

1937 1111 2188 1180 haberet,
2223 1132 2400 1188 neque
2439 1119 2604 1176 domo
2653 1127 2856 1181 auxilia
2892 1135 3189 1202 acciperet.
3220 1134 3351 1189 Nam
3383 1136 3521 1192 Car-

1926 1206 2310 1278 thaginienses
2352 1227 2478 1267 eum
2533 1214 2882 1286 deridebant,
2919 1225 3260 1280 scribentem
3288 1244 3346 1285 se
3376 1229 3518 1286 bene

1935 1310 2050 1351 rem
2084 1313 2296 1367 gerere,
2323 1311 2378 1356 et
2409 1306 2691 1374 prosperis
2730 1312 2806 1362 uti
2840 1316 3214 1383 successibus,
3248 1328 3302 1372 et
3333 1329 3515 1377 tamen

1935 1386 2221 1454 pecuniam
2251 1398 2306 1442 et
2335 1392 2537 1447 milites
2567 1393 2898 1466 ﬂagitantem
2927 1419 2946 1456 :
2987 1419 3167 1473 neque
3196 1409 3344 1463 enim
3376 1413 3519 1480 peti-

1935 1477 2111 1533 tiones
2143 1495 2264 1534 cum
2293 1485 2643 1541 successibus
2697 1493 3030 1549 consentire.
3083 1497 3332 1555 Victores
3365 1505 3512 1560 enim

1934 1567 2150 1631 decere,
2190 1573 2531 1627 exercitibus
2560 1593 2699 1646 quos
2733 1579 2971 1638 habeant
3003 1596 3312 1653 contentos,
3346 1608 3516 1660 pecu-

1931 1659 2078 1715 niam
2117 1662 2336 1718 domum
2369 1667 2608 1733 mittere,
2644 1669 2805 1742 5,15
2863 1689 2972 1730 non
3027 1659 3396 1738 emcndicare.
3435 1685 3513 1741 Ac

235 1753 338 1807 καὶ
371 1755 430 1806 ὲν
458 1754 655 1823 γέλωτι
687 1753 851 1808 αὐτὴν
881 1755 1185 1823 ἐποιοῦντο,
1232 1757 1518 1830 γράφοντα
1564 1753 1622 1810 εὖ
1652 1760 1818 1829 πράτ-

1929 1752 2058 1807 dum
2089 1754 2290 1812 Fabius
2318 1759 2464 1828 apud
2495 1766 2800 1818 exercitum
2834 1766 2956 1829 fuit.
2985 1769 3122 1823 nihil
3150 1771 3366 1829 adversi
3400 1771 3512 1831 Ro-

233 1863 359 1900 τειν
386 1847 485 1900 καὶ
534 1847 708 1900 πολλὰ
741 1847 1064 1918 κατορθοῦν,
1114 1849 1211 1902 καὶ
1299 1848 1641 1922 στρατιώτας
1688 1849 1821 1920 παρ⁹

232 1941 426 1995 αὐτῶν
459 1939 742 2008 αἰτοῦντα,
771 1943 865 1995 καὶ
893 1942 1178 2012 χρήματα,
1205 1942 1460 2010 λέγοντες
1490 1943 1564 2014 μὴ
1598 1960 1824 2015 συμφω-

233 2037 359 2088 νεῖν
389 2034 492 2098 τὰς
519 2035 770 2104 αἰτήσεις
800 2035 924 2096 ταῖς
955 2033 1356 2104 κατορθώσασι.
1397 2032 1538 2098 Τοὺς
1589 2034 1698 2105 γάρ
1743 2052 1820 2088 νι-

227 2128 458 2189 κῶντας
486 2126 755 2198 προσήκει
791 2125 983 2197 καὶτῷ
1032 2127 1266 2196 παρόντι
1307 2125 1598 2196 ἀρκεῖσθαι
1653 2143 1821 2198 στρα-

228 2219 498 2292 τεύματι,
543 2221 639 2274 καὶ
693 2220 957 2292 χρήματα
1014 2218 1254 2273 στέλλειν
1310 2217 1516 2285 οἴκαδε,
1583 2219 1698 2274 ἀλλ’
1757 2220 1818 2272 οὐ

227 2314 582 2383 προσαιτεῖν.
623 2312 767 2375 Ἐως
801 2312 900 2383 μὲν
920 2311 1017 2366 οὖν
1039 2311 1293 2382 ὲνεδήμει
1319 2313 1348 2364 ὁ
1383 2311 1604 2376 Φάϐιος,
1646 2310 1818 2366 δεινὸν

225 2405 398 2457 οὐδὲν
418 2405 535 2466 τοῖς
577 2402 872 2474 Ῥωμαίοις
903 2402 1140 2469 ἐγένετο·
1166 2401 1242 2466 ὠς
1265 2402 1310 2456 δ’
1342 2403 1552 2466 ἐκεῖνος
1594 2404 1677 2466 είς
1717 2403 1817 2470 τὴν

233 2495 472 2566 Ῥώμην
499 2495 682 2564 ἀπῆρε
712 2495 854 2548 κατά
877 2511 928 2547 τι
959 2493 1242 2564 δημόσιον,
1275 2493 1567 2548 ἔπταισαν.
1628 2495 1686 2548 '0
1707 2495 1814 2565 γὰρ

233 2588 479 2658 Ῥοῦφος
513 2589 542 2641 ὀ
571 2588 869 2658 ἱππαρχος,
898 2587 1164 2658 φρόνημα
1222 2586 1381 2639 κενὸν
1432 2587 1538 2640 ὑπὸ
1560 2589 1816 2660 νεότητος

219 2683 373 2754 ἔχων
397 2682 498 2735 καὶ
553 2680 662 2734 τῶν
717 2678 1035 2749 πολεμικῶν
1088 2679 1429 2749 σφαλμάτων
1478 2679 1812 2750 ἀπερίοπτος

217 2775 298 2828 ὢν
330 2775 434 2829 καὶ
463 2776 530 2844 τῇ
569 2773 828 2844 μελλήσει
861 2772 958 2826 τοῦ
981 2769 1188 2824 Φαϐίου
1216 2771 1536 2842 ἀχθόμενος,
1557 2775 1681 2826 ἐπεὶ
1716 2775 1816 2845 τὴν

214 2869 577 2939 προστασίαν
608 2868 707 2936 τῆς
739 2866 1002 2936 στρατιᾶς
1052 2863 1216 2933 μόνος
1242 2865 1390 2936 ἔσχε,
1438 2867 1547 2920 τῶν
1585 2868 1684 2936 μὲν
1727 2870 1814 2920 ἰν-

213 2964 404 3017 τολῶν
431 2960 529 3014 τοῦ
560 2960 876 3030 δικτάτορος
900 2960 1260 3034 ὠλιγώρησεν
1280 2977 1292 2991 '
1335 2963 1585 3033 ὁρμήσας
1637 2961 1684 3015 δ’
1734 2964 1813 3026 εἰς

211 3056 571 3129 παράταξιν,
606 3055 666 3107 τὸ
700 3056 802 3124 μὲν
841 3058 1060 3126 πρῶτον
1085 3058 1246 3128 νικᾷν
1286 3055 1487 3120 ἔδοξεν,
1543 3052 1663 3108 εἶτα
1714 3057 1807 3126 ἡτ-

207 3151 391 3220 τήθη.
427 3147 550 3200 Κᾶν
581 3147 815 3200 πανσυδὶ
837 3147 1128 3220 διεφθάρη,
1166 3150 1216 3200 εί
1241 3149 1314 3219 μή
1342 3155 1488 3210 τινες
1521 3148 1807 3218 Σαμνιτῶν

208 3243 370 3297 κατὰ
401 3241 576 3311 τύχην
610 3243 722 3303 τοῖς
767 3241 1062 3311 Ῥωμαῖοις
1103 3243 1386 3314 ἐπίκουροι
1417 3242 1808 3312 ἀφικνούμενοι

203 3336 384 3402 δὸξαν
434 3337 550 3396 τοῖς
601 3335 998 3405 Καρχηδονίοις
1046 3335 1323 3406 παρέσχον
1375 3335 1659 3407 προσιέναι
1715 3338 1805 3390 τὸν

204 3427 455 3482 Φάϐιον.
497 3426 1004 3495 Ἀναχωρησάντων
1032 3421 1124 3479 οὖν
1153 3425 1241 3478 διὰ
1269 3424 1447 3493 τοῦτο,
1473 3427 1810 3496 κεκρατηκέ-

200 3539 306 3574 ναι
336 3519 589 3588 ὲνόμισε,
617 3517 712 3570 καὶ
742 3519 799 3580 ἐς
826 3517 926 3587 τὴν
961 3515 1180 3586 Ῥώμην
1212 3517 1271 3569 τὸ
1297 3516 1457 3586 ἔργον
1486 3516 1807 3587 μεγαλύ·.ων

201 3611 316 3664 καὶ
354 3609 450 3662 τδν
483 3607 779 3676 δικτάτορα
801 3606 1243 3676 προσδιαϐάλλων
1276 3606 1610 3671 ἐπέστειλεν,
1641 3607 1806 3677 ὀκνη-

199 3689 314 3777 ρέιν
343 3705 446 3758 καὶ
475 3702 763 3772 Μελλητὴν
791 3701 955 3754 αὑτὸν
977 3699 1177 3760 καλῶν,
1209 3698 1302 3752 καὶ
1333 3699 1400 3752 τὰ
1419 3699 1530 3752 τῶν
1552 3699 1808 3752 ἐναντίων

197 3797 554 3868 φρονοῦντα.
589 3795 651 3848 οι
681 3794 728 3847 δ’
759 3796 816 3846 ὲν
839 3797 904 3864 τῇ
938 3792 1126 3864 Ῥώμῃ
1151 3792 1497 3862 νενικηκέναι
1527 3792 1619 3844 τὸν
1655 3792 1810 3846 Ῥοῦ-

193 3910 318 3961 φον
356 3890 534 3952 ὅντως
568 3887 848 3957 ἐνόμισαν,
885 3887 979 3941 καὶ
1008 3881 1095 3939 οἷα
1125 3886 1276 3956 παρὰ
1303 3885 1460 3951 δόξαν
1496 3884 1808 3959 θαρσήσαν-

193 4001 335 4046 τες,
375 3983 477 4035 καὶ
517 3979 750 4052 ἐπῄνουν
777 3978 942 4032 αὑτὸν
979 3979 1074 4032 καὶ
1097 3978 1322 4048 ἐτίμων.
1356 3979 1469 4032 Καὶ
1496 3976 1589 4031 τὸν
1609 3979 1807 4034 Φάϐιον

191 4079 263 4128 ἐν
293 4071 520 4140 ὑποψίᾳ
547 4072 766 4140 σχόντες
798 4069 884 4122 διὰ
919 4067 1114 4132 ταῦτα,
1147 4070 1240 4122 καὶ
1272 4069 1353 4121 ὅτι
1377 4069 1446 4122 τὰ
1477 4071 1536 4122 ὲν
1569 4069 1833 4141 Καμπαο.

188 4169 302 4238 vlg
335 4164 521 4237 χωρία
542 4162 709 4218 αὐτοῦ
741 4163 842 4216 οὐκ
863 4161 1127 4234 ἐδῄωσαν,
1155 4161 1358 4232 μικροῦ
1381 4163 1474 4216 καὶ
1497 4163 1598 4233 τῆς
1624 4163 1806 4235 ἀρχῆς

182 4260 269 4313 ἂν
311 4256 664 4329 παρέλυσαν.
709 4254 852 4309 Ἀλλ’
881 4255 1088 4307 ἐκεῖνον
1124 4254 1223 4325 μὲν
1247 4256 1521 4326 χρήσιμον
1552 4255 1810 4326 νομίζον.

180 4369 306 4416 τες
345 4348 520 4416 εἶναι,
552 4350 654 4402 οὐκ
699 4349 966 4415 ἔπαυσαν,
995 4349 1072 4419 τῷ
1117 4347 1163 4401 δ’
1199 4349 1462 4418 ίππάρχῳ
1508 4347 1606 4420 τὴν
1636 4350 1808 4421 αὐτὴν

178 4446 486 4515 ἐξουσίαν
515 4446 905 4514 προσένειμαν,
938 4441 1067 4494 ὥστ’
1095 4441 1263 4512 ἄμφω
1313 4442 1422 4494 ἀπὸ
1444 4441 1543 4512 τῆς
1567 4443 1687 4510 ῐσης
1710 4443 1810 4514 ἄρ-
1845 4470 1884 4524 ο

176 4559 365 4615 χειν.
413 4537 698 4601 Δοξάντων
739 4535 796 4588 δὲ
835 4535 1065 4602 τούτων,
1095 4537 1124 4589 ὁ
1158 4537 1255 4606 μὲν
1284 4533 1484 4597 Φάϐιος
1531 4533 1656 4587 οὔτε
1696 4537 1808 4600 τοῖς

173 4635 502 4698 πολίταις,
540 4631 663 4685 οὔτε
692 4630 772 4700 τῷ
806 4625 1021 4700 Ῥούφῳ
1051 4629 1208 4700 ἔσχεν
1237 4630 1428 4700 ὀργήν.
1471 4628 1531 4681 '0
1563 4627 1619 4680 δὲ
1657 4627 1808 4680 Ῥοῦς

173 4748 350 4800 φος,
381 4726 508 4780 οὐδὲ
531 4728 664 4793 πρὶν
694 4725 871 4797 ὀρθῶς
906 4722 1144 4794 φρονῶν,
1170 4721 1292 4775 τότε
1334 4721 1572 4792 μάλιστα
1601 4719 1807 4789 ἐπεφύ-

165 4841 389 4895 σητο,
412 4821 510 4874 καὶ
536 4820 792 4890 κατέχειν
825 4818 1018 4872 ἑαυτὸν
1043 4817 1144 4870 οὐκ
1172 4815 1424 4886 ἠδύνατο,
1454 4813 1569 4868 ἀλλ’
1593 4813 1809 4885 ἡμέραν

158 4919 384 4991 ἠξίου
439 4915 569 4986 παρ’
612 4915 831 4984 ἡμέραν
882 4911 1041 4982 ἢκαὶ
1095 4910 1312 4974 πλείους
1353 4909 1553 4980 ἐφεξῆς
1582 4905 1811 4973 ἐναλλάξ

157 5013 396 5086 μόνος
429 5007 641 5078 ἄρχειν.
676 5005 872 5066 Δείσας
902 5003 946 5058 δ’
977 5005 1006 5056 ὁ
1031 5001 1228 5065 Φάϐιος
1257 5001 1332 5073 μή
1366 5018 1419 5054 τι
1451 5000 1622 5056 κακδν
1651 4998 1808 5071 ἐξερο

154 5104 492 5172 Tia-qaut,
535 5097 587 5149 εὶ
618 5095 802 5164 πάσης
829 5093 930 5162 τῆς
953 5093 1239 5162 δυνάμεως
1263 5092 1476 5160 γένοιτο
1505 5091 1806 5162 ἐγκρατὴς,

151 5192 369 5268 πρὸς
418 5188 704 5259 οὐδέτερον
753 5185 902 5258 αὐτῷ
949 5185 1260 5260 συνῄνεσεν,
1295 5183 1411 5237 ἀλλ’
1444 5182 1700 5254 ἐνείματο
1749 5183 1809 5236 τὸ

145 5277 624 5353 στρατόπεδον,
655 5275 797 5330 ὥστε
833 5279 946 5341 τοῖς
981 5275 1212 5338 ὑπάτοις
1256 5274 1453 5345 ιπίσης
1503 5273 1638 5333 ἰδίαν
1669 5274 1810 5328 ἐκά-

138 5389 391 5449 τερον
421 5372 579 5442 ίσχὺν
609 5371 790 5442 ἔχειν’
832 5371 928 5424 κει)⁸
966 5367 1310 5440 παραχρῆμα
1340 5369 1368 5420 ὁ
1428 5366 1658 5436 Ῥοῦφος
1699 5366 1808 5418 ἀπο

141 5465 797 5537 εττρατοπεδεύσατο,
851 5464 938 5516 ινα
985 5454 1291 5534 διάδηλοςῇ
1326 5459 1407 5511 ὅτι
1449 5457 1572 5512 καθ’
1615 5457 1810 5510 ἑαυτὸν

131 5567 413 5636 ἄρχει,
449 5557 566 5612 ἀλλ’
592 5561 691 5626 οὐχ
714 5557 820 5612 ὑπὸ
854 5557 931 5629 τῷ
957 5555 1256 5624 δικτάτορι.
1300 5551 1358 5607 '0
1397 5548 1494 5606 οὖν
1531 5550 1807 5615 ’Δννίϐας,

123 5655 393 5712 τοῦτο
421 5651 767 5720 αἰσθόμενος,
822 5651 880 5714 ἐς
913 5649 1093 5722 μάχην
1134 5645 1298 5701 αὐτὸν
1345 5646 1683 5718 ὑπηγάγετο,
1734 5644 1810 5708 ὠς

125 5757 166 5808 ζ
182 5750 286 5802 πὶ
341 5743 657 5813 καταλήψει
685 5743 777 5796 τοῦ
801 5728 1003 5812 χωρίου
1031 5737 1347 5809 προσελθών
1363 5752 1382 5771 ⁴
1415 5739 1508 5792 καὶ
1531 5751 1808 5805 περιστοι-

1928 1847 2104 1903 manis
2128 1850 2345 1906 accidit.
2373 1852 2451 1907 Eo
2480 1864 2664 1910 autem
2701 1857 2944 1915 Romam’
2970 1861 3041 1916 ob
3096 1865 3263 1934 publi:
3282 1885 3311 1922 a
3344 1886 3512 1940 nego-

1925 1937 1997 1991 tia
2053 1939 2321 2009 profecto,
2384 1943 2754 2017 impegerunt.
2812 1951 2988 2006 Rufus
3040 1955 3189 2009 enim
3247 1937 3509 2030 magister

1923 2027 2169 2096 equitum
2204 2031 2436 2102 juvenili
2471 2037 2701 2091 audacia
2729 2041 3032 2106 exsultans,
3065 2043 3307 2117 bellique
3341 2027 3506 2106 casus

1923 2131 2035 2170 non
2087 2119 2452 2190 prospiciens,
2493 2135 2550 2180 et
2605 2126 2760 2181 Fabii
2808 2133 3215 2188 cunctationem
3248 2154 3390 2208 aegre
3424 2141 3510 2194 fe-

1923 2221 2070 2271 rens,
2104 2223 2230 2262 cum
2254 2212 2405 2268 solus
2435 2214 2727 2284 imperium
2760 2217 2993 2288 adeptus
3021 2233 3188 2291 esset,
3219 2227 3507 2285 mandato-

1921 2313 2042 2353 rum
2079 2300 2369 2360 dictatoris
2395 2305 2702 2374 immemor,
2745 2312 2863 2366 acie
2897 2328 3022 2368 cum
3060 2317 3219 2372 hoste
3251 2335 3510 2392 congres-

1920 2383 2014 2447 sus
2065 2395 2341 2466 principio
2373 2398 2513 2455 bene
2549 2403 2832 2473 pugnavit,
2880 2407 2974 2461 sed
3035 2409 3251 2466 tandem
3305 2429 3507 2470 succu-

1920 2483 2086 2539 buit:
2129 2503 2201 2541 ac
2228 2489 2610 2548 internecione
2635 2495 2851 2551 deletus
2882 2510 3050 2564 essrt,
3078 2504 3184 2558 nisi
3215 2505 3353 2560 torte
3388 2507 3504 2560 for-

1919 2583 2050 2630 tuna
2076 2577 2386 2634 Samnitum
2403 2585 2604 2638 auxilia
2628 2585 2694 2639 ad
2713 2587 2990 2644 Romanos
3014 2593 3346 2649 accedentia
3370 2594 3505 2652 Car-

1918 2668 2360 2740 thaginiensibus
2405 2675 2678 2730 adventus
2728 2679 2879 2733 Fabii
2932 2682 3250 2751 Opinionem
3281 2687 3501 2742 attulis-

1917 2773 2063 2816 sent.
2099 2761 2202 2828 Qui
2235 2779 2359 2818 cum
2394 2765 2497 2820 hac
2525 2767 2594 2822 de
2627 2783 2793 2823 causa
2824 2773 3205 2838 recessissent,
3240 2792 3298 2831 se
3327 2779 3502 2834 victo-

1917 2863 2034 2904 rem
2080 2865 2208 2907 esse
2234 2853 2556 2921 arbitratus,
2585 2857 2813 2912 Romam
2854 2861 3067 2916 litteras
3101 2865 3270 2930 m'sit,
3299 2869 3503 2937 quibus

1920 2953 1977 2998 et
2005 2960 2118 2999 rem
2155 2956 2368 3017 gestam
2401 2951 2784 3020 exaggerabat,
2832 2962 2890 3009 et
2936 2953 3286 3023 dictatorem,
3316 2969 3372 3014 ut
3407 2976 3499 3017 3e-

1917 3052 2076 3106 gtiem
2107 3047 2162 3094 et
2195 3050 2574 3097 cunctatorem
2605 3054 2663 3098 et
2701 3045 2940 3103 hostium
2979 3052 3281 3108 studiosum
3303 3056 3499 3112 crimi-

1914 3130 2164 3187 nabatur.
2200 3133 2431 3188 Romani
2463 3150 2593 3190 vere
2627 3136 2823 3193 vicisse
2861 3139 3058 3195 Rufum
3090 3143 3329 3212 opinati,
3362 3163 3504 3217 prat-

1913 3230 2001 3278 ter
2033 3227 2502 3296 exspectationem
2535 3231 2775 3300 receptis
2822 3231 3040 3299 animis,
3072 3251 3139 3290 eo
3186 3238 3498 3298 collaudato

1911 3324 1967 3369 et
1993 3315 2284 3381 honorato,
2313 3318 2542 3373 Fabium
2569 3332 2623 3374 et
2644 3322 2716 3375 ob
2741 3323 3075 3379 calumniam
3103 3343 3245 3393 eam,
3267 3341 3324 3385 et
3349 3337 3498 3404 quod

1910 3407 2101 3463 hostes
2131 3410 2246 3480 ejus
2277 3411 2480 3480 praedia
2513 3413 2568 3466 in
2597 3413 2893 3484 Campania
2931 3434 3035 3472 non
3090 3420 3490 3494 incendissent,

1909 3512 2224 3568 suspectum
2259 3501 2545 3569 habentes,
2580 3521 2771 3574 parum
2803 3507 2980 3562 abl‘uit
3010 3512 3144 3580 quin
3179 3516 3496 3584 magistratu

1908 3591 2212 3660 privarent.
2245 3591 2349 3649 Sed
2398 3611 2522 3649 cum
2553 3614 2679 3651 eum
2722 3602 2843 3654 usui
2888 3605 3209 3672 reipublicae
3239 3624 3362 3662 esse
3394 3626 3498 3679 pu-

1909 3688 2108 3742 tarent,
2131 3682 2182 3736 id
2198 3683 2419 3752 quidem
2439 3700 2544 3740 non
2564 3687 2836 3754 fecerunt,
2855 3692 2946 3745 sud
2968 3695 3228 3760 magistro
3244 3699 3494 3768 equitum

1909 3773 2156 3827 eamdem
2190 3780 2512 3842 potestatem
2540 3775 2836 3844 dederunt,
2896 3794 2910 3834 :
2956 3793 3013 3836 ut
3042 3786 3207 3841 ambo
3244 3804 3310 3842 ex
3337 3805 3496 3860 aequo

1910 3865 2263 3934 imperarent.
2297 3866 2392 3921 His
2415 3867 2651 3924 decretis
2673 3913 2686 3932 ,
2712 3870 2912 3927 Fabius
2942 3891 3119 3945 neque
3155 3879 3369 3935 civibus
3395 3899 3496 3938 ue-

1909 3975 2017 4030 que
2037 3959 2259 4030 collegae
2283 3963 2620 4017 succensuit.
2649 3964 2825 4020 Rufus
2853 3983 2985 4024 vero
3009 3970 3120 4041 jam
3147 3983 3275 4029 ante
3296 3991 3491 4046 parum

1911 4050 2178 4120 prudens,
2219 4061 2338 4107 tum
2369 4054 2540 4124 magis
2571 4055 2735 4110 etiam
2766 4057 3008 4126 inﬂatus,
3046 4071 3354 4134 temperare
3384 4068 3492 4124 sibi

1912 4157 2020 4196 non
2055 4145 2253 4212 potuit,
2281 4145 2414 4215 quin
2450 4147 2753 4216 postularet
2788 4158 2846 4204 ut
2891 4151 3086 4208 diebus
3116 4157 3364 4226 alternis,
3394 4171 3494 4216 aut

1911 4235 2076 4290 etiam
2126 4236 2378 4307 pluribus
2421 4240 2619 4295 diebus
2661 4257 2760 4310 per
2787 4243 2935 4299 vices
2977 4247 3126 4302 solus
3169 4249 3487 4319 imperaret.

1913 4324 2114 4380 Fabius
2152 4339 2336 4381 autem
2368 4329 2599 4394 veritus,
2667 4344 2736 4384 ne
2769 4332 2936 4387 totius
2968 4336 3242 4390 exercitus
3266 4349 3494 4410 accepto

1913 4416 2146 4486 imperio
2177 4433 2292 4472 rem
2322 4419 2461 4474 male
2495 4433 2710 4490 gereret
2739 4463 2754 4487 ,
2787 4435 3045 4480 neutrum
3072 4429 3367 4494 concessit,
3392 4433 3490 4488 sed

1911 4509 2098 4565 divisit
2128 4512 2454 4576 exercitum,
2487 4523 2546 4566 ut
2592 4529 2744 4569 more
2771 4531 2914 4572 coss.
2964 4527 3196 4590 uterque
3237 4539 3304 4577 ex
3333 4541 3493 4597 aequo

1911 4601 2154 4670 privatas
2200 4601 2344 4658 vires
2391 4603 2641 4660 haberet.
2681 4606 2857 4663 Rufus
2901 4609 3070 4680 igitur
3095 4615 3279 4668 statim
3312 4628 3492 4675 castra

1912 4695 2219 4760 transtulit,
2249 4705 2312 4750 ut
2342 4708 2653 4767 appareret.
2709 4717 2769 4757 se
2799 4712 2991 4773 suapte
3025 4709 3357 4766 auctoritate
3388 4711 3492 4767 im-

1911 4802 2126 4855 perare,
2160 4803 2272 4843 non
2320 4791 2550 4846 subesse
2601 4792 2881 4850 dictatori.
2941 4797 3062 4864 Quo
3101 4799 3338 4857 Annibal
3369 4804 3494 4858 aui-

1909 4882 2218 4949 madverso,
2242 4899 2368 4939 eum
2389 4885 2455 4939 ad
2485 4902 2721 4957 pugnam
2745 4890 2939 4946 elicuit
2973 4909 3069 4962 per
3100 4896 3338 4964 speciem
3371 4901 3494 4967 ejus

1909 4971 2013 5026 loci
2047 4975 2398 5044 occupandi:
2455 4985 2511 5032 et
2558 4978 2802 5047 undique
2854 4997 2954 5050 per
2997 4983 3230 5040 insidias
3259 4985 3496 5042 circum-

1909 5072 2157 5131 ventum,
2219 5067 2273 5121 in
2329 5067 2626 5124 discrimen
2681 5071 2910 5129 adduxit
2969 5076 3142 5131 totius
3202 5079 3491 5134 amittendi

1909 5157 2206 5223 exercitus,
2239 5157 2344 5213 nisi
2387 5159 2590 5215 Fabius
2623 5161 2838 5217 hostem
2870 5179 2900 5218 a
2930 5175 3081 5237 tergo
3108 5166 3341 5224 adortus
3391 5169 3491 5223 ob-

1911 5248 2165 5306 stitisset.
2202 5249 2315 5304 Hac
2360 5251 2514 5323 plaga
2567 5263 2814 5326 accepta,
2867 5257 3045 5313 Rufus
3097 5261 3329 5315 mutavit
3375 5261 3493 5314 ani-

1912 5351 2062 5396 mum
2095 5359 2110 5396 :
2139 5356 2194 5398 et
2227 5343 2476 5413 reliquiis
2499 5349 2777 5406 exercitus
2807 5352 2994 5405 statim
3030 5351 3098 5407 ad
3132 5353 3361 5408 Fabium
3393 5353 3520 5431 ado‘

1911 5433 2113 5500 ductis,
2155 5434 2450 5505 imperium
2485 5453 2618 5504 una,
2657 5456 2766 5495 non
2796 5445 3130 5513 exSpectatis
3157 5444 3344 5515 populi
3369 5445 3490 5500 suf-

1910 5526 2118 5598 fragiis,
2147 5529 2289 5581 ultro
2319 5528 2368 5582 ei
2401 5529 2651 5596 tradidit,
2703 5531 2870 5604 416
2907 5535 3051 5604 quod
3101 5536 3253 5589 solus
3279 5552 3346 5591 ex
3375 5552 3492 5591 ma-

1911 5619 2097 5692 gistris
2117 5621 2362 5690 equitum
2389 5633 2709 5692 acceperat:
2746 5639 2858 5694 quo
2886 5626 3109 5680 nomine
3137 5627 3206 5679 ab
3229 5628 3489 5685 omnibus

1911 5723 1994 5767 est
2025 5712 2297 5769 laudatus.
2329 5712 2500 5781 quue
2532 5711 2732 5768 Fabius
2762 5714 2946 5769 statim
2974 5715 3110 5770 citra
3138 5717 3305 5772 ullam
3327 5717 3490 5773 dubi-
