4050 6210
405 287 509 352 71ι

1656 280 1985 346 ΙΟΑΝΝΙδ
2023 279 2349 341 ZONAR/E

3553 282 3662 348 712

405 399 670 456 tationem
724 393 1045 450 universum
1085 390 1321 464 recepit,
1371 391 1710 463 approbante
1759 391 1983 462 populo.

2089 389 2388 460 χισάμενος
2421 387 2482 454 ἐξ
2513 387 2764 460 ἐνίδρας,
2796 387 2876 451 είς
2907 386 3157 442 κίνδυνον
3188 387 3549 460 κατέστησεν,
3587 393 3666 455 ὡς

403 487 611 544 Deinde
646 485 852 540 milites
882 474 1203 539 cautissime
1234 482 1412 548 duxit,
1433 494 1491 539 et
1522 484 1843 553 magistratu
1863 469 1985 539 abi-

402 591 581 644 turus,
613 579 892 642 consules,
930 576 1134 630 tradito
1160 576 1431 639 exercitu.
1486 575 1878 632 candidissime
1914 577 1984 632 de

397 673 656 729 omnibus
689 671 854 724 rebus
883 669 1100 724 monuit
1129 686 1142 722 :
1188 667 1280 737 qui
1312 666 1655 722 conﬁdenter
1693 667 1857 733 nihil,
1886 665 1983 722 sed

397 781 465 820 ex
497 762 671 818 Fabiii
703 759 952 816 consiliis
993 759 1178 814 omnia
1219 757 1701 822 administrarunt,
1728 759 1982 828 quamvis

397 855 667 911 Geminus
723 868 840 907 rem
897 851 1038 906 bene
1090 858 1354 920 gesserat.
1412 848 1547 903 Nam
1597 863 1722 903 cum
1753 848 1984 904 classem

399 942 936 1016 Carthaginiensium
972 942 1198 996 tendere
1222 939 1275 994 in
1294 939 1528 1004 Italiam,
1551 939 1648 994 sed
1679 939 1750 993 ob
1779 938 1987 993 Roma—

401 1054 599 1094 norum
635 1035 1062 1091 instructionem
1096 1047 1207 1086 non
1244 1033 1521 1102 appellere
1555 1031 1806 1096 vidisset,
1836 1029 1986 1084 inter

402 1129 767 1201 navigandum
819 1127 1100 1183 Corsicam
1147 1137 1204 1182 et
1249 1125 1562 1180 Sardiniam
1607 1124 1894 1178 ﬁrmavit:
1933 1133 1990 1180 et

400 1237 668 1276 exscensu
719 1217 774 1273 in
803 1218 986 1272 Africa
1037 1217 1202 1282 facto,
1239 1233 1306 1272 ex
1337 1233 1434 1272 ora
1474 1216 1747 1271 maritima
1781 1217 1989 1286 praedas

400 1313 528 1382 egit.
577 1310 708 1377 Quae
751 1326 878 1364 cum
917 1310 1119 1380 egisset
1142 1350 1156 1373 ,
1189 1326 1298 1364 non
1338 1319 1518 1364 tamen
1548 1309 1724 1364 elatus
1757 1309 1857 1363 fuit
1883 1349 1898 1376 ,
1929 1317 1989 1364 ut

404 1411 612 1458 temere
660 1401 990 1456 Annibalem
1043 1401 1467 1472 aggrederetur:
1508 1401 1604 1456 sed
1649 1401 1800 1455 Fabii
1836 1417 1992 1456 man-

402 1493 548 1548 datis
577 1495 780 1564 paruit.
835 1493 992 1548 Unde
1039 1494 1206 1549 urbes
1253 1509 1366 1548 non
1400 1501 1511 1547 tam
1548 1493 1709 1548 facile
1742 1503 1804 1549 ut
1838 1495 1992 1564 prius

2086 481 2432 552 πανστρατιᾷ
2461 479 2690 546 ἐξελεῖν,
2723 480 2773 533 εί
2801 479 2880 550 μὴ
2910 481 2938 533 6
2965 479 3162 544 Φάϐιος
3190 480 3332 534 κατά
3356 480 3530 536 νώτου
3563 483 3666 537 αὑ-

2083 571 2162 642 τῷ
2193 571 2516 642 προσπεσὼν
2542 571 2809 626 ἐκώλυσε.
2839 568 3035 625 Παθὼν
3056 570 3149 625 οῦν
3174 572 3333 626 τοῦτο
3353 575 3385 627 6
3412 573 3664 643 Ῥοῦφος,

2088 654 2444 733 μετεϐάλετο,
2471 663 2566 717 καὶ
2600 663 2662 718 τὸ
2702 665 3021 736 στράτευμά
3053 680 3113 716 τε
3159 663 3220 717 τὸ
3255 664 3577 735 περίλοιπον
3608 665 3668 729 ἐς

2087 757 2177 810 τὸν
2214 757 2416 810 Φάϐιον
2445 755 2610 820 εὐθὺς
2634 758 2832 826 ἦγαγε,
2861 758 2956 809 καὶ
2987 755 3085 826 τὴν
3124 755 3302 828 ἀρχὴν
3349 757 3671 828 παραδέδω-

2087 863 2206 912 κεν,
2249 847 2361 900 οὐδ’
2392 845 2646 916 ἀνέμεινε
2690 848 2782 900 τὸν
2818 845 2992 916 δῆμον
3035 846 3508 918 ἀναψηφίσασθαι,
3551 849 3666 904 ἀλλ’

2085 937 2376 1009 ἐθελοντὴς
2405 939 2503 1008 τὴν
2540 937 2859 1010 ἡγεμονίαν,
2891 939 2958 1010 ἢν
2991 938 3120 1010 παρ’
3139 925 3501 1010 αὑτοῦδμόνος
3535 943 3673 995 ἱππ-

2089 1030 2275 1101 άρχων
2307 1031 2422 1102 (55)
2475 1030 2670 1105 ἐλαϐεν
2719 1031 2936 1100 ἀφῆκε·
2991 1033 3087 1084 καὶ
3139 1032 3306 1085 αὐτὸν
3364 1032 3459 1085 ἐπὶ
3495 1031 3672 1104 τούτῳ

2089 1121 2294 1184 πάντες
2312 1121 2608 1193 ἐπῄνεσαν.
2633 1123 2743 1176 Καὶ
2761 1123 2790 1174 6
2809 1120 3005 1184 Φάϐιος
3022 1121 3246 1188 αὐτίκα,
3277 1122 3446 1193 μηδὲν
3466 1123 3674 1177 ἐνδοιά-

2090 1230 2213 1276 σας.
2248 1216 2431 1270 πᾶσαν
2482 1215 2723 1279 ἐδέξατο,
2772 1217 2868 1270 καὶ
2903 1217 2932 1269 6
2961 1215 3133 1286 δῆμος
3169 1215 3302 1269 αὐτὸ
3343 1215 3694 1280 ἀπεδέξατο..

2088 1305 2203 1359 Καὶ
2234 1306 2374 1376 μετὰ
2403 1305 2576 1359 ταῦτα
2603 1306 2769 1369 αὐτός
2799 1323 2860 1358 τε
2887 1304 3278 1376 ἀσφαλέστατα
3307 1305 3550 1373 προέστη
3575 1304 3671 1358 τοῦ

2091 1397 2506 1469 στρατεύματος
2527 1413 2541 1427 ·
2569 1399 2665 1452 καὶ
2696 1397 2907 1469 μέλλων
2930 1395 3420 1466 ἀπαλλαγήσεσθαι
3448 1396 3547 1464 τῆς
3573 1397 3672 1467 ἁρ-

2089 1488 2217 1560 χῆς,
2254 1490 2386 1553 τοὺς
2409 1490 2652 1554 ὑπάτους
2695 1489 3108 1559 μετεπέμψατο,
3134 1489 3231 1542 καὶ
3258 1487 3320 1542 τὸ
3350 1488 3672 1559 στράτευμα

403 1588 467 1638 ail
493 1585 974 1656 Carthaginienses
996 1584 1340 1646 defecerunt.
1367 1595 1695 1652 metuentes,
1725 1601 1793 1641 ne
1817 1584 1987 1642 Anni-

2093 1579 2247 1648 σφίσι
2300 1579 2612 1652 παρέδωκε,
2657 1579 2754 1634 καὶ
2800 1579 2964 1634 πάνθ’
3006 1579 3106 1632 ὅσα
3139 1578 3454 1650 πραχθῆναι
3499 1579 3673 1648 ἐχρῆν

403 1673 527 1729 bale
555 1674 710 1728 Italia
739 1675 921 1744 pulso,
970 1690 1001 1728 a
1032 1675 1298 1729 Romanis
1331 1674 1582 1728 ﬁnitimis
1612 1675 1754 1730 male
1785 1683 1987 1730 tracta-

2093 1671 2406 1744 παρῄνεσεν
2457 1670 2845 1740 ἀφθονώταταο
2900 1672 3147 1724 κάκεῖνοι
3197 1669 3446 1740 θρασέως
3494 1671 3669 1736 οὐδὲν,

402 1776 615 1822 rentur.
673 1767 752 1821 Ac
812 1766 1065 1837 plerique
1121 1765 1308 1822 futura
1373 1767 1823 1834 considerabant,
1887 1767 1983 1823 sed

2092 1764 2229 1820 ἀλλά
2267 1765 2411 1820 κατὰ
2437 1765 2538 1835 τὴν
2575 1765 2859 1837 ὑποθήκην
2887 1763 2980 1819 τοῦ
3006 1765 3208 1818 Φαϐίου
3239 1765 3460 1820 ἅπαντα
3499 1765 3673 1837 Eupa-

407 1861 568 1929 pauci
597 1859 664 1913 ad
696 1859 1070 1914 Romanorum
1100 1858 1421 1914 societatem
1451 1857 1727 1921 redibant,
1762 1857 1984 1928 quidam

2091 1858 2214 1924 ξαν,
2247 1858 2450 1930 καίπερ
2483 1857 2512 1910 6
2545 1858 2774 1928 Γεμῖνος
2821 1857 2918 1912 καὶ
2952 1859 3420 1930 προκατωρθώκει
3474 1875 3549 1912 τι.
3599 1858 3673 1911 Τὸ

404 1953 574 2007 etiam
603 1950 831 2005 dunaria
862 1952 1152 2005 miserunt.
1201 1951 1281 2004 Ex
1309 1949 1497 2004 multis
1523 1958 1708 2005 autem
1736 1948 1987 2006 Hieronis

2089 1949 2201 2021 γάρ
2233 1951 2489 2004 ναυτικὸν
2528 1951 2639 2004 τῶν
2678 1950 3069 2021 Καρχηδονίων
3113 1950 3238 2003 ἰδὼν
3279 1950 3535 2022 ὁρμῆσαν
3573 1953 3674 2021 μὲν

402 2043 754 2107 muneribus,
779 2042 1116 2097 frumentum
1135 2041 1401 2097 duntaxat
1419 2053 1476 2096 et
1501 2041 1745 2096 victoria:
1777 2042 1987 2112 signum

2093 2042 2188 2095 ἐπὶ
2219 2041 2318 2112 τὴν
2358 2040 2616 2107 Ἰταλίαν,
2639 2042 2728 2096 διὰ
2759 2042 2815 2095 δὲ
2845 2042 2948 2112 τὴν
2977 2043 3464 2112 ἀντιπαρασκευὴν
3488 2043 3675 2094 αὐτῶν

403 2146 778 2204 acceperunt:
840 2149 1155 2204 quanquam
1195 2133 1333 2189 adeo
1381 2133 1632 2203 pecunia:
1688 2134 1902 2203 inopes,
1933 2143 1987 2189 ul

2095 2133 2172 2206 μὴ
2205 2133 2516 2204 προσμίξαν
2546 2133 2708 2205 αὐτῇ,
2741 2134 3130 2198 ἐπεκπλεύσας
3164 2135 3234 2190 τά
3267 2151 3328 2187 τε
3377 2133 3488 2186 τῶν
3519 2135 3675 2204 Κυρ-

400 2237 721 2295 argenteum
757 2242 1046 2280 numinum
1075 2226 1232 2297 prius
1257 2226 1661 2297 impermistum
1684 2233 1739 2282 et
1762 2241 1987 2298 purum,

2092 2225 2242 2289 νίων,
2274 2224 2373 2278 καὶ
2419 2225 2490 2278 τὰ
2518 2225 2628 2279 τῶν
2671 2223 2976 2296 Σαρδονίων
3019 2225 3079 2292 ἐν
3119 2225 3198 2297 τῷ
3233 2225 3506 2297 παράπλῳ
3551 2225 3676 2278 66s-

399 2333 503 2372 tere
527 2317 761 2372 adinisto
793 2318 1187 2373 adultorarent.

2094 2315 2392 2370 ϐαιώσατο.
2425 2316 2533 2369 Καὶ
2563 2318 2618 2378 ἐς
2639 2314 2738 2388 τὴν
2767 2315 2977 2386 Λιϐύην
3019 2315 3546 2386 ἐκϐάς,ἐλεηλάτησε
3576 2315 3677 2385 τὴν

401 2409 674 2480 παραλίαν
714 2412 904 2482 αὐτῆς.
936 2411 1125 2465 Ταῦτα
1162 2410 1258 2482 μὲν
1275 2409 1534 2481 ἔπραξεν,
1569 2411 1630 2465 οῦ
1677 2409 1863 2481 μέντοι
1891 2409 1961 2464 δι’
1991 2408 2131 2464 αὐτὰ
2161 2409 2474 2481 ἐπεφύσητο
2495 2407 2637 2462 ὥστε
2665 2407 2801 2480 πρὸς
2822 2408 2914 2462 τὸν
2951 2408 3196 2462 Ἀννίϐαν
3218 2408 3677 2475 διακινδυνεῦσαι,

400 2506 534 2559 ἀλλά
581 2511 700 2570 ταῖς
777 2507 1019 2570 ἐντολαῖς
1066 2507 1162 2561 τοῦ
1193 2507 1394 2561 Φαϐίου
1431 2507 1732 2578 ἐνέμεινεν.
1759 2509 1924 2563 Ὅθεν
1949 2525 2054 2580 mp
2087 2507 2180 2562 καὶ
2210 2507 2268 2561 αι
2301 2507 2484 2572 πόλεις
2511 2506 2692 2562 οὐκέθ’
2715 2508 2917 2578 ὁμοίως
2951 2510 3062 2570 τοῖς
3095 2507 3486 2578 Καρχηδονίοις
3508 2524 3677 2576 προσ-

399 2601 655 2652 ετίοεντο.
700 2599 1024 2669 Ἐφοϐοῦντο
1071 2599 1181 2670 γὰρ
1229 2599 1305 2672 μὴ
1330 2601 1359 2654 6
1398 2600 1646 2664 ’Δννίϐας
1668 2601 1770 2672 τῆς
1797 2601 2030 2664 Ἰταλίας
2065 2601 2298 2672 ἐκπέσῃ,
2329 2601 2424 2653 καὶ
2451 2599 2619 2654 κακόν
2661 2617 2714 2652 τι
2752 2599 2908 2653 αὐτοὶ⁵
2935 2601 3041 2654 ὑπὸ
3072 2600 3359 2672 Ῥωμαίων
3377 2600 3472 2656 ἀτε
3504 2618 3675 2672 προσ-

399 2695 560 2748 οίκων
599 2694 834 2749 πάθωσι.
876 2695 988 2748 Καὶ
1040 2696 1090 2748 oi.
1163 2693 1262 2766 μέν
1311 2695 1528 2760 πλείους
1568 2695 1630 2750 τὺ
1670 2696 2088 2768 ἀποϐησόμενον
2141 2695 2432 2760 ἐσκόπουν,
2488 2692 2660 2760 ὀλίγοι
2717 2692 2774 2746 δέ
2837 2693 2973 2763 πρὸς
3019 2692 3145 2757 τοὺς
3193 2691 3499 2765 Ῥωμαίους
3521 2693 3677 2768 αὖθις

402 2787 762 2859 μετέστησαν,
833 2789 930 2843 καὶ
991 2789 1322 2859 ἀναθήματά
1360 2807 1506 2854 τινες
1543 2790 1727 2855 αὐτοῖς
1768 2791 2046 2862 ἔπεμψαν.
2094 2789 2204 2844 Καὶ
2263 2787 2357 2843 τοῦ
2397 2789 2640 2859 Ἱέρωνος
2682 2787 2856 2842 πολλά
2914 2789 3287 2859 πεπομφότος.
3369 2792 3515 2844 σῖτον
3579 2789 3678 2842 καὶ

399 2882 554 2953 νίκης
607 2882 833 2954 ἄγαλμα
859 2885 910 2936 οί
954 2883 1217 2953 Ῥωμαῖοι
1254 2885 1394 2955 μόνα
1450 2883 1673 2951 ἔλαϐον,
1707 2886 1912 2956 καίπερ
1943 2886 2002 2938 ἐν
2029 2880 2349 2956 ἀχρηματίᾳ
2380 2879 2555 2948 ὅντες,
2588 2881 2730 2936 ὥστε
2757 2878 2820 2935 τὸ
2845 2879 3121 2952 ἀργυροῦν
3154 2881 3420 2953 νόμισμα,
3471 2882 3674 2953 ἀμιγὲς

399 2978 494 3029 καὶ
567 2975 806 3047 καθαρὸν
879 2978 1166 3048 γινόμενον
1211 2977 1502 3049 πρότερον,
1544 2979 1735 3052 χαλκῷ
1763 2975 2090 3050 προσμίξαι.

1605 3132 1810 3195 Variae
1841 3130 2148 3196 lectiones
2192 3139 2255 3196 et
2282 3139 2472 3197 notas.

474 3249 588 3320 (ὖό)
622 3251 823 3318 Μόνος
857 3253 1200 3324 ἱππάρχων.
1220 3253 1490 3327 Escerpta
1515 3255 1708 3316 Dionis
1750 3258 1987 3316 Valesiai

2098 3275 2155 3331 p.
2188 3258 2316 3315 597.

1573 3599 1936 3687 LIBER
2028 3597 2481 3690 NONUS.

478 3787 523 3842 Ι.
564 3785 689 3842 Haec
721 3795 835 3842 tum
869 3785 924 3841 in
952 3787 1106 3843 Italia
1137 3796 1257 3845 acta
1281 3797 1432 3858 sunt,
1461 3805 1525 3846 ac
1555 3790 1746 3846 Romae
1775 3789 1987 3848 servilis

2169 3792 2252 3848 A'.
2281 3771 2468 3847 Ταῦτα
2497 3792 2556 3846 ἐν
2587 3794 2653 3864 τῇ
2699 3792 2900 3864 Ἰταλίᾳ
2922 3793 3042 3849 τότε
3079 3794 3352 3870 ἐπράχθη.
3385 3799 3497 3853 Καί
3528 3819 3675 3866 τινες

407 3879 718 3948 conjuratio
750 3888 965 3934 mature
1003 3894 1289 3950 oppressa.
1324 3880 1656 3952 Explorator
1682 3882 1907 3953 quidam
1932 3882 1987 3937 in

2093 3885 2274 3940 δοῦλοι
2304 3888 2648 3958 συνωμοσίαν
2681 3887 2776 3938 ἐπὶ
2804 3891 2869 3958 τῇ
2911 3887 3099 3959 Ῥώμῃ
3139 3892 3507 3960 πεποιηκότες
3528 3911 3667 3964 προ-

405 3971 542 4025 urbe
596 3971 1012 4041 deprehensus,
1071 3973 1372 4043 amputatis
1419 3975 1676 4030 manibus
1728 3975 1987 4032 dimissus

2091 3977 2535 4048 κατελήφθησαν.
2579 3978 2942 4044 Κατάσκοπός
2991 3981 3051 4034 τέ
3092 3999 3179 4045 τις
3230 3982 3394 4047 ἀλοὺς
3431 3985 3491 4038 ἐν
3529 3987 3671 4057 αὐτῇ

398 4072 502 4123 est.
560 4071 620 4117 ut
673 4064 790 4132 ipse
823 4063 1374 4136 Carthaginiensibus
1405 4083 1518 4122 suae
1562 4067 1735 4139 cladis
1763 4069 1987 4124 nuntius

2090 4073 2190 4136 τὰς
2229 4075 2423 4144 χεῖρας
2453 4072 2738 4140 ἀπεκόπη,
2769 4073 2865 4126 καὶ
2899 4073 3124 4144 ἀφείθη,
3168 4074 3253 4128 ἴνα
3296 4077 3411 4138 τοῖς
3444 4079 3671 4148 Καρχη-

402 4163 568 4209 esset.
621 4154 681 4209 In
712 4155 970 4225 Hispania
1024 4156 1212 4228 Scipio
1257 4160 1437 4214 navali
1489 4161 1700 4230 przelio,
1745 4161 1814 4216 ad
1843 4162 1987 4217 lberi

2091 4162 2286 4226 δονίοις
2316 4162 2546 4233 γένηται
2571 4161 2666 4214 τοῦ
2716 4162 2924 4227 πάθους
2975 4164 3334 4234 αὐτάγγελος.
3390 4168 3479 4220 Ἐν
3518 4169 3669 4241 δὲτῇ

381 4248 542 4301 ostia
569 4247 722 4302 vicit.
752 4247 889 4302 Nam
917 4264 1040 4303 cum
1069 4266 1248 4321 pugna
1273 4251 1545 4321 principio
1581 4267 1785 4324 anceps
1817 4263 1984 4320 esset,

2103 4253 2335 4326 Ἰϐηρίᾳ,
2384 4253 2663 4325 ναυμαχίᾳ
2712 4254 2850 4324 πρὸς
2902 4257 2969 4326 τῇ
3022 4255 3118 4310 τοῦ
3153 4256 3374 4329 Ἴϐηρος
3415 4259 3610 4330 ἐκϐολῇ
3639 4264 3671 4314 6

401 4338 539 4393 velis
570 4342 795 4393 navium
832 4339 1075 4407 refectis,
1111 4356 1244 4396 suos
1275 4342 1341 4397 ad
1371 4343 1686 4413 promptius
1711 4343 1987 4401 dimican-

2089 4346 2330 4398 Σκιπίων
2388 4344 2664 4415 ἐνίκησεν.
2718 4344 3014 4410 ’ἰσοπαλῶς
3059 4346 3170 4418 γάρ
3220 4348 3666 4421 ἀγωνιζομένων,

406 4428 537 4483 dum
590 4431 869 4486 cohortari
911 4434 1128 4489 voluit:
1162 4450 1265 4491 nec
1292 4451 1454 4507 agros
1494 4437 1760 4493 duntaxat
1809 4447 1987 4494 vasta-

2089 4439 2160 4493 τά
2221 4439 2367 4492 ίστία
2423 4438 2535 4492 τῶν
2592 4438 2733 4492 νεῶν
2767 4438 3094 4510 ὑπετέμετο,
3145 4440 3294 4506 ὅπως
3338 4442 3672 4512 ἀπογνόντες

407 4520 509 4583 vit,
560 4523 656 4576 sed
692 4525 864 4579 etiam
897 4527 1069 4581 multa
1099 4527 1220 4582 locu
1254 4529 1465 4583 munita
1501 4529 1758 4600 subegit:
1796 4537 1854 4584 et
1893 4545 1992 4599 per

405 4610 632 4666 fratrem
689 4613 751 4668 P.
803 4614 1118 4686 Scipionom
1166 4619 1332 4674 urbes
1380 4618 1700 4689 Hispanicas
1743 4619 1990 4675 Romano

408 4702 642 4772 imperio
689 4705 909 4776 adjecit.
962 4709 1169 4763 Abelus
1215 4709 1362 4764 enim
1422 4710 1649 4780 quidam
1691 4709 1987 4780 Hispanus,

404 4809 528 4850 cum
552 4793 1101 4868 Carthaginiensibus
1125 4802 1266 4857 lidus
1287 4817 1409 4858 esse
1431 4801 1773 4867 crederetur,
1799 4817 1990 4857 revera

405 4886 674 4942 Romanis
702 4886 914 4952 favens,
948 4893 1223 4961 persuasit
1247 4893 1298 4948 ei
1329 4894 1424 4964 qui
1451 4893 1678 4948 obsides
1712 4892 1987 4962 Hispano-

407 4994 532 5032 rum
567 4980 937 5048 custodiebat,
972 4991 1031 5038 ut
1063 4999 1158 5040 eos
1183 4985 1408 5040 domum
1436 4985 1592 5041 abire
1621 4985 1850 5052 sineret,
1878 5000 1988 5055 quo

407 5067 628 5122 [acilius
659 5071 914 5126 civitates
955 5072 1023 5128 ad
1068 5073 1510 5132 benevolentiam
1555 5075 1986 5132 adducerentur.

2091 4532 2498 4603 προθυμότερον
2525 4529 2928 4598 ἀγωνίσωνται,
2962 4532 3059 4585 καὶ
3080 4533 3182 4602 τήν
3198 4550 3258 4586 τε
3286 4532 3473 4605 χώραν
3500 4537 3673 4608 ἐπόρ·

2091 4622 2246 4694 θησε,
2300 4621 2397 4676 καὶ
2439 4623 2595 4692 τείχη
2647 4622 2817 4692 συχνά
2871 4622 3242 4694 ἐχειρώσατο,
3279 4627 3374 4680 καὶ
3427 4627 3516 4680 διά
3572 4629 3669 4682 τοῦ

2091 4711 2326 4783 ἀδελφοῦ
2380 4712 2653 4790 Πουπλίου
2706 4711 3015 4778 Σκιπίωνος
3069 4714 3255 4778 πόλεις
3295 4716 3404 4771 τῶν
3443 4718 3670 4788 Ἰϐήρων

2092 4805 2535 4876 προσεκτήσατο.
2583 4803 2812 4867 ’Ἄϐελος
2872 4805 2982 4876 γάρ
3033 4822 3118 4870 τις
3159 4807 3317 4879 ’Ἰϐηρ
3359 4808 3534 4862 δοκῶν
3570 4809 3670 4879 μὲν

2087 4894 2198 4955 τοῖς
2225 4892 2622 4963 Καρχηδονίοις
2659 4892 2869 4960 πιστὸς,
2903 4894 2974 4948 τά
3009 4895 3120 4949 τῶν
3163 4897 3449 4968 Ῥωμαίων
3489 4899 3544 4953 δὲ
3577 4899 3670 4953 θε-

2089 4981 2371 5055 ραπεύων,
2395 4983 2653 5038 ἀνέπεισε
2702 4985 2795 5039 τὸν
2842 4988 3192 5058 φρουροῦντα
3215 4990 3344 5054 τοὺς
3376 4992 3485 5046 τῶν
3529 4993 3668 5064 Ἰϐή-

2097 5092 2205 5146 ρων
2230 5075 2496 5148 δμήρους,
2528 5076 2712 5131 οἴκαδε
2756 5078 2956 5142 αὐτοὺς
3003 5080 3352 5153 ἀποπέμψαι,
3389 5082 3455 5136 ἵν’
3484 5087 3542 5149 ἐς
3575 5083 3668 5138 εὕρ

406 5157 556 5224 Quos
589 5174 737 5226 cum,
788 5173 847 5216 ut
892 5164 1040 5220 illius
1077 5168 1292 5223 consilii
1344 5168 1508 5240 417
1539 5177 1758 5234 auctor,
1791 5168 1987 5240 legatis

2093 5146 2440 5239 VOtavrTVdXG
2495 5169 2588 5222 ὑπ’
2630 5169 2812 5223 αὐτῶν
2862 5171 2919 5224 at
2953 5171 3140 5237 πόλεις
3191 5146 3534 5246 ίνίτιιχθῶσιο⁷
3575 5178 3670 5229 καὶ

408 5249 561 5318 prius
592 5249 660 5305 ad
686 5251 999 5322 Scipionem
1021 5256 1225 5324 missis,
1246 5265 1302 5314 et
1331 5258 1748 5315 communicatis
1769 5259 1838 5317 iis
1861 5276 1986 5331 qua:

405 5339 647 5405 volebat,
679 5353 846 5398 noctu
876 5346 1198 5414 abduceret,
1231 5360 1428 5421 captus
1471 5359 1558 5407 est
1583 5351 1836 5409 scilicet:
1873 5353 1985 5409 Bo-

409 5432 559 5487 mani
594 5433 662 5488 iis
690 5433 913 5491 domum
962 5439 1224 5507 remissis,
1261 5443 1469 5512 patrias
1516 5458 1707 5499 eorum
1738 5444 1792 5500 in
1825 5443 1987 5500 dedi-

411 5523 618 5579 tionem
649 5540 998 5598 acceperunt.
1032 5529 1164 5600 Qua:
1185 5549 1310 5590 cum
1341 5533 1578 5592 feliciter
1598 5537 1984 5604 succederent,

411 5611 468 5666 in
499 5627 619 5667 eam
648 5616 857 5672 cladem
902 5620 1238 5691 inciderunt,
1289 5640 1400 5696 qua
1433 5639 1536 5682 nec
1559 5635 1688 5682 ante
1727 5641 1833 5683 nec
1863 5635 1989 5698 post

410 5703 718 5771 graviorem
765 5721 1103 5770 senserunt:
1149 5730 1324 5788 eaque
1355 5717 1620 5789 prodigiis
1660 5719 1984 5790 praesigniﬁ-

2094 5256 2429 5332 παραλαϐὼν
2463 5259 2604 5328 σφᾶς
2647 5259 2744 5314 ἀτε
2789 5260 2885 5314 καὶ
2928 5261 3026 5333 τῆς
3058 5259 3319 5327 ’ἐπινοίας
3368 5264 3668 5338 εἰσηγητὴς

2091 5347 2356 5423 γεγονὼς,
2384 5348 2522 5419 πρὸς
2538 5349 2666 5414 τοῦς
2696 5351 3008 5416 Σκιπίωνας
3027 5351 3088 5406 τὸ
3120 5354 3392 5424 πρότερον
3423 5357 3664 5427 πέμψας,

2093 5442 2186 5492 καὶ
2229 5439 2762 5514 κοινολογησάμενος
2816 5445 2946 5514 περὶ
2971 5437 3050 5498 ὧν
3103 5445 3284 5516 ἠξίου,
3319 5443 3439 5502 εἶτα
3475 5450 3667 5512 νυκτὸς

2091 5533 2483 5606 ὑπεκκομίζων
2517 5535 2738 5602 αὐτοὺς,
2766 5537 2910 5592 ἐάλω
2954 5538 3116 5610 δῆθεν
3140 5557 3154 5571 ο
3186 5542 3279 5595 καὶ
3314 5541 3489 5608 οῦτως
3517 5543 3666 5596 ἐκεί-

2093 5643 2202 5680 νων
2251 5643 2314 5680 τε
2367 5627 2659 5699 ἐγκρατεῖς
2709 5629 2961 5698 ἐγένοντο
3009 5634 3060 5686 ot
3094 5633 3380 5705 Ῥωμαῖοι,
3417 5637 3514 5690 καὶ
3567 5635 3666 5697 τάς

2097 5718 2360 5790 πατρίδας
2416 5719 2598 5776 αὐτῶν
2653 5720 3134 5793 ἀνακομισθέντων
3170 5725 3356 5782 οίκαδε
3396 5728 3665 5794 κατεκτή-
