4050 6210
345 267 450 326 713

1576 238 1980 329 ANNALIUM
2022 266 2166 327 LIB.
2222 269 2323 327 ix.

3485 271 3590 335 7M

344 400 531 436 σαντο.
567 382 657 436 Ἐν
700 381 795 450 μὲν
829 377 922 435 οῦν
954 382 1166 445 τούτοις
1189 383 1470 451 εὐτύχουν,
1506 384 1763 455 συμφορᾷ
1778 382 1824 434 δ’
1850 379 1914 435 αὖ

2038 392 2141 436 rata
2175 372 2280 446 est,
2336 389 2392 437 et
2426 379 2709 453 Sibyllinis
2758 381 2994 437 oraculis
3042 392 3121 438 tot
3170 393 3297 440 ante
3344 386 3598 443 atatibus

345 476 674 545 τεριὲπεσον
705 466 768 542 ἧς
801 470 924 524 οὔτε
970 472 1208 542 πρόσθεν
1234 472 1352 526 οὗθ’
1390 471 1616 542 ὕστερον
1641 472 1919 541 δεινοτέρᾳ

2024 472 2307 541 praedicta.
2343 472 2612 528 Mirabilis
2646 473 2753 527 fuit
2799 482 2856 529 et
2914 474 3077 528 Marci
3131 477 3273 530 vatis
3303 474 3596 542 divinatio,

339 566 466 620 οὑδὲ
504 564 623 635 μιᾷ.
665 564 1029 634 Προηγήσιτο
1065 562 1121 614 δὲ
1159 563 1363 635 ταύτης
1403 565 1496 617 καί
1544 580 1667 616 τινα
1718 563 1920 634 τέρατα

2038 563 2117 633 ιιιί
2149 578 2263 626 eos,
2297 565 2501 634 quippe
2532 579 2560 618 a
2592 565 2767 635 prima
2801 565 2972 635 s’irpe
3005 566 3290 637 Trojanos,
3324 571 3375 622 in
3409 582 3603 640 campo

342 659 438 710 καὶ
473 657 541 709 τὰ
574 655 675 725 τῆς
704 653 969 723 Σιϐύλλης
1010 653 1189 722 λόγια,
1213 655 1334 721 ἦτις
1358 654 1463 725 πρὸ
1493 652 1761 707 τοσούτων
1785 652 1921 705 enim

2026 654 2336 709 Diomedzeo
2381 656 2592 710 cladem
2644 666 2968 729 accepturos
2997 660 3270 729 praedixit.
3301 660 3353 715 Is
3387 675 3517 715 vero
3548 665 3601 715 in
3658 678 3665 683 ·

341 746 443 812 τὴν
497 742 784 812 συμφορὰν
834 745 1020 805 αὐτοῖς
1060 743 1455 814 ἐμαντεύσατο.
1495 742 1821 812 θαυμαστὸν
1863 741 1920 794 δὲ

2038 744 2218 815 Apulia
2249 745 2587 801 Dauniorum
2622 756 2726 815 est,
2760 763 2960 804 nomen
2993 750 3063 804 ab
3099 750 3441 807 habitatione
3478 752 3606 807 Dio—

340 842 438 889 καὶ
469 837 531 888 τὸ
566 835 662 889 τοῦ
695 836 926 905 Μᾶρκου
951 838 1355 905 προμάντευμα
1374 851 1386 865 ’
1413 835 1793 908 χρησμολόγος
1814 834 1924 905 γάρ

339 948 426 992 τις
484 929 580 982 καὶ
631 923 785 991 οὗτος
832 929 1127 1000 γενόμενος
1178 929 1236 981 ὲν
1273 928 1351 1000 τῷ
1412 927 1717 999 Διομηδείῳ
1753 928 1925 997 πεδίῳ

343 1019 600 1073 πταίσειν
630 1019 829 1083 αὐτοὺς
880 1019 977 1072 ἅτε
1030 1020 1125 1071 καὶ
1177 1018 1373 1090 Τρῶας
1401 1018 1462 1072 τὸ
1506 1020 1734 1089 ἀρχαῖον
1762 1017 1924 1080 ὄντας

344 1113 630 1182 ὲςροίίἀσε.
686 1111 864 1165 Τοῦτο
907 1110 954 1165 δ’
992 1113 1049 1164 ὲν
1084 1110 1346 1182 Ἀπουλίᾳ
1381 1112 1447 1181 τῇ
1500 1109 1746 1164 ⁴Δαυνίων
1782 1108 1925 1174 ἐστὶ,

342 1207 441 1259 καὶ
471 1207 530 1260 τ’»
564 1205 737 1276 ὄνομα
763 1205 871 1259 ἀπὸ
906 1205 1007 1276 τῆς
1041 1204 1136 1258 τοῦ
1190 1203 1490 1276 Διομήδους
1527 1200 1922 1273 κατοικήσεως,

344 1300 417 1370 ἢν
453 1302 573 1352 ius:
603 1297 909 1368 ἁ).ητεύσας
934 1298 1249 1368 ἐποιήσατο,
1293 1296 1545 1367 ἔσχηκεν.
1590 1296 1679 1349 Ἐν
1712 1294 1822 1365 γὰρ
1848 1293 1926 1364 τῷ

340 1389 517 1460 πεδίῳ
546 1388 741 1459 ἐκείνῳ
768 1388 863 1440 καὶ
884 1388 940 1441 αί
959 1386 1192 1452 Κάνναι,
1216 1384 1344 1440 ἔνθα
1370 1387 1493 1440 τότε
1528 1383 1923 1455 ὲδυστύχησαν,

343 1484 503 1554 παρά
524 1501 584 1535 τε
609 1482 687 1552 τῷ
737 1482 909 1553 Ἰονίῳ
941 1480 1151 1551 κόλπῳ,
1193 1484 1292 1535 καὶ
1341 1481 1471 1553 περὶ
1492 1480 1591 1544 τὰς
1625 1479 1721 1532 τοῦ
1751 1479 1926 1550 Αὐφι-

2027 838 2200 894 tnedis
2248 842 2495 901 sortitus,
2550 854 2674 895 cum
2730 841 2841 896 illic
2891 840 3193 898 oberraret.
3253 842 3311 898 In
3351 858 3420 900 eo
3453 846 3603 901 enim

2027 944 2224 999 campo
2254 930 2458 983 Canna:
2489 938 2638 995 sunt,
2674 930 2769 985 ubi
2806 931 2931 987 czesi
2959 932 3206 998 fuerunt,
3237 934 3393 1005 juxta
3421 936 3602 991 sinum

2028 1018 2268 1083 Ionium,
2308 1026 2364 1072 et
2397 1017 2578 1072 Aulidi
2616 1019 2779 1073 ostia.
2844 1018 3051 1092 Sibylla
3090 1031 3274 1076 autem
3306 1024 3521 1078 monuit
3545 1034 3606 1079 ut

2026 1126 2151 1165 eum
2186 1109 2368 1165 locum
2397 1120 2676 1177 caverent,
2721 1128 2900 1183 neque
2933 1123 3111 1169 tamen
3143 1114 3443 1186 quidquam
3476 1131 3607 1172 cau-

2030 1204 2180 1258 tione
2230 1202 2319 1258 vel
2360 1202 2778 1275 diligentissima
2846 1207 3198 1277 profecturos
3248 1209 3470 1280 adjecit.
3528 1213 3607 1266 Ac

2030 1295 2156 1350 talia
2189 1296 2414 1351 luerunt
2441 1296 2665 1350 oracula
2697 1314 2710 1350 :
2754 1312 2844 1351 res
2868 1307 3052 1353 autem
3088 1300 3162 1355 ita
3188 1311 3339 1372 gesta
3363 1310 3469 1357 est.
3506 1302 3609 1358 Le-

2028 1384 2286 1455 gionibus
2335 1394 2611 1456 praeerant
2653 1386 2855 1441 Paulus
2900 1388 3158 1445 rEmilius
3202 1400 3258 1446 et
3312 1392 3607 1449 Terentius

2033 1476 2223 1540 Varro,
2256 1477 2359 1531 viri
2395 1475 2761 1533 dissimilibus
2788 1478 3043 1550 ingeniis.
3096 1481 3230 1537 Nam
3265 1483 3404 1538 alter
3435 1484 3606 1554 patri-
3656 1468 3669 1489 λ

340 1574 463 1627 δίου
487 1573 719 1634 ἐκϐολὰς
756 1576 918 1626 εἰσιν.
962 1571 1025 1624 Ἥ
1057 1571 1114 1624 δὲ
1162 1570 1397 1625 Σιϐύλλα
1428 1568 1797 1638 φυλάττεσθαι
1830 1569 1929 1640 μὲν

2038 1571 2148 1625 cius
2174 1576 2317 1633 erat,
2346 1568 2595 1624 doctrina
2621 1578 2870 1637 ornatus,
2895 1583 3147 1643 tutasque
3178 1576 3420 1631 rationes
3441 1578 3609 1633 auda-

342 1666 410 1717 τδ
480 1664 680 1735 χωρίον
750 1662 1081 1735 παρῄνεσεν,
1135 1664 1196 1717 οὐ
1237 1664 1422 1733 μέντοι
1488 1661 1585 1716 καὶ
1639 1661 1822 1716 πλεῖόν
1876 1677 1929 1714 τι

2038 1663 2130 1715 cia:
2178 1660 2555 1731 praeponebat.
2610 1659 2903 1716 Terentius
2959 1678 3092 1718 vero
3158 1664 3303 1719 inter
3361 1666 3609 1736 plebeios

342 1757 682 1828 γενήσεσθαι
727 1756 855 1827 ἔφη,
882 1755 994 1810 οὐδ’
1021 1758 1070 1809 εί
1093 1755 1183 1811 διὰ
1213 1755 1395 1826 πάσης
1436 1754 1572 1810 αὐτὸ
1603 1756 1928 1823 ποιήσαιντο

2038 1754 2321 1819 educatus,
2342 1761 2398 1808 et
2424 1753 2756 1824 importuna:
2778 1754 3020 1810 audaciae
3042 1765 3315 1820 assuetus,
3343 1768 3457 1813 tum
3484 1760 3609 1817 aliis

342 1849 628 1920 φυλακῆς.
650 1849 888 1904 Τοιαῦτα
915 1849 1012 1919 μὲν
1038 1846 1134 1901 οῦν
1151 1843 1292 1919 ἦσαν
1313 1848 1380 1899 τὰ
1401 1845 1748 1917 χρησμοδοτή
1755 1861 1926 1915 ματα,

341 1944 419 1997 τὰ
476 1943 535 1997 δι
595 1944 708 2007 τοῖς
767 1941 1061 2012 Ῥωμαίοις
1118 1938 1406 2010 συμϐάντα
1452 1937 1625 2000 οὕτως
1688 1937 1925 2006 ἐγένετο.

340 2034 562 2107 Ἷιρχον
595 2036 693 2105 μὲν
749 2034 962 2096 Παῦλος
994 2032 1247 2104 Αἰμίλιος
1288 2032 1383 2085 καὶ
1420 2031 1713 2100 Τερέντιος
1743 2032 1928 2104 0ὐάρο

344 2132 484 2196 ῥων,
516 2127 711 2199 ἄνδρες
732 2126 832 2196 οὐχ
854 2125 1223 2196 ὀμοιότροποι.
1263 2122 1323 2177 '0
1351 2122 1571 2195 μὲνγὰρ
1595 2123 1930 2196 εὐπατρίδης

338 2218 531 2291 ἦνκαὶ
558 2219 780 2291 παιδείᾳ⁸
812 2219 1125 2289 κεκόσμητο
1161 2217 1255 2270 καὶ
1292 2215 1352 2267 τὸ
1387 2213 1630 2284 ἀσφαλὲς
1656 2214 1931 2284 προετίμα

339 2313 445 2366 τοῦ
470 2311 778 2385 προπετοῦς
807 2329 821 2341 ·
857 2311 1142 2382 Τερέντιος
1160 2308 1216 2361 δὲ
1245 2309 1302 2361 ἐν
1324 2306 1399 2379 τῷ
1422 2305 1594 2377 ὁμίλῳ
1632 2305 1931 2375 ἐτέθραπτο

340 2408 443 2458 καὶ
477 2407 534 2457 ἐν
567 2404 872 2474 βαναυσικῇ
906 2401 1204 2475 Θρασύτητι
1244 2402 1477 2472 ἤσκητο,
1518 2396 1614 2451 καὶ
1646 2396 1816 2451 τᾶλλα
1870 2413 1930 2449 τε

341 2496 659 2569 ἐξεφρόνει,
697 2497 791 2549 καὶ
819 2497 918 2565 τὴν
943 2493 1241 2565 ἡγεμονίαν
1272 2491 1432 2562 μόνος
1462 2489 1607 2561 ἔχειν
1636 2490 1827 2560 ἡγεῖτο
1846 2488 1933 2542 διὰ

346 2594 452 2662 τὴν
485 2588 579 2641 τοῦ
622 2588 987 2659 συνάρχοντος
1028 2584 1356 2638 ἐπιείκειαν.
1388 2579 1591 2635 Ἦλθον
1631 2576 1725 2634 οὖν
1765 2580 1933 2649 ἄμφω

350 2686 437 2745 εἰς
472 2682 533 2734 τὸ
578 2679 946 2751 στρατόπεδον
988 2675 1372 2747 εὐκαιρότατα.
1424 2672 1563 2725 Uine
1612 2670 1722 2741 γὰρ
1755 2671 1934 2742 τροφὴ

347 2774 438 2825 ἔτι
488 2766 555 2841 ἦν
598 2769 675 2841 τῷ
738 2767 978 2840 Ἀννίϐᾳ,
1010 2770 1103 2820 καί
1144 2766 1213 2818 τὰ
1244 2764 1353 2816 τῶν
1389 2762 1615 2835 Ἰϐήρων
1652 2762 1934 2831 κεκίνητο,

345 2866 424 2919 τά
453 2882 512 2918 τε
540 2863 650 2917 τῶν
680 2861 987 2931 συμμάχων
1037 2856 1201 2912 αὐτοῦ
1239 2854 1589 2927 ἠλλοτριοῦτο
1614 2867 1627 2881 ⁸
1676 2853 1771 2905 καὶ
1799 2853 1852 2904 εί
1870 2868 1935 2917 γε

351 2958 454 3009 καὶ
482 2957 544 3009 τ’»
588 2955 925 3027 βραχύτατον
954 2953 1353 3022 ἐπεσχήκεσαν,
1382 2948 1597 3010 ἀπόνως
1618 2947 1935 3017 ἐκράτησαν

348 3051 442 3103 ἄν.
482 3047 596 3101 Νῦν
617 3047 674 3100 δέ
706 3063 770 3115 γε
819 3045 913 3098 τοῦ
959 3041 1252 3114 Τερεντίου
1286 3041 1346 3094 τὸ
1383 3039 1719 3111 ἀπερίοπτον
1738 3038 1834 3091 καὶ
1876 3038 1935 3089 τὸ

349 3141 451 3193 ’.οῦ
486 3139 694 3194 Παύλου
719 3101 976 3200 ’ἐπιεικὲς
1006 3101 1244 3208 ἥττησεν
1285 3101 1511 3196 αὑτούςί
1556 3131 1618 3184 '0
1656 3130 1766 3202 γὰρ
1810 3130 1931 3182 Ἀν-
1958 3101 2005 3165 c

351 3252 386 3283 ν
412 3231 514 3294 ϐας
579 3229 905 3299 ἐπεχείρησε
949 3227 1047 3297 μὲν
1081 3230 1174 3279 καὶ
1213 3224 1562 3296 παραχρῆμα
1586 3220 1724 3292 πρὸς
1750 3219 1932 3291 μάχην

348 3324 555 3385 αὐτοὺς
597 3318 1005 3389 ὑπαγαγέσθαι,
1048 3317 1144 3371 καὶ
1171 3316 1271 3370 σὺν
1306 3316 1513 3384 ὀλίγοις
1537 3311 1934 3382 προσπελάσας

353 3415 542 3469 αὐτῶν
594 3413 672 3484 τῷ
718 3414 976 3485 ἐρύματι,
1029 3411 1155 3465 ἐπεὶ
1203 3409 1446 3480 ἐκδρομὴ
1497 3408 1740 3476 ἐγένετο,
1792 3406 1934 3459 ἑκὼν

357 3509 744 3581 ὑπεχώρησεν,
776 3509 921 3571 ὅπως
961 3507 1193 3560 δεδιέναι
1220 3502 1520 3575 νομισθεὶς,
1565 3503 1934 3555 Exundante

360 3606 566 3676 μᾶλλον
595 3605 790 3667 αὐτοὺς
848 3603 928 3664 είς
982 3598 1308 3671 παράταξιν.
1343 3596 1448 3648 Τοῦ
1489 3596 1548 3648 δὲ
1581 3594 1792 3647 Παύλου
1822 3596 1936 3654 τοῖς

356 3697 585 3759 οἰκείοις
616 3694 982 3767 στρατιώταις
1024 3691 1337 3758 ἐπισχόντος
1380 3687 1478 3757 τὴν
1508 3685 1712 3750 δίωξιν,
1741 3685 1768 3735 ὁ
1816 3683 1936 3734 Ἀν-

357 3789 518 3851 νίϐας
580 3786 1021 3858 προσεποιήσατο
1065 3781 1378 3853 φοϐεῖσθαιο
1437 3780 1533 3833 καὶ
1597 3777 1698 3847 τῆς
1745 3775 1937 3829 νυκτὸς

358 3877 880 3947 ἀνασκευασάμενος
914 3874 988 3938 ὡς
1019 3872 1218 3935 ἀπιὼν,
1246 3868 1415 3939 σκεύη
1449 3884 1509 3920 τε
1543 3866 1713 3937 συχνὰ
1729 3864 1943 3918 κατέλι-

369 3988 473 4024 πεν
510 3972 570 4023 ὲν
597 3968 675 4039 τῷ
727 3966 1115 4040 χαρακώματι,
1148 3964 1242 4017 καὶ
1271 3962 1339 4016 τὰ
1381 3960 1543 4013 λοιπὰ
1574 3957 1939 4027 ἀμελέστερον

366 4062 690 4134 κομίζεσθαι.
716 4057 1044 4121 ἐνετείλατο,
1082 4054 1170 4110 ἴνα
1191 4054 1300 4106 τῶν
1338 4050 1629 4122 Ῥωμαίων
1651 4047 1737 4117 ἐφ’
1759 4048 1940 4118 ἁρπα-

365 4157 472 4226 γὴν
513 4152 697 4207 αὐτῶν
745 4149 1110 4222 τραπομένων
1168 4144 1430 4215 ἐπίθηται
1473 4140 1647 4211 σφίσι.
1697 4139 1808 4193 Καὶ
1861 4138 1941 4201 εἰς

365 4250 532 4318 ἔργον
561 4247 627 4299 ἂν
656 4243 717 4297 τὸ
768 4242 1043 4313 βούλευμα
1073 4240 1303 4311 ἧγαγεν,
1342 4238 1390 4288 εἰ
1443 4235 1519 4305 μὴ
1544 4236 1572 4287 ὁ
1601 4231 1813 4294 Παῦλος
1844 4229 1942 4284 καὶ

363 4342 602 4401 ἄκοντας
652 4338 990 4404 κατεσχήκει
1041 4337 1168 4393 τοὺς
1226 4326 1565 4402 στρατιώτας
1600 4323 1815 4379 καὶτὸν
1842 4323 1943 4375 Τεο

2033 1848 2096 1901 de
2124 1846 2290 1901 rebus
2316 1856 2605 1916 perperam
2638 1847 2935 1913 sentiebat,
2970 1858 3083 1903 tum
3110 1865 3169 1904 se
3195 1852 3372 1905 solum
3403 1852 3610 1908 habere

2034 1941 2324 2009 imperium
2371 1939 2444 1993 ob
2490 1939 2714 2010 collegae
2771 1941 3206 1996 moderationem
3257 1944 3607 2019 opinabatur.

2030 2032 2206 2086 Ambo
2234 2040 2423 2087 autem
2453 2047 2717 2102 perquam
2754 2033 2818 2087 ‘in
2856 2041 3105 2103 tempore
3148 2035 3203 2089 in
3235 2035 3418 2091 eaStra'
3441 2053 3607 2093 vene-

2034 2130 2182 2177 runt.
2233 2122 2425 2193 Neque
2475 2123 2625 2178 enim
2679 2133 3046 2180 commeatum
3089 2126 3327 2182 habebat
3351 2130 3611 2192 Annibal.

2031 2225 2088 2271 et
2123 2230 2211 2270 res
2236 2213 2546 2286 llispanicze
2574 2216 2807 2272 turbatae
2834 2227 3014 2281 erant,
3042 2227 3100 2274 et
3121 2219 3255 2276 socii
3287 2221 3355 2276 ab
3380 2236 3448 2277 eo
3476 2222 3612 2277 alie-

2035 2307 2330 2362 nabantur.
2359 2305 2516 2373 Quod
2548 2305 2593 2360 si
2628 2308 2990 2378 perpusillum
3019 2313 3212 2364 morati
3249 2323 3454 2375 essent,
3474 2313 3610 2367 citra

2034 2399 2276 2455 laborem
2301 2401 2586 2455 vicissent.
2610 2398 2767 2454 Nune
2794 2399 3039 2456 Terentii
3068 2403 3350 2457 temeritas
3378 2413 3431 2459 et
3459 2405 3611 2460 Pauli

2036 2492 2343 2547 moderatio
2387 2506 2567 2547 causa:
2599 2491 2772 2547 cladis
2796 2492 3148 2547 exstiterunt.
3192 2494 3329 2550 Nam
3376 2495 3612 2553 Annibal

2032 2586 2217 2639 statim
2248 2598 2346 2639 eos
2374 2583 2442 2637 ad
2480 2598 2719 2653 pugnam
2750 2583 2953 2639 elicere
2976 2585 3228 2651 studens,
3260 2602 3387 2641 cum
3425 2590 3615 2659 paucis

2035 2677 2399 2732 munitionem
2427 2691 2721 2748 aggressus
2765 2688 2850 2731 est
2890 2692 2905 2731 :
2962 2677 3217 2748 fat-taque
3262 2683 3613 2745 excursione,

2034 2779 2233 2841 sponte
2259 2770 2512 2831 recessit,
2551 2776 2608 2821 ut
2648 2770 2843 2822 timore
2892 2769 3151 2823 simulato
3183 2770 3399 2827 facilius
3436 2788 3533 2829 cos
3558 2776 3613 2828 in

2037 2862 2281 2933 praelium
2327 2861 2650 2916 attralieret.
2700 2859 2947 2930 Cumque
2997 2861 3201 2916 Paulus
3248 2878 3380 2919 suos
3410 2865 3617 2920 milites

2036 2957 2105 3011 ab
2138 2956 2295 3010 hoste
2320 2953 2704 3025 persequendo
2733 2963 3069 3017 revocasset,
3107 2955 3303 3011 timore
3332 2955 3615 3013 simulato.

2038 3048 2183 3104 vasis
2232 3058 2400 3103 noctu
2447 3046 2714 3103 collectis.
2751 3055 3007 3116 tanquam
3057 3046 3331 3111 abiturus,
3361 3050 3531 3105 multa
3559 3052 3614 3104 in

2039 3138 2180 3194 vallo
2213 3138 2455 3209 reliquit,
2488 3145 2798 3207 emleraque
2845 3138 3212 3209 negligentius
3263 3143 3468 3210 portari
3494 3143 3616 3213 jus-

2038 3233 2131 3298 sit,
2155 3239 2217 3286 ut
2238 3231 2520 3285 Romanos
2542 3229 2597 3282 in
2629 3229 2879 3300 rapinam
2906 3230 3150 3286 intentos
3183 3233 3614 3303 aggrederetur:

2036 3341 2100 3381 ac
2126 3323 2180 3379 id
2214 3324 2440 3378 omnino
2469 3320 2784 3382 accidisset,
2820 3322 2927 3377 nisi
2963 3320 3165 3377 Paulus
3187 3323 3384 3378 milites
3415 3330 3472 3378 et
3515 3323 3620 3379 Te-
3662 3370 3668 3379 .

2039 3415 2278 3472 rentium
2302 3414 2388 3469 vel
2416 3413 2622 3468 invitos
2643 3411 3007 3468 cobtbuisset.
3035 3412 3293 3481 Annibal,
3314 3414 3480 3469 etiam
3513 3414 3619 3469 boc

2038 3507 2269 3562 consilio
2294 3505 2613 3571 frustratus,
2646 3512 2810 3559 noctu
2837 3504 2905 3559 ad
2942 3505 3160 3559 Cannas
3189 3504 3383 3559 venit:
3425 3507 3619 3576 cogni-

2042 3611 2205 3670 toque
2239 3599 2345 3653 loci
2392 3598 2523 3663 situ,
2558 3606 2615 3653 et
2661 3596 2728 3651 ad
2760 3596 3033 3666 parandas
3055 3596 3224 3668 418
3267 3596 3517 3661 insidias,
3562 3608 3620 3652 et

2039 3693 2105 3746 ad
2143 3691 2388 3761 praelium
2416 3687 2876 3744 committendum
2928 3688 3151 3751 idoneo,
3188 3695 3368 3742 castra
3399 3688 3476 3742 ibi
3514 3702 3615 3757 po-

2040 3783 2173 3847 suit,
2208 3797 2272 3837 ac
2317 3796 2535 3836 onmem
2583 3795 2710 3834 eum
2759 3793 2952 3849 agrum
2988 3777 3388 3833 subarenosum
3432 3789 3618 3835 aratro

2044 3873 2331 3946 proscidit,
2360 3882 2417 3926 ut
2459 3872 2512 3925 in
2545 3885 2721 3941 pugna
2745 3870 2927 3939 pulvis
2954 3869 3281 3924 tolleretur:
3323 3868 3378 3923 id
3406 3869 3619 3924 machi-

2045 3975 2226 4029 natus,
2261 3973 2321 4018 ut
2349 3970 2571 4016 ventum
2611 3959 2705 4028 qui
2739 3958 2814 4013 ibi
2845 3958 2949 4012 sub
2989 3957 3275 4012 meridiem
3314 3955 3450 4011 ﬂare
3483 3971 3619 4009 con-

2044 4056 2227 4110 suevit
2271 4069 2301 4108 a
2344 4065 2498 4124 tergo
2545 4052 2795 4106 haberet.
2865 4049 3023 4106 (loss.
3080 4064 3205 4104 cum
3250 4063 3411 4104 mane
3440 4057 3622 4104 castra

2042 4146 2180 4199 viris
2223 4156 2396 4199 vacua
2440 4141 2747 4207 vidissent,
2804 4140 3045 4211 primum
3099 4154 3159 4195 se
3211 4148 3619 4210 represserunt,

2044 4238 2275 4293 insidias
2299 4234 2483 4292 veriti.
2511 4234 2786 4290 Postridie
2813 4234 2881 4289 ad
2911 4232 3130 4289 Cannas
3151 4241 3444 4300 venerunt,
3467 4233 3624 4302 juxta

2044 4332 2252 4386 ﬂumen
2278 4341 2511 4400 uterque
2535 4328 2766 4383 seorsim
2814 4332 3257 4383 castrametatus.
3286 4324 3370 4381 0b
3402 4340 3620 4380 morum

370 4433 607 4506 ρέντιον.
650 4429 710 4484 '0
744 4427 840 4481 οὖν
894 4425 1169 4490 Ἀννίϐας,
1225 4422 1321 4475 καὶ
1365 4419 1560 4473 τούτου
1594 4416 1935 4489 διαμαρτὼν,

2044 4425 2195 4480 enim
2245 4422 2619 4477 diversitatem
2673 4420 2815 4475 alter
2861 4418 3091 4476 alterius
3158 4417 3622 4474 consuetudinem

363 4524 564 4585 νυκτίς
626 4520 763 4591 πρὸς
812 4517 910 4581 τὰς
970 4517 1189 4578 Κάννας
1244 4513 1494 4583 ἀφίκετο.
1545 4512 1655 4564 Καὶ
1682 4512 1846 4578 γνοὺς
1879 4510 1942 4562 τὸ

362 4613 567 4685 χωρίον
593 4615 686 4666 καὶ
711 4613 847 4681 πρὸς
871 4609 1114 4679 ἐνέδρας,
1158 4606 1253 4660 καὶ
1310 4603 1448 4676 πρὸς
1485 4601 1796 4671 παράταξιν
1822 4603 1943 4653 ὲπι-

360 4707 601 4779 τηδειον,
665 4701 1203 4776 ἐστρατοπεδεύσατο
1258 4700 1355 4754 καὶ
1410 4698 1689 4768 προήροσε
1762 4694 1943 4748 πάντα

361 4802 459 4853 τὸν
523 4800 688 4851 τόπον
739 4796 1073 4867 ὑπόψαμμον
1121 4794 1272 4859 ὂντα,
1319 4793 1404 4846 ἵνα
1455 4790 1735 4861 κονιορτὸς
1773 4790 1833 4842 ἐν
1872 4790 1941 4860 τῇ

366 4895 524 4969 μάχῃ
556 4895 720 4967 ἀρθῇ.
750 4891 855 4944 Τδν
893 4890 1003 4960 γὰρ
1036 4888 1239 4959 ἄνεμον
1260 4886 1319 4950 δς
1343 4888 1402 4938 ὲν
1435 4885 1585 4957 θέρει
1611 4885 1792 4938 ἐκεῖσε
1816 4884 1945 4952 περὶ

362 4990 467 5062 τὴν
495 4986 847 5060 μεσημϐρίαν
896 4983 1080 5038 εἰώθει
1124 4981 1397 5050 γίνεσθαι,
1429 4981 1570 5031 κατὰ
1599 4974 1772 5029 νώτου
1799 4974 1946 5046 ἔχειν

364 5082 779 5155 ἐμηχανήσατο.
835 5078 902 5131 Oi
958 5077 1015 5129 δὲ
1076 5074 1278 5128 ὕπατοι
1323 5071 1493 5125 ἕωθεν
1539 5068 1699 5123 κενὸν
1733 5068 1946 5139 ἀνδρῶν

366 5180 575 5238 ἰδόντες
608 5172 773 5227 αὑτοῦ
817 5173 880 5226 τὸ
919 5169 1248 5243 χαράκωμα,
1285 5165 1503 5236 πρῶτον
1541 5164 1641 5233 μὲν
1688 5164 1945 5232 ἐπέσχον,

366 5267 750 5340 ενεδρεύεσίὶαι
775 5264 1021 5340 δόξαντες
1047 5279 1061 5294 ·
1104 5257 1226 5315 εἶτα
1271 5259 1392 5330 μεθ’
1423 5258 1634 5329 ἡμέρας
1672 5257 1809 5328 πρὸς
1847 5258 1946 5318 τὰς

370 5364 589 5424 Κάννας
640 5360 925 5429 ἀφίκοντο,
959 5358 1053 5409 καὶ
1085 5353 1235 5425 παρὰ
1274 5352 1355 5424 τῷ
1404 5350 1635 5421 ποταμῷ
1686 5351 1948 5421 ἑκάτερος

369 5455 481 5524 ἰδία
533 5452 814 5523 ηὐλίσατο.
880 5449 997 5502 Οὐκ
1035 5447 1188 5510 ὄντες
1225 5445 1335 5513 γὰρ
1369 5442 1624 5516 ὁμοήθςις
1668 5443 1770 5511 τὴν
1811 5442 1948 5512 πρὸς

366 5547 642 5617 ἀλλήλους
700 5542 992 5598 συνουσίαν
1048 5538 1342 5606 έξέκλινον.
1381 5539 1490 5590 Καὶ
1535 5539 1562 5589 ὁ
1609 5535 1708 5606 μὲν
1738 5534 1946 5594 Παῦλος

367 5643 669 5711 ἡσύχασεν,
692 5640 721 5691 ὁ
749 5638 806 5690 δέ
827 5652 892 5706 γε
942 5635 1229 5704 Τερέντιος
1272 5633 1432 5704 ηοελε
1467 5627 1769 5699 συμϐαλεῖν
1790 5642 1803 5655 ·
1836 5630 1946 5695 ἁμο

371 5732 670 5802 ϐλυτέρους
698 5730 754 5783 δὲ
781 5736 905 5792 τοις
934 5727 1270 5798 στρατιώτας
1304 5724 1468 5792 ὁρῶν,
1500 5722 1847 5776 ἁνεκόπτετο.
1890 5720 1948 5772 '0

575 5827 848 5884 ΡΑτιιοι..
893 5824 1012 5880 (in.
1062 5819 1384 5882 CXXXIV.

2044 4511 2381 4569 declinabat.
2414 4510 2585 4566 Paulo
2628 4511 2975 4580 quiescente,
3008 4508 3301 4564 Terentius
3324 4507 3624 4579 conﬂigere

2042 4604 2259 4661 voluit:
2301 4617 2406 4659 nec
2440 4611 2622 4657 tamen
2673 4599 2821 4665 fecit,
2857 4613 2985 4654 cum
3031 4599 3236 4654 milites
3271 4613 3464 4669 parum
3501 4613 3626 4654 esse

2046 4698 2259 4753 alacres
2288 4694 2537 4750 vidisset.
2576 4694 2647 4748 At
2671 4691 2912 4748 Annibal
2937 4690 3026 4747 vel
3047 4690 3252 4746 invitos
3282 4690 3350 4745 ad
3383 4705 3624 4761 pugnam

2047 4790 2295 4855 eiiciens,
2324 4788 2618 4859 aquatione
2671 4784 3021 4855 prohibebat,
3051 4798 3155 4838 nec
3179 4783 3351 4854 palari
3382 4783 3625 4849 sinebat,

2048 4893 2107 4941 et
2135 4885 2403 4940 cadavera
2445 4892 2714 4935 casarum
2761 4892 2927 4947 supra
2977 4876 3034 4931 in
3087 4873 3449 4945 proﬂuentem
3497 4882 3625 4929 ante

2046 4974 2253 5029 vallum
2298 4985 2494 5032 eorum
2529 4966 2874 5041 projiciebat,
2911 4976 3026 5022 uta
3056 4976 3186 5035 potu
3235 4965 3621 5021 abhorrerent.

2048 5067 2147 5123 llis
2190 5065 2358 5121 rebus
2386 5063 2619 5119 Romani
2669 5061 2954 5123 concitati.
2987 5058 3163 5115 aciem
3220 5058 3621 5114 instruxerunt.

2047 5161 2169 5228 Quo
2206 5156 2443 5214 Annibal
2467 5157 2822 5227 praecognita,
2878 5152 3093 5208 insidiis
3122 5152 3226 5207 sub
3262 5140 3486 5207 tumulis
3511 5153 3628 5209 col-

2048 5253 2265 5316 locatis,
2315 5263 2371 5304 et
2424 5247 2643 5319 reliquo
2693 5245 2942 5300 exercitu
2986 5243 3280 5308 ordinato,
3331 5242 3627 5299 nonnullos

2052 5347 2364 5415 transfugas
2415 5338 2758 5406 subornavit,
2818 5355 2957 5410 quos
3006 5341 3164 5411 signo
3211 5339 3341 5394 dato
3397 5337 3623 5408 clypeis,

2052 5439 2226 5494 hastis
2258 5445 2315 5492 et
2341 5435 2569 5490 ensibus
2598 5433 2944 5504 gravioribus
2969 5431 3219 5501 abjectis,
3248 5430 3397 5484 solos
3434 5427 3629 5496 pugio-

2049 5546 2150 5586 nes
2198 5529 2438 5583 retinere
2472 5526 2658 5597 jussit,
2692 5534 2752 5579 ut
2797 5524 2866 5578 ab
2897 5522 3231 5578 adversariis
3262 5536 3361 5591 pro
3400 5519 3625 5575 inermi-

2054 5624 2154 5676 bus
2188 5619 2423 5687 aceepti,
2471 5630 2568 5670 eos
2608 5630 2674 5670 ex
2708 5615 3006 5684 improviso
3033 5614 3483 5685 aggrederentur.
3519 5612 3627 5669 lte-

2055 5714 2223 5780 nimti,
2259 5726 2383 5766 cum
2412 5708 2698 5769 Annibalis
2724 5708 3028 5764 exercitum
3061 5722 3219 5761 mane
3254 5706 3308 5761 in
3339 5706 3627 5777 procinctu
