4050 6210
425 251 531 319 ’117

1649 255 2059 319 ANNAIJUM
2105 258 2251 316 LIB.
2288 258 2393 316 1X.

3583 255 3689 321 718

431 371 629 438 μικρὸν
661 367 1076 440 ἁνεοάρτηπαιι⁹
1145 372 1239 425 καὶ
1294 370 1565 443 δικτάτωρ
1623 371 1725 441 μὲν
1775 372 2001 442 Μάρκος

2126 371 2279 434 tium,
2313 369 2593 424 Tiberium
2612 368 3000 441 Sempronium
3032 368 3339 424 Graccbum
3368 371 3685 445 magistrum

439 458 678 525 Ἰούνιος,
710 459 985 533 ἵππαρχος
1008 462 1064 516 δὲ
1092 463 1346 535 Τιϐέριος
1373 460 1733 534 Σεμπρώνιος
1755 462 2005 534 Γράκχος

426 551 752 624 ἐλέχθησαν.
777 556 887 606 Καὶ
917 559 1264 627 παραχρῆμα
1290 555 1401 609 τῶν
1423 572 1485 609 τε
1518 554 1756 609 πολιτῶν
1788 555 1849 608 οὐ
1880 559 2005 619 τοὺς

427 645 675 714 ἡϐῶντας
702 646 885 716 μόνον,
918 646 1055 701 ἀλλὰ
1092 650 1190 702 καὶ
1222 648 1619 721 παρηϐηκότας
1648 648 1749 720 ἠδη
1784 648 2007 702 κατέλε-

426 738 547 803 ξαν,
572 738 665 791 καὶ
704 738 991 809 δεσμώτας
1024 737 1114 791 ἐπ’
1139 738 1317 812 ἀδείᾳ,
1359 739 1456 792 καὶ
1479 739 1706 804 δούλους
1732 740 1820 792 ἐπ’
1845 738 2003 792 ἑλευο

424 829 608 901 θερίᾳ,
640 831 845 903 λῃστάς
871 832 930 886 τέ
951 849 1104 897 τινας
1147 830 1567 904 προσελάϐοντο,
1597 832 1693 885 καὶ
1717 833 1845 894 τοὺς
1867 847 2006 900 συμ-

429 920 639 991 μάχους
662 922 1175 994 προσπαρεκάλουν,
1200 922 1713 994 ἀναμιμνήσκοντες
1749 920 1803 975 εἴ
1826 921 1881 974 τί
1903 938 2006 974 που

422 1011 818 1083 εὐηργέτηντο,
870 1013 968 1066 καὶ
1034 1012 1613 1085 προσυπισχνούμενοι
1644 1011 1843 1067 δώσειν
1892 1015 2007 1078 τοῖς

427 1103 531 1169 μὲν
591 1104 760 1169 σῖτον,
800 1105 912 1168 τοῖς
958 1103 1018 1158 δὲ
1068 1104 1337 1177 ἀργύρια,
1382 1105 1521 1177 ὅπερ
1556 1104 1710 1159 οὔπω
1771 1103 2009 1173 πρόσθεν

424 1192 728 1265 ἐποίησαν·
759 1196 856 1249 καὶ
908 1194 1094 1267 ὲς⁹τὴν
1134 1195 1364 1251 Ἐλλάδα
1398 1196 1779 1267 πεπόμφασιν,
1816 1196 1848 1268 ἢ
1882 1197 2007 1251 πεί·-

423 1286 619 1350 σοντές
664 1303 822 1351 τινας
857 1288 1223 1359 συμμαχῆσαι
1259 1289 1474 1359 αὐτοῖς,
1506 1288 1539 1358 ἢ
1578 1288 2004 1361 μισθωσόμενοι.

438 1377 693 1441 Ἀννίϐας
747 1378 805 1431 δὲ
864 1382 1258 1449 συνεστηκέναι
1335 1382 1466 1444 τοὺς
1527 1381 1840 1453 Ῥωμαίους
1910 1384 2007 1437 καὶ

424 1471 952 1541 παρασκευάζεσθαι
991 1472 1203 1542 μαθών,
1232 1473 1292 1526 ἐν
1320 1476 1442 1537 ταῖς
1473 1473 1714 1538 Κάνναις
1744 1474 2004 1546 διέτριϐε,

421 1562 528 1628 τὴν
576 1561 636 1626 eg
677 1559 981 1632 ἐπιδρομῆς
1046 1560 1252 1616 ἅλωσιν
1322 1563 1698 1633 ἀπεγνωκώςο
1756 1565 1850 1618 καὶ
1897 1565 2009 1619 τῶν

426 1649 794 1720 αἰχμαλώτων
822 1653 884 1704 τὸ
914 1652 1014 1723 μὲν
1059 1655 1413 1725 συμμαχικὸν
1454 1656 1585 1710 ἄνευ
1620 1655 1834 1728 λύτρων
1858 1657 2005 1730 ἀφῆο

2108 463 2355 533 equitum
2381 462 2661 516 dixerunt.
2703 463 2768 517 Et
2834 459 3101 533 evestigio
3130 477 3241 515 non
3287 463 3519 534 juvenes
3543 462 3687 523 dun-

2113 564 2277 618 taxat,
2307 555 2402 608 sed
2429 554 2594 609 etiam
2632 554 2828 609 eiietos
2876 554 3038 609 senes
3083 555 3577 625 conscripserunt:
3634 569 3692 612 et

2109 662 2327 703 carcere
2354 657 2547 717 aperto
2567 646 2829 702 maleﬁcis
2856 645 3205 716 impunitate,
3230 647 3410 701 servis
3435 647 3691 704 libertate

2110 738 2401 809 promissa,
2454 738 2621 793 etiam
2673 739 2915 793 latrones
2945 738 3158 808 aliquot
3195 738 3248 792 in
3277 738 3514 793 militum
3543 748 3695 793 cata-

2109 829 2261 899 logus
2306 830 2638 885 retulerunt.
2702 830 2783 883 Ad
2838 828 2955 884 haec
3014 827 3195 883 socios
3255 829 3691 891 accersiverunt,

2110 919 2502 975 beneficiorum
2532 935 2656 991 qua:
2694 919 3040 989 accepissent
3071 918 3404 983 admonitos,
3435 921 3557 975 aliis
3582 921 3697 974 fru-

2111 1020 2378 1074 mentum,
2411 1009 2536 1064 aliis
2562 1016 2850 1081 argentum
2873 1008 3126 1078 polliciti,
3160 1008 3307 1078 quod
3329 1010 3483 1079 prius
3510 1008 3692 1065 facere

2109 1118 2221 1157 non
2255 1101 2401 1157 soliti
2426 1110 2583 1156 erant
2618 1120 2630 1157 :
2660 1110 2714 1156 et
2746 1102 2800 1156 in
2827 1098 3093 1157 Graeciam
3150 1102 3439 1167 miserunt,
3490 1103 3693 1157 auxilia

2109 1194 2197 1249 vel
2246 1194 2617 1266 impetraturi,
2655 1194 2739 1249 vel
2766 1194 3021 1249 mercede
3057 1193 3405 1248 conducturi.
3432 1194 3694 1257 Annibal,

2109 1286 2483 1342 Romanorum
2533 1287 2942 1356 conspiratione
2970 1298 3025 1341 et
3054 1295 3318 1356 apparatu
3371 1287 3611 1357 cognito,
3643 1288 3696 1341 in

2108 1378 2311 1434 Cannis
2339 1394 2397 1434 se
2442 1378 2640 1442 tenuit,
2678 1379 2965 1447 desperata
3004 1378 3316 1447 repenttina
3347 1378 3502 1432 urbis
3528 1394 3701 1449 expu-

2108 1473 2391 1544 gnatione,
2425 1481 2481 1526 et
2513 1470 2831 1534 fmdcratos,
2860 1481 2920 1525 ut
2974 1470 3130 1541 prius
3164 1469 3356 1538 etiam,
3387 1472 3558 1542 gratis
3605 1473 3692 1526 di-

2113 1563 2284 1629 misit,
2322 1564 2599 1619 Romanos
2627 1561 2791 1641 420
2835 1577 2964 1616 vero
3009 1577 3105 1632 spe
3136 1561 3472 1618 venditionis
3514 1578 3703 1618 asser-

2113 1656 2280 1723 vavit,
2330 1665 2485 1711 utea
2539 1642 2772 1710 re‘sua‘s
2827 1669 2960 1725 epes
3011 1661 3259 1724 augeret,
3311 1653 3688 1709 Romanorum

426 1760 547 1807 κεν,
591 1743 665 1806 ὡς
718 1744 815 1796 καὶ
867 1745 1154 1816 πρότερον,
1190 1748 1320 1812 τοὺς
1359 1747 1418 1800 δὲ
1455 1747 1761 1821 Ῥωμαίους
1796 1728 2006 1823 ἐτήρει,

2119 1745 2496 1802 imminucrct.
2532 1744 2643 1802 Sed
2678 1762 2801 1800 cum
2846 1760 3008 1800 nemo
3038 1745 3254 1800 veniret
3302 1745 3398 1815 qui
3453 1747 3699 1815 captives

422 1832 724 1887 ἀποδόσθαι
747 1836 985 1901 ἐλπίζων
1018 1839 1241 1904 αὐτοὺς,
1281 1840 1349 1893 ἶν’
1383 1840 1580 1894 ἑαυτὸν
1625 1841 2035 1914 εὐπορώτερον,

428 1925 685 1978 ἐντεῦθεν
724 1929 952 2003 ποιήσῃ,
996 1932 1122 1996 τοὺς
1156 1931 1212 1985 δὲ
1257 1933 1564 2003 Ῥωμαίους
1598 1935 2009 2007 άπορωτέρους.

442 2016 602 2070 Ἐπεὶ
627 2018 683 2070 δὲ
751 2021 943 2089 μηδεὶς
980 2022 1041 2087 ἐξ
1084 2023 1270 2077 αὐτῶν
1317 2025 1550 2094 ἀφίκετο
1577 2025 1701 2090 τοὺς
1728 2026 2013 2098 αἰχμαλώ-

424 2124 558 2172 τους
588 2106 791 2178 ζητῶν,
815 2112 1114 2166 ἐκέλευσεν
1147 2114 1337 2178 αὐτοῖς
1383 2114 1602 2185 πέμψαι
1643 2118 1798 2180 τινας
1828 2116 2013 2171 οἶκαδε

427 2197 528 2249 ἐπὶ
555 2198 750 2269 λύτρα,
777 2205 1195 2273 προομόσαντας
1220 2205 1535 2277 ἐπανήξειν.
1554 2207 1640 2269 Ὠς
1662 2207 1718 2260 δὲ
1746 2206 2013 2261 οὐδὀὖτω

428 2289 703 2347 λύσασθαι
733 2299 869 2363 σφὶν
896 2283 1195 2368 ἦθέλησαν,
1217 2297 1341 2361 τοὺς
1364 2298 1463 2369 μὲν
1482 2298 1643 2367 λόγου
1660 2299 1804 2363 τινὸς
1833 2298 2014 2367 ἀξίους

427 2384 492 2445 ἐς
520 2385 623 2448 τὴν
694 2387 1019 2457 Καρχηδόνα
1075 2388 1388 2456 ἀπέστειλε,
1449 2392 1561 2444 τῶν
1599 2391 1646 2444 δ’
1686 2392 1864 2448 ἄλλων
1888 2395 2015 2456 τοὺς

432 2472 540 2542 μὲν
594 2478 951 2546 αἰκισάμενος
1011 2482 1328 2549 ἀπέκτεινε,
1373 2482 1503 2545 τοὺς
1530 2481 1587 2535 δὲ
1629 2483 2015 2554 μονομαχῆσαι

431 2568 740 2636 ἡνάγκαεε,
774 2572 899 2635 τοὺς
926 2571 1116 2641 φίλους
1157 2573 1253 2626 καὶ
1280 2573 1408 2638 τοὺς
1454 2576 1737 2643 συγγενεῖς
1765 2576 2018 2646 ἀλλήλοις

433 2660 754 2729 συμϐαλών.
778 2662 842 2716 Οί
869 2663 926 2715 δὲ
952 2662 1300 2734 πεμφθέντες
1340 2666 1436 2719 ἐπὶ
1462 2667 1529 2720 τὰ
1562 2665 1756 2737 λύτρα,
1789 2670 2017 2721 ἐπανελ-

434 2753 649 2820 θόντες,
693 2755 760 2807 ἵν’
813 2757 1184 2828 εὐορκησωσι,
1240 2759 1503 2827 φυγόντες
1539 2760 1599 2813 δὲ
1642 2767 1781 2833 μετὰ
1834 2764 2015 2828 τοῦτο,

433 2843 626 2910 ἄτιμοι
676 2843 781 2897 ὑπὸ
845 2845 956 2898 τῶν
1018 2848 1269 2918 τιμητῶν
1312 2853 1598 2919 ἐγένοντο,
1636 2854 1731 2907 καὶ
1789 2850 2018 2917 ἑαυτοὺς

429 2933 796 3006 διεχρήσαντο
819 2936 954 3008 (54).
976 2938 1225 3008 Μάγωνα
1253 2941 1311 2994 δὲ
1340 2941 1432 2996 τὸν
1449 2944 1678 3014 ἀδελφὸν
1704 2947 1733 2997 ὁ
1769 2945 2019 3011 Ἀννίϐας

2117 1838 2444 1908 requireret.
2500 1852 2595 1893 eos
2620 1838 2830 1907 aliquot
2873 1835 3098 1891 domum
3157 1837 3376 1891 mittere
3407 1837 3594 1907 jussit,
3623 1838 3705 1891 af-

2115 1930 2354 1985 ferenda:
2383 1929 2629 2000 pecuniae
2669 1944 2858 1992 causa,
2908 1929 3063 1998 prius
3087 1928 3450 2000 jurejurando
3480 1928 3703 1983 adactos

2113 2036 2173 2075 se
2208 2021 2483 2075 redituros
2507 2033 2649 2074 esse.
2679 2016 2786 2073 Sed
2819 2032 2943 2079 cum
2985 2033 3084 2073 eos
3112 2028 3181 2073 ne
3209 2025 3323 2072 tum
3351 2016 3576 2087 quidem
3615 2033 3701 2070 re-

2114 2114 2327 2170 dimere
2390 2112 2618 2179 vellent,
2666 2127 2763 2167 eos
2809 2113 2903 2183 qui
2963 2111 3206 2168 nominis
3242 2111 3476 2181 alicujus
3523 2120 3700 2170 erant.

2112 2204 2502 2278 Carthaginem
2559 2204 2731 2259 misit.
2798 2202 3039 2260 Caeteros
3108 2203 3301 2273 partim
3356 2201 3705 2257 excruciatos

2115 2299 2352 2364 necavit,
2382 2299 2582 2370 partim
2615 2299 2760 2353 inter
2792 2311 2913 2353 sese
2939 2295 3206 2351 dimicare
3263 2295 3466 2364 coegit,
3503 2292 3700 2348 amicis

2090 2392 2172 2449 'et
2201 2392 2451 2465 cognatis
2485 2392 2630 2448 inter
2670 2407 2729 2447 se
2763 2388 3095 2447 commissis.
3137 2388 3240 2456 Qui
3284 2402 3417 2443 vero
3458 2385 3706 2457 pett-tida:

2117 2490 2367 2561 pecunia:
2383 2502 2549 2544 causa
2577 2486 2725 2541 missi
2750 2484 2989 2546 fuerant.
3013 2482 3244 2548 reversi,
3272 2479 3705 2553 utjurejurando

2090 2568 2450 2637 satisfecisse
2480 2578 2825 2641 viderentur,
2858 2584 2913 2631 et
2950 2584 3077 2646 post
3109 2574 3234 2645 fuga
3281 2571 3477 2643 elapsi,
3509 2587 3537 2625 a
3570 2586 3706 2626 cen-

2120 2675 2340 2730 soribus
2387 2671 2582 2737 notati,
2642 2668 2975 2738 semetipsos
3026 2674 3403 2737 peremerunt.
3439 2663 3700 2726 Annibal,

2119 2766 2289 2820 fratre
2334 2763 2561 2834 Magone
2606 2752 3001 2832 Carthaginem
3034 2773 3122 2813 res
3167 2766 3350 2828 gestas
3387 2757 3703 2810 nuntiatum

2123 2858 2311 2921 misso,
2345 2866 2402 2910 et
2429 2853 2495 2909 ad
2553 2846 2847 2925 pecuniam
2900 2850 3215 2920 militesque
3248 2849 3538 2918 petendos,
3577 2862 3705 2901 cum

2124 2949 2170 3003 is
2195 2955 2579 3019 exaggerasset
2632 2955 2819 2999 omnia
2874 2949 2931 2998 et
2976 2938 3210 2997 annulos
3263 2940 3704 3001 adnumerasset,

433 3025 779 3093 ἀγγελοῦντα
810 3030 922 3091 τοῖς
950 3029 1344 3101 Καρχηδονίοις
1369 3033 1583 3104 έπεμψε
1625 3036 1694 3088 τὰ
1734 3034 2016 3105 γινόμενα,

2125 3043 2494 3098 decreverunt
2555 3038 2740 3094 omnia
2788 3052 2910 3109 quae
2945 3035 3199 3108 petierat.
3253 3034 3507 3091 Hannoni
3559 3032 3706 3089 enim

435 3122 534 3172 mi
564 3121 826 3192 χρήματα
862 3119 994 3193 παρῗ
1024 3123 1209 3177 αὐτῶν
1241 3124 1346 3199 καὶ
1392 3124 1650 3196 δυνάμεις
1686 3126 2015 3198 αίτήσοντα·

433 3214 533 3265 καὶ
580 3214 610 3265 ό
671 3213 771 3282 μὲν
827 3213 1084 3267 ἀπελθὼν
1114 3212 1243 3279 τούς
1268 3233 1328 3269 τε
1359 3217 1682 3280 δακτυλίους
1707 3219 2010 3289 ἠρίθμησε,

436 3307 537 3359 καὶ
565 3308 659 3360 ἐπὶ
690 3309 875 3377 μεῖζον
903 3309 1066 3381 ἐξῆρε
1095 3308 1162 3380 δὴ
1211 3310 1272 3363 τὸ
1302 3310 1660 3381 κατόρθωμα,
1693 3312 1787 3363 καὶ
1827 3310 2023 3381 ἑψηφί-

437 3402 543 3469 σθη
574 3400 757 3454 πάντα
785 3402 888 3455 ὃσα
920 3403 1165 3473 ᾐτήσατο
1187 3417 1202 3432 ⁸
1227 3401 1306 3473 τῷ
1342 3404 1450 3474 γὰρ
1487 3403 1725 3456 Ἀννωνι
1760 3405 2024 3458 τάναντία

436 3491 680 3559 λέγοντι,
712 3494 806 3546 καὶ
844 3494 1260 3548 καταλύσασθαι
1285 3496 1377 3548 τὸν
1415 3495 1676 3565 πόλεμον,
1709 3495 1814 3561 ἕως
1850 3497 2019 3550 καθυ-

438 3584 703 3657 πέρτεροι
733 3585 977 3652 δοκοῦσι,
1020 3587 1469 3658 συμϐουλεύοντι,
1522 3590 1623 3643 οὐκ
1660 3589 2019 3661 ἐπείσθησαν·

437 3679 503 3732 οὗ
533 3678 718 3745 μέντοι
751 3668 822 3732 τὰ
845 3678 1190 3751 ψηφισθέντα
1223 3681 1316 3734 καὶ
1350 3685 1427 3745 είς
1452 3682 1618 3751 ἔργον
1646 3682 1877 3752 ῆγαγον,
1908 3680 2022 3734 ἀλλ’

449 3770 757 3840 ἠμέλησαν.
799 3758 1051 3837 ’Ἀννίϐας
1071 3772 1117 3826 δ’
1145 3774 1201 3825 ὲν
1249 3772 1424 3844 τούτῳ
1450 3774 1531 3837 εἰς
1563 3771 1663 3845 τὴν
1689 3773 2025 3845 Καμπανίαν

441 3863 831 3937 προύχώρησε,
867 3868 963 3921 καὶ
1022 3868 1268 3939 πόλισμά
1293 3885 1347 3921 τι
1386 3862 1500 3921 εἷλε
1551 3868 1899 3938 Σαμνιτικδν,
1929 3867 2026 3923 καὶ⁸

441 3959 539 4008 ἐπὶ
560 3957 709 4012 Νέαν
736 3944 969 4030 ὥρμησε
996 3960 1173 4026 πόλιν,
1210 3958 1550 4031 προπέμψας
1584 3961 1723 4029 μετὰ
1749 3959 1852 4030 τῆς
1879 3958 2026 4024 λείας

441 4049 663 4118 ὀλίγους
695 4052 851 4115 τινάς
879 4066 893 4079 ·
931 4054 1069 4122 πρὸς
1104 4052 1197 4118 οὓς
1244 4053 1320 4116 ὡς
1370 4055 1565 4124 μόνους
1598 4053 1761 4116 ὄντας
1788 4052 1898 4107 τῶν
1925 4057 2027 4126 τῆς

441 4138 656 4203 πόλεως
678 4141 1088 4212 ἐκδραμόντων,
1118 4144 1367 4213 ἐπεφάνη
1389 4132 1554 4206 αὐτὸς
1586 4144 2024 4216 ἀπροῖδόκητος,

446 4233 548 4286 καὶ
571 4236 799 4305 συχνοὺς
831 4237 1154 4303 ἀπέκτεινε,
1183 4236 1282 4308 τὴν
1311 4238 1366 4289 δὲ
1403 4239 1560 4291 πόλιν
1586 4239 1684 4309 οὐχ
1720 4233 1888 4303 εἷλεν,
1914 4236 2026 4292 οὔτ’

442 4326 543 4379 ἰπὶ
570 4327 707 4382 πολὺ
734 4324 911 4400 ταύτῃ
946 4331 1385 4402 προσήδρευσεν.
1429 4333 1492 4384 υἱ
1518 4331 1628 4401 γὰρ
1658 4332 1757 4402 τὴν
1792 4330 2025 4402 Καπύην

2123 3135 2251 3191 belli
2285 3131 2615 3206 deponendi,
2642 3137 2698 3187 et
2719 3128 2851 3185 dum
2872 3127 3191 3200 superiores
3211 3134 3417 3192 essent,
3443 3124 3711 3181 facienda:

2122 3231 2274 3301 pacis
2303 3225 2535 3290 auctori,
2572 3240 2684 3279 non
2742 3218 3126 3278 auscultarunt
3163 3236 3179 3275 :
3223 3235 3334 3275 non
3369 3227 3554 3273 tamen
3609 3216 3709 3270 de-

2124 3331 2275 3376 creta
2322 3315 2566 3374 exsecuti
2640 3323 2794 3382 sunt,
2866 3312 2964 3370 sed
3030 3312 3413 3382 neglexerunt.
3483 3308 3709 3363 Interim

2122 3410 2358 3467 Annibal
2393 3410 2444 3463 in
2462 3408 2814 3479 Campaniam
2836 3405 3128 3477 processit,
3152 3413 3207 3459 et
3235 3401 3442 3473 oppido
3461 3399 3702 3473 quodam

2125 3502 2425 3560 Samnitico
2460 3509 2643 3571 capto,
2681 3496 2964 3569 Neapolim
3011 3493 3317 3558 contendit,
3366 3492 3558 3561 paucis
3586 3507 3713 3546 cum

2127 3595 2304 3669 praeda
2340 3590 2665 3664 prmmissis,
2700 3600 2895 3646 contra
2930 3604 3071 3661 quos
3099 3586 3384 3659 oppidani,
3421 3595 3482 3640 ut
3544 3586 3710 3648 solos.

2124 3686 2452 3743 excursione
2482 3687 2644 3752 facta,
2684 3683 2987 3754 improviso
3062 3682 3210 3737 illius
3258 3679 3523 3743 adventu,
3574 3678 3699 3731 carsi

2126 3791 2256 3849 sunt
2310 3794 2501 3849 magna
2527 3793 2595 3833 ex
2639 3785 2836 3848 parte:
2889 3775 3081 3830 urbem
3142 3769 3324 3829 tamen
3363 3786 3474 3827 non
3527 3768 3699 3840 cepit,

2127 3889 2306 3942 neque
2364 3867 2641 3923 obsidioni
2687 3866 2841 3923 illius
2898 3865 2991 3921 diu
3055 3866 3379 3919 immoratus
3418 3870 3523 3918 est.
3569 3861 3710 3916 Nam

2125 3962 2370 4035 Capuani
2406 3977 2528 4016 cum
2557 3954 2754 4031 partim
2792 3959 3167 4014 Romanorum
3216 3955 3516 4012 amicitiam
3556 3954 3707 4009 cole-

2128 4066 2271 4120 rent,
2305 4055 2501 4127 partim
2541 4050 2804 4107 Annibali
2846 4048 3157 4112 studerent,
3214 4054 3501 4117 postquam
3552 4043 3599 4098 is
3650 4043 3706 4096 in

2125 4152 2330 4210 Cannis
2351 4150 2546 4213 victor,
2585 4147 2798 4216 aliquot
2823 4158 3017 4200 eorum
3042 4142 3195 4198 cives
3242 4150 3432 4210 captos
3471 4137 3697 4192 dimise-

2129 4253 2256 4300 rat:
2291 4239 2591 4296 multitudo
2621 4237 2688 4292 ad
2717 4252 2843 4291 eum
2891 4233 3131 4290 deﬁcere
3182 4229 3377 4295 voluit,
3426 4226 3721 4297 optimates

2130 4345 2311 4392 autem
2341 4331 2661 4405 aliquandiu
2694 4330 3051 4386 distulerunt.
3084 4325 3289 4382 Deinde
3316 4339 3440 4379 cum
3468 4324 3525 4378 in
3565 4324 3718 4379 curia

440 4418 725 4484 οἰκοῦντες
755 4418 1079 4486 Καμπανοὶ,
1141 4425 1190 4476 oi
1258 4410 1483 4493 μὲνσῇ
1552 4421 1839 4493 Ῥωμαίων
1872 4424 2016 4497 φιλίᾳ

2130 4426 2500 4489 convenisset,
2532 4425 2738 4494 impetu
2795 4418 2978 4493 populi
3036 4431 3230 4471 omnes
3278 4412 3447 4469 occisi
3509 4419 3717 4473 essent,

439 4511 753 4583 ἐνέμειναν,
786 4515 837 4567 ol
865 4515 923 4569 δὲ
957 4516 1094 4587 πρὸς
1122 4516 1213 4569 τὸν
1245 4516 1496 4571 ’Δννίϐαν
1515 4517 1839 4573 ἀπέκλιναν.
1871 4519 2026 4571 Ἐπεί

440 4606 503 4662 δὲ
533 4608 594 4660 ἐν
621 4608 746 4672 ταῖς
784 4607 1026 4672 Κάνναις
1064 4609 1356 4683 εὐτύχησε,
1399 4611 1492 4664 καί
1518 4628 1665 4677 τινες
1699 4613 1893 4684 ἄνδρες
1918 4617 2019 4666 αὐ-

441 4696 829 4771 τῶνηὰλόντες
868 4700 1176 4771 ἀφέθησαν,
1228 4703 1290 4755 τὸ
1355 4702 1454 4773 μὲν
1521 4701 1727 4773 πλῆθος
1785 4702 2017 4774 ὥρμησε

446 4786 788 4862 μεταστῆναι
823 4793 959 4865 πρὸς
997 4794 1093 4848 τιν
1142 4795 1393 4849 Ἀννίϐαν
1416 4811 1431 4828 -
1478 4799 1527 4850 ot
1559 4792 1616 4849 δὲ
1645 4796 1862 4851 δυνατοὶ
1894 4797 2023 4867 χρό-

442 4900 540 4937 νον
579 4885 681 4955 μέν
734 4903 858 4942 τινα
912 4886 1168 4956 ἐπέσχον.
1216 4883 1329 4940 Εἶτ’
1386 4888 1474 4941 ἐπ’
1503 4886 1702 4951 αὐτοὺς
1730 4886 1792 4940 τὸ
1816 4886 2024 4957 πλῆθος

440 4978 701 5050 ὁρμῆσαν
724 4980 1099 5051 συνηγμένους
1140 4981 1200 5033 ὲν
1252 4977 1326 5050 τῷ
1373 4976 1766 5048 βουλευτηρίῳ,
1813 4978 2025 5040 πάντας

445 5075 519 5130 ἃν
542 5075 949 5147 κατεχρήσατο,
978 5075 1029 5128 εί
1051 5077 1126 5145 μή
1156 5090 1239 5138 τις
1303 5075 1369 5126 ἐκ
1392 5071 1488 5126 τοῦ
1516 5072 1753 5143 πλήθους
1771 5073 1833 5127 τὸ
1863 5071 2027 5141 μέγε-

446 5166 546 5230 θος
591 5168 823 5222 συνιδὼν
860 5167 956 5222 τοῦ
999 5166 1195 5233 κακοῦ,
1235 5167 1586 5237 κατηγόρησε
1619 5166 1719 5235 μὲν
1756 5164 1866 5217 τῶν
1898 5165 2025 5234 βου-

444 5260 654 5314 λευτῶν
669 5247 745 5325 ώς
763 5263 983 5322 πάντως
1004 5260 1281 5331 φθαρῆναι
1308 5257 1476 5323 ἀξίων
1495 5276 1506 5288 ο
1528 5258 1632 5328 εφη
1656 5258 1713 5310 δὲ
1763 5257 2028 5330 πρότερον

398 5418 403 5421 ι
449 5354 648 5423 ἄλλους
673 5355 790 5407 ἀντ’
813 5355 1041 5408 ἐκείνων
1074 5351 1395 5407 ἀνθελέσθαι
1438 5351 1763 5421 προσήκειν,
1786 5352 1885 5419 τὴν
1920 5353 2027 5419 γὰρ

449 5446 608 5500 πόλιν
654 5448 730 5520 μὴ
771 5447 1058 5515 δύνασθαι,
1090 5448 1164 5518 μὴ
1206 5443 1687 5520 προϐουλευόντων
1733 5442 1896 5496 τινῶν
1921 5442 2028 5494 σώ-

2131 4523 2233 4577 n‘si
2291 4520 2517 4593 quidam
2540 4536 2606 4574 cx
2630 4518 2813 4590 plebe,
2870 4512 3216 4569 considerata
3264 4507 3390 4564 mali
3440 4511 3719 4576 magnitu-

2130 4615 2282 4679 dine,
2334 4621 2620 4668 senatores
2669 4620 2729 4664 ut
2765 4607 2934 4664 exitio
2976 4605 3171 4675 dignos
3224 4606 3562 4661 accusasset,
3622 4596 3719 4650 scil

2132 4707 2287 4778 prius
2313 4704 2450 4759 alios
2474 4703 2556 4758 eis
2579 4700 2958 4772 subrogandos
2982 4710 3104 4752 esse
3129 4694 3380 4755 dixisset,
3411 4690 3559 4762 quod
3586 4688 3721 4743 urbs

2130 4800 2251 4853 sine
2279 4796 2514 4852 consilio
2543 4795 2693 4850 salva
2741 4806 2863 4849 esse
2908 4805 3017 4845 non
3049 4800 3253 4859 posset.
3309 4785 3412 4841 Cui
3445 4800 3569 4840 cum
3619 4782 3722 4836 Ca-

2134 4888 2300 4959 puani
2344 4889 2852 4961 obtemperassent,
2911 4880 3139 4953 singulis
3176 4896 3205 4934 e
3259 4877 3411 4932 curia
3439 4872 3722 4946 ejiciendis

2135 4980 2545 5036 multitudinem
2576 4978 2821 5048 rugabat,
2855 4987 3123 5046 quosnam
3152 4971 3367 5025 illorum
3394 4968 3517 5022 loco
3568 4979 3720 5020 crca~

2137 5085 2302 5138 rent,
2341 5083 2544 5128 etcum
2589 5070 2789 5140 exiguo
2837 5082 3084 5138 tempore
3142 5064 3280 5118 alios
3328 5059 3575 5116 suiIicere
3610 5070 3717 5110 non

2135 5176 2381 5236 possent,
2432 5177 2627 5218 omnes
2668 5162 2793 5216 illos
2845 5154 2911 5214 ut
2959 5155 3306 5213 necessarios
3336 5151 3715 5206 dimiserunt:

2134 5267 2189 5312 et
2218 5258 2362 5311 inter
2387 5272 2446 5313 se
2474 5254 2831 5315 reconciliati,
2868 5266 3058 5322 pacem
3081 5263 3206 5303 cum
3249 5244 3520 5300 Annibale
3573 5242 3719 5295 [ρω-

2137 5360 2285 5403 runt.
2321 5348 2424 5414 Qui
2452 5349 2729 5414 celeriter,
2766 5345 2956 5401 relicta
2986 5340 3232 5409 Neapoli,
3268 5337 3506 5406 Capuam
3543 5328 3715 5391 venit,

2136 5450 2189 5495 et
2220 5458 2321 5511 pro
2347 5440 2615 5496 concione
2665 5448 2788 5509 post
2818 5439 2984 5490 multa
3018 5432 3180 5506 42],
3223 5430 3325 5483 alia
3357 5433 3505 5496 grata
3568 5419 3719 5474 auri-

1640 5598 1849 5660 Varim
1889 5596 2201 5658 lectiones
2236 5603 2297 5657 et
2336 5603 2528 5675 notae.

529 5732 645 5799 (54)
675 5729 966 5793 Ἑαυτοὺς
1027 5728 1496 5797 κατεχρήσαντο.
1542 5722 2011 5797 Καταχρήσατθαι

2120 5736 2153 5779 o
2183 5722 2588 5792 διιχρήσχσθαι
2625 5731 2856 5788 usurpat
2894 5717 3147 5772 crebrius
3178 5713 3443 5769 Zonaras.
3514 5716 3521 5723 ‘
