4050 6210
383 309 490 375 ’ῖΙθ

1652 303 1970 368 JOANNIS

2072 300 2333 363 )NARJZ
3548 295 3658 361 ’.20

327 429 337 437 “
382 425 508 490 bus,
546 424 713 480 Italia“:
736 423 1103 495 principatum
1132 424 1213 478 eis
1246 421 1520 494 promisit,
1554 430 1614 476 ut
1641 435 1735 489 spe
1763 416 1962 480 erecti,

2072 413 2281 479 ζεσθαι.
2307 394 2651 464 Πεισθέντων
2682 410 2738 463 δὲ
2779 407 2889 462 τῶν
2919 409 2977 462 ἐν
3001 409 3067 480 τῇ
3112 408 3339 480 Καπύη,
3372 407 3660 463 ἐκϐάλλων

380 533 438 571 se
460 533 560 588 pro
591 519 901 587 semetipsis
924 517 1175 571 laborare
1208 515 1446 570 alacrius
1471 522 1803 583 pugnarem.
1832 510 1964 564 Post

379 609 580 682 Capua:
634 611 1002 667 defectionem
1055 610 1221 665 etiam
1295 608 1504 677 reliqua
1552 603 1850 674 Campania
1910 601 1966 655 in

380 714 531 757 motu
562 703 704 759 fuit:
736 705 895 773 cujus
926 702 1292 757 defectionem
1318 700 1581 754 Romanis
1608 713 1750 767 εει-ε
1787 692 1969 749 feren-

383 798 551 857 tibus,
598 794 837 849 Annibal
906 792 1217 849 Nucerinos
1281 789 1637 861 oppugnavit.
1699 785 1967 853 Quicum

379 886 790 948 ohsiderentur.
826 886 1081 940 inutilem
1130 893 1349 939 aetatem
1382 883 1452 937 ob
1503 879 1843 935 cibariorum
1873 891 1970 948 pe-

380 979 597 1033 nuriam
628 977 961 1048 expulerunt
993 994 1006 1031 :
1042 992 1181 1046 quos
1212 972 1449 1029 Annibal
1477 988 1588 1026 non
1622 970 1851 1041 recepit,
1874 984 1971 1023 ne-

381 1088 489 1141 que
528 1073 637 1127 alio
666 1088 830 1142 quam
864 1073 917 1125 in
966 1072 1157 1125 urbem
1199 1066 1465 1123 redeundi
1500 1072 1825 1136 potestatem
1874 1061 1972 1115 de-

380 1168 485 1222 dit.
515 1166 883 1232 Quamobrem
913 1165 1095 1218 caeteri
1142 1176 1365 1233 quoque
1397 1174 1521 1214 cum
1552 1174 1659 1213 una
1704 1165 1859 1213 veste
1908 1171 1969 1211 se

380 1259 519 1314 urbe
560 1273 888 1313 excessurus
937 1263 1287 1325 pepigerunt.
1327 1252 1399 1306 At
1442 1251 1532 1305 ille
1565 1249 1700 1304 urbe
1732 1248 1966 1319 potitus,

387 1361 675 1407 senatores
717 1350 771 1404 in
833 1347 1045 1402 balneis
1087 1346 1332 1400 inclusos
1363 1341 1695 1398 suﬂocavit:
1730 1340 1972 1410 reliquos

382 1462 506 1502 cum
536 1443 820 1499 discedere
843 1457 953 1510 quo
981 1439 1179 1493 vellem
1210 1437 1489 1508 jussisset,
1527 1434 1733 1488 multos
1767 1431 1824 1486 in
1882 1429 1973 1486 iti—

380 1550 516 1588 nere
542 1529 868 1586 interfecit:
915 1526 1011 1583 sed
1054 1536 1237 1581 tamen
1282 1539 1478 1579 eorum
1526 1522 1683 1576 multi
1711 1523 1767 1575 in
1808 1520 1973 1576 silvas

381 1618 595 1691 profugi
614 1628 928 1674 evaserunt.
957 1616 1032 1671 Ea
1065 1615 1398 1671 crudelitate
1418 1613 1603 1669 caeteri
1631 1611 1834 1677 territi,
1860 1627 1970 1665 non

380 1711 618 1782 amplius
643 1711 763 1781 ejus
795 1708 923 1764 ﬁdei
954 1722 1012 1762 se
1056 1706 1451 1778 permiserunt,
1482 1705 1580 1760 sed
1635 1704 1972 1760 resistebant

380 1805 512 1859 dtnn
558 1813 833 1873 poterant.
894 1801 1202 1874 Nolanique
1253 1802 1322 1856 de
1374 1799 1629 1855 facienda
1686 1798 1967 1853 deditione

381 1897 781 1959 consultantes,
836 1891 928 1947 illo
978 1891 1222 1947 facinore
1244 1881 1400 1955 'viso,
1458 1889 1781 1945 Marcellum
1825 1889 1965 1944 clant

381 1987 816 2050 acccrsiverunt,
877 1983 1150 2039 Annibale
1207 1981 1276 2037 ab
1346 1982 1500 2037 urbis
1559 1980 1968 2052 Oppugnatione

383 2080 626 2150 repulso.
689 2077 819 2132 Inde
864 2076 1162 2147 digressus,
1192 2073 1501 2129 Acerranos
1554 2072 1697 2128 fame
1733 2074 1967 2138 domuit,

384 2173 579 2226 iisdem
608 2168 811 2240 quibus
843 2168 1151 2222 Nucerinos
1180 2166 1618 2231 conditionibus,
1659 2166 1969 2235 eodemque

386 2262 641 2318 tractavit
674 2258 857 2315 modo.
882 2259 1092 2313 Deinde
1117 2259 1381 2315 Basilinas
1414 2269 1498 2314 est
1525 2273 1836 2330 aggressus,
1857 2272 1967 2326 quo

384 2352 618 2410 Romani
672 2366 979 2421 eorumque
1039 2350 1174 2405 socii
1232 2349 1455 2405 circiter
1502 2365 1536 2403 ιι
1581 2348 1965 2421 confugerant,

385 2448 479 2518 qui
511 2446 725 2502 civibus
749 2444 1119 2515 proditionem
1160 2444 1514 2499 molientibus
1546 2443 1766 2510 occisis,
1798 2444 1971 2499 Anni-

384 2541 618 2610 baleque
648 2554 791 2611 saepe
814 2536 1120 2609 proﬂigato,
1155 2535 1354 2591 famem
1389 2550 1608 2607 quoque
1630 2536 1848 2592 fortiter
1882 2546 1967 2593 to-

386 2632 653 2689 lerarunt.
682 2629 820 2685 Cum
850 2640 1034 2685 autem
1061 2640 1403 2683 commeatus
1432 2628 1753 2693 defecisset,
1775 2644 1973 2699 quern-

388 2729 513 2779 datn
575 2725 628 2779 in
662 2734 785 2779 utre
839 2722 908 2776 ad
944 2721 1278 2776 dictatorem
1331 2720 1600 2775 miserunt
1633 2736 1647 2774 :
1675 2720 1769 2790 qui
1806 2728 1970 2774 noctu

387 2818 534 2872 dolia
569 2815 741 2870 farina
769 2814 927 2885 plena
951 2817 1007 2865 in
1044 2809 1251 2866 ﬂumen
1272 2813 1545 2881 conjecta,
1599 2826 1697 2865 eos
1725 2810 1781 2864 in
1817 2821 1972 2865 tene-

390 2909 507 2963 bris
530 2907 825 2963 observare
845 2904 1031 2976 jussit.
1072 2902 1187 2958 Hoc
1215 2904 1376 2958 modo
1407 2904 1547 2957 clam
1580 2919 1678 2958 eos
1715 2902 1783 2957 ad
1831 2913 1969 2957 tctn-

386 3018 491 3075 pus
515 3002 651 3056 aluit
683 3017 698 3055 :
732 2999 825 3054 sed
860 3001 1079 3053 tandem
1107 3012 1217 3052 uno
1248 2996 1399 3051 dolio
1433 3011 1498 3050 ex
1522 2996 1780 3051 allisione
1832 3011 1969 3050 con-

388 3097 584 3156 tracto,
662 3089 1145 3159 Carthaginienses
1210 3103 1269 3143 re
1318 3088 1696 3144 animadversa
1758 3088 2040 3177 catenisc

387 3183 615 3239 ﬂuvium
648 3183 988 3235 munierunt.
1019 3178 1087 3235 Ut
1126 3191 1310 3233 autem
1355 3178 1500 3233 fame
1533 3188 1590 3233 et
1647 3178 1969 3234 vulneribus

389 3273 548 3328 multi
602 3272 907 3341 perierunt,
973 3268 1148 3323 altera
1221 3268 1375 3323 urbis
1434 3277 1590 3339 parte
1642 3267 1861 3324 deserta
1915 3278 1973 3324 et

389 3376 555 3440 ponte
595 3364 905 3436 interrupto
931 3401 946 3427 ,
981 3361 1037 3415 in
1062 3361 1234 3416 altera
1263 3360 1609 3417 obsidionem
1644 3363 1967 3417 tolerarunt.

389 3461 584 3515 Postea
626 3470 813 3512 semen
851 3470 1104 3524 raporum
1134 3453 1190 3509 in
1239 3453 1533 3525 quemdam
1575 3454 1757 3511 locum
1813 3465 1970 3512 extra

390 3566 613 3607 murum
665 3549 1007 3620 abjecerunt,
1070 3558 1129 3602 ut
1174 3546 1365 3601 hostes
1394 3561 1492 3601 eos
1529 3546 1622 3601 diu
1684 3547 1971 3604 habituros

389 3641 681 3699 crederent
713 3640 854 3695 unde
895 3641 1144 3694 viverent
1205 3639 1323 3706 Qua
1359 3639 1552 3694 eadem
1592 3640 1853 3710 opinione
1880 3641 1977 3696 de-

388 3743 581 3805 ceptus
599 3733 856 3796 Annibal,
888 3747 1194 3802 eorumque
1224 3730 1609 3786 fortitudinem
1634 3731 1967 3799 admiratus,

391 3840 489 3880 eos
522 3824 591 3879 ad
647 3823 956 3894 pactionem
1009 3830 1336 3891 provocatos
1389 3821 1623 3890 pecunia
1666 3822 1967 3878 vendidit:

386 3932 529 3988 quos
557 3915 788 3971 Romani
820 3930 928 3969 non
965 3913 1128 3969 modo
1178 3912 1376 3985 cupide
1424 3913 1801 3984 redemerunt,
1870 3916 1968 3973 sed

388 4010 551 4064 etiam
586 4009 793 4064 honora
802 4018 946 4062 runt.

2069 508 2167 560 ἕνα
2195 506 2427 560 ἕκαστον
2475 504 2538 556 ἐκ
2606 503 2702 555 τοῦ
2739 501 3045 572 συνεδρίου,
3098 502 3291 572 ἠρώτα
3332 500 3394 555 τδ
3426 501 3661 572 πλῆθος,

2069 600 2255 652 ὅντινα
2284 597 2454 650 αὐτοῦ
2487 595 2834 665 ἀνθαιρεῖται
2855 611 2869 625 ⁸
2904 597 2992 647 καὶ
3037 593 3180 647 οὕτω
3215 594 3290 665 μὴ
3313 592 3660 664 δυνηθέντων

2070 689 2250 743 αὐτῶν
2270 690 2494 759 ἐτέρους
2527 687 2594 739 δι’
2633 687 2818 754 ὀλίγου
2860 685 3211 750 ἀνθελέσθαι,
3262 684 3475 749 πάντας
3510 686 3657 738 ὲκεί-

2072 799 2198 843 νους
2224 780 2299 844 ὡς
2323 779 2658 848 ἀναγκαίους
2676 777 2883 848 ἀφῆκε,
2903 779 2999 830 καὶ
3028 776 3467 845 καταλλαγέντες
3492 778 3663 847 ἀλλή-

2070 872 2207 939 λοις,
2260 872 2588 926 ἐσπείσαντο
2630 870 2708 941 τῷ
2750 870 2988 943 Ἀννίϐᾳ.
3040 870 3149 923 Καὶ
3193 870 3252 934 ὃς
3306 870 3395 924 διὰ
3447 871 3666 941 ταχέων

2072 951 2386 1028 ἐπαναστάς
2410 966 2474 1018 ἐκ
2486 966 2583 1036 τῆς
2608 964 2941 1027 Νεαπόλεως
2970 958 3138 1037 ἦλθεν
3162 964 3241 1025 είς
3261 962 3360 1033 τὴν
3389 963 3627 1032 Καπύην
3646 981 3663 993 ο

2072 1062 2169 1114 καὶ
2212 1059 2520 1131 διαλεχθεὶς
2562 1058 2746 1120 αὐτοῖς
2791 1058 2927 1114 ἄλλα
2958 1074 3016 1110 τε
3057 1056 3230 1109 πολλὰ
3261 1052 3417 1108 εἶπεν
3442 1059 3669 1123 ἐπαγω-

2072 1155 2166 1222 γὰ,
2204 1154 2299 1207 καὶ
2342 1152 2444 1223 τὴν
2498 1152 2798 1224 ἡγεμονίαν
2847 1154 3001 1219 σφίσι
3047 1150 3149 1221 τῆς
3191 1148 3429 1212 Ἰταλίας
3467 1148 3670 1203 δώσειν

2073 1247 2364 1318 ὑπέσχετο,
2385 1244 2453 1299 ἵν’
2480 1249 2537 1301 ἐν
2555 1246 2739 1299 ἐλπίσι
2766 1244 3069 1314 γενόμενοι,
3095 1242 3169 1307 ὼς
3196 1240 3292 1296 καὶ
3319 1243 3537 1300 ἑαυτοῖς
3566 1258 3670 1294 πο-

2070 1339 2360 1411 νήσαντες,
2391 1337 2809 1409 προθυμὸτερον
2852 1335 3249 1404 ἀγωνίσωνται.
3290 1332 3667 1401 Μεταστάσης

2070 1431 2126 1484 δὲ
2151 1430 2248 1501 τῆς
2275 1430 2535 1501 Καπύης,
2565 1431 2661 1485 καὶ
2684 1431 2717 1500 ή
2742 1429 2876 1500 άλλη
2905 1427 3211 1498 Καμπανία
3239 1426 3517 1496 κεκίνητο.
3552 1424 3670 1479 Καὶ

2072 1524 2120 1577 οί
2153 1523 2445 1593 Ῥωμαῖοι,
2463 1522 2561 1593 τὴν
2586 1522 2890 1576 ἀπόστασιν
2914 1522 3083 1592 αὐτῆς
3108 1519 3392 1590 μαθόντες,
3411 1518 3667 1590 ἤχθοντο.

2074 1614 2143 1667 ’Ὀ
2175 1631 2236 1683 γε
2273 1613 2381 1685 μὴν
2431 1613 2682 1677 Ἀννίϐας
2741 1613 2835 1666 ἐπί
2891 1612 3265 1683 Νουκερίνους
3310 1612 3423 1681 ('55)
3458 1611 3667 1680 ἐστράρ

2074 1723 2267 1761 ςενσεν
2292 1723 2305 1736 ·
2336 1708 2389 1761 οἱ
2450 1706 2507 1760 δὲ
2570 1705 3029 1778 πολιορκούμενοι
3062 1708 3163 1777 τὴν
3199 1710 3478 1776 ἄχρηστον
3510 1705 3668 1773 σφῶν

2005 1774 2041 1827 Β
2070 1798 2290 1868 ἠλικίαν
2341 1797 2547 1868 ἀπορία
2579 1797 2797 1867 τροφῶν
2838 1795 3143 1861 ἐξεώσαντο
3168 1812 3181 1826 ⁸
3211 1794 3305 1860 οὓς
3344 1797 3373 1848 ὁ
3410 1794 3670 1859 Ἀννίϐας

2069 1890 2130 1943 οὐ
2159 1892 2498 1962 προσήκατο,
2534 1890 2671 1943 ἀλλὰ
2695 1894 2791 1943 καὶ
2823 1893 2902 1954 είς
2934 1891 3035 1960 τὴν
3064 1889 3219 1944 πόλιν
3245 1888 3471 1942 ἀπιοῦσι
3498 1891 3669 1958 μόνον

2069 1987 2378 2056 ἀσφάλειαν
2426 1987 2619 2041 ἔδωκε.
2650 1986 2743 2039 Διδ
2776 1986 2869 2039 καὶ
2900 1986 2949 2039 oi
2998 1983 3180 2039 λοιποὶ
3221 1985 3344 2054 μεθ’
3375 1985 3494 2048 ἐνὸς
3525 1986 3670 2054 ἱμα-

2069 2080 2187 2134 τίου
2231 2079 2551 2152 ἐκχωρῆσαι
2591 2078 2687 2133 τοῦ
2736 2078 2926 2141 ἄστεος
2974 2078 3353 2150 ὡμολόγησαν.
3420 2077 3576 2129 Ἐπεὶ
3617 2074 3670 2130 δ’

2072 2173 2350 2243 ἐγκρατὴς
2406 2173 2589 2225 αὐτῶν
2637 2171 2880 2241 ἐγένετο,
2936 2172 3062 2234 τοὺς
3109 2171 3207 2241 μὲν
3247 2169 3548 2241 βουλευτὰς
3600 2171 3671 2233 ἐς

2074 2266 2335 2338 βιλανεῖα
2408 2264 2783 2329 κατακλείσας
2837 2265 3157 2330 ἀπέπνιξε·
3224 2266 3337 2327 τοῖς
3380 2264 3426 2317 δ’
3476 2263 3671 2324 ἄλλοις

2072 2360 2335 2413 ἀπελθεῖν
2384 2357 2555 2412 εἰπὼν
2589 2360 2696 2430 ὅπη
2730 2357 3035 2429 βούλοιντο,
3077 2356 3310 2420 πολλοὺς
3346 2357 3405 2409 ἐν
3436 2359 3502 2427 τῇ
3552 2356 3671 2426 ὁδῷ

2072 2451 2343 2506 κάκείνων
2373 2450 2654 2519 ἐφόνευσε.
2676 2450 2868 2521 Συχνο¹ι
2890 2449 2934 2502 δ’
2964 2449 3059 2503 οῦν
3083 2447 3264 2501 αὐτῶν
3286 2448 3381 2500 καὶ
3401 2448 3672 2517 περιεγέ-

2074 2560 2227 2596 νοντο
2258 2544 2338 2605 εἰς
2394 2541 2529 2606 ῦλας
2576 2541 3131 2612 προκαταφυγόντες.
3162 2539 3257 2593 Ἐκ
3289 2538 3486 2592 τούτου
3526 2539 3585 2592 δὲ
3610 2541 3667 2590 οἱ

2072 2635 2248 2688 λοιποὶ
2276 2634 2609 2703 φοϐηθέντες
2633 2635 2694 2688 ού
2712 2622 3025 2689 συνέϐαινον
3052 2633 3134 2686 ἔτι
3162 2632 3332 2702 αὐτῷ,
3363 2632 3478 2687 ἀλλ’
3514 2634 3657 2686 άντ-

2088 2729 2231 2797 εῖχον
2277 2726 2385 2790 ἓως
2441 2727 2726 2797 ἠδύναντο.
2778 2728 2889 2780 Καὶ
2915 2729 2965 2780 of
2996 2726 3245 2779 Νωλανοὶ
3272 2724 3668 2795 βουλευόμενοι

2079 2822 2477 2888 προσχωρῆσαι
2532 2817 2725 2888 αὐτῷ,
2787 2818 2914 2871 ἐπεὶ
2969 2817 3029 2871 τὸ
3092 2817 3173 2879 είς
3228 2816 3473 2877 ἐκείνους
3518 2809 3667 2866 εἶδον

2075 2914 2345 2983 πραχθὲν,
2385 2913 2737 2984 ἐπηγάγοντο
2796 2911 2976 2982 λάθρα
3030 2911 3123 2965 τὸν
3169 2910 3515 2981 Μάρκελλον,
3563 2908 3667 2960 καὶ

2076 3006 2169 3059 τὸν
2228 3003 2477 3058 Ἀννίϐαν
2534 3001 2922 3074 προσϐαλόντα
2973 3004 3114 3073 μετὰ
3158 3001 3336 3054 ταῦτα
3382 3003 3451 3073 τῇ
3504 2998 3665 3052 πόλει

2071 3096 2382 3152 ἀπώσαντο.
2425 3096 2855 3166 Ἀποκρουσθεὶς
2906 3096 2962 3150 δὲ
3005 3097 3105 3165 τῆς
3162 3092 3380 3165 Νώλης,
3423 3092 3662 3165 Ἀκεράο

2078 3207 2202 3253 νους
2237 3190 2348 3259 (56)
2382 3183 2495 3242 εἷλε
2528 3188 2674 3261 λιμῷ
2712 3190 2807 3243 ἐπὶ
2839 3192 2962 3253 ταῖς
3019 3191 3214 3253 αὑταῖς
3246 3191 3359 3252 τοῖς
3390 3186 3664 3258 Νουκερία

2079 3299 2190 3345 νοις
2218 3283 2545 3352 συνθήκαις,
2569 3282 2664 3335 καὶ
2699 3281 2768 3335 τὰ
2804 3282 2945 3336 αὐτὰ
2980 3281 3281 3352 εἰργάσατο
3308 3280 3404 3333 καὶ
3436 3277 3663 3340 αὐτούς.

2080 3368 2214 3429 Εἶτα
2238 3377 2332 3429 καὶ
2373 3376 2466 3428 ἐπί
2492 3373 2782 3438 Βασιλίνας
2813 3374 3196 3445 ἐστράτευσεν,
3231 3375 3287 3426 ἐν
3306 3366 3351 3441 ᾧ
3393 3369 3662 3441 Ῥωμαῖοί

2078 3483 2137 3520 τε
2176 3468 2272 3520 καὶ
2324 3466 2636 3537 συμμάχων
2696 3464 2831 3519 ὡσεὶ.
2886 3464 3050 3536 χίλιοι
3104 3466 3546 3533 συγκατέφυγον.
3595 3461 3662 3515 θῖ

2078 3559 2204 3621 τοὺς
2239 3558 2337 3629 μὲν
2361 3558 2692 3629 ἐπιχωρίους
2726 3556 3017 3629 προδοῦναι
3061 3558 3204 3627 σφᾶς
3252 3555 3663 3627 μελετήσαντας

2077 3648 2435 3714 ἀπέκτειναν,
2470 3649 2565 3703 καὶ
2593 3648 2685 3702 τὸν
2731 3648 2984 3703 Ἀννίϐαν
3040 3647 3308 3710 πολλάκις
3338 3645 3659 3708 ἀπώσαντο,

2034 3806 2035 3809 η
2075 3738 2170 3790 καὶ
2223 3737 2361 3808 πρὸς
2422 3738 2583 3808 λιμὸν
2650 3737 2915 3807 γενναίως
2961 3737 3433 3810 διεκαρτέρησαν·
3484 3733 3664 3789 ἐπιλι-

2078 3827 2288 3901 πούσης
2332 3829 2390 3882 δὲ
2436 3830 2535 3900 τῆς
2579 3829 2788 3900 τροφῆς
2831 3829 3052 3892 αὐτοὺς.
3090 3828 3178 3884 ἐπ’
3208 3828 3381 3882 ἀσκοῦ
3419 3844 3543 3882 τινα
3569 3824 3663 3879 διὰ

2078 3921 2173 3974 τοῦ
2210 3922 2461 3993 ποταμοῦ
2514 3921 2653 3992 πρὸς
2682 3923 2772 3975 τὸν
2835 3921 3133 3991 δικτάτορα
3179 3920 3460 3994 ἔπεμψαν.
3503 3918 3564 3975 '0
3603 3918 3663 3972 δὲ

2081 4013 2275 4079 πίθους
2306 4015 2556 4088 ἀλεύρων
2622 4016 2853 4088 πλήρεις
2884 4017 3082 4079 νυκτὸς
3130 4015 3419 4071 ἐνέϐαλλεν
3462 4014 3542 4078 είς
3567 4013 3662 4065 τὸν

391 4108 662 4178 ποταμὸν,
707 4104 1086 4174 ἐντειλάμενος
1135 4103 1319 4165 αὐτοῖς
1383 4107 1728 4174 παρατηρεῖν
1776 4106 1836 4158 ἐν
1886 4104 1966 4177 τῷ
2007 4110 2191 4164 σκότει
2251 4111 2308 4165 τὸ
2357 4112 2574 4182 ῥεῦμα·
2642 4114 2738 4166 καὶ
2789 4111 2983 4181 χρόνον
3024 4111 3125 4181 μέν
3174 4128 3301 4163 τινα
3366 4106 3663 4162 ἐλάνθανεν

389 4200 563 4264 οὕτως
596 4204 803 4272 τροφὰς
840 4199 1023 4260 αὐτοῖς
1052 4195 1326 4267 χορηγῶν.
1357 4197 1593 4250 Ἔπειτα
1621 4198 1782 4251 πίθου
1819 4200 1967 4265 τινὸς
2008 4205 2419 4275 προσραγέντος
2483 4222 2598 4270 ποι,
2668 4208 2764 4259 καὶ
2801 4206 3204 4277 συντριϐέντος.
3232 4206 3404 4270 ἔγνων
3429 4205 3478 4254 et
3513 4206 3664 4271 Καρο

389 4298 628 4371 χηδόνιοι
673 4295 733 4348 τὸ
789 4294 1097 4364 γινόμενον,
1160 4292 1252 4345 καὶ
1309 4293 1535 4346 ἁλύσεσι
1587 4297 1680 4346 τὸν
1724 4294 1974 4367 ποταμὸν
2010 4297 2375 4368 διειλήφασιν.
2460 4301 2547 4366 Ὠς
2593 4301 2652 4356 δὲ
2700 4301 2779 4373 τῷ
2835 4301 2983 4375 λιμῴ
3036 4302 3130 4356 καὶ
3206 4303 3321 4364 τοῖς
3379 4293 3667 4371 τραύμασι

393 4393 581 4463 συχνοὶ
639 4389 1037 4458 διεξθάρησαν,
1072 4389 1132 4439 τὸ
1166 4385 1353 4456 ἕτερον
1400 4386 1568 4455 μέρος
1616 4388 1711 4457 τῆς
1759 4389 1967 4453 πόλεως
2007 4390 2280 4458 ἐξέλιπον,
2321 4396 2421 4446 κάν
2452 4393 2529 4465 τῷ
2572 4393 2745 4465 λοιπῷ
2771 4395 3188 4467 διεκαρτέρουν.
3246 4394 3347 4464 τὴν
3412 4392 3668 4461 γέφυραν

390 4486 772 4555 διακόέιαντες.
801 4482 936 4536 Εἶτα
972 4481 1196 4551 σπέρμα
1231 4480 1549 4550 γογγυλίδος
1582 4482 1690 4534 ἀπὸ
1719 4482 1815 4534 τοῦ
1881 4484 2100 4553 τείχους
2168 4485 2251 4551 είς
2320 4503 2374 4539 τι
2437 4488 2637 4559 χωρίον
2667 4487 2867 4552 ἔξωθεν
2892 4487 3059 4543 αὐτοῦ
3088 4486 3409 4541 κατέϐαλον.
3446 4485 3667 4554 Ἐποίη.

395 4599 497 4636 σαν
519 4581 576 4635 δὲ
637 4579 797 4632 τοῦτο
862 4578 951 4632 ἵνα
1000 4576 1392 4646 καταπλήξωσι
1450 4578 1579 4638 τοὺς
1647 4576 1940 4647 πολεμίους
1969 4578 2045 4643 ὡς
2085 4581 2182 4634 καὶ
2243 4582 2338 4634 ἐπὶ
2389 4582 2527 4636 πολὺ
2582 4582 3051 4652 αύταρκέσοντας.
3094 4580 3260 4635 Ὅθεν
3300 4581 3328 4633 ὁ
3385 4578 3607 4632 Ἀννίϐα
3644 4615 3667 4644 ,

391 4675 625 4745 ἄφθονον
675 4674 871 4736 αὐτοὺς
921 4672 1066 4742 ἔχειν
1096 4672 1195 4742 τὴν
1242 4667 1451 4741 τροφὴν
1482 4669 1713 4740 οἰηθεὶς,
1745 4672 1840 4723 καὶ
1909 4673 2005 4726 ἐπὶ
2044 4676 2112 4745 τῇ
2178 4674 2449 4746 καρτερίᾳ
2478 4675 2892 4745 θαυμάσας,είς
2911 4673 3206 4746 ὁμολογίαν
3229 4670 3661 4744 προεκαλέσατο.

389 4772 489 4825 καὶ
541 4765 1125 4839 χρημάτωνιάπέδοτο
1167 4764 1330 4834 σφᾶς.
1375 4761 1672 4816 Ἐλύσαντο
1707 4761 1820 4833 γὰρ
1872 4764 2074 4830 αὐτοὺς
2101 4766 2151 4819 oi
2218 4766 2323 4832 ἐξω
2387 4766 2648 4837 Ῥωμαῖοι
2696 4768 2975 4839 ἁσμένως,
3026 4767 3164 4821 ἀλλὰ
3213 4766 3322 4838 μὴν
3388 4764 3487 4818 καὶ
3548 4766 3664 4818 ἀεῖ-

476 4881 599 4919 σαν.

394 4882 730 5012 μηῦῗῗ.υυιιι
764 4950 881 5004 haec
941 4954 1228 5019 geruntur,
1280 4948 1444 5020 legati
1483 4947 1709 5020 Delphis
1763 4950 1970 5004 reversi

2149 4947 2227 5006 1".
2261 4949 2349 5003 Ἕν
2371 4942 2414 5019 ᾧ
2441 4949 2499 5004 δὲ
2523 4949 2695 5004 ταῦτα
2714 4950 2951 5019 ἐγένετο,
2981 4950 3076 5004 καὶ
3106 4948 3411 5021 ὲκξΔελφῶν
3434 4950 3482 5001 oi
3514 4965 3652 5018 mp.-

391 5047 672 5112 nuntiant,
716 5042 911 5114 jubere
948 5040 1198 5112 Pythiam
1256 5050 1338 5105 ut,
1382 5041 1667 5112 repudiata
1731 5041 1968 5112 ignavia,

391 5141 558 5216 422
609 5138 753 5194 bello
796 5138 910 5191 sint
957 5134 1175 5205 intenti.
1202 5134 1281 5188 Ex
1312 5148 1381 5190 eo
1436 5132 1742 5189 confirmati
1806 5143 1971 5205 atque

394 5232 631 5292 assecuti
661 5228 1010 5291 Annibalem,
1062 5227 1215 5295 juxta
1259 5240 1385 5281 eum
1418 5234 1597 5280 castra
1642 5236 1967 5295 posuerunt,

397 5337 458 5384 ut
506 5325 640 5397 quid
693 5328 882 5393 ageret
922 5319 1303 5375 observarent.
1358 5318 1438 5372 Ac
1468 5316 1665 5372 Junius
1712 5318 1968 5383 dictator,

396 5436 518 5491 quae
584 5413 1065 5486 Carthaginienses
1115 5409 1297 5465 facere
1368 5408 1730 5480 jubebantur,
1778 5409 1970 5466 eadem

2078 5041 2303 5108 φθέντες
2330 5042 2793 5112 ἀνεκομίσθησαν,
2821 5042 3074 5110 λέγοντες
3099 5040 3197 5113 τὴν
3222 5040 3428 5094 Πυθίαν
3458 5039 3661 5110 χρῆσαι

2077 5132 2261 5196 αὐτοῖς
2321 5131 2637 5186 παύσασθαι
2672 5133 2769 5203 τῆς
2808 5132 3106 5203 ῥᾳθυμίας,
3153 5134 3243 5185 καὶ
3297 5131 3375 5202 τῷ
3434 5133 3658 5201 πολέμῳ

2080 5225 2387 5298 προσέχειν.
2428 5223 2708 5278 Ἐντεῦθεν
2734 5223 3184 5297 άνερρώσθησαν,
3230 5226 3324 5278 καὶ
3357 5224 3658 5278 κατέλαϐον

2082 5319 2173 5371 τὸν
2227 5316 2498 5382 Ἀννίϐαν,
2554 5317 2651 5371 καί
2686 5317 2735 5370 of
2768 5316 3470 5388 παρεστρατοπεδεύσαντο,
3511 5318 3655 5382 ὅπως

2082 5412 2152 5464 τὰ
2210 5409 2562 5481 πραττόμενα
2640 5408 2771 5481 παρ’
2813 5409 2978 5463 αὐτοῦ
3037 5410 3424 5481 παρατηρῶσι.
3475 5412 3585 5465 Καὶ
3627 5410 3656 5463 ὅ

1599 5547 1809 5610 νοτία)
1838 5545 2151 5610 lectiones
2185 5553 2248 5607 et
2278 5554 2469 5607 noue.

613 5681 1041 5806 liégttzxepirovg.
1086 5677 1372 5751 .Exeerpta
1412 5674 1601 5735 Dionis
1649 5673 1961 5741 Valcsiana,

492 5772 511 5809 υ
589 5794 605 5809 .
740 5790 755 5805 .

398 5768 456 5824 p.
478 5768 605 5820 bats,
634 5768 755 5806 om.

2148 5669 2260 5742 (56)
2306 5667 2710 5742 Ἁκερῤάνους.
2767 5665 2903 5725 Vide
2934 5666 3208 5741 Excerpta
3257 5669 3450 5727 Dionis
3504 5670 3654 5727 Vale-

2072 5738 2248 5808 siana,
2280 5755 2334 5811 p.
2363 5738 2489 5794 601.
2516 5790 2519 5793 λ
