3902 6202
240 254 339 319 721

1484 264 1901 328 ANNALlUM
1935 268 2083 331 LIB.
2129 269 2235 333 IX.

3389 279 3501 341 7°22

238 385 319 469 γε.
347 369 566 434 Ἰούνιος
596 371 624 425 ό
645 372 921 447 δικτάτωρ
949 376 1018 431 τά
1050 379 1163 443 τοῖς
1189 381 1582 454 Καρχηδονίοις
1613 399 1793 454 παραγ

1927 403 2056 442 suos
2084 397 2137 444 et
2174 390 2289 460 ipse
2313 388 2607 445 observare
2638 399 2802 462 atque
2831 392 3012 448 facere
3042 394 3282 462 iubebat.
3310 398 3507 469 itaque

236 461 563 531 γελλόμενα,
607 470 701 517 καὶ
726 467 870 530 τοὺς
898 465 1207 539 Ῥωμαίους
1255 477 1431 527 ποιεῖν
1459 476 1660 546 δμοίως
1692 480 1814 531 ἐκέ-

234 553 381 617 λευε,
408 555 501 608 καὶ
542 557 665 608 σῖτα
699 558 795 611 καὶ
821 559 990 613 ὕπνον
1011 562 1070 614 ἐν
1089 562 1168 633 τῷ
1186 565 1333 635 αὐτῷ
1361 568 1538 639 καιρῷ
1560 570 1807 642 ᾑροῦντο,

234 647 327 698 καὶ
356 647 458 709 τὰς
502 647 754 714 φυλακάς
799 651 1004 719 ὁμοίως
1066 655 1432 725 ἐπεσκόπουν,
1496 662 1595 715 καὶ
1642 663 1811 717 τᾶλλα

232 737 431 806 ἐπίσης
464 737 759 809 ἔπραττον.
798 743 1149 813 Καταμαθὼν
1211 743 1307 801 οὖν
1353 751 1513 805 τοῦτο
1561 753 1809 818 Ἀννίϐας

230 831 512 897 χειμέριον
542 832 781 904 ἐτήρησε
799 834 992 900 νύκτα,
1021 839 1113 891 καὶ
1141 842 1253 904 τοῖς
1272 842 1371 910 μὲν
1398 844 1506 896 τῶν
1541 862 1809 916 στρατιωο

224 919 336 973 τῶν
368 923 458 973 ἐπ’
480 922 658 987 ἔξοδον
682 927 1035 998 άφ⁹ἐσπέρας
1066 933 1278 986 ἀνεῖπε.
1328 935 1435 988 Τοῦ
1480 936 1538 990 δὲ
1587 939 1807 997 Ἰουνίου

224 1014 287 1066 τὸ
317 1015 450 1068 αὐτὸ
477 1019 828 1088 ποιήσαντος,
860 1024 924 1076 ἐκ
955 1023 1209 1097 διαδοχῆς
1223 1028 1413 1083 ἄλλοτε
1442 1031 1633 1097 ἄλλους
1660 1037 1808 1106 αὐτῷ

226 1107 596 1174 προσϐάλλειν
622 1113 929 1178 ἐκέλευσεν,
974 1117 1041 1170 ἵν’
1077 1120 1138 1171 ἐν
1182 1125 1396 1192 συνεχεῖ
1435 1125 1582 1194 πόνῳ
1623 1128 1687 1181 ἐκ
1708 1128 1806 1197 τῆς

223 1200 535 1268 ἀγρυπνίας
562 1204 657 1257 καὶ
691 1205 785 1258 τοῦ
816 1208 1089 1278 χειμῶνος
1120 1213 1314 1282 εἴησαν
1335 1233 1350 1247 ·
1381 1216 1541 1277 αὐτὸ
1574 1217 1631 1271 δὲ
1668 1221 1806 1289 μετὰ

220 1287 335 1339 τῶν
375 1288 582 1345 λοιπῶν
619 1294 944 1352 ἀνεπαύετο.
984 1299 1140 1354 Ἐπεὶ
1175 1301 1222 1353 δ’
1265 1303 1447 1376 ἡμέρα
1474 1287 1805 1379 ἐπιλάμψειν

219 1379 439 1448 ἔμελλε,
476 1382 537 1437 τδ
575 1387 890 1459 στράτευμά
934 1408 994 1444 τε
1055 1392 1219 1462 δῆθεν
1261 1395 1652 1465 ἀνεκαλέσατο,
1710 1404 1804 1456 κα)⁵

216 1473 332 1523 τῶν
377 1472 661 1543 Ῥωμαίων
705 1479 774 1532 τά
798 1480 937 1535 ὅπλα
969 1483 1348 1554 ἀποθεμένων,
1380 1488 1474 1541 καὶ
1504 1492 1640 1561 πρὸς
1669 1493 1801 1548 ἀνά-

217 1563 439 1617 παυλαν
493 1572 891 1641 τραπομένων.
945 1575 1183 1646 ἐπῆλθεν
1236 1579 1418 1643 αὐτοῖς
1480 1582 1655 1651 ἄφνω,
1707 1588 1803 1641 καὶ

217 1658 455 1724 συχνοὺς
484 1661 791 1727 ἀπέκτεινε,
816 1666 909 1718 καῖ.
944 1667 1003 1720 τὸ
1036 1669 1326 1741 τάφρευμα
1356 1673 1642 1744 ἐκλειφθὲν
1662 1672 1796 1731 εἷλε.

218 1746 305 1801 Ti
332 1748 377 1801 δ’
433 1752 490 1803 ἐν
515 1755 580 1823 τῇ
619 1754 841 1827 Σικελίᾳ
867 1758 958 1810 καὶ
974 1763 1040 1831 τῇ
1078 1762 1269 1832 Σαρδοῖ
1302 1765 1552 1834 ἐκινεῖτο,
1584 1768 1645 1821 ού
1673 1770 1803 1839 μέν-

210 1855 265 1892 τ’
282 1860 303 1893 ι
333 1842 430 1895 καὶ
457 1846 791 1917 ἐπιστροφῆς
814 1866 956 1914 τινος
985 1853 1135 1921 παρὰ
1154 1854 1262 1906 τῶν
1275 1854 1561 1927 Ῥωμαίων
1591 1861 1799 1934 ἔτυχον.

214 1932 463 2022 ς’ΐπατοι
484 1936 539 1989 δὲ
565 1937 594 1990 ὅ
622 1955 679 1992 τε
708 1939 954 2010 Γράκχος
984 1945 1009 1995 ό
1039 1944 1309 2016 ἵππαρχος
1344 1951 1437 2001 καὶ
1469 1932 1803 2022 Ποστούμιος

211 2019 467 2088 ’Λλϐτνος
502 2026 798 2111 ᾑρέθησαν.
824 2032 933 2085 Καὶ
971 2035 999 2086 ὀ
1032 2034 1128 2104 μὲν
1162 2037 1401 2103 Ἀλϐῖνος
1439 2044 1576 2111 μετὰ
1605 2019 1802 2111 παντὸς

208 2113 312 2168 τοῦ
345 2100 578 2184 στρατοῦ
603 2119 710 2172 ὑπὸ
729 2121 840 2174 τῶν
859 2100 1092 2179 Βοουῖων
1122 2128 1354 2203 ἐφθάρη,
1383 2100 1453 2187 διζ
1479 2134 1639 2204 ὅρους
1666 2100 1801 2191 ditt-3:

207 2204 341 2302 δους
388 2211 756 2302 πορευόμενος
785 2216 878 2268 καὶ
926 2218 1278 2290 ἐνεδρευθεὶς,
1328 2217 1388 2276 οὗ
1439 2227 1536 2299 τὴν
1562 2231 1800 2302 κεφαλὴν

206 2299 589 2368 ἀποτεμόντες
631 2304 682 2357 οί
731 2304 1023 2378 βάρϐαροι,
1087 2316 1182 2366 καὶ
1236 2317 1643 2387 ἐκκαθάραντες
1704 2299 1799 2377 καὶ

208 2395 750 2489 ⁸περιχρυσιὶθσιιντες,
801 2402 939 2472 πρὸς
982 2403 1046 2456 τὰ
1073 2405 1195 2475 ἱερὰ
1224 2409 1406 2464 αὐτῶν
1435 2413 1556 2466 ἀντὶ
1596 2415 1799 2489 φιάλης

207 2483 535 2580 ἐκέχρηντο.
594 2487 857 2557 Γεγόνασι
886 2492 942 2546 δὲ
972 2494 1090 2547 τότε
1132 2496 1357 2568 τέρατα·
1406 2502 1533 2573 βοῦς
1567 2522 1627 2558 τε
1684 2483 1795 2580 γάρ

210 2574 385 2668 ίππον
419 2576 597 2645 ἔτεκε,
646 2583 739 2636 καὶ
770 2585 828 2635 ἐν
866 2583 1112 2659 Θαλάσσῃ
1143 2589 1417 2662 ἐξέλαμψε
1459 2597 1590 2668 πῦρ.
1643 2574 1706 2654 Ol
1738 2574 1798 2656 δ”

207 2666 417 2723 ὕπατοι
458 2671 704 2742 Γράκχος
769 2675 863 2729 καὶ
915 2678 1135 2744 Φάϐιος,
1168 2666 1790 2760 στρατοπεδευσάμενοι,

204 2760 301 2848 τόν
323 2779 385 2815 τε
455 2763 701 2817 Ἀννίϐαν
752 2768 812 2819 ἐν
860 2770 1062 2843 Καπύῃ
1115 2773 1243 2827 ὄντα
1290 2777 1615 2848 ἐπετήρουν,
1671 2783 1699 2835 ὅ
1737 2802 1789 2837 τι

207 2855 474 2925 πράσσει.
503 2856 613 2911 Καὶ
639 2858 1006 2930 διεπέμποντο
1037 2865 1392 2937 ἑκασταχόσε,
1431 2872 1544 2932 τοῖς
1566 2890 1625 2924 τε
1654 2891 1790 2943 συμ-

208 2947 411 3015 μάχοις
454 2949 757 3019 ἐπήμυνον,
802 2953 898 3006 καὶ
941 2956 1065 3019 τοὺς
1115 2958 1494 3030 ἀφεστηκότας
1551 2966 1787 3019 οἰκειοῦ-

1913 491 1970 534 et
2002 481 2188 535 cibum
2225 492 2281 536 et
2335 497 2589 537 somnum
2638 484 2833 538 eodem
2892 495 3138 555 tempore
3182 490 3494 556 capiebant,

1912 571 2175 627 excubias
2192 573 2383 627 eodem
2420 574 2584 628 modo
2610 575 2883 641 visebant,
2912 584 3218 646 cavteraque
3249 595 3313 632 ex
3341 595 3488 648 :equr

1914 663 2209 720 faciebant.
2243 666 2363 730 Quo
2393 667 2628 721 Annibal
2654 670 2894 737 cognito,
2936 677 3305 739 tempestuosa
3335 683 3494 729 nocte

1911 764 2153 826 captata,
2185 758 2329 827 parti
2364 758 2599 813 militum
2629 776 2658 813 a
2690 776 2917 831 vespera
2963 762 3361 831 profectionem
3397 766 3489 818 de.

1909 850 2149 905 nuntiat.
2185 850 2350 906 Junio
2380 850 2432 904 id
2458 852 2690 917 imitate,
2718 868 2814 923 per
2839 854 2987 908 vices
3018 854 3154 909 alios
3174 864 3338 924 atque
3356 857 3499 910 alios

1910 945 2173 1013 impetum
2216 944 2269 997 in
2304 945 2582 1000 Romanos
2610 946 2790 1001 facere
2816 947 3004 1017 jussit.
3031 958 3091 1001 ut
3129 949 3483 1002 continenter

1908 1036 2109 1106 vigiliis
2126 1046 2519 1105 ettempestate
2538 1038 2929 1109 fatigarentur:
2960 1040 3076 1109 ipse
3099 1054 3224 1095 eum
3257 1041 3492 1110 reliquis

1906 1130 2137 1200 quievit.
2159 1128 2293 1184 Cum
2308 1131 2630 1192 lucesceret.
2649 1131 2891 1186 exercitu
2909 1142 3185 1193 revocato,
3213 1133 3489 1189 Romanus

1909 1223 2005 1293 qui
2039 1223 2210 1277 armis
2245 1225 2442 1293 positis
2470 1223 2536 1277 ad
2568 1224 2806 1293 quietem
2826 1239 2884 1278 se
2909 1223 3286 1287 conferebant,
3307 1224 3490 1278 subito

1905 1329 2211 1385 aggressus.
2250 1315 2450 1371 multos
2469 1316 2691 1378 occidit.
2723 1326 2780 1370 et
2819 1317 3022 1370 vallum
3054 1317 3123 1370 ab
3157 1316 3239 1371 eis
3301 1317 3490 1371 deser-

1908 1416 2021 1461 tum
2056 1408 2221 1476 cepit.
2264 1407 2516 1462 Sardinia
2550 1417 2603 1461 ct
2629 1408 2810 1463 Sicilia
2836 1408 3086 1477 quamvis
3113 1410 3165 1462 in
3197 1419 3348 1463 motu
3401 1424 3489 1462 cs-

1904 1508 2047 1562 sent,
2079 1515 2107 1553 a
2136 1500 2398 1554 Romanis
2428 1516 2534 1554 non
2569 1501 2922 1554 eurabautur.
2956 1501 3112 1556 Coss.
3141 1500 3311 1555 creati
3335 1510 3485 1561 sunt;

1902 1589 2183 1646 Gracchus
2233 1593 2491 1662 magister
2532 1593 2782 1661 equitnm
2844 1601 2899 1646 ct
2934 1592 3290 1648 Postbumius
3334 1593 3489 1649 Albi—

1904 1697 2009 1735 nus
2033 1697 2048 1735 :
2073 1696 2306 1750 quorum
2344 1681 2434 1736 hic
2458 1697 2580 1736 cum
2614 1683 2761 1734 omni
2795 1683 3036 1735 exercitu
3070 1698 3098 1735 a
3137 1682 3284 1737 Boiis
3311 1698 3487 1738 caesus

1909 1780 2013 1834 est.
2064 1771 2119 1826 in
2168 1772 2399 1826 transitu
2455 1772 2641 1826 silvosi
2673 1773 2877 1827 montis
2940 1773 3154 1829 insidiis
3194 1786 3481 1845 exceptus.

1907 1865 2067 1934 cujus
2123 1866 2304 1934 capite
2356 1865 2572 1919 barbari
2604 1873 2886 1924 exeavato.
2937 1882 3181 1937 auroque
3231 1868 3481 1929 inducto.

1907 1971 2005 2023 pro
2036 1955 2219 2025 phiala
2249 1957 2302 2010 in
2338 1957 2613 2019 sacrisusi
2638 1966 2788 2013 sunt.
2807 1957 3062 2028 Prodigia
3092 1968 3206 2013 tum
3233 1960 3481 2016 fuerunt.

1902 2048 2037 2102 Nam
2071 2048 2173 2103 bos
2218 2064 2420 2118 equum
2469 2051 2704 2120 peperit,
2743 2060 2799 2105 et
2841 2050 3057 2106 ﬂamma
3091 2068 3122 2106 ο
3162 2054 3299 2107 mari
3346 2054 3484 2108 emi-

1903 2138 2036 2194 cuit.
2068 2139 2225 2197 Cass.
2268 2140 2552 2197 Gracchus
2580 2153 2637 2198 et
2689 2142 2912 2206 Fabius.
2946 2144 3079 2214 quid
3114 2143 3349 2199 Annibal
3380 2144 3484 2199 Ca-

1904 2244 2026 2298 pua:
2059 2241 2267 2298 ageret,
2298 2231 2679 2296 observantes,
2736 2234 2987 2303 quolibet
3037 2234 3246 2304 legatos
3298 2235 3485 2290 mitte-

1902 2322 2055 2386 bant,
2107 2323 2273 2379 sociis
2328 2340 2487 2394 opem
2542 2324 2815 2390 ferebant,
2871 2342 2967 2382 eos
3022 2329 3114 2397 qui
3169 2328 3484 2384 defecerant

1902 2417 2268 2472 reconciliare
2336 2419 2721 2486 conabantur,
2778 2429 2835 2476 et
2886 2420 3262 2477 resistentium
3320 2437 3480 2493 agros

1898 2507 2326 2577 populabantur.
2356 2510 2592 2565 Annibal
2619 2526 2751 2566 vero
2776 2511 2908 2565 dum
2943 2521 3252 2567 commeatu
3300 2529 3480 2583 eoque

1896 2601 2064 2656 armis
2130 2614 2290 2670 parto
2324 2618 2436 2658 non
2496 2603 2832 2667 abundabat,
2867 2605 3116 2660 modeste
3164 2620 3288 2659 cum
3323 2620 3483 2660 exer—

1896 2692 2009 2747 citu
2054 2692 2295 2747 vivebat.
2328 2692 2398 2748 Ut
2429 2707 2596 2757 vero,
2624 2694 2808 2762 Capua
2852 2702 3141 2762 occupata.
3174 2694 3230 2747 in
3280 2709 3486 2765 magna.

1895 2796 2076 2834 rerum
2107 2781 2384 2837 afﬂuentia
2415 2782 2576 2837 otiosi
2603 2782 2971 2839 hibernarunt
2996 2802 3009 2838 ι
3034 2794 3090 2839 ct
3112 2785 3255 2841 vires
3280 2801 3477 2855 corpo-

1893 2886 2016 2925 rum
2088 2872 2322 2931 desidia.
2365 2882 2422 2926 et
2478 2871 2648 2926 robur
2703 2872 3014 2927 animorum
3075 2874 3292 2930 deliciis
3342 2885 3475 2930 sunt

1893 2964 2181 3021 imminuta
2213 2982 2228 3023 :
2262 2973 2578 3035 mutatoque
2606 2964 2755 3019 victu
2791 2965 2989 3034 patrio,
3020 2965 3072 3019 in
3108 2967 3312 3036 praeliis
3346 2968 3469 3021 vin-

203 3036 334 3088 σθαι
369 3036 697 3108 ἐπειρῶντο,
738 3043 810 3095 τά
842 3059 900 3095 τε
937 3044 1044 3099 τῶν
1075 3045 1493 3118 ἀνθισταμένων
1527 3054 1785 3111 ἐκάκουν.

1896 3057 1941 3113 ci
1975 3057 2309 3114 didicerunt.
2341 3058 2490 3113 Bello
2515 3058 2628 3128 jam
2667 3056 2929 3124 instante,
2957 3059 3013 3114 in
3053 3068 3265 3113 montes
3293 3068 3475 3115 trans-

214 3127 283 3219 '07
304 3126 354 3219 ϐξ
390 3129 664 3198 Ἀννίϐας,
690 3134 797 3197 ἕως
825 3136 925 3205 μέν
955 3139 1051 3207 τῆς
1080 3139 1290 3209 τροφῆς
1311 3141 1504 3207 ἐνδεῶς
1533 3147 1787 3219 ηὐπόρει,

202 3218 302 3271 καὶ
322 3217 772 3289 διακινδυνεύων,
804 3230 1102 3299 σωφρόνως
1129 3231 1269 3300 μετὰ
1295 3232 1389 3286 τοῦ
1415 3239 1648 3305 στρατοῦ
1674 3217 1792 3312 διῆ-

200 3329 300 3403 γεν
322 3329 338 3344 ·
368 3312 448 3377 ὡς
474 3313 532 3366 δὲ
563 3314 662 3386 τὴν
698 3318 931 3391 Καπύην
962 3319 1174 3386 ἔλαϐον,
1227 3326 1323 3377 καὶ
1357 3327 1571 3393 πολλοῖς
1599 3333 1791 3403 ἐπιτη-

201 3402 372 3465 δείοις
410 3404 470 3456 ἐν
506 3406 760 3480 ῥᾳστώνῃ
807 3410 1191 3480 διεχείμασαν,
1236 3417 1337 3485 τήν
1376 3434 1435 3469 τε
1479 3420 1634 3489 ἰσχὺν
1681 3402 1790 3477 τῶν

204 3495 485 3586 σωμάτων
542 3497 618 3568 μὴ
676 3500 1041 3572 πονούμενοι,
1106 3507 1200 3558 καὶ
1276 3509 1373 3580 τὴν
1440 3514 1634 3583 ῥώμην
1690 3517 1791 3586 τῆς

200 3585 441 3680 γνώμης
626 3593 728 3662 τῆς
774 3592 1046 3659 εὐθυμίας
1079 3596 1500 3671 ἠλαττώθησαν,
1548 3608 1644 3661 καὶ
1690 3585 1789 3680 τὴν

202 3679 444 3749 πάτριον
472 3679 812 3750 ἀμείψαντες
873 3685 1107 3755 δίαιταν,
1161 3694 1470 3763 μετέμαθον
1523 3679 1789 3769 ἡττᾶσθαι

203 3770 538 3839 μαχόμενοι.
583 3773 738 3828 Ἐπεὶ
762 3775 819 3829 δὲ
844 3781 872 3830 ὀ
903 3778 1142 3851 πόλεμος
1168 3783 1268 3854 ἤδη
1297 3785 1572 3852 ἐπέκειτο,
1604 3792 1660 3856 ἐς
1686 3794 1788 3865 δρη

202 3865 474 3955 μετέστη,
499 3865 595 3917 καὶ
622 3866 901 3938 ἐγύμναζε
934 3872 994 3924 τὸ
1025 3876 1367 3946 στράτευμα.
1397 3880 1459 3933 Οἱ
1488 3880 1533 3933 δ’
1565 3884 1663 3955 οὐχ
1685 3881 1789 3940 οἷοί

197 3970 262 4006 τε
297 3953 369 4007 δι’
410 3955 598 4023 ὀλίγου
630 3959 908 4030 ῥωσθῆναι
940 3965 1223 4030 γεγόνασι.
1260 3968 1524 4038 Βοηθείας
1553 3972 1610 4026 δὲ
1633 3953 1789 4047 αὐτῷ

198 4047 424 4100 οἴκοθεν
459 4048 630 4119 ἄλλης
672 4068 733 4104 τε
766 4054 861 4106 καὶ
891 4055 1209 4125 ἐλεφάντων
1238 4060 1522 4135 ἐλθούσης,
1550 4066 1787 4140 ἀνεθάρ-

202 4153 341 4206 σησε
377 4154 395 4168 ο
429 4141 526 4193 καὶ
555 4141 651 4192 ἐπὶ
686 4140 785 4212 τὴν
814 4142 1031 4208 Νῶλαν,
1056 4146 1133 4209 ὼς
1155 4149 1402 4219 αἱρήσων
1424 4153 1614 4226 αὐτὴν,
1640 4156 1672 4226 ἢ
1697 4157 1787 4212 τόν

200 4247 266 4298 γε
321 4232 654 4302 Μάρκελλον
707 4235 806 4306 τὴν
864 4234 1160 4307 Σαμνίτιδα
1210 4243 1542 4314 πορθοῦντα,
1581 4251 1788 4322 ταύτης

199 4325 456 4393 ἀπάξων,
489 4325 774 4398 ὥρμησεν.
835 4329 920 4394 Ὠς
961 4329 1005 4385 δ’
1042 4332 1197 4386 οὐδὲν
1232 4337 1510 4407 ἐπέραινε,
1555 4346 1653 4415 τῆς
1684 4344 1785 4415 μὲν

1894 3150 1977 3215 iit,
2038 3160 2095 3206 et
2119 3152 2321 3207 milites
2349 3153 2594 3207 exercuit
2633 3168 2646 3205 :
2678 3150 2774 3206 sed
2823 3167 2950 3206 cum
2990 3152 3190 3223 exiguo
3223 3161 3472 3222 tempore
3562 3210 3567 3213 _

1893 3243 2097 3297 firmari
2132 3258 2241 3298 non
2268 3254 2513 3312 possent,
2543 3243 2856 3312 elephantis
2913 3242 3144 3313 aliisque
3205 3242 3495 3298 militibus-

1892 3334 2055 3388 domo
2083 3334 2348 3398 advectis,
2385 3336 2628 3390 animum
2674 3334 2903 3405 recepit.
2949 3335 3254 3407 Nolamque
3296 3353 3475 3408 oppu-

1889 3427 2094 3496 guavit,
2147 3438 2203 3483 ut
2260 3428 2348 3483 vel
2403 3427 2595 3483 urbem
2646 3435 2901 3498 caperet,
2950 3428 3036 3483 vel
3101 3427 3410 3484 Marcellum
3440 3443 3477 3483 a

1893 3517 2103 3574 Samnii
2142 3521 2446 3576 vastatione
2479 3529 2786 3576 revocaret.
2815 3519 2954 3576 Cum
2986 3520 3132 3576 nihil
3156 3522 3469 3591 proliceret,

1891 3612 2030 3667 urbe
2070 3613 2281 3675 relicta,
2311 3628 2471 3683 agros
2492 3613 2749 3675 vastavit.
2816 3613 2996 3668 donec
3021 3613 3174 3682 justo
3202 3614 3392 3683 praelia
3418 3614 3471 3666 vi

1890 3717 2210 3773 superatus,
2285 3721 2353 3760 ex
2404 3704 2776 3775 Hispanorum
2825 3713 2883 3760 et
2950 3704 3210 3759 Afrorum
3275 3704 3481 3760 crebra-

1889 3795 1955 3850 ad
1999 3794 2275 3849 Romanos
2331 3795 2645 3851 defectione
2674 3796 2841 3865 (quod
2869 3795 2919 3851 ei
2969 3795 3124 3867 prius
3156 3796 3470 3851 nuntiatum

1887 3886 2051 3958 423
2081 3901 2243 3956 quam
2269 3886 2570 3954 acciderat)
2599 3904 2856 3958 magnum
2905 3888 3150 3944 dolorem
3191 3889 3376 3959 cepit:
3413 3900 3473 3945 et

1889 3979 1997 4034 sibi
2046 3978 2148 4050 ipsi
2179 3994 2243 4036 ac
2274 3978 2544 4035 militibus
2576 3979 2805 4043 diffisus,
2856 3979 3004 4035 omni
3042 3981 3133 4034 illa
3187 3980 3480 4050 provincia

1890 4071 2102 4137 relicta,
2131 4071 2373 4142 Capuam
2424 4072 2609 4138 rediit,
2648 4081 2815 4143 atque
2842 4073 2969 4129 inde
3014 4073 3178 4128 etiam
3206 4085 3329 4144 post
3359 4075 3474 4130 dis-

1888 4160 2075 4216 cessit.
2110 4162 2179 4215 At
2212 4159 2585 4230 Scipionibus,
2636 4161 2793 4215 Ibero
2839 4176 2998 4217 amne
3039 4161 3150 4233 jam
3187 4174 3468 4235 superato,

1888 4268 2049 4323 agros
2077 4252 2424 4308 vastantibus
2454 4262 2510 4308 et
2536 4253 2703 4309 urbes
2762 4254 3131 4325 capientibus,
3171 4256 3338 4312 etiam
3365 4256 3466 4312 As-

1888 4344 2143 4409 drubale,
2173 4345 2267 4415 qui
2318 4346 2387 4401 ad
2432 4363 2496 4402 ea
2528 4346 2874 4417 prohibenda
2909 4348 3232 4403 festinanter
3276 4363 3476 4404 accnr-

200 4418 423 4484 πόλεως
465 4422 678 4491 ἀπέστη
711 4438 727 4454 ο
774 4423 874 4493 τὴν
906 4424 962 4476 δὲ
993 4423 1178 4496 χώραν
1223 4427 1427 4498 ἔκειρε,
1474 4433 1674 4506 μέχρις
1721 4432 1785 4492 οὗ

1896 4445 2059 4502 rerat,
2094 4438 2210 4492 acie
2244 4436 2411 4503 victo,
2469 4438 2959 4509 Carthaginienses
2980 4440 3282 4511 majoribus
3316 4441 3469 4494 auxi.-

204 4515 356 4581 μάχη
390 4513 536 4566 κατὰ
562 4513 623 4566 τὸ
663 4513 883 4586 ίσχυρδν
926 4518 1160 4588 ἡττήθη,
1192 4520 1280 4588 ἐφ’
1319 4514 1364 4589 ᾧ
1412 4524 1504 4577 καὶ
1552 4526 1781 4597 ἤλγησε.

202 4604 404 4657 Πολλοὶ
439 4603 541 4672 μὲν
569 4605 679 4675 γὰρ
712 4607 949 4677 Ἴϐηρες,
989 4610 1174 4665 πολλοὶ
1202 4614 1258 4666 δὲ
1295 4616 1391 4669 καὶ
1425 4617 1536 4669 τῶν
1566 4621 1784 4675 Λιϐύων

200 4696 572 4764 ἐγκατέλιπον
611 4700 797 4763 αὐτὸν,
826 4705 921 4754 καὶ
955 4704 1091 4774 πρὸς
1120 4708 1245 4769 τοὺς
1283 4709 1594 4779 Ῥωμαίους
1618 4714 1783 4784 ηύτο·

202 4789 484 4860 μόλησαν,
542 4790 570 4844 δ
602 4791 758 4847 οὔπω
793 4796 924 4864 πρὶν
979 4796 1174 4853 ἔπαθε.
1235 4802 1555 4872 Καταγνοὺς
1616 4807 1664 4861 δ’
1717 4810 1784 4863 ἐκ

197 4881 401 4935 τούτου
444 4883 541 4935 καὶ
581 4885 776 4939 ἑαυτοῦ
810 4888 907 4941 καὶ
925 4887 1034 4940 τῶν
1065 4895 1437 4960 στρατιωτῶν,
1468 4900 1649 4952 πᾶσαν
1681 4900 1783 4971 τὴν

197 4973 313 5043 γῆν
340 4975 569 5047 ἐκείνην
604 4977 843 5044 ἐξέλιπε,
874 4982 971 5033 καὶ
997 4980 1079 5044 είς
1100 4982 1198 5052 τὴν
1235 4986 1470 5058 Καπύην
1502 4992 1784 5063 ἀνεχώρη-

199 5083 299 5121 σεν
326 5086 342 5099 ο
398 5064 520 5123 εἶτα
550 5069 809 5124 κάκεῖθεν
859 5073 1117 5142 μετέστη.
1152 5078 1213 5130 Οἱ
1243 5077 1302 5132 δὲ
1345 5081 1648 5148 Σκιπίωνες
1693 5085 1784 5139 τόν

196 5176 260 5213 τε
293 5159 495 5232 Ἴϐηρα
531 5163 778 5233 ποταμὸν
820 5164 1098 5235 διέϐησαν,
1136 5170 1229 5222 καὶ
1267 5171 1366 5242 τὴν
1405 5173 1589 5246 χώραν
1618 5177 1784 5246 ἐπόρ-
1823 5238 1827 5242 ,

196 5253 355 5320 (to-av,
399 5255 499 5309 καὶ
536 5256 720 5331 πόλεις
756 5260 1122 5329 προσήγοντο.
1169 5265 1266 5317 καὶ⁵
1298 5266 1391 5318 τὸν
1449 5269 1783 5341 Ἀσδρούϐαν

196 5345 294 5400 διὰ
334 5345 512 5400 ταῦτα
568 5348 775 5421 σπουδῇ
841 5351 1135 5408 ἐπελθόντα
1193 5356 1340 5429 μάχῃ
1386 5359 1664 5429 ἐνίκησαν.
1718 5365 1782 5418 Ol

201 5437 574 5510 Καρχηδόνιοι
618 5440 696 5507 δὲ,
728 5442 901 5496 ταῦτα
967 5445 1254 5515 μαθόντες,
1314 5455 1410 5504 καὶ
1459 5456 1783 5525 νομίσαντες

198 5529 457 5594 πλείονος
510 5533 604 5585 τον
646 5532 1049 5606 Ἀσδρούϐανῆ
1108 5539 1201 5592 τὸν
1264 5541 1517 5598 Ἀννίϐαν
1571 5547 1782 5601 δεῖσθαι

201 5619 493 5691 βοηθείας,
522 5624 619 5676 καὶ
650 5623 981 5693 φοϐηθέντες
1009 5629 1083 5696 μὴ
1120 5630 1214 5683 καὶ
1246 5633 1301 5697 ἐς
1343 5635 1444 5702 τὴν
1481 5635 1692 5705 Λιϐύην
1730 5638 1781 5691 οἱ

196 5711 518 5781 Σκιπίωνες
549 5714 805 5786 διαϐῆναι
841 5716 1254 5795 ἐπιχειρήσωσι,
1303 5724 1380 5798 τῷ
1421 5726 1522 5799 μὲν
1564 5728 1781 5800 Ἀννίϐα

1885 4528 1975 4583 liis
2003 4528 2320 4595 Asdrubali,
2346 4548 2511 4602 quam
2534 4531 2811 4593 Annibali,
2845 4546 2985 4603 opus
3009 4548 3132 4589 esse
3155 4533 3283 4594 rati.
3312 4542 3370 4589 et
3399 4549 3470 4587 ne
3510 4590 3515 4595 ,

1887 4621 2174 4690 Scipiones
2226 4623 2280 4678 in
2330 4622 2571 4678 Africam
2609 4623 2929 4692 trajicerent
2967 4623 3127 4679 veriti
3153 4664 3168 4685 .
3210 4623 3469 4679 Annibali

1888 4713 2071 4781 parvis
2121 4714 2525 4784 supplementis
2574 4714 2777 4772 missis.
2829 4713 3123 4769 maximam
3180 4714 3467 4783 copiarum

1886 4817 2098 4877 partem
2128 4823 2254 4862 cuin
2287 4806 2515 4878 Magone
2544 4824 2707 4878 quam
2739 4808 3030 4863 celerrime
3058 4809 3113 4864 in
3147 4807 3467 4878 Hi~paniant

1884 4898 2249 4971 ablegarunt:
2282 4899 2542 4970 iubentes
2596 4908 2674 4961 ut,
2743 4900 2909 4954 rebus
2957 4899 3071 4956 illic
3119 4901 3465 4965 constitutis,

1886 4990 2005 5060 ipse
2034 4991 2091 5046 in
2119 4991 2388 5061 praesidiis
2412 5001 2580 5055 esset,
2637 4990 2913 5046 Asdrubal
2943 5001 3127 5046 autem
3160 5006 3286 5046 cum
3310 5007 3471 5046 exer-

1885 5083 1999 5139 citu
2035 5086 2092 5138 in
2128 5083 2338 5139 Italiam
2382 5084 2852 5156 proficisceretur.
2901 5082 3021 5151 Quo
3050 5083 3292 5155 cognito,
3346 5081 3469 5138 Sci-

1885 5177 2081 5246 piones
2111 5192 2290 5245 pugna
2319 5176 2726 5238 abstinuerunt,
2775 5192 2845 5231 ne
2869 5176 3010 5232 forte
3037 5176 3213 5231 victor
3251 5175 3462 5231 Asdru-

1886 5269 1974 5324 bal
2010 5268 2064 5322 in
2093 5268 2303 5324 Italiam
2333 5279 2673 5340 properaret.
2706 5267 2846 5324 Cum
2880 5277 3065 5324 autem
3094 5268 3227 5323 socii
3266 5268 3469 5322 Roma-

1885 5375 2082 5416 norum
2105 5376 2135 5415 a
2149 5361 2703 5433 Carthaginiensibus
2725 5370 3074 5422 vexarentur,
3092 5359 3321 5414 Publius
3340 5372 3468 5412 cum

1885 5453 2141 5508 hostibus
2168 5440 2525 5525 congressus.
2562 5455 2734 5509 vicit:
2774 5452 2956 5509 Coeus
2987 5468 3018 5508 e
3050 5466 3230 5521 pugna
3254 5450 3467 5505 abeun-

1887 5555 1990 5611 tes,
2024 5556 2286 5617 exceptos
2316 5547 2541 5603 occidit.
2571 5548 2653 5604 οι»
2683 5563 2805 5603 eam
2841 5547 3077 5607 cladem,
3127 5554 3182 5598 et
3215 5544 3471 5613 frequen-

1887 5647 1995 5695 tem
2046 5640 2266 5695 urbium
2298 5640 2692 5707 defectionem,
2740 5642 2905 5696 etiam
2953 5638 3099 5693 Afris
3145 5636 3351 5706 aliqum
3401 5639 3470 5693 ad

1884 5729 2167 5787 Romanos
2221 5732 2658 5798 transeuntibus,
2718 5727 2992 5785 Asdrubal
3060 5726 3319 5798 opinione
3372 5746 3475 5786 sua
