4050 6210
448 285 560 347 ’ἔ25

1696 282 2103 345 ANNALIUM
2140 284 2284 346 LIB.
2330 285 2439 345 υἱ.

3605 282 3715 341 ’ῖὲίῖ

451 421 705 472 Ἄννωνα
736 421 867 487 περὶ
905 418 1228 475 Βενεϐεντδν
1264 420 1658 491 ἀπαντήσαντα
1687 422 1738 474 οἱ
1773 422 1838 476 ἐκ
1862 423 2029 492 Βρετ-

2147 398 2333 454 i‘abius
2359 397 2715 468 Campaniam
2739 404 2796 451 et
2820 395 3107 475 Samnium
3142 394 3396 449 vastavit.
3426 395 3713 451 Marcellus

445 514 581 565 τίων
618 514 908 581 ἐτρέψατο.
946 509 1261 565 Κάντεῦθεν
1299 509 1527 582 προῖὼν,
1560 513 1652 566 τόν
1681 531 1739 567 τε
1781 513 2029 567 Ἀννίϐαν

448 604 864 671 παρεφύλαττε,
939 604 1036 655 καὶ
1081 602 1150 655 τὰ
1204 601 1314 657 τῶν
1368 606 1753 672 ἐφεστηκότων
1786 605 2031 674 ἐπόρθει,

448 698 639 758 πόλεις
672 696 732 748 τέ
767 712 922 759 τινας
954 695 1290 750 ἀνεσώσατο.
1324 695 1490 749 Αὐτοὶ
1510 697 1569 750 δέ
1600 697 1651 750 οἱ
1679 695 1876 750 ὕπατοι
1898 698 2035 761 πρὸς

444 786 550 855 τὴν
584 786 917 856 Καμπανίαν
947 786 1271 857 ἐτράποντο,
1328 785 1396 838 ἵν’
1437 786 1610 855 αὐτὴν
1639 790 2035 858 χειρωσάμενοι

453 878 626 948 μηδὲν
668 877 902 930 κατόπιν
950 878 1213 947 πολέμιον
1244 877 1607 944 ύπολίπωσιν,
1644 877 1789 931 οὓτω
1835 896 1895 931 τε
1943 880 2037 932 ἐπὶ

446 972 544 1025 τὸν
594 968 847 1023 ’Λννίϐαν
870 972 1197 1041 χωρήσωσιν
1221 988 1234 1003 ·
1268 968 1388 1025 εἶτα
1421 971 1809 1040 διαιρεθέντες,
1836 972 2037 1034 Φάϐιος

449 1065 559 1134 μὲν
603 1066 673 1118 τά
710 1080 771 1116 τε
821 1063 1070 1128 ἐκείνων,
1103 1063 1174 1117 τά
1203 1081 1263 1117 τε
1298 1064 1392 1117 τοῦ
1422 1064 1660 1133 Σαμνίου
1698 1066 1996 1133 κατέτρεχε
2021 1081 2033 1091 ·

448 1155 782 1227 Μάρκελλος
816 1155 873 1208 δέ
920 1156 1002 1216 είς
1022 1155 1139 1221 ,τὴν
1164 1154 1418 1209 Σικελίαν
1442 1153 1781 1225 ἐπεραιώθη,
1817 1156 1911 1208 καὶ
1937 1154 2036 1218 τὰς

449 1245 818 1315 Συρακούσας
849 1245 1186 1315 ἐπολιόρκει,
1231 1248 1706 1317 προσχωρησάσας
1737 1247 1836 1316 μὲν
1859 1246 2032 1316 αὐτῷ,

449 1332 551 1388 εἶτ’
599 1335 918 1399 ἀποστάσας
960 1335 1282 1406 δόλῳτινῶν
1317 1337 1423 1389 ὑπὸ
1470 1336 1701 1405 ψευδοῦς
1747 1338 2031 1405 ἀγγελίας,

448 1432 548 1481 καὶ
596 1429 666 1481 δι’
712 1428 1000 1497 ἐλαχίστου
1046 1429 1305 1492 ἂνούτάς
1341 1428 1698 1500 ἐχειρώσατο,
1743 1429 1840 1482 καὶ
1893 1430 2035 1483 κατὰ

447 1519 559 1588 γῆν
602 1520 696 1572 καὶ
733 1520 871 1573 κατὰ
910 1520 1189 1575 θάλασσαν
1224 1521 1339 1590 ἅμα
1371 1520 1695 1591 προσϐαλὼν
1719 1522 1799 1590 τῷ
1840 1523 2031 1591 τείχει,

448 1612 505 1663 εἰ
555 1611 633 1681 μὴ
669 1611 701 1663 6
749 1611 1087 1683 Ἀρχιμήδης
1121 1616 1387 1683 μηχαναῖς
1418 1614 1511 1665 ἐπὶ
1537 1613 1792 1665 πλεῖστον
1834 1613 2034 1676 αὐτοὺς

449 1702 715 1772 ἐποίησεν
771 1704 1046 1772 ἀντισχεῖν
1076 1721 1088 1734 ·
1141 1704 1237 1757 καὶ
1281 1703 1459 1765 λίθους
1500 1704 1612 1773 γὰρ
1660 1705 1754 1756 καὶ
1807 1705 2033 1766 ὁπλίτας

450 1796 854 1865 μηχανήμασιν
901 1796 1188 1867 ἀπαρτῶν,
1230 1797 1414 1851 καθίει
1461 1815 1520 1850 τε
1569 1797 1901 1861 ἐξαπιναίως
1935 1798 2034 1851 αύ-

2138 495 2192 550 ἰη
2226 492 2468 552 Siciliam
2500 493 2802 564 profectus,
2845 491 3144 562 Syracusas
3172 489 3411 544 obsedit.
3437 489 3569 555 Qum
3591 506 3714 543 cum

2136 588 2474 644 deditionem
2514 586 2816 651 fecissent,
2853 584 2982 638 dolo
3023 582 3307 653 cujusdam
3344 591 3569 650 propter
3619 582 3719 634 fal-

2134 697 2255 736 sum
2289 682 2544 736 nuntium
2570 679 2754 734 denuo
2785 679 3148 750 defecerunt:
3183 692 3247 730 ac
3278 676 3370 739 iis,
3406 679 3551 729 terra
3601 688 3717 726 ma-

2136 774 2293 845 rique
2330 774 2533 829 mmnia
2562 773 2810 836 adortus,
2853 771 3109 826 facillime
3152 768 3359 839 potitus
3395 775 3578 829 esset,
3614 765 3719 821 nisi

2136 867 2484 926 Archimedis
2513 865 2781 921 machinae
2803 862 3165 918 obstitissent.
3216 861 3351 915 Nam
3385 868 3441 915 et
3468 858 3681 925 lapides
3704 898 3719 921 ,

2136 970 2192 1032 et
2221 959 2429 1013 milites
2461 956 2589 1015 inde
2621 970 2942 1024 suSpensos,
2982 954 3168 1010 subito
3206 962 3261 1007 et
3287 950 3633 1012 demittebat,
3667 958 3723 1002 et

2138 1057 2307 1126 paulo
2339 1064 2620 1109 momento
2660 1052 2995 1105 retrahebat.
3023 1050 3160 1104 Aliis
3192 1062 3414 1117 quoque
3449 1044 3723 1098 machinis

2134 1148 2389 1218 injectis,
2436 1160 2604 1200 naves
2643 1152 2700 1199 et
2746 1156 2929 1197 turres
2986 1143 3334 1197 attraheliat:
3369 1141 3503 1193 etin
3552 1139 3721 1191 altum

2134 1241 2363 1296 eductas
2426 1239 2611 1293 subito
2663 1235 3028 1296 demittebat,
3102 1242 3163 1286 ut
3248 1246 3374 1286 cum
3428 1229 3721 1298 impclnin

2133 1344 2307 1397 aquas
2339 1327 2567 1397 relapsae
2612 1334 3015 1396 mergerent‘ur.
3044 1322 3292 1392 Denique
3327 1329 3493 1377 totam
3518 1320 3722 1373 Roma-

2134 1436 2331 1476 norum
2372 1420 2606 1474 classem
2651 1416 2977 1471 mirabiliter
3025 1416 3254 1469 exussit.
3300 1411 3537 1482 Speculo
3576 1409 3722 1464 enim

2133 1510 2370 1583 quodam
2418 1523 2611 1563 versus
2665 1507 2833 1562 solem
2878 1519 3177 1574 suspenso.
3230 1500 3414 1556 radios
3460 1499 3721 1566 excepit;

2131 1621 2372 1677 aereque
2407 1605 2479 1660 ob
2507 1603 2840 1671 densitatem
2872 1611 2927 1655 et
2977 1599 3257 1655 levitatem
3295 1593 3507 1664 speculi
3548 1606 3615 1645 ex
3651 1590 3724 1644 iis

2134 1701 2303 1757 radiis
2332 1700 2576 1760 incenso,
2627 1696 2828 1758 ell'ecit,
2873 1704 2933 1748 ut
2976 1695 3167 1763 ingens
3203 1689 3420 1744 ﬂamma
3467 1692 3616 1739 recta
3663 1682 3717 1735 in

2135 1807 2302 1848 naves
2330 1791 2479 1846 illata
2501 1805 2695 1844 omnes
2724 1803 2821 1842 eas
2848 1793 3139 1841 crcmaret.
3182 1780 3473 1836 Marcellus
3527 1775 3722 1839 igitur.

447 1891 608 1952 τοὺς.
643 1892 739 1944 καὶ
772 1889 989 1945 ἀνέστια
1019 1893 1087 1945 δι’
1116 1892 1321 1961 ὀλίγου.
1347 1894 1488 1957 Ταῖς
1509 1894 1567 1946 δὲ
1598 1900 1758 1946 ναυσι
1786 1894 1882 1947 καὶ
1912 1895 2037 1955 ταῖς

2147 1885 2211 1940 ob
2259 1882 2609 1939 Archimedis
2638 1879 2918 1951 ingenium
2955 1875 3365 1948 egpugnatione
3406 1872 3719 1940 desperata.

453 1982 830 2052 πυργοφόροις
858 1984 1052 2052 ἐτέρας
1086 1984 1451 2057 ἐπιρρίπτων,
1491 1986 1706 2039 ἀνεῖλκέ
1738 2002 1798 2039 τε
1842 1985 2036 2051 αὐτὰς,

451 2073 554 2127 καὶ
607 2075 952 2144 μετεωρίζων
1001 2076 1217 2147 ἀθρόως
1260 2076 1435 2146 ἠφίει,
1473 2076 1612 2132 ὥστε
1657 2073 2039 2144 ἐμπιπτούσας

452 2166 539 2226 είς
570 2164 632 2217 τὸ
667 2165 810 2236 ὕδωρ
845 2166 992 2238 ῥύμῃ
1049 2167 1434 2237 βαπτίζεσθαι.
1472 2170 1582 2222 Καὶ
1626 2169 1779 2232 τέλος
1814 2167 2039 2239 σύμπαν

452 2255 517 2308 τὸ
546 2258 805 2311 ναυτικὸν
853 2260 961 2313 τῶν
997 2260 1290 2331 Ῥωμαίων
1331 2262 1652 2333 παραδόξως
1696 2261 2037 2331 κατέπρησε.

457 2347 782 2419 Κάτοπτρον
801 2350 908 2423 γάρ
941 2368 993 2404 τι
1018 2353 1153 2422 πρὸς
1185 2354 1275 2406 τὸν
1303 2353 1455 2424 ἦλιον
1499 2354 1835 2416 ἀνεκτείνας,
1866 2354 1965 2422 τήν
1981 2369 2042 2404 τε

459 2438 659 2492 ἀκτῖνα
714 2442 882 2496 αὐτοῦ
933 2446 990 2507 ἐς
1048 2444 1184 2497 αὐτὸ
1238 2445 1567 2510 είσεδέξατο,
1620 2445 1715 2499 καὶ
1769 2444 1861 2497 τὸν
1903 2445 2043 2514 ἀέρα

455 2530 556 2586 ἀπ’
587 2533 760 2604 αὐτῆς
800 2538 862 2604 τῇ
924 2537 1219 2606 πυκνότητι
1275 2539 1371 2591 καὶ
1425 2540 1491 2606 τῇ
1542 2537 1781 2608 λειότητι
1812 2535 1907 2590 τοῦ
1939 2553 2040 2590 κα-

453 2619 700 2691 τόπτρου
736 2625 1018 2695 πυρώσας,
1051 2626 1225 2696 φλόγα
1258 2644 1318 2679 τε
1354 2627 1601 2698 μεγάλην
1640 2625 1923 2692 ἐξέκαυσε,
1943 2628 2038 2680 καὶ

456 2711 853 2786 πᾶσαναὺτὴν
897 2719 955 2779 ἐς
1001 2718 1102 2779 τὰς
1128 2717 1260 2779 ναῦς
1300 2718 1405 2773 ὑπὸ
1438 2716 1537 2787 τὴν
1572 2715 1669 2769 τοῦ
1705 2718 1875 2786 πυρὸς
1919 2715 2038 2768 ὁδὸν

2143 1976 2507 2035 diuturnitate
2535 1973 2839 2029 obsidionis
2864 1980 2921 2025 et
2953 1970 3095 2025 fame
3127 1966 3320 2024 urbem
3355 1963 3722 2018 domaresta.

2146 2071 2290 2136 luit,
2325 2084 2501 2139 eaque
2531 2065 2772 2123 Pulchro
2804 2065 3058 2118 mandata
3081 2100 3097 2123 ,
3135 2061 3252 2130 ipse
3295 2057 3361 2113 ad
3398 2051 3729 2110 deiectionis

2141 2178 2335 2219 eorum
2379 2161 2559 2217 socios
2601 2174 2661 2214 se
2700 2155 2972 2212 convertit
3007 2171 3020 2208 :
3066 2168 3132 2207 ac
3160 2148 3563 2222 paenitentibus
3590 2160 3724 2202 con-

2143 2271 2300 2311 cessa
2346 2253 2547 2316 venia,
2598 2249 2767 2323 525
2815 2246 3135 2303 resistentes
3185 2258 3378 2313 aspere
3436 2237 3725 2315 tractavit;

2145 2348 2346 2401 multas
2394 2343 2559 2399 urbes
2614 2343 2691 2399 vi.
2728 2337 2991 2409 quasdam
3025 2333 3337 2406 proditione
3374 2331 3536 2400 cepit.
3573 2328 3725 2382 Inte~

2145 2438 2250 2493 rim
2288 2434 2524 2490 Himilco
2545 2430 2876 2499 Carthagine
2904 2443 3028 2483 cum
3058 2423 3301 2480 exercitu
3333 2420 3641 2491 profectus,
3673 2427 3729 2473 et

2145 2530 2443 2601 Agrigento
2489 2537 2546 2580 et
2608 2524 2868 2579 Heraclea
2923 2515 3246 2587 occupatis,
3305 2513 3369 2568 ad
3426 2511 3729 2583 Syracusas

2143 2600 2493 2690 progressus.
2525 2624 2581 2670 et
2604 2615 2782 2670 victus
2807 2619 2914 2675 est,
2943 2619 3002 2667 et
3033 2607 3272 2663 vicissim
3300 2605 3433 2659 vicit
3459 2621 3473 2656 :
3509 2610 3564 2657 et
3594 2600 3729 2655 snb~

2142 2712 2220 2767 ito
2249 2708 2489 2765 Marcelli
2521 2713 2857 2777 superventu
2889 2701 3074 2756 denuo
3098 2696 3409 2753 succubuit.

454 2775 740 2875 ὁρμούάας
789 2775 1035 2869 ἐνέϐαλε,
1082 2775 1181 2863 καὶ
1224 2775 1403 2872 πάσας
1449 2775 1813 2862 κατέκαυσεν.
1858 2775 2205 2872 ⁷Ἀιτιογνοίις
2257 2799 2350 2853 οὖν
2394 2802 2419 2852 6
2485 2775 2804 2865 Μάρκελλος
2848 2792 2947 2858 τὴν
3016 2789 3168 2844 πόλιν
3239 2787 3492 2859 αἱρήσειν
3537 2784 3623 2836 διὰ
3669 2775 3731 2831 ab

453 2872 558 2952 τοῦ
593 2901 958 2972 Ἀρχιμήδους
992 2903 1324 2974 εὐμήχανον,
1356 2902 1503 2973 λιμῷ
1567 2902 1763 2964 αὐτοὺς
1787 2899 2081 2969 κατασχεῖν
2119 2899 2185 2949 ἐκ
2231 2872 2556 2965 προσεδρίας
2629 2886 2981 2956 διεμελέτησε
3015 2902 3028 2914 ·
3082 2883 3177 2937 καλ⁸
3220 2880 3425 2943 ταύτας
3476 2881 3575 2949 μὲν
3648 2878 3727 2944 τῷ

462 2996 733 3067 Πούλχρῳ
757 2997 1079 3068 ἐπέτρεψεν,
1142 2998 1303 3061 αὐτὸς
1333 2997 1377 3052 δ’
1416 2997 1510 3050 ἐπὶ
1539 2996 1666 3058 τοὺς
1698 2992 2140 3053 συναποστάντας
2184 2987 2369 3059 σφίσιν
2416 2984 2684 3056 ἐτράπετο
2711 2995 2722 3010 θ
2793 2979 2891 3033 καὶ
2930 2980 3065 3037 χτοῖς
3135 2975 3235 3044 μὲν
3299 2970 3715 3043 γναδσιμαχοῦσι

461 3060 803 3158 συγγνώμην
837 3060 1021 3157 ινὲμὲ,
1051 3060 1174 3149 τοὺς
1202 3088 1247 3141 δ’
1311 3088 1742 3157 ἀνθισταμένους
1813 3082 2219 3155 μετεχειρίζετο
2307 3075 2585 3150 χαλεπῶς.
2633 3073 2729 3125 καὶ
2767 3071 2969 3140 συχνὰς
3039 3067 3140 3137 μὲν
3180 3066 3288 3120 τῶν
3370 3063 3576 3118 πόλεων
3605 3060 3721 3133 βίᾳ,

460 3155 621 3243 τινάς
653 3155 711 3234 δέ
738 3155 831 3233 καὶ
860 3155 1119 3250 προδοσίᾳ
1144 3181 1290 3251 ᾔρει.
1332 3182 1422 3234 Ἐν
1455 3155 1666 3242 τούτοις
1703 3180 1747 3232 δ’
1788 3178 2044 3249 Ἰμίλκων
2083 3179 2148 3229 ἐκ
2215 3169 2563 3243 Καρχηδόνος
2593 3167 2689 3221 σὺν
2754 3162 2967 3235 στρατῷ
2996 3156 3123 3234 ἧκε,
3154 3160 3246 3213 τὸν
3285 3155 3634 3227 Ἀκράγαντα
3665 3170 3726 3205 τε

461 3278 724 3345 κατέσχε,
752 3276 848 3328 καὶ
879 3248 976 3344 τὴν
1021 3248 1367 3345 Ἡράκλειαν,
1401 3275 1655 3345 καὶπρὸς
1678 3271 2030 3343 Συρακούσας
2070 3266 2264 3331 ἐλθὼν,
2330 3264 2538 3335 ἡττήθη
2562 3277 2621 3313 τε
2656 3260 2752 3315 καὶ
2776 3257 2873 3313 ἀντ
2886 3256 3233 3327 επεκράτησε
3268 3267 3285 3287 ο
3319 3250 3413 3305 καὶ
3447 3248 3540 3302 τοῦ
3573 3248 3730 3316 Marp.

463 3368 663 3424 κὲλλου
707 3366 971 3438 ἐξαπίνης
1024 3365 1174 3437 αύτῷ
1220 3367 1668 3437 προσπεσόντος,
1728 3363 1886 3429 αὖθις
1939 3361 2192 3434 ἐνικήθη.

539 3486 616 3540 E'.
657 3485 939 3538 Ἐντεῦθεν
962 3485 990 3536 6
1016 3484 1338 3551 Μάρκελλος
1362 3486 1483 3545 ταῖς
1509 3483 1881 3550 Συρακούσαις
1909 3482 2043 3550 ἐφή-

2224 3475 2289 3530 ν.
2327 3472 2541 3529 Dehinc
2565 3469 2856 3526 Marcellus
2887 3464 3179 3538 Syracusis
3199 3459 3426 3527 assedit,
3461 3458 3730 3514 Annibale

464 3578 701 3644 δρευενσ
757 3576 784 3626 ὁ
829 3574 876 3624 δ’
918 3574 1165 3635 Ἀννίϐας
1199 3575 1257 3626 ἐν
1298 3575 1362 3644 τῇ
1412 3572 1702 3643 Κάλαϐρία
1751 3571 2041 3640 διέτριϐεν.

465 3670 534 3721 Oi
573 3666 758 3736 μέντοι
810 3664 1076 3732 Ῥωμαῖοι
1116 3664 1288 3717 πολλὰ
1334 3660 1489 3725 αὖθις
1532 3664 1627 3716 καὶ
1662 3663 1898 3733 δυσχερῆ
1952 3678 2046 3714 πε-

468 3760 736 3815 πόνθασιν
768 3773 782 3788 ο
817 3756 952 3809 οἵτε
976 3758 1086 3828 γὰρ
1120 3756 1318 3810 ὕπατοι
1359 3757 1497 3828 πρὸς
1525 3760 1591 3828 τῇ
1620 3758 1821 3825 Καπύῃ
1856 3754 2047 3808 ἔπται-

470 3873 599 3921 σαν,
632 3854 726 3907 καὶ
754 3853 781 3905 6
813 3853 1060 3923 Γράκχος
1085 3853 1142 3904 ἐν
1168 3854 1236 3920 τῇ
1269 3851 1549 3922 Λευκανίᾳ
1572 3850 1840 3915 ἀπώλετο,
1870 3851 1962 3902 καὶ
1998 3849 2048 3902 οί

469 3948 805 4020 Ταραντῖνοι
833 3947 928 3998 καὶ
948 3945 1110 3999 ἄλλαι
1134 3945 1318 4008 πόλεις
1345 3944 1661 4011 ἀπέστησαν
1697 3961 1710 3974 ·
1745 3944 1836 3996 καὶ
1860 3945 1888 3995 6
1927 3942 2049 3996 ’Λν-

467 4042 652 4104 νίϐας,
674 4038 1037 4108 κατεπτηχὼς
1062 4038 1433 4109 πρότερον,“ἐν
1455 4038 1520 4107 τῇ
1539 4035 1736 4105 Ἰταλίᾳ
1759 4052 1817 4088 τε
1842 4034 2051 4103 ἔμεινε,

470 4135 570 4188 καὶ
613 4134 706 4186 ἐπὶ
733 4133 832 4201 τὴν
872 4130 1098 4201 Ῥώμην
1130 4130 1485 4209 ἐστράτευσε,
1524 4130 1620 4183 καλ⁸
1668 4131 1717 4183 οί
1749 4130 2052 4190 Σκιπίωνες

470 4227 642 4295 ἄμφω
657 4223 927 4276 διώλοντο.
957 4222 1251 4293 Ἐπαρθεὶς
1271 4217 1364 4275 οὖν
1391 4222 1482 4274 ἐπὶ
1506 4222 1718 4285 τούτοις
1743 4224 1770 4275 6
1804 4220 2053 4283 Ἀννίϐας

473 4314 804 4383 ἐπεχείρησε
834 4316 898 4381 τῇ
926 4311 1128 4382 Καπύῃ
1154 4312 1443 4381 βοηθῆσαι,
1470 4313 1561 4364 καὶ
1592 4307 1723 4382 ἦλθε
1758 4310 1920 4381 μέχρι
1952 4309 2054 4362 Βε-

476 4402 759 4458 νεϐεπιτοῦ.
799 4402 902 4454 Τὸν
950 4403 1005 4454 δὲ
1059 4402 1328 4456 Κλαύδιον
1378 4404 1458 4466 είς
1510 4403 1609 4467 τὴν
1652 4401 1959 4455 Λευκανίαν
1992 4403 2056 4454 ὲκ

470 4495 573 4549 τοῦ
595 4494 829 4564 Σαμνίου
876 4493 965 4546 διὰ
1001 4495 1095 4546 τὸν
1125 4494 1219 4547 τοῦ
1250 4494 1502 4565 Γράκχου
1529 4494 1761 4548 θάνατον
1782 4492 2056 4563 ἀπεληλυ-

468 4582 634 4635 θέναι
662 4580 989 4650 πυθόμενος,
1020 4584 1117 4635 καὶ
1143 4582 1399 4653 φοϐηθεὶς
1437 4584 1511 4654 μή
1568 4600 1690 4636 τινα
1717 4584 1889 4653 αὐτῆς
1922 4600 2056 4652 σερε-

473 4671 789 4741 τερίσηται,
835 4672 1022 4725 οὐκέτι
1074 4674 1384 4741 περαιτέρω
1437 4672 1906 4744 προσεχώρησεν
1970 4674 2059 4728 ἐπ’

476 4764 691 4816 ἐκεῖνον
735 4764 780 4816 δ’
817 4764 1107 4833 ἐτράπετο.
1145 4762 1268 4816 Τῶν
1302 4764 1618 4819 Σκιπιώνων
1653 4765 1711 4818 δὲ
1763 4765 2051 4830 θανόντων,

477 4855 631 4908 πᾶσα
679 4856 714 4922 ἡ
773 4852 982 4923 Ἰϐηρία
1016 4854 1343 4923 τετάρακτο.
1391 4854 1503 4908 Καὶ
1544 4856 1592 4908 οἱ
1650 4852 1748 4923 μὲν
1793 4855 2055 4916 ἑκουσίως

477 4943 619 5012 πρὸς
650 4943 779 5005 τοὺς
813 4942 1219 5013 Καρχηδονίους
1248 4942 1561 5007 ἀπέκλινον,
1606 4944 1655 4997 οἱ
1682 4944 1739 4996 δὲ
1763 4946 1858 4997 καὶ
1885 4944 2056 5011 ἀναγ-

478 5032 799 5101 καζόμενοι,
833 5035 881 5087 εἰ
930 5034 1027 5086 καὶ
1076 5034 1304 5104 ὓστερον
1345 5029 1500 5095 αὖθις
1565 5032 1702 5104 πρὸς
1752 5036 1877 5097 τοὺς
1918 5036 2059 5089 Ῥω-

484 5125 680 5196 μαίους
717 5126 1043 5180 ἀπένευσαν.
1090 5127 1148 5181 Ὀ
1197 5124 1255 5178 δὲ
1314 5124 1658 5196 Μάρκελλος,
1716 5127 1840 5179 ἐπεὶ
1890 5127 2059 5197 μηδὲν

481 5215 843 5287 προσϐάλλων
867 5219 992 5280 ταῖς
1021 5217 1402 5288 Συρακούσαις
1427 5217 1708 5289 ἐπέραινε,
1732 5218 1974 5273 τοιοῦτόν
2004 5236 2056 5273 τι

479 5308 807 5379 ἐπενόησεν.
842 5303 953 5362 Ἦν
1004 5327 1058 5363 τι
1102 5312 1215 5374 τοῖς
1263 5310 1656 5381 Συρακουσίοις
1703 5310 1798 5364 τοῦ
1844 5313 2061 5380 τείχους

480 5399 779 5470 ἐπίμαχον,
801 5398 834 5453 ὃ
865 5399 1187 5471 Γαλεάγραν
1209 5400 1520 5471 ὠνόμαζον,
1555 5401 1586 5455 6
1613 5403 1741 5471 πρῖν
1773 5402 1874 5471 μὲν
1902 5402 2062 5455 ἐλᾶν-

476 5490 616 5544 θανε
668 5491 915 5549 τοιοῦτον
963 5491 1045 5559 ὃν,
1082 5492 1207 5546 τότε
1244 5491 1303 5547 δὲ
1351 5492 1634 5564 ἐφωράθη.
1673 5493 1927 5564 Τηρήσας
1968 5488 2061 5547 οὖν

2147 3568 2202 3622 in
2227 3565 2481 3622 Calabria
2511 3568 2772 3617 versante
2799 3575 2815 3613 :
2849 3555 3085 3616 Romani
3109 3562 3296 3610 autem
3312 3552 3504 3607 «denuo
3533 3548 3734 3602 Inultas

2147 3658 2332 3715 clades
2364 3661 2722 3724 acceperunt.
2753 3651 2891 3707 Nam
2920 3657 2976 3706 et
2994 3661 3147 3704 coss.
3185 3645 3252 3701 ad
3279 3643 3524 3713 Capuam
3553 3641 3731 3708 impe—

2147 3759 2367 3824 gerunt,
2391 3748 2747 3805 etGraoebus
2772 3745 2828 3799 in
2847 3742 3095 3799 Lucania
3134 3737 3320 3809 periit,
3353 3745 3410 3791 et
3439 3731 3728 3789 Tarentini

2149 3852 2315 3913 atque
2362 3842 2482 3896 alia:
2533 3839 2699 3893 urbes
2739 3836 3102 3892 defecerunt:
3149 3840 3206 3885 et
3252 3826 3485 3884 Annibal
3518 3824 3729 3879 dudum

2151 3937 2399 3993 territus.
2427 3934 2479 3987 in
2509 3930 2663 3986 Italia
2693 3928 2917 3989 mansit,
2941 3935 2997 3980 et
3027 3931 3215 3979 contra
3240 3920 3469 3976 Romam
3493 3924 3580 3972 est
3605 3931 3730 3987 prce

2151 4029 2332 4083 fectus
2364 4044 2378 4080 :
2415 4033 2472 4080 et
2518 4022 2681 4077 ambo
2708 4019 3006 4089 Scipiones
3040 4015 3344 4084 perierunt.
3419 4009 3519 4064 llis
3560 4009 3730 4061 rebus

2151 4122 2332 4177 elatus
2357 4116 2593 4175 Annibal
2618 4157 2633 4175 .
2668 4128 2828 4185 opem
2864 4112 3008 4166 ferre
3028 4110 3229 4178 Capua:
3259 4113 3526 4166 statuens,
3558 4101 3731 4154 Bene-

2153 4224 2375 4273 ventum
2396 4225 2570 4280 usque
2587 4206 2870 4278 processit.
2898 4202 3004 4259 Sed
3028 4211 3151 4257 cum
3178 4196 3420 4252 audisset
3440 4191 3728 4250 Claudium

2150 4304 2228 4357 ob
2257 4301 2489 4357 Gracchi
2538 4307 2768 4354 mortem
2803 4311 2834 4350 e
2871 4291 3094 4348 Samnio
3122 4290 3177 4344 in
3198 4288 3499 4343 Lucanam
3553 4292 3731 4336 trans-

2157 4397 2289 4459 isse,
2316 4395 2531 4450 veritus
2588 4407 2655 4446 ne
2687 4405 2793 4460 qua
2841 4388 2953 4442 illic
3001 4387 3121 4441 loca
3183 4381 3469 4443 alienaret,
3524 4373 3733 4431 omisso

2158 4489 2381 4547 itinere,
2400 4493 2594 4541 contra
2623 4482 2775 4537 illum
2806 4496 2864 4536 se
2893 4475 3188 4533 convertit.
3210 4470 3527 4541 Scipionum
3562 4467 3727 4527 inter-

2156 4580 2237 4634 itu
2303 4587 2413 4633 tota
2486 4573 2747 4646 Hispania
2812 4581 2895 4626 es‘
2940 4567 3218 4628 turbata:
3275 4561 3369 4618 alii
3413 4562 3583 4622 ultro,
3641 4556 3730 4611 alii

2162 4671 2214 4725 vi
2240 4668 2439 4731 coacti,
2458 4681 2584 4721 eum
2619 4659 3170 4731 Carthaginiensibus
3199 4669 3258 4710 se
3280 4652 3694 4723 coniunxerunt
3718 4685 3731 4707 .

2163 4764 2257 4835 qui
2288 4770 2412 4833 post
2433 4760 2500 4815 ad
2524 4758 2900 4814 Romanorum
2930 4750 3232 4805 amicitiam
3256 4746 3562 4802 redierunt.
3592 4741 3735 4797 Mar-

2160 4858 2331 4912 cellus
2364 4868 2491 4909 eum
2521 4851 2822 4923 Syracusas
2851 4844 3218 4916 oppugnando
3253 4838 3389 4896 nihil
3424 4838 3735 4908 proﬁceret.

2163 4944 2478 5019 hujusmodi
2524 4957 2639 4997 rem
2685 4935 3035 4994 machinatus
3080 4945 3187 4990 est.
3236 4933 3368 4991 Erat
3407 4924 3736 5001 Syracusani

2164 5036 2305 5091 muri
2332 5043 2461 5105 pars
2486 5046 2680 5102 parum
2710 5030 2886 5094 ﬁrma,
2907 5043 3071 5099 quam
3093 5024 3417 5093 Galeagram
3440 5018 3737 5074 vocabant:

2162 5128 2309 5199 quod
2349 5142 2476 5181 curn
2506 5124 2658 5195 prius
2690 5123 3000 5193 ignoratum
3032 5125 3215 5181 esset,
3250 5126 3366 5171 tum
3396 5110 3740 5183 animadver-

2164 5235 2287 5274 sum
2315 5226 2421 5274 est.
2462 5217 2604 5272 Toto
2635 5214 2804 5287 igitur
2838 5211 3042 5283 popqu
3070 5210 3420 5282 Syracusano
3444 5202 3736 5260 nocturnis

2159 5310 2344 5364 Diana:
2372 5308 2550 5366 sacris
2590 5316 2891 5378 operante,
2925 5304 3133 5360 milites
3171 5302 3382 5372 aliquot
3407 5302 3634 5353 murum
3670 5293 3737 5346 il—

2162 5402 2273 5456 lum
2319 5399 2713 5457 transcendere
2765 5398 2953 5470 jussit.
3011 5396 3269 5464 Quicum
3308 5402 3496 5464 portas
3527 5390 3739 5459 aliquot

2159 5493 2542 5564 aperuissent,
2588 5502 2755 5563 atque
2789 5491 2897 5547 alii,
2933 5505 3156 5563 quoque
3200 5490 3535 5561 intrassent.
3573 5484 3740 5538 simul

477 5584 613 5648 τοὺς
645 5584 1052 5656 Συρακουσίους
1084 5584 1389 5657 παννυχίδα
1414 5588 1483 5658 τῇ
1522 5585 1803 5657 Ἀρτέμιδι
1829 5588 2044 5655 ἄγοντας

2160 5605 2371 5653 οωιιεε,
2398 5599 2504 5644 tam
2528 5587 2624 5659 qui
2653 5590 2804 5643 intus
2825 5601 2989 5657 quam
3007 5584 3103 5654 qui
3130 5580 3267 5637 foris
3287 5586 3472 5640 erant,
3493 5592 3562 5631 ex
3585 5591 3733 5632 conv

484 5675 790 5747 πανδημεὶ,
824 5676 1079 5732 ἐκέλευσε
1108 5677 1471 5749 στρατιώταις
1500 5678 1608 5732 τισὶ
1644 5679 1763 5733 κατ’
1800 5679 1976 5732 ἐκεῖνο
2003 5679 2062 5732 τὸ

2156 5680 2344 5751 posito
2371 5682 2664 5737 clamorem
2686 5678 3052 5746 sustulerunt,
3077 5676 3250 5733 hastis
3276 5673 3495 5745 clypeos
3514 5670 3726 5745 pulsan-
