4050 6210
392 295 500 360 ’ἰΞἿ

1658 300 1989 362 JOANNIS
2024 299 2348 360 ZONARE

3533 296 3644 358 738

392 430 494 476 ιο».
511 423 566 474 et
587 413 816 470 classica
830 415 1173 470 cecinerunt.
1196 414 1410 483 Quibus
1432 415 1597 470 rebus
1614 415 1976 490 Syracusanis

2081 417 2280 490 χωρίον
2306 417 2607 488 ὑπερϐῆναι
2654 416 2712 470 sb
2745 417 2942 487 τεῖχος.
2993 415 3111 470 lii:
3149 414 3349 470 τούτου
3391 413 3557 468 πύλαι
3587 417 3645 467 τέ

389 515 496 578 jam
519 509 648 563 vino
667 508 950 580 gravibus,
971 509 1156 564 subito
1185 509 1486 572 exterritis,
1511 509 1641 564 urbs
1676 521 1832 580 capta
1860 523 1966 576 est,

396 612 595 670 praeter
646 600 975 656 Acradinam
1029 611 1086 658 et
1142 603 1400 657 Insulam.
1458 602 1742 657 Marcellus
1786 615 1971 673 partes

393 707 581 764 captas
639 693 862 762 diripit,
913 695 1156 764 reliquas
1209 704 1602 764 oppugnatzet
1653 710 1967 765 quanquam

395 801 519 838 eum
551 785 741 838 labore
780 793 836 838 et
870 783 1045 847 tarde,
1082 794 1262 837 tamen
1290 784 1456 854 capit.
1491 784 1704 850 Quibus
1739 785 1970 839 Romani

396 877 572 947 pot-iti.
608 886 806 945 praeter
833 875 972 930 alios
1001 877 1226 939 mullos,
1255 875 1421 931 etiam
1454 876 1840 930 Archimedem
1873 891 1969 930 oc-

394 970 668 1025 ciderunt.
717 969 852 1024 Nam
883 984 1006 1023 cum
1039 968 1268 1036 ﬁguram
1304 969 1596 1038 quamdam
1631 969 1969 1034 dclinearet,

393 1071 449 1114 et
477 1059 664 1113 hostes
697 1058 890 1114 adesse
923 1059 1181 1113 audiret:
1216 1059 1423 1130 Caput,
1483 1059 1696 1130 inquit,
1750 1069 1970 1129 petant,

396 1154 593 1206 lineam
628 1168 730 1205 non
755 1159 974 1220 petant;
999 1167 1061 1207 ac
1093 1152 1322 1206 militem
1347 1153 1458 1223 jam
1485 1164 1752 1208 astantem
1778 1169 1970 1224 parum

395 1245 609 1300 curavit
631 1286 644 1310 ,
674 1245 741 1299 ab
769 1259 966 1314 eoque,
997 1244 1141 1314 quod
1170 1260 1198 1298 a
1242 1245 1387 1299 linea
1413 1243 1697 1300 discedere
1717 1244 1972 1315 jussisset

398 1339 560 1399 irato,
579 1351 754 1391 cassus
782 1345 884 1392 est.
907 1335 1212 1400 Marcellus,
1229 1335 1515 1408 Syracusis
1543 1335 1890 1406 expugnatis,
1918 1343 1974 1389 et

399 1445 590 1500 magna
637 1428 802 1499 426
847 1427 1046 1484 Siciliae
1103 1439 1254 1498 parte
1314 1439 1672 1498 recuperata,
1726 1443 1973 1498 magnam

397 1520 613 1575 laudem
643 1527 930 1575 assecutus
949 1527 1054 1582 est,
1074 1527 1128 1573 et
1158 1534 1272 1574 eos.
1296 1518 1634 1589 designatus.
1663 1518 1796 1573 Nam
1835 1518 1975 1572 Tor-

399 1615 628 1675 quatum
686 1607 765 1663 illi
809 1608 1058 1677 quidem,
1090 1608 1185 1663 filii
1213 1609 1297 1664 sui
1331 1608 1768 1669 interfectorem.
1797 1608 1978 1678 elege-

401 1711 526 1755 rant
550 1718 563 1755 :
590 1701 683 1756 sed
708 1717 832 1757 cum
861 1702 952 1757 ille
976 1703 1501 1772 recusasset(neque
1525 1703 1671 1758 enim
1703 1717 1761 1756 se
1788 1701 1974 1772 populi

2075 529 2217 574 τινες
2263 511 2356 564 ὑπ’
2397 510 2578 564 αὐτῶν
2610 508 2987 580 ἀνεῴχθησαν,
3019 507 3112 559 καὶ
3154 505 3506 560 εἰσελθόντων
3549 507 3647 559 καὶ

2075 602 2308 673 ἐτέρων,
2365 601 2482 671 ἅμα
2550 601 2752 665 πάντες
2795 601 2904 654 ἀπὸ
2960 598 3210 666 σημείου,
3271 599 3365 651 καὶ
3427 599 3477 651 oi
3540 597 3652 650 ἔσω

2075 697 2170 748 καὶ
2200 694 2249 746 οἱ
2281 694 2410 758 ἔξω,
2441 693 2778 764 συνεϐόησαν
2805 693 2898 746 καὶ
2928 693 3040 754 τοῖς
3070 690 3260 760 δόρασι
3287 688 3384 749 τὰς
3411 689 3649 750 ἀσπίδας

2076 785 2467 853 συνέκρουσαν,
2528 784 2621 836 καὶ
2681 783 2732 836 οἱ
2777 781 3112 850 σαλπιγκταὶ
3189 780 3644 849 προσεπήχησαν.

2075 879 2217 931 ὥστε
2252 876 2458 948 ἁθρόαν
2493 877 2594 948 τὴν
2640 876 2906 944 ἔκπληξιν
2951 876 3066 937 τοῖς
3099 871 3490 943 Συρακουσίοις
3525 871 3649 939 μηδ’

2074 969 2250 1032 ἄλλως
2279 969 2339 1022 εὖ
2377 969 2592 1040 ἔχουσιν
2629 969 2733 1022 ὑπὸ
2766 967 2941 1038 μέθης
2973 964 3274 1035 συμϐῆναι,
3300 961 3396 1016 καὶ
3425 961 3522 1032 τὴν
3554 961 3650 1014 πό-

2074 1064 2156 1117 λιν
2180 1063 2404 1127 ἁλῶναι,
2447 1062 2585 1132 πλὴν
2614 1066 2712 1134 τῆς
2738 1061 3060 1131 Ἀχραδινῆς
3088 1061 3179 1113 καὶ
3213 1061 3309 1125 τῆς
3335 1057 3517 1127 Νήσου
3549 1074 3651 1108 κα-

2075 1157 2363 1226 λουμένης.
2393 1155 2454 1208 '0
2491 1154 2584 1208 οὖν
2626 1153 2942 1225 Μάρκελλος
2986 1152 3052 1205 τά
3086 1169 3144 1204 τε
3185 1149 3466 1205 ἑαλωκότα
3497 1149 3651 1218 διήρ-

2079 1265 2218 1302 πασε
2259 1248 2489 1311 καὶτοῖς
2537 1246 2611 1318 μὴ
2650 1245 2837 1300 ἁλοῦσι
2869 1244 3194 1316 προσέϐαλε,
3231 1243 3326 1296 καὶ
3361 1243 3458 1296 σὺν
3507 1242 3655 1310 πόνῳ

2081 1343 2179 1412 μὲν
2203 1343 2294 1395 καὶ
2321 1340 2519 1411 χρόνῳ,
2554 1341 2704 1408 ὅμως
2731 1339 2776 1392 δ’
2808 1338 2901 1392 οὖν
2924 1341 3020 1393 καὶ
3049 1337 3162 1392 τῶν
3195 1337 3399 1390 λοιπῶν
3428 1335 3528 1404 τῆς
3555 1335 3655 1386 Συ-

2081 1431 2354 1503 ρακούσης
2395 1431 2721 1501 ἐκράτησεν.
2765 1430 3085 1500 Ἐγκρατεῖς
3114 1429 3169 1482 δέ
3197 1427 3402 1481 τούτων
3437 1427 3484 1479 οἱ
3521 1427 3630 1478 Ῥω

2082 1525 2230 1590 μαῖοι
2262 1521 2550 1590 γενόμενοι
2581 1520 2777 1582 ἄλλους
2806 1537 2866 1574 τε
2904 1519 3155 1582 πολλοὺς,
3199 1519 3296 1572 καὶ
3333 1519 3424 1570 τδν
3471 1518 3656 1586 Ἀρχιο

2082 1615 2258 1683 μήδην
2294 1614 2650 1666 ἀπέκτειναν.
2695 1612 3030 1682 Διάγραμμα
3059 1611 3170 1680 γάρ
3211 1628 3264 1662 τι
3313 1609 3663 1678 διαγράφων,

2080 1706 2175 1757 καὶ
2201 1705 2444 1768 ἀκούσας
2475 1704 2601 1762 τοὺς
2647 1705 2942 1774 πολεμίους
2985 1702 3332 1772 ἐφίστασθαι,
3372 1702 3534 1766 Παρὰ
3561 1717 3648 1754 κε-

404 1805 606 1857 mores,
629 1808 807 1863 neque
825 1795 1086 1864 pupulum
1104 1795 1279 1864 ipsius
1299 1794 1588 1864 imperium
1619 1795 1730 1864 pati
1771 1794 1974 1864 posse),

2085 1793 2309 1864 φαιὰν,
2349 1795 2475 1863 ἔφη,
2520 1796 2616 1848 καὶ
2650 1793 2738 1865 μὴ
2787 1796 3264 1865 παρὰγραμμάν.
3308 1793 3660 1854 Ἐπιστάντος

400 1882 716 1939 Marcellum
741 1895 799 1941 et
826 1885 1097 1940 Valerium
1124 1886 1410 1940 Lavinium
1444 1901 1586 1941 coss.
1618 1896 1899 1940 crearunt.

2085 1885 2142 1940 δὲ
2173 1886 2324 1956 αὐτῷ
2357 1886 2643 1956 πολεμίου,
2683 1886 2858 1959 βραχύ
2881 1903 2942 1939 τε
2979 1886 3288 1954 ἐφρόντισε,
3323 1887 3419 1938 καὶ
3461 1882 3658 1944 εἰπὼν,

411 1977 732 2047 Ἀπόστηθι,
767 1976 1048 2049 ἄνθρωπε,
1082 1979 1188 2031 ἀπὸ
1222 1981 1322 2048 τῆς
1357 1980 1646 2050 γραμμῆς,
1679 1978 1970 2049 παρώξυνέ
2006 1995 2065 2031 τε
2095 1978 2283 2041 αὐτὸν,
2313 1978 2408 2031 καὶ
2476 1978 2783 2047 κατεκόπη.
2832 1979 2891 2031 Ὀ
2926 1977 3024 2048 μὲν
3047 1972 3142 2029 οὖν
3199 1975 3521 2044 Μάρκελλος
3556 1975 3655 2036 τὰς

403 2071 754 2142 Συρακούσας
777 2071 932 2136 ἐλὼν,
969 2074 1061 2126 καὶ
1097 2075 1194 2143 τῆς
1223 2073 1390 2144 ἄλλης
1427 2073 1676 2136 Σικελίας
1702 2073 1771 2126 τὰ
1828 2073 2001 2127 πλείω
2040 2073 2550 2145 προσαγαγόμενος,
2599 2075 2693 2126 καὶ
2733 2076 2990 2146 ἐπῃνεῖτο
3033 2072 3307 2144 μεγάλως,
3356 2071 3453 2124 καὶ
3515 2069 3658 2123 fma-

409 2183 492 2228 τος
553 2165 926 2222 ἀποδέδεικτο.

1008 2168 1381 2238 Προεϐάλοντο
1436 2169 1535 2238 μὲν
1593 2168 1703 2238 γὰρ
1751 2167 1844 2221 τὸν
1885 2169 2284 2236 ἰὀυρκουάτον,

2364 2169 2422 2231 ὃς
2478 2184 2608 2220 ποτε
2658 2168 2751 2220 τὶν
2840 2169 2955 2222 υἱὸν
3009 2167 3368 2220 ἀπέκτεινενο
3431 2165 3556 2218 ἐπεὶ
3601 2165 3659 2217 δὲ

401 2261 611 2328 ἐκεῖνος
642 2260 975 2330 ἀπηνῄνατο,
1011 2261 1178 2312 εἰπὼν
1213 2261 1288 2323 ὡς
1337 2260 1465 2314 οῠτ’
1503 2261 1599 2314 ἐὰν
1631 2259 1741 2327 ἐγὼ
1779 2261 1848 2314 τὰ
1913 2260 2153 2329 ὑμέτερα
2217 2261 2617 2330 ἁμαρτήματα,
2664 2258 2777 2313 οὒτ’
2819 2260 2887 2314 ἂν
2955 2261 3113 2330 ὑμεῖς
3151 2259 3251 2328 τὴν
3312 2259 3452 2328 ἐμὴν
3502 2261 3666 2330 (zpr

403 2354 556 2406 ϐειαν
600 2352 902 2421 ἑνέγκοιτε,
936 2354 1027 2406 τὸν
1057 2353 1376 2424 Μάρκελλον
1418 2353 1513 2406 καὶ
1563 2355 1847 2406 Λαουΐνιον
1883 2352 1976 2405 τὸν
2015 2352 2315 2422 Οὐαλέριον
2347 2353 2787 2422 ἐχειροτόνησαν.

473 2449 564 2504 Vl.
629 2446 884 2501 Marcello
909 2464 975 2502 cx
1009 2445 1195 2502 Sicilia
1241 2446 1491 2516 digresso
1519 2486 1534 2508 ,
1576 2446 1764 2516 copias
1809 2461 1981 2514 eque-

401 2552 545 2596 stres
573 2540 624 2594 in
659 2555 780 2596 eam
805 2539 957 2594 misit
985 2539 1243 2601 Annibal.
1266 2539 1467 2594 misere
1491 2537 1980 2608 etCarthaginien-

402 2647 490 2686 scs
515 2649 529 2682 :
556 2641 611 2686 ct
667 2629 870 2700 praliis
913 2630 1124 2698 aliquot
1154 2629 1427 2693 victores,
1454 2629 1719 2696 .civitates
1762 2640 1982 2696 quoque

402 2726 773 2793 subegerunt,
804 2740 867 2778 ac
904 2723 958 2777 ni
993 2723 1286 2778 Cornelius
1335 2721 1614 2776 Dolabella
1654 2730 1855 2790 praetor
1889 2734 1984 2772 su-

403 2815 759 2885 pervenisset,
787 2825 954 2869 totatn
985 2814 1224 2868 Siciliam
1248 2811 1615 2882 subegissem.
1636 2810 1774 2866 Tum
1797 2810 1982 2878 Capua

401 2925 622 2978 quoque
677 2925 706 2962 a
762 2908 1028 2962 Romanis
1086 2917 1242 2977 capta
1300 2916 1764 2976 cstzquunquam
1809 2904 1983 2958 Anni-

404 3003 522 3056 lralc
559 3018 654 3070 per
685 3001 900 3055 Latium
934 3002 1162 3055 Romam
1195 3009 1385 3062 eunte,
1422 3007 1480 3053 ut
1509 3014 1606 3052 eos
1637 2999 1705 3052 ab
1737 2999 1856 3066 ejus
1887 3012 1979 3049 ur-

2159 2447 2252 2512 Cf'.
2303 2443 2659 2509 Ἀπελθόντος
2703 2445 2759 2497 δὲ
2795 2445 2890 2498 τοῦ
2931 2445 3253 2515 Μαρκέλλου
3295 2445 3358 2498 ἐκ
3395 2445 3668 2509 Σικελίας,

2087 2537 2321 2607 δύναμιν
2355 2537 2568 2590 ἱππέων
2599 2539 2656 2600 ἐς
2685 2537 2854 2606 αὐτὴν
2886 2540 2914 2591 ὁ
2951 2537 3202 2600 Ἀννίϐας
3236 2538 3548 2602 ἀπέστειλε,
3576 2547 3672 2591 καὶ

2090 2630 2289 2700 ἑτέραν
2317 2631 2368 2683 οἱ
2413 2629 2777 2699 Καρχηδόνιοι
2825 2630 3102 2699 ἔπεμψαν,
3147 2629 3244 2682 καὶ
3292 2629 3494 2699 μάχαις
3525 2629 3671 2682 τισὶν

2091 2723 2352 2792 ἐνίκησαν
2381 2724 2474 2776 καὶ
2506 2723 2689 2786 πόλεις
2733 2722 3208 2793 προσεποιήσαντο
3233 2737 3248 2753 ο
3298 2722 3392 2774 καὶ
3424 2722 3476 2775 εί
3498 2737 3560 2789 γε
3592 2722 3668 2790 μὴ

2093 2817 2390 2888 Κορνήλιος
2429 2815 2755 2878 Δολοϐέλλας
2788 2815 3095 2884 στρατηγὸς
3121 2812 3446 2881 ἐπελήλυθε,
3485 2816 3671 2868 πᾶσαν

2087 2908 2187 2979 τὴν
2214 2908 2469 2961 Σικελίαν
2499 2905 2868 2977 ἐχειρώσαντο
2900 2907 2986 2960 ἄν.
3021 2907 3185 2975 Καὶὴ
3231 2905 3433 2974 Καπύη
3461 2905 3518 2957 δὲ
3549 2906 3670 2956 τότε

2087 3000 2232 3054 ἑάλω
2265 3000 2417 3072 παρὰ
2464 2999 2773 3068 Ῥωμαίων,
2823 2998 3002 3051 καίτοι
3041 2997 3136 3050 τοῦ
3195 2996 3436 3050 ’Δννίϐου
3470 2998 3530 3060 ἐς
3571 2995 3668 3065 τὴν

402 3095 488 3148 bis
517 3095 804 3150 obsidione
835 3095 1144 3164 repelleret.
1189 3101 1245 3148 et
1278 3107 1451 3162 usque.
1482 3089 1547 3143 ad
1581 3090 1825 3144 Tiberim
1857 3103 1976 3158 pro-

2098 3090 2323 3161 Ῥώμην
2369 3093 2715 3162 ὁρμήσαντος
2753 3091 2820 3143 ἵν’
2853 3090 2961 3143 ἀπὸ
2991 3089 3092 3156 τῆς
3129 3088 3362 3156 Καπύης
3401 3087 3528 3150 τοὺς
3568 3103 3669 3139 που

398 3201 626 3258 gresso,
660 3195 716 3240 et
747 3184 1127 3239 suburbanum
1181 3198 1371 3253 agrum
1421 3191 1692 3236 vastante.
1748 3181 1980 3234 Romani

402 3289 611 3340 autem,
652 3277 906 3347 quamvis
953 3276 1167 3336 territi.
1201 3285 1383 3330 tamen
1427 3275 1661 3328 alterum
1699 3271 1978 3325 consulem

404 3385 626 3423 manere
643 3371 859 3438 (Iapum.
875 3369 1106 3422 alterum
1129 3367 1328 3422 Urbem
1355 3365 1654 3422 defendere
1675 3366 1976 3436 jusserunt.

401 3460 479 3515 Ac
495 3459 756 3518 Claudius
775 3459 973 3531 Capua:
996 3460 1197 3513 mansit
1220 3459 1441 3530 (vulnus
1463 3457 1614 3512 enim
1635 3455 1973 3526 acceperat),

403 3553 629 3608 Flaccus
658 3553 884 3608 Romam
924 3552 1263 3624 properavit.
1291 3551 1562 3607 Caeterum
1587 3550 1858 3605 Annibale
1886 3565 1980 3604 cx—

401 3643 690 3698 t'ursiuncs
735 3644 970 3700 subinde
1012 3644 1067 3698 in
1123 3644 1302 3699 oculis
1351 3643 1554 3698 civium
1606 3642 1876 3704 faciente,
1923 3649 1980 3694 et

403 3733 574 3788 multa
615 3734 859 3789 crudelia
894 3734 1138 3789 facinora
1164 3736 1385 3798 edente,
1414 3734 1522 3788 alio
1564 3743 1816 3803 tempore
1845 3733 1980 3787 satis

402 3827 717 3882 habuerunt
758 3826 931 3897 ipsam
980 3828 1173 3882 urbem
1226 3828 1390 3882 tueri.
1444 3827 1550 3882 Sed
1603 3843 1728 3881 cum
1784 3826 1976 3882 eodem

406 3930 654 3990 tempore
677 3929 732 3976 et
758 3922 810 3976 in
836 3921 1038 3977 moenia
1064 3935 1112 3975 e:
1151 3921 1205 3974 in
1234 3930 1413 3974 castra
1440 3921 1705 3989 impetum
1732 3918 1978 3973 facturus

401 4023 569 4077 Isset,
596 4014 715 4068 alea
739 4014 900 4081 iacta,
929 4025 986 4068 ut
1015 4015 1191 4078 aiunt,
1220 4022 1606 4069 excurrerunt.
1629 4011 1766 4067 Cum
1792 4021 1976 4065 autem

393 4109 505 4176 jam
537 4106 755 4161 eminus
788 4106 1158 4171 dimicarent,
1193 4107 1461 4162 serenitas
1503 4106 1556 4160 in
1590 4114 1975 4176 tempestatem

402 4199 678 4270 ingentem
709 4215 832 4254 cum
859 4200 1080 4255 turbine
1111 4201 1367 4263 maximo,
1397 4199 1712 4263 tonitribus,
1755 4199 1978 4271 grandi-

405 4302 472 4340 ne
505 4296 560 4339 ct
595 4285 902 4358 fulguribus
936 4295 1020 4339 est
1051 4300 1354 4339 conversa:
1393 4293 1452 4338 ut
1486 4285 1648 4339 ambo
1677 4285 1976 4349 exercitus,

403 4380 552 4432 velut
576 4396 640 4433 ex
685 4379 1019 4448 composito,
1045 4378 1246 4448 cupide
1274 4394 1342 4433 eo
1364 4378 1680 4448 refugerent
1715 4378 1858 4433 unde
1886 4393 1980 4429 ve-

2083 3185 2436 3257 ).topxobwaq
2483 3185 2656 3251 αὐτὴν
2711 3183 2918 3252 amen.
2979 3183 3074 3234 καὶ
3124 3181 3213 3234 διὰ
3264 3181 3372 3234 τῶν
3417 3180 3666 3234 Λατίνων

2084 3278 2378 3340 ἐλάσαντος
2417 3277 2512 3328 καὶ
2557 3275 2694 3345 πρὸς
2731 3277 2823 3328 τὸν
2857 3275 3087 3344 Τίϐεριν
3119 3274 3359 3334 ἐλθόντος
3397 3275 3492 3326 καὶ
3527 3290 3666 3343 πορο

2084 3369 2306 3432 θοῦντος
2343 3367 2413 3420 τὰ
2456 3367 2564 3442 πρὸ
2598 3365 2693 3420 τοῦ
2725 3366 2942 3429 ἄστεος.
2995 3368 3056 3418 Οἱ
3110 3365 3219 3434 γὰρ
3269 3366 3327 3416 ἐν
3366 3367 3429 3434 τῇ
3463 3363 3666 3434 -Ῥὼμῃ

2082 3457 2433 3529 ἐφοϐήθησαν
2482 3457 2604 3526 μὲν,
2659 3455 2998 3526 ἐψηφίσαντο
3058 3455 3115 3509 δέ
3177 3454 3268 3506 τὸν
3316 3453 3504 3524 ἕτερον
3558 3454 3667 3506 τῶν

2083 3551 2306 3606 ὑπάτων
2341 3553 2397 3604 ἐν
2426 3549 2628 3620 Καπύῃ
2663 3551 2870 3618 μεῖναι,
2903 3549 2997 3602 τὸν
3028 3548 3072 3601 δ’
3100 3549 3288 3618 ἕτερον
3312 3547 3496 3610 αὒτοῖς
3523 3549 3665 3600 ἐπα-

2085 3644 2272 3714 μῦναι.
2306 3644 2416 3700 Καὶ
2449 3643 2716 3706 Κλαύδιος
2751 3642 2850 3711 μέν
2890 3641 2950 3692 ἐν
2997 3643 3060 3710 τῇ
3102 3639 3306 3709 Καπύῃ
3336 3642 3663 3709 κατέμεινεν

2083 3737 2374 3807 (ἐτέτρωτο
2395 3735 2550 3808 γὰρ),
2581 3735 2826 3798 Φλάκκος
2851 3735 2906 3788 δὲ
2933 3735 3066 3805 πρὸς
3095 3736 3193 3802 τὴν
3250 3733 3467 3804 Ῥώμην
3507 3735 3660 3803 ἠπεί-

2080 3828 2206 3899 χθη.
2267 3828 2375 3881 Τοῦ
2412 3828 2456 3881 δ’
2510 3828 2754 3880 ’Λννίϐου
2803 3828 2902 3891 τάς
2937 3845 2994 3880 τε
3051 3827 3402 3896 καταδρομὰς
3447 3829 3503 3878 ἐν
3551 3831 3662 3890 τοῖς

2080 3921 2383 3991 ὀφθαλμοῖς
2427 3921 2606 3976 αὐτῶν
2647 3921 2735 3976 ἀεὶ
2768 3921 3102 3990 ποιουμένου
3149 3921 3247 3975 καὶ
3297 3921 3464 3974 πολλά
3510 3920 3662 3972 δεινά

2080 4015 2335 4083 δρῶντος,
2359 4012 2451 4065 τὸν
2477 4013 2576 4081 μὲν
2599 4011 2758 4065 ἀλλον
2786 4012 2976 4082 χρόνον
3000 4012 3229 4081 ἠγάπων
3257 4013 3306 4064 εί
3328 4013 3395 4065 τά
3421 4029 3482 4075 γε
3511 4011 3662 4075 ἐντὸς

2081 4107 2189 4158 τῶν
2222 4105 2420 4174 τειχῶν
2457 4104 2877 4174 περισώσαιντο.
2949 4105 3104 4157 Ἐπεὶ
3151 4105 3206 4158 δέ
3255 4105 3349 4157 καὶ
3393 4107 3458 4174 τῇ
3506 4104 3662 4156 πόλει

2081 4201 2178 4254 καὶ
2235 4202 2350 4263 τοῖς
2407 4199 2795 4268 στρατοπέδοις
2845 4199 2962 4268 ἅμα
3021 4199 3356 4269 προσϐαλεῖν
3410 4199 3656 4267 ἔμελλεν,

2083 4293 2474 4365 ἀνερῤίψαντο,
2501 4294 2562 4344 τὸ
2591 4292 2686 4344 τοῦ
2716 4292 2900 4359 λόγου,
2933 4291 3122 4350 κύϐον,
3155 4295 3244 4344 καὶ
3269 4290 3658 4362 ἐπεξέδραμον.

2084 4387 2193 4440 Καὶ
2224 4385 2731 4455 ἀκροϐολιζομένων
2764 4385 2862 4454 ἤδη
2894 4384 3103 4454 χειμὼν
3150 4385 3209 4450 ἐξ
3246 4384 3464 4453 αἰθρίας
3508 4383 3658 4449 ἑξαε-

404 4481 618 4526 neranl.
663 4470 764 4525 Vix
795 4487 946 4525 arma
977 4479 1299 4541 posuerant.
1323 4485 1448 4525 cum
1485 4471 1754 4527 serenitas
1795 4469 1976 4525 rediit.

2086 4495 2200 4542 σιος
2238 4477 2530 4546 ἐπεγένετο
2565 4477 2702 4546 μετὰ
2735 4477 3047 4547 πνεύματος
3079 4477 3383 4548 ἀμηχάνου,
3418 4477 3660 4547 βροντῶν

402 4562 638 4616 Annibal
662 4563 910 4631 quamvis
931 4564 1043 4626 illa,
1067 4563 1240 4633 ipsius
1267 4563 1555 4618 conﬂictus
1578 4573 1846 4632 tempore,
1869 4577 1976 4615 non

405 4655 524 4709 sine
556 4656 781 4710 numine
808 4656 1074 4711 accidisse
1109 4656 1360 4720 rebatur,
1388 4665 1570 4711 tamen
1597 4658 1666 4710 ab
1689 4653 1980 4709 obsidione

401 4765 510 4804 non
545 4748 789 4805 destitit:
818 4751 911 4805 sed
942 4765 1068 4804 eum
1097 4749 1279 4805 denuo
1302 4750 1596 4821 confligere
1626 4749 1977 4812 instituisset,

401 4842 704 4912 eademque
747 4843 1095 4907 acciderent,
1131 4843 1455 4913 pertimuit:
1487 4844 1651 4899 etiam
1683 4858 1751 4899 eo
1789 4843 1979 4898 obstu-

403 4934 682 5004 pefactus,
731 4935 878 5005 quod
911 4935 1144 4990 Romani
1188 4936 1242 4990 in
1292 4944 1444 4991 tanto
1485 4935 1803 4992 discrimine
1842 4950 1977 4990 con-

404 5027 605 5092 stituti,
645 5043 822 5097 neque
857 5029 1098 5098 Capuam
1129 5019 1542 5100 relinquerent,
1582 5038 1640 5085 et
1686 5039 1976 5100 praetorem

403 5134 530 5174 cum
556 5120 827 5175 militibus
850 5124 902 5175 in
932 5123 1246 5192 Hispaniam
1273 5123 1494 5178 missuri
1517 5131 1704 5178 essent
1724 5142 1737 5176 :
1761 5131 1815 5176 et
1834 5125 1976 5191 quod

404 5211 634 5281 pecunia
669 5223 927 5283 egentes.
979 5226 1172 5281 pra-ter
1223 5216 1364 5279 alia,
1415 5215 1548 5269 illud
1599 5215 1765 5270 etiam
1800 5216 1976 5269 solum

404 5307 611 5376 publici
635 5309 772 5380 agri,
808 5308 860 5362 iu
895 5323 1004 5376 quo
1035 5318 1217 5363 castra
1251 5309 1523 5372 habebat,
1565 5309 1975 5376 vendidissent;

402 5400 803 5470 desperataque
824 5403 1226 5471 espugnatione
1253 5401 1502 5466 recessit,
1534 5401 1768 5458 subinde
1797 5403 1977 5457 excla-

407 5509 581 5558 mans,
600 5494 644 5550 0
660 5494 901 5551 Canum!
923 5496 1121 5552 Canum
1142 5498 1240 5553 Iac
1264 5515 1332 5552 ne
1351 5498 1550 5569 Capua:
1569 5499 1792 5568 quidem
1817 5515 1975 5568 opem

403 5587 639 5656 amplius
666 5587 808 5644 ferre
853 5590 1046 5646 voluit.
1075 5591 1317 5661 Capuani
1352 5607 1521 5655 vero,
1553 5608 1864 5662 quanquam
1909 5591 1976 5645 ad

407 5694 653 5734 summas
693 5683 974 5751 angustias
1007 5683 1171 5756 427
1208 5684 1437 5741 redacti.
1461 5694 1642 5740 tamen
1684 5685 1976 5754 desperata

406 5771 561 5826 \cnia
586 5773 932 5843 restiterunt,
955 5776 1161 5832 auxilio
1191 5777 1480 5834 Annibalis
1508 5794 1606 5849 per
1637 5779 1849 5834 litteras
1877 5779 1978 5832 iut-

2081 4586 2140 4623 τε
2173 4569 2264 4624 καὶ
2295 4569 2539 4640 χαλάζης
2569 4568 2664 4621 καὶ
2689 4569 3012 4639 ἀστραπῶν,
3036 4569 3112 4630 ὼς
3150 4570 3317 4638 ἄμφω
3357 4565 3660 4636 ἀγαπητῶς

2081 4662 2156 4726 ὼς
2189 4664 2250 4714 ἐκ
2283 4662 2627 4732 συνθήματος
2660 4663 2958 4731 ἀναφυγεῖν
2981 4661 3104 4714 ὅθεν
3126 4661 3414 4731 ὥρμησαν,
3443 4662 3569 4730 ἄρτι
3598 4677 3658 4713 τε

2081 4755 2148 4808 τὰ
2181 4754 2320 4808 ὅπλα
2365 4754 2734 4816 κατετίθεντο,
2781 4754 2875 4806 καὶ
2910 4752 3100 4824 αἰθρία
3147 4755 3385 4821 ἐγένετο.
3432 4754 3490 4805 '0
3526 4751 3659 4820 γοῦν

2093 4848 2367 4912 Ἀννίϐας,
2420 4848 2596 4900 καίτοι
2637 4847 2735 4898 ούκ
2775 4846 2927 4898 ἀθεεὶ
2969 4846 3331 4916 λογισάμενος
3371 4845 3523 4914 παρά
3565 4845 3658 4896 τὸν

2080 4943 2180 5010 τῆς
2207 4940 2428 4994 συνόδου
2460 4938 2651 5009 καιρδν
2687 4937 3071 5008 συνενεχθῆναι
3094 4939 3161 4990 τε
3185 4940 3473 5006 γεγονότα,
3505 4938 3657 5006 ὅμως

2080 5035 2181 5087 οὐκ
2217 5033 2430 5102 ἀπέστη
2473 5031 2570 5099 τῆς
2615 5031 2957 5100 πολιορκίας,
2991 5029 3128 5082 ἀλλὰ
3176 5031 3272 5083 καὶ
3315 5029 3470 5092 αὖθις
3519 5033 3657 5099 μετὰ

2080 5124 2240 5178 τοῦτο
2281 5123 2576 5192 συμϐαλεῖν
2620 5123 3000 5193 ἐπεχείρησεν.
3061 5122 3154 5186 Ὠς
3198 5122 3257 5174 δὲ
3299 5122 3394 5172 καὶ
3434 5122 3558 5172 τότε
3590 5120 3657 5171 τὲ

2080 5214 2221 5269 αύτά
2253 5215 2474 5282 συνέϐη.
2507 5216 2788 5268 κατέδεισε
2819 5230 2833 5245 ·
2876 5215 2971 5268 καὶ
3004 5212 3446 5284 προσεκπλαγεὶς
3474 5213 3556 5265 ὃτι
3600 5213 3658 5264 ἐν

2079 5309 2381 5380 τηλικούτῳ
2409 5309 2640 5379 κινδύνῳ
2667 5310 2839 5372 ὅντες,
2872 5307 2994 5361 οὔτε
3027 5311 3122 5376 τῆς
3156 5307 3388 5378 Καπύης
3413 5307 3656 5372 ἀπέστη-

2084 5422 2204 5467 σαν,
2237 5405 2332 5457 καὶ
2362 5406 2419 5466 ἐς
2449 5405 2550 5471 τὴν
2595 5403 2840 5472 Ἰϐηρίαν
2869 5405 2964 5456 καὶ
2991 5401 3333 5471 στρατιώτας
3357 5403 3450 5454 καὶ
3488 5415 3656 5468 στρα-

2080 5498 2249 5565 τηγὸν
2277 5495 2516 5564 πέμψειν
2541 5495 2790 5565 ἔμελλον,
2820 5495 2908 5547 καὶ
2938 5496 3020 5548 ὅτι
3046 5494 3347 5565 χρημάτων
3366 5495 3654 5563 δεηθέντες

2083 5588 2374 5656 ἐπώλησαν
2415 5587 2548 5641 ἄλλα
2583 5604 2640 5638 τε
2679 5586 2772 5638 καὶ
2820 5585 2878 5638 τὸ
2919 5586 3118 5654 χωρίον
3161 5586 3218 5639 ἐν
3245 5579 3289 5653 ᾦ
3319 5588 3654 5656 ἐστρατοπε-

2080 5679 2284 5740 δεύετο,
2306 5679 2564 5746 δημόσιον
2587 5677 2667 5742 δν,
2701 5680 2795 5730 καὶ
2825 5679 3100 5746 ἀπογνοὺς
3125 5679 3424 5747 ἀπανέστη,
3450 5676 3651 5730 πολλοὶ·

2085 5793 2169 5840 κις
2201 5775 2526 5846 ἀναϐοήσας,
2550 5769 2623 5828 Ὠ
2637 5773 2878 5838 Κάννιιι,
2899 5774 3142 5839 Κάιψιιι,
3168 5773 3257 5827 καὶ
3293 5773 3409 5826 οὐδὲ
3439 5775 3499 5842 τῇ
3531 5772 3649 5826 Κα-
