4050 6210
431 288 546 348 ’ἶΞἸ

1673 289 2082 352 ANNALIUM
2129 288 2283 349 LIB.
2328 291 2430 350 IX.

3586 285 3693 344 71m

401 443 407 447 .
428 419 471 454 π
487 403 546 472 ἔῃ
567 401 644 453 ἔτ’
667 399 1031 471 ἐπικουρῆσαι
1048 399 1334 470 ἠθέλησεν.
1359 401 1420 456 ΟΞ
1436 399 1517 466 δὲ,
1545 400 1748 473 καίπερ
1769 403 1828 455 έν
1849 400 2003 455 ἀσθε-

2114 399 2484 466 plorato.'_Sed
2519 397 2789 453 tabellarii
2825 412 2853 450 a
2886 396 3082 451 Flacco
3110 393 3497 464 comprehensi
3533 398 3697 462 (nam

425 493 709 555 νεστάτοις
741 492 916 558 ὄντες,
947 495 1098 561 ὅμως
1123 493 1452 562 ἀπογνόντες
1489 495 1564 559 ῶς
1593 495 1652 548 οὐ
1684 493 2003 563 τευξόμενοι

429 586 770 656 συγγνώμης
799 585 955 656 παρὰ
991 586 1308 656 Ῥωμαίων,
1337 588 1609 659 ἀντεῖχον,
1645 587 1742 642 καὶ
1774 587 1852 658 τῷ
1887 588 2006 640 ’Λν-

423 678 557 749 νίόᾳ
591 679 910 734 ἐπέστειλαν
949 677 1240 749 βοηθήσειν
1271 679 1454 744 αὐτοῖς
1479 679 1779 747 ἀξιοῦντες.
1802 680 2008 750 Συλλη-

426 768 658 837 φθέντες
673 769 730 823 δὲ
748 771 798 822 oi
818 770 926 824 τῶν
945 771 1248 825 ἐπιστολῶν
1267 775 1528 843 κομισταὶ
1549 773 1698 844 παρὰ
1716 772 1811 827 τοῦ
1831 774 2008 827 Φλάκ-

425 879 529 915 κου
549 861 599 934 (ὁ
615 863 726 932 γὰρ
742 860 1008 926 Κλαύδιος
1027 862 1165 934 ῑφθη
1183 863 1462 935 τεθνηκὼς
1478 867 1540 918 ἐκ
1556 865 1650 919 τοῦ
1667 865 2005 938 τραύματος)

424 950 528 1014 τὰς
561 953 750 1022 χεῖρας
780 952 1196 1022 ἀπετμήθησαν.
1225 952 1335 1015 Οὓς
1384 954 1590 1018 ίδόντες
1626 956 1676 1008 οί
1711 957 2008 1026 Καμπανοὶ

424 1041 619 1104 δεινῶς
649 1042 1099 1113 κατεπλάγησαν,
1131 1045 1225 1099 καὶ
1250 1045 1336 1098 ὅτι
1370 1047 1672 1117 πράξουσιν
1697 1048 2009 1103 ἑδουλεύονο

426 1151 512 1188 το.
545 1133 864 1204 Λεχθέντων
881 1134 939 1189 δὲ
963 1135 1198 1202 πολλῶν,
1215 1137 1437 1201 ἰούδιός
1457 1155 1544 1202 τις
1567 1140 1789 1210 Ούΐριος
1811 1143 1868 1195 ὲν
1894 1143 2008 1204 τοῖς

424 1226 667 1296 πρώτοις
695 1226 880 1281 αὐτῶν
909 1226 986 1280 ὢν
1015 1228 1110 1281 καὶ
1138 1228 1238 1298 τῆς
1267 1231 1627 1294 ἀποστάσεως
1659 1231 2006 1297 αἰτιώτατος,

422 1319 547 1373 Μία
571 1317 718 1388 ἡμῖν
743 1318 935 1383 ἐστιν,
963 1320 1088 1388 ἔφη,
1124 1322 1440 1390 καταφυγὴ
1468 1325 1566 1377 καί
1607 1324 1942 1393 ἐλευθερία,
1975 1327 2009 1379 ὀ

424 1409 706 1476 Θάνατος.
742 1412 854 1464 Καί
873 1429 973 1480 μοι
999 1413 1458 1480 ἀκολουθήσατε
1481 1418 1689 1471 οἴκαδε
1708 1433 1722 1450 ο
1757 1418 1874 1487 ἔχω
1899 1418 2010 1488 γάρ

428 1498 480 1552 τι
513 1501 832 1570 φάρμακον
847 1506 1448 1574 παρεσκευασμένον.
1485 1509 1593 1560 Καὶ
1623 1511 1650 1562 ὁ
1679 1509 1799 1578 μὲν,
1833 1527 2014 1576 παρα-

423 1592 610 1645 λαόὼν
642 1595 764 1656 τοὺς
797 1595 948 1666 αὐτῷ
971 1597 1320 1662 πεισθέντας,
1347 1599 1611 1664 ἑκουσίως
1638 1601 1880 1656 ἀπέθανε
1913 1607 2010 1659 σὺν

2104 492 2367 548 Claudius
2387 509 2452 548 ex
2488 492 2715 546 vulnere
2736 492 2847 562 jam
2871 488 3229 560 decesserat),
3257 488 3508 542 manibus
3542 499 3696 542 trun-

2106 584 2214 639 cati
2253 594 2422 639 sunt:
2459 599 2570 654 quo
2603 583 2846 654 Capuani
2897 582 3016 637 viso
3068 581 3308 651 perculsi
3335 620 3349 643 ,
3383 579 3452 632 de
3486 596 3640 632 suum
3665 596 3695 634 a

2106 692 2291 732 rerum
2315 676 2720 731 deliberabant.
2748 676 2931 730 Multis
2963 675 3151 729 verbis
3175 673 3349 732 factis,
3373 671 3568 727 Juvius
3597 671 3698 722 Vi—

2107 771 2254 836 rius,
2294 772 2380 825 vir
2413 771 2704 842 princeps,
2744 769 3070 824 defertionis
3103 768 3415 836 praecipuus
3450 775 3648 818 auctor
3676 781 3690 819 :

2113 862 2306 927 Unum,
2335 863 2533 933 inquit.
2565 863 2712 916 nobis
2745 862 3048 931 confugium
3076 869 3124 912 et
3153 859 3371 912 libertas
3407 866 3505 916 est,
3524 873 3692 909 mors.

2123 956 2221 1011 Vos
2240 957 2547 1011 medentum
2567 955 2869 1025 sequimini,
2891 969 3149 1008 venenum
3171 953 3306 1004 enim
3329 959 3693 1020 purpuratum

2107 1048 2292 1104 habeo.
2324 1047 2416 1102 Sic
2445 1046 2699 1101 abductis
2730 1046 2796 1101 iis
2830 1060 3041 1106 secum,
3076 1043 3279 1113 quibus
3307 1057 3370 1096 ea
3418 1041 3690 1095 sententia

2109 1141 2402 1214 placebat,
2429 1157 2537 1195 una
2571 1155 2696 1195 cum
2741 1139 2852 1193 illis
2891 1139 3036 1192 ultro
3064 1137 3249 1206 periit,
3285 1135 3470 1191 czeteri
3501 1145 3693 1204 portas

2111 1233 2377 1288 Romanis
2406 1240 2788 1302 aperuerunt:
2819 1229 3023 1300 quibus
3051 1228 3276 1283 Flaccus
3321 1241 3474 1281 arma
3505 1225 3693 1280 omnia

2110 1334 2163 1382 et
2183 1326 2473 1395 pecuniam
2501 1337 2722 1378 omnem
2742 1322 2946 1376 ademit
2974 1339 2987 1375 :
3019 1331 3074 1376 et
3101 1319 3412 1390 principum
3445 1318 3693 1371 virorum

2111 1417 2253 1471 alios
2289 1415 2533 1479 occidit,
2582 1414 2721 1468 alios
2753 1415 2982 1468 Romam
3039 1412 3222 1469 misit.
3271 1410 3372 1464 soli
3409 1410 3585 1462 turbae
3624 1424 3690 1462 ex

2110 1509 2344 1581 plebeiis
2369 1509 2596 1578 reliqua:
2624 1508 2694 1562 iis
2719 1505 3134 1561 conditionibus
3165 1504 3431 1573 pepercit.
3470 1514 3525 1555 ιιι
3557 1517 3694 1570 pra:-

2113 1604 2217 1658 tori
2241 1604 2488 1657 Romano
2520 1609 2800 1671 parerent,
2837 1609 2897 1652 ut
2929 1599 3140 1652 nullum
3169 1605 3446 1655 senatum,
3470 1595 3685 1646 nullum

424 1684 639 1750 αὐτοῖς,
690 1685 788 1738 καὶ
835 1689 884 1738 οί
943 1688 1122 1742 λοιποὶ⁸
1179 1688 1276 1750 τὰς
1339 1690 1514 1753 πύλας
1558 1695 1673 1755 τοῖς
1714 1692 2003 1764 Ῥωμαίοις

2113 1696 2408 1754 concilium
2443 1694 2732 1748 baberent.
2765 1693 2894 1747 Post
2928 1691 3094 1744 etiam
3135 1689 3258 1742 alite
3289 1687 3474 1741 multa:
3511 1684 3690 1747 impo-

424 1775 696 1845 ἀνέῳξαν.
736 1775 796 1829 Ὀ
831 1776 885 1828 δὲ
917 1777 1167 1842 Φλάκκος
1205 1780 1276 1834 τά
1313 1798 1371 1834 τε
1401 1782 1544 1836 ὅπλα
1581 1784 1762 1836 αὐτῶν
1796 1787 1890 1837 καὶ
1940 1787 2008 1840 τὰ

423 1869 690 1938 χρήματα
723 1870 904 1923 πάντα
943 1871 1217 1939 ἀφείλετο,
1250 1876 1346 1928 καὶ
1373 1875 1482 1928 τῶν
1517 1877 1729 1947 ἀνδρσῦν
1760 1878 1873 1931 τῶν
1917 1895 2008 1932 κο-

425 1962 679 2032 ρυφαίων
711 1965 838 2026 τοὺς
868 1965 967 2034 μὲν
992 1967 1307 2032 ἀπέκτεινε,
1337 1969 1462 2030 τοὺς
1481 1969 1538 2022 δὲ
1571 1971 1628 2032 ὲς
1653 1969 1752 2041 τὴν
1781 1970 2008 2042 Ῥώμην

424 2053 666 2124 ἔπεμψε.
699 2055 893 2110 Μύνων
920 2056 966 2110 δ’
997 2057 1271 2128 ἀπέσχετο
1299 2061 1409 2112 τῶν
1430 2062 1494 2114 ἐκ
1518 2061 1614 2114 τοῦ
1641 2063 1832 2131 ὁμίλου
1851 2081 2007 2134 περι-

423 2146 778 2214 λειφθέντων,
812 2149 915 2202 ἐπὶ
948 2149 1026 2219 τῷ
1057 2152 1150 2204 καὶ
1190 2150 1430 2220 ἄρχοντα
1477 2153 1676 2218 αὐτοὺς
1720 2154 2009 2223 Ῥωμαίων

425 2238 753 2308 λαμϐάνειν,
786 2241 880 2294 καὶ
935 2242 1076 2312 μήτε
1131 2241 1327 2314 βουλὴν
1373 2244 1539 2314 ἔχειν,
1597 2248 1736 2316 μήτε
1790 2248 2008 2300 σύνοδον

427 2330 725 2386 ποιεῖσθαι.
752 2333 1021 2402 ’Ὕστερον
1053 2334 1108 2388 δὲ
1147 2335 1244 2388 καί⁸
1271 2335 1405 2390 ἄλλα
1431 2339 1552 2390 τινὰ
1587 2339 2002 2408 προσεπῶφλον,

425 2423 811 2494 κατηγορῆσαι
842 2425 936 2478 τοῦ
957 2427 1208 2481 Φλάκκου
1239 2430 1632 2500 τολμήσαντες.
1681 2431 2005 2503 Ἐπεχείρη-

426 2532 529 2568 σαν
575 2516 632 2570 δὲ
677 2519 770 2571 καὶ
801 2519 851 2571 οἱ
881 2521 1178 2589 Καμπανοὶ
1201 2522 1294 2576 τοῦ
1314 2524 1564 2578 Φλάκκου
1601 2528 2001 2596 κατηγορῆσαι,

423 2611 523 2663 καὶ
551 2611 643 2664 τοῦ
671 2612 996 2683 Μαρκέλλου
1021 2616 1071 2668 oi
1098 2615 1458 2686 Συρακούσιοι
1490 2618 1854 2682 ὑπατεύοντος
1878 2619 2002 2689 ἤδη,

423 2705 522 2757 καὶ
556 2705 960 2776 ἀπελογήσατο.
990 2709 1064 2760 Ού
1091 2709 1200 2780 γὰρ
1224 2710 1456 2780 ἠθέλησε
1482 2711 1690 2781 πρᾶξαί
1718 2728 1770 2763 τι
1807 2711 1916 2764 τῶν
1938 2716 2002 2783 τῇ

421 2795 570 2866 ἀρχῇ
603 2802 1021 2867 προσηκόντων,
1054 2803 1186 2872 πρὶν
1223 2801 1692 2873 ἀπολογήσασθαι.
1734 2805 1796 2856 Ol
1825 2805 2003 2875 Συραο

422 2886 638 2941 κούσιοι
670 2887 749 2955 δὲ,
772 2892 1142 2956 καταστάντες
1171 2896 1252 2957 εἰς
1282 2893 1494 2962 λόγους,
1514 2897 2005 2966 οίκονομικιῖηερςν

420 2981 491 3049 τῇ
549 2980 784 3047 διαλέξει
840 2983 1166 3054 ἐχρήσαντο,
1221 2986 1322 3038 οὐκ
1378 2989 1460 3050 εἰς
1518 2988 1854 3058 κατηγορίαν
1910 2987 2002 3040 τοῦ

2118 1791 2259 1850 sitm,
2287 1805 2412 1844 cum
2451 1787 2708 1842 Flaccum
2738 1800 2997 1841 accusare
3024 1783 3140 1837 ausi
3174 1788 3383 1842 essent,
3424 1777 3691 1846 Campani

2115 1901 2334 1954 quoque
2347 1883 2600 1936 eutndcm
2617 1895 2876 1935 accusare
2892 1879 3270 1937 instituerunt,
3285 1881 3339 1926 et
3356 1870 3683 1944 Syracusani

2114 1977 2429 2034 Marcellum
2458 1976 2568 2042 jam
2601 1973 2906 2028 consulem.
2943 1971 2994 2025 Is
3021 1986 3080 2022 se
3108 1966 3391 2028 defendit,
3430 1981 3534 2019 nec
3562 1973 3694 2018 ante

2112 2085 2233 2124 eam
2270 2067 2648 2122 defensionem
2687 2063 2988 2134 quidquam
3023 2075 3122 2131 pro
3157 2057 3488 2114 auctoritate
3519 2057 3695 2125 impn-

2115 2164 2179 2217 rii
2210 2176 2402 2230 gerere
2427 2148 2620 2214 voluit.
2657 2159 2861 2213 Verum
2898 2152 3252 2226 Syracusani,
3279 2149 3499 2204 dicendi
3537 2157 3696 2218 pote-

2113 2266 2254 2311 state
2285 2255 2429 2315 data,
2459 2265 2679 2307 causam
2710 2265 2864 2305 suam
2895 2247 3192 2301 artiﬁciose
3211 2251 3444 2315 egerunt
3470 2259 3485 2306 ;
3518 2239 3693 2295 omis-

2113 2363 2282 2417 saque
2313 2345 2551 2400 Marcelli
2582 2341 2956 2401 accusatione,
2983 2339 3048 2392 ad
3089 2352 3282 2407 preces
3313 2333 3592 2396 conversi,
3630 2344 3693 2384 se

2113 2456 2222 2494 non
2257 2439 2405 2492 ultro
2437 2437 2706 2490 defecisse
2736 2441 3071 2496 asserentes,
3103 2430 3317 2484 veniam
3351 2425 3692 2496 petiverunt.

2111 2533 2241 2598 Quae
2268 2547 2390 2585 cum
2421 2536 2792 2597 perorassent,
2820 2525 2873 2578 in
2907 2535 3110 2578 terram
3137 2519 3375 2591 prolapsi
3402 2527 3458 2572 et
3488 2519 3696 2572 lamen-

2115 2624 2210 2677 tati
2239 2631 2386 2676 sunt.
2415 2618 2706 2688 Suﬂ'ragiis
2729 2617 2875 2678 latis,
2901 2615 3190 2669 Marcellus
3220 2611 3452 2666 crimine
3476 2609 3694 2663 solutus

2111 2724 2230 2768 est:
2257 2725 2312 2766 et
2341 2713 2650 2771 decretum,
2678 2708 3056 2778 Syracusanos
3087 2703 3418 2759 clementius
3449 2709 3695 2755 tractan-

2112 2805 2212 2858 dos
2252 2817 2375 2855 esse
2398 2843 2412 2864 ,
2453 2816 2563 2853 non
2607 2799 2679 2852 ob
2710 2797 2849 2851 facta
2885 2811 3099 2856 eorum,
3131 2794 3222 2848 sed
3261 2800 3488 2861 propter
3523 2789 3692 2842 verba

2109 2905 2161 2950 et
2185 2891 2630 2963 supplicationes.
2664 2889 2918 2943 Marcello
2957 2887 3139 2942 redire
3169 2887 3222 2938 in
3257 2883 3500 2938 Siciliam
3527 2895 3691 2934 recu-

2110 2998 2266 3041 sante
2295 3027 2308 3049 ,
2345 2984 2632 3039 Lavinium
2671 2983 2961 3036 miserunt.
3021 2980 3154 3032 Cum
3202 2973 3530 3045 Syracusani
3587 2971 3693 3024 hoe

420 3070 777 3139 Μαρκέλλου,
822 3073 937 3126 ἀλλ’
969 3077 1049 3136 είς
1095 3077 1332 3129 ἱκετείαν
1363 3080 1666 3148 τραπέντες
1722 3081 1814 3131 καὶ
1867 3080 2003 3131 άποο

2110 3079 2268 3134 modo
2292 3081 2507 3131 veniam
2541 3077 2953 3145 impetrassent,
2976 3070 3236 3139 Campani
3261 3085 3324 3122 cs
3356 3065 3572 3121 inscitia
3608 3065 3694 3116 iu-

421 3161 616 3229 λογίαν
667 3164 763 3217 τοῦ
810 3165 884 3235 μὴ
935 3167 1154 3231 ἑκόντες
1207 3169 1510 3238 ἀποστῆναι
1561 3170 1847 3238 Ῥωμαίων
1908 3173 2002 3224 καὶ

424 3256 759 3327 συγγνώμης
809 3260 993 3329 τυχεῖν
1042 3259 1338 3324 ἀξιοῦντες.
1381 3261 1490 3314 Kal
1528 3261 1698 3314 ταῦτα
1727 3262 1999 3327 λέγοντες,

419 3349 506 3410 είς
547 3348 647 3418 τὴν
689 3350 796 3421 γῆν
833 3352 1093 3414 πεσόντες
1131 3351 1493 3422 ὠλοφύροντο,
1547 3354 1658 3407 Kal.
1687 3355 2002 3424 διαγιιώμης

421 3441 745 3512 γενομένης,
809 3442 954 3508 έῖοξε
1013 3444 1104 3497 τδν
1159 3444 1480 3515 Μάρκελλον
1541 3446 1640 3514 μὲν
1683 3446 1848 3516 μηδὲν
1888 3447 2001 3500 ἀδιο

423 3532 566 3590 κεῖν,
590 3531 718 3594 τοὺς
753 3534 938 3601 μέντοι
980 3534 1388 3604 Συρακουσίους
1423 3534 1832 3606 φιλανθρωπίας
1859 3536 1999 3596 τινος

423 3621 613 3686 ἀξίους
648 3618 808 3688 εἶναι,
838 3625 940 3678 οὐκ
987 3625 1046 3690 ἐξ
1075 3619 1149 3680 ὧν
1177 3627 1463 3698 ἐποίησαν,
1499 3627 1614 3680 ἀλλ’
1644 3628 1703 3692 ἐξ
1741 3623 1814 3681 ὧν
1849 3624 2002 3684 εἶπόν

422 3731 485 3767 τε
531 3717 625 3769 καὶ
651 3717 962 3772 ἱκέτευσαν.
986 3717 1094 3769 Τοῦ
1123 3717 1179 3770 δὲ
1207 3718 1533 3789 Μαρκέλλου
1575 3736 1818 3790 παραιτη
1833 3720 2002 3790 ταμέε-

424 3824 518 3858 νου
561 3807 621 3858 τὸ
660 3807 921 3860 ἀπελθεῖν
956 3811 1032 3869 είς
1065 3809 1338 3874 Σικελίαν,
1375 3810 1465 3862 τὸν
1497 3811 1784 3862 Λαουΐνιον
1828 3811 2001 3880 επεμ-

421 3901 555 3969 ψαν.
584 3902 692 3955 Καὶ
722 3903 774 3954 οἱ
814 3904 917 3972 μὲν
960 3903 1321 3972 Συρακούσιοι
1352 3903 1496 3956 οὕτω
1527 3904 1860 3975 συγγνώμης
1883 3906 2005 3958 ἔτυ-

421 4010 536 4062 χον.
563 3996 624 4047 Ol
655 3993 712 4047 δὲ
737 3995 1032 4065 Καμπανοὶ
1057 3995 1152 4048 ὑπ’
1182 3994 1545 4060 ἀπαιδευσίας
1569 3995 1904 4066 θρασύτερον
1935 4000 1998 4065 τῇ

421 4085 734 4157 κατηγορίᾳ
795 4087 1162 4156 χρησάμενοι,
1211 4087 1308 4140 καὶ
1367 4086 1806 4158 ὲπετιμήθησαν,
1869 4087 2003 4158 μηδὲ

421 4180 696 4248 παρὸντος
745 4178 841 4230 τοῦ
872 4179 1146 4241 Φλάκκου,
1179 4178 1316 4233 άλλά
1348 4196 1491 4242 τινος
1515 4179 1626 4232 τῶν
1659 4179 2005 4250 ύπεστρατη-

421 4268 678 4338 γηκότων
727 4267 879 4338 αὐτῷ
918 4268 1432 4340 ἀπολογησαμένου.
1485 4267 1749 4338 ’Λλούσης
1799 4269 1856 4322 δὲ
1903 4269 2002 4336 τῆς

421 4360 682 4432 Καπύης,
720 4363 817 4416 καὶ
850 4363 1020 4416 τᾶλλα
1057 4362 1124 4416 τὰ
1157 4362 1320 4433 πέριξ
1351 4361 1667 4432 πολίσματα
1711 4365 1824 4425 τοῖς
1867 4362 1976 4415 Ῥω

2109 3173 2384 3228 solentins
2417 3169 2470 3223 in
2506 3167 2792 3222 consulem
2839 3164 3074 3222 invecti,
3111 3161 3278 3216 etiam
3311 3156 3587 3228 objurgati
3635 3163 3694 3208 et

2108 3261 2562 3336 graviusmultati
2594 3269 2743 3322 sunt,
2774 3259 3000 3312 absente
3031 3256 3247 3310 Flacco,
3273 3262 3330 3304 et
3361 3249 3597 3319 quodam
3624 3261 3692 3300 ex

2108 3359 2230 3427 ejus
2276 3355 2472 3422 legatis
2520 3367 2742 3408 causam
2790 3350 3033 3404 dicente.
3067 3347 3237 3416 Capta
3265 3345 3450 3413 Capua
3477 3384 3490 3398 .
3522 3343 3689 3397 etiam

2111 3451 2357 3505 finititua:
2412 3449 2668 3501 civitates
2721 3443 2986 3498 Romanis
3040 3447 3436 3501 accesserunt,
3493 3444 3696 3505 prteter

2108 3543 2410 3598 Atellanos.
2435 3539 2497 3592 lli
2526 3540 2698 3603 enim,
2726 3537 2863 3591 urbe
2895 3536 3140 3593 deserta,
3179 3547 3304 3587 cum
3337 3530 3609 3583 uxoribus
3635 3533 3691 3578 et

2110 3636 2303 3690 liberis
2350 3633 2674 3686 Annibalem
2723 3630 3004 3684 adierunt.
3047 3625 3227 3680 Etiam
3263 3623 3489 3691 reliquae
3521 3618 3692 3672 Italiae

2110 3737 2316 3796 partes,
2349 3721 2893 3792 Carthaginiensium
2920 3718 3202 3781 studiosae,
3239 3715 3529 3768 mutabant
3573 3711 3695 3764 ani-

2111 3833 2228 3872 mos
2248 3856 2261 3878 ,
2288 3825 2344 3870 et
2374 3833 2402 3870 a
2433 3814 2761 3870 consulibus
2795 3812 2997 3882 passim
3031 3807 3513 3863 circumeuntibus
3550 3801 3692 3856 reci-

2109 3910 2428 3978 piebantur.
2465 3905 2750 3960 Tarentini
2808 3914 2990 3957 autem
3038 3900 3281 3954 nondum
3333 3908 3519 3963 aperte
3565 3910 3690 3949 cum

2110 3999 2375 4057 Romanis
2431 3999 2746 4060 faciebant,
2803 3995 2900 4050 sed
2958 3995 3098 4050 clam
3141 3988 3696 4061 Carthaginiensibus

2108 4091 2277 4164 428
2325 4091 2752 4147 succensebaut.
2786 4089 3020 4144 Romani
3055 4088 3284 4158 petitam
3318 4085 3386 4137 ab
3421 4079 3694 4137 Annibale

2110 4185 2455 4254 captivorum
2499 4183 2962 4254 permutationem
3005 4198 3114 4237 non
3155 4181 3564 4249 impetrarunt,
3620 4172 3694 4226 ob

2114 4275 2526 4336 Carlltaluncm,
2567 4283 2628 4328 ut
2673 4274 2911 4337 hostem,
2963 4273 3106 4326 intra
3140 4269 3341 4324 maenia
3395 4282 3503 4320 non
3539 4278 3693 4317 rece-

2113 4380 2288 4440 ptum.
2326 4368 2694 4434 Quamobrem
2738 4367 2783 4420 is
2817 4367 3013 4427 iratus,
3033 4363 3308 4431 colloquio
3340 4359 3651 4412 detrectato
3675 4393 3691 4418 ,

424 4456 612 4526 μαίοις
673 4457 1216 4527 προσκεχωρήκασι,
1266 4456 1406 4525 πλὴν
1449 4454 1779 4510 Ἀτελανῶν.
1840 4447 2003 4508 Οὗτοι

2111 4437 2292 4516 statim
2331 4460 2579 4514 recessit.
2621 4460 2733 4514 Hoc
2767 4471 3012 4527 tempore
3045 4455 3304 4510 Lavinius
3325 4451 3534 4506 Etulos
3561 4447 3696 4503 Phi-

424 4550 562 4620 γὰρ,
591 4549 905 4614 ἐκλιπόντες
931 4550 1030 4621 τὴν
1053 4549 1208 4604 πόλιν
1231 4551 1432 4615 αὐτῶν,
1463 4549 1732 4619 πανδημεὶ
1758 4550 1893 4617 πρὸς
1914 4548 2004 4600 τὸν

432 4642 688 4696 ’Λννίόαν
715 4643 1024 4714 ἐχώρησαν.
1047 4644 1156 4696 Ka‘t
1183 4643 1218 4713 ἡ
1248 4643 1384 4712 άλλη
1411 4643 1468 4696 δὲ
1503 4643 1705 4710 Ἰταλία
1734 4642 1765 4712 ἠ
1794 4644 1861 4694 τὰ
1896 4641 2004 4693 τῶν

419 4736 815 4804 Καρχηδονίων
871 4734 1145 4805 φρονοῦσα
1185 4734 1484 4804 ἠλλοιοῦτο.
1538 4735 1648 4788 Καὶ
1701 4733 2006 4802 περιιόντες

2111 4551 2244 4620 lippi
2275 4551 2456 4604 socios
2476 4549 2580 4603 sibi
2612 4548 2958 4612 conciliavit,
2997 4556 3053 4602 et
3076 4546 3388 4614 Philippum
3425 4556 3598 4609 usque
3626 4537 3694 4592 ad

2112 4642 2410 4711 Corcyram
2449 4656 2798 4709 progressum
2864 4640 2941 4696 ita
2995 4638 3218 4698 terruit,
3246 4644 3309 4690 ut
3338 4633 3590 4703 trepidus
3640 4631 3694 4683 in

2115 4733 2488 4787 Macedoniam
2528 4748 2586 4785 so
2636 4733 2927 4802 reciperet.

418 4829 470 4880 οί
500 4827 700 4880 ὕπατοι
754 4827 1182 4899 προσεποιοῦντο
1222 4827 1412 4896 αὑτήν.
1448 4829 1770 4897 Ταραντῖνοι
1832 4825 1888 4877 δὲ
1928 4826 2178 4895 φανερῶς
2211 4825 2310 4893 μὲν
2375 4823 2592 4876 ούδέπω
2647 4824 2716 4874 τὰ
2736 4825 2843 4875 τῶν
2875 4822 3167 4894 Ῥωμαίων
3189 4821 3453 4894 ᾑροῦντο*
3511 4817 3691 4886 λάθρα

419 4919 482 4974 δὲ
528 4920 642 4982 τοῖς
687 4921 1089 4992 Καρχηδονίοις
1126 4921 1373 4993 ἤχθοντο.
1426 4923 1489 4974 Οἱ
1519 4921 1564 4974 δ’
1591 4923 1648 4974 ὲν
1692 4921 1758 4989 τῇ
1804 4918 1992 4992 Ῥώμῃ
2030 4919 2532 4988 διεκηρυκεύσαντο
2589 4918 2665 4986 τῷ
2729 4916 2950 4987 Ἀννίϐᾳ
2979 4918 3337 4970 ἀνταπόδοσιν
3363 4914 3471 4966 τῶν
3496 4915 3695 4980 αἰχμα-

421 5015 616 5071 λώτων
669 5016 1030 5088 ποιήσασθαι,
1089 5017 1150 5069 οὐ
1213 5014 1624 5084 κατηλλάξαντο
1673 5015 1732 5068 δὲ
1779 5014 2002 5077 αὐτοὺς,
2079 5013 2206 5066 ἐπεὶ
2268 5013 2371 5066 οὐκ
2427 5012 2679 5077 ἐδέξαντο
2742 5012 2834 5065 τὸν
2885 5013 3231 5084 Καρθάλωνα
3290 5010 3385 5064 τοῦ
3480 5007 3694 5075 τείχους

422 5117 600 5180 ἐντὸς,
657 5117 733 5181 ῶς
781 5118 1066 5188 πολέμιον.
1113 5118 1241 5171 Οὐδ’
1293 5119 1350 5181 ὲς
1398 5117 1589 5184 λόγους
1650 5118 1758 5186 γὰρ
1815 5117 2000 5179 αὐτοῖς
2036 5116 2213 5170 ἐλθεῖν
2294 5115 2584 5184 ἠθέλησεν,
2633 5113 2794 5175 εὐθὺς
2841 5110 2898 5163 δὲ
2949 5108 3294 5180 ὠργισμένος
3363 5101 3684 5171 ἀνέστρεψε·

423 5212 562 5264 Τότε
605 5212 793 5280 μέντοι
839 5213 934 5265 καὶ
1016 5213 1044 5264 ὀ
1111 5213 1397 5276 Δαουῖνιος
1447 5214 1574 5276 τοὺς
1651 5213 1926 5274 Αἰτωλοὺς
1972 5211 2400 5281 συμμαχοῦντας
2459 5209 2716 5279 Φιλίππῳ
2767 5204 3256 5276 προσηταιρίσατο,
3320 5199 3413 5253 καὶ
3472 5197 3564 5250 τὸν
3601 5197 3692 5248 Φίο

420 5306 624 5360 λιππον
669 5307 833 5376 μέχρι
869 5305 1163 5378 Κερκύρας
1191 5307 1628 5377 προχωρήσαντα
1679 5302 1836 5370 αὖθις
1880 5307 2232 5376 ἐξεφόϐησεν.
2263 5304 2402 5358 ῶστε
2433 5304 2528 5358 καὶ
2556 5309 2608 5367 ἐς
2640 5306 2739 5375 τὴν
2773 5299 3114 5357 Μακεδονίαν
3152 5301 3303 5366 τάχει
3345 5291 3684 5346 ἐπανελθεῖν.

493 5423 566 5476 κ’.
601 5423 664 5476 Οἱ
704 5422 759 5475 δὲ
805 5424 860 5473 ὲν
889 5424 958 5492 τῇ
999 5421 1184 5493 Ῥώμῃ
1241 5422 1400 5474 Γαῖον
1453 5421 1720 5474 Κλαύδιον
1755 5421 1987 5490 Νέρωνα

418 5513 500 5575 τίς
523 5513 620 5582 τὴν
659 5510 894 5582 Ἰϐηρίαν
928 5510 1068 5580 μετὰ
1093 5513 1200 5564 τῶν
1226 5511 1572 5580 στρατιωτῶν
1595 5511 1689 5564 ἕπε
1701 5511 1870 5580 μψαν,
1899 5512 1996 5563 καὶ

417 5605 478 5667 ὃς
516 5603 915 5674 περιεκομίσθη
966 5604 1044 5674 τῷ
1089 5602 1327 5671 ναυτικῷ
1386 5602 1546 5673 μέχρι
1602 5602 1696 5655 τοῦ
1748 5602 1994 5672 I161190;.

422 5699 598 5751 Ἔνθα
628 5701 723 5750 καὶ
751 5695 821 5750 τὰ
847 5695 1010 5750 λοιπὰ
1046 5699 1436 5767 στρατεύματα
1483 5695 1756 5765 εὑρηκὼς,
1795 5694 1995 5764 ἐπῆλθε

421 5789 502 5860 τῷ
553 5790 875 5862 Ἀσδρούϐα,
931 5792 1061 5860 πρὶν
1107 5788 1419 5860 γνωσθῆναι
1471 5789 1552 5842 ὅτι
1589 5787 1824 5858 πάρεστι
1887 5787 1994 5840 Καὶ

2172 5417 2283 5472 Vll.
2321 5417 2385 5474 (ἓ.
2433 5418 2695 5474 Claudius
2729 5417 2872 5473 Nero
2906 5431 3030 5470 eum
3079 5413 3347 5468 militibus
3394 5410 3445 5461 in
3488 5408 3685 5474 Hispa-

2102 5513 2248 5562 niam
2291 5509 2490 5564 missus
2529 5518 2634 5569 est,
2674 5518 2730 5564 et
2782 5510 2955 5564 classe
3007 5521 3178 5576 usque
3222 5504 3286 5558 ad
3328 5503 3540 5555 Iberum
3587 5514 3685 5552 ve-

2105 5609 2266 5654 ctus:
2307 5600 2399 5654 ubi
2436 5602 2650 5656 caeteris
2695 5600 2859 5654 etiam
2914 5598 3224 5668 legionibus
3281 5592 3536 5647 inventis.
3577 5591 3683 5645 As—

2102 5692 2408 5757 drubalcm,
2445 5693 2761 5763 priusquam
2789 5688 2914 5747 eum
2963 5692 3152 5744 ale-se
3195 5695 3398 5743 nosset.
3449 5701 3674 5754 Oppres-

2104 5802 2224 5842 sum
2258 5786 2613 5841 circumvenit
2648 5804 2660 5838 :
2707 5786 2799 5840 sed
2850 5787 3114 5853 tlercpIus
3145 5793 3243 5836 est.
3297 5779 3495 5835 Videtis
3531 5779 3678 5832 enim
