4050 6210
385 283 492 344 731
1695 274 1995 335 JOANNI!

2097 275 2389 341 ιΟΝΑΒιΕ
3553 283 3660 349 ’132

389 391 664 449 Asdrubal
732 407 791 447 se
841 389 1117 445 irretitum
1178 403 1331 448 esse.
1401 385 1864 441 caduceatoribus
1916 385 1982 441 ad

2097 393 2639 464 περιστοιχισάμειος
2691 394 2877 455 αὐτὸν.
2927 394 3206 464 ἠπατήθη.
3267 393 3415 447 Ἰδὼν
3467 394 3579 465 γὰρ
3635 399 3665 448 ὁ

391 486 662 542 Neronem
690 483 899 543 missis.
929 498 987 536 se
1012 498 1075 536 ea
1110 481 1430 535 conditione
1455 478 1656 532 dimitti
1689 479 1871 548 petiit,
1914 487 1976 533 ttt

2097 484 2442 552 Ἀσδρούϐας.
2479 485 2550 548 ὡς
2575 485 2937 554 ἀπείληπται,
2966 485 3498 557 προεκηρυκεύσατο
3522 487 3662 555 πρὸς

392 587 501 633 tota
534 576 792 646 Hispania
820 573 1134 630 excederet.
1172 572 1348 639 Quam
1372 587 1496 626 cum
1535 570 1624 625 ille
1663 569 1863 639 cupide
1888 585 1977 624 ac-

2097 575 2168 629 τδν
2190 577 2442 645 Νέρωνα,
2469 576 2611 630 ὥστε
2641 577 2741 648 τὴν
2767 576 3009 648 Ἰϐηρίαν
3035 578 3218 631 πᾶσαν
3255 578 3481 648 ἀφεθεὶς
3516 580 3666 632 ἐκλι-

393 670 648 735 eopisset,
687 663 974 734 pactiones
1020 660 1502 729 procrastinando.
1550 657 1688 711 alios
1737 656 1790 710 in
1841 657 1979 711 alios

2097 672 2224 727 πεῖν.
2270 670 2362 734 Ὠς
2405 670 2452 723 δ’
2486 673 2689 734 ἐκεῖνος
2720 671 2849 729 τοὺς
2891 671 3083 738 λόγους
3110 672 3365 738 ἁσμένως
3418 671 3661 736 ἐδέξατο,

416 773 606 811 mutes
636 754 865 808 dimisit.
897 752 999 820 Qui
1050 766 1177 805 cum
1206 750 1536 813 evasissent,
1585 748 1846 802 Romanis
1883 763 1978 818 spe

394 849 541 919 petis
567 846 832 901 excubias
866 860 976 899 non
1012 842 1370 904 habentibus.
1406 840 1673 910 postridie
1702 843 1770 896 ad
1810 839 1981 895 Nero-

393 955 516 995 nem
554 940 608 992 in
656 936 994 1007 colloquium
1044 936 1220 991 venit.
1271 932 1379 990 Sed
1425 942 1600 988 totum
1651 933 1796 987 diem
1846 946 1981 987 con-

390 1032 651 1101 sumpsit,
684 1031 1007 1100 priusquam
1061 1027 1367 1098 quidquam
1410 1022 1852 1079 conﬁrmaretur.
1888 1022 1995 1077 lti-'

392 1127 631 1194 demque
674 1131 844 1178 noctu
893 1122 1032 1177 alios
1080 1120 1311 1182 dimisit,
1350 1126 1408 1174 et
1455 1119 1538 1172 sie
1578 1117 1703 1172 aliis
1760 1130 1983 1186 quoque

392 1215 593 1271 diebus
618 1213 771 1272 fecit.
822 1212 1058 1267 subinde
1093 1210 1301 1281 aliquid
1334 1211 1389 1265 in
1438 1208 1615 1277 pactis
1650 1206 1981 1263 cavillando.

394 1308 642 1376 Denique
690 1314 748 1361 et
794 1305 913 1374 ipse
964 1318 1092 1359 cum
1143 1301 1399 1372 equitatu
1452 1309 1510 1356 et
1558 1298 1870 1369 elephantis
1924 1311 1995 1352 se.

394 1400 695 1463 subduxit,
744 1407 802 1453 et
866 1395 1074 1452 Neroni
1135 1392 1503 1449 formidabilis
1573 1390 1806 1446 exstitit.
1863 1388 1985 1457 Quo

395 1495 584 1549 Romae
615 1492 856 1563 cognito,
888 1503 1191 1557 successor
1243 1486 1447 1542 Neroni
1484 1485 1651 1539 datus
1696 1491 1803 1539 est.
1843 1481 1981 1538 Cum

394 1590 582 1636 autem
613 1582 984 1645 dubitaretur,
1020 1578 1145 1648 quis
1183 1578 1303 1646 ejus
1338 1577 1461 1630 loco
1496 1574 1798 1630 mittendus
1839 1579 1989 1627 esset

399 1677 599 1743 (neque
647 1670 795 1727 enim
841 1685 928 1725 res
975 1669 1276 1739 quemlibet
1309 1665 1666 1738 postulabat).
1720 1672 1775 1719 et
1829 1662 1982 1716 multi

396 1763 550 1818 clade
597 1762 916 1833 Scipionum
960 1761 1376 1816 deterrerentur
1409 1775 1424 1812 :
1456 1759 1514 1813 P.
1562 1755 1839 1826 Scipio,is
1885 1755 1980 1825 qui
2016 1755 2059 1810 Β

398 1865 609 1924 patrem
640 1856 991 1908 vulneratum
1037 1848 1407 1913 conservavit,
1447 1848 1594 1904 ultro
1628 1862 1688 1901 se
1732 1846 1800 1901 ad
1836 1846 1983 1900 illam

397 1945 809 2018 expeditionem
838 1944 1062 2007 obtulit,
1089 1941 1323 2013 juvenis
1352 1940 1557 1995 virtute
1600 1936 1987 2009 praestantissi-

405 2053 547 2102 mus,
584 2045 643 2093 et
682 2036 892 2107 optime
937 2034 1224 2090 institutus
1255 2049 1270 2088 ε
1308 2032 1605 2100 statimque
1633 2038 1719 2084 est
1751 2029 1986 2083 electus.

402 2127 510 2184 Sed
540 2143 665 2182 cum
704 2141 815 2182 non
842 2125 1015 2180 multo
1048 2132 1171 2195 post
1201 2124 1322 2194 ejus
1351 2122 1545 2193 judicii
1573 2119 1837 2192 populum
1869 2134 1988 2190 pcn-

400 2218 678 2279 nituisset.
725 2226 841 2271 tum
877 2216 949 2271 ob
993 2223 1209 2270 aetatem
1251 2222 1478 2286 (annum
1535 2212 1684 2267 enim
1728 2219 1989 2280 quartum

400 2322 458 2367 et
489 2310 809 2365 vicesimum
859 2310 1095 2381 agebat),
1144 2320 1258 2360 tum
1309 2315 1534 2376 propter
1580 2305 1805 2360 domum
1850 2306 1988 2371 ejus,

401 2403 573 2471 patris
595 2411 652 2457 et
680 2401 859 2471 patrui
890 2400 1117 2455 interitu
1156 2399 1429 2452 funestam
1462 2413 1477 2450 :
1520 2396 1703 2452 denuo
1730 2395 1783 2450 in
1813 2394 1993 2465 publi-

401 2511 527 2549 cutn
564 2508 910 2564 progressus,
950 2508 1051 2562 pro
1088 2491 1355 2545 concione
1389 2489 1637 2560 patribus
1661 2486 1993 2555 conscriptis

403 2595 477 2643 ita
507 2587 796 2651 satisfecit,
827 2594 887 2640 ut
927 2584 1221 2654 imperium
1256 2584 1307 2637 ei
1357 2598 1469 2637 non
1514 2581 1841 2646 adimerent,
1896 2576 1992 2633 sed

401 2681 472 2736 Μ.
513 2680 764 2743 Junium,
813 2679 993 2733 virum
1031 2692 1243 2739 senem,
1300 2675 1565 2745 collegam
1610 2673 1991 2744 adjungerent.

404 2776 532 2829 l'ost
561 2774 691 2828 inec
710 2788 798 2828 res
829 2772 1075 2826 Romana
1098 2786 1208 2824 non
1230 2769 1365 2823 citra
1391 2782 1666 2821 :erumnas
1706 2766 1760 2819 in
1795 2764 1996 2820 melius

405 2865 606 2920 mutari
637 2866 823 2934 erepit.
851 2862 1141 2918 Marcellus
1158 2864 1327 2920 enim.
1357 2875 1484 2916 cum
1519 2858 1809 2914 absolutus
1828 2865 1993 2922 esset,

406 2957 733 3014 Annibalem
758 2972 1074 3026 aggressus.
1100 2954 1364 3024 pleraque
1384 2962 1545 3008 caute
1567 2950 1994 3018 administravit,

403 3066 528 3107 cum
560 3050 866 3120 desperatis
881 3046 1047 3119 429
1065 3045 1386 3101 hominibus
1405 3052 1623 3098 certare
1646 3039 1992 3097 veritus.Scd

402 3144 448 3197 si
474 3142 695 3213 quando
722 3133 1016 3211 cenﬂigere
1037 3152 1262 3192 necesse
1290 3145 1430 3201 erat,
1453 3135 1743 3205 prudentia
1768 3147 1988 3201 magna-

408 3236 655 3289 nimitate
685 3241 1006 3303 temperata,
1032 3230 1288 3300 superior
1319 3228 1605 3284 evadebat.
1631 3226 1869 3282 Annibal
1894 3239 1987 3278 au-

402 3338 512 3384 tem
538 3336 653 3380 tum
684 3341 749 3380 ea
766 3324 835 3380 de
856 3338 1042 3381 causa.
1061 3333 1176 3376 tum
1206 3320 1351 3392 quod
1379 3320 1447 3374 ab
1472 3318 1597 3374 aliis
1610 3316 1776 3372 sociis
1799 3316 1992 3371 civita-

406 3423 554 3476 tibus
574 3419 847 3481 desertus,
864 3417 932 3470 ab
950 3416 1074 3472 aliis
1098 3414 1438 3470 deserendus
1462 3421 1604 3474 erat,
1633 3423 1745 3465 tum
1769 3419 1995 3480 propter

404 3512 511 3565 alia
535 3510 806 3581 quaedam,
843 3523 909 3564 ea
951 3507 1072 3562 loca
1107 3521 1230 3575 qua:
1263 3503 1402 3558 tucri
1434 3502 1721 3572 nequibat,
1778 3508 1994 3553 vastare

407 3603 667 3659 instituit.
704 3602 954 3672 Cumque
985 3600 1191 3655 multos
1216 3605 1485 3658 vexnsset,
1511 3612 1542 3650 a
1570 3595 1821 3666 pluribus
1842 3593 1997 3648 dese-

407 3698 650 3753 rebatur.
670 3695 728 3750 ln
757 3694 893 3748 urbe
912 3703 1096 3748 autem
1114 3691 1327 3760 Salapia
1355 3689 1461 3744 tale
1486 3686 1746 3755 quiddam
1772 3684 1989 3741 accidit.

409 3790 527 3843 Duo
547 3787 652 3842 viri
672 3800 898 3842 summie
915 3799 1099 3840 rerum
1124 3782 1200 3838 ibi
1227 3790 1519 3852 prteeraut,
1545 3779 1689 3834 inter
1707 3792 1766 3832 se
1784 3776 1997 3832 dissen-

409 3881 628 3936 tientes.
682 3878 820 3934 Nam
872 3876 1089 3933 Alinius
1140 3870 1714 3942 Carthaginiensibus,
1748 3867 1998 3924 Plautius

408 3972 670 4032 Romanis
698 3969 974 4032 studebat,
1001 3977 1059 4023 et
1091 3981 1216 4035 cum
1243 3964 1425 4019 Alinio
1454 3963 1523 4019 de
1560 3962 1693 4018 urbe
1732 3961 2000 4016 Romanis

406 4064 675 4119 tradenda
708 4063 1015 4118 collocutus
1044 4067 1185 4114 erat.
1216 4056 1375 4125 Quod
1411 4071 1538 4111 cum
1577 4054 1669 4110 ille
1695 4052 1881 4110 statim
1929 4052 1994 4107 ad

408 4156 733 4210 Annibalem
767 4153 1082 4212 detulisset.
1120 4152 1172 4205 in
1203 4151 1292 4218 jus
1324 4147 1597 4203 adductus
1618 4156 1705 4201 est
1728 4145 1996 4201 Plautius.

409 4251 678 4307 Annibale
712 4259 897 4306 autem
943 4265 1067 4302 cum
1115 4246 1183 4302 iis
1223 4246 1318 4316 qui
1352 4245 1409 4300 itt
1459 4243 1695 4299 consilio
1745 4242 1995 4305 aderant,

405 4344 479 4399 de
508 4345 629 4416 ejus
685 4343 955 4414 supplicio
1002 4342 1368 4405 deliberante,
1410 4353 1580 4393 ausus
1626 4345 1713 4394 est
1766 4338 1818 4391 in
1868 4352 2000 4392 con-

2082 759 2523 828 ἀναϐαλλόμενος
2555 761 2643 813 ἶνα
2670 760 2770 822 τὰς
2803 760 3079 830 συνθήκας
3108 765 3174 831 τῇ
3208 761 3473 831 ὑστεραίᾳ
3505 767 3635 831 ποίη
3655 793 3666 803 -

2084 868 2266 922 σηται,
2311 852 2665 923 ὑπεξέπεμψε
2721 855 2819 922 τῆς
2876 855 3072 917 νυκτὸς
3122 855 3315 915 ἄλλους
3370 854 3507 925 ἄλλῃ
3555 854 3665 907 τῶν

2081 947 2245 1017 ὁρῶν.
2276 945 2669 1011 Διεξελθόντων
2691 947 2736 1001 δ’
2767 948 3017 1008 ἐκείνων.
3053 948 3149 1001 ἅτε
3191 947 3267 1017 μὴ
3291 946 3545 1015 φυλακῆς
3572 946 3666 1000 οὖ-

2086 1053 2186 1107 σης
2216 1037 2368 1107 παρὰ
2390 1035 2500 1091 τῶν
2539 1038 2833 1106 Ῥωμαίων
2853 1037 2944 1092 διὰ
2971 1037 3070 1099 τὰς
3101 1037 3212 1091 τῶν
3243 1037 3490 1091 σπονδῶν
3512 1038 3664 1091 ἐλπί-

2083 1129 2205 1196 δας,
2231 1125 2363 1200 ἦλθε
2392 1129 2491 1201 μὲν
2514 1134 2581 1201 τῇ
2606 1131 2851 1204 ἐπιούσῃ
2872 1132 2932 1194 ἐς
2960 1130 3155 1199 λόγους
3167 1129 3243 1199 τῷ
3258 1130 3498 1200 Νέρωνι,
3529 1148 3667 1184 κατ⁴

2087 1219 2277 1291 ἐτριψσ
2325 1221 2385 1276 δὲ
2427 1222 2610 1276 πᾶσαν
2636 1221 2828 1293 αὐτὴν.
2864 1222 2993 1294 πρίν
3015 1241 3069 1276 τι
3088 1223 3534 1290 ὲπικυρωθῆναιτ
3555 1222 3667 1276 Καὶ

2085 1309 2241 1377 αὖθις
2269 1313 2463 1379 ἄλλους
2491 1317 2590 1387 τῆς
2616 1316 2819 1379 νυκτὸς
2844 1317 3046 1385 ὁμοίως
3068 1314 3387 1382 ἀπέπεμψε.
3413 1314 3589 1367 τοετο
3610 1314 3668 1367 δὲ

2085 1404 2183 1458 καὶ⁵
2231 1406 2290 1459 ἓν
2339 1405 2529 1469 ἄλλαις
2583 1409 2728 1462 τισὶν
2784 1407 3024 1477 ἡμέραις
3081 1407 3285 1477 ὁμοίως
3342 1407 3668 1475 πεποίηκεν,

2087 1496 2450 1564 ἀμφισϐητῶν
2494 1514 2618 1551 τινα
2661 1498 2720 1551 δν
2763 1501 2830 1568 τῇ
2868 1497 3159 1568 συμϐάσει.
3198 1496 3583 1568 Προελθόντων
3610 1497 3671 1549 δὲ

2087 1588 2194 1641 τῶν
2222 1588 2407 1654 πεζῶν
2454 1590 2736 1653 ἁπάντων,
2774 1589 2930 1652 τέλος
2979 1590 3075 1643 καὶ
3100 1589 3265 1654 αὐτὸς
3310 1590 3408 1643 σὺν
3434 1591 3548 1651 τοῖς
3579 1591 3670 1642 ἱπ-

2087 1678 2254 1733 πεῦσι
2278 1679 2510 1743 καὶτοῖς
2533 1681 2795 1748 ἐλέφασιν
2821 1679 3211 1751 ὑπεξεχώρησε
3229 1694 3242 1708 ο
3262 1678 3360 1732 καὶ
3380 1678 3671 1740 διασωθεὶς

2088 1771 2318 1841 φοϐερὸς
2378 1767 2537 1837 αὖθις
2595 1771 2675 1842 τῷ
2726 1771 2944 1841 Νέρωνι
2993 1770 3238 1839 ἐγένετο.
3279 1771 3564 1831 Μαθὸντες
3614 1769 3672 1823 δὲ

2087 1861 2263 1919 ταῦτα
2302 1863 2352 1916 oi
2382 1865 2443 1917 ὲν
2472 1866 2541 1934 τῇ
2580 1864 2771 1936 Ῥώμῃ
2803 1862 2900 1918 τοῦ
2936 1863 3189 1933 Νέρωνος
3222 1864 3325 1932 μὶν
3361 1862 3671 1929 κατέγνων,

2089 1954 2236 2027 ἄλλῳ
2273 1955 2328 2009 δέ
2361 1972 2468 2009 τινι
2498 1956 2595 2025 τὴν
2632 1956 2931 2027 ἠγεμονίαν
2966 1955 3310 2025 ἐψηφίσαντο
3340 1956 3673 2026 ἐγχειρίσαι.

2100 2045 2478 2117 Ἀπορούντων
2501 2042 2595 2101 οὗν
2633 2047 2755 2100 τίνα
2784 2046 2852 2100 ἂν
2881 2047 3285 2100 ἀποστείλωσιν
3313 2046 3397 2113 (ού
3429 2047 3541 2115 γὰρ
3576 2044 3676 2115 τοῦ

2089 2141 2348 2209 τυχόντος
2392 2137 2583 2208 ἀνδρὸς
2636 2136 2808 2192 ἐδεῖτο
2844 2135 2915 2191 τὰ
2959 2134 3314 2205 πράγματα),
3352 2136 3449 2189 καὶ
3489 2135 3678 2188 πολλοὶ

2090 2231 2249 2285 τοῦτο
2275 2229 2366 2283 διὰ
2397 2229 2458 2282 τὸ
2486 2229 2595 2284 τῶν
2621 2228 2942 2283 Σκιπιώνων
2969 2229 3141 2290 πάθος
3163 2227 3467 2292 ἐξίσταντο,
3495 2226 3524 2277 ὁ
3552 2227 3680 2279 Σκεο

2093 2320 2234 2374 πίων
2253 2320 2365 2389 (58)
2396 2322 2602 2384 ἐκεῖνος
2630 2321 2659 2373 ὁ
2685 2319 2976 2383 Πούπλιος,
2997 2320 3026 2372 ὁ
3051 2320 3142 2373 τὸν
3163 2320 3376 2389 πατέρα
3395 2317 3679 2392 τρωθέντα

2096 2411 2296 2474 σώσας,
2330 2411 2523 2464 ἑαυτὸν
2554 2410 2951 2483 ὲθελοντὴςείς
2981 2410 3080 2480 τὴν
3121 2411 3415 2480 στρατείαν
3465 2409 3679 2464 ἐπέδω-

2096 2522 2211 2559 κεν.
2236 2501 2348 2557 Ἦν
2377 2505 2435 2558 δὲ
2475 2503 2573 2557 καὶ
2615 2504 2788 2574 ἀρετῇ
2819 2504 3112 2575 κράτιστος
3144 2503 3238 2556 καὶ
3273 2502 3495 2573 παιδείᾳ
3531 2501 3682 2569 λογι-

2100 2597 2344 2668 μώτατος
2365 2614 2380 2630 ο
2408 2597 2503 2650 καὶ
2529 2597 2879 2667 παραχρῆμα
2911 2596 3012 2665 μὲν
3039 2596 3234 2667 ᾑρέθη.
3260 2593 3586 2665 Μεταμέλον
3618 2594 3680 2647 δὲ

2097 2686 2157 2740 ού
2190 2686 2372 2756 πολλῷ
2403 2684 2630 2753 ὕστερον
2654 2684 2746 2738 διά
2773 2703 2833 2737 τε
2868 2683 2967 2756 τὴν
2999 2685 3217 2755 ἡλικίαν
3247 2682 3416 2736 αὐτοῦ
3460 2683 3680 2753 (τέταρ-

2098 2793 2191 2830 τον
2222 2777 2332 2846 γὰρ
2355 2777 2448 2829 καὶ
2473 2774 2720 2829 εἰκοστὸν
2750 2774 2870 2839 ἔτος
2896 2775 2995 2844 τῆς
3025 2775 3172 2840 ζωῆς
3199 2769 3322 2843 ἦγε)
3348 2773 3443 2826 καὶ
3476 2774 3559 2826 ὃτι
3584 2776 3681 2825 καὶ

2100 2871 2134 2939 ἡ
2172 2868 2327 2922 οἰκία
2356 2866 2522 2920 αὑτοῦ
2556 2867 2645 2920 διὰ
2668 2867 2761 2919 τὸν
2790 2866 2883 2919 τοῦ
2917 2866 3125 2937 πατρὸς
3152 2865 3367 2919 καὶτοῦ
3393 2865 3542 2919 θείου
3564 2864 3682 2918 ϐλε-

2103 2960 2231 3031 θρον
2261 2960 2501 3021 ἐπένθει,
2531 2954 2696 3030 ἦλθεν
2735 2954 2891 3021 αὖθις
2933 2959 3014 3021 εἰς
3045 2958 3105 3011 τὸ
3132 2958 3313 3012 κοινὸν
3355 2957 3683 3028 καὶιὲδημη-

2025 3087 2068 3146 c
2103 3053 2330 3122 γὸρησε,
2364 3052 2459 3104 καὶ
2497 3044 2580 3114 οἷς
2624 3046 2746 3102 εἶπε
2797 3049 3128 3114 καταιδέσας
3161 3049 3289 3114 τοὺς
3329 3050 3429 3119 τῆς
3458 3050 3677 3119 βουλῆς,

2100 3142 2199 3211 τὴν
2258 3140 2357 3210 μὲν
2412 3139 2588 3211 ἀρχὴν
2629 3141 2730 3193 οὐκ
2763 3139 3050 3213 ἀφῃρέθη·
3092 3140 3312 3210 Μάρκος
3345 3140 3403 3193 δὲ
3434 3139 3679 3204 Ἰούνιος,

2101 3231 2240 3301 ἀνὴρ
2271 3232 2522 3303 γηραιὸς,
2560 3232 2969 3304 προσεπέμφθη
3018 3233 3189 3303 αὐτῷ.
3222 3234 3347 3296 Τοῖς
3388 3233 3684 3303 Ῥωμαίοις

2101 3325 2158 3378 δὲ
2188 3326 2328 3394 μετά
2357 3325 2530 3379 ταῦτα
2558 3326 2625 3379 τὰ
2650 3326 2953 3396 πράγματα
2979 3327 3079 3379 οὐκ
3119 3323 3517 3394 ἀταλαιπώρως
3544 3323 3682 3394 ἐχώ-

2103 3433 2269 3487 ρησεν
2328 3418 2409 3480 είς
2462 3417 2524 3470 τὸ
2581 3417 2808 3486 βέλτιον.
2847 3417 2905 3470 '0
2953 3419 3064 3488 γὰρ
3097 3416 3443 3488 Μάρκελλος,
3485 3416 3681 3486 ἐπειδὴ

2103 3508 2509 3580 κατηγορηθεὶς
2540 3508 2815 3579 ἀπελύθη,
2847 3508 3114 3580 ὥρμησεν
3158 3510 3251 3562 ἐπὶ
3278 3508 3372 3562 τὸν
3405 3508 3680 3573 Ἀννίϐαν,

2103 3599 2200 3653 καὶ
2247 3600 2315 3654 τὰ
2366 3600 2463 3671 μὲν
2493 3601 2722 3655 πλεῖστα
2758 3601 2827 3655 δι’
2851 3602 3158 3670 ἀσφαλείας
3202 3603 3463 3665 ἐποιεῖτο,
3494 3600 3684 3665 δεδιὼς

2105 3690 2240 3763 πρὸς
2276 3693 2748 3763 ἀπονενοημένως
2797 3694 3296 3749 ἀποκινδυνεῦσαι·
3338 3695 3389 3747 si
3438 3694 3496 3748 δέ
3551 3711 3684 3746 ποτε

2103 3788 2431 3859 ἠναγκάσθη
2465 3788 2795 3859 προσμίξαι,
2837 3788 3103 3858 κρείττων
3141 3789 3207 3842 ὲκ
3231 3790 3551 3858 φρονήσεως
3589 3788 3685 3841 εύ-

2103 3880 2304 3952 τολμίᾳ
2333 3882 2688 3953 κεκραμένης
2720 3881 2959 3951 ἐγένετο.
3004 3881 3062 3936 '0
3094 3876 3188 3936 οὖν
3230 3881 3480 3944 Ἀννίϐας
3508 3881 3599 3935 διά
3624 3898 3686 3935 τε

2102 3973 2300 4045 ταῦτα.
2343 3976 2439 4029 καὶ
2472 3975 2556 4028 ὅτι
2595 3975 2653 4027 αἱ
2695 3973 2880 4039 πόλεις
2913 3976 2970 4029 ai.
3004 3974 3402 4045 συμμαχοῦσαι
3434 3976 3587 4047 αὐτῷ
3626 3977 3686 4028 αἱ

2109 4067 2207 4137 μὲν
2248 4065 2783 4135 ὲγκαταλελοίπεσαν
2814 4067 3003 4133 αὐτὸν,
3035 4068 3092 4122 αἱ
3133 4068 3191 4122 δὲ
3233 4066 3556 4133 διενοοῦντο,
3590 4071 3689 4121 καὶ

2105 4158 2175 4212 δι’
2228 4158 2371 4230 ἕτερ’
2403 4158 2558 4224 ἄττα,
2598 4158 2849 4213 κακῶσαι
2903 4159 2972 4212 τὰ
3018 4157 3195 4230 χωρία
3238 4157 3276 4212 ἃ.
3312 4159 3388 4229 μὴ
3428 4159 3689 4229 κατέχειν

2105 4247 2218 4317 οἷος
2269 4247 2339 4323 ἦν
2390 4253 2743 4323 ἐπεχείρησε,
2802 4251 2899 4305 καὶ
2954 4252 3173 4317 πολλοῖς
3217 4252 3548 4322 ἐλυμήνατο,
3588 4252 3688 4304 καὶ

2107 4344 2329 4406 πλείους
2358 4344 2447 4398 διὰ
2477 4343 2637 4398 τοῦτο
2665 4344 2984 4413 ἀφίσταντο.
3020 4345 3157 4415 Περὶ
3186 4344 3244 4397 δὲ
3274 4343 3554 4397 Σαλαπίαν
3588 4345 3688 4396 πό-

412 4446 603 4505 δνθειιι
665 4436 818 4491 Ρωηί
873 4449 999 4490 cum
1044 4433 1229 4489 Ᾱιίιὶίο
1286 4432 1471 4486 ἀθηυο
1536 4430 1605 4486 de
1673 4429 1867 4484 eadem
1939 4442 1999 4482 τε
2036 4452 2078 4508 ι)
2105 4438 2191 4492 λιν
2215 4437 2459 4492 τοιοῦτον
2483 4437 2538 4491 δέ
2565 4454 2618 4490 τι
2647 4438 2932 4491 συνέπεσε.
2961 4438 3082 4490 Δύω
3107 4437 3303 4508 ἄνδρες
3330 4436 3409 4490 τὰ
3428 4438 3690 4508 πράγμα-

414 4544 595 4600 agere.
630 4530 728 4584 lllo
762 4543 893 4585 vero
926 4528 1291 4591 exclantante,
1321 4525 1452 4580 Ecce
1487 4540 1624 4588 ecce,
1657 4540 1796 4577 nunc
1838 4525 1999 4577 etiam

413 4624 478 4676 de
500 4622 796 4692 proditione
829 4636 1032 4675 mecum
1066 4621 1175 4691 agit
1195 4637 1213 4674 :
1243 4626 1468 4689 propter
1495 4616 1574 4672 rei
1608 4615 2004 4672 absurditatem

414 4712 651 4769 Annibal
678 4728 789 4767 non
814 4713 1070 4776 credidit,
1096 4725 1337 4780 eumque
1368 4716 1429 4764 ut
1466 4707 1741 4763 calumnia
1774 4707 2006 4779 petitum

413 4807 671 4863 absolvit.
704 4808 973 4863 Absoluto
1019 4822 1106 4871 eo,
1142 4805 1305 4860 ambo
1334 4809 1777 4860 consenserunt:
1822 4807 1882 4856 et
1913 4815 2010 4855 ac-

418 4900 638 4956 cersitis
680 4915 711 4955 a
746 4900 1006 4955 Marcello
1055 4897 1344 4961 militibus,
1389 4895 1710 4965 Punicaque
1753 4891 2010 4964 praesidio

408 5008 583 5056 .cmso,
617 4993 881 5049 Romanis
912 4993 1102 5048 urbem
1137 4989 1506 5047 tradiderunt.
1542 4987 1658 5045 Hoc
1694 4987 2009 5042 Italicarum

404 5102 606 5141 -rerttm
643 5095 811 5151 statu,
840 5086 1009 5143 Siculi
1053 5084 1227 5154 nihilo
1262 5084 1388 5154 plus
1431 5080 1691 5137 faventes
1727 5078 2014 5148 Carthagi-

412 5179 732 5245 niensibus,
764 5180 831 5234 ad
865 5153 1178 5233 Lavinium.
1205 5174 1493 5231 consulem
1519 5190 1578 5229 se
1625 5171 2007 5227 conferebant.

415 5272 980 5344 Carthaginiensibus
1001 5272 1094 5341 qui
1122 5270 1176 5325 in
1210 5269 1397 5325 Sicilia
1440 5276 1599 5322 erant
1642 5266 1836 5321 Hanno
1869 5280 2007 5335 prte-

413 5374 568 5429 erat,
594 5367 699 5423 sub
740 5380 921 5437 eoque
967 5364 1203 5419 Mutinas
1236 5358 1509 5416 militabat
1538 5370 1553 5411 ξ
1590 5358 1685 5429 qui
1736 5373 1861 5413 cum
1893 5357 2005 5428 pri-

418 5458 552 5515 dem
585 5458 838 5516 Annibali
871 5456 1180 5518 familiaris.
1214 5455 1285 5510 ob
1331 5467 1526 5524 magna
1565 5449 1798 5506 ‘virtutis
1838 5465 2008 5519 opera

418 5552 600 5618 edita.
652 5551 916 5609 invidiam
966 5548 1341 5620 suscepisset,
1399 5545 1454 5600 in
1515 5540 1758 5600 Siciliam
1829 5542 2012 5598 fuerat

2107 4546 2176 4584 τα
2230 4528 2412 4583 αὐτῶν
2468 4524 2635 4599 εἴχον,
2683 4526 2933 4598 διάφοροί
2978 4545 3039 4582 τε
3082 4526 3338 4598 ἀλλήλοις
3369 4522 3527 4599 ἦσαν.
3579 4528 3693 4581 Καὶ

2107 4622 2340 4687 Ἀλίνιος
2363 4622 2463 4691 μὲν
2492 4621 2563 4674 τὰ
2583 4620 2692 4674 τῶν
2726 4620 3119 4693 Καρχηδονίων
3151 4621 3390 4693 ἐφρῦνει,
3421 4619 3695 4684 Πλαύτιος

2104 4713 2163 4768 δὲ
2218 4714 2286 4768 τὰ
2328 4712 2438 4768 τῶν
2494 4712 2807 4784 Ῥωμαίων,
2850 4711 2911 4776 ὃς
2955 4712 3050 4767 καὶ
3075 4712 3328 4782 διελέχθη
3356 4711 3436 4781 τῷ
3473 4709 3696 4781 Ἀλινίῳ

2107 4806 2241 4875 περὶ
2269 4806 2564 4878 προδοσίας
2595 4805 2696 4876 τῆς
2729 4807 2813 4869 εἰς
2849 4805 3180 4875 Ῥωμαίους.
3218 4804 3581 4878 Μηνύσαντος
3628 4820 3695 4857 τι

2109 4900 2274 4964 εὐθὺς
2302 4900 2515 4953 ἐκείνου
2546 4898 2625 4969 τῷ
2653 4898 2881 4971 Ἀννίϐᾳ
2913 4898 3110 4962 ταῦτα,
3140 4901 3200 4962 ἐς
3229 4898 3388 4967 δίκην
3412 4897 3635 4970 ὑπήχθη
3663 4898 3697 4949 ὁ

2109 4992 2401 5056 Πλαύτιος.
2429 4992 2835 5063 Βουλευομένου
2870 4993 2926 5046 δὲ
2971 4991 3066 5046 τοῦ
3113 4992 3363 5047 ’Δννίϐου
3398 4992 3539 5062 μετὰ
3583 4991 3695 5044 τῶν

2109 5081 2402 5151 συνέδρων,
2442 5082 2591 5147 ὅπως
2621 5083 2787 5136 αὐτὸν
2817 5081 3062 5144 κολάσει,
3096 5081 3413 5151 ἐτόλμησεν.
3448 5081 3540 5134 ἐπ’
3570 5080 3694 5151 ὄψει

2111 5174 2281 5227 αὑτοῦ
2334 5174 2411 5241 τεῖι
2448 5173 2668 5245 Ἀλινίῳ
2704 5173 2876 5238 πέλας
2924 5191 3028 5227 που
3074 5173 3189 5227 ὄντι
3234 5174 3361 5244 περὶ
3397 5174 3695 5243 προδοσίας

2113 5261 2272 5327 αὖθις
2315 5266 2511 5318 εἰπεῖν.
2541 5265 2974 5336 ’Λναϐοήσαντος
3028 5266 3072 5319 δ’
3120 5265 3351 5326 ἐκείνου.
3393 5265 3535 5323 Ἴδε.
3579 5266 3693 5327 Ide.

2115 5357 2212 5412 καὶ
2235 5356 2352 5411 νῦν
2371 5373 2466 5425 μοι
2485 5357 2614 5425 περὶ
2639 5355 2826 5412 αὐτοῦ
2846 5358 3061 5412 τούτου
3083 5356 3266 5411 λαλεῖ
3277 5374 3292 5389 ·
3320 5358 3422 5410 οὐκ
3446 5357 3697 5411 ἐπίστευ-

2119 5468 2212 5503 σεν
2259 5452 2286 5504 ὁ
2314 5448 2565 5513 Ἀννίϐας
2613 5449 2702 5504 διὰ
2755 5450 2815 5505 τὸ
2851 5448 3078 5511 ἄτοπον,
3111 5449 3245 5502 ἀλλὰ
3284 5449 3379 5503 καὶ
3413 5448 3490 5511 ὡς
3526 5466 3694 5502 συκο-

2120 5539 2491 5612 φαντούμενον
2539 5540 2700 5595 αὑτὸν
2727 5539 3018 5595 ἀπέλυσεν.
3060 5541 3381 5611 Ἀερεθέντος
3423 5541 3501 5607 δὲ,
3538 5540 3695 5609 ὦμοι

1623 5637 1838 5700 Varite
1873 5637 2186 5700 lectiones
2234 5643 2297 5698 et
2338 5643 2529 5701 noue.

500 5747 624 5821 (38)
660 5750 724 5804 ὀ
771 5749 1052 5805 Σκιπίων.
1117 5745 1384 5816 Excerpta
1445 5741 1634 5799 Dionis
1683 5738 2000 5806 Valesiana,
2054 5754 2113 5810 p.
2143 5736 2267 5794 602.
