3902 6202
198 296 297 359 733

1456 292 1868 369 A-NNALIUM
1912 304 2065 367 LlB.
2113 307 2219 368 IX.

3355 312 3469 376 734

201 413 389 483 νήησαν
422 413 746 488 iusto-.2011
774 416 1112 487 στρατιώτας
1144 420 1294 493 παρὰ
1323 420 1418 476 τοῦ
1451 420 1772 495 Μαρκέλλου

1887 424 2185 496 ablegatus.
2249 421 2354 478 Sed
2408 438 2474 478 ne
2530 422 2604 479 ibi
2654 421 2878 493 quidem
2931 425 3188 496 magister
3221 430 3468 499 equitum

195 502 625 572 ἐπαγαγόμενοι,
671 504 776 574 τήν
825 521 885 558 τε
929 509 1175 579 φρουρὰν
1227 510 1338 564 τῶν
1384 513 1776 584 Καρχηδονίων

195 594 529 665 κατέκοψαν,
552 596 647 651 καὶ
674 596 776 668 τὴν
803 588 958 653 πόλιν
986 601 1098 663 τοῖς
1134 599 1425 672 Ῥωμαίοις
1440 605 1773 673 παρέδοσαν.

193 686 299 739 Καὶ
323 685 474 740 οὕτω
502 684 606 758 μὲν
633 689 693 743 ἐν
714 691 779 761 τῇ
804 689 1010 762 Ἰταλίᾳ
1041 689 1200 762 έσχον
1232 694 1345 757 τοῖς
1376 695 1771 765 Καρχηδονίοις

192 778 255 829 τὰ
289 777 621 849 πράγματα,
658 781 752 833 xa‘t
780 781 892 836 οὐδ’
933 784 964 852 ή
1001 784 1222 837 Σικελία
1260 780 1328 858 ἧν
1373 787 1635 840 εὐνοοῦσα
1673 789 1775 840 αύ-

189 870 325 933 τιίς,
381 870 537 925 ἀλλὰ
574 870 652 941 τῷ
697 864 891 943 ὑπάτῳ
925 874 1004 946 τῷ
1042 877 1314 949 Λαουϊνίῳ
1361 877 1772 950 προσεχώρουν.

201 960 421 1029 Ἦγεῐτο
468 962 570 1031 μὲν
616 964 726 1035 γὰρ
753 964 866 1021 τῶν
909 968 967 1020 ἐν
1011 970 1078 1039 τῇ
1129 968 1353 1041 Σικελία
1387 970 1774 1042 Καρχηδονίων

194 1050 436 1105 Ἀννύνο
470 1048 934 1125 συνεστρατεύετο
957 1056 1015 1112 δὲ
1047 1057 1198 1129 αύτῷ
1233 1061 1325 1114 καὶ
1343 1060 1638 1125 Μουτίνας.
1673 1064 1773 1125 Ὀς

1881 517 2047 571 rebus
2081 510 2341 586 praeclare
2390 515 2581 585 gestis,
2639 514 2928 571 Hannonis
2978 517 3184 572 invidia
3244 522 3473 587 evitata,

1878 606 2201 678 magistratu
2234 606 2387 661 abire
2419 616 2643 660 coactus
2680 616 2785 661 est.
2816 606 3030 674 Quibus
3092 608 3310 678 injuriis
3376 628 3475 663 ex-

1893 699 2190 756 acerbatus
2228 699 2295 753 ad
2322 699 2599 754 Romanos
2614 709 2681 755 ‘se
2709 700 2941 755 contulit
2974 720 2985 753 :
3021 716 3084 753 ac
3120 702 3354 770 primum
3382 702 3470 755 ad-

1877 792 2132 864 jumento
2190 789 2332 855 fuit,
2392 798 2452 844 ut
2522 791 2605 845 eis
2684 791 3043 861 Agrigentum
3119 792 3474 861 proderetur.

1882 882 2093 938 Deinde
2129 882 2183 936 in
2217 882 2344 937 aliis
2386 898 2606 952 quoque
2643 884 2810 937 rebus
2850 883 3070 937 natavit
3107 899 3355 952 operam,
3414 892 3477 938 ut

1883 984 2053 1031 totam
2105 974 2351 1032 Siciliam
2425 974 2635 1045 absque
2711 991 2908 1046 magno
2981 976 3173 1031 labore
3242 990 3476 1045 recupe-

1880 1076 2089 1123 rarent.

193 1142 374 1246 uinum:
389 1140 711 1246 regamus
729 1138 1075 1246 aptent-aui.
1102 1148 1415 1246 φθονηθεὶς,
1457 1151 1563 1246 ’ὅτι
1597 1239 1612 1246 _
1631 1153 1845 1246 μεγάλα
1883 1156 2022 1227 ἔργα
2053 1158 2259 1229 ἀρετῆς
2286 1157 2658 1223 ἐπεδείκνυτο,
2698 1159 2753 1222 ἐς
2776 1158 3040 1212 Σικελίαν
3067 1158 3349 1229 ἐπέμφθη.
3386 1157 3478 1219 Ὠς

190 1232 276 1284 οὖν
310 1232 480 1285 κᾶκετ
518 1232 793 1305 λαμπρῶς
825 1232 1112 1307 ἱππέρχει,
1157 1232 1353 1308 φθύνον
1384 1240 1480 1292 καὶ
1514 1239 1654 1310 πρὸς
1683 1240 1778 1294 τοῦ
1822 1244 2092 1311 Ἀννωνος
2127 1241 2299 1317 ὦφλε,
2365 1248 2460 1301 καὶ
2524 1247 2613 1301 διὰ
2644 1247 2805 1301 τοῦτο
2832 1247 2930 1317 τῆς
2957 1249 3263 1319 ἱππαρχίας
3305 1247 3476 1300 ἐπαύ-

190 1328 274 1397 θη.
308 1327 626 1402 Περιαλγὴς
649 1329 784 1399 γοῦν
816 1331 905 1384 δια
937 1333 1110 1385 ταῦτα
1143 1335 1458 1402 γενόμενος,
1525 1334 1661 1404 πρὸς
1722 1335 1851 1401 τοὺς
1898 1336 2213 1409 Ῥωμαίους
2259 1340 2546 1396 ἀπέκλινε.
2586 1341 2695 1395 Καὶ
2749 1340 2968 1411 πρῶτον
3023 1340 3123 1410 μέν
3181 1339 3478 1410 προδοσίαν

200 1420 587 1489 Ἀκράγαντος
637 1422 943 1491 συνέπραξε
1005 1424 1213 1491 σφίσιν.
1276 1422 1408 1479 Εἶτα
1463 1425 1558 1478 καὶ
1604 1424 1775 1480 τᾶλλα
1819 1429 2355 1501 συγκατειργάσατο,
2410 1430 2550 1484 ὥστε
2603 1432 2789 1484 πᾶσαν
2849 1426 3005 1493 αὖθις
3053 1428 3154 1501 τὴν
3222 1428 3475 1483 Σικελίαν

186 1512 275 1567 ὑπ’
311 1510 519 1577 αὐτοὺς
548 1514 680 1569 ἄνευ
709 1513 951 1585 μεγάλου
982 1517 1148 1569 πὸνου
1173 1517 1452 1586 γενέσθαι.

252 1605 345 1661 η’.
395 1598 457 1660 Ὀ
485 1596 764 1669 διἰινάϐιος
795 1609 887 1660 καὶ
920 1611 949 1660 6
971 1596 1239 1673 Φλάκκος,
1284 1609 1452 1675 ἄλλας
1486 1620 1561 1665 τε
1588 1608 1770 1674 πόλεις

186 1697 417 1764 πολλὰς,
452 1697 549 1751 καὶ
588 1697 682 1752 τδν
711 1690 990 1771 Τάραντα,
1022 1701 1117 1754 τοῦ
1151 1702 1399 1757 Ἀννίϐου
1453 1702 1776 1774 κατέχοντος

186 1790 379 1853 αὐτὶν,
445 1788 834 1861 ἐχειρώσαντο.
892 1793 1262 1858 Κελεύσαντες
1328 1796 1439 1867 γάρ
1505 1810 1632 1849 τισι
1676 1794 1777 1866 τὴν

185 1882 461 1955 Βρεττίαν
522 1872 906 1957 κατατρέχειν,
947 1885 1015 1939 ἵν’
1055 1889 1083 1940 6
1119 1885 1371 1951 Ἀννίϐας
1418 1887 1501 1951 είς
1549 1889 1777 1941 ἐπικου-

187 1975 315 2044 ρίαν
342 1974 519 2045 αὐτῆς
543 1975 736 2049 ἀπάρῃ
768 1970 833 2029 ἐκ
868 1966 1173 2049 τάραντος,
1198 1979 1321 2031 ἐπεὶ
1350 1977 1511 2033 τοῦτο
1534 1979 1776 2049 ἐγένετο,

182 2067 441 2131 ΙΙιλάκκος
485 2068 590 2139 μὲν
630 2056 837 2124 ἐκεῖνον
866 2071 1150 2143 ἐπετήρει,
1178 2070 1377 2136 Φάϐιος
1420 2058 1477 2126 δέ
1510 2073 1569 2126 ἐν
1600 2070 1778 2142 τούτῳ

185 2160 386 2222 νυκτὸς
410 2161 490 2231 τῷ
520 2148 759 2233 Τάραντι
805 2164 921 2227 ταῖς
953 2168 1021 2216 τε
1040 2166 1233 2220 ναυσὶν
1261 2167 1378 2235 ἅμα
1401 2165 1495 2219 καὶ
1524 2164 1604 2236 τῷ
1627 2162 1779 2234 πεζῷ

187 2253 549 2327 προσϐαλὼν,
579 2257 646 2327 τῇ
678 2273 738 2309 τε
771 2256 1046 2329 προσϐολῇ
1104 2259 1197 2312 καὶ
1248 2261 1313 2331 τῇ
1360 2260 1622 2333 προδοσίᾳ
1668 2256 1778 2314 εἷλε

186 2346 285 2415 τὴν
317 2346 501 2402 πόλιν.
548 2346 608 2401 Ὀ
642 2342 737 2401 οὖν
764 2348 1017 2413 Ἀννίϐας
1047 2351 1135 2403 διὰ
1169 2352 1267 2422 τὴν
1297 2352 1515 2421 ἀπάτην
1543 2353 1781 2423 ἀχθόμε-

187 2455 297 2502 νος,
334 2436 828 2492 ἀντεπιϐουλεῢται
854 2438 930 2509 τῷ
960 2430 1146 2512 Φαϐίῳ
1176 2441 1498 2496 ἐσπούδασε.
1527 2443 1636 2497 Καὶ
1660 2444 1780 2495 ἐπι-

188 2526 391 2599 στολὴν
420 2526 573 2609 αθτῷ
607 2530 670 2581 ἐκ
698 2528 1077 2583 Μεταποντίου
1127 2530 1203 2595 ὡς
1249 2533 1398 2600 παρα
1429 2532 1539 2585 τῶν
1574 2534 1779 2603 ἐπιχωο

191 2621 330 2692 ρει-ιν
388 2619 485 2673 ἐπὶ
538 2620 799 2693 προδοσίᾳ
851 2621 949 2691 τῆς
998 2621 1206 2685 πόλεως
1241 2622 1507 2693 ἐπεμψεν,
1554 2624 1781 2689 ἐλπίσας

186 2713 627 2785 ἀπερισκέπτως
661 2713 825 2767 αὐτὸν
856 2714 1151 2784 προσιόντα
1177 2714 1539 2785 ἐνεδρεύσειν.
1579 2716 1690 2770 Καὶ
1722 2716 1782 2779 ὃς

189 2804 521 2875 ὑπετὸπησε
578 2804 641 2856 τὸ
695 2805 1091 2877 πραττόμενον,
1158 2805 1255 2860 καὶ
1313 2801 1651 2876 παραϐαλὼν
1712 2808 1781 2862 τᾶι

183 2895 508 2966 γράμματα
537 2897 655 2959 ταῖς
685 2897 996 2960 ἐπιστολαῖς
1020 2896 1087 2960 ἃς
1129 2899 1239 2961 τοῖς
1266 2898 1624 2969 Ταραντίνοις
1651 2901 1782 2955 ποτὲ

186 2987 519 3059 ἐγεγράφει,
558 2986 951 3060 κατεφώρασαν
984 2991 1048 3043 ἐκ
1094 2990 1195 3061 τῆς
1237 2990 1418 3044 αὐτῶν
1463 2991 1783 3063 ὁμοιότητος

1950 1606 2087 1664 Vlll.
2129 1608 2200 1665 At
2251 1609 2455 1665 Fabius
2497 1617 2552 1663 et
2599 1608 2847 1671 Flaccus,
2912 1624 3038 1663 cum
3090 1608 3223 1663 alias
3281 1609 3473 1671 urbes.

1886 1710 1998 1756 tum
2024 1702 2346 1766 Tarentum,
2370 1710 2592 1758 tenente
2639 1706 2753 1756 tum
2794 1700 3083 1765 Annibale,
3113 1701 3473 1771 subegerunt.

1877 1793 2013 1849 Nam
2064 1809 2189 1849 eum
2236 1793 2457 1850 Brutios
2510 1794 2795 1849 incursare
2842 1792 3109 1864 quosdam
3158 1792 3475 1863 iussissent,

1877 1898 2053 1954 eaque
2078 1884 2146 1940 de
2172 1898 2336 1939 causa
2378 1884 2636 1946 Annibal.
2679 1884 2870 1939 relicta
2918 1882 3081 1947 urbe,
3130 1881 3238 1937 illis
3272 1896 3478 1952 suppe-

1878 1978 1983 2033 tias
2033 1978 2158 2039 iret,
2207 1977 2438 2035 Flaccus
2465 1978 2618 2032 illum
2646 1978 2909 2032 observat
2942 1996 2955 2031 :
2990 1972 3197 2031 Fabius
3239 1975 3465 2029 interim

1878 2080 2048 2125 noctu
2109 2069 2317 2141 impetu
2374 2078 2517 2124 terra
2573 2071 2825 2140 marique
2893 2070 3078 2132 facto,
3137 2068 3337 2138 partim
3394 2066 3473 2129 vi,

1882 2161 2076 2232 partim
2128 2158 2440 2232 proditione
2488 2160 2785 2216 Tarentum
2831 2160 2998 2230 cepit.
3059 2157 3231 2225 Quem
3283 2157 3473 2211 dolum

1878 2254 2045 2328 430
2076 2270 2217 2326 :egre
2251 2253 2436 2311 ferens
2473 2254 2729 2317 Annibal,
2783 2254 2895 2323 pari
2932 2253 3059 2308 dolo
3100 2249 3332 2305 Fabium
3388 2250 3473 2304 ul-

1880 2349 2015 2405 cisci
2046 2347 2260 2410 statuit,
2316 2349 2479 2418 eique
2513 2347 2726 2402 litteras
2741 2342 3242 2415 Metapontinorum
3267 2343 3471 2399 civium

1881 2441 2106 2496 nomine
2160 2438 2353 2495 scribit
2389 2439 2457 2495 de
2497 2438 2779 2509 prodenda
2808 2438 3030 2493 civitate
3061 2453 3077 2494 :
3114 2451 3240 2493 eum
3265 2445 3475 2491 temere

1883 2534 2260 2598 accedentem,
2313 2532 2368 2586 in
2420 2531 2651 2586 insidias
2709 2531 3062 2601 delapsurum
3118 2544 3239 2585 esse
3297 2539 3471 2585 ratus.

1882 2625 2086 2681 Verum
2125 2626 2216 2682 ille
2256 2621 2747 2695 suspicatu‘s'quid
2797 2620 2874 2678 rei
2929 2632 3105 2685 esset,
3162 2620 3363 2675 litteris
3409 2619 3476 2674 iis

1884 2732 2009 2771 cum
2040 2716 2150 2770 illis
2196 2714 2556 2784 comparatis,
2609 2727 2748 2783 quas
2803 2711 3101 2783 aliquando
3153 2708 3474 2768 Tarentinis

1888 2810 2211 2879 scripserat,
2253 2794 2483 2862 insidias
2523 2822 2589 2860 ex
2636 2818 2826 2861 earum
2879 2803 3246 2859 similitudine
3277 2802 3477 2871 depre-

1887 2901 2101 2956 hendit.
2159 2900 2458 2955 Enimvero
2519 2898 2723 2968 Scipio,
2779 2896 3033 2968 quamvis
3084 2905 3137 2950 et
3193 2896 3364 2966 patris
3419 2893 3476 2950 et

1886 2993 2067 3065 patrui
2099 2994 2301 3048 caulem
2336 2990 2528 3046 ulcisci
2574 2990 2827 3059 cupiens,
2863 2999 2919 3042 et
2947 2987 3073 3043 belli
3112 2987 3340 3059 gloriam
3379 3003 3468 3041 ex-

184 3082 245 3135 τὸ
280 3080 689 3151 ἐπιϐοἱλευμα.
714 3081 955 3134 Σκιπίων
981 3082 1037 3135 δὲ
1071 3082 1160 3134 τὸν
1190 3082 1349 3136 ἄλλον
1375 3082 1588 3153 χρόνον,
1611 3084 1659 3135 εί
1688 3085 1782 3137 καὶ

1889 3098 2102 3156 petens,
2140 3103 2247 3141 nou
2291 3095 2471 3141 tamen
2504 3083 2845 3155 preparavit,
2895 3082 2966 3136 ob
2998 3082 3239 3136 hostium
3286 3079 3476 3135 multi-

186 3174 516 3247 τιμωρῆσαι
548 3173 625 3243 τῷ
658 3175 826 3244 πατρῖ
859 3174 953 3226 καὶ
976 3172 1055 3244 τῷ
1084 3174 1213 3245 θείῳ
1244 3174 1514 3246 ἐγλίχετο,
1549 3175 1642 3229 καὶ
1678 3173 1781 3243 τῆς

182 3267 281 3321 τοῦ
311 3265 562 3337 πολέμου
600 3265 757 3334 δόξης
789 3267 1054 3338 ὠρέγετο,
1090 3267 1208 3321 ἀλλ’
1255 3269 1356 3321 οὐκ
1396 3268 1659 3338 ἠπείγετο
1695 3268 1784 3322 διὰ

184 3362 245 3415 τὸ
308 3359 526 3430 πλῆθος
579 3359 691 3413 τῶν
742 3360 1025 3417 ἐναντίων.
1064 3361 1223 3415 Ἐπεὶ
1260 3360 1305 3414 δ’
1347 3360 1547 3434 ᾔσθετο
1585 3361 1785 3425 αὐτοὺς

187 3450 569 3522 χειμάζοντας
603 3450 794 3523 πόρρω
828 3468 943 3519 ποι,
975 3451 1219 3517 ἐκείνους
1245 3451 1347 3523 μὲν
1379 3453 1486 3517 εία,
1516 3455 1573 3516 ἐς
1604 3451 1659 3505 δὲ
1686 3451 1785 3524 τὴν

188 3543 533 3617 Καρχηδόνα
590 3543 691 3614 τήν
736 3542 906 3616 ταύτῃ
951 3541 1211 3614 ὥρμησεν
1235 3560 1249 3575 ο
1280 3545 1343 3596 οὐ
1381 3545 1566 3615 μέντοι
1609 3559 1692 3605 τις
1726 3541 1785 3595 τὺ

188 3636 470 3707 παράπαν
496 3634 593 3705 τὴν
624 3636 800 3706 ὁρμὴν
848 3634 1014 3688 αὐτοῦ
1043 3635 1250 3704 ἔγνωκε
1299 3638 1427 3707 πρὶν
1468 3636 1603 3707 πρὸς
1647 3636 1783 3706 αὐτῇ

185 3734 253 3799 τῇ
285 3730 611 3800 Καρχηδόνι
641 3728 920 3797 γενέσθαι,
948 3730 1039 3782 καὶ
1071 3728 1231 3783 ἔλαϐε
1258 3731 1357 3783 σὺν
1388 3730 1536 3799 πόνῳ
1557 3729 1654 3797 τὴν
1686 3727 1785 3780 πό·-

184 3823 298 3878 λιν.
344 3822 617 3895 Ἀλούσης
658 3824 714 3876 δὲ
755 3824 852 3893 τῆς
892 3823 1263 3894 Καρχηδόνος,
1318 3824 1509 3886 στάσις
1549 3822 1785 3892 μεγίστη

190 3914 407 3986 μικροῦ
435 3913 553 3967 τῶν
566 3913 914 3983 στρατιωτῶν
940 3915 1158 3983 ἐγένετο
1182 3917 1268 3969 ἄν.
1294 3912 1401 3966 Τοῦ
1424 3914 1531 3983 γὰρ
1559 3912 1789 3964 Σκιπίω-

188 4027 286 4072 νος
348 4007 619 4077 στέφανον
668 4007 1046 4078 ὑποσχομένου
1102 4006 1297 4060 δώσειν
1332 4004 1408 4077 τῷ
1452 4005 1655 4076 πρώτῳ
1692 4000 1786 4055 τοῦ

187 4104 417 4175 τείχους
461 4092 737 4166 ἐπιϐάντι,
766 4102 878 4155 δύω
912 4099 1125 4171 ἄνδρες,
1162 4100 1191 4152 6
1222 4100 1320 4173 μὲν
1356 4100 1649 4168 Ῥωμαῖος,
1676 4098 1705 4151 6
1742 4098 1787 4151 δ’

190 4198 260 4251 ﬁt
289 4196 408 4249 τῶν
442 4198 747 4266 συμμάχων
775 4195 904 4265 περὶ
928 4192 1094 4247 αὐτοῦ
1119 4193 1565 4264 ἡμιρισϐήτησαν.
1590 4195 1790 4260 Διαφέ-

188 4289 455 4361 ρομένων
476 4289 523 4343 δ’
557 4288 804 4354 ἐκείνων,
837 4286 932 4342 καὶ
966 4287 1026 4340 τὸ
1056 4286 1186 4342 ἄλλο
1216 4286 1418 4356 πλῆθος
1452 4284 1784 4356 ἐθορυϐήθη,

186 4384 293 4436 καὶ
341 4380 438 4435 ἐπὶ
473 4380 727 4436 πλεῖστον
771 4379 1176 4455 ἐταράχθησαν,
1206 4376 1349 4431 ὥστε
1396 4378 1492 4432 καὶ
1531 4376 1703 4430 δεινόν
1736 4394 1789 4430 τι

1888 3179 2133 3235 tudinem
2165 3197 2179 3233 :
2211 3180 2307 3234 sed
2353 3193 2479 3234 cum
2530 3192 2627 3232 eos
2673 3177 2835 3246 longe
2890 3175 2946 3229 in
2997 3173 3249 3229 hibernis
3281 3172 3473 3227 abesse

1885 3274 2255 3342 cognovisset,
2306 3270 2527 3326 omissis
2573 3269 2677 3331 eis,
2729 3276 2879 3322 tanta
2933 3266 3216 3321 celeritate
3258 3272 3314 3319 et
3363 3263 3474 3319 cir-

1885 3366 2303 3435 cnmspectioue
2358 3374 2554 3418 novam
2610 3359 3002 3431 Carthaginem
3062 3354 3373 3419 contendit,
3412 3361 3475 3409 ut

1886 3461 2005 3526 ejus
2041 3460 2312 3516 adventus
2346 3475 2456 3513 non
2489 3457 2644 3528 prius
2670 3456 2974 3510 rescirctur
3006 3467 3171 3523 quam
3232 3448 3471 3515 adesset,

1888 3552 2196 3622 urbemque
2240 3568 2350 3606 non
2388 3551 2507 3606 sine
2531 3550 2721 3605 labore
2778 3548 2947 3618 cepit.
3019 3546 3092 3600 lia
3139 3551 3472 3614 expugnata,

1886 3659 2029 3713 pene
2071 3642 2305 3696 maxima
2345 3642 2491 3696 inter
2520 3642 2722 3695 milites
2756 3649 2875 3694 orta
2910 3645 3056 3693 esset
3078 3635 3296 3691 seditio.
3336 3633 3472 3689 Nam

1886 3748 2011 3785 eum
2068 3731 2254 3801 Scipio
2302 3730 2351 3785 ei
2382 3731 2475 3801 qui
2526 3731 2738 3800 primus
2767 3744 2985 3782 murum
3033 3723 3473 3790 conscendisset,

1888 3836 2147 3876 coronam
2174 3820 2453 3891 pollicitus
2484 3828 2664 3881 esset,
2700 3817 2813 3873 duo
2845 3819 2967 3882 viri,
3003 3817 3144 3871 alter
3170 3815 3471 3878 Romanus,

1888 3913 2027 3968 alter
2073 3929 2140 3968 ex
2173 3912 2358 3971 sociis.
2393 3926 2512 3966 eam
2564 3909 2669 3964 sibi
2723 3908 2942 3963 laudem
2976 3906 3371 3971 vindicarunt;
3413 3919 3476 3958 ac

1889 4004 2090 4061 studiis
2115 4002 2490 4059 multitudinis
2519 4001 2803 4057 contentio
2831 4000 2901 4054 ad
2934 4000 3234 4054 maximum
3267 3996 3475 4052 tumul-

1890 4106 2004 4153 tum
2038 4098 2331 4169 proccssit.
2365 4097 2432 4151 Et
2465 4095 2612 4150 haud
2645 4095 2813 4149 dubie
2838 4093 3056 4165 gravius
3090 4091 3296 4162 aliquid
3328 4090 3476 4145 acci-

1888 4189 2083 4254 disset,
2121 4190 2177 4244 ni
2203 4188 2392 4259 Scipio
2424 4198 2720 4258 utrumque
2746 4190 3086 4240 coronassct.
3119 4183 3264 4237 Idem
3302 4181 3474 4236 multa

1889 4282 2182 4346 militibus,
2212 4283 2383 4336 multa
2413 4280 2579 4335 rebus
2604 4278 2838 4349 publicis
2867 4277 3097 4347 largitus
3119 4283 3240 4339 est;
3281 4282 3338 4328 et
3375 4271 3478 4325 ob-

1890 4375 2059 4440 sides,
2095 4374 2188 4446 qui
2215 4374 2291 4429 ibi
2325 4373 2676 4437 tenebantur,
2710 4384 2902 4425 omnes
2930 4368 3062 4437 jsuis
3118 4366 3239 4422 sine
3296 4362 3476 4435 pretio

182 4476 426 4546 δρᾶσαι,
458 4474 506 4527 εί
543 4475 620 4546 μή
644 4476 672 4528 6
698 4451 944 4528 Σκιπίων
974 4473 1069 4526 καὶ
1099 4472 1269 4542 ἄμφω
1292 4471 1663 4540 ἐστεφάνωσε,
1690 4468 1782 4524 καὶ

1894 4466 2160 4523 reddidit.
2196 4464 2316 4533 Quo
2352 4464 2581 4530 factum,
2639 4473 2699 4516 ut
2732 4460 2918 4515 multa:
2979 4457 3253 4518 civitates,
3314 4451 3473 4508 multi

186 4569 375 4644 συχνὰ
418 4568 518 4640 μιν
572 4568 685 4631 τοῖς
715 4566 1076 4639 στρατιώταις
1104 4565 1349 4626 διέδωκε.
1386 4562 1557 4634 συχνά
1591 4562 1646 4617 δέ
1688 4564 1785 4618 καὶ

186 4671 317 4731 τοῖς
341 4661 630 4735 δημοσίοις
672 4660 1027 4732 προσένειμε,
1068 4663 1158 4713 κατ.
1188 4659 1315 4719 τοὺς
1342 4659 1463 4711 ἐκεῖ
1482 4656 1788 4727 κατεχομέ-

183 4778 329 4825 ν’,υς
358 4759 603 4829 ὁμήρους
637 4756 838 4826 προῖκα
883 4754 1092 4817 πάντας
1144 4753 1254 4816 τοῖς
1306 4751 1534 4814 οἰκείοις
1573 4751 1787 4805 ἀπέδω-

183 4871 321 4911 κεν.
357 4850 525 4905 Ὅθεν
552 4847 739 4901 πολλοὶ
773 4846 873 4918 μὲν
891 4847 1078 4917 δῆμοι,
1097 4844 1285 4898 πολλοὶ
1315 4843 1369 4898 δὲ
1398 4843 1495 4898 καὶ
1528 4844 1785 4898 δυνάσται

182 4944 354 5017 αὖτῷ
380 4939 843 5014 προσεχώρησαν,
884 4938 1068 5002 καὶτὸ
1102 4935 1213 4991 τῶν
1251 4935 1604 5007 Κελτιϐήρων
1633 4933 1788 4999 ἔθνος

184 5040 344 5111 πρὸς
391 5039 505 5100 τοῖς
534 5037 766 5094 λοιποῖς.
798 5032 1076 5104 Παρθένον
1122 5029 1228 5102 γὰρ
1274 5030 1331 5081 ἐν
1364 5030 1478 5093 τοῖς
1506 5026 1788 5097 αἰχμαλώ-

182 5149 318 5195 τοις
369 5129 552 5183 λαϐὼν
600 5126 790 5182 κάλλει
830 5124 1094 5193 ἐπιφανῆ,
1140 5120 1398 5190 ἐνομίσθη
1435 5121 1534 5191 μὲν
1568 5117 1787 5171 ἔσεσθαι

183 5225 378 5291 αὐτῆς
432 5222 491 5275 ἐν
526 5221 727 5293 ἔρωτι·
775 5216 968 5288 μαθὼν
1010 5217 1065 5270 δὲ
1111 5217 1195 5270 δτι
1244 5214 1353 5268 τινὶ
1381 5212 1489 5265 τῶν
1538 5212 1595 5264 ἐν
1642 5208 1788 5263 τέλει

185 5313 570 5385 Κελτιϐήρων
624 5309 983 5379 ἐγγεγύηται,
1037 5304 1428 5375 μετεπέμψατο
1470 5303 1655 5362 αὐτὸν.
1694 5301 1790 5358 καὶ

185 5409 307 5479 τὴν
352 5405 538 5461 νεᾶνιν
576 5402 953 5474 παραδέδωκε,
993 5398 1352 5469 προσεπιδοὺς
1383 5396 1477 5450 καὶ
1516 5395 1583 5449 τὰ
1618 5393 1791 5466 λύτρα

190 5503 237 5557 ἃ
280 5499 333 5552 oi
379 5498 750 5569 προσήκοντες
796 5495 935 5565 αὐτῇ
971 5492 1406 5562 προτεκὸμισαν.
1441 5489 1567 5543 Κὰκ
1597 5487 1788 5543 τούτου

197 5592 314 5648 καὶ
356 5591 606 5651 ἐκείνους
644 5588 737 5641 καὶ
777 5588 902 5650 τοὺς
934 5584 1153 5647 λοιποὺς
1181 5582 1553 5652 ἀνηρτήσατο.
1582 5579 1788 5636 Μαθὼν

190 5687 265 5738 δὲ
302 5682 396 5737 τὸν
429 5680 761 5754 Ἀσδρούϐαν
789 5679 880 5732 τὸν
908 5677 1003 5731 τοῦ
1034 5677 1284 5732 ’Λννίϐου
1325 5674 1554 5744 ἀδελφὺν
1585 5674 1788 5744 σπουδῇ

192 5777 458 5839 ἐιόιτα,
492 5775 586 5829 καὶ
614 5768 909 5841 ἀγνοοῦντα
946 5768 1024 5824 ἔτι
1057 5766 1152 5841 τὴν
1182 5767 1279 5839 τῆς
1325 5766 1529 5828 πόλεως
1562 5765 1782 5828 ἅλωσιν,

1889 4558 2135 4633 dynastas
2161 4574 2220 4614 se
2241 4557 2311 4613 ad
2346 4555 2507 4612 ﬁdem
2536 4557 2656 4628 ejus
2679 4551 3039 4613 contulerint,
3070 4559 3125 4605 et
3149 4557 3349 4619 praeter
3371 4561 3478 4601 cae-

1893 4662 2038 4709 teros
2070 4650 2515 4709 Celtiberi.Nam
2560 4664 2686 4705 cum
2718 4647 2866 4702 inter
2904 4644 3154 4715 captivos
3202 4639 3473 4707 virginem

1888 4745 2180 4805 excellenti
2215 4744 2392 4798 forma
2424 4741 2686 4812 cepisset,
2738 4754 2859 4794 eam
2918 4736 3275 4792 adamaturus
3319 4738 3479 4799 puta-

1889 4840 2073 4898 batur.
2116 4837 2223 4894 Sed
2260 4852 2387 4892 cum
2423 4834 2660 4907 principi
2719 4833 2938 4889 cuidam
2981 4828 3126 4901 apud
3162 4825 3478 4883 Celtiberos

1890 4932 2223 5002 desponsam
2252 4942 2373 4984 esse
2404 4926 2781 4998 cognovisset,
2826 4922 3006 4978 accito
3043 4932 3266 4990 sponso,
3318 4914 3477 4986 puel-

1888 5024 1996 5080 lam
2027 5022 2078 5078 ei
2112 5018 2362 5083 tradidit,
2399 5034 2505 5073 una
2540 5032 2666 5073 cum
2697 5013 2955 5087 pecunia,
2990 5024 3153 5083 quam
3217 5008 3339 5079 ejus
3377 5019 3478 5059 ue-

1891 5116 2119 5174 cessarii
2148 5129 2249 5187 pro
2276 5129 2341 5169 ea
2373 5108 2699 5167 redimenda
2728 5107 3100 5164 contulerant.
3149 5101 3270 5168 Quo
3302 5097 3479 5163 facta,

1891 5214 1949 5265 et
2005 5208 2128 5264 illos
2163 5216 2220 5262 et
2249 5213 2480 5261 exteros
2503 5201 2607 5258 sibi
2643 5199 2981 5258 conciliavit.
3038 5193 3337 5254 Asdrubali,
3365 5190 3479 5245 fra-

1893 5301 1964 5357 tri
1991 5298 2298 5360 Annibalis.
2337 5312 2500 5368 quem
2549 5292 2782 5367 propere
2839 5293 3139 5348 adventare
3186 5292 3471 5355 cognorat,

1893 5403 2114 5464 captam
2135 5407 2257 5447 esse
2286 5393 2477 5446 urbem
2536 5389 2720 5444 adhuc
2769 5382 3067 5457 ignoranti,
3126 5386 3182 5433 et
3235 5374 3373 5429 nihil
3415 5374 3470 5426 in

1895 5486 2095 5542 itinere
2141 5483 2345 5540 hostile
2374 5481 2614 5547 timenti,
2638 5478 2919 5541 occurrit;
2980 5485 3157 5542 eoque
3208 5473 3478 5535 superato

1892 5587 1948 5634 et
1978 5575 2178 5632 castris
2193 5575 2315 5647 ejus
2343 5572 2649 5643 occupatis,
2679 5571 2883 5626 multos
2917 5566 3065 5621 illius
3085 5560 3190 5616 loci
3216 5556 3283 5613 ad
3312 5572 3338 5611 ε
3357 5562 3474 5647 tam

1894 5668 2192 5724 amicitiam
2221 5646 2462 5737 pellexit.
2490 5664 2626 5718 Nam
2660 5662 2714 5715 in
2754 5675 2811 5714 re
2844 5657 3039 5713 bellica
3075 5665 3205 5708 acer
3233 5657 3378 5737 erat,
3412 5646 3474 5703 in

1895 5758 2261 5818 familiaribus
2280 5755 2670 5828 congressibus
2719 5752 2879 5816 lenis,
2910 5742 3296 5805 resistentibus
3356 5736 3477 5793 ior-
