  <div class='ocr_page' id='page_1' title='image "/cluster/home/n/w/nwhite01/storage/ocr_20150623/134/hvd.32044073502510/375.png"; bbox 0 0 4050 6210; ppageno 0'>
   <div class='ocr_carea' id='block_1_1' title="bbox 376 253 488 315">
    <p class='ocr_par' dir='ltr' id='par_1_1' title="bbox 376 253 488 315">
     <span class='ocr_line' id='line_1_1' title="bbox 376 253 488 315; baseline 0.027 -3"><span class='ocrx_word' id='word_1_1' title='bbox 376 253 488 315; x_wconf 67' lang='grc'><strong>735</strong></span> 
     </span>
    </p>
   </div>
   <div class='ocr_carea' id='block_1_2' title="bbox 1681 259 2365 322">
    <p class='ocr_par' dir='ltr' id='par_1_2' title="bbox 1681 259 2365 322">
     <span class='ocr_line' id='line_1_2' title="bbox 1681 259 2365 322; baseline 0.001 -3"><span class='ocrx_word' id='word_1_2' title='bbox 1681 259 2006 319; x_wconf 67' lang='lat' dir='ltr'><strong>JOANNIS</strong></span> <span class='ocrx_word' id='word_1_3' title='bbox 2041 260 2365 322; x_wconf 65' lang='grc' dir='ltr'><strong>ΖΟΝΑΒίΕ</strong></span> 
     </span>
    </p>
   </div>
   <div class='ocr_carea' id='block_1_3' title="bbox 3521 257 3628 320">
    <p class='ocr_par' dir='ltr' id='par_1_3' title="bbox 3521 257 3628 320">
     <span class='ocr_line' id='line_1_3' title="bbox 3521 257 3628 320; baseline -0.037 0"><span class='ocrx_word' id='word_1_4' title='bbox 3521 257 3628 320; x_wconf 72' lang='lat'><strong>736</strong></span> 
     </span>
    </p>
   </div>
   <div class='ocr_carea' id='block_1_4' title="bbox 380 365 1976 445">
    <p class='ocr_par' dir='ltr' id='par_1_4' title="bbox 380 365 1955 438">
     <span class='ocr_line' id='line_1_4' title="bbox 380 365 1955 438; baseline 0 -17"><span class='ocrx_word' id='word_1_5' title='bbox 380 366 680 430; x_wconf 85' lang='lat' dir='ltr'><strong>midabilis,</strong></span> <span class='ocrx_word' id='word_1_6' title='bbox 723 365 1068 423; x_wconf 85' lang='lat' dir='ltr'><strong>cedentibus.</strong></span> <span class='ocrx_word' id='word_1_7' title='bbox 1108 384 1372 438; x_wconf 78' lang='lat' dir='ltr'><strong>perquam</strong></span> <span class='ocrx_word' id='word_1_8' title='bbox 1411 370 1704 426; x_wconf 88' lang='lat' dir='ltr'><strong>humanus.</strong></span> <span class='ocrx_word' id='word_1_9' title='bbox 1754 371 1955 425; x_wconf 81' lang='lat' dir='ltr'><strong>Verum</strong></span> 
     </span>
    </p>
   </div>
   <div class='ocr_carea' id='block_1_5' title="bbox 2079 365 3634 445">
    <p class='ocr_par' dir='ltr' id='par_1_5' title="bbox 2079 368 3634 445">
     <span class='ocr_line' id='line_1_5' title="bbox 2079 368 3634 445; baseline -0.001 -19"><span class='ocrx_word' id='word_1_10' title='bbox 2079 375 2155 426; x_wconf 60' lang='lat' dir='ltr'><strong>cal.</strong></span> <span class='ocrx_word' id='word_1_11' title='bbox 2180 374 2346 444; x_wconf 74' lang='grc' dir='ltr'><strong>μηδὲν</strong></span> <span class='ocrx_word' id='word_1_12' title='bbox 2379 373 2763 445; x_wconf 75' lang='grc' dir='ltr'><strong>προσδοκῶντα</strong></span> <span class='ocrx_word' id='word_1_13' title='bbox 2793 371 2932 425; x_wconf 84' lang='grc' dir='ltr'><strong>κατά</strong></span> <span class='ocrx_word' id='word_1_14' title='bbox 2971 369 3066 442; x_wconf 82' lang='grc' dir='ltr'><strong>τὴν</strong></span> <span class='ocrx_word' id='word_1_15' title='bbox 3097 368 3322 445; x_wconf 84' lang='grc' dir='ltr'><strong>πορείαν</strong></span> <span class='ocrx_word' id='word_1_16' title='bbox 3349 369 3634 441; x_wconf 81' lang='grc' dir='ltr'><strong>πολέμιον,</strong></span> 
     </span>
    </p>
   </div>
   <div class='ocr_carea' id='block_1_6' title="bbox 378 458 1957 533">
    <p class='ocr_par' dir='ltr' id='par_1_6' title="bbox 378 458 1957 533">
     <span class='ocr_line' id='line_1_6' title="bbox 378 458 1957 533; baseline 0.003 -20"><span class='ocrx_word' id='word_1_17' title='bbox 378 458 451 513; x_wconf 87' lang='lat' dir='ltr'><strong>ob</strong></span> <span class='ocrx_word' id='word_1_18' title='bbox 487 459 620 512; x_wconf 88' lang='lat' dir='ltr'><strong>illud</strong></span> <span class='ocrx_word' id='word_1_19' title='bbox 655 459 888 512; x_wconf 79' lang='lat' dir='ltr'><strong>maxime</strong></span> <span class='ocrx_word' id='word_1_20' title='bbox 945 460 1014 513; x_wconf 88' lang='lat' dir='ltr'><strong>ab</strong></span> <span class='ocrx_word' id='word_1_21' title='bbox 1065 461 1324 514; x_wconf 89' lang='lat' dir='ltr'><strong>omnibus</strong></span> <span class='ocrx_word' id='word_1_22' title='bbox 1365 462 1776 526; x_wconf 86' lang='lat' dir='ltr'><strong>honorabatur,</strong></span> <span class='ocrx_word' id='word_1_23' title='bbox 1809 465 1957 533; x_wconf 82' lang='lat' dir='ltr'><strong>quod</strong></span> 
     </span>
    </p>
   </div>
   <div class='ocr_carea' id='block_1_7' title="bbox 379 549 1960 624">
    <p class='ocr_par' dir='ltr' id='par_1_7' title="bbox 379 549 1960 624">
     <span class='ocr_line' id='line_1_7' title="bbox 379 549 1960 624; baseline 0.001 -20"><span class='ocrx_word' id='word_1_24' title='bbox 379 550 549 604; x_wconf 82' lang='lat' dir='ltr'><strong>veluti</strong></span> <span class='ocrx_word' id='word_1_25' title='bbox 584 549 809 603; x_wconf 79' lang='lat' dir='ltr'><strong>numine</strong></span> <span class='ocrx_word' id='word_1_26' title='bbox 829 550 1041 604; x_wconf 79' lang='lat' dir='ltr'><strong>afllatus‘</strong></span> <span class='ocrx_word' id='word_1_27' title='bbox 1065 552 1426 619; x_wconf 68' lang='lat' dir='ltr'><strong>prmdixisset,</strong></span> <span class='ocrx_word' id='word_1_28' title='bbox 1453 569 1512 607; x_wconf 91' lang='lat' dir='ltr'><strong>se</strong></span> <span class='ocrx_word' id='word_1_29' title='bbox 1538 555 1591 606; x_wconf 90' lang='lat' dir='ltr'><strong>in</strong></span> <span class='ocrx_word' id='word_1_30' title='bbox 1617 555 1802 608; x_wconf 89' lang='lat' dir='ltr'><strong>hostili</strong></span> <span class='ocrx_word' id='word_1_31' title='bbox 1829 569 1960 624; x_wconf 84' lang='lat' dir='ltr'><strong>agro</strong></span> 
     </span>
    </p>
   </div>
   <div class='ocr_carea' id='block_1_8' title="bbox 383 642 1960 715">
    <p class='ocr_par' dir='ltr' id='par_1_8' title="bbox 383 642 1960 715">
     <span class='ocr_line' id='line_1_8' title="bbox 383 642 1960 715; baseline 0.004 -19"><span class='ocrx_word' id='word_1_32' title='bbox 383 650 895 696; x_wconf 88' lang='lat' dir='ltr'><strong>castrametaturum</strong></span> <span class='ocrx_word' id='word_1_33' title='bbox 931 642 1089 713; x_wconf 65' lang='grc'><strong>431</strong></span> <span class='ocrx_word' id='word_1_34' title='bbox 1122 660 1260 698; x_wconf 87' lang='lat' dir='ltr'><strong>esse.</strong></span> <span class='ocrx_word' id='word_1_35' title='bbox 1289 645 1366 698; x_wconf 82' lang='lat' dir='ltr'><strong>Ab</strong></span> <span class='ocrx_word' id='word_1_36' title='bbox 1387 645 1639 715; x_wconf 81' lang='lat' dir='ltr'><strong>llispanis</strong></span> <span class='ocrx_word' id='word_1_37' title='bbox 1661 661 1840 701; x_wconf 83' lang='lat' dir='ltr'><strong>autem</strong></span> <span class='ocrx_word' id='word_1_38' title='bbox 1869 666 1960 704; x_wconf 76' lang='lat' dir='ltr'><strong>rex</strong></span> 
     </span>
    </p>
   </div>
   <div class='ocr_carea' id='block_1_9' title="bbox 380 734 1959 809">
    <p class='ocr_par' dir='ltr' id='par_1_9' title="bbox 380 734 1959 809">
     <span class='ocr_line' id='line_1_9' title="bbox 380 734 1959 809; baseline 0.005 -23"><span class='ocrx_word' id='word_1_39' title='bbox 380 749 612 802; x_wconf 88' lang='lat' dir='ltr'><strong>magnus</strong></span> <span class='ocrx_word' id='word_1_40' title='bbox 627 734 1018 801; x_wconf 71' lang='lat' dir='ltr'><strong>appellabatur.</strong></span> <span class='ocrx_word' id='word_1_41' title='bbox 1039 734 1660 806; x_wconf 83' lang='lat' dir='ltr'><strong>Asdrubale,desperata</strong></span> <span class='ocrx_word' id='word_1_42' title='bbox 1678 738 1959 809; x_wconf 83' lang='lat' dir='ltr'><strong>Hispania,</strong></span> 
     </span>
    </p>
   </div>
   <div class='ocr_carea' id='block_1_10' title="bbox 383 823 1964 888">
    <p class='ocr_par' dir='ltr' id='par_1_10' title="bbox 383 823 1964 888">
     <span class='ocr_line' id='line_1_10' title="bbox 383 823 1964 888; baseline 0.008 -14"><span class='ocrx_word' id='word_1_43' title='bbox 383 823 437 876; x_wconf 90' lang='lat' dir='ltr'><strong>in</strong></span> <span class='ocrx_word' id='word_1_44' title='bbox 467 823 674 877; x_wconf 83' lang='lat' dir='ltr'><strong>Italiam</strong></span> <span class='ocrx_word' id='word_1_45' title='bbox 701 824 942 888; x_wconf 85' lang='lat' dir='ltr'><strong>abituro,</strong></span> <span class='ocrx_word' id='word_1_46' title='bbox 974 833 1030 878; x_wconf 92' lang='lat' dir='ltr'><strong>et</strong></span> <span class='ocrx_word' id='word_1_47' title='bbox 1062 825 1242 879; x_wconf 90' lang='lat' dir='ltr'><strong>hieme</strong></span> <span class='ocrx_word' id='word_1_48' title='bbox 1286 827 1533 881; x_wconf 71' lang='lat' dir='ltr'><strong>collectis</strong></span> <span class='ocrx_word' id='word_1_49' title='bbox 1589 831 1737 884; x_wconf 85' lang='lat' dir='ltr'><strong>vasis</strong></span> <span class='ocrx_word' id='word_1_50' title='bbox 1784 831 1964 885; x_wconf 86' lang='lat' dir='ltr'><strong>disce-</strong></span> 
     </span>
    </p>
   </div>
   <div class='ocr_carea' id='block_1_11' title="bbox 383 914 1961 990">
    <p class='ocr_par' dir='ltr' id='par_1_11' title="bbox 383 914 1961 990">
     <span class='ocr_line' id='line_1_11' title="bbox 383 914 1961 990; baseline 0.006 -23"><span class='ocrx_word' id='word_1_51' title='bbox 383 914 569 979; x_wconf 86' lang='lat' dir='ltr'><strong>dente,</strong></span> <span class='ocrx_word' id='word_1_52' title='bbox 594 915 715 984; x_wconf 88' lang='lat' dir='ltr'><strong>ejus</strong></span> <span class='ocrx_word' id='word_1_53' title='bbox 766 916 1011 985; x_wconf 73' lang='lat' dir='ltr'><strong>collegze,</strong></span> <span class='ocrx_word' id='word_1_54' title='bbox 1061 917 1184 970; x_wconf 89' lang='lat' dir='ltr'><strong>loco</strong></span> <span class='ocrx_word' id='word_1_55' title='bbox 1222 934 1332 972; x_wconf 90' lang='lat' dir='ltr'><strong>non</strong></span> <span class='ocrx_word' id='word_1_56' title='bbox 1391 929 1622 984; x_wconf 85' lang='lat' dir='ltr'><strong>mutato,</strong></span> <span class='ocrx_word' id='word_1_57' title='bbox 1683 923 1961 990; x_wconf 82' lang='lat' dir='ltr'><strong>negotium</strong></span> 
     </span>
    </p>
   </div>
   <div class='ocr_carea' id='block_1_12' title="bbox 385 1006 1966 1082">
    <p class='ocr_par' dir='ltr' id='par_1_12' title="bbox 385 1006 1966 1082">
     <span class='ocr_line' id='line_1_12' title="bbox 385 1006 1966 1082; baseline 0.004 -20"><span class='ocrx_word' id='word_1_58' title='bbox 385 1007 628 1076; x_wconf 86' lang='lat' dir='ltr'><strong>Scipioni</strong></span> <span class='ocrx_word' id='word_1_59' title='bbox 664 1006 1026 1072; x_wconf 76' lang='lat' dir='ltr'><strong>lacessebant,</strong></span> <span class='ocrx_word' id='word_1_60' title='bbox 1057 1019 1118 1062; x_wconf 94' lang='lat' dir='ltr'><strong>ut</strong></span> <span class='ocrx_word' id='word_1_61' title='bbox 1146 1024 1326 1080; x_wconf 79' lang='lat' dir='ltr'><strong>neque</strong></span> <span class='ocrx_word' id='word_1_62' title='bbox 1370 1010 1730 1066; x_wconf 80' lang='lat' dir='ltr'><strong>Asdrubalem</strong></span> <span class='ocrx_word' id='word_1_63' title='bbox 1779 1028 1966 1082; x_wconf 85' lang='lat' dir='ltr'><strong>persc—</strong></span> 
     </span>
    </p>
   </div>
   <div class='ocr_carea' id='block_1_13' title="bbox 383 1099 1965 1173">
    <p class='ocr_par' dir='ltr' id='par_1_13' title="bbox 383 1099 1965 1173">
     <span class='ocr_line' id='line_1_13' title="bbox 383 1099 1965 1173; baseline 0.005 -20"><span class='ocrx_word' id='word_1_64' title='bbox 383 1108 672 1169; x_wconf 89' lang='lat' dir='ltr'><strong>queretur,</strong></span> <span class='ocrx_word' id='word_1_65' title='bbox 729 1115 911 1170; x_wconf 90' lang='lat' dir='ltr'><strong>neque</strong></span> <span class='ocrx_word' id='word_1_66' title='bbox 961 1101 1016 1154; x_wconf 90' lang='lat' dir='ltr'><strong>in</strong></span> <span class='ocrx_word' id='word_1_67' title='bbox 1066 1099 1275 1156; x_wconf 88' lang='lat' dir='ltr'><strong>Italiam</strong></span> <span class='ocrx_word' id='word_1_68' title='bbox 1337 1103 1639 1173; x_wconf 88' lang='lat' dir='ltr'><strong>profectus,</strong></span> <span class='ocrx_word' id='word_1_69' title='bbox 1687 1103 1965 1162; x_wconf 84' lang='lat' dir='ltr'><strong>Romanos</strong></span> 
     </span>
    </p>
   </div>
   <div class='ocr_carea' id='block_1_14' title="bbox 387 1190 1962 1267">
    <p class='ocr_par' dir='ltr' id='par_1_14' title="bbox 387 1190 1962 1267">
     <span class='ocr_line' id='line_1_14' title="bbox 387 1190 1962 1267; baseline 0.006 -24"><span class='ocrx_word' id='word_1_70' title='bbox 387 1190 512 1244; x_wconf 60' lang='lat' dir='ltr'><strong>lzelli</strong></span> <span class='ocrx_word' id='word_1_71' title='bbox 586 1202 738 1261; x_wconf 89' lang='lat' dir='ltr'><strong>parte</strong></span> <span class='ocrx_word' id='word_1_72' title='bbox 824 1191 1052 1258; x_wconf 88' lang='lat' dir='ltr'><strong>levaret,</strong></span> <span class='ocrx_word' id='word_1_73' title='bbox 1116 1210 1297 1266; x_wconf 88' lang='lat' dir='ltr'><strong>neque</strong></span> <span class='ocrx_word' id='word_1_74' title='bbox 1384 1195 1770 1267; x_wconf 76' lang='lat' dir='ltr'><strong>Carthaginem</strong></span> <span class='ocrx_word' id='word_1_75' title='bbox 1846 1205 1962 1253; x_wconf 90' lang='lat' dir='ltr'><strong>tra-</strong></span> 
     </span>
    </p>
   </div>
   <div class='ocr_carea' id='block_1_15' title="bbox 381 1281 1967 1352">
    <p class='ocr_par' dir='ltr' id='par_1_15' title="bbox 381 1281 1967 1352">
     <span class='ocr_line' id='line_1_15' title="bbox 381 1281 1967 1352; baseline 0.006 -19"><span class='ocrx_word' id='word_1_76' title='bbox 381 1281 599 1352; x_wconf 87' lang='lat' dir='ltr'><strong>jicerct.</strong></span> <span class='ocrx_word' id='word_1_77' title='bbox 653 1281 837 1352; x_wconf 90' lang='lat' dir='ltr'><strong>Scipio</strong></span> <span class='ocrx_word' id='word_1_78' title='bbox 909 1284 1269 1341; x_wconf 82' lang='lat' dir='ltr'><strong>Asdrubalem</strong></span> <span class='ocrx_word' id='word_1_79' title='bbox 1341 1285 1632 1342; x_wconf 88' lang='lat' dir='ltr'><strong>abeuntem</strong></span> <span class='ocrx_word' id='word_1_80' title='bbox 1708 1303 1815 1341; x_wconf 90' lang='lat' dir='ltr'><strong>non</strong></span> <span class='ocrx_word' id='word_1_81' title='bbox 1883 1297 1967 1344; x_wconf 90' lang='lat' dir='ltr'><strong>est</strong></span> 
     </span>
    </p>
   </div>
   <div class='ocr_carea' id='block_1_16' title="bbox 386 1376 1964 1449">
    <p class='ocr_par' dir='ltr' id='par_1_16' title="bbox 386 1376 1964 1449">
     <span class='ocr_line' id='line_1_16' title="bbox 386 1376 1964 1449; baseline 0.006 -24"><span class='ocrx_word' id='word_1_82' title='bbox 386 1386 733 1440; x_wconf 88' lang='lat' dir='ltr'><strong>persecutus,</strong></span> <span class='ocrx_word' id='word_1_83' title='bbox 775 1376 870 1430; x_wconf 90' lang='lat' dir='ltr'><strong>sed</strong></span> <span class='ocrx_word' id='word_1_84' title='bbox 925 1391 1023 1446; x_wconf 87' lang='lat' dir='ltr'><strong>per</strong></span> <span class='ocrx_word' id='word_1_85' title='bbox 1059 1393 1314 1434; x_wconf 85' lang='lat' dir='ltr'><strong>cursores</strong></span> <span class='ocrx_word' id='word_1_86' title='bbox 1381 1379 1502 1449; x_wconf 85' lang='lat' dir='ltr'><strong>ejus</strong></span> <span class='ocrx_word' id='word_1_87' title='bbox 1559 1379 1803 1435; x_wconf 89' lang='lat' dir='ltr'><strong>adventu</strong></span> <span class='ocrx_word' id='word_1_88' title='bbox 1855 1380 1964 1435; x_wconf 79' lang='lat' dir='ltr'><strong>Ro-</strong></span> 
     </span>
    </p>
   </div>
   <div class='ocr_carea' id='block_1_17' title="bbox 389 1465 1969 1542">
    <p class='ocr_par' dir='ltr' id='par_1_17' title="bbox 389 1465 1969 1542">
     <span class='ocr_line' id='line_1_17' title="bbox 389 1465 1969 1542; baseline 0.006 -26"><span class='ocrx_word' id='word_1_89' title='bbox 389 1479 530 1517; x_wconf 89' lang='lat' dir='ltr'><strong>mam</strong></span> <span class='ocrx_word' id='word_1_90' title='bbox 579 1465 852 1530; x_wconf 84' lang='lat' dir='ltr'><strong>nuntiato,</strong></span> <span class='ocrx_word' id='word_1_91' title='bbox 899 1484 963 1522; x_wconf 85' lang='lat' dir='ltr'><strong>ea</strong></span> <span class='ocrx_word' id='word_1_92' title='bbox 1020 1485 1143 1539; x_wconf 71' lang='lat' dir='ltr'><strong>qua:</strong></span> <span class='ocrx_word' id='word_1_93' title='bbox 1201 1479 1416 1540; x_wconf 84' lang='lat' dir='ltr'><strong>tempus</strong></span> <span class='ocrx_word' id='word_1_94' title='bbox 1491 1473 1800 1542; x_wconf 85' lang='lat' dir='ltr'><strong>postulabat</strong></span> <span class='ocrx_word' id='word_1_95' title='bbox 1870 1471 1969 1526; x_wconf 88' lang='lat' dir='ltr'><strong>ad-</strong></span> 
     </span>
    </p>
   </div>
   <div class='ocr_carea' id='block_1_18' title="bbox 385 1556 1967 1634">
    <p class='ocr_par' dir='ltr' id='par_1_18' title="bbox 385 1556 1967 1634">
     <span class='ocr_line' id='line_1_18' title="bbox 385 1556 1967 1634; baseline 0.006 -26"><span class='ocrx_word' id='word_1_96' title='bbox 385 1556 742 1612; x_wconf 74' lang='lat' dir='ltr'><strong>ministravit.</strong></span> <span class='ocrx_word' id='word_1_97' title='bbox 776 1560 844 1613; x_wconf 90' lang='lat' dir='ltr'><strong>Et</strong></span> <span class='ocrx_word' id='word_1_98' title='bbox 871 1559 1000 1629; x_wconf 84' lang='lat' dir='ltr'><strong>quia</strong></span> <span class='ocrx_word' id='word_1_99' title='bbox 1036 1561 1276 1628; x_wconf 77' lang='lat' dir='ltr'><strong>videbat,</strong></span> <span class='ocrx_word' id='word_1_100' title='bbox 1327 1563 1514 1618; x_wconf 87' lang='lat' dir='ltr'><strong>hostes</strong></span> <span class='ocrx_word' id='word_1_101' title='bbox 1570 1563 1626 1619; x_wconf 92' lang='lat' dir='ltr'><strong>in</strong></span> <span class='ocrx_word' id='word_1_102' title='bbox 1685 1565 1967 1634; x_wconf 86' lang='lat' dir='ltr'><strong>provincia</strong></span> 
     </span>
    </p>
   </div>
   <div class='ocr_carea' id='block_1_19' title="bbox 384 1645 1967 1721">
    <p class='ocr_par' dir='ltr' id='par_1_19' title="bbox 384 1645 1967 1721">
     <span class='ocr_line' id='line_1_19' title="bbox 384 1645 1967 1721; baseline 0.006 -24"><span class='ocrx_word' id='word_1_103' title='bbox 384 1645 555 1699; x_wconf 85' lang='lat' dir='ltr'><strong>variis</strong></span> <span class='ocrx_word' id='word_1_104' title='bbox 597 1645 736 1702; x_wconf 88' lang='lat' dir='ltr'><strong>locis</strong></span> <span class='ocrx_word' id='word_1_105' title='bbox 771 1648 1051 1717; x_wconf 90' lang='lat' dir='ltr'><strong>dispersos</strong></span> <span class='ocrx_word' id='word_1_106' title='bbox 1081 1664 1240 1716; x_wconf 90' lang='lat' dir='ltr'><strong>esse,</strong></span> <span class='ocrx_word' id='word_1_107' title='bbox 1298 1652 1508 1706; x_wconf 88' lang='lat' dir='ltr'><strong>veritus</strong></span> <span class='ocrx_word' id='word_1_108' title='bbox 1549 1668 1618 1707; x_wconf 89' lang='lat' dir='ltr'><strong>ne</strong></span> <span class='ocrx_word' id='word_1_109' title='bbox 1665 1654 1733 1706; x_wconf 92' lang='lat' dir='ltr'><strong>ab</strong></span> <span class='ocrx_word' id='word_1_110' title='bbox 1781 1653 1967 1721; x_wconf 88' lang='lat' dir='ltr'><strong>aliquo</strong></span> 
     </span>
    </p>
   </div>
   <div class='ocr_carea' id='block_1_20' title="bbox 384 1740 1966 1814">
    <p class='ocr_par' dir='ltr' id='par_1_20' title="bbox 384 1740 1966 1814">
     <span class='ocr_line' id='line_1_20' title="bbox 384 1740 1966 1814; baseline 0.006 -24"><span class='ocrx_word' id='word_1_111' title='bbox 384 1752 578 1792; x_wconf 89' lang='lat' dir='ltr'><strong>omnes</strong></span> <span class='ocrx_word' id='word_1_112' title='bbox 601 1753 794 1792; x_wconf 89' lang='lat' dir='ltr'><strong>eorum</strong></span> <span class='ocrx_word' id='word_1_113' title='bbox 819 1740 994 1810; x_wconf 68' lang='lat' dir='ltr'><strong>copia:</strong></span> <span class='ocrx_word' id='word_1_114' title='bbox 1033 1741 1087 1794; x_wconf 88' lang='lat' dir='ltr'><strong>in</strong></span> <span class='ocrx_word' id='word_1_115' title='bbox 1126 1758 1295 1795; x_wconf 88' lang='lat' dir='ltr'><strong>unum</strong></span> <span class='ocrx_word' id='word_1_116' title='bbox 1325 1743 1793 1808; x_wconf 87' lang='lat' dir='ltr'><strong>conducerentur,</strong></span> <span class='ocrx_word' id='word_1_117' title='bbox 1851 1745 1966 1814; x_wconf 88' lang='lat' dir='ltr'><strong>ipse</strong></span> 
     </span>
    </p>
   </div>
   <div class='ocr_carea' id='block_1_21' title="bbox 385 1829 1965 1906">
    <p class='ocr_par' dir='ltr' id='par_1_21' title="bbox 385 1829 1965 1906">
     <span class='ocr_line' id='line_1_21' title="bbox 385 1829 1965 1906; baseline 0.004 -22"><span class='ocrx_word' id='word_1_118' title='bbox 385 1838 579 1884; x_wconf 82' lang='lat' dir='ltr'><strong>Contra</strong></span> <span class='ocrx_word' id='word_1_119' title='bbox 608 1829 968 1885; x_wconf 73' lang='lat' dir='ltr'><strong>Asdrubalem</strong></span> <span class='ocrx_word' id='word_1_120' title='bbox 1001 1833 1257 1903; x_wconf 82' lang='lat' dir='ltr'><strong>Gisgonis</strong></span> <span class='ocrx_word' id='word_1_121' title='bbox 1292 1835 1462 1888; x_wconf 85' lang='lat' dir='ltr'><strong>[ilium</strong></span> <span class='ocrx_word' id='word_1_122' title='bbox 1519 1846 1605 1890; x_wconf 86' lang='lat' dir='ltr'><strong>est</strong></span> <span class='ocrx_word' id='word_1_123' title='bbox 1664 1835 1965 1906; x_wconf 86' lang='lat' dir='ltr'><strong>profectus,</strong></span> 
     </span>
    </p>
   </div>
   <div class='ocr_carea' id='block_1_22' title="bbox 397 1920 1970 1996">
    <p class='ocr_par' dir='ltr' id='par_1_22' title="bbox 397 1920 1970 1996">
     <span class='ocr_line' id='line_1_22' title="bbox 397 1920 1970 1996; baseline 0.004 -22"><span class='ocrx_word' id='word_1_124' title='bbox 397 1920 668 1975; x_wconf 87' lang='lat' dir='ltr'><strong>Sillanum</strong></span> <span class='ocrx_word' id='word_1_125' title='bbox 715 1921 769 1975; x_wconf 89' lang='lat' dir='ltr'><strong>in</strong></span> <span class='ocrx_word' id='word_1_126' title='bbox 801 1921 1156 1978; x_wconf 84' lang='lat' dir='ltr'><strong>Celtiberiam</strong></span> <span class='ocrx_word' id='word_1_127' title='bbox 1189 1934 1376 1979; x_wconf 79' lang='lat' dir='ltr'><strong>contra</strong></span> <span class='ocrx_word' id='word_1_128' title='bbox 1406 1924 1708 1996; x_wconf 83' lang='lat' dir='ltr'><strong>Magonem,</strong></span> <span class='ocrx_word' id='word_1_129' title='bbox 1744 1925 1804 1980; x_wconf 89' lang='lat' dir='ltr'><strong>L.</strong></span> <span class='ocrx_word' id='word_1_130' title='bbox 1853 1926 1970 1980; x_wconf 86' lang='lat' dir='ltr'><strong>Sci-</strong></span> 
     </span>
    </p>
   </div>
   <div class='ocr_carea' id='block_1_23' title="bbox 387 2014 1968 2088">
    <p class='ocr_par' dir='ltr' id='par_1_23' title="bbox 387 2014 1968 2088">
     <span class='ocr_line' id='line_1_23' title="bbox 387 2014 1968 2088; baseline 0.003 -20"><span class='ocrx_word' id='word_1_131' title='bbox 387 2015 608 2084; x_wconf 90' lang='lat' dir='ltr'><strong>pionem</strong></span> <span class='ocrx_word' id='word_1_132' title='bbox 639 2014 864 2070; x_wconf 79' lang='lat' dir='ltr'><strong>fratrem</strong></span> <span class='ocrx_word' id='word_1_133' title='bbox 897 2015 952 2070; x_wconf 91' lang='lat' dir='ltr'><strong>in</strong></span> <span class='ocrx_word' id='word_1_134' title='bbox 1001 2017 1354 2072; x_wconf 89' lang='lat' dir='ltr'><strong>Bastitaniam</strong></span> <span class='ocrx_word' id='word_1_135' title='bbox 1393 2019 1579 2084; x_wconf 89' lang='lat' dir='ltr'><strong>misit;</strong></span> <span class='ocrx_word' id='word_1_136' title='bbox 1612 2019 1708 2088; x_wconf 90' lang='lat' dir='ltr'><strong>qui</strong></span> <span class='ocrx_word' id='word_1_137' title='bbox 1739 2027 1794 2074; x_wconf 85' lang='lat' dir='ltr'><strong>et</strong></span> <span class='ocrx_word' id='word_1_138' title='bbox 1820 2019 1968 2074; x_wconf 86' lang='lat' dir='ltr'><strong>illam</strong></span> 
     </span>
    </p>
   </div>
   <div class='ocr_carea' id='block_1_24' title="bbox 389 2105 1974 2178">
    <p class='ocr_par' dir='ltr' id='par_1_24' title="bbox 389 2105 1974 2178">
     <span class='ocr_line' id='line_1_24' title="bbox 389 2105 1974 2178; baseline 0.002 -19"><span class='ocrx_word' id='word_1_139' title='bbox 389 2105 534 2160; x_wconf 83' lang='lat' dir='ltr'><strong>l-ello</strong></span> <span class='ocrx_word' id='word_1_140' title='bbox 563 2107 732 2175; x_wconf 86' lang='lat' dir='ltr'><strong>cepit,</strong></span> <span class='ocrx_word' id='word_1_141' title='bbox 759 2117 814 2161; x_wconf 90' lang='lat' dir='ltr'><strong>et</strong></span> <span class='ocrx_word' id='word_1_142' title='bbox 839 2107 1122 2178; x_wconf 81' lang='lat' dir='ltr'><strong>Magonem</strong></span> <span class='ocrx_word' id='word_1_143' title='bbox 1149 2109 1314 2173; x_wconf 88' lang='lat' dir='ltr'><strong>vicit;</strong></span> <span class='ocrx_word' id='word_1_144' title='bbox 1341 2123 1579 2176; x_wconf 88' lang='lat' dir='ltr'><strong>eumque</strong></span> <span class='ocrx_word' id='word_1_145' title='bbox 1603 2108 1669 2162; x_wconf 90' lang='lat' dir='ltr'><strong>ad</strong></span> <span class='ocrx_word' id='word_1_146' title='bbox 1693 2108 1974 2163; x_wconf 80' lang='lat' dir='ltr'><strong>Asdruba-</strong></span> 
     </span>
    </p>
   </div>
   <div class='ocr_carea' id='block_1_25' title="bbox 387 2197 1970 2284">
    <p class='ocr_par' dir='ltr' id='par_1_25' title="bbox 387 2197 1970 2284">
     <span class='ocr_line' id='line_1_25' title="bbox 387 2197 1970 2284; baseline 0.002 -33"><span class='ocrx_word' id='word_1_147' title='bbox 387 2197 495 2284; x_wconf 72' lang='lat' dir='ltr'><strong>lem</strong></span> <span class='ocrx_word' id='word_1_148' title='bbox 549 2197 852 2269; x_wconf 89' lang='lat' dir='ltr'><strong>fugientem</strong></span> <span class='ocrx_word' id='word_1_149' title='bbox 893 2210 1243 2270; x_wconf 85' lang='lat' dir='ltr'><strong>persecutus,</strong></span> <span class='ocrx_word' id='word_1_150' title='bbox 1295 2201 1362 2255; x_wconf 90' lang='lat' dir='ltr'><strong>ad</strong></span> <span class='ocrx_word' id='word_1_151' title='bbox 1418 2201 1727 2269; x_wconf 84' lang='lat' dir='ltr'><strong>Scipionem</strong></span> <span class='ocrx_word' id='word_1_152' title='bbox 1788 2202 1970 2266; x_wconf 78' lang='lat' dir='ltr'><strong>rediit,</strong></span> 
     </span>
    </p>
   </div>
   <div class='ocr_carea' id='block_1_26' title="bbox 388 2289 1971 2364">
    <p class='ocr_par' dir='ltr' id='par_1_26' title="bbox 388 2289 1971 2364">
     <span class='ocr_line' id='line_1_26' title="bbox 388 2289 1971 2364; baseline 0.004 -22"><span class='ocrx_word' id='word_1_153' title='bbox 388 2289 484 2357; x_wconf 90' lang='lat' dir='ltr'><strong>qui</strong></span> <span class='ocrx_word' id='word_1_154' title='bbox 523 2291 766 2344; x_wconf 88' lang='lat' dir='ltr'><strong>nondum</strong></span> <span class='ocrx_word' id='word_1_155' title='bbox 809 2291 1108 2361; x_wconf 80' lang='lat' dir='ltr'><strong>quidquam</strong></span> <span class='ocrx_word' id='word_1_156' title='bbox 1145 2304 1406 2360; x_wconf 82' lang='lat' dir='ltr'><strong>gesserat.</strong></span> <span class='ocrx_word' id='word_1_157' title='bbox 1463 2291 1599 2348; x_wconf 89' lang='lat' dir='ltr'><strong>Cum</strong></span> <span class='ocrx_word' id='word_1_158' title='bbox 1674 2294 1831 2364; x_wconf 90' lang='lat' dir='ltr'><strong>Mago</strong></span> <span class='ocrx_word' id='word_1_159' title='bbox 1903 2295 1971 2348; x_wconf 88' lang='lat' dir='ltr'><strong>ad</strong></span> 
     </span>
    </p>
   </div>
   <div class='ocr_carea' id='block_1_27' title="bbox 389 2381 1972 2454">
    <p class='ocr_par' dir='ltr' id='par_1_27' title="bbox 389 2381 1972 2454">
     <span class='ocr_line' id='line_1_27' title="bbox 389 2381 1972 2454; baseline 0.004 -19"><span class='ocrx_word' id='word_1_160' title='bbox 389 2381 776 2445; x_wconf 82' lang='lat' dir='ltr'><strong>Asdrubalem,</strong></span> <span class='ocrx_word' id='word_1_161' title='bbox 805 2384 1006 2438; x_wconf 85' lang='lat' dir='ltr'><strong>Lucius</strong></span> <span class='ocrx_word' id='word_1_162' title='bbox 1029 2385 1096 2438; x_wconf 91' lang='lat' dir='ltr'><strong>ad</strong></span> <span class='ocrx_word' id='word_1_163' title='bbox 1151 2383 1374 2439; x_wconf 83' lang='lat' dir='ltr'><strong>fratrem</strong></span> <span class='ocrx_word' id='word_1_164' title='bbox 1418 2384 1732 2454; x_wconf 85' lang='lat' dir='ltr'><strong>Scipionem</strong></span> <span class='ocrx_word' id='word_1_165' title='bbox 1785 2387 1972 2441; x_wconf 53' lang='lat' dir='ltr'><strong>venis.</strong></span> 
     </span>
    </p>
   </div>
   <div class='ocr_carea' id='block_1_28' title="bbox 390 2473 1972 2545">
    <p class='ocr_par' dir='ltr' id='par_1_28' title="bbox 390 2473 1972 2545">
     <span class='ocr_line' id='line_1_28' title="bbox 390 2473 1972 2545; baseline 0.004 -20"><span class='ocrx_word' id='word_1_166' title='bbox 390 2482 495 2537; x_wconf 83' lang='lat' dir='ltr'><strong>set,</strong></span> <span class='ocrx_word' id='word_1_167' title='bbox 520 2473 754 2541; x_wconf 89' lang='lat' dir='ltr'><strong>primum</strong></span> <span class='ocrx_word' id='word_1_168' title='bbox 788 2476 1038 2544; x_wconf 87' lang='lat' dir='ltr'><strong>equitatu</strong></span> <span class='ocrx_word' id='word_1_169' title='bbox 1071 2477 1125 2529; x_wconf 90' lang='lat' dir='ltr'><strong>in</strong></span> <span class='ocrx_word' id='word_1_170' title='bbox 1149 2491 1375 2545; x_wconf 89' lang='lat' dir='ltr'><strong>campos</strong></span> <span class='ocrx_word' id='word_1_171' title='bbox 1408 2475 1774 2531; x_wconf 83' lang='lat' dir='ltr'><strong>decurrentes</strong></span> <span class='ocrx_word' id='word_1_172' title='bbox 1808 2478 1972 2532; x_wconf 87' lang='lat' dir='ltr'><strong>dimi-</strong></span> 
     </span>
    </p>
   </div>
   <div class='ocr_carea' id='block_1_29' title="bbox 391 2564 1977 2628">
    <p class='ocr_par' dir='ltr' id='par_1_29' title="bbox 391 2564 1977 2628">
     <span class='ocr_line' id='line_1_29' title="bbox 391 2564 1977 2628; baseline 0.004 -11"><span class='ocrx_word' id='word_1_173' title='bbox 391 2564 611 2619; x_wconf 84' lang='lat' dir='ltr'><strong>cabant.</strong></span> <span class='ocrx_word' id='word_1_174' title='bbox 645 2566 854 2621; x_wconf 88' lang='lat' dir='ltr'><strong>Deinde</strong></span> <span class='ocrx_word' id='word_1_175' title='bbox 910 2577 1058 2622; x_wconf 89' lang='lat' dir='ltr'><strong>totos</strong></span> <span class='ocrx_word' id='word_1_176' title='bbox 1107 2567 1384 2622; x_wconf 81' lang='lat' dir='ltr'><strong>exercitus</strong></span> <span class='ocrx_word' id='word_1_177' title='bbox 1421 2567 1826 2628; x_wconf 81' lang='lat' dir='ltr'><strong>instruxerunt.</strong></span> <span class='ocrx_word' id='word_1_178' title='bbox 1873 2586 1977 2624; x_wconf 88' lang='lat' dir='ltr'><strong>nec</strong></span> 
     </span>
    </p>
   </div>
   <div class='ocr_carea' id='block_1_30' title="bbox 395 2659 1979 2730">
    <p class='ocr_par' dir='ltr' id='par_1_30' title="bbox 395 2659 1979 2730">
     <span class='ocr_line' id='line_1_30' title="bbox 395 2659 1979 2730; baseline 0.004 -21"><span class='ocrx_word' id='word_1_179' title='bbox 395 2672 576 2726; x_wconf 51' lang='lat' dir='ltr'><strong>tamen</strong></span> <span class='ocrx_word' id='word_1_180' title='bbox 607 2659 672 2712; x_wconf 90' lang='lat' dir='ltr'><strong>ad</strong></span> <span class='ocrx_word' id='word_1_181' title='bbox 714 2674 910 2713; x_wconf 89' lang='lat' dir='ltr'><strong>manus</strong></span> <span class='ocrx_word' id='word_1_182' title='bbox 932 2669 1157 2715; x_wconf 88' lang='lat' dir='ltr'><strong>ventum</strong></span> <span class='ocrx_word' id='word_1_183' title='bbox 1181 2669 1298 2725; x_wconf 89' lang='lat' dir='ltr'><strong>est;</strong></span> <span class='ocrx_word' id='word_1_184' title='bbox 1334 2659 1503 2729; x_wconf 83' lang='lat' dir='ltr'><strong>idque</strong></span> <span class='ocrx_word' id='word_1_185' title='bbox 1559 2676 1658 2730; x_wconf 90' lang='lat' dir='ltr'><strong>per</strong></span> <span class='ocrx_word' id='word_1_186' title='bbox 1683 2661 1800 2718; x_wconf 86' lang='lat' dir='ltr'><strong>dies</strong></span> <span class='ocrx_word' id='word_1_187' title='bbox 1829 2678 1979 2716; x_wconf 87' lang='lat' dir='ltr'><strong>com-</strong></span> 
     </span>
    </p>
   </div>
   <div class='ocr_carea' id='block_1_31' title="bbox 393 2746 1975 2822">
    <p class='ocr_par' dir='ltr' id='par_1_31' title="bbox 393 2746 1975 2822">
     <span class='ocr_line' id='line_1_31' title="bbox 393 2746 1975 2822; baseline 0.005 -24"><span class='ocrx_word' id='word_1_188' title='bbox 393 2746 582 2815; x_wconf 86' lang='lat' dir='ltr'><strong>plures</strong></span> <span class='ocrx_word' id='word_1_189' title='bbox 630 2751 856 2805; x_wconf 80' lang='lat' dir='ltr'><strong>factum.</strong></span> <span class='ocrx_word' id='word_1_190' title='bbox 911 2751 1017 2808; x_wconf 79' lang='lat' dir='ltr'><strong>Sed</strong></span> <span class='ocrx_word' id='word_1_191' title='bbox 1075 2751 1377 2822; x_wconf 88' lang='lat' dir='ltr'><strong>aliquando</strong></span> <span class='ocrx_word' id='word_1_192' title='bbox 1426 2767 1606 2822; x_wconf 88' lang='lat' dir='ltr'><strong>pugna</strong></span> <span class='ocrx_word' id='word_1_193' title='bbox 1663 2754 1975 2816; x_wconf 87' lang='lat' dir='ltr'><strong>commissa,</strong></span> 
     </span>
    </p>
   </div>
   <div class='ocr_carea' id='block_1_32' title="bbox 393 2840 1979 2917">
    <p class='ocr_par' dir='ltr' id='par_1_32' title="bbox 393 2840 1979 2917">
     <span class='ocr_line' id='line_1_32' title="bbox 393 2840 1979 2917; baseline 0.006 -25"><span class='ocrx_word' id='word_1_194' title='bbox 393 2840 948 2912; x_wconf 56' lang='lat' dir='ltr'><strong>Carthaginiensibus</strong></span> <span class='ocrx_word' id='word_1_195' title='bbox 966 2860 1272 2917; x_wconf 87' lang='lat' dir='ltr'><strong>eorumque</strong></span> <span class='ocrx_word' id='word_1_196' title='bbox 1297 2843 1466 2900; x_wconf 88' lang='lat' dir='ltr'><strong>sociis</strong></span> <span class='ocrx_word' id='word_1_197' title='bbox 1498 2845 1682 2910; x_wconf 89' lang='lat' dir='ltr'><strong>victis,</strong></span> <span class='ocrx_word' id='word_1_198' title='bbox 1709 2855 1979 2915; x_wconf 87' lang='lat' dir='ltr'><strong>captaque</strong></span> 
     </span>
    </p>
   </div>
   <div class='ocr_carea' id='block_1_33' title="bbox 396 2935 1975 3002">
    <p class='ocr_par' dir='ltr' id='par_1_33' title="bbox 396 2935 1975 3002">
     <span class='ocr_line' id='line_1_33' title="bbox 396 2935 1975 3002; baseline 0.005 -17"><span class='ocrx_word' id='word_1_199' title='bbox 396 2935 726 3001; x_wconf 80' lang='lat' dir='ltr'><strong>munitione,</strong></span> <span class='ocrx_word' id='word_1_200' title='bbox 757 2939 986 2993; x_wconf 77' lang='lat' dir='ltr'><strong>Romani</strong></span> <span class='ocrx_word' id='word_1_201' title='bbox 1009 2953 1320 2996; x_wconf 91' lang='lat' dir='ltr'><strong>commeatu</strong></span> <span class='ocrx_word' id='word_1_202' title='bbox 1355 2944 1426 2997; x_wconf 93' lang='lat' dir='ltr'><strong>ibi</strong></span> <span class='ocrx_word' id='word_1_203' title='bbox 1461 2943 1691 2996; x_wconf 90' lang='lat' dir='ltr'><strong>invento</strong></span> <span class='ocrx_word' id='word_1_204' title='bbox 1718 2940 1798 2994; x_wconf 92' lang='lat' dir='ltr'><strong>usi</strong></span> <span class='ocrx_word' id='word_1_205' title='bbox 1826 2950 1975 3002; x_wconf 91' lang='lat' dir='ltr'><strong>sunt,</strong></span> 
     </span>
    </p>
   </div>
   <div class='ocr_carea' id='block_1_34' title="bbox 2063 462 3635 536">
    <p class='ocr_par' dir='ltr' id='par_1_34' title="bbox 2063 462 3635 536">
     <span class='ocr_line' id='line_1_34' title="bbox 2063 462 3635 536; baseline -0.004 -17"><span class='ocrx_word' id='word_1_206' title='bbox 2063 468 2485 536; x_wconf 83' lang='grc' dir='ltr'><strong>προῦπήντησεν</strong></span> <span class='ocrx_word' id='word_1_207' title='bbox 2528 464 2694 534; x_wconf 71' lang='grc' dir='ltr'><strong>αὐτῷ,</strong></span> <span class='ocrx_word' id='word_1_208' title='bbox 2747 464 2840 516; x_wconf 80' lang='grc' dir='ltr'><strong>καὶ</strong></span> <span class='ocrx_word' id='word_1_209' title='bbox 2883 464 2940 516; x_wconf 87' lang='grc' dir='ltr'><strong>ἐν</strong></span> <span class='ocrx_word' id='word_1_210' title='bbox 2982 462 3434 531; x_wconf 83' lang='grc' dir='ltr'><strong>τῷστρατοπέδῳ</strong></span> <span class='ocrx_word' id='word_1_211' title='bbox 3469 462 3635 514; x_wconf 78' lang='grc' dir='ltr'><strong>αὐτοῦ</strong></span> 
     </span>
    </p>
   </div>
   <div class='ocr_carea' id='block_1_35' title="bbox 2062 553 3640 630">
    <p class='ocr_par' dir='ltr' id='par_1_35' title="bbox 2062 553 3640 630">
     <span class='ocr_line' id='line_1_35' title="bbox 2062 553 3640 630; baseline -0.004 -20"><span class='ocrx_word' id='word_1_212' title='bbox 2062 562 2344 630; x_wconf 76' lang='grc' dir='ltr'><strong>κρατήσας</strong></span> <span class='ocrx_word' id='word_1_213' title='bbox 2394 557 2734 625; x_wconf 86' lang='grc' dir='ltr'><strong>ἐνηυλίσατο,</strong></span> <span class='ocrx_word' id='word_1_214' title='bbox 2763 556 2857 608; x_wconf 66' lang='grc' dir='ltr'><strong>καὶ</strong></span> <span class='ocrx_word' id='word_1_215' title='bbox 2889 554 3118 615; x_wconf 74' lang='grc' dir='ltr'><strong>πολλοὺς</strong></span> <span class='ocrx_word' id='word_1_216' title='bbox 3162 553 3271 605; x_wconf 90' lang='grc' dir='ltr'><strong>τῶν</strong></span> <span class='ocrx_word' id='word_1_217' title='bbox 3319 554 3436 605; x_wconf 75' lang='grc' dir='ltr'><strong>ἐκεῖ</strong></span> <span class='ocrx_word' id='word_1_218' title='bbox 3468 571 3640 622; x_wconf 79' lang='grc' dir='ltr'><strong>προσ-</strong></span> 
     </span>
    </p>
   </div>
   <div class='ocr_carea' id='block_1_36' title="bbox 2061 645 3636 721">
    <p class='ocr_par' dir='ltr' id='par_1_36' title="bbox 2061 645 3636 721">
     <span class='ocr_line' id='line_1_36' title="bbox 2061 645 3636 721; baseline -0.003 -19"><span class='ocrx_word' id='word_1_219' title='bbox 2061 653 2379 721; x_wconf 79' lang='grc' dir='ltr'><strong>εποιήσατο.</strong></span> <span class='ocrx_word' id='word_1_220' title='bbox 2411 646 2517 702; x_wconf 85' lang='grc' dir='ltr'><strong>Ἦν</strong></span> <span class='ocrx_word' id='word_1_221' title='bbox 2545 651 2643 718; x_wconf 86' lang='grc' dir='ltr'><strong>μὲν</strong></span> <span class='ocrx_word' id='word_1_222' title='bbox 2679 649 2786 716; x_wconf 80' lang='grc' dir='ltr'><strong>γάρ</strong></span> <span class='ocrx_word' id='word_1_223' title='bbox 2813 648 2870 701; x_wconf 79' lang='grc' dir='ltr'><strong>ἐν</strong></span> <span class='ocrx_word' id='word_1_224' title='bbox 2894 649 3014 708; x_wconf 89' lang='grc' dir='ltr'><strong>ταῖς</strong></span> <span class='ocrx_word' id='word_1_225' title='bbox 3051 646 3411 715; x_wconf 79' lang='grc' dir='ltr'><strong>στρατηγίαις</strong></span> <span class='ocrx_word' id='word_1_226' title='bbox 3440 645 3636 708; x_wconf 75' lang='grc' dir='ltr'><strong>δεινὸς,</strong></span> 
     </span>
    </p>
   </div>
   <div class='ocr_carea' id='block_1_37' title="bbox 2063 737 3641 810">
    <p class='ocr_par' dir='ltr' id='par_1_37' title="bbox 2063 737 3641 810">
     <span class='ocr_line' id='line_1_37' title="bbox 2063 737 3641 810; baseline -0.004 -16"><span class='ocrx_word' id='word_1_227' title='bbox 2063 744 2120 795; x_wconf 83' lang='grc' dir='ltr'><strong>ἐν</strong></span> <span class='ocrx_word' id='word_1_228' title='bbox 2154 740 2210 793; x_wconf 81' lang='grc' dir='ltr'><strong>δὲ</strong></span> <span class='ocrx_word' id='word_1_229' title='bbox 2252 742 2370 801; x_wconf 84' lang='grc' dir='ltr'><strong>ταῖς</strong></span> <span class='ocrx_word' id='word_1_230' title='bbox 2400 739 2638 810; x_wconf 75' lang='grc' dir='ltr'><strong>ὁμιλίαις</strong></span> <span class='ocrx_word' id='word_1_231' title='bbox 2669 737 2940 807; x_wconf 77' lang='grc' dir='ltr'><strong>ἐπιεικὴς,</strong></span> <span class='ocrx_word' id='word_1_232' title='bbox 2988 743 3081 790; x_wconf 71' lang='grc' dir='ltr'><strong>καὶ</strong></span> <span class='ocrx_word' id='word_1_233' title='bbox 3116 738 3174 799; x_wconf 80' lang='grc' dir='ltr'><strong>ἐς</strong></span> <span class='ocrx_word' id='word_1_234' title='bbox 3217 738 3314 805; x_wconf 78' lang='grc' dir='ltr'><strong>μὲν</strong></span> <span class='ocrx_word' id='word_1_235' title='bbox 3342 737 3469 799; x_wconf 79' lang='grc' dir='ltr'><strong>τοὺς</strong></span> <span class='ocrx_word' id='word_1_236' title='bbox 3513 737 3641 789; x_wconf 75' lang='grc' dir='ltr'><strong>ἀνθ·</strong></span> 
     </span>
    </p>
   </div>
   <div class='ocr_carea' id='block_1_38' title="bbox 2066 828 3641 901">
    <p class='ocr_par' dir='ltr' id='par_1_38' title="bbox 2066 828 3641 901">
     <span class='ocr_line' id='line_1_38' title="bbox 2066 828 3641 901; baseline -0.003 -15"><span class='ocrx_word' id='word_1_237' title='bbox 2066 833 2389 901; x_wconf 82' lang='grc' dir='ltr'><strong>ισταμένους</strong></span> <span class='ocrx_word' id='word_1_238' title='bbox 2419 832 2668 900; x_wconf 80' lang='grc' dir='ltr'><strong>φοϐερὸς,</strong></span> <span class='ocrx_word' id='word_1_239' title='bbox 2710 834 2766 894; x_wconf 82' lang='grc' dir='ltr'><strong>ἐς</strong></span> <span class='ocrx_word' id='word_1_240' title='bbox 2790 831 2848 884; x_wconf 83' lang='grc' dir='ltr'><strong>δὲ</strong></span> <span class='ocrx_word' id='word_1_241' title='bbox 2877 832 3004 893; x_wconf 85' lang='grc' dir='ltr'><strong>τοὺς</strong></span> <span class='ocrx_word' id='word_1_242' title='bbox 3025 830 3347 891; x_wconf 85' lang='grc' dir='ltr'><strong>ὐπείκοντας</strong></span> <span class='ocrx_word' id='word_1_243' title='bbox 3374 829 3465 881; x_wconf 75' lang='grc' dir='ltr'><strong>καὶ</strong></span> <span class='ocrx_word' id='word_1_244' title='bbox 3496 828 3641 896; x_wconf 87' lang='grc' dir='ltr'><strong>μάλα</strong></span> 
     </span>
    </p>
   </div>
   <div class='ocr_carea' id='block_1_39' title="bbox 2065 920 3645 995">
    <p class='ocr_par' dir='ltr' id='par_1_39' title="bbox 2065 920 3645 995">
     <span class='ocr_line' id='line_1_39' title="bbox 2065 920 3645 995; baseline -0.004 -17"><span class='ocrx_word' id='word_1_245' title='bbox 2065 925 2465 995; x_wconf 80' lang='grc' dir='ltr'><strong>φιλάνθρωπος.</strong></span> <span class='ocrx_word' id='word_1_246' title='bbox 2521 923 2772 978; x_wconf 77' lang='grc' dir='ltr'><strong>Μάλιστα</strong></span> <span class='ocrx_word' id='word_1_247' title='bbox 2829 922 2876 975; x_wconf 73' lang='grc' dir='ltr'><strong>δ’</strong></span> <span class='ocrx_word' id='word_1_248' title='bbox 2910 923 2996 974; x_wconf 82' lang='grc' dir='ltr'><strong>ὅτι</strong></span> <span class='ocrx_word' id='word_1_249' title='bbox 3055 921 3150 973; x_wconf 72' lang='grc' dir='ltr'><strong>καὶ</strong></span> <span class='ocrx_word' id='word_1_250' title='bbox 3209 920 3451 983; x_wconf 85' lang='grc' dir='ltr'><strong>ἐθείασε,</strong></span> <span class='ocrx_word' id='word_1_251' title='bbox 3510 937 3645 988; x_wconf 74' lang='grc' dir='ltr'><strong>προ-</strong></span> 
     </span>
    </p>
   </div>
   <div class='ocr_carea' id='block_1_40' title="bbox 2065 1008 3638 1084">
    <p class='ocr_par' dir='ltr' id='par_1_40' title="bbox 2065 1008 3638 1084">
     <span class='ocr_line' id='line_1_40' title="bbox 2065 1008 3638 1084; baseline -0.006 -15"><span class='ocrx_word' id='word_1_252' title='bbox 2065 1014 2234 1069; x_wconf 85' lang='grc' dir='ltr'><strong>ειπὼν</strong></span> <span class='ocrx_word' id='word_1_253' title='bbox 2269 1015 2345 1079; x_wconf 87' lang='grc' dir='ltr'><strong>ὡς</strong></span> <span class='ocrx_word' id='word_1_254' title='bbox 2391 1017 2449 1067; x_wconf 88' lang='grc' dir='ltr'><strong>ἐν</strong></span> <span class='ocrx_word' id='word_1_255' title='bbox 2501 1017 2568 1084; x_wconf 82' lang='grc' dir='ltr'><strong>τῇ</strong></span> <span class='ocrx_word' id='word_1_256' title='bbox 2605 1012 2712 1066; x_wconf 88' lang='grc' dir='ltr'><strong>τῶν</strong></span> <span class='ocrx_word' id='word_1_257' title='bbox 2763 1011 3043 1080; x_wconf 86' lang='grc' dir='ltr'><strong>πολεμίων</strong></span> <span class='ocrx_word' id='word_1_258' title='bbox 3094 1008 3638 1078; x_wconf 83' lang='grc' dir='ltr'><strong>στρατοπεδεύσοιτο.</strong></span> 
     </span>
    </p>
   </div>
   <div class='ocr_carea' id='block_1_41' title="bbox 2067 1101 3644 1175">
    <p class='ocr_par' dir='ltr' id='par_1_41' title="bbox 2067 1101 3644 1175">
     <span class='ocr_line' id='line_1_41' title="bbox 2067 1101 3644 1175; baseline -0.006 -15"><span class='ocrx_word' id='word_1_259' title='bbox 2067 1107 2269 1166; x_wconf 77' lang='grc' dir='ltr'><strong>πάντες</strong></span> <span class='ocrx_word' id='word_1_260' title='bbox 2297 1105 2502 1174; x_wconf 78' lang='grc' dir='ltr'><strong>ἐτίμων</strong></span> <span class='ocrx_word' id='word_1_261' title='bbox 2535 1105 2720 1159; x_wconf 85' lang='grc' dir='ltr'><strong>αὐτόν.</strong></span> <span class='ocrx_word' id='word_1_262' title='bbox 2754 1106 2817 1160; x_wconf 82' lang='lat' dir='ltr'><strong>Ol</strong></span> <span class='ocrx_word' id='word_1_263' title='bbox 2845 1104 2890 1157; x_wconf 82' lang='grc' dir='ltr'><strong>δ’</strong></span> <span class='ocrx_word' id='word_1_264' title='bbox 2925 1103 3143 1175; x_wconf 83' lang='grc' dir='ltr'><strong>Ἴϐηρες</strong></span> <span class='ocrx_word' id='word_1_265' title='bbox 3174 1103 3268 1154; x_wconf 75' lang='grc' dir='ltr'><strong>καὶ</strong></span> <span class='ocrx_word' id='word_1_266' title='bbox 3293 1101 3518 1170; x_wconf 78' lang='grc' dir='ltr'><strong>βασιλέα</strong></span> <span class='ocrx_word' id='word_1_267' title='bbox 3549 1103 3644 1168; x_wconf 80' lang='grc' dir='ltr'><strong>μὲ-</strong></span> 
     </span>
    </p>
   </div>
   <div class='ocr_carea' id='block_1_42' title="bbox 2065 1194 3647 1267">
    <p class='ocr_par' dir='ltr' id='par_1_42' title="bbox 2065 1194 3647 1267">
     <span class='ocr_line' id='line_1_42' title="bbox 2065 1194 3647 1267; baseline -0.006 -13"><span class='ocrx_word' id='word_1_268' title='bbox 2065 1217 2168 1267; x_wconf 87' lang='grc' dir='ltr'><strong>γαν</strong></span> <span class='ocrx_word' id='word_1_269' title='bbox 2188 1197 2494 1267; x_wconf 75' lang='grc' dir='ltr'><strong>ὠνόμαζον.</strong></span> <span class='ocrx_word' id='word_1_270' title='bbox 2537 1198 2596 1251; x_wconf 87' lang='grc' dir='ltr'>ὐ</span> <span class='ocrx_word' id='word_1_271' title='bbox 2617 1197 2662 1251; x_wconf 82' lang='grc' dir='ltr'><strong>δ’</strong></span> <span class='ocrx_word' id='word_1_272' title='bbox 2685 1195 3016 1266; x_wconf 84' lang='grc' dir='ltr'><strong>’Λσδρούϐας</strong></span> <span class='ocrx_word' id='word_1_273' title='bbox 3044 1194 3356 1257; x_wconf 76' lang='grc' dir='ltr'><strong>ἀπελπίσας</strong></span> <span class='ocrx_word' id='word_1_274' title='bbox 3381 1196 3480 1264; x_wconf 83' lang='grc' dir='ltr'><strong>τὴν</strong></span> <span class='ocrx_word' id='word_1_275' title='bbox 3506 1194 3647 1264; x_wconf 79' lang='grc' dir='ltr'><strong>Ἰϐη-</strong></span> 
     </span>
    </p>
   </div>
   <div class='ocr_carea' id='block_1_43' title="bbox 2070 1285 3644 1362">
    <p class='ocr_par' dir='ltr' id='par_1_43' title="bbox 2070 1285 3644 1362">
     <span class='ocr_line' id='line_1_43' title="bbox 2070 1285 3644 1362; baseline -0.006 -18"><span class='ocrx_word' id='word_1_276' title='bbox 2070 1293 2194 1362; x_wconf 82' lang='grc' dir='ltr'><strong>ρίαν</strong></span> <span class='ocrx_word' id='word_1_277' title='bbox 2223 1291 2434 1360; x_wconf 80' lang='grc' dir='ltr'><strong>ἀπᾶραι</strong></span> <span class='ocrx_word' id='word_1_278' title='bbox 2466 1290 2601 1360; x_wconf 75' lang='grc' dir='ltr'><strong>πρὸς</strong></span> <span class='ocrx_word' id='word_1_279' title='bbox 2629 1290 2727 1360; x_wconf 82' lang='grc' dir='ltr'><strong>τὴν</strong></span> <span class='ocrx_word' id='word_1_280' title='bbox 2759 1288 2994 1342; x_wconf 83' lang='grc' dir='ltr'><strong>Ἰταλίαν</strong></span> <span class='ocrx_word' id='word_1_281' title='bbox 3025 1287 3300 1340; x_wconf 86' lang='grc' dir='ltr'><strong>ἐϐούλετο.</strong></span> <span class='ocrx_word' id='word_1_282' title='bbox 3337 1285 3448 1340; x_wconf 86' lang='grc' dir='ltr'><strong>Καὶ</strong></span> <span class='ocrx_word' id='word_1_283' title='bbox 3482 1286 3537 1336; x_wconf 86' lang='grc' dir='ltr'><strong>ἐν</strong></span> <span class='ocrx_word' id='word_1_284' title='bbox 3565 1285 3644 1354; x_wconf 84' lang='grc' dir='ltr'><strong>τῷ</strong></span> 
     </span>
    </p>
   </div>
   <div class='ocr_carea' id='block_1_44' title="bbox 2067 1377 3643 1454">
    <p class='ocr_par' dir='ltr' id='par_1_44' title="bbox 2067 1377 3643 1454">
     <span class='ocr_line' id='line_1_44' title="bbox 2067 1377 3643 1454; baseline -0.005 -18"><span class='ocrx_word' id='word_1_285' title='bbox 2067 1384 2296 1454; x_wconf 87' lang='grc' dir='ltr'><strong>χειμῶνι</strong></span> <span class='ocrx_word' id='word_1_286' title='bbox 2337 1382 2816 1451; x_wconf 70' lang='grc' dir='ltr'><strong>συσκευασάμενος</strong></span> <span class='ocrx_word' id='word_1_287' title='bbox 2866 1383 2894 1433; x_wconf 89' lang='grc' dir='ltr'><strong>ό</strong></span> <span class='ocrx_word' id='word_1_288' title='bbox 2946 1381 3043 1450; x_wconf 82' lang='grc' dir='ltr'><strong>μὲν</strong></span> <span class='ocrx_word' id='word_1_289' title='bbox 3077 1379 3326 1448; x_wconf 78' lang='grc' dir='ltr'><strong>ὥρμητο,</strong></span> <span class='ocrx_word' id='word_1_290' title='bbox 3354 1378 3403 1430; x_wconf 71' lang='lat' dir='ltr'><strong>of</strong></span> <span class='ocrx_word' id='word_1_291' title='bbox 3439 1377 3492 1430; x_wconf 85' lang='grc' dir='ltr'><strong>δὲ</strong></span> <span class='ocrx_word' id='word_1_292' title='bbox 3545 1395 3643 1428; x_wconf 75' lang='grc' dir='ltr'><strong>συ-</strong></span> 
     </span>
    </p>
   </div>
   <div class='ocr_carea' id='block_1_45' title="bbox 2069 1469 3647 1546">
    <p class='ocr_par' dir='ltr' id='par_1_45' title="bbox 2069 1469 3647 1546">
     <span class='ocr_line' id='line_1_45' title="bbox 2069 1469 3647 1546; baseline -0.007 -17"><span class='ocrx_word' id='word_1_293' title='bbox 2069 1478 2369 1546; x_wconf 80' lang='grc' dir='ltr'><strong>στράτηγοι</strong></span> <span class='ocrx_word' id='word_1_294' title='bbox 2401 1475 2570 1528; x_wconf 77' lang='grc' dir='ltr'><strong>αὐτοῦ</strong></span> <span class='ocrx_word' id='word_1_295' title='bbox 2624 1473 2767 1527; x_wconf 74' lang='grc' dir='ltr'><strong>κατὰ</strong></span> <span class='ocrx_word' id='word_1_296' title='bbox 2801 1473 2988 1544; x_wconf 82' lang='grc' dir='ltr'><strong>χώραν</strong></span> <span class='ocrx_word' id='word_1_297' title='bbox 3042 1472 3351 1541; x_wconf 86' lang='grc' dir='ltr'><strong>μείναντες,</strong></span> <span class='ocrx_word' id='word_1_298' title='bbox 3387 1469 3647 1538; x_wconf 82' lang='grc' dir='ltr'><strong>ἀσχολίαν</strong></span> 
     </span>
    </p>
   </div>
   <div class='ocr_carea' id='block_1_46' title="bbox 2068 1561 3647 1638">
    <p class='ocr_par' dir='ltr' id='par_1_46' title="bbox 2068 1561 3647 1638">
     <span class='ocr_line' id='line_1_46' title="bbox 2068 1561 3647 1638; baseline -0.006 -16"><span class='ocrx_word' id='word_1_299' title='bbox 2068 1569 2145 1638; x_wconf 82' lang='grc' dir='ltr'><strong>τῷ</strong></span> <span class='ocrx_word' id='word_1_300' title='bbox 2206 1569 2470 1622; x_wconf 82' lang='grc' dir='ltr'><strong>Σκιπίωνι</strong></span> <span class='ocrx_word' id='word_1_301' title='bbox 2526 1569 2811 1636; x_wconf 88' lang='grc' dir='ltr'><strong>παρεῖχον,</strong></span> <span class='ocrx_word' id='word_1_302' title='bbox 2843 1564 2984 1619; x_wconf 82' lang='grc' dir='ltr'><strong>ὥστε</strong></span> <span class='ocrx_word' id='word_1_303' title='bbox 3049 1562 3125 1633; x_wconf 85' lang='grc' dir='ltr'><strong>μὴ</strong></span> <span class='ocrx_word' id='word_1_304' title='bbox 3175 1563 3266 1616; x_wconf 77' lang='grc' dir='ltr'><strong>τὸν</strong></span> <span class='ocrx_word' id='word_1_305' title='bbox 3312 1561 3647 1631; x_wconf 82' lang='grc' dir='ltr'><strong>Ἀσδρούϐαν</strong></span> 
     </span>
    </p>
   </div>
   <div class='ocr_carea' id='block_1_47' title="bbox 2071 1652 3650 1730">
    <p class='ocr_par' dir='ltr' id='par_1_47' title="bbox 2071 1652 3650 1730">
     <span class='ocr_line' id='line_1_47' title="bbox 2071 1652 3650 1730; baseline -0.007 -16"><span class='ocrx_word' id='word_1_306' title='bbox 2071 1661 2378 1725; x_wconf 79' lang='grc' dir='ltr'><strong>ἐπιδιῶξαι,</strong></span> <span class='ocrx_word' id='word_1_307' title='bbox 2425 1661 2562 1730; x_wconf 81' lang='grc' dir='ltr'><strong>μήτε</strong></span> <span class='ocrx_word' id='word_1_308' title='bbox 2593 1661 2707 1720; x_wconf 81' lang='grc' dir='ltr'><strong>τοῖς</strong></span> <span class='ocrx_word' id='word_1_309' title='bbox 2757 1660 2814 1711; x_wconf 85' lang='grc' dir='ltr'><strong>ἐν</strong></span> <span class='ocrx_word' id='word_1_310' title='bbox 2844 1658 2910 1727; x_wconf 78' lang='grc' dir='ltr'><strong>τῇ</strong></span> <span class='ocrx_word' id='word_1_311' title='bbox 2939 1655 3144 1726; x_wconf 80' lang='grc' dir='ltr'><strong>Ἰταλίᾳ</strong></span> <span class='ocrx_word' id='word_1_312' title='bbox 3185 1652 3480 1719; x_wconf 84' lang='grc' dir='ltr'><strong>Ῥωμαίοις</strong></span> <span class='ocrx_word' id='word_1_313' title='bbox 3526 1653 3650 1703; x_wconf 83' lang='grc' dir='ltr'><strong>ἐπι-</strong></span> 
     </span>
    </p>
   </div>
   <div class='ocr_carea' id='block_1_48' title="bbox 2072 1742 3650 1822">
    <p class='ocr_par' dir='ltr' id='par_1_48' title="bbox 2072 1742 3650 1822">
     <span class='ocr_line' id='line_1_48' title="bbox 2072 1742 3650 1822; baseline -0.007 -18"><span class='ocrx_word' id='word_1_314' title='bbox 2072 1753 2328 1822; x_wconf 79' lang='grc' dir='ltr'><strong>κουφίσαι</strong></span> <span class='ocrx_word' id='word_1_315' title='bbox 2370 1751 2462 1802; x_wconf 71' lang='grc' dir='ltr'><strong>τὶν</strong></span> <span class='ocrx_word' id='word_1_316' title='bbox 2492 1749 2727 1818; x_wconf 79' lang='grc' dir='ltr'><strong>πόλεμον</strong></span> <span class='ocrx_word' id='word_1_317' title='bbox 2758 1746 3065 1816; x_wconf 81' lang='grc' dir='ltr'><strong>γινομένοις</strong></span> <span class='ocrx_word' id='word_1_318' title='bbox 3112 1746 3248 1807; x_wconf 81' lang='grc' dir='ltr'><strong>ἐκεῖ,</strong></span> <span class='ocrx_word' id='word_1_319' title='bbox 3287 1743 3320 1813; x_wconf 80' lang='grc' dir='ltr'>ἢ</span> <span class='ocrx_word' id='word_1_320' title='bbox 3367 1742 3507 1812; x_wconf 68' lang='grc' dir='ltr'><strong>πρὸς</strong></span> <span class='ocrx_word' id='word_1_321' title='bbox 3549 1742 3650 1811; x_wconf 67' lang='grc' dir='ltr'><strong>τὴν</strong></span> 
     </span>
    </p>
   </div>
   <div class='ocr_carea' id='block_1_49' title="bbox 2070 1834 3653 1916">
    <p class='ocr_par' dir='ltr' id='par_1_49' title="bbox 2070 1834 3653 1916">
     <span class='ocr_line' id='line_1_49' title="bbox 2070 1834 3653 1916; baseline -0.008 -18"><span class='ocrx_word' id='word_1_322' title='bbox 2070 1844 2398 1916; x_wconf 80' lang='grc' dir='ltr'><strong>Καρχηδόνα</strong></span> <span class='ocrx_word' id='word_1_323' title='bbox 2421 1841 2674 1896; x_wconf 72' lang='grc' dir='ltr'><strong>πλεῦσαι.</strong></span> <span class='ocrx_word' id='word_1_324' title='bbox 2715 1839 2774 1893; x_wconf 80' lang='grc' dir='ltr'>ὐ</span> <span class='ocrx_word' id='word_1_325' title='bbox 2800 1839 2856 1892; x_wconf 84' lang='grc' dir='ltr'><strong>δέ</strong></span> <span class='ocrx_word' id='word_1_326' title='bbox 2889 1837 3132 1891; x_wconf 85' lang='grc' dir='ltr'><strong>Σκιπίων</strong></span> <span class='ocrx_word' id='word_1_327' title='bbox 3153 1837 3244 1891; x_wconf 74' lang='grc' dir='ltr'><strong>τὸν</strong></span> <span class='ocrx_word' id='word_1_328' title='bbox 3273 1835 3373 1904; x_wconf 83' lang='grc' dir='ltr'><strong>μὲν</strong></span> <span class='ocrx_word' id='word_1_329' title='bbox 3397 1834 3653 1904; x_wconf 80' lang='grc' dir='ltr'><strong>’Λσδρού-</strong></span> 
     </span>
    </p>
   </div>
   <div class='ocr_carea' id='block_1_50' title="bbox 2071 1929 3652 2003">
    <p class='ocr_par' dir='ltr' id='par_1_50' title="bbox 2071 1929 3652 2003">
     <span class='ocr_line' id='line_1_50' title="bbox 2071 1929 3652 2003; baseline -0.007 -12"><span class='ocrx_word' id='word_1_330' title='bbox 2071 1938 2174 1994; x_wconf 86' lang='grc' dir='ltr'><strong>ϐαν</strong></span> <span class='ocrx_word' id='word_1_331' title='bbox 2225 1939 2326 1991; x_wconf 77' lang='grc' dir='ltr'><strong>οὐκ</strong></span> <span class='ocrx_word' id='word_1_332' title='bbox 2378 1935 2671 2000; x_wconf 70' lang='grc' dir='ltr'><strong>ἐπεδίωξε*</strong></span> <span class='ocrx_word' id='word_1_333' title='bbox 2703 1932 2922 2003; x_wconf 78' lang='grc' dir='ltr'><strong>πέμψας</strong></span> <span class='ocrx_word' id='word_1_334' title='bbox 2943 1931 3000 1985; x_wconf 82' lang='grc' dir='ltr'><strong>δέ</strong></span> <span class='ocrx_word' id='word_1_335' title='bbox 3049 1930 3497 2000; x_wconf 83' lang='grc' dir='ltr'><strong>δρομοκήρυκας,</strong></span> <span class='ocrx_word' id='word_1_336' title='bbox 3550 1929 3652 1998; x_wconf 81' lang='grc' dir='ltr'><strong>τὴν</strong></span> 
     </span>
    </p>
   </div>
   <div class='ocr_carea' id='block_1_51' title="bbox 2073 2020 3644 2098">
    <p class='ocr_par' dir='ltr' id='par_1_51' title="bbox 2073 2020 3644 2098">
     <span class='ocr_line' id='line_1_51' title="bbox 2073 2020 3644 2098; baseline -0.007 -17"><span class='ocrx_word' id='word_1_337' title='bbox 2073 2028 2335 2098; x_wconf 80' lang='grc' dir='ltr'><strong>πρόσοδον</strong></span> <span class='ocrx_word' id='word_1_338' title='bbox 2359 2025 2524 2079; x_wconf 82' lang='grc' dir='ltr'><strong>αὐτοῦ</strong></span> <span class='ocrx_word' id='word_1_339' title='bbox 2550 2028 2662 2089; x_wconf 87' lang='grc' dir='ltr'><strong>τοῖς</strong></span> <span class='ocrx_word' id='word_1_340' title='bbox 2691 2027 2750 2078; x_wconf 84' lang='grc' dir='ltr'><strong>ἐν</strong></span> <span class='ocrx_word' id='word_1_341' title='bbox 2780 2026 2848 2095; x_wconf 84' lang='grc' dir='ltr'><strong>τῇ</strong></span> <span class='ocrx_word' id='word_1_342' title='bbox 2889 2021 3078 2095; x_wconf 80' lang='grc' dir='ltr'><strong>Ῥώμῃ</strong></span> <span class='ocrx_word' id='word_1_343' title='bbox 3103 2021 3168 2074; x_wconf 80' lang='grc' dir='ltr'><strong>δι’</strong></span> <span class='ocrx_word' id='word_1_344' title='bbox 3199 2020 3380 2073; x_wconf 82' lang='grc' dir='ltr'><strong>αὐτῶν</strong></span> <span class='ocrx_word' id='word_1_345' title='bbox 3405 2021 3644 2089; x_wconf 65' lang='grc' dir='ltr'><strong>προεκήυ</strong></span> 
     </span>
    </p>
   </div>
   <div class='ocr_carea' id='block_1_52' title="bbox 2078 2110 3653 2190">
    <p class='ocr_par' dir='ltr' id='par_1_52' title="bbox 2078 2110 3653 2190">
     <span class='ocr_line' id='line_1_52' title="bbox 2078 2110 3653 2190; baseline -0.006 -18"><span class='ocrx_word' id='word_1_346' title='bbox 2078 2120 2256 2190; x_wconf 79' lang='grc' dir='ltr'><strong>ρυξεν,</strong></span> <span class='ocrx_word' id='word_1_347' title='bbox 2288 2119 2445 2179; x_wconf 72' lang='grc' dir='ltr'><strong>αὐτὸς</strong></span> <span class='ocrx_word' id='word_1_348' title='bbox 2473 2118 2527 2170; x_wconf 81' lang='grc' dir='ltr'><strong>δὲ</strong></span> <span class='ocrx_word' id='word_1_349' title='bbox 2551 2116 2660 2169; x_wconf 90' lang='grc' dir='ltr'><strong>τῶν</strong></span> <span class='ocrx_word' id='word_1_350' title='bbox 2685 2117 2742 2168; x_wconf 91' lang='grc' dir='ltr'><strong>ἐν</strong></span> <span class='ocrx_word' id='word_1_351' title='bbox 2778 2114 2965 2185; x_wconf 76' lang='grc' dir='ltr'><strong>χερσὶν</strong></span> <span class='ocrx_word' id='word_1_352' title='bbox 2985 2114 3182 2182; x_wconf 85' lang='grc' dir='ltr'><strong>είχετο.</strong></span> <span class='ocrx_word' id='word_1_353' title='bbox 3216 2111 3320 2164; x_wconf 78' lang='grc' dir='ltr'><strong>Καὶ</strong></span> <span class='ocrx_word' id='word_1_354' title='bbox 3352 2110 3496 2183; x_wconf 84' lang='grc' dir='ltr'><strong>όρῶν</strong></span> <span class='ocrx_word' id='word_1_355' title='bbox 3527 2112 3653 2172; x_wconf 67' lang='grc' dir='ltr'><strong>τοὺς</strong></span> 
     </span>
    </p>
   </div>
   <div class='ocr_carea' id='block_1_53' title="bbox 2075 2202 3656 2278">
    <p class='ocr_par' dir='ltr' id='par_1_53' title="bbox 2075 2202 3656 2278">
     <span class='ocr_line' id='line_1_53' title="bbox 2075 2202 3656 2278; baseline -0.006 -14"><span class='ocrx_word' id='word_1_356' title='bbox 2075 2212 2352 2272; x_wconf 72' lang='grc' dir='ltr'><strong>ἐναντίους</strong></span> <span class='ocrx_word' id='word_1_357' title='bbox 2388 2209 2630 2278; x_wconf 83' lang='grc' dir='ltr'><strong>πολλαχῆ</strong></span> <span class='ocrx_word' id='word_1_358' title='bbox 2659 2210 2754 2277; x_wconf 86' lang='grc' dir='ltr'><strong>τῆς</strong></span> <span class='ocrx_word' id='word_1_359' title='bbox 2791 2206 2974 2276; x_wconf 89' lang='grc' dir='ltr'><strong>χώρας</strong></span> <span class='ocrx_word' id='word_1_360' title='bbox 3002 2204 3182 2267; x_wconf 76' lang='grc' dir='ltr'><strong>ὄντας,</strong></span> <span class='ocrx_word' id='word_1_361' title='bbox 3226 2202 3416 2255; x_wconf 80' lang='grc' dir='ltr'><strong>ἐδεδίει</strong></span> <span class='ocrx_word' id='word_1_362' title='bbox 3456 2204 3531 2273; x_wconf 80' lang='grc' dir='ltr'><strong>μή</strong></span> <span class='ocrx_word' id='word_1_363' title='bbox 3573 2219 3656 2254; x_wconf 83' lang='grc' dir='ltr'><strong>τι-</strong></span> 
     </span>
    </p>
   </div>
   <div class='ocr_carea' id='block_1_54' title="bbox 2077 2291 3655 2366">
    <p class='ocr_par' dir='ltr' id='par_1_54' title="bbox 2077 2291 3655 2366">
     <span class='ocr_line' id='line_1_54' title="bbox 2077 2291 3655 2366; baseline -0.008 -13"><span class='ocrx_word' id='word_1_364' title='bbox 2077 2319 2160 2354; x_wconf 91' lang='grc' dir='ltr'><strong>σιν</strong></span> <span class='ocrx_word' id='word_1_365' title='bbox 2219 2300 2401 2352; x_wconf 76' lang='grc' dir='ltr'><strong>αὐτῶν</strong></span> <span class='ocrx_word' id='word_1_366' title='bbox 2455 2297 2764 2366; x_wconf 71' lang='grc' dir='ltr'><strong>προσμίξας</strong></span> <span class='ocrx_word' id='word_1_367' title='bbox 2817 2296 2899 2353; x_wconf 85' lang='grc' dir='ltr'><strong>είς</strong></span> <span class='ocrx_word' id='word_1_368' title='bbox 2948 2293 3006 2346; x_wconf 81' lang='grc' dir='ltr'><strong>ἓν</strong></span> <span class='ocrx_word' id='word_1_369' title='bbox 3067 2292 3316 2347; x_wconf 73' lang='grc' dir='ltr'><strong>ἅπαντας</strong></span> <span class='ocrx_word' id='word_1_370' title='bbox 3371 2291 3655 2359; x_wconf 74' lang='grc' dir='ltr'><strong>συναγάγῃ</strong></span> 
     </span>
    </p>
   </div>
   <div class='ocr_carea' id='block_1_55' title="bbox 2076 2383 3658 2462">
    <p class='ocr_par' dir='ltr' id='par_1_55' title="bbox 2076 2383 3658 2462">
     <span class='ocr_line' id='line_1_55' title="bbox 2076 2383 3658 2462; baseline -0.009 -15"><span class='ocrx_word' id='word_1_371' title='bbox 2076 2393 2322 2462; x_wconf 78' lang='grc' dir='ltr'><strong>ἀλλήλοις</strong></span> <span class='ocrx_word' id='word_1_372' title='bbox 2347 2391 2836 2462; x_wconf 77' lang='grc' dir='ltr'><strong>ἐπικουρήσοντας.</strong></span> <span class='ocrx_word' id='word_1_373' title='bbox 2861 2387 3032 2450; x_wconf 75' lang='grc' dir='ltr'><strong>Αὐτὸς</strong></span> <span class='ocrx_word' id='word_1_374' title='bbox 3057 2386 3154 2455; x_wconf 75' lang='grc' dir='ltr'><strong>μὲν</strong></span> <span class='ocrx_word' id='word_1_375' title='bbox 3181 2383 3272 2438; x_wconf 79' lang='grc' dir='ltr'><strong>οὖν</strong></span> <span class='ocrx_word' id='word_1_376' title='bbox 3296 2384 3658 2454; x_wconf 70' lang='grc' dir='ltr'><strong>ἐστράτευσεν</strong></span> 
     </span>
    </p>
   </div>
   <div class='ocr_carea' id='block_1_56' title="bbox 2079 2475 3652 2554">
    <p class='ocr_par' dir='ltr' id='par_1_56' title="bbox 2079 2475 3652 2554">
     <span class='ocr_line' id='line_1_56' title="bbox 2079 2475 3652 2554; baseline -0.009 -15"><span class='ocrx_word' id='word_1_377' title='bbox 2079 2488 2164 2538; x_wconf 83' lang='grc' dir='ltr'><strong>ἐπ’</strong></span> <span class='ocrx_word' id='word_1_378' title='bbox 2201 2483 2534 2554; x_wconf 83' lang='grc' dir='ltr'><strong>Ἀσδρούϐαν</strong></span> <span class='ocrx_word' id='word_1_379' title='bbox 2567 2483 2657 2534; x_wconf 82' lang='grc' dir='ltr'><strong>τὸν</strong></span> <span class='ocrx_word' id='word_1_380' title='bbox 2691 2481 3000 2548; x_wconf 72' lang='grc' dir='ltr'><strong>Γίσγωνος*</strong></span> <span class='ocrx_word' id='word_1_381' title='bbox 3035 2477 3260 2530; x_wconf 70' lang='grc' dir='ltr'><strong>Σιλανὸν</strong></span> <span class='ocrx_word' id='word_1_382' title='bbox 3289 2477 3344 2528; x_wconf 85' lang='grc' dir='ltr'><strong>δὲ</strong></span> <span class='ocrx_word' id='word_1_383' title='bbox 3377 2477 3433 2538; x_wconf 83' lang='grc' dir='ltr'><strong>ἐς</strong></span> <span class='ocrx_word' id='word_1_384' title='bbox 3469 2475 3652 2528; x_wconf 55' lang='grc' dir='ltr'><strong>Κελτι.</strong></span> 
     </span>
    </p>
   </div>
   <div class='ocr_carea' id='block_1_57' title="bbox 2079 2564 3660 2646">
    <p class='ocr_par' dir='ltr' id='par_1_57' title="bbox 2079 2564 3660 2646">
     <span class='ocr_line' id='line_1_57' title="bbox 2079 2564 3660 2646; baseline -0.009 -17"><span class='ocrx_word' id='word_1_385' title='bbox 2079 2578 2276 2646; x_wconf 85' lang='grc' dir='ltr'><strong>ϐηρίαν</strong></span> <span class='ocrx_word' id='word_1_386' title='bbox 2327 2577 2419 2627; x_wconf 73' lang='grc' dir='ltr'><strong>ἐπὶ</strong></span> <span class='ocrx_word' id='word_1_387' title='bbox 2476 2575 2744 2642; x_wconf 77' lang='grc' dir='ltr'><strong>Μάγωνα,</strong></span> <span class='ocrx_word' id='word_1_388' title='bbox 2807 2573 2904 2624; x_wconf 72' lang='grc' dir='ltr'><strong>καὶ</strong></span> <span class='ocrx_word' id='word_1_389' title='bbox 2954 2568 3185 2622; x_wconf 80' lang='grc' dir='ltr'><strong>Λούκιον</strong></span> <span class='ocrx_word' id='word_1_390' title='bbox 3243 2566 3519 2618; x_wconf 85' lang='grc' dir='ltr'><strong>Σκιπίωνα</strong></span> <span class='ocrx_word' id='word_1_391' title='bbox 3568 2564 3660 2614; x_wconf 66' lang='grc' dir='ltr'><strong>τὶν</strong></span> 
     </span>
    </p>
   </div>
   <div class='ocr_carea' id='block_1_58' title="bbox 2080 2657 3658 2737">
    <p class='ocr_par' dir='ltr' id='par_1_58' title="bbox 2080 2657 3658 2737">
     <span class='ocr_line' id='line_1_58' title="bbox 2080 2657 3658 2737; baseline -0.009 -18"><span class='ocrx_word' id='word_1_392' title='bbox 2080 2667 2308 2737; x_wconf 67' lang='grc' dir='ltr'><strong>ἀδελφὸν</strong></span> <span class='ocrx_word' id='word_1_393' title='bbox 2344 2667 2400 2728; x_wconf 83' lang='grc' dir='ltr'><strong>ἐς</strong></span> <span class='ocrx_word' id='word_1_394' title='bbox 2430 2663 2794 2717; x_wconf 81' lang='grc' dir='ltr'><strong>Βαστιτανίαν</strong></span> <span class='ocrx_word' id='word_1_395' title='bbox 2821 2659 3088 2730; x_wconf 79' lang='grc' dir='ltr'><strong>ἔπεμψεν,</strong></span> <span class='ocrx_word' id='word_1_396' title='bbox 3118 2658 3174 2721; x_wconf 83' lang='grc' dir='ltr'><strong>ὃς</strong></span> <span class='ocrx_word' id='word_1_397' title='bbox 3209 2657 3428 2727; x_wconf 76' lang='grc' dir='ltr'><strong>ἐκείνην</strong></span> <span class='ocrx_word' id='word_1_398' title='bbox 3460 2673 3521 2708; x_wconf 89' lang='grc' dir='ltr'><strong>τε</strong></span> <span class='ocrx_word' id='word_1_399' title='bbox 3556 2672 3658 2706; x_wconf 87' lang='grc' dir='ltr'><strong>πο-</strong></span> 
     </span>
    </p>
   </div>
   <div class='ocr_carea' id='block_1_59' title="bbox 2079 2746 3659 2828">
    <p class='ocr_par' dir='ltr' id='par_1_59' title="bbox 2079 2746 3659 2828">
     <span class='ocr_line' id='line_1_59' title="bbox 2079 2746 3659 2828; baseline -0.009 -17"><span class='ocrx_word' id='word_1_400' title='bbox 2079 2759 2230 2828; x_wconf 80' lang='grc' dir='ltr'><strong>λέμῳ</strong></span> <span class='ocrx_word' id='word_1_401' title='bbox 2279 2756 2532 2826; x_wconf 83' lang='grc' dir='ltr'><strong>κατέσχε,</strong></span> <span class='ocrx_word' id='word_1_402' title='bbox 2571 2755 2664 2808; x_wconf 74' lang='grc' dir='ltr'><strong>καὶ</strong></span> <span class='ocrx_word' id='word_1_403' title='bbox 2695 2754 2786 2806; x_wconf 71' lang='grc' dir='ltr'><strong>τὸν</strong></span> <span class='ocrx_word' id='word_1_404' title='bbox 2817 2751 3064 2816; x_wconf 77' lang='grc' dir='ltr'><strong>Μάγωνα</strong></span> <span class='ocrx_word' id='word_1_405' title='bbox 3107 2749 3348 2818; x_wconf 82' lang='grc' dir='ltr'><strong>ἐνίκησε.</strong></span> <span class='ocrx_word' id='word_1_406' title='bbox 3391 2747 3498 2798; x_wconf 77' lang='grc' dir='ltr'><strong>Καὶ</strong></span> <span class='ocrx_word' id='word_1_407' title='bbox 3528 2746 3659 2815; x_wconf 63' lang='grc' dir='ltr'><strong>φεύ-</strong></span> 
     </span>
    </p>
   </div>
   <div class='ocr_carea' id='block_1_60' title="bbox 2082 2838 3657 2918">
    <p class='ocr_par' dir='ltr' id='par_1_60' title="bbox 2082 2838 3657 2918">
     <span class='ocr_line' id='line_1_60' title="bbox 2082 2838 3657 2918; baseline -0.01 -14"><span class='ocrx_word' id='word_1_408' title='bbox 2082 2867 2232 2918; x_wconf 82' lang='grc' dir='ltr'><strong>γοντι</strong></span> <span class='ocrx_word' id='word_1_409' title='bbox 2289 2847 2438 2917; x_wconf 85' lang='grc' dir='ltr'><strong>αύτῷ</strong></span> <span class='ocrx_word' id='word_1_410' title='bbox 2498 2846 2631 2914; x_wconf 65' lang='grc' dir='ltr'><strong>πρὸς</strong></span> <span class='ocrx_word' id='word_1_411' title='bbox 2684 2844 2778 2896; x_wconf 76' lang='grc' dir='ltr'><strong>τὸν</strong></span> <span class='ocrx_word' id='word_1_412' title='bbox 2820 2841 3158 2914; x_wconf 81' lang='grc' dir='ltr'><strong>Ἀσδρούϐαν</strong></span> <span class='ocrx_word' id='word_1_413' title='bbox 3188 2838 3657 2907; x_wconf 74' lang='grc' dir='ltr'><strong>ἐπακολουθήσας,</strong></span> 
     </span>
    </p>
   </div>
   <div class='ocr_carea' id='block_1_61' title="bbox 2081 2929 3660 3012">
    <p class='ocr_par' dir='ltr' id='par_1_61' title="bbox 2081 2929 3660 3012">
     <span class='ocr_line' id='line_1_61' title="bbox 2081 2929 3660 3012; baseline -0.008 -20"><span class='ocrx_word' id='word_1_414' title='bbox 2081 2937 2212 3012; x_wconf 82' lang='grc' dir='ltr'><strong>ἦλθε</strong></span> <span class='ocrx_word' id='word_1_415' title='bbox 2245 2939 2377 3007; x_wconf 74' lang='grc' dir='ltr'><strong>πρὸς</strong></span> <span class='ocrx_word' id='word_1_416' title='bbox 2409 2938 2500 2990; x_wconf 81' lang='grc' dir='ltr'><strong>τὸν</strong></span> <span class='ocrx_word' id='word_1_417' title='bbox 2530 2934 2831 2994; x_wconf 86' lang='grc' dir='ltr'><strong>Σκιπίωνα,</strong></span> <span class='ocrx_word' id='word_1_418' title='bbox 2869 2934 3034 3004; x_wconf 83' lang='grc' dir='ltr'><strong>μήπω</strong></span> <span class='ocrx_word' id='word_1_419' title='bbox 3061 2931 3225 3002; x_wconf 83' lang='grc' dir='ltr'><strong>μηδὲν</strong></span> <span class='ocrx_word' id='word_1_420' title='bbox 3248 2929 3660 2997; x_wconf 79' lang='grc' dir='ltr'><strong>διαπεπραγμέο</strong></span> 
     </span>
    </p>
   </div>
   <div class='ocr_carea' id='block_1_62' title="bbox 397 3021 1976 3115">
    <p class='ocr_par' dir='ltr' id='par_1_62' title="bbox 397 3025 1974 3100">
     <span class='ocr_line' id='line_1_62' title="bbox 397 3025 1974 3100; baseline 0.004 -21"><span class='ocrx_word' id='word_1_421' title='bbox 397 3025 450 3079; x_wconf 90' lang='lat' dir='ltr'><strong>id</strong></span> <span class='ocrx_word' id='word_1_422' title='bbox 481 3027 626 3096; x_wconf 87' lang='lat' dir='ltr'><strong>quod</strong></span> <span class='ocrx_word' id='word_1_423' title='bbox 661 3028 847 3100; x_wconf 73' lang='lat' dir='ltr'><strong>Scipio</strong></span> <span class='ocrx_word' id='word_1_424' title='bbox 879 3031 1065 3086; x_wconf 88' lang='lat' dir='ltr'><strong>triduo</strong></span> <span class='ocrx_word' id='word_1_425' title='bbox 1088 3044 1214 3088; x_wconf 88' lang='lat' dir='ltr'><strong>ante</strong></span> <span class='ocrx_word' id='word_1_426' title='bbox 1241 3035 1576 3090; x_wconf 77' lang='lat' dir='ltr'><strong>vaticinatus</strong></span> <span class='ocrx_word' id='word_1_427' title='bbox 1603 3047 1726 3088; x_wconf 85' lang='lat' dir='ltr'><strong>csse</strong></span> <span class='ocrx_word' id='word_1_428' title='bbox 1778 3032 1974 3086; x_wconf 78' lang='lat' dir='ltr'><strong>fertur.</strong></span> 
     </span>
    </p>
   </div>
   <div class='ocr_carea' id='block_1_63' title="bbox 2079 3021 3661 3115">
    <p class='ocr_par' dir='ltr' id='par_1_63' title="bbox 2093 3021 3661 3092">
     <span class='ocr_line' id='line_1_63' title="bbox 2093 3021 3661 3092; baseline -0.01 -6"><span class='ocrx_word' id='word_1_429' title='bbox 2093 3049 2208 3086; x_wconf 82' lang='lat' dir='ltr'><strong>vov.</strong></span> <span class='ocrx_word' id='word_1_430' title='bbox 2275 3031 2574 3084; x_wconf 78' lang='grc' dir='ltr'><strong>Ἐλθόντων</strong></span> <span class='ocrx_word' id='word_1_431' title='bbox 2633 3028 2725 3082; x_wconf 79' lang='grc' dir='ltr'><strong>οὖν</strong></span> <span class='ocrx_word' id='word_1_432' title='bbox 2784 3025 2879 3080; x_wconf 80' lang='grc' dir='ltr'><strong>τοῦ</strong></span> <span class='ocrx_word' id='word_1_433' title='bbox 2935 3043 2996 3079; x_wconf 88' lang='grc' dir='ltr'><strong>τε</strong></span> <span class='ocrx_word' id='word_1_434' title='bbox 3048 3027 3316 3092; x_wconf 80' lang='grc' dir='ltr'><strong>Μάγωνος</strong></span> <span class='ocrx_word' id='word_1_435' title='bbox 3373 3022 3510 3092; x_wconf 70' lang='grc' dir='ltr'><strong>πρὸς</strong></span> <span class='ocrx_word' id='word_1_436' title='bbox 3569 3021 3661 3072; x_wconf 65' lang='grc' dir='ltr'><strong>τὸν</strong></span> 
     </span>
    </p>
   </div>
   <div class='ocr_carea' id='block_1_64' title="bbox 395 3115 1977 3190">
    <p class='ocr_par' dir='ltr' id='par_1_64' title="bbox 395 3115 1977 3190">
     <span class='ocr_line' id='line_1_64' title="bbox 395 3115 1977 3190; baseline 0.003 -20"><span class='ocrx_word' id='word_1_437' title='bbox 395 3115 531 3170; x_wconf 80' lang='lat' dir='ltr'><strong>Nam</strong></span> <span class='ocrx_word' id='word_1_438' title='bbox 575 3133 701 3172; x_wconf 89' lang='lat' dir='ltr'><strong>cum</strong></span> <span class='ocrx_word' id='word_1_439' title='bbox 737 3122 899 3176; x_wconf 84' lang='lat' dir='ltr'><strong>rebus</strong></span> <span class='ocrx_word' id='word_1_440' title='bbox 946 3123 1275 3178; x_wconf 87' lang='lat' dir='ltr'><strong>necessariis</strong></span> <span class='ocrx_word' id='word_1_441' title='bbox 1321 3123 1776 3180; x_wconf 88' lang='lat' dir='ltr'><strong>destituerentur.</strong></span> <span class='ocrx_word' id='word_1_442' title='bbox 1833 3136 1977 3190; x_wconf 68' lang='lat' dir='ltr'><strong>prte—</strong></span> 
     </span>
    </p>
   </div>
   <div class='ocr_carea' id='block_1_65' title="bbox 396 3208 1978 3284">
    <p class='ocr_par' dir='ltr' id='par_1_65' title="bbox 396 3208 1978 3284">
     <span class='ocr_line' id='line_1_65' title="bbox 396 3208 1978 3284; baseline 0.004 -26"><span class='ocrx_word' id='word_1_443' title='bbox 396 3208 534 3262; x_wconf 77' lang='lat' dir='ltr'><strong>dixit</strong></span> <span class='ocrx_word' id='word_1_444' title='bbox 560 3209 688 3279; x_wconf 82' lang='lat' dir='ltr'><strong>(qua</strong></span> <span class='ocrx_word' id='word_1_445' title='bbox 747 3227 880 3266; x_wconf 79' lang='lat' dir='ltr'><strong>vero</strong></span> <span class='ocrx_word' id='word_1_446' title='bbox 910 3222 1048 3278; x_wconf 90' lang='lat' dir='ltr'><strong>arte,</strong></span> <span class='ocrx_word' id='word_1_447' title='bbox 1111 3213 1414 3284; x_wconf 84' lang='lat' dir='ltr'><strong>ignoratur)</strong></span> <span class='ocrx_word' id='word_1_448' title='bbox 1463 3228 1522 3268; x_wconf 86' lang='lat' dir='ltr'><strong>se</strong></span> <span class='ocrx_word' id='word_1_449' title='bbox 1561 3213 1616 3266; x_wconf 88' lang='lat' dir='ltr'><strong>in</strong></span> <span class='ocrx_word' id='word_1_450' title='bbox 1667 3226 1792 3264; x_wconf 89' lang='lat' dir='ltr'><strong>eum</strong></span> <span class='ocrx_word' id='word_1_451' title='bbox 1834 3211 1978 3264; x_wconf 90' lang='lat' dir='ltr'><strong>diem</strong></span> 
     </span>
    </p>
   </div>
   <div class='ocr_carea' id='block_1_66' title="bbox 398 3299 1980 3368">
    <p class='ocr_par' dir='ltr' id='par_1_66' title="bbox 398 3299 1980 3368">
     <span class='ocr_line' id='line_1_66' title="bbox 398 3299 1980 3368; baseline 0.004 -16"><span class='ocrx_word' id='word_1_452' title='bbox 398 3299 638 3354; x_wconf 83' lang='lat' dir='ltr'><strong>hostium</strong></span> <span class='ocrx_word' id='word_1_453' title='bbox 691 3302 912 3357; x_wconf 87' lang='lat' dir='ltr'><strong>cibariis</strong></span> <span class='ocrx_word' id='word_1_454' title='bbox 975 3320 1174 3360; x_wconf 90' lang='lat' dir='ltr'><strong>usuros</strong></span> <span class='ocrx_word' id='word_1_455' title='bbox 1214 3321 1356 3360; x_wconf 85' lang='lat' dir='ltr'><strong>esse.</strong></span> <span class='ocrx_word' id='word_1_456' title='bbox 1410 3305 1539 3360; x_wconf 86' lang='lat' dir='ltr'><strong>Post</strong></span> <span class='ocrx_word' id='word_1_457' title='bbox 1589 3305 1726 3368; x_wconf 72' lang='lat' dir='ltr'><strong>htec,</strong></span> <span class='ocrx_word' id='word_1_458' title='bbox 1775 3302 1980 3358; x_wconf 86' lang='lat' dir='ltr'><strong>Sillano</strong></span> 
     </span>
    </p>
   </div>
   <div class='ocr_carea' id='block_1_67' title="bbox 397 3394 1976 3466">
    <p class='ocr_par' dir='ltr' id='par_1_67' title="bbox 397 3394 1976 3466">
     <span class='ocr_line' id='line_1_67' title="bbox 397 3394 1976 3466; baseline 0.003 -22"><span class='ocrx_word' id='word_1_459' title='bbox 397 3401 589 3447; x_wconf 85' lang='lat' dir='ltr'><strong>contra</strong></span> <span class='ocrx_word' id='word_1_460' title='bbox 627 3394 866 3448; x_wconf 89' lang='lat' dir='ltr'><strong>hostium</strong></span> <span class='ocrx_word' id='word_1_461' title='bbox 896 3396 1155 3466; x_wconf 86' lang='lat' dir='ltr'><strong>reliquias</strong></span> <span class='ocrx_word' id='word_1_462' title='bbox 1177 3398 1392 3462; x_wconf 88' lang='lat' dir='ltr'><strong>relicto,</strong></span> <span class='ocrx_word' id='word_1_463' title='bbox 1413 3397 1548 3452; x_wconf 88' lang='lat' dir='ltr'><strong>alias</strong></span> <span class='ocrx_word' id='word_1_464' title='bbox 1581 3397 1748 3450; x_wconf 86' lang='lat' dir='ltr'><strong>urbes</strong></span> <span class='ocrx_word' id='word_1_465' title='bbox 1775 3395 1976 3449; x_wconf 89' lang='lat' dir='ltr'><strong>multas</strong></span> 
     </span>
    </p>
   </div>
   <div class='ocr_carea' id='block_1_68' title="bbox 399 3484 1975 3560">
    <p class='ocr_par' dir='ltr' id='par_1_68' title="bbox 399 3484 1975 3560">
     <span class='ocr_line' id='line_1_68' title="bbox 399 3484 1975 3560; baseline 0.003 -24"><span class='ocrx_word' id='word_1_466' title='bbox 399 3484 505 3538; x_wconf 88' lang='lat' dir='ltr'><strong>sibi</strong></span> <span class='ocrx_word' id='word_1_467' title='bbox 543 3485 826 3556; x_wconf 77' lang='lat' dir='ltr'><strong>adjunxit;</strong></span> <span class='ocrx_word' id='word_1_468' title='bbox 857 3489 1238 3560; x_wconf 88' lang='lat' dir='ltr'><strong>ordinatisque</strong></span> <span class='ocrx_word' id='word_1_469' title='bbox 1274 3491 1461 3552; x_wconf 87' lang='lat' dir='ltr'><strong>rebus.</strong></span> <span class='ocrx_word' id='word_1_470' title='bbox 1495 3490 1549 3545; x_wconf 93' lang='lat' dir='ltr'><strong>in</strong></span> <span class='ocrx_word' id='word_1_471' title='bbox 1581 3488 1845 3558; x_wconf 85' lang='lat' dir='ltr'><strong>Hispania</strong></span> <span class='ocrx_word' id='word_1_472' title='bbox 1886 3487 1975 3540; x_wconf 90' lang='lat' dir='ltr'><strong>hi-</strong></span> 
     </span>
    </p>
   </div>
   <div class='ocr_carea' id='block_1_69' title="bbox 401 3576 1977 3651">
    <p class='ocr_par' dir='ltr' id='par_1_69' title="bbox 401 3576 1977 3651">
     <span class='ocr_line' id='line_1_69' title="bbox 401 3576 1977 3651; baseline 0.003 -22"><span class='ocrx_word' id='word_1_473' title='bbox 401 3576 754 3643; x_wconf 88' lang='lat' dir='ltr'><strong>hernavit,L.</strong></span> <span class='ocrx_word' id='word_1_474' title='bbox 792 3579 1016 3634; x_wconf 86' lang='lat' dir='ltr'><strong>fratrem</strong></span> <span class='ocrx_word' id='word_1_475' title='bbox 1052 3580 1276 3635; x_wconf 73' lang='lat' dir='ltr'><strong>Romam</strong></span> <span class='ocrx_word' id='word_1_476' title='bbox 1305 3582 1474 3644; x_wconf 89' lang='lat' dir='ltr'><strong>misit,</strong></span> <span class='ocrx_word' id='word_1_477' title='bbox 1507 3589 1568 3636; x_wconf 91' lang='lat' dir='ltr'><strong>ut</strong></span> <span class='ocrx_word' id='word_1_478' title='bbox 1593 3589 1648 3637; x_wconf 89' lang='lat' dir='ltr'><strong>et</strong></span> <span class='ocrx_word' id='word_1_479' title='bbox 1679 3597 1767 3635; x_wconf 87' lang='lat' dir='ltr'><strong>res</strong></span> <span class='ocrx_word' id='word_1_480' title='bbox 1798 3588 1977 3651; x_wconf 85' lang='lat' dir='ltr'><strong>gestas</strong></span> 
     </span>
    </p>
   </div>
   <div class='ocr_carea' id='block_1_70' title="bbox 399 3669 1977 3744">
    <p class='ocr_par' dir='ltr' id='par_1_70' title="bbox 399 3669 1977 3744">
     <span class='ocr_line' id='line_1_70' title="bbox 399 3669 1977 3744; baseline 0.002 -22"><span class='ocrx_word' id='word_1_481' title='bbox 399 3669 704 3734; x_wconf 78' lang='lat' dir='ltr'><strong>nuntiaret,</strong></span> <span class='ocrx_word' id='word_1_482' title='bbox 759 3682 815 3728; x_wconf 90' lang='lat' dir='ltr'><strong>et</strong></span> <span class='ocrx_word' id='word_1_483' title='bbox 866 3674 1112 3744; x_wconf 84' lang='lat' dir='ltr'><strong>captivos</strong></span> <span class='ocrx_word' id='word_1_484' title='bbox 1171 3691 1238 3730; x_wconf 92' lang='lat' dir='ltr'><strong>eo</strong></span> <span class='ocrx_word' id='word_1_485' title='bbox 1282 3676 1614 3737; x_wconf 85' lang='lat' dir='ltr'><strong>adduceret.</strong></span> <span class='ocrx_word' id='word_1_486' title='bbox 1670 3673 1977 3742; x_wconf 87' lang='lat' dir='ltr'><strong>eademque</strong></span> 
     </span>
    </p>
   </div>
   <div class='ocr_carea' id='block_1_71' title="bbox 398 3763 1978 3848">
    <p class='ocr_par' dir='ltr' id='par_1_71' title="bbox 398 3763 1978 3848">
     <span class='ocr_line' id='line_1_71' title="bbox 398 3763 1978 3848; baseline 0.004 -36"><span class='ocrx_word' id='word_1_487' title='bbox 398 3773 564 3848; x_wconf 80' lang='lat' dir='ltr'><strong>Opera</strong></span> <span class='ocrx_word' id='word_1_488' title='bbox 577 3775 641 3814; x_wconf 80' lang='lat' dir='ltr'><strong>ex</strong></span> <span class='ocrx_word' id='word_1_489' title='bbox 657 3763 916 3832; x_wconf 76' lang='lat' dir='ltr'><strong>plorarct,</strong></span> <span class='ocrx_word' id='word_1_490' title='bbox 934 3780 1054 3834; x_wconf 68' lang='lat' dir='ltr'><strong>quae</strong></span> <span class='ocrx_word' id='word_1_491' title='bbox 1065 3765 1132 3819; x_wconf 84' lang='lat' dir='ltr'><strong>de</strong></span> <span class='ocrx_word' id='word_1_492' title='bbox 1145 3780 1204 3820; x_wconf 88' lang='lat' dir='ltr'><strong>se</strong></span> <span class='ocrx_word' id='word_1_493' title='bbox 1225 3764 1594 3820; x_wconf 80' lang='lat' dir='ltr'><strong>Romanorum</strong></span> <span class='ocrx_word' id='word_1_494' title='bbox 1612 3763 1978 3835; x_wconf 89' lang='lat' dir='ltr'><strong>essetopinio.</strong></span> 
     </span>
    </p>
   </div>
   <div class='ocr_carea' id='block_1_72' title="bbox 2081 3116 3656 3193">
    <p class='ocr_par' dir='ltr' id='par_1_72' title="bbox 2081 3116 3656 3193">
     <span class='ocr_line' id='line_1_72' title="bbox 2081 3116 3656 3193; baseline -0.008 -15"><span class='ocrx_word' id='word_1_495' title='bbox 2081 3123 2435 3193; x_wconf 74' lang='grc' dir='ltr'><strong>Ἀσδρούϐαν,</strong></span> <span class='ocrx_word' id='word_1_496' title='bbox 2487 3123 2581 3175; x_wconf 82' lang='grc' dir='ltr'><strong>καὶ</strong></span> <span class='ocrx_word' id='word_1_497' title='bbox 2613 3121 2706 3174; x_wconf 79' lang='grc' dir='ltr'><strong>τοῦ</strong></span> <span class='ocrx_word' id='word_1_498' title='bbox 2743 3119 2974 3174; x_wconf 86' lang='grc' dir='ltr'><strong>Λουκίου</strong></span> <span class='ocrx_word' id='word_1_499' title='bbox 3005 3118 3142 3189; x_wconf 71' lang='grc' dir='ltr'><strong>πρὸς</strong></span> <span class='ocrx_word' id='word_1_500' title='bbox 3181 3119 3271 3171; x_wconf 70' lang='grc' dir='ltr'><strong>τὸν</strong></span> <span class='ocrx_word' id='word_1_501' title='bbox 3302 3116 3532 3184; x_wconf 54' lang='grc' dir='ltr'><strong>ἀδελφόν</strong></span> <span class='ocrx_word' id='word_1_502' title='bbox 3563 3116 3656 3166; x_wconf 68' lang='grc' dir='ltr'><strong>τὸν</strong></span> 
     </span>
    </p>
   </div>
   <div class='ocr_carea' id='block_1_73' title="bbox 2080 3209 3660 3283">
    <p class='ocr_par' dir='ltr' id='par_1_73' title="bbox 2080 3209 3660 3283">
     <span class='ocr_line' id='line_1_73' title="bbox 2080 3209 3660 3283; baseline -0.005 -16"><span class='ocrx_word' id='word_1_503' title='bbox 2080 3215 2382 3276; x_wconf 82' lang='grc' dir='ltr'><strong>Σκιπίωνα,</strong></span> <span class='ocrx_word' id='word_1_504' title='bbox 2410 3214 2478 3267; x_wconf 71' lang='grc' dir='ltr'><strong>τὰ</strong></span> <span class='ocrx_word' id='word_1_505' title='bbox 2509 3214 2609 3283; x_wconf 81' lang='grc' dir='ltr'><strong>μὲν</strong></span> <span class='ocrx_word' id='word_1_506' title='bbox 2640 3214 2832 3283; x_wconf 72' lang='grc' dir='ltr'><strong>πρῶτα</strong></span> <span class='ocrx_word' id='word_1_507' title='bbox 2855 3213 2934 3282; x_wconf 85' lang='grc' dir='ltr'>τῷ</span> <span class='ocrx_word' id='word_1_508' title='bbox 2961 3209 3173 3278; x_wconf 81' lang='grc' dir='ltr'><strong>ἱππικῷ</strong></span> <span class='ocrx_word' id='word_1_509' title='bbox 3198 3209 3554 3269; x_wconf 74' lang='grc' dir='ltr'><strong>καταθέοντες</strong></span> <span class='ocrx_word' id='word_1_510' title='bbox 3580 3210 3660 3271; x_wconf 80' lang='grc' dir='ltr'><strong>εἰς</strong></span> 
     </span>
    </p>
   </div>
   <div class='ocr_carea' id='block_1_74' title="bbox 2078 3299 3663 3375">
    <p class='ocr_par' dir='ltr' id='par_1_74' title="bbox 2078 3299 3663 3375">
     <span class='ocr_line' id='line_1_74' title="bbox 2078 3299 3663 3375; baseline -0.006 -15"><span class='ocrx_word' id='word_1_511' title='bbox 2078 3308 2146 3360; x_wconf 86' lang='grc' dir='ltr'><strong>τὰ</strong></span> <span class='ocrx_word' id='word_1_512' title='bbox 2176 3307 2333 3360; x_wconf 86' lang='grc' dir='ltr'><strong>πεδία</strong></span> <span class='ocrx_word' id='word_1_513' title='bbox 2366 3307 2692 3375; x_wconf 70' lang='grc' dir='ltr'><strong>διεμάχοντο</strong></span> <span class='ocrx_word' id='word_1_514' title='bbox 2712 3322 2724 3334; x_wconf 78' lang='grc'><strong>’</strong></span> <span class='ocrx_word' id='word_1_515' title='bbox 2761 3300 2879 3356; x_wconf 72' lang='grc' dir='ltr'><strong>εἶτα</strong></span> <span class='ocrx_word' id='word_1_516' title='bbox 2915 3305 3008 3356; x_wconf 74' lang='grc' dir='ltr'><strong>καὶ</strong></span> <span class='ocrx_word' id='word_1_517' title='bbox 3037 3303 3142 3372; x_wconf 77' lang='grc' dir='ltr'><strong>ὅλῳ</strong></span> <span class='ocrx_word' id='word_1_518' title='bbox 3173 3301 3250 3370; x_wconf 86' lang='grc' dir='ltr'>τῷ</span> <span class='ocrx_word' id='word_1_519' title='bbox 3285 3299 3663 3370; x_wconf 79' lang='grc' dir='ltr'><strong>στρατεύματι</strong></span> 
     </span>
    </p>
   </div>
   <div class='ocr_carea' id='block_1_75' title="bbox 2082 3393 3660 3468">
    <p class='ocr_par' dir='ltr' id='par_1_75' title="bbox 2082 3393 3660 3468">
     <span class='ocr_line' id='line_1_75' title="bbox 2082 3393 3660 3468; baseline -0.004 -18"><span class='ocrx_word' id='word_1_520' title='bbox 2082 3398 2634 3468; x_wconf 83' lang='grc' dir='ltr'><strong>ἀντιπαρετάσσοντο,</strong></span> <span class='ocrx_word' id='word_1_521' title='bbox 2669 3397 2727 3448; x_wconf 71' lang='grc' dir='ltr'><strong>οὔ</strong></span> <span class='ocrx_word' id='word_1_522' title='bbox 2766 3396 2870 3465; x_wconf 81' lang='grc' dir='ltr'><strong>μὴν</strong></span> <span class='ocrx_word' id='word_1_523' title='bbox 2912 3395 3007 3446; x_wconf 75' lang='grc' dir='ltr'><strong>καὶ</strong></span> <span class='ocrx_word' id='word_1_524' title='bbox 3063 3395 3352 3462; x_wconf 81' lang='grc' dir='ltr'><strong>ἐμάχοντο,</strong></span> <span class='ocrx_word' id='word_1_525' title='bbox 3406 3393 3502 3444; x_wconf 57' lang='grc' dir='ltr'><strong>καὶ⁵</strong></span> <span class='ocrx_word' id='word_1_526' title='bbox 3564 3393 3660 3444; x_wconf 72' lang='grc' dir='ltr'><strong>ἐπὶ</strong></span> 
     </span>
    </p>
   </div>
   <div class='ocr_carea' id='block_1_76' title="bbox 2083 3484 3664 3559">
    <p class='ocr_par' dir='ltr' id='par_1_76' title="bbox 2083 3484 3664 3559">
     <span class='ocr_line' id='line_1_76' title="bbox 2083 3484 3664 3559; baseline -0.004 -17"><span class='ocrx_word' id='word_1_527' title='bbox 2083 3489 2304 3552; x_wconf 80' lang='grc' dir='ltr'><strong>πλείους</strong></span> <span class='ocrx_word' id='word_1_528' title='bbox 2337 3488 2554 3559; x_wconf 81' lang='grc' dir='ltr'><strong>ἡμέρας</strong></span> <span class='ocrx_word' id='word_1_529' title='bbox 2579 3488 2736 3541; x_wconf 78' lang='grc' dir='ltr'><strong>τοῦτο</strong></span> <span class='ocrx_word' id='word_1_530' title='bbox 2759 3486 2988 3555; x_wconf 84' lang='grc' dir='ltr'><strong>ἐγίνετο.</strong></span> <span class='ocrx_word' id='word_1_531' title='bbox 3015 3484 3298 3554; x_wconf 77' lang='grc' dir='ltr'><strong>Συμϐολῆς</strong></span> <span class='ocrx_word' id='word_1_532' title='bbox 3326 3484 3382 3536; x_wconf 77' lang='grc' dir='ltr'><strong>δέ</strong></span> <span class='ocrx_word' id='word_1_533' title='bbox 3412 3502 3541 3536; x_wconf 85' lang='grc' dir='ltr'><strong>ποτε</strong></span> <span class='ocrx_word' id='word_1_534' title='bbox 3575 3503 3664 3552; x_wconf 82' lang='grc' dir='ltr'><strong>γι-</strong></span> 
     </span>
    </p>
   </div>
   <div class='ocr_carea' id='block_1_77' title="bbox 2083 3575 3664 3650">
    <p class='ocr_par' dir='ltr' id='par_1_77' title="bbox 2083 3575 3664 3650">
     <span class='ocr_line' id='line_1_77' title="bbox 2083 3575 3664 3650; baseline -0.004 -17"><span class='ocrx_word' id='word_1_535' title='bbox 2083 3580 2338 3650; x_wconf 78' lang='grc' dir='ltr'><strong>νομένης,</strong></span> <span class='ocrx_word' id='word_1_536' title='bbox 2368 3583 2418 3633; x_wconf 83' lang='grc' dir='ltr'><strong>οῖ</strong></span> <span class='ocrx_word' id='word_1_537' title='bbox 2450 3597 2509 3632; x_wconf 90' lang='grc' dir='ltr'><strong>τε</strong></span> <span class='ocrx_word' id='word_1_538' title='bbox 2540 3578 2822 3648; x_wconf 83' lang='grc' dir='ltr'><strong>σύμμαχοι</strong></span> <span class='ocrx_word' id='word_1_539' title='bbox 2845 3577 2954 3629; x_wconf 86' lang='grc' dir='ltr'><strong>τῶν</strong></span> <span class='ocrx_word' id='word_1_540' title='bbox 2979 3575 3365 3647; x_wconf 75' lang='grc' dir='ltr'><strong>Καρχηδονίων</strong></span> <span class='ocrx_word' id='word_1_541' title='bbox 3388 3575 3482 3628; x_wconf 68' lang='grc' dir='ltr'><strong>καὶ</strong></span> <span class='ocrx_word' id='word_1_542' title='bbox 3510 3577 3664 3626; x_wconf 63' lang='grc' dir='ltr'><strong>αὐτοὶ</strong></span> 
     </span>
    </p>
   </div>
   <div class='ocr_carea' id='block_1_78' title="bbox 2086 3669 3665 3743">
    <p class='ocr_par' dir='ltr' id='par_1_78' title="bbox 2086 3669 3665 3743">
     <span class='ocr_line' id='line_1_78' title="bbox 2086 3669 3665 3743; baseline -0.004 -19"><span class='ocrx_word' id='word_1_543' title='bbox 2086 3674 2284 3726; x_wconf 83' lang='grc' dir='ltr'><strong>ἐκεῖνοι</strong></span> <span class='ocrx_word' id='word_1_544' title='bbox 2323 3673 2659 3743; x_wconf 77' lang='grc' dir='ltr'><strong>ἡττήθησαν,</strong></span> <span class='ocrx_word' id='word_1_545' title='bbox 2692 3672 2785 3724; x_wconf 78' lang='grc' dir='ltr'><strong>καὶ</strong></span> <span class='ocrx_word' id='word_1_546' title='bbox 2825 3670 2886 3723; x_wconf 81' lang='grc' dir='ltr'><strong>τδ</strong></span> <span class='ocrx_word' id='word_1_547' title='bbox 2923 3669 3101 3740; x_wconf 72' lang='grc' dir='ltr'><strong>ἔρυμα</strong></span> <span class='ocrx_word' id='word_1_548' title='bbox 3140 3669 3319 3721; x_wconf 79' lang='grc' dir='ltr'><strong>αὐτῶν</strong></span> <span class='ocrx_word' id='word_1_549' title='bbox 3363 3670 3516 3734; x_wconf 67' lang='grc' dir='ltr'><strong>παρὰ</strong></span> <span class='ocrx_word' id='word_1_550' title='bbox 3556 3669 3665 3719; x_wconf 81' lang='grc' dir='ltr'><strong>τῶν</strong></span> 
     </span>
    </p>
   </div>
   <div class='ocr_carea' id='block_1_79' title="bbox 2102 3758 3665 3834">
    <p class='ocr_par' dir='ltr' id='par_1_79' title="bbox 2102 3758 3665 3834">
     <span class='ocr_line' id='line_1_79' title="bbox 2102 3758 3665 3834; baseline -0.006 -15"><span class='ocrx_word' id='word_1_551' title='bbox 2102 3764 2392 3834; x_wconf 84' lang='grc' dir='ltr'><strong>Ῥωμαίων</strong></span> <span class='ocrx_word' id='word_1_552' title='bbox 2435 3765 2599 3830; x_wconf 79' lang='grc' dir='ltr'><strong>ἑάλω,</strong></span> <span class='ocrx_word' id='word_1_553' title='bbox 2661 3764 2756 3815; x_wconf 59' lang='grc' dir='ltr'><strong>καὶ⁵</strong></span> <span class='ocrx_word' id='word_1_554' title='bbox 2801 3765 2913 3821; x_wconf 84' lang='grc' dir='ltr'><strong>τοῖς</strong></span> <span class='ocrx_word' id='word_1_555' title='bbox 2953 3763 3013 3814; x_wconf 87' lang='grc' dir='ltr'><strong>ἐν</strong></span> <span class='ocrx_word' id='word_1_556' title='bbox 3053 3759 3205 3829; x_wconf 84' lang='grc' dir='ltr'><strong>αὐτῷ</strong></span> <span class='ocrx_word' id='word_1_557' title='bbox 3242 3758 3570 3825; x_wconf 76' lang='grc' dir='ltr'><strong>ἐπιτηδείοις</strong></span> <span class='ocrx_word' id='word_1_558' title='bbox 3613 3761 3665 3809; x_wconf 75' lang='lat' dir='ltr'><strong>oi</strong></span> 
     </span>
    </p>
   </div>
   <div class='ocr_carea' id='block_1_80' title="bbox 411 3852 3666 3929">
    <p class='ocr_par' dir='ltr' id='par_1_80' title="bbox 411 3852 3666 3929">
     <span class='ocr_line' id='line_1_80' title="bbox 411 3852 3666 3929; baseline -0.003 -20"><span class='ocrx_word' id='word_1_559' title='bbox 411 3855 672 3925; x_wconf 88' lang='grc' dir='ltr'><strong>Ῥωμαῖοι</strong></span> <span class='ocrx_word' id='word_1_560' title='bbox 727 3859 1048 3929; x_wconf 82' lang='grc' dir='ltr'><strong>ἐχρήσαντο,</strong></span> <span class='ocrx_word' id='word_1_561' title='bbox 1080 3858 1109 3911; x_wconf 79' lang='grc' dir='ltr'><strong>δ</strong></span> <span class='ocrx_word' id='word_1_562' title='bbox 1175 3859 1282 3929; x_wconf 83' lang='grc' dir='ltr'><strong>πρὸ</strong></span> <span class='ocrx_word' id='word_1_563' title='bbox 1329 3857 1497 3928; x_wconf 81' lang='grc' dir='ltr'><strong>τριῶν</strong></span> <span class='ocrx_word' id='word_1_564' title='bbox 1541 3857 1768 3927; x_wconf 79' lang='grc' dir='ltr'><strong>ἡμερῶν</strong></span> <span class='ocrx_word' id='word_1_565' title='bbox 1848 3855 1878 3908; x_wconf 87' lang='grc' dir='ltr'><strong>ό</strong></span> <span class='ocrx_word' id='word_1_566' title='bbox 1942 3856 2209 3922; x_wconf 85' lang='grc' dir='ltr'><strong>Σκιπίων,</strong></span> <span class='ocrx_word' id='word_1_567' title='bbox 2265 3859 2342 3920; x_wconf 84' lang='grc' dir='ltr'><strong>ὡς</strong></span> <span class='ocrx_word' id='word_1_568' title='bbox 2394 3857 2552 3925; x_wconf 89' lang='grc' dir='ltr'><strong>λόγος</strong></span> <span class='ocrx_word' id='word_1_569' title='bbox 2605 3856 2778 3920; x_wconf 74' lang='grc' dir='ltr'><strong>ἐστὶν,</strong></span> <span class='ocrx_word' id='word_1_570' title='bbox 2827 3853 3216 3923; x_wconf 70' lang='grc' dir='ltr'><strong>ἐπεφοίϐασεν.</strong></span> <span class='ocrx_word' id='word_1_571' title='bbox 3271 3852 3666 3905; x_wconf 83' lang='grc' dir='ltr'><strong>Ἐπιλιπόντων</strong></span> 
     </span>
    </p>
   </div>
   <div class='ocr_carea' id='block_1_81' title="bbox 399 3942 3664 4020">
    <p class='ocr_par' dir='ltr' id='par_1_81' title="bbox 399 3942 3664 4020">
     <span class='ocr_line' id='line_1_81' title="bbox 399 3942 3664 4020; baseline -0.002 -20"><span class='ocrx_word' id='word_1_572' title='bbox 399 3947 507 4017; x_wconf 77' lang='grc' dir='ltr'><strong>γάρ</strong></span> <span class='ocrx_word' id='word_1_573' title='bbox 535 3949 716 4014; x_wconf 82' lang='grc' dir='ltr'><strong>αὐτοῖς</strong></span> <span class='ocrx_word' id='word_1_574' title='bbox 745 3949 853 4003; x_wconf 88' lang='grc' dir='ltr'><strong>τῶν</strong></span> <span class='ocrx_word' id='word_1_575' title='bbox 881 3951 1014 4020; x_wconf 83' lang='grc' dir='ltr'><strong>πρὸς</strong></span> <span class='ocrx_word' id='word_1_576' title='bbox 1043 3950 1247 4020; x_wconf 78' lang='grc' dir='ltr'><strong>τροφὴν</strong></span> <span class='ocrx_word' id='word_1_577' title='bbox 1275 3952 1536 4020; x_wconf 74' lang='grc' dir='ltr'><strong>προεῖπεν</strong></span> <span class='ocrx_word' id='word_1_578' title='bbox 1567 3949 1710 4020; x_wconf 86' lang='grc' dir='ltr'><strong>(ὅθεν</strong></span> <span class='ocrx_word' id='word_1_579' title='bbox 1736 3948 1781 4002; x_wconf 88' lang='grc' dir='ltr'><strong>δ’</strong></span> <span class='ocrx_word' id='word_1_580' title='bbox 1824 3948 2109 4020; x_wconf 76' lang='grc' dir='ltr'><strong>ἠγνόηται)</strong></span> <span class='ocrx_word' id='word_1_581' title='bbox 2175 3950 2252 4014; x_wconf 83' lang='grc' dir='ltr'><strong>ὡς</strong></span> <span class='ocrx_word' id='word_1_582' title='bbox 2315 3951 2468 4004; x_wconf 83' lang='grc' dir='ltr'><strong>Κατά</strong></span> <span class='ocrx_word' id='word_1_583' title='bbox 2529 3949 2688 4019; x_wconf 82' lang='grc' dir='ltr'><strong>τήνδε</strong></span> <span class='ocrx_word' id='word_1_584' title='bbox 2743 3948 2841 4018; x_wconf 82' lang='grc' dir='ltr'><strong>τὴν</strong></span> <span class='ocrx_word' id='word_1_585' title='bbox 2872 3947 3088 4017; x_wconf 80' lang='grc' dir='ltr'><strong>ἡμέραν</strong></span> <span class='ocrx_word' id='word_1_586' title='bbox 3111 3947 3222 4006; x_wconf 89' lang='grc' dir='ltr'><strong>τοῖς</strong></span> <span class='ocrx_word' id='word_1_587' title='bbox 3252 3945 3363 3997; x_wconf 90' lang='grc' dir='ltr'><strong>τῶν</strong></span> <span class='ocrx_word' id='word_1_588' title='bbox 3388 3942 3664 4012; x_wconf 79' lang='grc' dir='ltr'><strong>πολεμίων</strong></span> 
     </span>
    </p>
   </div>
   <div class='ocr_carea' id='block_1_82' title="bbox 399 4035 3664 4112">
    <p class='ocr_par' dir='ltr' id='par_1_82' title="bbox 399 4035 3664 4112">
     <span class='ocr_line' id='line_1_82' title="bbox 399 4035 3664 4112; baseline -0.002 -18"><span class='ocrx_word' id='word_1_589' title='bbox 399 4041 740 4111; x_wconf 85' lang='grc' dir='ltr'><strong>χρησόμεθα.</strong></span> <span class='ocrx_word' id='word_1_590' title='bbox 777 4043 934 4096; x_wconf 83' lang='grc' dir='ltr'><strong>Μετά</strong></span> <span class='ocrx_word' id='word_1_591' title='bbox 963 4041 1139 4097; x_wconf 77' lang='grc' dir='ltr'><strong>ταῦτα</strong></span> <span class='ocrx_word' id='word_1_592' title='bbox 1167 4043 1224 4096; x_wconf 80' lang='grc' dir='ltr'><strong>δὲ</strong></span> <span class='ocrx_word' id='word_1_593' title='bbox 1257 4044 1373 4105; x_wconf 86' lang='grc' dir='ltr'><strong>τοῖς</strong></span> <span class='ocrx_word' id='word_1_594' title='bbox 1412 4041 1819 4112; x_wconf 82' lang='grc' dir='ltr'><strong>περιλειφθεῖσι</strong></span> <span class='ocrx_word' id='word_1_595' title='bbox 1895 4041 2006 4095; x_wconf 88' lang='grc' dir='ltr'><strong>τῶν</strong></span> <span class='ocrx_word' id='word_1_596' title='bbox 2045 4042 2304 4096; x_wconf 86' lang='grc' dir='ltr'><strong>ἐναντίων</strong></span> <span class='ocrx_word' id='word_1_597' title='bbox 2359 4042 2450 4095; x_wconf 78' lang='grc' dir='ltr'><strong>τὸν</strong></span> <span class='ocrx_word' id='word_1_598' title='bbox 2497 4041 2722 4095; x_wconf 76' lang='grc' dir='ltr'><strong>Σιλανὸν</strong></span> <span class='ocrx_word' id='word_1_599' title='bbox 2762 4035 3106 4102; x_wconf 85' lang='grc' dir='ltr'><strong>καταλιπὼν,</strong></span> <span class='ocrx_word' id='word_1_600' title='bbox 3155 4038 3321 4101; x_wconf 65' lang='grc' dir='ltr'><strong>αὐτὸς</strong></span> <span class='ocrx_word' id='word_1_601' title='bbox 3397 4037 3533 4106; x_wconf 71' lang='grc' dir='ltr'><strong>πρὸς</strong></span> <span class='ocrx_word' id='word_1_602' title='bbox 3565 4039 3664 4096; x_wconf 77' lang='grc' dir='ltr'><strong>τας</strong></span> 
     </span>
    </p>
   </div>
   <div class='ocr_carea' id='block_1_83' title="bbox 400 4133 3664 4210">
    <p class='ocr_par' dir='ltr' id='par_1_83' title="bbox 400 4133 3664 4210">
     <span class='ocr_line' id='line_1_83' title="bbox 400 4133 3664 4210; baseline -0.001 -24"><span class='ocrx_word' id='word_1_603' title='bbox 400 4133 570 4200; x_wconf 80' lang='grc' dir='ltr'><strong>ἄλλας</strong></span> <span class='ocrx_word' id='word_1_604' title='bbox 635 4137 803 4210; x_wconf 80' lang='grc' dir='ltr'><strong>ἀπῄει</strong></span> <span class='ocrx_word' id='word_1_605' title='bbox 865 4140 1073 4203; x_wconf 82' lang='grc' dir='ltr'><strong>πόλεις,</strong></span> <span class='ocrx_word' id='word_1_606' title='bbox 1144 4139 1240 4193; x_wconf 78' lang='grc' dir='ltr'><strong>καὶ</strong></span> <span class='ocrx_word' id='word_1_607' title='bbox 1309 4139 1509 4202; x_wconf 84' lang='grc' dir='ltr'><strong>πολλάς</strong></span> <span class='ocrx_word' id='word_1_608' title='bbox 1567 4140 1976 4210; x_wconf 82' lang='grc' dir='ltr'><strong>προσηγάγετο.</strong></span> <span class='ocrx_word' id='word_1_609' title='bbox 2016 4139 2382 4209; x_wconf 82' lang='grc' dir='ltr'><strong>Καταστήσας</strong></span> <span class='ocrx_word' id='word_1_610' title='bbox 2430 4139 2486 4190; x_wconf 89' lang='grc' dir='ltr'><strong>δέ</strong></span> <span class='ocrx_word' id='word_1_611' title='bbox 2531 4139 2599 4191; x_wconf 80' lang='grc' dir='ltr'><strong>τὰ</strong></span> <span class='ocrx_word' id='word_1_612' title='bbox 2675 4136 2977 4201; x_wconf 81' lang='grc' dir='ltr'><strong>ἑαλωκότα,</strong></span> <span class='ocrx_word' id='word_1_613' title='bbox 3021 4135 3186 4197; x_wconf 78' lang='grc' dir='ltr'><strong>αύτδς</strong></span> <span class='ocrx_word' id='word_1_614' title='bbox 3227 4134 3324 4202; x_wconf 83' lang='grc' dir='ltr'><strong>μὲν</strong></span> <span class='ocrx_word' id='word_1_615' title='bbox 3363 4135 3482 4187; x_wconf 85' lang='grc' dir='ltr'><strong>ἐκεῖ</strong></span> <span class='ocrx_word' id='word_1_616' title='bbox 3550 4133 3664 4184; x_wconf 74' lang='grc' dir='ltr'><strong>διε-</strong></span> 
     </span>
    </p>
   </div>
   <div class='ocr_carea' id='block_1_84' title="bbox 401 4227 3668 4303">
    <p class='ocr_par' dir='ltr' id='par_1_84' title="bbox 401 4227 3668 4303">
     <span class='ocr_line' id='line_1_84' title="bbox 401 4227 3668 4303; baseline -0.001 -23"><span class='ocrx_word' id='word_1_617' title='bbox 401 4229 679 4298; x_wconf 77' lang='grc' dir='ltr'><strong>χείμασεο</strong></span> <span class='ocrx_word' id='word_1_618' title='bbox 729 4230 823 4283; x_wconf 75' lang='grc' dir='ltr'><strong>τὸν</strong></span> <span class='ocrx_word' id='word_1_619' title='bbox 878 4231 935 4284; x_wconf 80' lang='grc' dir='ltr'><strong>δὲ</strong></span> <span class='ocrx_word' id='word_1_620' title='bbox 989 4230 1220 4286; x_wconf 90' lang='grc' dir='ltr'><strong>Λούκιον</strong></span> <span class='ocrx_word' id='word_1_621' title='bbox 1292 4232 1384 4286; x_wconf 76' lang='grc' dir='ltr'><strong>τὸν</strong></span> <span class='ocrx_word' id='word_1_622' title='bbox 1467 4233 1746 4303; x_wconf 81' lang='grc' dir='ltr'><strong>ὁμαίμονα</strong></span> <span class='ocrx_word' id='word_1_623' title='bbox 1815 4233 1909 4286; x_wconf 75' lang='grc' dir='ltr'><strong>ἐπὶ</strong></span> <span class='ocrx_word' id='word_1_624' title='bbox 1984 4231 2206 4302; x_wconf 84' lang='grc' dir='ltr'><strong>Ῥώμην</strong></span> <span class='ocrx_word' id='word_1_625' title='bbox 2273 4231 2564 4285; x_wconf 84' lang='grc' dir='ltr'><strong>ἀπέστειλε</strong></span> <span class='ocrx_word' id='word_1_626' title='bbox 2644 4229 3089 4299; x_wconf 82' lang='grc' dir='ltr'><strong>καταγγελοῦντά</strong></span> <span class='ocrx_word' id='word_1_627' title='bbox 3148 4245 3206 4282; x_wconf 88' lang='grc' dir='ltr'><strong>τε</strong></span> <span class='ocrx_word' id='word_1_628' title='bbox 3264 4227 3334 4280; x_wconf 77' lang='grc' dir='ltr'><strong>τὰ</strong></span> <span class='ocrx_word' id='word_1_629' title='bbox 3397 4227 3668 4295; x_wconf 83' lang='grc' dir='ltr'><strong>γενόμενα</strong></span> 
     </span>
    </p>
   </div>
   <div class='ocr_carea' id='block_1_85' title="bbox 403 4318 3667 4397">
    <p class='ocr_par' dir='ltr' id='par_1_85' title="bbox 403 4318 3667 4397">
     <span class='ocr_line' id='line_1_85' title="bbox 403 4318 3667 4397; baseline -0.003 -20"><span class='ocrx_word' id='word_1_630' title='bbox 403 4325 500 4378; x_wconf 73' lang='grc' dir='ltr'><strong>καὶ</strong></span> <span class='ocrx_word' id='word_1_631' title='bbox 567 4325 693 4388; x_wconf 81' lang='grc' dir='ltr'><strong>τοὺς</strong></span> <span class='ocrx_word' id='word_1_632' title='bbox 747 4323 1132 4396; x_wconf 76' lang='grc' dir='ltr'><strong>αἰχμαλώτους</strong></span> <span class='ocrx_word' id='word_1_633' title='bbox 1201 4325 1498 4394; x_wconf 76' lang='grc' dir='ltr'><strong>κομίζοντα</strong></span> <span class='ocrx_word' id='word_1_634' title='bbox 1558 4327 1654 4379; x_wconf 73' lang='grc' dir='ltr'><strong>καὶ</strong></span> <span class='ocrx_word' id='word_1_635' title='bbox 1720 4326 1870 4389; x_wconf 83' lang='grc' dir='ltr'><strong>ὅπως</strong></span> <span class='ocrx_word' id='word_1_636' title='bbox 1928 4329 1980 4378; x_wconf 76' lang='grc' dir='ltr'><strong>οἱ</strong></span> <span class='ocrx_word' id='word_1_637' title='bbox 2019 4327 2078 4378; x_wconf 88' lang='grc' dir='ltr'><strong>ἐν</strong></span> <span class='ocrx_word' id='word_1_638' title='bbox 2116 4328 2182 4395; x_wconf 83' lang='grc' dir='ltr'><strong>τῇ</strong></span> <span class='ocrx_word' id='word_1_639' title='bbox 2269 4325 2458 4397; x_wconf 86' lang='grc' dir='ltr'><strong>Ῥώμῃ</strong></span> <span class='ocrx_word' id='word_1_640' title='bbox 2526 4325 2784 4396; x_wconf 78' lang='grc' dir='ltr'><strong>φρονοῦσι</strong></span> <span class='ocrx_word' id='word_1_641' title='bbox 2825 4323 2958 4394; x_wconf 73' lang='grc' dir='ltr'><strong>περὶ</strong></span> <span class='ocrx_word' id='word_1_642' title='bbox 2989 4320 3156 4377; x_wconf 78' lang='grc' dir='ltr'><strong>αὑτοῦ</strong></span> <span class='ocrx_word' id='word_1_643' title='bbox 3204 4318 3667 4390; x_wconf 72' lang='grc' dir='ltr'><strong>πολυπραγμονή-</strong></span> 
     </span>
    </p>
   </div>
   <div class='ocr_carea' id='block_1_86' title="bbox 405 4431 594 4478">
    <p class='ocr_par' dir='ltr' id='par_1_86' title="bbox 405 4431 594 4478">
     <span class='ocr_line' id='line_1_86' title="bbox 405 4431 594 4478; baseline 0.016 -10"><span class='ocrx_word' id='word_1_644' title='bbox 405 4431 594 4478; x_wconf 87' lang='grc' dir='ltr'><strong>σοντα.</strong></span> 
     </span>
    </p>
   </div>
   <div class='ocr_carea' id='block_1_87' title="bbox 474 4499 1976 4580">
    <p class='ocr_par' dir='ltr' id='par_1_87' title="bbox 474 4510 1976 4580">
     <span class='ocr_line' id='line_1_87' title="bbox 474 4510 1976 4580; baseline -0.001 -14"><span class='ocrx_word' id='word_1_645' title='bbox 474 4512 571 4566; x_wconf 82' lang='lat' dir='ltr'><strong>IX.</strong></span> <span class='ocrx_word' id='word_1_646' title='bbox 605 4512 809 4566; x_wconf 81' lang='lat' dir='ltr'><strong>Verum</strong></span> <span class='ocrx_word' id='word_1_647' title='bbox 842 4510 1052 4565; x_wconf 88' lang='lat' dir='ltr'><strong>Italiam</strong></span> <span class='ocrx_word' id='word_1_648' title='bbox 1104 4511 1332 4567; x_wconf 86' lang='lat' dir='ltr'><strong>morbus</strong></span> <span class='ocrx_word' id='word_1_649' title='bbox 1386 4511 1640 4575; x_wconf 76' lang='lat' dir='ltr'><strong>vexabat,</strong></span> <span class='ocrx_word' id='word_1_650' title='bbox 1691 4521 1746 4564; x_wconf 89' lang='lat' dir='ltr'><strong>et</strong></span> <span class='ocrx_word' id='word_1_651' title='bbox 1797 4526 1976 4580; x_wconf 78' lang='lat' dir='ltr'><strong>pugna</strong></span> 
     </span>
    </p>
   </div>
   <div class='ocr_carea' id='block_1_88' title="bbox 2079 4499 3668 4580">
    <p class='ocr_par' dir='ltr' id='par_1_88' title="bbox 2163 4499 3668 4573">
     <span class='ocr_line' id='line_1_88' title="bbox 2163 4499 3668 4573; baseline -0.007 -13"><span class='ocrx_word' id='word_1_652' title='bbox 2163 4508 2242 4560; x_wconf 77' lang='lat'><strong>9&#39;.</strong></span> <span class='ocrx_word' id='word_1_653' title='bbox 2275 4507 2334 4558; x_wconf 91' lang='grc' dir='ltr'><strong>Οἱ</strong></span> <span class='ocrx_word' id='word_1_654' title='bbox 2364 4505 2407 4558; x_wconf 81' lang='grc' dir='ltr'><strong>δ’</strong></span> <span class='ocrx_word' id='word_1_655' title='bbox 2440 4505 2496 4557; x_wconf 87' lang='grc' dir='ltr'><strong>ἐν</strong></span> <span class='ocrx_word' id='word_1_656' title='bbox 2522 4505 2586 4573; x_wconf 80' lang='grc' dir='ltr'><strong>τῇ</strong></span> <span class='ocrx_word' id='word_1_657' title='bbox 2619 4501 2823 4572; x_wconf 81' lang='grc' dir='ltr'><strong>Ἰταλίᾳ</strong></span> <span class='ocrx_word' id='word_1_658' title='bbox 2845 4501 2940 4552; x_wconf 78' lang='grc' dir='ltr'><strong>καὶ</strong></span> <span class='ocrx_word' id='word_1_659' title='bbox 2970 4501 3034 4554; x_wconf 85' lang='grc' dir='ltr'><strong>ἐκ</strong></span> <span class='ocrx_word' id='word_1_660' title='bbox 3061 4500 3218 4552; x_wconf 83' lang='grc' dir='ltr'><strong>νόσου</strong></span> <span class='ocrx_word' id='word_1_661' title='bbox 3251 4499 3545 4564; x_wconf 82' lang='grc' dir='ltr'><strong>ἐπόνησαν,</strong></span> <span class='ocrx_word' id='word_1_662' title='bbox 3577 4500 3668 4551; x_wconf 76' lang='grc' dir='ltr'><strong>καὶ</strong></span> 
     </span>
    </p>
   </div>
   <div class='ocr_carea' id='block_1_89' title="bbox 407 4601 1986 4675">
    <p class='ocr_par' dir='ltr' id='par_1_89' title="bbox 407 4601 1986 4675">
     <span class='ocr_line' id='line_1_89' title="bbox 407 4601 1986 4675; baseline -0.002 -18"><span class='ocrx_word' id='word_1_663' title='bbox 407 4603 735 4667; x_wconf 74' lang='lat' dir='ltr'><strong>afﬂixerant,</strong></span> <span class='ocrx_word' id='word_1_664' title='bbox 789 4603 861 4657; x_wconf 94' lang='lat' dir='ltr'><strong>ob</strong></span> <span class='ocrx_word' id='word_1_665' title='bbox 897 4612 1080 4658; x_wconf 90' lang='lat' dir='ltr'><strong>motus</strong></span> <span class='ocrx_word' id='word_1_666' title='bbox 1112 4605 1525 4675; x_wconf 76' lang='lat' dir='ltr'><strong>Tyrrhenorum</strong></span> <span class='ocrx_word' id='word_1_667' title='bbox 1577 4601 1941 4672; x_wconf 89' lang='lat' dir='ltr'><strong>quorumdam</strong></span> <span class='ocrx_word' id='word_1_668' title='bbox 1972 4619 1986 4668; x_wconf 92' lang='lat'><strong>;</strong></span> 
     </span>
    </p>
   </div>
   <div class='ocr_carea' id='block_1_90' title="bbox 409 4695 1988 4765">
    <p class='ocr_par' dir='ltr' id='par_1_90' title="bbox 409 4695 1988 4765">
     <span class='ocr_line' id='line_1_90' title="bbox 409 4695 1988 4765; baseline -0.001 -15"><span class='ocrx_word' id='word_1_669' title='bbox 409 4695 504 4750; x_wconf 83' lang='lat' dir='ltr'><strong>sed</strong></span> <span class='ocrx_word' id='word_1_670' title='bbox 535 4695 799 4765; x_wconf 84' lang='lat' dir='ltr'><strong>majorem</strong></span> <span class='ocrx_word' id='word_1_671' title='bbox 850 4695 1058 4750; x_wconf 79' lang='lat' dir='ltr'><strong>luetum</strong></span> <span class='ocrx_word' id='word_1_672' title='bbox 1105 4697 1365 4750; x_wconf 88' lang='lat' dir='ltr'><strong>attulerat</strong></span> <span class='ocrx_word' id='word_1_673' title='bbox 1422 4696 1663 4751; x_wconf 77' lang='lat' dir='ltr'><strong>Marcelli</strong></span> <span class='ocrx_word' id='word_1_674' title='bbox 1713 4695 1988 4748; x_wconf 85' lang='lat' dir='ltr'><strong>interitus.</strong></span> 
     </span>
    </p>
   </div>
   <div class='ocr_carea' id='block_1_91' title="bbox 407 4786 1992 4842">
    <p class='ocr_par' dir='ltr' id='par_1_91' title="bbox 407 4786 1992 4842">
     <span class='ocr_line' id='line_1_91' title="bbox 407 4786 1992 4842; baseline 0 0"><span class='ocrx_word' id='word_1_675' title='bbox 407 4789 544 4842; x_wconf 81' lang='lat' dir='ltr'><strong>Nam</strong></span> <span class='ocrx_word' id='word_1_676' title='bbox 581 4802 706 4842; x_wconf 87' lang='lat' dir='ltr'><strong>cum</strong></span> <span class='ocrx_word' id='word_1_677' title='bbox 765 4787 929 4842; x_wconf 88' lang='lat' dir='ltr'><strong>ambo</strong></span> <span class='ocrx_word' id='word_1_678' title='bbox 988 4803 1134 4842; x_wconf 88' lang='lat' dir='ltr'><strong>coss.</strong></span> <span class='ocrx_word' id='word_1_679' title='bbox 1177 4798 1368 4842; x_wconf 89' lang='lat' dir='ltr'><strong>contra</strong></span> <span class='ocrx_word' id='word_1_680' title='bbox 1423 4787 1749 4842; x_wconf 83' lang='lat' dir='ltr'><strong>Annibalem</strong></span> <span class='ocrx_word' id='word_1_681' title='bbox 1800 4786 1992 4842; x_wconf 87' lang='lat' dir='ltr'><strong>Locris</strong></span> 
     </span>
    </p>
   </div>
   <div class='ocr_carea' id='block_1_92' title="bbox 409 4876 1990 4948">
    <p class='ocr_par' dir='ltr' id='par_1_92' title="bbox 409 4876 1990 4948">
     <span class='ocr_line' id='line_1_92' title="bbox 409 4876 1990 4948; baseline 0.001 -18"><span class='ocrx_word' id='word_1_682' title='bbox 409 4885 660 4946; x_wconf 86' lang='lat' dir='ltr'><strong>agentem</strong></span> <span class='ocrx_word' id='word_1_683' title='bbox 690 4876 994 4930; x_wconf 80' lang='lat' dir='ltr'><strong>exercitum</strong></span> <span class='ocrx_word' id='word_1_684' title='bbox 1032 4877 1325 4940; x_wconf 82' lang='lat' dir='ltr'><strong>ducerent,</strong></span> <span class='ocrx_word' id='word_1_685' title='bbox 1359 4894 1460 4948; x_wconf 90' lang='lat' dir='ltr'><strong>per</strong></span> <span class='ocrx_word' id='word_1_686' title='bbox 1483 4878 1715 4933; x_wconf 87' lang='lat' dir='ltr'><strong>insidias</strong></span> <span class='ocrx_word' id='word_1_687' title='bbox 1746 4877 1990 4933; x_wconf 89' lang='lat' dir='ltr'><strong>circum-</strong></span> 
     </span>
    </p>
   </div>
   <div class='ocr_carea' id='block_1_93' title="bbox 409 4965 1994 5038">
    <p class='ocr_par' dir='ltr' id='par_1_93' title="bbox 409 4965 1994 5038">
     <span class='ocr_line' id='line_1_93' title="bbox 409 4965 1994 5038; baseline 0.003 -19"><span class='ocrx_word' id='word_1_688' title='bbox 409 4965 562 5020; x_wconf 92' lang='lat' dir='ltr'><strong>venti</strong></span> <span class='ocrx_word' id='word_1_689' title='bbox 586 4975 736 5031; x_wconf 91' lang='lat' dir='ltr'><strong>sunt,</strong></span> <span class='ocrx_word' id='word_1_690' title='bbox 767 4975 823 5023; x_wconf 89' lang='lat' dir='ltr'><strong>et</strong></span> <span class='ocrx_word' id='word_1_691' title='bbox 855 4967 1148 5023; x_wconf 88' lang='lat' dir='ltr'><strong>Marcellus</strong></span> <span class='ocrx_word' id='word_1_692' title='bbox 1177 4972 1363 5026; x_wconf 89' lang='lat' dir='ltr'><strong>statim</strong></span> <span class='ocrx_word' id='word_1_693' title='bbox 1399 4970 1683 5035; x_wconf 86' lang='lat' dir='ltr'><strong>occubuit,</strong></span> <span class='ocrx_word' id='word_1_694' title='bbox 1704 4969 1994 5038; x_wconf 90' lang='lat' dir='ltr'><strong>Crispinus</strong></span> 
     </span>
    </p>
   </div>
   <div class='ocr_carea' id='block_1_94' title="bbox 411 5058 1992 5128">
    <p class='ocr_par' dir='ltr' id='par_1_94' title="bbox 411 5058 1992 5128">
     <span class='ocr_line' id='line_1_94' title="bbox 411 5058 1992 5128; baseline 0.003 -17"><span class='ocrx_word' id='word_1_695' title='bbox 411 5073 520 5111; x_wconf 85' lang='lat' dir='ltr'><strong>non</strong></span> <span class='ocrx_word' id='word_1_696' title='bbox 557 5058 732 5112; x_wconf 89' lang='lat' dir='ltr'><strong>multo</strong></span> <span class='ocrx_word' id='word_1_697' title='bbox 764 5068 889 5128; x_wconf 88' lang='lat' dir='ltr'><strong>post</strong></span> <span class='ocrx_word' id='word_1_698' title='bbox 915 5076 980 5114; x_wconf 84' lang='lat' dir='ltr'><strong>cx</strong></span> <span class='ocrx_word' id='word_1_699' title='bbox 1020 5061 1251 5116; x_wconf 88' lang='lat' dir='ltr'><strong>vulnere</strong></span> <span class='ocrx_word' id='word_1_700' title='bbox 1287 5063 1526 5118; x_wconf 85' lang='lat' dir='ltr'><strong>decessit</strong></span> <span class='ocrx_word' id='word_1_701' title='bbox 1569 5061 1806 5118; x_wconf 86' lang='lat' dir='ltr'><strong>Annibal</strong></span> <span class='ocrx_word' id='word_1_702' title='bbox 1838 5077 1992 5126; x_wconf 86' lang='lat' dir='ltr'><strong>vero,</strong></span> 
     </span>
    </p>
   </div>
   <div class='ocr_carea' id='block_1_95' title="bbox 411 5152 1996 5228">
    <p class='ocr_par' dir='ltr' id='par_1_95' title="bbox 411 5152 1996 5228">
     <span class='ocr_line' id='line_1_95' title="bbox 411 5152 1996 5228; baseline 0.002 -22"><span class='ocrx_word' id='word_1_703' title='bbox 411 5152 654 5207; x_wconf 83' lang='lat' dir='ltr'><strong>Marcelli</strong></span> <span class='ocrx_word' id='word_1_704' title='bbox 679 5155 948 5210; x_wconf 84' lang='lat' dir='ltr'><strong>cadavere</strong></span> <span class='ocrx_word' id='word_1_705' title='bbox 984 5155 1146 5228; x_wconf 66' lang='grc'><strong>432</strong></span> <span class='ocrx_word' id='word_1_706' title='bbox 1182 5156 1429 5222; x_wconf 90' lang='lat' dir='ltr'><strong>invento,</strong></span> <span class='ocrx_word' id='word_1_707' title='bbox 1457 5167 1513 5211; x_wconf 87' lang='lat' dir='ltr'><strong>et</strong></span> <span class='ocrx_word' id='word_1_708' title='bbox 1537 5157 1658 5227; x_wconf 91' lang='lat' dir='ltr'><strong>ejus</strong></span> <span class='ocrx_word' id='word_1_709' title='bbox 1690 5155 1870 5225; x_wconf 86' lang='lat' dir='ltr'><strong>sigillo</strong></span> <span class='ocrx_word' id='word_1_710' title='bbox 1907 5171 1996 5209; x_wconf 87' lang='lat' dir='ltr'><strong>ac-</strong></span> 
     </span>
    </p>
   </div>
   <div class='ocr_carea' id='block_1_96' title="bbox 413 5243 1996 5316">
    <p class='ocr_par' dir='ltr' id='par_1_96' title="bbox 413 5243 1996 5316">
     <span class='ocr_line' id='line_1_96' title="bbox 413 5243 1996 5316; baseline 0.001 -20"><span class='ocrx_word' id='word_1_711' title='bbox 413 5252 598 5312; x_wconf 86' lang='lat' dir='ltr'><strong>cepto,</strong></span> <span class='ocrx_word' id='word_1_712' title='bbox 630 5243 833 5298; x_wconf 87' lang='lat' dir='ltr'><strong>litteris</strong></span> <span class='ocrx_word' id='word_1_713' title='bbox 861 5245 980 5315; x_wconf 91' lang='lat' dir='ltr'><strong>ejus</strong></span> <span class='ocrx_word' id='word_1_714' title='bbox 1013 5248 1235 5300; x_wconf 91' lang='lat' dir='ltr'><strong>nomine</strong></span> <span class='ocrx_word' id='word_1_715' title='bbox 1259 5247 1325 5301; x_wconf 89' lang='lat' dir='ltr'><strong>ad</strong></span> <span class='ocrx_word' id='word_1_716' title='bbox 1366 5246 1531 5301; x_wconf 88' lang='lat' dir='ltr'><strong>urbes</strong></span> <span class='ocrx_word' id='word_1_717' title='bbox 1556 5245 1800 5316; x_wconf 77' lang='lat' dir='ltr'><strong>scriptis,</strong></span> <span class='ocrx_word' id='word_1_718' title='bbox 1830 5244 1996 5315; x_wconf 85' lang='lat' dir='ltr'><strong>quid-</strong></span> 
     </span>
    </p>
   </div>
   <div class='ocr_carea' id='block_1_97' title="bbox 413 5334 1995 5405">
    <p class='ocr_par' dir='ltr' id='par_1_97' title="bbox 413 5334 1995 5405">
     <span class='ocr_line' id='line_1_97' title="bbox 413 5334 1995 5405; baseline 0.003 -21"><span class='ocrx_word' id='word_1_719' title='bbox 413 5335 546 5402; x_wconf 87' lang='lat' dir='ltr'><strong>qnid</strong></span> <span class='ocrx_word' id='word_1_720' title='bbox 578 5336 797 5390; x_wconf 86' lang='lat' dir='ltr'><strong>volebat</strong></span> <span class='ocrx_word' id='word_1_721' title='bbox 831 5336 1102 5398; x_wconf 85' lang='lat' dir='ltr'><strong>obtinuit;</strong></span> <span class='ocrx_word' id='word_1_722' title='bbox 1140 5336 1316 5392; x_wconf 83' lang='lat' dir='ltr'><strong>donec</strong></span> <span class='ocrx_word' id='word_1_723' title='bbox 1333 5335 1641 5404; x_wconf 87' lang='lat' dir='ltr'><strong>Crispinus,</strong></span> <span class='ocrx_word' id='word_1_724' title='bbox 1669 5351 1734 5390; x_wconf 84' lang='lat' dir='ltr'><strong>co</strong></span> <span class='ocrx_word' id='word_1_725' title='bbox 1755 5334 1995 5405; x_wconf 72' lang='lat' dir='ltr'><strong>cognito,</strong></span> 
     </span>
    </p>
   </div>
   <div class='ocr_carea' id='block_1_98' title="bbox 418 5426 1997 5488">
    <p class='ocr_par' dir='ltr' id='par_1_98' title="bbox 418 5426 1997 5488">
     <span class='ocr_line' id='line_1_98' title="bbox 418 5426 1997 5488; baseline 0.001 -8"><span class='ocrx_word' id='word_1_726' title='bbox 418 5426 541 5482; x_wconf 92' lang='lat' dir='ltr'><strong>illos</strong></span> <span class='ocrx_word' id='word_1_727' title='bbox 569 5429 798 5488; x_wconf 86' lang='lat' dir='ltr'><strong>monuit.</strong></span> <span class='ocrx_word' id='word_1_728' title='bbox 843 5429 1046 5484; x_wconf 88' lang='lat' dir='ltr'><strong>ut&#39;sibi</strong></span> <span class='ocrx_word' id='word_1_729' title='bbox 1079 5438 1362 5484; x_wconf 85' lang='lat' dir='ltr'><strong>caverent.</strong></span> <span class='ocrx_word' id='word_1_730' title='bbox 1413 5428 1569 5486; x_wconf 89' lang='lat' dir='ltr'><strong>Unde</strong></span> <span class='ocrx_word' id='word_1_731' title='bbox 1614 5443 1702 5483; x_wconf 89' lang='lat' dir='ltr'><strong>res</strong></span> <span class='ocrx_word' id='word_1_732' title='bbox 1741 5427 1997 5482; x_wconf 87' lang='lat' dir='ltr'><strong>Annibali</strong></span> 
     </span>
    </p>
   </div>
   <div class='ocr_carea' id='block_1_99' title="bbox 415 5519 1998 5590">
    <p class='ocr_par' dir='ltr' id='par_1_99' title="bbox 415 5519 1998 5590">
     <span class='ocr_line' id='line_1_99' title="bbox 415 5519 1998 5590; baseline 0 -17"><span class='ocrx_word' id='word_1_733' title='bbox 415 5519 586 5575; x_wconf 87' lang='lat' dir='ltr'><strong>vertit</strong></span> <span class='ocrx_word' id='word_1_734' title='bbox 620 5523 675 5576; x_wconf 88' lang='lat' dir='ltr'><strong>in</strong></span> <span class='ocrx_word' id='word_1_735' title='bbox 733 5524 1095 5577; x_wconf 86' lang='lat' dir='ltr'><strong>contrarium.</strong></span> <span class='ocrx_word' id='word_1_736' title='bbox 1157 5522 1292 5577; x_wconf 87' lang='lat' dir='ltr'><strong>Nam</strong></span> <span class='ocrx_word' id='word_1_737' title='bbox 1357 5537 1480 5577; x_wconf 88' lang='lat' dir='ltr'><strong>cum</strong></span> <span class='ocrx_word' id='word_1_738' title='bbox 1543 5520 1854 5590; x_wconf 69' lang='lat' dir='ltr'><strong>Salapianis</strong></span> <span class='ocrx_word' id='word_1_739' title='bbox 1901 5535 1998 5590; x_wconf 86' lang='lat' dir='ltr'><strong>per</strong></span> 
     </span>
    </p>
   </div>
   <div class='ocr_carea' id='block_1_100' title="bbox 420 5610 1998 5685">
    <p class='ocr_par' dir='ltr' id='par_1_100' title="bbox 420 5610 1998 5685">
     <span class='ocr_line' id='line_1_100' title="bbox 420 5610 1998 5685; baseline 0 -21"><span class='ocrx_word' id='word_1_740' title='bbox 420 5617 757 5684; x_wconf 83' lang='lat' dir='ltr'><strong>transfugam</strong></span> <span class='ocrx_word' id='word_1_741' title='bbox 786 5615 1120 5685; x_wconf 85' lang='lat' dir='ltr'><strong>scripsisset,</strong></span> <span class='ocrx_word' id='word_1_742' title='bbox 1153 5615 1467 5670; x_wconf 87' lang='lat' dir='ltr'><strong>Marcellum</strong></span> <span class='ocrx_word' id='word_1_743' title='bbox 1501 5622 1666 5668; x_wconf 90' lang='lat' dir='ltr'><strong>noctu</strong></span> <span class='ocrx_word' id='word_1_744' title='bbox 1698 5612 1765 5666; x_wconf 92' lang='lat' dir='ltr'><strong>ad</strong></span> <span class='ocrx_word' id='word_1_745' title='bbox 1797 5610 1998 5667; x_wconf 78' lang='lat' dir='ltr'><strong>mcenia</strong></span> 
     </span>
    </p>
   </div>
   <div class='ocr_carea' id='block_1_101' title="bbox 424 5705 1998 5778">
    <p class='ocr_par' dir='ltr' id='par_1_101' title="bbox 424 5705 1998 5778">
     <span class='ocr_line' id='line_1_101' title="bbox 424 5705 1998 5778; baseline 0.002 -25"><span class='ocrx_word' id='word_1_746' title='bbox 424 5705 709 5771; x_wconf 78' lang='lat' dir='ltr'><strong>accedere,</strong></span> <span class='ocrx_word' id='word_1_747' title='bbox 737 5715 792 5761; x_wconf 88' lang='lat' dir='ltr'><strong>et</strong></span> <span class='ocrx_word' id='word_1_748' title='bbox 824 5708 1066 5762; x_wconf 77' lang='lat' dir='ltr'><strong>Romana</strong></span> <span class='ocrx_word' id='word_1_749' title='bbox 1107 5705 1292 5778; x_wconf 83' lang='lat' dir='ltr'><strong>lingua</strong></span> <span class='ocrx_word' id='word_1_750' title='bbox 1361 5721 1467 5761; x_wconf 87' lang='lat' dir='ltr'><strong>una</strong></span> <span class='ocrx_word' id='word_1_751' title='bbox 1521 5721 1642 5762; x_wconf 79' lang='lat' dir='ltr'><strong>cum</strong></span> <span class='ocrx_word' id='word_1_752' title='bbox 1697 5705 1821 5760; x_wconf 83' lang='lat' dir='ltr'><strong>aliis</strong></span> <span class='ocrx_word' id='word_1_753' title='bbox 1876 5718 1998 5758; x_wconf 88' lang='lat' dir='ltr'><strong>cam</strong></span> 
     </span>
    </p>
   </div>
   <div class='ocr_carea' id='block_1_102' title="bbox 2093 4593 3671 4672">
    <p class='ocr_par' dir='ltr' id='par_1_102' title="bbox 2093 4593 3671 4672">
     <span class='ocr_line' id='line_1_102' title="bbox 2093 4593 3671 4672; baseline -0.006 -19"><span class='ocrx_word' id='word_1_754' title='bbox 2093 4613 2292 4672; x_wconf 82' lang='grc' dir='ltr'><strong>μαχαις</strong></span> <span class='ocrx_word' id='word_1_755' title='bbox 2347 4595 2826 4666; x_wconf 82' lang='grc' dir='ltr'><strong>ἐταλαιπώρησαν,</strong></span> <span class='ocrx_word' id='word_1_756' title='bbox 2871 4593 3170 4664; x_wconf 82' lang='grc' dir='ltr'><strong>Τυρσηνῶν</strong></span> <span class='ocrx_word' id='word_1_757' title='bbox 3229 4593 3671 4660; x_wconf 84' lang='grc' dir='ltr'><strong>νεωτερισάντων</strong></span> 
     </span>
    </p>
   </div>
   <div class='ocr_carea' id='block_1_103' title="bbox 2089 4683 3673 4755">
    <p class='ocr_par' dir='ltr' id='par_1_103' title="bbox 2089 4683 3673 4755">
     <span class='ocr_line' id='line_1_103' title="bbox 2089 4683 3673 4755; baseline -0.006 -9"><span class='ocrx_word' id='word_1_758' title='bbox 2089 4694 2270 4746; x_wconf 81' lang='grc' dir='ltr'><strong>τινῶν.</strong></span> <span class='ocrx_word' id='word_1_759' title='bbox 2306 4691 2508 4755; x_wconf 76' lang='grc' dir='ltr'><strong>Μεῖζον</strong></span> <span class='ocrx_word' id='word_1_760' title='bbox 2539 4689 2594 4742; x_wconf 86' lang='grc' dir='ltr'><strong>δέ</strong></span> <span class='ocrx_word' id='word_1_761' title='bbox 2633 4687 2741 4740; x_wconf 89' lang='grc' dir='ltr'><strong>τῶν</strong></span> <span class='ocrx_word' id='word_1_762' title='bbox 2792 4687 2974 4740; x_wconf 82' lang='grc' dir='ltr'><strong>ἄλλων</strong></span> <span class='ocrx_word' id='word_1_763' title='bbox 3019 4685 3218 4747; x_wconf 78' lang='grc' dir='ltr'><strong>αὐτοὺς</strong></span> <span class='ocrx_word' id='word_1_764' title='bbox 3267 4683 3542 4751; x_wconf 81' lang='grc' dir='ltr'><strong>ἐλύπησεν</strong></span> <span class='ocrx_word' id='word_1_765' title='bbox 3590 4685 3673 4737; x_wconf 73' lang='grc' dir='ltr'><strong>ὅτι</strong></span> 
     </span>
    </p>
   </div>
   <div class='ocr_carea' id='block_1_104' title="bbox 2089 4779 3670 4856">
    <p class='ocr_par' dir='ltr' id='par_1_104' title="bbox 2089 4779 3670 4856">
     <span class='ocr_line' id='line_1_104' title="bbox 2089 4779 3670 4856; baseline -0.006 -16"><span class='ocrx_word' id='word_1_766' title='bbox 2089 4787 2180 4840; x_wconf 71' lang='grc' dir='ltr'><strong>τὸν</strong></span> <span class='ocrx_word' id='word_1_767' title='bbox 2232 4785 2546 4856; x_wconf 78' lang='grc' dir='ltr'><strong>Μάρκελλον</strong></span> <span class='ocrx_word' id='word_1_768' title='bbox 2599 4782 2894 4836; x_wconf 87' lang='grc' dir='ltr'><strong>ἀπέϐαλον.</strong></span> <span class='ocrx_word' id='word_1_769' title='bbox 2940 4779 3499 4849; x_wconf 81' lang='grc' dir='ltr'><strong>Ἐπιστρατεύσαντες</strong></span> <span class='ocrx_word' id='word_1_770' title='bbox 3559 4781 3670 4847; x_wconf 70' lang='grc' dir='ltr'><strong>γαρ</strong></span> 
     </span>
    </p>
   </div>
   <div class='ocr_carea' id='block_1_105' title="bbox 2091 4871 3671 4943">
    <p class='ocr_par' dir='ltr' id='par_1_105' title="bbox 2091 4871 3671 4943">
     <span class='ocr_line' id='line_1_105' title="bbox 2091 4871 3671 4943; baseline -0.006 -10"><span class='ocrx_word' id='word_1_771' title='bbox 2091 4880 2234 4935; x_wconf 75' lang='grc' dir='ltr'><strong>κατὰ</strong></span> <span class='ocrx_word' id='word_1_772' title='bbox 2289 4878 2383 4932; x_wconf 79' lang='grc' dir='ltr'><strong>τοῦ</strong></span> <span class='ocrx_word' id='word_1_773' title='bbox 2428 4877 2672 4931; x_wconf 83' lang='grc' dir='ltr'><strong>Ἀννίϐου</strong></span> <span class='ocrx_word' id='word_1_774' title='bbox 2725 4876 3087 4943; x_wconf 83' lang='grc' dir='ltr'><strong>τυγχάνοντος</strong></span> <span class='ocrx_word' id='word_1_775' title='bbox 3145 4876 3201 4924; x_wconf 87' lang='grc' dir='ltr'><strong>ἐν</strong></span> <span class='ocrx_word' id='word_1_776' title='bbox 3255 4873 3508 4941; x_wconf 83' lang='grc' dir='ltr'><strong>Λοκροῖς,</strong></span> <span class='ocrx_word' id='word_1_777' title='bbox 3572 4871 3671 4924; x_wconf 72' lang='grc' dir='ltr'><strong>καὶ</strong></span> 
     </span>
    </p>
   </div>
   <div class='ocr_carea' id='block_1_106' title="bbox 2092 4964 3672 5041">
    <p class='ocr_par' dir='ltr' id='par_1_106' title="bbox 2092 4964 3672 5041">
     <span class='ocr_line' id='line_1_106' title="bbox 2092 4964 3672 5041; baseline -0.008 -15"><span class='ocrx_word' id='word_1_778' title='bbox 2092 4973 2260 5041; x_wconf 78' lang='grc' dir='ltr'><strong>ἄμφω</strong></span> <span class='ocrx_word' id='word_1_779' title='bbox 2283 4973 2331 5024; x_wconf 78' lang='grc' dir='ltr'><strong>οἱ</strong></span> <span class='ocrx_word' id='word_1_780' title='bbox 2359 4970 2558 5024; x_wconf 77' lang='grc' dir='ltr'><strong>ὕπατοι</strong></span> <span class='ocrx_word' id='word_1_781' title='bbox 2589 4967 2649 5032; x_wconf 82' lang='grc' dir='ltr'><strong>ἐξ</strong></span> <span class='ocrx_word' id='word_1_782' title='bbox 2677 4967 2898 5036; x_wconf 80' lang='grc' dir='ltr'><strong>ἐνέδρας</strong></span> <span class='ocrx_word' id='word_1_783' title='bbox 2927 4964 3487 5037; x_wconf 80' lang='grc' dir='ltr'><strong>περιστοιχισθέντες,</strong></span> <span class='ocrx_word' id='word_1_784' title='bbox 3512 4966 3538 5015; x_wconf 88' lang='grc' dir='ltr'>ὁ</span> <span class='ocrx_word' id='word_1_785' title='bbox 3573 4964 3672 5030; x_wconf 75' lang='grc' dir='ltr'><strong>μὲν</strong></span> 
     </span>
    </p>
   </div>
   <div class='ocr_carea' id='block_1_107' title="bbox 2089 5049 3674 5129">
    <p class='ocr_par' dir='ltr' id='par_1_107' title="bbox 2089 5049 3674 5129">
     <span class='ocr_line' id='line_1_107' title="bbox 2089 5049 3674 5129; baseline -0.011 -13"><span class='ocrx_word' id='word_1_786' title='bbox 2089 5060 2409 5129; x_wconf 81' lang='grc' dir='ltr'><strong>Μάρκελλος</strong></span> <span class='ocrx_word' id='word_1_787' title='bbox 2447 5058 2646 5110; x_wconf 84' lang='grc' dir='ltr'><strong>αὐτίκα</strong></span> <span class='ocrx_word' id='word_1_788' title='bbox 2688 5054 2958 5110; x_wconf 84' lang='grc' dir='ltr'><strong>ἀπώλετο·</strong></span> <span class='ocrx_word' id='word_1_789' title='bbox 3021 5054 3324 5123; x_wconf 82' lang='grc' dir='ltr'><strong>Κρισπῖνος</strong></span> <span class='ocrx_word' id='word_1_790' title='bbox 3357 5049 3413 5102; x_wconf 84' lang='grc' dir='ltr'><strong>δὲ</strong></span> <span class='ocrx_word' id='word_1_791' title='bbox 3443 5049 3674 5117; x_wconf 62' lang='grc' dir='ltr'><strong>τρωθεές</strong></span> 
     </span>
    </p>
   </div>
   <div class='ocr_carea' id='block_1_108' title="bbox 2092 5139 3675 5218">
    <p class='ocr_par' dir='ltr' id='par_1_108' title="bbox 2092 5139 3675 5218">
     <span class='ocr_line' id='line_1_108' title="bbox 2092 5139 3675 5218; baseline -0.01 -12"><span class='ocrx_word' id='word_1_792' title='bbox 2092 5153 2363 5206; x_wconf 79' lang='grc' dir='ltr'><strong>ἀπέθανεν</strong></span> <span class='ocrx_word' id='word_1_793' title='bbox 2412 5150 2473 5202; x_wconf 79' lang='grc' dir='ltr'>οὐ</span> <span class='ocrx_word' id='word_1_794' title='bbox 2527 5149 2662 5218; x_wconf 85' lang='grc' dir='ltr'><strong>μετά</strong></span> <span class='ocrx_word' id='word_1_795' title='bbox 2696 5145 2850 5200; x_wconf 88' lang='grc' dir='ltr'><strong>πολύ.</strong></span> <span class='ocrx_word' id='word_1_796' title='bbox 2884 5143 3153 5215; x_wconf 75' lang='grc' dir='ltr'><strong>Εὑρηκὼς</strong></span> <span class='ocrx_word' id='word_1_797' title='bbox 3181 5141 3236 5194; x_wconf 79' lang='grc' dir='ltr'><strong>δὲ</strong></span> <span class='ocrx_word' id='word_1_798' title='bbox 3273 5141 3333 5193; x_wconf 69' lang='grc' dir='ltr'><strong>τὸ</strong></span> <span class='ocrx_word' id='word_1_799' title='bbox 3371 5139 3464 5192; x_wconf 78' lang='grc' dir='ltr'><strong>τοῦ</strong></span> <span class='ocrx_word' id='word_1_800' title='bbox 3510 5141 3675 5208; x_wconf 81' lang='grc' dir='ltr'><strong>Μαρ-</strong></span> 
     </span>
    </p>
   </div>
   <div class='ocr_carea' id='block_1_109' title="bbox 2093 5230 3670 5309">
    <p class='ocr_par' dir='ltr' id='par_1_109' title="bbox 2093 5230 3670 5309">
     <span class='ocr_line' id='line_1_109' title="bbox 2093 5230 3670 5309; baseline -0.01 -13"><span class='ocrx_word' id='word_1_801' title='bbox 2093 5243 2284 5296; x_wconf 79' lang='grc' dir='ltr'><strong>κέλλου</strong></span> <span class='ocrx_word' id='word_1_802' title='bbox 2324 5241 2483 5309; x_wconf 88' lang='grc' dir='ltr'><strong>σῶμα</strong></span> <span class='ocrx_word' id='word_1_803' title='bbox 2521 5242 2548 5292; x_wconf 76' lang='grc' dir='ltr'><strong>ό</strong></span> <span class='ocrx_word' id='word_1_804' title='bbox 2594 5237 2862 5301; x_wconf 76' lang='grc' dir='ltr'><strong>’Λννῖϐας,</strong></span> <span class='ocrx_word' id='word_1_805' title='bbox 2896 5235 2991 5289; x_wconf 74' lang='grc' dir='ltr'><strong>καὶ</strong></span> <span class='ocrx_word' id='word_1_806' title='bbox 3031 5235 3122 5288; x_wconf 73' lang='grc' dir='ltr'><strong>τὸν</strong></span> <span class='ocrx_word' id='word_1_807' title='bbox 3175 5231 3462 5286; x_wconf 82' lang='grc' dir='ltr'><strong>δακτύλιον</strong></span> <span class='ocrx_word' id='word_1_808' title='bbox 3503 5230 3670 5282; x_wconf 69' lang='grc' dir='ltr'><strong>αὐτοῦ</strong></span> 
     </span>
    </p>
   </div>
   <div class='ocr_carea' id='block_1_110' title="bbox 2094 5326 3675 5405">
    <p class='ocr_par' dir='ltr' id='par_1_110' title="bbox 2094 5326 3675 5405">
     <span class='ocr_line' id='line_1_110' title="bbox 2094 5326 3675 5405; baseline -0.008 -17"><span class='ocrx_word' id='word_1_809' title='bbox 2094 5333 2355 5405; x_wconf 72' lang='grc' dir='ltr'><strong>εἰληφὼς,</strong></span> <span class='ocrx_word' id='word_1_810' title='bbox 2386 5326 2430 5402; x_wconf 84' lang='grc' dir='ltr'>ᾧ</span> <span class='ocrx_word' id='word_1_811' title='bbox 2461 5335 2667 5397; x_wconf 86' lang='grc' dir='ltr'><strong>ἐκεῖνος</strong></span> <span class='ocrx_word' id='word_1_812' title='bbox 2699 5332 2797 5396; x_wconf 82' lang='grc' dir='ltr'><strong>τὰς</strong></span> <span class='ocrx_word' id='word_1_813' title='bbox 2819 5331 3038 5402; x_wconf 80' lang='grc' dir='ltr'><strong>γραφὰς</strong></span> <span class='ocrx_word' id='word_1_814' title='bbox 3068 5327 3465 5397; x_wconf 74' lang='grc' dir='ltr'><strong>ἐπεσφράγιζε,</strong></span> <span class='ocrx_word' id='word_1_815' title='bbox 3489 5326 3675 5396; x_wconf 74' lang='grc' dir='ltr'><strong>γράμ-</strong></span> 
     </span>
    </p>
   </div>
   <div class='ocr_carea' id='block_1_111' title="bbox 2099 5413 3672 5496">
    <p class='ocr_par' dir='ltr' id='par_1_111' title="bbox 2099 5413 3672 5496">
     <span class='ocr_line' id='line_1_111' title="bbox 2099 5413 3672 5496; baseline -0.011 -16"><span class='ocrx_word' id='word_1_816' title='bbox 2099 5444 2244 5496; x_wconf 89' lang='grc' dir='ltr'><strong>ματα</strong></span> <span class='ocrx_word' id='word_1_817' title='bbox 2305 5427 2362 5488; x_wconf 79' lang='grc' dir='ltr'><strong>ἐς</strong></span> <span class='ocrx_word' id='word_1_818' title='bbox 2415 5424 2514 5488; x_wconf 79' lang='grc' dir='ltr'><strong>τὰς</strong></span> <span class='ocrx_word' id='word_1_819' title='bbox 2561 5422 2744 5486; x_wconf 88' lang='grc' dir='ltr'><strong>πόλεις</strong></span> <span class='ocrx_word' id='word_1_820' title='bbox 2795 5421 2870 5485; x_wconf 83' lang='grc' dir='ltr'><strong>ὡς</strong></span> <span class='ocrx_word' id='word_1_821' title='bbox 2908 5418 3041 5489; x_wconf 86' lang='grc' dir='ltr'><strong>παρ’</strong></span> <span class='ocrx_word' id='word_1_822' title='bbox 3077 5417 3289 5470; x_wconf 84' lang='grc' dir='ltr'><strong>ἐκείνου</strong></span> <span class='ocrx_word' id='word_1_823' title='bbox 3346 5413 3672 5481; x_wconf 83' lang='grc' dir='ltr'><strong>στελλόμενα</strong></span> 
     </span>
    </p>
   </div>
   <div class='ocr_carea' id='block_1_112' title="bbox 2095 5495 3672 5588">
    <p class='ocr_par' dir='ltr' id='par_1_112' title="bbox 2095 5495 3672 5588">
     <span class='ocr_line' id='line_1_112' title="bbox 2095 5495 3672 5588; baseline -0.012 -15"><span class='ocrx_word' id='word_1_824' title='bbox 2095 5495 2334 5588; x_wconf 69' lang='grc' dir='ltr'><strong>ἔπεμπε,</strong></span> <span class='ocrx_word' id='word_1_825' title='bbox 2367 5519 2460 5570; x_wconf 82' lang='grc' dir='ltr'><strong>καὶ</strong></span> <span class='ocrx_word' id='word_1_826' title='bbox 2490 5517 2589 5588; x_wconf 73' lang='grc' dir='ltr'><strong>ὅσα</strong></span> <span class='ocrx_word' id='word_1_827' title='bbox 2628 5514 2882 5567; x_wconf 77' lang='grc' dir='ltr'><strong>ἐϐούλετο</strong></span> <span class='ocrx_word' id='word_1_828' title='bbox 2915 5511 3278 5582; x_wconf 69' lang='grc' dir='ltr'><strong>διεπράττετο</strong></span> <span class='ocrx_word' id='word_1_829' title='bbox 3306 5525 3320 5539; x_wconf 88' lang='grc'><strong>·</strong></span> <span class='ocrx_word' id='word_1_830' title='bbox 3360 5507 3555 5577; x_wconf 82' lang='grc' dir='ltr'><strong>μέχρις</strong></span> <span class='ocrx_word' id='word_1_831' title='bbox 3612 5495 3672 5556; x_wconf 70' lang='grc' dir='ltr'><strong>οὗ</strong></span> 
     </span>
    </p>
   </div>
   <div class='ocr_carea' id='block_1_113' title="bbox 2094 5596 3672 5675">
    <p class='ocr_par' dir='ltr' id='par_1_113' title="bbox 2094 5596 3672 5675">
     <span class='ocr_line' id='line_1_113' title="bbox 2094 5596 3672 5675; baseline -0.011 -13"><span class='ocrx_word' id='word_1_832' title='bbox 2094 5609 2253 5662; x_wconf 77' lang='grc' dir='ltr'><strong>τοῦτο</strong></span> <span class='ocrx_word' id='word_1_833' title='bbox 2285 5608 2446 5675; x_wconf 79' lang='grc' dir='ltr'><strong>γνοὺς</strong></span> <span class='ocrx_word' id='word_1_834' title='bbox 2491 5607 2519 5658; x_wconf 92' lang='grc' dir='ltr'><strong>ό</strong></span> <span class='ocrx_word' id='word_1_835' title='bbox 2568 5606 2891 5674; x_wconf 82' lang='grc' dir='ltr'><strong>Κρισπῖνος,</strong></span> <span class='ocrx_word' id='word_1_836' title='bbox 2945 5598 3446 5670; x_wconf 68' lang='grc' dir='ltr'><strong>ἀντιπαρήγγειλεν</strong></span> <span class='ocrx_word' id='word_1_837' title='bbox 3483 5596 3672 5654; x_wconf 60' lang='grc' dir='ltr'><strong>αὐτοῖς</strong></span> 
     </span>
    </p>
   </div>
   <div class='ocr_carea' id='block_1_114' title="bbox 2099 5685 3667 5770">
    <p class='ocr_par' dir='ltr' id='par_1_114' title="bbox 2099 5685 3667 5770">
     <span class='ocr_line' id='line_1_114' title="bbox 2099 5685 3667 5770; baseline -0.01 -19"><span class='ocrx_word' id='word_1_838' title='bbox 2099 5697 2496 5770; x_wconf 70' lang='grc' dir='ltr'><strong>φυλάσσεσθαι,</strong></span> <span class='ocrx_word' id='word_1_839' title='bbox 2558 5698 2678 5751; x_wconf 71' lang='grc' dir='ltr'><strong>ὃθεν</strong></span> <span class='ocrx_word' id='word_1_840' title='bbox 2741 5694 3127 5768; x_wconf 70' lang='grc' dir='ltr'><strong>ἀντιπεριέστη</strong></span> <span class='ocrx_word' id='word_1_841' title='bbox 3164 5691 3242 5762; x_wconf 65' lang='grc' dir='ltr'><strong>τῷ</strong></span> <span class='ocrx_word' id='word_1_842' title='bbox 3289 5689 3514 5757; x_wconf 76' lang='grc' dir='ltr'><strong>Ἀννιϐᾷ</strong></span> <span class='ocrx_word' id='word_1_843' title='bbox 3608 5685 3667 5736; x_wconf 71' lang='grc' dir='ltr'><strong>τι)</strong></span> 
     </span>
    </p>
   </div>
  </div>
