4050 6210
411 283 519 347 737

1683 281 2093 349 ANNALIUM
2128 286 2276 347 LIB.
2318 286 2428 347 1X.

3580 281 3685 348 7:18

406 392 667 461 πρᾶγμα.
714 389 867 444 Ἐπεὶ
892 390 1002 463 γὰρ
1030 393 1143 457 τοῖς
1171 392 1232 446 ἐν
1263 394 1329 464 τῇ
1358 391 1568 465 Σαλπίᾳ
1596 392 1663 445 δι’
1690 394 1998 464 αὐτομόλου

2107 393 2410 451 scientibus
2446 400 2719 459 uteretur,
2773 403 2834 449 ut
2885 408 2984 465 pro
3017 394 3280 451 Romanis
3314 398 3685 468 haberentur;

404 480 569 551 δῆθεν
596 477 665 551 ἦν
695 483 1007 547 ἐπιστείλας
1039 485 1116 548 ῶς
1183 487 1212 538 ό
1260 484 1579 556 Μάρκελλος
1611 485 1801 545 νυκτὸς
1839 503 2007 556 προσ-

409 572 493 643 ῄει
544 576 661 634 τοῖς
711 575 940 645 τείχεσι,
993 580 1059 647 τῇ
1124 594 1184 630 τε
1237 578 1348 631 τῶν
1379 577 1627 631 Λατίνων
1662 579 2004 649 κεχρημένος

410 668 568 735 φωνῇ
610 665 709 719 σὺν
745 666 927 729 ἀλλοις
960 668 1353 739 ἐπισταμένοις
1385 670 1579 742 αὐτὴν,
1613 672 1700 724 ἵνα
1742 671 2003 741 Ῥωμαῖοι

406 757 640 820 δόξωσιν
675 752 840 811 εἶναι.
891 758 1171 822 Μαθόντες
1207 759 1263 811 δὲ
1299 762 1350 814 οί
1379 761 1661 832 Σαλπηνοὶ
1690 765 1789 831 τὴν
1816 762 2002 814 ἐπιτέ-

405 866 605 919 χνησιν
630 849 818 915 αύτοῦ,
843 851 1310 922 ἀντετεχνήσαντο
1334 853 1612 908 πιστεύειν
1640 854 1811 918 διτως
1837 871 2005 925 προσε

408 941 556 990 ιέναι
643 940 734 991 τὸν
826 942 1171 1010 Μάρκελλον.
1240 945 1350 997 Καὶ
1423 945 1845 1012 ἀνασπάσαντες
1912 949 2005 1002 τὸν

409 1029 1146 1098 καταρῤἁκτην,είσήγαγον
1171 1031 1335 1094 ὅσους
1361 1033 1546 1097 αὐτοῖς
1576 1034 1756 1101 ἔδοξεν
1784 1038 2005 1101 ἱκανοὺς

410 1116 556 1172 εἶναι
589 1123 1038 1191 κατεργασθῆναι
1073 1126 1202 1195 παρ’
1240 1126 1444 1191 αὐτῶν,
1489 1129 1584 1183 καὶ
1616 1131 1827 1196 πάντας
1872 1134 2006 1186 ἀπέ-

412 1227 664 1268 κτειναν.
720 1212 778 1265 Ὀ
832 1214 889 1267 δὲ
941 1214 1196 1279 Ἀννίϐας
1257 1217 1472 1287 ἀπῆρεν
1525 1219 1748 1288 αὐτίκα,
1814 1221 2005 1292 μαθὼν

409 1304 546 1367 τοὺς
600 1306 847 1372 Λοκροὺς
879 1305 1380 1377 πολιορκουμένους
1429 1310 1582 1380 παρὰ
1620 1310 1908 1381 Ῥωμαίων
1940 1318 2004 1369 ὲκ

411 1401 671 1463 Σικελίας
700 1393 1175 1454 ἐπιπλευσάντων.
1211 1401 1323 1455 Ka‘t
1357 1401 1627 1468 Πούπλιος
1669 1404 1728 1458 δὲ
1777 1406 2005 1460 Σουλπί-

412 1509 540 1555 κιος
570 1490 709 1562 μετά
741 1489 999 1545 Αἰτωλῶν
1026 1491 1123 1545 καὶ
1144 1493 1451 1565 συμμάχων
1473 1496 1677 1567 ἐτέρων
1704 1496 1876 1552 πολλά
1901 1499 2004 1567 τῆς

428 1582 661 1652 Ἀχαΐας
690 1582 984 1653 ἐπόρθησε.
1018 1582 1127 1637 Τοῦ
1155 1583 1213 1637 δὲ
1242 1584 1510 1640 Φιλίππου
1562 1587 1659 1642 τοῦ
1690 1589 2004 1656 Μακεδόνος

415 1677 537 1738 τοῖς
594 1676 833 1745 Ἀχαιοῖς
894 1680 1361 1750 συμμαχήσαντος
1392 1720 1407 1746 ,
1464 1682 1743 1747 παντελῶς
1786 1682 1855 1738 ἂν
1905 1687 2004 1755 τῆς

2109 485 2412 556 Salapiani,
2438 488 2558 558 ejus
2586 487 2822 545 artificio
2849 490 3089 560 cognito,
3135 493 3233 546 bac
3278 503 3400 547 arte
3444 495 3685 551 vicissim

2106 578 2188 632 usi
2229 589 2381 641 sunt,
2424 589 2484 634 ut
2509 594 2569 636 se
2600 579 2923 637 Marcellum
2963 583 3155 638 adesse
3195 584 3423 640 credere
3462 587 3689 643 simula-

2104 679 2262 735 rent;
2293 671 2635 743 clatbrisque
2663 673 2932 739 attractis,
2970 684 3049 730 tot
3084 676 3139 729 in
3203 677 3395 730 urbem
3450 678 3691 733 admise-

2104 771 2255 824 runt,
2287 771 2423 832 quot
2450 764 2738 820 vincendis
2758 781 2819 822 se
2842 781 3003 836 pares
3034 783 3157 822 esse
3217 767 3503 830 rebantur.
3560 785 3688 824 εοε-

2105 866 2213 919 quc
2244 866 2437 906 omnes
2468 852 2814 909 occiderunt.
2842 856 3078 909 Annibal
3103 872 3256 918 vero,
3297 871 3422 910 cum
3478 856 3688 914 Locros

2105 957 2135 995 a
2180 942 2444 999 Romanis
2473 960 2541 999 ex
2571 944 2759 1001 Sicilia
2810 948 3079 1016 profectis
3128 947 3687 1014 obsideri-audisset,

2107 1036 2294 1091 statim
2326 1040 2577 1095 recessit.
2616 1041 2677 1095 P.
2712 1040 2998 1111 Sulpicius
3034 1052 3218 1097 autem
3253 1059 3379 1098 cum
3408 1042 3606 1099 Atltolis
3634 1054 3692 1099 et

2077 1128 2228 1184 'aliis
2273 1131 2441 1187 sociis
2481 1148 2733 1204 magnam
2780 1134 3001 1188 Achaia:
3035 1145 3244 1205 partem
3274 1135 3526 1190 vastavit.
3581 1135 3690 1190 Sed

2104 1237 2226 1275 cum
2252 1222 2539 1293 Philippus
2571 1224 2788 1280 Achaeis
2820 1241 2979 1295 opem
3028 1228 3271 1288 tulisset.
3302 1227 3533 1281 Romani
3575 1234 3688 1282 tota

2103 1315 2311 1370 Graecia
2341 1315 2483 1385 pulsi
2517 1324 2722 1380 essent,
2751 1317 2896 1384 nisi,
2931 1318 3127 1373 Aitolis
3152 1323 3303 1389 galea
3333 1318 3572 1389 Philippi
3595 1335 3692 1389 po-

2106 1411 2245 1477 titis,
2289 1410 2357 1466 de
2384 1411 2508 1482 ejus
2538 1411 2767 1466 interitu
2795 1427 2988 1467 rumor
3011 1415 3153 1483 apud
3180 1413 3505 1469 Macedones
3535 1429 3692 1484 spar-

2105 1517 2202 1557 sus
2230 1513 2395 1566 esset,
2454 1512 2688 1573 ortaque
2722 1504 2793 1559 ibi
2847 1504 3067 1560 seditio.
3126 1504 3346 1560 Veritus
3394 1505 3568 1571 enim,
3618 1521 3689 1560 ne

2109 1608 2278 1666 regno
2304 1595 2650 1664 privaretur,
2685 1594 2742 1648 in
2799 1594 3170 1649 Macedoniam
3230 1596 3564 1665 properavit.
3611 1595 3689 1651 Ita

2110 1686 2334 1747 factum,
2368 1696 2429 1740 ut
2454 1686 2686 1741 Romani
2730 1685 2784 1739 in
2815 1685 3022 1741 Grtccia
3061 1695 3503 1755 perseverantes,
3541 1685 3692 1742 urbi-

433 1768 689 1831 Ἑλλάδος
745 1768 1094 1841 ἐξηλάθησαν
1138 1773 1187 1825 οἱ
1231 1773 1514 1839 Ῥωμαῖοι,
1550 1775 1599 1827 εί
1633 1776 1710 1846 μὴ
1744 1775 1837 1829 τοῦ
1868 1778 2001 1846 κρά-

2110 1775 2213 1829 bus
2236 1774 2449 1844 aliquot
2476 1774 2817 1844 potirentur.
2843 1773 3109 1844 Sequenti
3135 1789 3302 1835 anno,
3331 1789 3456 1828 cum
3485 1774 3692 1829 Asdru-

416 1878 547 1924 νους
580 1860 676 1914 τοῦ
729 1861 999 1916 Φιλίππου
1033 1863 1448 1936 περιρρυέντος,
1474 1867 1523 1920 oi
1580 1868 1812 1922 Αἰτωλοὶ
1844 1868 2004 1921 τοῦτο

420 1953 605 2022 ἔσχον,
639 1956 734 2007 καὶ
757 1957 947 2024 φήμης
973 1957 1054 2018 είς
1086 1955 1215 2020 τοὺς
1254 1957 1572 2023 Μακεδόνας
1601 1960 1902 2033 γενομένης
1928 1960 2005 2024 ὡς

420 2044 675 2114 τέθνηκε,
712 2047 905 2108 στάσις
931 2062 990 2098 τε
1019 2048 1246 2116 γέγονεν
1284 2051 1405 2105 ἐκεῖ
1433 2094 1449 2117 ,
1502 2054 1599 2107 καὶ
1642 2052 1886 2124 ἐφοβήθη
1929 2054 2004 2125 μὴ

418 2136 522 2206 τῆς
550 2135 830 2205 βασιλείας
876 2139 1140 2209 στερηθῇ,
1178 2141 1273 2193 καὶ
1309 2144 1443 2212 πρὸς
1477 2143 1821 2199 Μακεδονίαν
1848 2145 2007 2214 ἠπεί-

419 2226 552 2298 χθη.
592 2227 873 2281 Ἐντεῦθεν
903 2230 952 2283 οί
991 2229 1255 2300 Ῥωμαῖοι
1279 2236 1345 2304 τῇ
1378 2233 1586 2287 Ἐλλάδι
1612 2236 2001 2305 προσέμειναν,

421 2318 522 2373 καί
576 2337 742 2374 τινων
792 2321 1110 2393 ἐκράτησαν
1162 2324 1394 2380 πόλεων.
1426 2325 1516 2396 Τῷ
1546 2325 1592 2380 δ’
1623 2327 1832 2381 ἐπιόντι
1870 2327 2000 2392 ἔτει,

418 2412 499 2475 ὡς
555 2411 587 2465 ὀ
640 2413 974 2484 Ἀσδρούϐας
1029 2415 1331 2485 ἠγγέλλετο
1391 2414 1656 2487 προσιὼν.
1716 2418 1767 2470 οἱ
1824 2421 1882 2471 ἐν
1934 2420 2000 2488 τῇ

433 2503 627 2577 Ῥώμῃ
656 2507 754 2569 τὰς
786 2506 1051 2575 δυνάμεις
1080 2524 1137 2562 τε
1178 2507 1452 2578 ήθροιζον,
1488 2509 1583 2562 καὶ
1621 2509 1749 2573 τοὺς
1782 2510 2005 2578 συμμά-

421 2613 553 2667 χους
597 2597 748 2665 σφῶν
803 2598 1261 2668 μετεπέμποντο,
1312 2600 1557 2662 ὑπάτους
1615 2599 1886 2653 Κλαύδιόν
1941 2618 2002 2655 τε

419 2689 656 2759 Νέρωνα
692 2689 787 2743 καὶ
816 2690 1034 2744 Διούῖον
1064 2689 1156 2743 τὸν
1182 2690 1414 2759 Μάρκον
1443 2691 1710 2760 ἑλόμενοι.
1746 2692 1862 2745 Kal
1896 2693 2004 2745 Νέ-

424 2778 574 2849 ρωνα
631 2782 729 2849 μὲν
789 2782 883 2832 ἐπὶ
923 2782 1013 2835 τὸν
1073 2780 1350 2848 ’Λννίϐαν,
1389 2779 1605 2834 Λιούῖον
1655 2781 1714 2835 δὲ
1777 2784 1873 2835 ἐπὶ
1911 2782 2003 2836 τὸν

434 2873 766 2943 Ἀσδρούϐαν
803 2873 1080 2944 ἔπεμψαν,
1134 2873 1194 2936 ὃς
1245 2874 1394 2944 αύτῴ
1445 2873 1582 2944 πρὸς
1628 2876 1694 2946 τῇ
1756 2874 1893 2945 Σένῃ
1937 2879 2002 2945 τῇ

423 2963 586 3017 πόλει
621 2966 958 3036 ἀπήντησεν.
993 2966 1066 3019 Ού
1117 2968 1302 3036 μέντοι
1336 2970 1428 3019 καὶ
1492 2966 1573 3030 είς
1624 2968 1807 3036 χεῖρας
1844 2967 2003 3030 εὐθὺς

421 3051 617 3127 ἦλθεν,
647 3058 739 3109 ἐπὶ
772 3058 974 3119 πολλὰς
1005 3057 1065 3111 δὲ
1105 3058 1319 3129 ἡμέρας
1354 3057 1500 3111 κατὰ
1549 3058 1733 3127 χώραν
1765 3057 2002 3128 ἔμεινεν.

436 3148 583 3201 Ἀλλ’
617 3148 738 3201 οὐδὲ
789 3152 818 3202 ό
878 3149 1207 3220 Ἀσδρούϐας
1259 3149 1358 3221 τὴν
1414 3149 1595 3220 μάχην
1648 3149 2001 3221 κατήπειξεν,

424 3241 672 3311 ἡσύχαζε
703 3243 760 3295 δὲ
785 3241 879 3294 τὸν
910 3242 1140 3311 ἀδελφὸν
1166 3246 1480 3312 ἀναμένων.
1515 3243 1573 3295 '0
1598 3242 1792 3314 Νέρων
1820 3242 1879 3296 δὲ
1914 3244 2008 3295 καὶ

421 3338 454 3389 ὁ
495 3336 744 3398 Ἀννίϐας
800 3337 881 3398 είς
938 3335 1248 3389 Λευκανίαν
1305 3335 1852 3405 ἐστρατοπεδεύοντο,
1912 3337 2009 3389 καὶ

425 3428 710 3499 οὐδέτερος
742 3427 879 3498 πρὸς
932 3428 1243 3498 παράταξιν
1291 3428 1573 3499 ὥρμησεν,
1624 3428 1799 3491 ἄλλως
1845 3428 1902 3482 δὲ
1950 3431 2008 3491 ἐς

425 3523 619 3591 χεῖρας
672 3520 920 3590 ἀλλήλοις
973 3518 1165 3591 ᾔεσαν.
1231 3520 1342 3573 Καὶ
1405 3522 1434 3573 ὁ
1506 3520 1758 3584 Ἀννίϐας
1822 3522 2007 3574 πυκνὰ

431 3612 816 3684 μετανίστατο,
853 3612 947 3666 καὶ
975 3616 1003 3665 ὁ
1036 3612 1226 3683 Νέρων
1258 3611 1504 3683 ἀκριϐῶς
1555 3614 1716 3665 αύτΣν
1768 3612 2008 3684 παρετή-

432 3724 540 3777 ρει.
582 3705 865 3777 Κρείττων
916 3703 1012 3758 οὖν
1068 3705 1159 3759 ἀεὶ
1214 3703 1379 3756 αὑτοῦ
1436 3705 1746 3772 γινόμενος,
1799 3705 1894 3756 καὶ
1939 3703 2009 3756 τά

427 3801 738 3872 γράμματα
795 3798 865 3851 τὰ
925 3799 1078 3867 παρά
1125 3794 1222 3850 τοῦ
1270 3795 1597 3865 Ἀσδρούϐαν
1653 3794 1805 3865 αύτῷ
1863 3811 2008 3864 πεμ-

433 3871 639 3960 φθέντα
670 3889 831 3949 ἐλὼν,
860 3889 957 3941 τοῦ
991 3871 1090 3958 μὲν
1120 3887 1364 3942 Ἀννίϐου
1394 3885 1796 3957 κατεφρόνησε·
1825 3887 2010 3949 δείσας

432 3984 493 4038 δέ
526 3982 602 4053 μή
641 3984 731 4035 τὸν
780 3981 999 4036 Λιούῖον
1045 3983 1074 4034 ό
1121 3978 1454 4052 Ἀσδρούϐας
1483 3978 1562 4050 τῷ
1592 3979 1790 4050 πλήθει
1834 3995 2008 4033 κατα-

433 4076 715 4146 ϐιάσηται,
750 4076 895 4143 μέγα
948 4074 1185 4143 πρᾶγμα
1242 4071 1536 4141 ἐτόλμησε.
1590 4073 1699 4126 Καὶ
1746 4072 2008 4126 κατέλιπε

435 4168 536 4237 μὲν
586 4168 782 4237 μοῖραν
839 4167 974 4230 ἐκεῖ,
1003 4163 1335 4234 ἀποχρῶσαν
1372 4163 1583 4234 εἵργειν
1617 4163 1713 4217 τὸν
1760 4162 2009 4218 Ἀννίϐαν

431 4261 489 4311 εἴ
514 4276 593 4330 πη
627 4256 901 4328 κινηθείη,
934 4256 1315 4327 ἐντειλάμενος
1372 4256 1555 4310 πάντα
1597 4257 1750 4309 ποεῖν
1793 4254 1880 4308 ἵνα
1914 4256 2010 4309 καὶ

431 4353 598 4417 αὐτὸς
628 4354 902 4423 νομίζοιτο
947 4351 1238 4422 ἐνδημείνο
1283 4350 1346 4402 τὸ
1398 4349 1455 4403 δὲ
1488 4347 1878 4420 καθαρώτατον
1911 4348 2006 4402 τοῦ

2110 1867 2247 1922 balis
2279 1868 2553 1923 adventus
2583 1867 2957 1932 nuntiaretur,
2995 1866 3227 1920 Romani
3268 1866 3514 1937 legiones
3556 1882 3691 1922 con-

2111 1959 2402 2023 vocabant,
2431 1968 2490 2016 et
2534 1959 2719 2015 socios
2749 1974 2880 2014 suos
2907 1961 3286 2025 accersebant,
3322 1957 3552 2014 Claudio
3575 1961 3688 2015 Ne-

2108 2065 2243 2106 rone
2271 2059 2327 2106 et
2367 2050 2550 2106 Marco
2604 2051 2761 2105 Livio
2821 2065 2968 2105 coss.
3023 2051 3226 2105 creatis
3302 2057 3381 2105 Ae
3412 2051 3690 2107 Neronem

2108 2151 2299 2197 contra
2327 2141 2680 2209 Annibalem,
2710 2142 2924 2197 Livium
2950 2154 3139 2197 contra
3166 2142 3529 2197 Asdrubalem
3585 2144 3658 2198 nti
3682 2178 3687 2183 -

2108 2242 2325 2297 serunt,
2354 2232 2448 2304 qui
2477 2234 2530 2289 ei
2561 2235 2709 2289 circa
2755 2234 2955 2288 Senam
3010 2235 3201 2288 urbem
3249 2235 3524 2300 occurrit;
3572 2251 3684 2290 non

2110 2334 2290 2381 tamen
2337 2327 2519 2380 statim
2550 2327 2619 2381 ad
2661 2341 2856 2381 manus
2889 2326 3063 2389 venit,
3106 2326 3203 2381 sed
3240 2342 3339 2397 per
3369 2328 3489 2383 dies
3530 2344 3685 2383 cont-

2110 2421 2293 2491 plures
2329 2423 2383 2475 in
2416 2420 2613 2477 castris
2642 2435 2702 2476 se
2730 2421 3028 2477 continuit.
3064 2421 3254 2492 Neque
3275 2422 3545 2478 Asdrubal
3580 2440 3684 2493 pu-

2107 2526 2267 2582 gnam
2297 2511 2458 2574 ursit,
2505 2510 2730 2581 quietus
2777 2509 3004 2565 fratrem
3045 2519 3390 2580 exspectans.
3418 2510 3564 2567 Nero
3592 2528 3689 2567 auc

2110 2612 2216 2656 tem
2258 2612 2314 2656 et
2352 2602 2590 2659 Annibal
2619 2601 2675 2656 in
2724 2600 2967 2657 Lucania
3019 2611 3199 2656 castra
3246 2602 3526 2668 habentes,
3576 2618 3686 2659 non

2101 2694 2248 2764 justa
2281 2693 2420 2757 acie,
2451 2691 2548 2746 sed
2603 2689 2983 2745 tumultuariis
3006 2690 3271 2744 duntaxat
3300 2690 3497 2761 pugnis
3557 2703 3688 2747 sunt

2108 2785 2412 2854 congressi.
2465 2782 2791 2837 Annibalem
2834 2790 3016 2835 autem
3069 2782 3249 2836 locum
3286 2783 3517 2838 subinde
3570 2800 3689 2838 mu-

2109 2886 2338 2938 tantem,
2385 2884 2644 2930 accurate
2699 2872 3011 2928 observavit
3045 2872 3212 2933 Nero.
3253 2889 3470 2944 semper
3497 2891 3563 2930 eo
3593 2890 3686 2930 su-

2108 2967 2327 3038 perior;
2364 2977 2421 3021 et
2445 2966 2649 3022 litteris
2684 2964 2869 3021 fratris
2896 2966 3016 3037 eius
3068 2966 3390 3020 Asdrubalis
3449 2967 3686 3022 interce-

2112 3059 2239 3130 ptis,
2269 3058 2538 3114 Annibale
2566 3067 2902 3128 eontempto,
2927 3058 3136 3112 veritus
3157 3072 3225 3112 ne
3246 3058 3517 3113 Asdrubal
3547 3060 3689 3113 mul-

2113 3151 2352 3207 titudine
2383 3151 2665 3206 hominum
2718 3150 2874 3205 Livio
2915 3151 3026 3205 vim
3061 3150 3290 3209 faceret.
3323 3167 3576 3221 magnum
3607 3151 3688 3207 fa-

2107 3244 2268 3297 cinus
2305 3257 2471 3297 ausus
2500 3250 2605 3297 est.
2638 3240 2848 3296 Relicta
2882 3240 3032 3296 enim
3100 3240 3174 3295 ibi
3239 3249 3386 3296 tanta
3448 3243 3682 3297 militum

2107 3345 2285 3406 parte,
2316 3343 2525 3406 quanta
2555 3335 2623 3390 ad
2657 3333 3070 3405 reprimendum
3101 3334 3419 3389 Annibalem
3450 3335 3582 3390 satis
3608 3350 3689 3391 es-

2107 3436 2210 3489 set,
2240 3428 2286 3482 si
2320 3427 2453 3498 quid
2491 3427 2775 3493 movisset,
2818 3427 3120 3489 mandavit,
3153 3435 3214 3480 ut
3238 3427 3422 3481 omnia
3457 3426 3527 3480 ita
3561 3442 3688 3498 age-

2109 3529 2254 3581 rent,
2290 3528 2349 3574 ut
2382 3520 2497 3589 ipse
2521 3534 2765 3589 presens
2798 3534 2920 3575 esse
2952 3527 3260 3590 putaretur.
3285 3518 3684 3590 Assutnptaque

2107 3612 2404 3668 lectissima
2427 3623 2584 3681 parte
2604 3614 2902 3680 exercitus,
2930 3612 3085 3682 quasi
3109 3611 3400 3665 ﬁnitimum
3421 3613 3682 3682 oppidum

2107 3713 2543 3774 oppugnaturus,
2571 3702 2734 3775 533
2769 3704 2989 3759 nemine
3019 3703 3237 3758 consilii
3277 3705 3522 3768 conscio,
3582 3704 3683 3759 ad-

2108 3813 2302 3853 versus
2326 3797 2688 3853 Asdrubalem
2726 3812 3054 3868 properans,
3101 3805 3264 3851 noctu
3303 3797 3373 3851 ad
3418 3797 3683 3869 collegam

2108 3893 2283 3953 venit,
2317 3890 2372 3945 in
2399 3890 2632 3960 ejusque
2671 3890 2816 3944 vallo
2849 3888 3226 3960 pernoctavit;
3284 3889 3559 3960 amboque
3626 3902 3686 3948 se

2110 3989 2385 4050 parantes,
2416 3990 2476 4035 ut
2501 3979 2713 4035 hostem
2763 3993 2832 4032 ex
2880 3979 3179 4049 improviso
3225 3979 3680 4050 aggrederentur,

2111 4070 2477 4126 Asdrubalem
2500 4086 2610 4125 non
2632 4070 2929 4126 latuerunt.
2957 4070 3093 4125 Cum
3123 4071 3270 4124 enim
3300 4078 3530 4141 uterque
3556 4086 3689 4126 con-

2111 4163 2195 4217 sul
2231 4162 2430 4219 milites
2458 4177 2590 4218 suos
2621 4163 2855 4218 seorsim
2902 4161 3307 4225 cohortaretur,
3337 4161 3687 4219 animadver-

2113 4256 2178 4310 tit
2203 4254 2339 4325 quid
2369 4254 2451 4308 rei
2475 4265 2657 4321 esset;
2693 4263 2750 4309 et
2772 4253 3098 4309 Annibalem
3130 4254 3335 4309 vietum
3372 4270 3686 4328 caesumque

2111 4361 2234 4402 esse
2261 4344 2574 4415 suspicatus
2602 4345 2720 4414 (illo
2745 4345 2891 4400 enim
2920 4346 3236 4416 superstite,
3255 4345 3532 4402 Neronem
3551 4363 3688 4403 con-

432 4445 668 4516 στρατοῦ
697 4444 993 4510 ἀπολέξας,
1024 4443 1288 4516 ὥρμησεν
1318 4442 1395 4506 ὡς
1427 4439 1794 4513 πλησιοχώρῳ
1850 4440 2004 4495 πόλει

2115 4447 2196 4492 tra
2225 4452 2283 4492 se
2313 4453 2596 4507 nunquam
2630 4440 2835 4493 iturum
2856 4436 3077 4506 fuisse),
3098 4437 3166 4492 ad
3194 4438 3376 4495 Gallos
3396 4440 3548 4496 abire
3571 4449 3688 4495 sta-

426 4540 540 4591 τινὶ
583 4537 924 4609 προσμίξων,
973 4536 1081 4589 οὐδ’
1110 4535 1228 4607 ⁴ᾔδει
1263 4551 1343 4598 τις
1390 4534 1485 4604 τὴν
1517 4533 1758 4591 διάνοιαν
1811 4532 2002 4588 αὐτοῦ.

429 4630 546 4685 Kal.
578 4628 818 4700 ἠπείχθη
848 4630 941 4682 ἐπὶ
973 4628 1068 4681 τὸν
1115 4625 1466 4700 Ἀσδρούϐαν,
1508 4625 1604 4679 καὶ
1640 4624 1870 4694 ἀφίκετο
1912 4641 2008 4680 νυ-

428 4723 560 4784 κτὸς
595 4722 733 4791 πρὸς
760 4720 850 4774 τὸν
889 4719 1250 4789 συνάρχοντα,
1289 4718 1385 4770 καὶ
1421 4718 1479 4768 ἐν
1534 4718 1603 4787 τῇ
1654 4717 1894 4788 ταφρείᾳ
1938 4719 2006 4789 τῇ

429 4813 600 4870 αὐτοῦ
631 4814 1025 4882 συνεσκήνησε.
1061 4811 1173 4864 Καὶ
1204 4807 1678 4877 παρεσκευάζοντο
1703 4809 1897 4877 ἄμφω,
1936 4807 2005 4860 ἵν’

429 4908 700 4977 αἰφνίδιον
746 4904 896 4976 αὐτῷ
943 4901 1363 4956 συνεπίθωνται.
1400 4900 1509 4953 Ούκ
1536 4899 1729 4953 ἔλαθον
1757 4900 1838 4964 δὲ,
1888 4899 2004 4952 ἀλλ’

431 4998 783 5068 ἐτεκμήρατο
812 4994 875 5048 τὸ
904 4992 1276 5063 γεγενημένον
1301 4993 1329 5045 ὁ
1375 4990 1705 5060 Ἀσδρούϐας
1760 4990 1870 5044 ἀπὸ
1897 4989 2004 5044 τῶν

429 5086 865 5160 παραγγέλσεων
890 5082 1085 5138 διττῶν
1111 5082 1435 5151 γινομένων.
1485 5080 1613 5154 Ἰδίᾳ
1638 5080 1745 5151 γὰρ
1771 5081 2004 5146 ἕκαστος

428 5182 542 5234 τῶν
567 5179 796 5233 ὑπάτων
832 5174 1183 5248 παρήγγελλε
1208 5191 1263 5226 τι
1289 5174 1401 5236 τοῖς
1434 5172 1654 5230 ἑαυτοῦ.
1698 5171 2003 5226 ’Υποπτεύ-

430 5286 533 5332 σας
560 5268 654 5322 οὖν
676 5266 944 5339 ἡττῆσθαι
970 5267 1061 5318 τὸν
1089 5263 1336 5317 Ἀννίϐαν
1382 5264 1475 5315 καὶ
1503 5261 1799 5315 ἀπολέσθαι
1826 5264 2005 5334 (περι-

430 5364 587 5424 όντος
619 5364 729 5430 γὰρ
773 5360 987 5412 ἐκείνου
1039 5358 1138 5409 οὐκ
1180 5354 1247 5408 ἂν
1294 5353 1381 5407 ἐπ’
1415 5352 1580 5407 αὐτὸν
1611 5352 1856 5424 ὁρμῆσαι
1910 5354 2004 5406 τὸν

430 5454 665 5524 Νέρωνα
696 5451 1013 5519 ἐλογίζετο),
1044 5452 1184 5517 ἐγνω
1207 5448 1342 5518 πρὸς
1362 5449 1486 5508 τοὺς
1520 5446 1765 5508 Γαλάτας
1792 5447 2006 5500 ἀπανα-

427 5546 705 5618 χωρῆσαι,
751 5544 849 5597 καὶ
894 5544 1010 5595 ἐκεῖ
1037 5541 1107 5593 τὰ
1137 5540 1263 5611 περὶ
1290 5538 1380 5591 τὸν
1421 5537 1651 5607 ἀδελφὸν
1690 5538 2006 5608 ἀκριϐώσα-

429 5638 560 5693 σθαι
588 5641 684 5693 καὶ
712 5635 855 5691 οὕτω
884 5635 1023 5690 κατά
1077 5634 1273 5704 σχολὴν
1306 5633 1634 5703 πολεμῆσαι.
1670 5634 1779 5685 Καὶ
1824 5636 1851 5686 ὁ
1904 5635 2004 5703 μὲν

430 5731 809 5804 παραγγείλας
865 5728 940 5801 τῷ
995 5728 1368 5801 στρατεύματι
1425 5727 1746 5796 ἀναστῆναι,
1807 5725 2002 5790 νυκτὸς

2112 4531 2236 4596 tuit,
2277 4538 2333 4584 et
2368 4530 2483 4585 illic
2532 4538 2679 4585 statu
2736 4529 2923 4586 fratris
2954 4533 3264 4602 explorato,
3321 4530 3527 4586 bellum
3583 4545 3688 4604 per

2108 4624 2283 4677 otium
2329 4622 2745 4678 administrare.
2782 4622 2972 4693 Itaque
3020 4622 3286 4678 militibus
3332 4623 3534 4679 itinere
3587 4625 3687 4679 de-

2109 4716 2383 4781 nuntiato,
2413 4756 2428 4781 ,
2455 4723 2622 4771 noctu
2649 4714 2929 4772 discessit.
2952 4714 3013 4777 ld
3046 4716 3306 4770 consules
3337 4729 3405 4770 ex
3445 4718 3683 4773 tumultu

2107 4807 2395 4877 suspicati,
2422 4821 2532 4861 non
2591 4814 2774 4860 tamen
2814 4813 3043 4876 propter
3102 4805 3358 4859 tenebras
3401 4818 3461 4859 se
3497 4804 3686 4859 statim

2107 4908 2561 4965 commoverunt;
2603 4898 2698 4953 sed
2732 4899 2836 4953 sub
2874 4912 3134 4952 auroram
3159 4895 3441 4966 equitibus
3459 4898 3526 4951 ad
3555 4912 3683 4952 eum

2107 4992 2552 5065 persequendum
2589 4989 2905 5061 praemissis,
2935 4987 3042 5058 ipsi
3065 4985 3367 5049 subsecuti,
3405 4986 3689 5042 Asdruba-

2106 5084 2213 5139 lem
2261 5083 2479 5153 equites
2509 5094 2825 5152 aggressum
2877 5078 3047 5148 (solos
3070 5078 3218 5134 enim
3252 5091 3350 5149 eos
3377 5092 3499 5134 esse
3526 5089 3684 5148 puta-

2107 5178 2221 5248 bat)
2251 5184 2592 5246 superventu
2629 5188 2731 5228 suo
2752 5172 2809 5226 in
2830 5171 3016 5242 fugam
3053 5180 3361 5237 verterunt,
3382 5180 3439 5227 et
3470 5171 3683 5240 fugien-

2107 5279 2191 5325 tes
2226 5268 2525 5339 persecuti,
2556 5267 2758 5321 multos
2781 5265 3130 5329 occiderunt,
3158 5267 3228 5320 ab
3258 5264 3572 5335 elephantis
3595 5262 3686 5316 ni-

2108 5357 2186 5411 hil
2209 5358 2448 5428 adjutos.
2480 5355 2689 5411 llorum
2712 5356 2862 5410 enim
2894 5355 3063 5424 aliqui
3093 5355 3386 5419 vulnerati,
3410 5368 3533 5407 cum
3560 5351 3684 5421 plus

2107 5451 2233 5506 ntali
2268 5452 2351 5507 eis
2394 5454 2590 5505 darent
2642 5464 2806 5519 quam
2857 5448 3065 5514 hostes,
3113 5448 3382 5504 Asdrubal
3437 5458 3684 5501 sessores

2106 5559 2299 5603 eorum
2334 5545 2568 5606 monuit,
2617 5553 2678 5596 ιιι
2700 5543 3020 5597 vulneratos
3047 5541 3231 5596 statim
3262 5537 3600 5602 occiderent,
3627 5534 3683 5591 id

2106 5635 2254 5705 quod
2278 5635 2438 5690 facile
2469 5634 2658 5699 ﬁebat,
2682 5649 2808 5688 cum
2828 5632 3011 5687 ferreo
3039 5631 3232 5685 aculeo
3263 5628 3367 5683 sub
3387 5641 3522 5682 aure
3544 5641 3687 5698 pun-

2107 5727 2397 5799 gebantur.
2435 5724 2528 5781 Sic
2559 5724 2757 5781 bellua:
2807 5738 2838 5779 a
2889 5717 3460 5793 Carthaginiensibus,
3487 5717 3595 5775 viri
3650 5733 3685 5773 a
