4050 6210
421 278 530 340 739

1741 249 2066 312 IUANNIS
2103 246 2422 308 ΖΟΝΛΒᾸΞ

3572 243 3684 302 7ίο

418 389 676 447 Romanis
708 381 1142 441 occidebantur;
1191 382 1450 440 tantaque
1503 365 1802 424 multitudo
1847 361 2026 426 ceci-,

2126 359 2329 430 ,πῆρειη
2368 359 2433 410 (,il
2479 357 2523 409 δ’
2553 355 2745 409 ὕπατοι
2783 356 2846 408 ἐκ
2888 353 2978 407 τοῦ
3033 353 3262 425 θορὶϐου
3307 355 3685 414 ὑπώπτευσα-ι

415 482 519 545 dit,
565 491 625 536 ut
667 475 898 531 Romani
951 471 1195 526 caadiius
1245 465 1451 522 satiati,
1506 472 1738 513 cancros
1792 455 2002 545 nollent

417 573 699 647 pet-sequi.
735 569 915 637 Atque
955 564 1094 618 adeo
1118 573 1226 612 non
1264 553 1579 647 niodoaliis
1605 547 1876 647 plurimis,

418 639 927 724 etiam—Asdrubale
956 649 1268 711 interfecto,
1307 642 1499 713 spoliis
1531 639 1783 710 plurimis
1803 639 1999 706 captis.

419 768 476 814 et
501 751 731 823 captivis
762 743 1025 802 Romanis
1058 740 1202 793 ultra
1236 746 1480 805 quatuor
1511 729 1680 784 millia
1717 728 1770 781 in
1807 727 2003 780 castris

423 843 678 915 repertis.
711 838 920 893 cladem
951 834 1294 888 Cannensem
1325 825 1546 879 abunde
1578 831 2002 915 pensatam-esse

422 909 747 993 credebant.
771 931 866 984 llis
893 927 1083 997 gestis,
1118 921 1304 975 Livius
1330 935 1429 974 suo
1461 917 1582 969 loco
1610 913 1830 966 mansit.
1861 909 2004 964 Nero

423 1038 580 1082 sexto
612 1027 699 1080 die
738 1025 794 1077 in
831 1020 1082 1089 Apuliam
1123 1028 1402 1073 reversus,
1461 1009 1614 1062 abitu
1668 1021 1769 1060 suo
1829 1003 1896 1057 ad
1950 1000 2003 1054 id

428 1136 601 1189 usque
635 1127 852 1187 tempus
868 1112 1067 1173 celato,
1097 1110 1346 1176 captivos
1376 1101 1661 1172 aliquotin
1693 1108 1872 1153 castra
1901 1095 2008 1151 An-

427 1211 626 1267 nibalis
657 1208 831 1269 misit,
875 1203 970 1274 qui
1003 1200 1053 1256 ei
1095 1200 1222 1270 quid
1259 1205 1441 1250 actum
1494 1201 1638 1246 esset
1672 1195 2004 1252 narrarent;

426 1314 483 1358 et
515 1311 679 1373 caput
701 1296 1025 1354 Asdrubalis
1054 1294 1108 1346 in
1135 1290 1446 1362 propinquo
1469 1284 1622 1340 cruci
1655 1282 1844 1338 aﬂixit.
1897 1281 2009 1335 An-

428 1397 597 1458 nibal,
645 1393 800 1447 clade
853 1401 908 1444 et
968 1386 1116 1442 crede
1165 1387 1353 1438 fratris
1380 1379 1621 1450 cognita,
1666 1375 2010 1445 Neronisque

430 1486 658 1540 victoris
708 1483 912 1544 reditu,
953 1482 1005 1533 in
1049 1493 1246 1547 magno
1275 1475 1427 1528 luctu
1485 1480 1541 1526 et
1585 1484 1820 1524 interere
1867 1466 2008 1530 fuit;

405 1591 570 1646 saepe
621 1574 688 1628 de
744 1572 969 1626 fortuna
1017 1577 1249 1639 questus
1303 1573 1410 1626 est,
1459 1576 1602 1630 sape
1664 1557 1879 1614 Cannas
1928 1556 2013 1610 in-

428 1666 709 1722 clamavit.
766 1664 946 1734 Atque
997 1662 1054 1717 in
1103 1658 1326 1713 Brutios
1383 1667 1686 1725 regressus,
1727 1651 1798 1703 ibi
1857 1647 2012 1719 quie-

431 1769 531 1813 νιι.

2100 455 2160 508 τὸ
2208 451 2515 520 γινόμενον,
2569 449 2629 502 ού
2669 448 2855 518 μέντοι
2911 447 3074 511 εὐθὺς
3115 451 3450 520 ὲκινῄθηςαν
3494 452 3586 504 δ.ὰ
3625 455 3688 506 τὸ

2103 545 2314 607 σκότος.
2349 543 2500 613 Ἅμα
2551 541 2713 610 δ’ἡοί
2765 541 2893 604 τούς
2950 558 3009 593 τε
3063 542 3264 605 ἱππέας
3314 545 3688 614 προέπεμψαν

2102 636 2387 702 ἐπιδιῶξαι
2418 636 2636 700 αὐτοὺς,
2669 635 2763 688 καὶ
2803 633 2956 688 αὐτοὶ
2993 634 3229 688 εἵποντο.
3281 637 3388 690 Kal
3424 636 3518 690 τοῦ
3558 639 3686 691 Ἀσ-

2102 731 2330 801 δρούϐου
2383 731 2497 792 τοῖς
2552 727 2810 782 ἱππεῦσιν
2871 730 3304 798 ἀντιταξαμένου
3364 731 3441 794 ώς
3501 732 3689 803 μόνοις

2103 821 2276 886 οὖσιν,
2306 823 2354 875 οἱ
2387 820 2584 874 ὕπατοι
2635 819 2982 884 ἐπελθόντες,
3013 823 3222 893 τροπὴν
3268 809 3438 876 αύἕοῦ
3494 827 3690 894 ἐποιή-

2107 933 2290 969 σαντο.
2347 915 2454 968 Καὶ
2502 914 2799 982 φεύγουσιν
2855 899 3405 985 ἐπακολουθήσαντες
3459 917 3690 980 πολλοὺς

2107 1005 2425 1072 ἐφόνευσαν
2463 1005 2558 1058 καὶ
2583 1004 2693 1056 οὐδ’
2723 1004 2772 1054 οἰ
2803 1004 3099 1073 ἐλέφαντες
3134 1001 3319 1070 αὐτοῖς
3353 1006 3690 1076 ἐϐοήθησαν.

2109 1096 2232 1148 Ὀτι
2266 1097 2374 1164 γάρ
2403 1112 2548 1158 τινες
2576 1095 2754 1148 αὐτῶν
2795 1097 3302 1166 τραυματισθέντες
3335 1101 3485 1154 κακά
3525 1099 3691 1152 πλείω

2107 1187 2232 1250 τοὺς
2265 1188 2732 1258 ἐπιτεταγμένους
2787 1188 2970 1256 σφίσιν
3023 1189 3194 1259 έδρων
3239 1191 3358 1262 ἣοί
3414 1193 3690 1262 πολέμιοι,

2110 1279 2483 1350 παρήγγειλεν
2514 1280 2542 1331 ὁ
2588 1279 2920 1350 Ἀσδρούϐας
2961 1284 3075 1344 τοῖς
3115 1280 3204 1334 ἐπ’
3234 1282 3413 1335 αὐτῶν
3445 1283 3694 1351 καθημέ-

2109 1389 2247 1434 νοις,
2293 1373 2419 1434 τοὺς
2465 1373 2944 1444 τιτρωσκομένους
2978 1374 3086 1427 τῶν
3119 1374 3327 1442 θηρίων
3374 1377 3692 1446 παραυτίκα

2113 1461 2343 1530 σφάζειν
2369 1477 2382 1490 ⁸
2437 1463 2609 1534 ῥᾷστα
2639 1462 2694 1517 δὲ
2733 1463 2956 1536 σιδηρίῳ
2988 1465 3100 1518 τινὶ
3137 1465 3242 1519 ύπδ
3290 1466 3352 1519 τὸ
3381 1462 3474 1530 οὖς
3509 1471 3696 1521 νυττόο-

2114 1570 2268 1624 μενοι
2322 1553 2690 1609 ἐκτιννύοντο.
2726 1558 2834 1610 Kal
2875 1559 3074 1624 ἐκείνοι
3109 1557 3209 1628 μὲν
3247 1559 3357 1612 tab
3403 1559 3512 1612 τῶν
3544 1561 3694 1629 Καρ-

2114 1647 2394 1718 χηδονίων,
2445 1648 2496 1700 οἰ
2539 1648 2730 1720 ἄνδρες
2775 1649 2831 1702 δὲ
2878 1650 2983 1702 ὑπὸ
3018 1649 3126 1704 τῶν
3164 1650 3462 1719 Ῥωμαίων
3509 1651 3694 1720 ἐφθεζο

2046 1737 2086 1791 Β
2118 1756 2294 1809 ροντο.
2331 1741 2568 1794 Ἐπεσον
2613 1741 2672 1795 δὲ
2718 1741 2989 1814 τοσοῦτοι,
3036 1743 3175 1796 ῶστε
3219 1749 3344 1807 τους
3385 1746 3693 1814 Ῥωμαίου..

426 1852 700 1920 διακορεῖς
735 1847 829 1900 τοῦ
881 1848 1044 1917 φόνου
1095 1842 1420 1912 γενομένους
1475 1837 1550 1908 μὴ
1608 1835 1833 1905 θελῆσαι
1882 1831 2012 1894 τοὺς
2051 1830 2247 1896 ἄλλους
2313 1834 2620 1901 ἐπιδιῶξαι,
2679 1835 3002 1906 φθείραντες
3033 1855 3090 1890 τε
3121 1838 3314 1902 ἄλλους
3344 1839 3573 1902 πολλοὺς
3604 1839 3696 1892 καί

428 1947 522 1998 τὸν
570 1940 923 2012 Ἀσδρούϐαν,
965 1942 1058 1991 καὶ
1088 1937 1307 2005 λάφυρα
1360 1928 1874 1992 πλεϊσὲαλαϐόντες
1911 1927 2007 1980 καὶ
2055 1925 2367 1998 Ῥωμαίους
2437 1929 2824 2000 αἰχμαλώτους
2861 1934 2918 1995 ἐς
2984 1934 3460 2005 τετρακισχιλίους
3511 1938 3570 1989 ἐν
3620 1936 3697 2004 τῷ

434 2034 786 2106 στρατοπέδῳ
823 2032 1099 2100 εὑρόντες,
1135 2027 1334 2090 ἱκανῶς
1363 2026 1459 2095 τὴν
1534 2023 1845 2095 Καννησίδα
1927 2023 2217 2092 συμφοράν
2246 2024 2627 2095 ,ἀνειληφέναι
2666 2026 2950 2096 ἐνόμισαν.
3022 2027 3389 2100 Πραχθέντων
3464 2029 3523 2083 δὲ
3573 2035 3697 2086 τού-

429 2141 560 2186 των,
599 2123 626 2174 δ
658 2120 757 2190 μὲν
786 2119 1003 2180 ⁸ςιούῖος
1034 2117 1178 2170 κατὰ
1212 2115 1394 2186 χώραν
1422 2114 1660 2182 ἔμεινεν⁹
1686 2115 1712 2166 ὸ
1741 2111 1797 2163 δὲ
1823 2108 2014 2179 Νέρων
2043 2109 2258 2172 ἑκταῖος
2323 2113 2404 2173 εἰς
2437 2112 2535 2183 τὴν
2615 2113 2905 2166 Ἀπουλίαν
2945 2115 3337 2186 ἐπανελήλυθε,
3370 2116 3550 2171 λαθὼν
3604 2123 3670 2192 μέ

432 2229 525 2284 χρι
549 2213 669 2266 τότε
696 2212 772 2275 ώς
813 2210 1162 2280 ἀπεδήμησε.
1197 2210 1308 2261 Καὶ
1339 2206 1448 2259 τῶν
1493 2205 1730 2259 ἁλόντων
1769 2203 1921 2264 τινὰς
1989 2203 2047 2265 ἐς
2085 2201 2146 2254 τδ
2231 2204 2474 2258 Ἀννίϐου
2509 2206 2876 2276 στρατόπεδον
2924 2206 3161 2276 ἔπεμψε,
3214 2209 3282 2264 τά
3325 2217 3703 2282 πεπραγμένα

433 2299 799 2370 δηλώσοντας,
835 2300 932 2352 καὶ
960 2302 1060 2367 τὴν
1087 2296 1333 2364 κεφαλὴν
1363 2294 1458 2346 τοῦ
1507 2291 1834 2357 Ἀσδρούϐου
1885 2288 2114 2358 πλησίον
2162 2307 2264 2342 που
2315 2293 2723 2354 ἀνεσταύρωσε.
2795 2295 3000 2348 Μαθὼν
3076 2297 3170 2350 ’ὒν
3235 2298 3443 2361 ἐκεῖνος
3509 2301 3601 2352 τόν
3641 2318 3700 2352 τε

435 2396 668 2464 ἀδελφὸν
711 2394 1015 2465 ἡττημένον
1063 2393 1160 2446 καὶ⁸
1188 2391 1512 2460 τεθνηκότα,
1544 2389 1637 2442 καὶ
1701 2386 1794 2438 τὸν
1857 2385 2089 2454 Νέρωνα
2128 2388 2452 2456 νενικηκότα
2485 2390 2576 2442 καὶ
2606 2393 2973 2460 ἐπανήκοντα,
3002 2392 3173 2446 πολλὰ
3231 2395 3328 2462 μὲν
3359 2394 3702 2465 ὠλοφύρατο,

439 2489 700 2552 πολλάκις
734 2489 791 2542 δὲ
822 2491 919 2542 καὶ
951 2490 1049 2560 τὴν
1082 2487 1256 2558 τύχην
1298 2487 1394 2540 καί
1436 2487 1533 2548 τὰς
1570 2484 1789 2545 Κάννας
1819 2481 2139 2537 ἁνεκάλεσε.
2171 2484 2283 2538 Καὶ
2351 2486 2408 2546 ἐς
2474 2485 2572 2556 τὴν
2605 2486 2870 2556 Βρεττίαν
2913 2490 3257 2560 ἀνεχώρησε,
3291 2494 3454 2544 κάκεῖ
3517 2492 3708 2560 διῆγεν

441 2579 759 2650 ἡσυχάζων.

510 2669 578 2723 Χ.
619 2671 689 2724 At
733 2667 918 2740 Scipio
972 2667 1535 2737 Hispaniaepratesse
1569 2665 1777 2736 jussus,
1836 2663 2017 2718 donec

441 2761 519 2815 ibi
563 2759 749 2816 omnia
782 2759 1202 2830 composuisset,
1240 2760 1480 2828 primum
1522 2757 1578 2810 in
1608 2757 1848 2830 Africam
1883 2756 2018 2810 dua-

443 2851 548 2905 bus
599 2849 1094 2920 quinqueremibus
1149 2848 1446 2919 navigavit,
1511 2847 1816 2918 eodemque
1873 2847 2016 2902 forte

444 2942 662 2996 fortuna
727 2941 894 2995 etiam
944 2940 1221 2995 Asdrubal
1273 2939 1532 3011 Gisgonis
1579 2939 1724 2996 ﬁlius
1781 2941 2016 3012 appulit.

443 3037 592 3104 Quos
617 3051 739 3090 cum
763 3033 930 3108 434
957 3033 1173 3105 Syphax
1213 3033 1403 3088 ambos
1431 3035 1742 3088 humaniter
1777 3036 2021 3106 accepis—
2053 3067 2094 3122 ο

445 3138 530 3183 set
549 3129 690 3198 (erat
711 3128 860 3183 enim
889 3126 1440 3197 Carthaginiensibus
1468 3125 1675 3181 foedere
1693 3127 1942 3197 junctus,
1971 3136 2027 3180 et

446 3219 642 3274 Africa
675 3219 818 3288 parti
849 3217 1175 3290 imperabat}
1199 3226 1257 3270 et
1281 3217 1639 3271 reconciliare
1662 3217 1806 3271 inter
1829 3232 1886 3272 se
1911 3227 2029 3271 stu-

447 3309 626 3372 deret,
665 3308 851 3378 Scipio
917 3307 1206 3377 respondit
1257 3307 1364 3362 sibi
1405 3308 1585 3362 nullas
1614 3324 1754 3363 cum
1815 3309 2027 3364 Asdru-

448 3401 572 3456 bale
609 3401 849 3470 privatas
896 3414 1018 3454 esse
1073 3399 1416 3458 inimicitias.
1470 3415 1652 3471 neque
1709 3400 2028 3470 reipublica:

448 3491 673 3547 nomine
710 3491 974 3546 faciendae
1009 3483 1160 3560 pacis
1195 3490 1587 3544 auctoritatem
1637 3491 1866 3554 habere.
1917 3493 2028 3544 lic-

449 3599 644 3640 versus
670 3584 726 3638 in
756 3582 1099 3654 Hispaniam,
1125 3598 1251 3638 cum
1282 3583 1637 3654 llitergitanis
1673 3583 1874 3638 bellum
1903 3599 2028 3654 ges-

450 3677 522 3731 sit
555 3691 569 3729 :
613 3675 761 3745 quod
795 3674 1074 3730 Romanos
1114 3685 1239 3745 post
1269 3675 1588 3745 Scipionum
1628 3675 1832 3730 caadem
1862 3677 1928 3731 ad
1969 3692 2030 3732 se

451 3751 718 3840 profugos
759 3767 1283 3840 Carthaginensibus
1311 3769 1614 3825 dedissent.
1657 3769 1847 3842 Neque
1877 3771 2032 3840 prius

420 3919 426 3928 ,
453 3861 644 3914 urbem
677 3861 846 3931 cepit,
869 3876 1030 3929 quam
1059 3861 1173 3930 ipse
1205 3860 1807 3918 tnmniaconsccndere
1838 3877 2027 3927 ausus,

457 3954 772 4010 vulneratus
811 3963 913 4009 est.
945 3953 1150 4009 Milites
1189 3956 1336 4010 enim
1371 3955 1830 4022 verecundantes,
1862 3965 1919 4010 et
1952 3957 2030 4010 illi

454 4054 786 4110 metuentes,
815 4046 1126 4115 promptius
1152 4045 1444 4101 subierunt
1471 4064 1484 4100 :
1507 4059 1564 4101 et
1584 4047 1744 4118 potiti
1777 4048 2028 4109 victoria.

421 4204 424 4206 _
453 4138 773 4192 hominibus
805 4137 1061 4192 omnibus
1089 4137 1314 4204 occisis,
1345 4147 1512 4194 totam
1547 4141 1736 4194 urbem
1773 4139 2034 4196 incende-

455 4239 604 4286 runt.
642 4229 758 4298 Qua
791 4241 853 4284 re
886 4231 1068 4286 territi
1111 4230 1298 4296 multi,
1331 4231 1478 4286 ultro
1511 4231 1854 4287 deditionem
1888 4231 2035 4287 fece-

457 4333 605 4392 runt,
657 4324 816 4379 multi
861 4324 912 4379 vi
946 4324 1161 4380 subacti
1200 4333 1331 4380 sunt
1376 4341 1392 4382 :
1433 4325 1615 4392 inulti,
1651 4341 1778 4380 cum
1816 4325 2036 4381 obside-

2199 2655 2254 2710 l'.
2301 2659 2357 2711 Ὁ
2388 2657 2445 2710 δέ
2475 2657 2738 2723 Σκιπίων,
2772 2659 2965 2730 μέχρις
2995 2661 3060 2714 ἂν
3085 2667 3264 2716 πάντα
3291 2665 3358 2714 τὰ
3386 2667 3446 2716 ἐν
3475 2668 3541 2736 τῇ
3570 2667 3712 2738 Ἰϐη-

2127 2751 2220 2822 ρίᾳ
2272 2750 2617 2820 καταστήσῃ,
2652 2749 2844 2824 ἄρχειν
2875 2752 2982 2806 τῶν
3030 2753 3147 2808 ἐκεῖ
3179 2757 3551 2827 προσετάχθη.
3599 2760 3710 2812 Καὶ

2127 2841 2346 2912 πρῶτον
2378 2840 2478 2910 μὲν
2505 2842 2563 2904 ἐς
2592 2842 2691 2910 τὴν
2721 2842 2929 2914 Λιϐύην
2952 2843 3062 2898 δύω
3094 2849 3420 2915 πεντήρεσιν
3453 2849 3708 2916 ἔπλευσε,

2129 2934 2223 2988 καὶ
2270 2937 2299 2988 ὁ
2330 2933 2424 2988 τοῦ
2481 2935 2753 3004 Γίσγωνος
2798 2936 3132 3008 ’Δσδρούϐας
3179 2942 3297 2994 ἐκεῖ
3347 2945 3488 2996 κατὰ⁵
3537 2945 3711 3014 τύχην

2128 3029 2279 3099 αύτῷ
2313 3028 2648 3099 συγκατῆρε.
2680 3031 3038 3101 Δεξιουμένου
3061 3031 3157 3086 οὖν
3187 3037 3279 3088 καὶ
3303 3036 3471 3105 ἄμφω
3497 3037 3592 3092 τοῦ
3612 3039 3715 3092 Σύ-

2129 3138 2299 3189 φακος
2341 3122 2648 3192 (ἔνσπονδος
2697 3124 2803 3194 γάρ
2854 3125 2970 3188 τοίς
3024 3126 3418 3196 Καρχηδονίοις
3469 3130 3711 3198 ἐγένετο,

2134 3214 2340 3284 μέρους
2373 3217 2471 3284 τῆς
2520 3214 2724 3286 Λιϐύης
2757 3215 3079 3286 βασιλεύων)
3114 3219 3208 3272 καὶ
3247 3220 3715 3284 καταλλάσσοντος

2131 3306 2294 3372 σφᾶς,
2325 3306 2353 3356 ὁ
2383 3303 2623 3357 Σκιπίων
2664 3305 2763 3359 ούκ
2791 3304 2930 3358 ἰδίαν
2963 3306 3167 3377 ἔχθραν
3197 3309 3342 3378 ἔχειν
3374 3306 3552 3376 εἶπεν,
3589 3311 3715 3364 οὔτε

2134 3395 2242 3466 μὴν
2272 3395 2412 3464 ὑπὶρ
2444 3395 2552 3446 τῶν
2582 3395 2776 3447 κοινῶν
2805 3395 3067 3449 δύνασθαι
3095 3397 3220 3450 καθ’
3252 3399 3445 3452 ἑαυτὸν
3477 3403 3719 3455 καταλύ-

2133 3489 2348 3541 σασθαι.
2399 3489 2733 3558 Ἐπανῆλθεν
2791 3486 2884 3542 οὖν
2947 3487 3122 3554 αὖθις,
3183 3494 3276 3546 καὶ
3337 3495 3717 3565 Ἰλιτεργίταις

2132 3583 2510 3652 ἐπολέμησεν,
2571 3582 2654 3634 ὅτι
2713 3582 2839 3644 τοὺς
2882 3584 3019 3654 πρὸς
3069 3585 3235 3638 αὑτὸν
3294 3593 3718 3657 καταφυγόντας

2141 3674 2451 3748 Ῥωμαίους
2485 3674 2624 3743 μετὰ
2672 3673 2764 3727 τὸν
2795 3675 2904 3728 τῶν
2946 3676 3266 3731 Σκιπιώνων
3318 3679 3551 3734 θάνατον
3604 3685 3718 3745 τοῖς

2137 3767 2532 3838 Καρχηδονίοις
2576 3766 2870 3834 ἐξέδωκαν.
2921 3770 3032 3822 Καὶ
3074 3771 3136 3822 οὐ
3181 3773 3451 3843 πρότερον
3483 3774 3586 3844 τῆς
3618 3777 3720 3827 πό-

2134 3857 2271 3922 λεως
2303 3859 2482 3912 αὐτῶν
2530 3857 2825 3929 ἐκράτησε,
2876 3866 3002 3930 πρὶν
3043 3861 3205 3928 αὐτὸς
3231 3861 3325 3914 τοῦ
3357 3863 3566 3934 τείχους
3596 3867 3717 3916 ἐπι-

2136 3951 2302 4022 ϐῆναι
2349 3952 2638 4022 ἐτόλμησε,
2686 3956 2779 4005 καὶ
2833 3954 3071 4025 ἐτρώθη.
3128 3955 3481 4019 Δίδεσθέντες
3512 3959 3624 4025 γάρ
3669 3958 3721 4010 οἰ

2139 4044 2492 4114 στρατιῶται,
2524 4046 2619 4097 καὶ
2650 4043 2928 4110 δείσαντες
2965 4049 3095 4116 περὶ
3116 4047 3330 4119 ἐκείνῳ,
3373 4047 3497 4101 τότε
3555 4066 3722 4120 προσ-

2141 4138 2330 4190 έϐαλον
2371 4136 2802 4208 προθυμότερον.
2859 4139 2970 4192 Καὶ
3021 4141 3398 4210 κρατήσαντες
3441 4142 3567 4202 τοὺς
3615 4143 3723 4212 μὲν

2140 4229 2462 4300 ἀνθρώπους
2489 4233 2697 4296 πάντας
2739 4230 3095 4296 ἀπέκτειναν,
3127 4233 3225 4303 τὴν
3254 4233 3313 4286 δὲ
3351 4234 3504 4287 πόλιν
3556 4237 3725 4287 κατέ-

2143 4340 2361 4392 πρησαν
2412 4322 2658 4377 ἃπασαν..
2705 4325 2816 4376 Καὶ
2863 4324 2941 4394 τῷ
2978 4325 3130 4396 φόϐῳ
3178 4325 3352 4396 τούτῳ
3381 4326 3570 4378 πολλοὶ
3619 4328 3723 4396 μὲν

437 4425 671 4486 rentur,
713 4416 878 4470 urbes
907 4425 1250 4486 cremarunt,
1273 4416 1601 4486 semetipsos
1637 4425 1692 4472 et
1720 4419 2026 4488 suosjugu-

2141 4415 2359 4483 ἑκόντες
2392 4414 2540 4484 αύτῷ
2571 4415 3033 4487 προσεχώρησαν,
3089 4417 3276 4490 πολλοὶ
3301 4418 3358 4470 δὲ
3387 4419 3482 4471 καὶ
3506 4420 3600 4489 βίᾳ
3631 4437 3727 4471 κε-

455 4509 660 4564 larunt.
686 4507 1102 4580 Maximaparte
1125 4508 1400 4578 lliSpaniat
1428 4508 1679 4578 subacta,
1705 4509 1888 4579 Scipio
1907 4508 2038 4564 Car-

461 4601 743 4670 thaginem
777 4601 963 4662 rediit,
1002 4601 1096 4654 ubi
1133 4602 1188 4656 in
1243 4603 1510 4656 honorem
1543 4603 1719 4672 patris
1765 4610 1822 4656 et
1851 4601 2034 4668 patrui

454 4693 720 4748 funebres
756 4693 919 4760 ludos
955 4694 1009 4746 in
1037 4693 1208 4766 armis
1235 4693 1411 4749 edidit
1445 4710 1459 4748 :
1492 4694 1549 4748 in
1588 4693 1810 4764 quibus,
1843 4703 2042 4763 praeter

457 4785 616 4847 alios,
638 4785 749 4839 duo
771 4783 990 4848 fratres,
1019 4785 1087 4838 de
1109 4800 1278 4854 regno
1306 4786 1452 4854 inter
1470 4800 1593 4842 sese
1618 4785 2038 4858 contendentes,

459 4877 847 4950 pacificatione
900 4876 1104 4932 frustra
1138 4894 1168 4932 a
1211 4878 1470 4948 Scipione
1507 4887 1737 4946 tentata,
1783 4877 2039 4933 decerta-

461 4982 590 5026 runt
617 4990 630 5026 :
669 4981 724 5028 et
753 4973 925 5043 major
956 4981 1086 5026 natu
1119 4971 1411 5038 minorem,
1433 4973 1560 5030 licet
1593 4971 1932 5036 validiorem,
1960 4971 2041 5024 in-

462 5066 704 5121 terfecit.
763 5067 958 5122 Postea
1003 5065 1260 5135 Scipione
1306 5073 1626 5135 aegrotante,
1684 5063 1912 5132 llispani
1956 5078 2044 5117 res

459 5175 634 5215 novas
669 5148 1023 5226 moliti'sunt.
1075 5161 1210 5215 Nam
1263 5159 1543 5214 exercitus
1598 5157 1894 5227 Scipionis,
1945 5157 2038 5226 qui

461 5253 609 5325 circa
640 5252 978 5309 Soncronem
1003 5253 1350 5316 hibernabat,
1376 5267 1434 5306 se
1467 5251 1786 5305 commovit.
1823 5251 1889 5304 Et
1915 5265 2040 5305 cum

468 5343 625 5414 prius
659 5345 826 5414 etiam
858 5360 1052 5414 parum
1083 5346 1230 5398 dicto
1268 5344 1501 5398 audiens
1531 5353 1696 5406 esset,
1725 5359 1824 5398 nec
1861 5352 2040 5396 tamen

461 5435 828 5502 defectionem
859 5435 1018 5505 plane
1045 5451 1156 5506 pra:
1187 5449 1246 5489 se
1266 5434 1460 5498 ferret,
1512 5448 1626 5488 tum
1658 5435 1876 5503 cognito
1901 5450 2045 5487 mor-

465 5527 537 5581 bo
565 5527 865 5598 Scipionis,
899 5528 1068 5584 dilata
1111 5528 1278 5582 etiam
1309 5526 1712 5596 stipendiorum
1747 5527 2044 5592 solutione,

427 5633 661 5690 .aperte
691 5620 913 5688 defecit,
995 5621 1281 5690 pulsisquc
1327 5619 1586 5684 tribunis,
1638 5620 1741 5673 sibi
1791 5620 2049 5674 consules

449 5713 654 5782 elegit.
684 5715 927 5772 Fuerunt
961 5725 1144 5770 autem
1178 5714 1403 5771 circiter
1447 5731 1545 5771 vni
1590 5713 1787 5769 millia.
1823 5712 1941 5780 Qua
1976 5710 2044 5766 de

2138 4509 2406 4579 χείρωντο
2433 4522 2448 4537 ’
2500 4507 2643 4572 τινὲς
2676 4506 2733 4558 δὲ
2783 4507 3236 4580 πολιορκούμενοι
3297 4510 3395 4574 τάς
3427 4527 3485 4563 τε
3538 4511 3725 4574 πόλεις

2143 4599 2354 4652 ἑαυτῶν
2389 4599 2596 4668 ἔκαιον,
2633 4600 2729 4653 καὶ
2773 4602 2902 4663 τοὺς
2947 4601 3185 4669 οἰκείους
3233 4603 3515 4670 ἐφόνευον,
3547 4604 3640 4654 ἐπὶ
3669 4604 3730 4654 δέ

2141 4692 2352 4756 τούτοις
2387 4693 2478 4747 καὶ
2507 4692 2753 4756 ἑαυτούς.
2784 4694 2864 4748 Τά
2909 4694 3082 4747 πλείω
3115 4696 3172 4749 δὲ
3202 4696 3733 4766 καταστρεψάμενος

2141 4787 2170 4838 ὁ
2213 4786 2483 4854 Σκιπίων,
2533 4787 2614 4850 είς
2667 4787 2995 4858 Καρχηδόνα
3030 4787 3342 4853 ἀνέζευξεν,
3380 4789 3509 4848 ἐνθα
3544 4790 3622 4859 τῷ
3668 4807 3732 4843 τε

2146 4879 2318 4946 πατρὶ
2370 4880 2466 4932 καὶ
2514 4877 2592 4946 τῷ
2623 4878 2752 4949 θείῳ
2777 4879 3099 4950 ἐπιταφίους
3133 4863 3352 4950 ἀγῶνας
3386 4882 3733 4951 ὁπλομαχίας

2144 4969 2318 5022 ἔθετο.
2353 4969 2482 5022 ’Ὀτε
2537 4969 2724 5023 πολλοί
2757 4970 2854 5040 μὲν
2882 4971 2979 5024 καὶ
3005 4971 3183 5042 ἕτεροι
3210 4966 3572 5042 ἠγωνίσαντο,
3633 4977 3732 5024 καὶ

2107 5127 2118 5139 ι.
2145 5065 2365 5133 ἀδελφοὶ
2386 5065 2443 5118 δὲ
2481 5066 2592 5122 δύω
2628 5069 2758 5137 περὶ
2791 5065 3073 5136 βασιλείας
3105 5069 3516 5138 διαφερόμενοι,
3548 5069 3727 5126 καίτοι

2146 5154 2238 5206 τοῦ
2298 5155 2601 5218 Σκιπίωνος
2657 5156 2980 5221 συναλλάξαι
3033 5157 3232 5221 αὐτοὺς
3302 5158 3726 5220 σπουδάσαντοςο

2147 5247 2242 5298 καὶ
2267 5249 2294 5299 6
2324 5246 2692 5318 πρεσϐύτερος
2720 5247 2812 5301 τὸν
2844 5248 3133 5316 νεώτερον,
3166 5249 3346 5306 καίτοι
3379 5251 3728 5320 ἰσχυρότερον

2147 5343 2298 5404 εντα,
2331 5340 2676 5395 ἀπέκτεινεν.
2715 5342 3070 5415 Ἦῤῥώστησε
3109 5345 3164 5399 δέ
3216 5347 3512 5414 μετέπειτα
3543 5349 3571 5399 ὁ
3603 5347 3728 5398 Ext-

2150 5434 2310 5497 τίων,
2348 5435 2459 5488 κάν
2497 5434 2672 5504 τούτῳ
2710 5436 3070 5506 ἐνεωτέρισαν
3130 5439 3368 5508 Ἴϐηρες.
3408 5440 3728 5510 Στρατευμα

2149 5528 2256 5595 γάρ
2289 5525 2382 5578 τοῦ
2419 5526 2719 5590 Σκιπίωνος
2751 5531 2877 5597 περὶ
2912 5529 3212 5598 Σογκρῶνα
3244 5531 3510 5602 χειμάζσν
3541 5532 3726 5600 ἐκινή-

2152 5621 2241 5690 θη.
2280 5621 2389 5672 Καὶ
2438 5621 2630 5691 πρώην
2681 5622 2782 5674 οὐκ
2814 5624 3061 5686 εὐπειθὲς
3096 5623 3177 5687 ὃν,
3229 5625 3288 5677 ού
3345 5625 3457 5694 μὴν
3491 5628 3726 5694 φανεράν

2152 5712 2488 5766 ἀποστασίαν
2536 5713 2973 5784 ἐπιδειξάμενον,
3029 5718 3151 5768 τότε
3188 5716 3233 5770 δ’
3265 5715 3588 5785 αἰσθόμενον
3644 5716 3728 5768 τὸν
