4050 6210
428 283 534 350 7-H

1698 284 2111 348 ANNALIUM
2148 286 2297 347 LIB.
2339 284 2446 348 IX.

3592 290 3699 356 ἨΞ

428 394 712 452 Σκιπίωνα
764 392 1068 466 κάμνοντα,
1128 391 1253 446 ἐπεὶ
1296 393 1390 447 καὶ¹
1419 395 1453 465 ἡ
1491 394 1797 468 μισθοφορὰ
1830 398 2018 461 αὐτοῖς

2125 410 2283 451 causa
2345 394 2572 467 Hispani
2617 395 2787 453 etiam
2833 396 2900 452 ad
2935 395 3297 455 deserendam
3348 401 3511 457 [idem
3570 386 3697 459 {ueli

422 488 758 561 ηὲϐραδύνθη,
796 486 1104 556 ἀναφανδὸν
1131 487 1482 558 ἀπέστησαν·
1512 488 1607 541 καὶ
1632 488 1760 553 τοὺς
1797 487 2016 560 χιλιάρ-

427 599 559 654 χους
606 582 758 650 σφῶν
821 579 1194 641 ἀπελάσαντες
1236 579 1478 643 ὑπάτους
1518 581 1731 645 ἑαυτοῖς
1770 598 2019 651 κεχειρος

427 678 729 743 τονήκασιν
757 688 771 702 °
807 667 950 742 ἦσαν
995 670 1052 724 δὲ
1102 670 1177 734 ὼς
1211 670 1627 742 ὀκτακισχίλιοι.
1667 673 1890 736 Γνόντες
1922 671 2017 726 οὖν

428 766 606 819 ταῦτα
653 769 700 818 οξ
766 766 1012 835 Ἴϐηρες,
1069 764 1371 831 ἀφίσταντο
1427 765 1871 837 προχειρότερον,
1920 765 2018 818 καὶ

427 856 530 927 τὴν
559 854 880 924 συμμαχίδα
906 854 1016 905 τῶν
1063 852 1351 921 Ῥωμαίων
1389 852 1626 905 ἐκάκουν
1663 870 1676 883 θ
1708 856 1801 906 καὶ
1834 857 1864 907 δ
1892 853 2014 907 Μά-

430 961 568 1009 των,
594 943 843 997 ἐκλιπεῖν
863 943 962 1014 ἤδη
986 942 1052 995 τὰ
1070 942 1302 1012 Γάδειρα
1317 941 1624 1012 βουληθεὶς,
1644 941 1756 995 οὒτ’
1778 941 2016 1007 ἐξέλιπε,

430 1037 529 1087 καὶ
577 1036 656 1098 εἰς
702 1034 803 1104 τὴν
837 1034 1067 1106 ἠπειρον
1112 1033 1409 1086 διαϐαίνων
1438 1032 1613 1087 πολλὰ
1661 1032 2015 1105 ἐκακούργει.

430 1123 642 1178 Μαθὼν
671 1124 728 1177 δὲ
768 1124 925 1178 ταῦθ’
952 1126 980 1176 ὁ
1012 1124 1279 1188 Σκιπίων,
1321 1122 1548 1193 πέμψας
1587 1125 1725 1194 πρὸς
1772 1124 1841 1176 τὸ»
1881 1126 2018 1177 ἁπο-

433 1218 715 1287 στατῆσαν
737 1217 1121 1286 στρατόπεδον,
1170 1215 1488 1268 ἐπέστειλεν
1534 1217 1739 1279 αὐτοῖςε
1768 1231 2019 1285 συγγνω-

416 1313 618 1381 Δμονῶν
641 1309 803 1380 δῆθεν
831 1310 914 1361 ὃτι
941 1308 1029 1361 διὰ
1064 1308 1273 1360 ἔκδειαν
1297 1309 1407 1359 τῶν
1440 1307 1761 1376 ἀναγκαίων
1792 1307 2019 1361 ἐνεωτέ-

434 1415 620 1470 ρισαν,
670 1400 766 1451 καὶ
824 1396 992 1466 μηδὲν
1042 1394 1381 1450 ὑποπτεῦσαι
1445 1396 1536 1448 διὰ
1608 1395 1767 1448 τοῦτο
1823 1394 2015 1460 ἀξιῶν,

429 1492 677 1546 επαινῶν
709 1489 767 1541 δὲ
813 1489 908 1541 καὶ
938 1489 1067 1551 τοὺς
1099 1487 1197 1556 τὴν
1226 1487 1402 1559 ἀρχὴν
1449 1488 1631 1540 αὐτῶν
1681 1486 2018 1557 ἀναδεξαμέ-

430 1601 587 1648 νους,
629 1581 716 1634 ἶνα
744 1580 910 1652 μηδὲν
962 1578 1202 1649 δεινδνῆ
1256 1581 1503 1635 πάθωσιν
1549 1580 1583 1649 ἢ
1631 1579 1875 1649 δράσωσι
1927 1579 2018 1632 διὰ

432 1675 729 1747 ἀναρχίαν.
779 1670 1017 1726 Τοιαῦτα
1066 1671 1160 1725 τοῦ
1212 1672 1515 1735 Σκιπίωνος
1569 1670 1909 1744 γράψαντος,
1966 1672 2016 1725 οί

2120 487 2506 556 promptiores,
2544 487 2723 542 socias
2755 487 3005 543 civitates
3056 489 3370 545 amiserunt
3404 508 3419 544 :
3462 502 3518 546 et
3544 493 3700 563 Mago

2116 577 2295 633 Gades
2318 579 2540 649 jamjam
2575 579 2894 645 relicturus,
2945 596 3122 655 neque
3154 582 3405 651 reliquit,
3438 591 3495 636 et
3528 586 3704 638 medi-

2120 672 2388 726 terraneis
2418 671 2650 726 multum
2706 672 3022 727 detrimenti
3080 673 3286 728 attulit.
3343 672 3465 740 Quo
3517 674 3702 743 Scipio

2118 763 2424 828 intellecto,
2470 762 2739 817 exercitui
2778 779 2875 832 per
2908 763 3124 819 litteras
3152 766 3371 819 veniam
3422 766 3699 835 promisit,

2119 853 2267 923 quod
2307 868 2493 907 rerum
2562 855 2991 909 neCessariarum
3024 856 3256 925 penuria
3288 860 3485 919 coacti,
3534 860 3702 915 rebus

2106 945 2295 999 novis
2322 943 2670 998 studuissent
2697 959 2712 997 :
2747 954 2960 1013 petens,
2999 961 3067 1000 ne
3100 945 3234 1015 quid
3263 962 3328 1000 ex
3361 962 3429 1003 eo
3454 950 3581 1003 mali
3608 966 3702 1004 su-

2110 1038 2506 1106 spicarentur:
2542 1036 2867 1091 collaudatis
2924 1036 2993 1092 iis
3059 1039 3155 1108 qui
3196 1040 3576 1110 magistratum
3597 1056 3697 1096 eo-

2112 1145 2239 1185 rum
2271 1131 2596 1200 gessissent,
2635 1145 2705 1185 ne
2736 1130 2855 1184 sine
2888 1131 3123 1200 imperio
3152 1133 3379 1202 gravius
3393 1132 3601 1203 aliquid
3618 1135 3703 1188 vel

2104 1221 2496 1290 designarent,
2526 1222 2613 1276 vel
2645 1231 3088 1292 perpeterentur.
3120 1224 3251 1279 Post
3295 1228 3393 1278 has
3421 1226 3702 1295 Scipionis

2119 1315 2361 1379 litteras,
2395 1315 2516 1387 ejus
2564 1315 2948 1369 incolumitate
2978 1325 3034 1370 et
3062 1317 3432 1385 placabilitate
3461 1320 3699 1388 cuguita,

2117 1407 2258 1461 nihil
2286 1408 2522 1476 amplius
2543 1419 2980 1463 commoverunt.
3007 1409 3108 1464 Ubi
3137 1425 3267 1464 vero
3297 1411 3598 1475 convaluit,
3630 1426 3701 1464 ne

2118 1509 2234 1555 tum
2265 1500 2429 1572 435
2459 1500 2685 1571 quidem
2732 1501 2987 1571 asperius
3037 1502 3119 1557 eis
3160 1510 3246 1557 est
3276 1502 3645 1557 comminatus
3682 1518 3700 1557 ι

2115 1591 2507 1662 frumentoque
2552 1592 2847 1661 promisso,
2884 1607 3077 1647 omnes
3106 1592 3173 1646 ad
3203 1608 3262 1647 se
3288 1593 3477 1648 venire
3509 1593 3698 1664 jussit,

2110 1685 2235 1740 sive
2260 1684 2506 1754 singulos
2530 1699 2630 1755 per
2654 1683 2824 1745 vices.
2845 1684 2959 1739 sive
2984 1685 3275 1740 universos
3301 1686 3484 1745 simul,
3512 1694 3698 1739 utrum

433 1764 773 1835 στρατιῶται
806 1763 1069 1833 μαθόντες
1101 1764 1183 1815 ὅτι
1215 1763 1433 1833 περιείη
1475 1763 1571 1815 καὶ
1606 1763 1712 1816 οὐδ’
1745 1763 2018 1834 ὀργίζοιτο

2125 1777 2222 1847 ipsi
2254 1776 2505 1831 mallent.
2532 1754 2737 1832 Milites
2772 1793 2905 1832 vero
2932 1777 3246 1848 singulatim
3279 1792 3337 1832 se
3371 1779 3421 1832 ei
3464 1778 3694 1833 credere

432 1861 645 1929 σφίσιν,
695 1859 847 1912 οὐδὲν
898 1857 979 1911 ἐτι
1025 1857 1364 1927 διεκίνησαν.
1438 1856 1528 1920 Ὠς
1581 1856 1629 1910 δ’
1671 1856 2013 1927 άνεῤῥώσθη,

431 1954 612 2024 τραχὺ
670 1952 767 2022 μὲν
804 1949 922 2003 οὐδὲ
977 1949 1324 2013 τότε;αύτοῖς
1361 1949 1732 2021 ἐπηπείλησε·
1792 1948 2016 2020 πέμψας

432 2046 494 2098 δὲ
521 2046 623 2114 τήν
649 2061 709 2096 τε
736 2043 945 2114 τροφὴν
974 2043 1284 2098 ἀποδώσειν
1318 2043 1611 2113 ὑπέσχετο.
1649 2043 1758 2095 Καὶ
1808 2044 2016 2105 πάντας

436 2132 581 2202 πρξς
604 2130 769 2185 αὐτὸν
799 2131 1094 2201 ἀφικέσθαι
1127 2131 1391 2185 ἐκάλεσεν
1416 2132 1493 2195 ὡς
1524 2130 1591 2185 ἂν
1623 2131 1953 2202 βούλωνται,
1981 2132 2014 2204 ἢ

435 2225 631 2295 ἁθρόοι
657 2224 689 2294 ἦ
728 2227 786 2277 ἐν
818 2225 978 2296 μέρει
1004 2225 1149 2278 κατὰ
1173 2224 1443 2295 διαδοχάς.
1467 2225 1533 2278 Ol
1560 2223 1618 2278 δέ
1655 2240 1720 2293 γε
1751 2225 2020 2296 στρατιῶ-

433 2340 529 2375 ται
579 2322 703 2375 κατ’
731 2322 947 2390 ὀλίγους
1004 2321 1260 2375 ἀπελθεῖν
1315 2322 1418 2374 οὐκ
1473 2322 1823 2392 ἐθάρσησαν,
1879 2321 2015 2392 ὁμοῦ

431 2415 483 2468 δ’
516 2414 781 2485 ἀπῆλθον.
826 2413 936 2468 Καὶ
984 2415 1013 2468 ὁ
1038 2415 1283 2468 Σκιπίων
1326 2414 1431 2482 ἔξω
1453 2414 1549 2468 τοῦ
1572 2415 1788 2486 τείχους
1823 2416 2019 2479 αὐτοὺς

436 2508 769 2567 αὐλίσασθαι
816 2510 979 2580 (πρὸς
1023 2507 1265 2578 ἑσπέραν
1292 2507 1399 2578 γὰρ
1450 2503 1536 2580 ἦν)
1587 2508 1892 2572 διετάξατο,
1925 2510 2020 2561 καὶ

440 2603 720 2671 παρέσχεν
753 2602 935 2665 αὐτοῖς
961 2601 1211 2670 ἀφθόνως
1245 2602 1314 2654 τὰ
1354 2602 1656 2673 ἐπιτήδεια.
1702 2603 1812 2654 Καὶ
1837 2603 1887 2654 oi
1919 2603 2020 2672 μὲν

440 2695 966 2767 ἐστρατοπεδεύοντο
991 2712 1005 2727 ’
1040 2695 1202 2759 αὐτὸς
1235 2695 1293 2750 δὲ
1347 2697 1476 2759 τοὺς
1508 2695 1886 2767 θρασυτέρους
1923 2699 2022 2751 αύ-

432 2791 557 2844 τῶν
599 2793 678 2853 είς
722 2791 820 2860 τὴν
862 2790 1019 2843 πόλιν
1062 2789 1325 2842 εἰσελθεῖν
1370 2789 1765 2855 κατεσκεύασε,
1797 2792 1893 2842 καὶ
1924 2792 2020 2860 τῆς

440 2883 640 2947 νυκτὸς
675 2883 874 2946 αὐτοὺς
904 2882 1195 2954 κατασχὼν
1222 2883 1401 2952 ἔδησε.
1440 2884 1593 2953 "Apta
1640 2883 1683 2936 δ’
1710 2884 1914 2953 ἡμέρα,
1947 2883 2021 2946 ὼς

442 2977 555 3044 ἔξω
614 2992 720 3030 που
776 2976 1144 3046 στρατεύσων,
1195 2977 1375 3030 πάντα
1427 2976 1518 3030 τὸν
1568 2975 1734 3030 αὑτοῦ
1794 2977 2023 3049 στρατὸν

442 3070 887 3140 προεξέπεμψεν.
939 3065 1071 3122 Εἶτα
1116 3070 1241 3132 τοὺς
1283 3069 1407 3140 ἄρτι
1450 3069 1709 3132 ἐλθόντας
1760 3070 1892 3121 εἴσω
1928 3068 2022 3121 τοῦ

440 3164 664 3233 τείχους
694 3165 823 3218 ἄνευ
857 3164 969 3216 τῶν
996 3162 1177 3217 ὃπλων
1202 3163 1491 3228 ἐκάλεσεν,
1514 3162 1581 3214 ἵν’
1611 3163 1757 3231 σὺτῷ
1790 3180 2024 3232 συστρα-

408 3274 409 3279 η
441 3255 771 3318 τεύσωνται,
793 3253 1051 3317 λαϐόντες
1078 3252 1138 3303 τὸ
1166 3253 1492 3324 σιτηρέσιον.
1517 3255 1625 3306 Καὶ
1651 3252 1826 3316 οὕτως
1851 3254 2021 3305 alae).-

444 3346 649 3400 θόντων
672 3346 874 3410 αὐτῶν,
924 3347 1166 3416 ἐσήμηνε
1220 3347 1331 3407 τοῖς
1360 3345 1805 3416 ἐκκεχωρηκόσιν
1837 3343 2024 3413 ὥσπερ

443 3433 596 3507 εἶχον
630 3436 969 3489 ἐπανελθεῖν.
1001 3436 1109 3487 Ka':
1155 3432 1432 3505 1:29:6de
1464 3435 1683 3499 αὐτοὺς,
1723 3433 1896 3485 πολλὰ
1930 3434 2026 3486 καὶ

414 3558 417 3561 ν
444 3531 692 3584 ὠνείδισε
718 3533 812 3582 καὶ
838 3529 1123 3600 ἠπείλησε.
1148 3529 1254 3580 Καὶ
1280 3532 1449 3593 τέλος,
1484 3527 1712 3592 Πάντες
1735 3526 1875 3594 μὲν,
1895 3528 2025 3594 ἔφη,

447 3623 656 3680 θανεῖν
699 3623 841 3675 ἐστε
868 3620 1047 3685 ἀξιοι,
1078 3622 1149 3674 οὐ
1174 3619 1380 3689 μέντοι
1428 3618 1659 3685 πάντας
1702 3617 2028 3675 θανοτώσω

446 3719 658 3783 αὐτὸς,
713 3717 851 3772 ἀλλ’
880 3716 1125 3785 ὀλίγους
1180 3712 1289 3780 οὓς
1338 3713 1436 3767 καὶ
1491 3711 1608 3781 ἤδη
1661 3713 2026 3778 συνείληφα,

446 3807 769 3874 δικαιώσω,
806 3805 954 3871 ,τοὺς
982 3804 1052 3858 δὲ
1104 3804 1337 3870 ἄλλους
1363 3803 1599 3871 ἀφίημι.
1634 3800 1820 3854 Ταῦτα
1859 3796 2030 3851 εἰπὼν

450 3905 534 3967 είς
564 3905 624 3956 το
656 3905 821 3971 μέσον
845 3904 971 3961 τοὺς
1012 3898 1329 3965 δεδεμένους
1361 3896 1677 3965 παρήγαγε,
1730 3896 1826 3946 καὶ
1860 3909 2030 3945 σταυ-

455 4000 572 4069 ροῖς
605 3994 922 4067 προσδήσας
963 3993 1058 4045 καὶ
1088 3989 1443 4059 αίκισάμενος
1467 3987 1813 4041 ἀπέκτεινεν.
1856 3984 1947 4048 Ὠς
1974 3986 2032 4040 δέ

453 4105 602 4152 τινες
635 4087 744 4140 τῶν
779 4083 1206 4155 παρεστηκότων
1235 4081 1721 4153 ἀγανακτήσαντες
1756 4077 2030 4149 ἐθορύϐη-

412 4198 417 4205 ι
450 4195 584 4243 σαν,
616 4175 843 4246 συχνοὶ),
870 4191 963 4226 και
996 4173 1226 4226 ἐκείνων
1260 4170 1511 4224 ἐκόλασε.
1543 4172 1653 4224 Καὶ
1694 4171 1836 4239 μετὰ
1875 4168 2034 4223 τοῦτο

412 4310 417 4317 .
452 4274 559 4340 τὴν
584 4265 932 4340 μισθοφοράν
962 4268 1075 4328 τοῖς
1115 4264 1299 4327 ἄλλοις
1345 4262 1490 4328 δοὺς,
1548 4263 1642 4315 ἐπὶ
1681 4263 1776 4316 τὸν
1831 4261 2035 4315 Ἰνδίϐι-

408 4402 411 4403 ν
444 4362 694 4433 liv-(39)
726 4362 822 4414 καὶ
849 4362 941 4413 ἰπὶ
968 4359 1062 4412 τὸν
1083 4355 1385 4412 Μανδόνιον
1414 4357 1768 4426 ἐστράτευσε.
1799 4354 1911 4408 Καὶ
1958 4353 2034 4426 μὴ

2120 1885 2230 1923 non
2262 1869 2404 1933 ausi,
2433 1883 2626 1923 omnes
2657 1884 2764 1923 una
2786 1879 3079 1925 venerunt.
3107 1868 3257 1937 Quos
3284 1869 3469 1939 Scipio
3492 1870 3700 1939 (serum

2120 1963 2268 2016 enim
2298 1961 2444 2033 erat)
2481 1972 2636 2017 extra
2667 1963 2871 2018 moenia
2912 1977 3136 2017 manere
3166 1961 3352 2033 jussit,
3387 1968 3702 2016 commeatu

2120 2053 2343 2109 abunde
2378 2053 2731 2124 suppeditato
2778 2070 2793 2106 :
2824 2056 3170 2124 curavitque,
3198 2063 3259 2107 ut
3287 2068 3482 2108 eorum
3530 2050 3704 2106 auda-

2121 2148 2328 2204 cissimi
2375 2149 2433 2203 in
2466 2148 2661 2203 urbem
2705 2147 2982 2213 venirent,
3013 2163 3216 2218 eosque
3252 2157 3418 2200 noctu
3450 2159 3703 2214 compre-

2121 2239 2542 2296 hensosvinxit.
2570 2239 2680 2295 Ubi
2714 2240 2937 2303 diluxit,
2984 2255 3203 2295 omnem
3230 2240 3554 2303 exercitum,
3585 2247 3704 2291 tan-

2122 2348 2288 2404 quam
2323 2332 2674 2403 expeditione
2707 2332 2984 2395 instituta.
3017 2332 3305 2403 przemisit.
3343 2330 3550 2386 Deinde
3595 2329 3703 2384 mi-

2120 2426 2268 2489 lites,
2298 2426 2392 2496 qui
2431 2440 2623 2480 recens
2649 2434 2937 2490 venerant,
2975 2426 3217 2479 inermes
3238 2424 3292 2477 in
3318 2423 3512 2477 urbem
3542 2421 3610 2475 ad
3642 2435 3702 2474 se

2122 2518 2455 2585 vocavit,.ut
2478 2516 2720 2588 acceptis
2753 2516 3044 2587 stipendiis
3080 2533 3186 2571 una
3220 2517 3541 2570 militarent.
3569 2512 3704 2580 Qui-

2127 2610 2235 2665 bus
2295 2610 2367 2663 ita
2408 2610 2697 2680 ingressis,
2742 2609 2811 2664 iis
2853 2609 2946 2679 qui
2980 2609 3231 2664 exierant
3258 2607 3607 2677 signiﬁcavit,
3639 2613 3706 2659 ut

2124 2702 2387 2772 evestigio
2412 2701 2674 2756 redirent.
2700 2701 2779 2755 Ita
2801 2700 3079 2755 seditiosis
3097 2701 3508 2763 circumventis,
3535 2698 3705 2753 multa

2127 2794 2502 2862 eXprobravit,
2530 2793 2698 2846 multa
2721 2793 2962 2847 minatus
2981 2802 3087 2846 est.
3117 2793 3361 2861 Denique
3385 2792 3523 2846 dixit
3549 2807 3564 2844 :
3597 2789 3704 2846 Eos

2129 2902 2307 2938 onmes
2342 2887 2557 2938 exitium
2593 2899 2701 2938 csse
2738 2886 2948 2937 meritos
2985 2899 3004 2937 :
3039 2884 3131 2937 sed
3158 2899 3214 2936 se
3243 2886 3305 2936 de
3340 2885 3524 2954 paucis
3573 2883 3709 2936 dun-

2131 2985 2302 3043 taxat,
2336 2993 2464 3048 quos
2481 2977 2601 3045 jam
2631 2976 3120 3045 comprehendisset,
3145 2992 3321 3043 poenas
3352 2984 3705 3042 sumpturum,

2050 3105 2093 3161 ϐ
2134 3066 2388 3121 absolutis
2420 3064 2823 3136 reliquisyllwc
2851 3064 3089 3127 locutus,
3132 3064 3347 3118 vinctos
3371 3064 3425 3117 in
3450 3064 3701 3118 medium

2129 3160 2423 3231 produxit:
2462 3169 2518 3212 et
2540 3157 2681 3229 palis
2710 3156 2980 3225 alligatos,
3014 3171 3110 3224 pcr
3131 3157 3435 3210 cruciatum
3468 3155 3702 3209 necarit.

2130 3255 2195 3310 Ut
2230 3268 2361 3307 vero
2392 3251 2614 3322 quidam
2645 3266 2713 3305 ex
2742 3248 3049 3303 astantibus
3098 3247 3367 3317 indignati
3402 3260 3467 3300 ac
3508 3247 3710 3299 tumul-

2130 3344 2266 3397 tuati
2291 3352 2441 3408 sunt,
2473 3355 2669 3397 eorum
2709 3355 2928 3410 quoque
2953 3340 3264 3409 complures
3304 3337 3590 3407 suppliciis
3622 3336 3705 3389 af-

2127 3437 2276 3492 fecit.
2323 3434 2520 3489 Postea
2558 3432 2833 3502 stipendio
2868 3431 3096 3501 reliquis
3145 3429 3293 3492 dato,
3335 3444 3525 3484 contra
3560 3428 3710 3482 lndi—

2132 3530 2280 3583 bilim
2305 3535 2361 3582 et
2380 3525 2733 3580 Mandonium
2765 3534 2852 3579 est
2884 3524 3200 3593 proiectus:
3231 3537 3441 3591 eosque
3470 3537 3708 3592 pugnam

2132 3620 2509 3677 detrectantes
2554 3633 2868 3689 aggressus,
2904 3616 3209 3687 superavit.
3249 3615 3350 3682 Qui
3384 3630 3508 3669 cum
3558 3613 3713 3667 dedi-

2133 3712 2340 3768 tionem
2371 3711 2655 3774 fecissent,
2691 3710 2867 3779 major
2887 3706 3162 3778 llispania:
3192 3721 3321 3776 pars
3345 3715 3430 3760 est
3456 3704 3706 3769 subacta,

2132 3812 2187 3858 ct
2216 3803 2368 3873 Mago
2390 3801 2634 3858 Gadibus
2667 3800 2947 3865 discessit,
2973 3811 3030 3855 et
3047 3799 3331 3855 Masinissa
3357 3813 3485 3852 cum
3513 3797 3712 3850 Roma-

2131 3896 2218 3950 nis
2245 3910 2302 3949 se
2324 3893 2631 3965 conjunxit.
2662 3892 2795 3947 Nam
2838 3891 3318 3963 Carthaginienses
3349 3898 3472 3960 post
3503 3888 3578 3943 As
3601 3893 3713 3942 tru-

2134 3989 2273 4043 balis
2325 3987 2512 4042 fratris
2559 3974 2859 4042 Annibalis
2894 3984 3127 4051 caedem,
3194 3983 3512 4054 Hispaniam
3556 3981 3713 4037 dese-

2137 4080 2358 4135 rendam
2392 4094 2515 4134 esse
2567 4078 2959 4141 decreverunt,
3005 4086 3061 4132 et
3112 4075 3323 4132 Italiam
3376 4089 3713 4144 recuperan-

2136 4170 2261 4226 dam
2291 4188 2307 4225 :
2350 4169 2565 4241 Magoni
2597 4170 2834 4241 pecunia
2865 4170 3053 4236 missa,
3089 4177 3150 4224 ut
3174 4168 3460 4223 conductis
3490 4169 3711 4222 auxiliis

2135 4280 2254 4320 eam
2298 4263 2608 4319 invaderet.
2650 4262 2701 4318 ls
2758 4262 2925 4333 igitur
2977 4262 3034 4316 itt
3090 4260 3296 4316 Italiam
3354 4260 3605 4323 tendens,
3643 4261 3710 4313 ad

2136 4356 2459 4427 Gymnesias
2510 4355 2722 4409 insulas
2752 4353 2904 4409 venit
2935 4369 2950 4407 :
2983 4368 3047 4409 ac
3078 4354 3134 4408 in
3190 4354 3382 4423 majori
3436 4353 3714 4423 appellere

458 4453 792 4525 τολμώντων
843 4451 1067 4505 ἐκείνων
1098 4448 1366 4520 συμμίξαι
1394 4448 1564 4519 αὐτῷ,
1593 4449 1755 4512 αὐτὸς
1807 4448 2024 4501 ἐπέθετι

2143 4464 2254 4504 non
2295 4447 2496 4519 potuit,
2529 4446 2677 4517 quod
2713 4446 3007 4512 insulares,
3038 4444 3344 4500 funditores
3375 4447 3719 4499 exercitatis-

416 4574 417 4577 η
461 4547 561 4600 καὶ
592 4542 868 4612 ἐνίκησεν.
910 4538 1401 4611 ὐμολογησάντων
1433 4537 1478 4590 δ’
1510 4538 1759 4604 ἐκείνων,
1807 4540 1903 4591 καὶ
1940 4540 2041 4609 τῆς

446 4638 634 4708 ’ἄλλης
672 4633 913 4707 Ἰϐηρίας
968 4635 1040 4687 τά
1094 4631 1268 4686 πλείω
1319 4628 1477 4696 αὖθις
1523 4630 1816 4702 ἐδουλώθη,
1869 4631 1963 4684 καὶ
2013 4631 2043 4684 δ

422 4756 439 4769 ·ι
466 4734 681 4800 Μάγων
706 4732 778 4785 τά
803 4728 1038 4795 Γάδειρα
1067 4726 1305 4793 ἐξέλιπε,
1333 4726 1429 4779 καὶ
1475 4726 1505 4778 ὁ
1554 4724 1900 4786 Μασινίσσας
1929 4725 2042 4786 τοῖς

478 4822 772 4895 Ῥωμαίοις
796 4816 1240 4891 προσεχώρησεν
1260 4817 1309 4869 ot
1332 4816 1689 4885 Καρχηδόνιοι
1711 4816 1842 4885 γὰρ,
1861 4813 2044 4867 τελευ-

456 4919 735 4990 τήσαντος
779 4912 1076 4982 ’Δσδρούϐα
1126 4908 1219 4962 τοῦ
1263 4907 1508 4963 Ἀννίϐου
1554 4907 1873 4979 ὁμαίμονος,
1905 4907 2042 4977 ἐψη-

472 5011 703 5081 φίσαντο
750 5006 850 5077 μὲν
897 5006 998 5076 τῆς
1040 5003 1281 5072 Ἰϐηρίας
1316 4999 1598 5069 ἐκστῆναι,
1643 5001 1713 5054 τά
1765 5000 1821 5052 δὲ
1861 5002 1919 5052 ὲν
1971 5003 2039 5070 τῇ

485 5104 685 5175 Ἰταλίᾳ
734 5096 1169 5170 ἀνακτήσασθαι.
1219 5096 1329 5149 Καὶ
1374 5093 1625 5163 ἔπεμψαν
1671 5091 1937 5164 ἀργύριον
1965 5094 2044 5163 τῷ

454 5198 725 5265 ὶίάγωνι,
784 5194 851 5247 ἶν’
896 5189 1251 5261 ἐπικουρικὸν
1328 5185 1586 5257 ἀθροίσας
1644 5184 2044 5256 στρατεύσηται

2142 4540 2292 4607 simi,
2323 4542 2539 4595 eminus
2565 4538 2776 4609 lapides
2805 4539 2861 4592 in
2891 4552 3060 4592 naves
3083 4537 3469 4608 jaculabantur
3494 4553 3509 4591 :
3542 4537 3638 4591 sed
3662 4538 3716 4590 in

2141 4633 2342 4688 minori
2374 4633 2707 4687 hibernavit.
2764 4630 2960 4686 Insula:
2996 4646 3129 4685 vero
3163 4630 3246 4684 hac
3271 4629 3574 4684 continenti
3599 4645 3721 4682 ver-

2138 4742 2234 4786 sus
2264 4728 2480 4782 lbertun
2535 4726 2850 4791 imminent,
2903 4734 2960 4779 et
3013 4739 3044 4779 a
3089 4722 3294 4779 (Σταθεὶς
3347 4723 3720 4790 Romanisque

2142 4820 2435 4893 Gymnesia
2480 4819 2851 4874 communiter
2896 4816 3268 4888 appellantur.
3302 4816 3531 4886 Hispani
3581 4830 3719 4869 vero

2148 4900 2401 4971 valerios
2429 4922 2485 4967 et
2527 4911 2853 4985 Hyassusas,
2909 4920 2966 4965 et
3018 4910 3285 4980 peculiari
3314 4923 3589 4979 quamque
3622 4923 3721 4961 no-

2154 5007 2326 5070 mine,
2356 5016 2524 5059 unam
2570 5003 2833 5068 Ebesum,
2870 5004 3100 5057 alteram
3132 5000 3466 5071 Majoricatn,
3505 5000 3721 5054 tcrtia’m

2153 5097 2474 5153 Minoricam
2507 5095 2816 5152 rectiSsime
2844 5094 3153 5150 nominant.
3187 5093 3423 5148 Romani
3460 5106 3590 5147 vero
3620 5091 3725 5147 Ga-

2156 5190 2255 5245 des
2276 5199 2641 5261 occuparunt.

473 5294 561 5349 ἐπ’
592 5295 782 5363 αὑτήν.
825 5292 928 5345 Ka‘t
955 5290 1012 5353 ὃς
1044 5287 1180 5359 πρὸς
1209 5285 1307 5357 τὴν
1348 5283 1576 5338 Ἰταλίαν
1605 5281 1760 5347 αὖθις
1788 5285 2035 5356 ὁρμήσας
2077 5286 2308 5356 ἀφίκετο
2373 5287 2509 5358 πρὸς
2543 5285 2642 5349 τὰς
2676 5282 2994 5356 Γυμνησίας
3049 5285 3280 5361 νήσους.⁸
3303 5282 3416 5335 Kal.
3482 5281 3579 5350 τῆς
3627 5279 3725 5349 μὲν

477 5390 720 5464 μείζονος
766 5388 1002 5458 ἥμαρτε,
1058 5384 1133 5453 μὴ
1173 5380 1420 5451 δυνηθεὶς
1469 5381 1548 5440 είς
1596 5378 1766 5448 αὐτὴν
1837 5379 2078 5447 κατᾶραι
2121 5380 2191 5439 (οἱ
2237 5379 2347 5451 γὰρ
2402 5379 2688 5451 ἐπιχώριοι
2721 5375 3008 5451 πόρρωθεν
3057 5379 3114 5440 ἐς
3177 5377 3277 5439 τὰς
3310 5373 3444 5435 ναῦς
3478 5372 3728 5440 ἐσφενδό-

489 5508 608 5552 κων,
640 5490 921 5551 κράτιστοι
950 5487 1111 5538 τοῦτο
1143 5484 1314 5536 ποιεῖν
1362 5480 1562 5547 ὄντες),
1640 5480 1720 5542 εις
1769 5478 1826 5531 δὲ
1899 5480 2000 5547 τὴν
2067 5477 2402 5547 μικροτέραν
2459 5478 2997 5551 προσορμισάμενος,
3038 5473 3154 5527 ἐκεῖ
3195 5470 3283 5524 διὰ
3340 5467 3432 5521 τὸν
3484 5464 3728 5539 χειμῶνα

1671 5621 1876 5683 Vurim
1915 5619 2231 5681 lectiones
2279 5626 2340 5680 et
2385 5626 2578 5682 nom.

492 5788 495 5795 ι
548 5755 660 5827 (59»
698 5755 807 5809 Τὸν
868 5753 1191 5808 Ἰνδίσιλιν.
1246 5752 1323 5807 lta
1369 5750 1545 5816 Livio,
1569 5765 1732 5822 quem
1765 5747 2022 5803 ’Λνδοϐάλ

2125 5746 2384 5819 ’olyhius.
