  <div class='ocr_page' id='page_1' title='image "/cluster/home/n/w/nwhite01/storage/ocr_20150623/134/hvd.32044073502510/379.png"; bbox 0 0 3902 6202; ppageno 0'>
   <div class='ocr_carea' id='block_1_1' title="bbox 445 275 552 337">
    <p class='ocr_par' dir='ltr' id='par_1_1' title="bbox 445 275 552 337">
     <span class='ocr_line' id='line_1_1' title="bbox 445 275 552 337; baseline -0.028 -3"><span class='ocrx_word' id='word_1_1' title='bbox 445 275 552 337; x_wconf 59' lang='grc'><strong>743</strong></span> 
     </span>
    </p>
   </div>
   <div class='ocr_carea' id='block_1_2' title="bbox 1717 230 2039 333">
    <p class='ocr_par' dir='ltr' id='par_1_2' title="bbox 1717 258 2039 327">
     <span class='ocr_line' id='line_1_2' title="bbox 1717 258 2039 327; baseline 0.016 -6"><span class='ocrx_word' id='word_1_2' title='bbox 1717 258 2039 327; x_wconf 79' lang='lat' dir='ltr'><strong>JOANNIS</strong></span> 
     </span>
    </p>
   </div>
   <div class='ocr_carea' id='block_1_3' title="bbox 2141 230 3612 333">
    <p class='ocr_par' dir='ltr' id='par_1_3' title="bbox 2141 230 3612 333">
     <span class='ocr_line' id='line_1_3' title="bbox 2141 230 3612 333; baseline -0.005 -12"><span class='ocrx_word' id='word_1_3' title='bbox 2141 259 2421 322; x_wconf 62' lang='lat' dir='ltr'><strong>ONARE</strong></span> <span class='ocrx_word' id='word_1_4' title='bbox 3130 230 3131 233; x_wconf 9' lang='grc' dir='ltr'><strong>η</strong></span> <span class='ocrx_word' id='word_1_5' title='bbox 3522 269 3612 333; x_wconf 60' lang='grc' dir='ltr'>τίς</span> 
     </span>
    </p>
   </div>
   <div class='ocr_carea' id='block_1_4' title="bbox 442 370 3624 452">
    <p class='ocr_par' dir='ltr' id='par_1_4' title="bbox 442 370 3624 452">
     <span class='ocr_line' id='line_1_4' title="bbox 442 370 3624 452; baseline -0.003 -16"><span class='ocrx_word' id='word_1_6' title='bbox 442 383 786 452; x_wconf 67' lang='grc' dir='ltr'>κατέμεινεν.</span> <span class='ocrx_word' id='word_1_7' title='bbox 824 380 887 433; x_wconf 86' lang='lat' dir='ltr'><strong>Ai</strong></span> <span class='ocrx_word' id='word_1_8' title='bbox 931 376 1089 448; x_wconf 73' lang='grc' dir='ltr'>νῆσοι</span> <span class='ocrx_word' id='word_1_9' title='bbox 1136 375 1182 430; x_wconf 82' lang='grc' dir='ltr'>δ’</span> <span class='ocrx_word' id='word_1_10' title='bbox 1219 370 1378 431; x_wconf 71' lang='grc' dir='ltr'>αὗται</span> <span class='ocrx_word' id='word_1_11' title='bbox 1412 373 1477 445; x_wconf 74' lang='grc' dir='ltr'>τῇ</span> <span class='ocrx_word' id='word_1_12' title='bbox 1513 372 1642 444; x_wconf 77' lang='grc' dir='ltr'>περὶ</span> <span class='ocrx_word' id='word_1_13' title='bbox 1690 375 1784 428; x_wconf 79' lang='grc' dir='ltr'>τὸν</span> <span class='ocrx_word' id='word_1_14' title='bbox 1852 374 2050 446; x_wconf 75' lang='grc' dir='ltr'>Ἴϐηρα</span> <span class='ocrx_word' id='word_1_15' title='bbox 2089 375 2304 447; x_wconf 72' lang='grc' dir='ltr'>ἠπείρῳ</span> <span class='ocrx_word' id='word_1_16' title='bbox 2339 374 2665 427; x_wconf 72' lang='grc' dir='ltr'><strong>ἐπίκεινται.</strong></span> <span class='ocrx_word' id='word_1_17' title='bbox 2708 371 2829 425; x_wconf 73' lang='grc' dir='ltr'><strong>Εἰσὶ</strong></span> <span class='ocrx_word' id='word_1_18' title='bbox 2856 442 2865 449; x_wconf 37' lang='grc'><strong>,</strong></span> <span class='ocrx_word' id='word_1_19' title='bbox 2895 371 2952 424; x_wconf 76' lang='grc' dir='ltr'><strong>δι</strong></span> <span class='ocrx_word' id='word_1_20' title='bbox 2985 375 3146 444; x_wconf 78' lang='grc' dir='ltr'>τρεῖς,</span> <span class='ocrx_word' id='word_1_21' title='bbox 3184 375 3244 438; x_wconf 73' lang='grc' dir='ltr'>ἃς</span> <span class='ocrx_word' id='word_1_22' title='bbox 3270 376 3501 449; x_wconf 82' lang='grc' dir='ltr'>Ἕλληνες</span> <span class='ocrx_word' id='word_1_23' title='bbox 3542 386 3624 452; x_wconf 65' lang='grc' dir='ltr'><strong>μιν</strong></span> 
     </span>
    </p>
   </div>
   <div class='ocr_carea' id='block_1_5' title="bbox 442 466 3627 550">
    <p class='ocr_par' dir='ltr' id='par_1_5' title="bbox 442 466 3627 550">
     <span class='ocr_line' id='line_1_5' title="bbox 442 466 3627 550; baseline -0.002 -21"><span class='ocrx_word' id='word_1_24' title='bbox 442 494 532 529; x_wconf 85' lang='grc' dir='ltr'><strong>κα.</strong></span> <span class='ocrx_word' id='word_1_25' title='bbox 564 475 824 544; x_wconf 81' lang='grc' dir='ltr'>Ῥωμαῖοι</span> <span class='ocrx_word' id='word_1_26' title='bbox 850 476 1000 543; x_wconf 80' lang='grc' dir='ltr'>κοινῇ</span> <span class='ocrx_word' id='word_1_27' title='bbox 1032 473 1343 543; x_wconf 78' lang='grc' dir='ltr'>Γυμνησέας</span> <span class='ocrx_word' id='word_1_28' title='bbox 1377 469 1660 533; x_wconf 75' lang='grc' dir='ltr'>καλοῦσιν,</span> <span class='ocrx_word' id='word_1_29' title='bbox 1717 469 2022 541; x_wconf 75' lang='grc' dir='ltr'><strong>Οὐαλερίας</strong></span> <span class='ocrx_word' id='word_1_30' title='bbox 2059 470 2117 525; x_wconf 78' lang='grc' dir='ltr'>δὲ</span> <span class='ocrx_word' id='word_1_31' title='bbox 2176 472 2268 524; x_wconf 67' lang='grc' dir='ltr'>καὶ</span> <span class='ocrx_word' id='word_1_32' title='bbox 2328 466 2670 532; x_wconf 79' lang='grc' dir='ltr'>’Υασσούσας</span> <span class='ocrx_word' id='word_1_33' title='bbox 2739 470 2789 522; x_wconf 89' lang='grc' dir='ltr'><strong>οί</strong></span> <span class='ocrx_word' id='word_1_34' title='bbox 2827 469 3065 539; x_wconf 82' lang='grc' dir='ltr'>Ἴϐηρες,</span> <span class='ocrx_word' id='word_1_35' title='bbox 3094 471 3195 540; x_wconf 70' lang='grc' dir='ltr'>ίδίᾳ</span> <span class='ocrx_word' id='word_1_36' title='bbox 3234 471 3275 523; x_wconf 78' lang='grc' dir='ltr'>δ’</span> <span class='ocrx_word' id='word_1_37' title='bbox 3301 472 3527 545; x_wconf 67' lang='grc' dir='ltr'>ἑκάστην,</span> <span class='ocrx_word' id='word_1_38' title='bbox 3549 480 3627 550; x_wconf 67' lang='grc' dir='ltr'><strong>τὴν</strong></span> 
     </span>
    </p>
   </div>
   <div class='ocr_carea' id='block_1_6' title="bbox 447 559 3629 641">
    <p class='ocr_par' dir='ltr' id='par_1_6' title="bbox 447 559 3629 641">
     <span class='ocr_line' id='line_1_6' title="bbox 447 559 3629 641; baseline -0.003 -22"><span class='ocrx_word' id='word_1_39' title='bbox 447 566 545 635; x_wconf 79' lang='grc' dir='ltr'>μὲν</span> <span class='ocrx_word' id='word_1_40' title='bbox 580 562 830 628; x_wconf 82' lang='grc' dir='ltr'>Ἐϐεσον,</span> <span class='ocrx_word' id='word_1_41' title='bbox 887 560 986 633; x_wconf 77' lang='grc' dir='ltr'>τὴν</span> <span class='ocrx_word' id='word_1_42' title='bbox 1013 561 1071 615; x_wconf 78' lang='grc' dir='ltr'>δὲ</span> <span class='ocrx_word' id='word_1_43' title='bbox 1122 561 1331 626; x_wconf 55' lang='lat' dir='ltr'><strong>Melies,</strong></span> <span class='ocrx_word' id='word_1_44' title='bbox 1374 560 1721 632; x_wconf 83' lang='grc' dir='ltr'>Μικροτέραν</span> <span class='ocrx_word' id='word_1_45' title='bbox 1775 559 1834 614; x_wconf 68' lang='grc' dir='ltr'>δὲ</span> <span class='ocrx_word' id='word_1_46' title='bbox 1888 562 1989 630; x_wconf 83' lang='grc' dir='ltr'>τὴν</span> <span class='ocrx_word' id='word_1_47' title='bbox 2033 560 2225 632; x_wconf 77' lang='grc' dir='ltr'><strong>τρίτην</strong></span> <span class='ocrx_word' id='word_1_48' title='bbox 2278 560 2748 631; x_wconf 83' lang='grc' dir='ltr'>φερωνυμώτατα.</span> <span class='ocrx_word' id='word_1_49' title='bbox 2800 559 2881 613; x_wconf 85' lang='grc' dir='ltr'><strong>Τὰ</strong></span> <span class='ocrx_word' id='word_1_50' title='bbox 2927 559 3153 630; x_wconf 83' lang='grc' dir='ltr'>Γάδειρα</span> <span class='ocrx_word' id='word_1_51' title='bbox 3199 560 3253 614; x_wconf 68' lang='grc' dir='ltr'>δὲ</span> <span class='ocrx_word' id='word_1_52' title='bbox 3305 564 3352 616; x_wconf 75' lang='grc' dir='ltr'>οἱ</span> <span class='ocrx_word' id='word_1_53' title='bbox 3415 565 3629 641; x_wconf 64' lang='grc' dir='ltr'><strong>Ῥωμαῖα</strong></span> 
     </span>
    </p>
   </div>
   <div class='ocr_carea' id='block_1_7' title="bbox 441 662 726 729">
    <p class='ocr_par' dir='ltr' id='par_1_7' title="bbox 441 662 726 729">
     <span class='ocr_line' id='line_1_7' title="bbox 441 662 726 729; baseline -0.011 -13"><span class='ocrx_word' id='word_1_54' title='bbox 441 662 726 729; x_wconf 74' lang='grc' dir='ltr'>κατέσχον.</span> 
     </span>
    </p>
   </div>
   <div class='ocr_carea' id='block_1_8' title="bbox 510 740 2039 821">
    <p class='ocr_par' dir='ltr' id='par_1_8' title="bbox 510 744 2018 817">
     <span class='ocr_line' id='line_1_8' title="bbox 510 744 2018 817; baseline -0.005 -9"><span class='ocrx_word' id='word_1_55' title='bbox 510 753 604 809; x_wconf 77' lang='lat' dir='ltr'><strong>XI.</strong></span> <span class='ocrx_word' id='word_1_56' title='bbox 645 750 929 806; x_wconf 81' lang='lat' dir='ltr'><strong>Masinissa</strong></span> <span class='ocrx_word' id='word_1_57' title='bbox 973 745 1265 817; x_wconf 88' lang='lat' dir='ltr'><strong>porro,vir</strong></span> <span class='ocrx_word' id='word_1_58' title='bbox 1321 746 1466 801; x_wconf 87' lang='lat' dir='ltr'><strong>inter</strong></span> <span class='ocrx_word' id='word_1_59' title='bbox 1514 744 2018 816; x_wconf 63' lang='lat' dir='ltr'><strong>praestantissimos.</strong></span> 
     </span>
    </p>
   </div>
   <div class='ocr_carea' id='block_1_9' title="bbox 2141 740 3631 821">
    <p class='ocr_par' dir='ltr' id='par_1_9' title="bbox 2195 740 3631 821">
     <span class='ocr_line' id='line_1_9' title="bbox 2195 740 3631 821; baseline 0.008 -22"><span class='ocrx_word' id='word_1_60' title='bbox 2195 744 2299 799; x_wconf 79' lang='lat' dir='ltr'><strong>IA&#39;.</strong></span> <span class='ocrx_word' id='word_1_61' title='bbox 2354 745 2413 797; x_wconf 86' lang='lat'><strong>&#39;0</strong></span> <span class='ocrx_word' id='word_1_62' title='bbox 2444 743 2501 798; x_wconf 70' lang='grc' dir='ltr'>δὲ</span> <span class='ocrx_word' id='word_1_63' title='bbox 2537 745 2881 811; x_wconf 79' lang='grc' dir='ltr'>Μασινίσσας</span> <span class='ocrx_word' id='word_1_64' title='bbox 2912 744 3049 817; x_wconf 78' lang='grc' dir='ltr'>ἀνὴρ</span> <span class='ocrx_word' id='word_1_65' title='bbox 3071 740 3137 817; x_wconf 75' lang='grc' dir='ltr'>ἦν</span> <span class='ocrx_word' id='word_1_66' title='bbox 3166 749 3221 799; x_wconf 80' lang='grc' dir='ltr'>ἐν</span> <span class='ocrx_word' id='word_1_67' title='bbox 3249 750 3352 811; x_wconf 83' lang='grc' dir='ltr'>τοῖς</span> <span class='ocrx_word' id='word_1_68' title='bbox 3373 757 3631 821; x_wconf 79' lang='grc' dir='ltr'>κρατίστοις</span> 
     </span>
    </p>
   </div>
   <div class='ocr_carea' id='block_1_10' title="bbox 442 838 2021 912">
    <p class='ocr_par' dir='ltr' id='par_1_10' title="bbox 442 838 2021 912">
     <span class='ocr_line' id='line_1_10' title="bbox 442 838 2021 912; baseline -0.006 -10"><span class='ocrx_word' id='word_1_69' title='bbox 442 847 500 902; x_wconf 83' lang='grc' dir='ltr'>ἰη</span> <span class='ocrx_word' id='word_1_70' title='bbox 527 862 585 901; x_wconf 88' lang='lat' dir='ltr'><strong>re</strong></span> <span class='ocrx_word' id='word_1_71' title='bbox 617 843 839 899; x_wconf 92' lang='lat' dir='ltr'><strong>militari</strong></span> <span class='ocrx_word' id='word_1_72' title='bbox 887 850 940 898; x_wconf 87' lang='lat' dir='ltr'><strong>et</strong></span> <span class='ocrx_word' id='word_1_73' title='bbox 963 840 1128 912; x_wconf 58' lang='lat'><strong>5.36</strong></span> <span class='ocrx_word' id='word_1_74' title='bbox 1178 855 1346 894; x_wconf 88' lang='lat' dir='ltr'><strong>manu</strong></span> <span class='ocrx_word' id='word_1_75' title='bbox 1376 848 1432 895; x_wconf 90' lang='lat' dir='ltr'><strong>et</strong></span> <span class='ocrx_word' id='word_1_76' title='bbox 1458 839 1692 895; x_wconf 90' lang='lat' dir='ltr'><strong>consilio</strong></span> <span class='ocrx_word' id='word_1_77' title='bbox 1719 838 2021 909; x_wconf 81' lang='lat' dir='ltr'><strong>promptis-</strong></span> 
     </span>
    </p>
   </div>
   <div class='ocr_carea' id='block_1_11' title="bbox 444 930 2027 1019">
    <p class='ocr_par' dir='ltr' id='par_1_11' title="bbox 444 930 2027 1019">
     <span class='ocr_line' id='line_1_11' title="bbox 444 930 2027 1019; baseline -0.004 -28"><span class='ocrx_word' id='word_1_78' title='bbox 444 937 641 999; x_wconf 83' lang='lat' dir='ltr'><strong>simus,</strong></span> <span class='ocrx_word' id='word_1_79' title='bbox 674 935 766 1019; x_wconf 62' lang='lat' dir='ltr'><strong>tali</strong></span> <span class='ocrx_word' id='word_1_80' title='bbox 795 934 863 989; x_wconf 89' lang='lat' dir='ltr'><strong>de</strong></span> <span class='ocrx_word' id='word_1_81' title='bbox 896 948 1060 987; x_wconf 85' lang='lat' dir='ltr'><strong>causa</strong></span> <span class='ocrx_word' id='word_1_82' title='bbox 1086 947 1114 984; x_wconf 92' lang='lat' dir='ltr'><strong>a</strong></span> <span class='ocrx_word' id='word_1_83' title='bbox 1148 930 1697 1002; x_wconf 83' lang='lat' dir='ltr'><strong>Carthaginiensibus</strong></span> <span class='ocrx_word' id='word_1_84' title='bbox 1725 931 1793 985; x_wconf 84' lang='lat' dir='ltr'><strong>ad</strong></span> <span class='ocrx_word' id='word_1_85' title='bbox 1826 930 2027 986; x_wconf 76' lang='lat' dir='ltr'><strong>Roma-</strong></span> 
     </span>
    </p>
   </div>
   <div class='ocr_carea' id='block_1_12' title="bbox 445 1021 2024 1093">
    <p class='ocr_par' dir='ltr' id='par_1_12' title="bbox 445 1021 2024 1093">
     <span class='ocr_line' id='line_1_12' title="bbox 445 1021 2024 1093; baseline -0.004 -9"><span class='ocrx_word' id='word_1_86' title='bbox 445 1044 547 1084; x_wconf 88' lang='lat' dir='ltr'><strong>nos</strong></span> <span class='ocrx_word' id='word_1_87' title='bbox 597 1026 825 1082; x_wconf 81' lang='lat' dir='ltr'><strong>defecit.</strong></span> <span class='ocrx_word' id='word_1_88' title='bbox 876 1024 1173 1089; x_wconf 80' lang='lat' dir='ltr'><strong>Asdrubal,</strong></span> <span class='ocrx_word' id='word_1_89' title='bbox 1221 1022 1477 1093; x_wconf 82' lang='lat' dir='ltr'><strong>Gisgonis</strong></span> <span class='ocrx_word' id='word_1_90' title='bbox 1509 1022 1672 1088; x_wconf 80' lang='lat' dir='ltr'><strong>illius,</strong></span> <span class='ocrx_word' id='word_1_91' title='bbox 1720 1022 1933 1079; x_wconf 82' lang='lat' dir='ltr'><strong>amicus</strong></span> <span class='ocrx_word' id='word_1_92' title='bbox 1971 1021 2024 1078; x_wconf 88' lang='lat' dir='ltr'><strong>ei</strong></span> 
     </span>
    </p>
   </div>
   <div class='ocr_carea' id='block_1_13' title="bbox 443 1114 2024 1188">
    <p class='ocr_par' dir='ltr' id='par_1_13' title="bbox 443 1114 2024 1188">
     <span class='ocr_line' id='line_1_13' title="bbox 443 1114 2024 1188; baseline -0.004 -13"><span class='ocrx_word' id='word_1_93' title='bbox 443 1132 582 1187; x_wconf 87' lang='lat' dir='ltr'><strong>erat,</strong></span> <span class='ocrx_word' id='word_1_94' title='bbox 614 1128 675 1176; x_wconf 85' lang='lat' dir='ltr'><strong>et</strong></span> <span class='ocrx_word' id='word_1_95' title='bbox 702 1117 1107 1188; x_wconf 88' lang='lat' dir='ltr'><strong>Sophonisbam</strong></span> <span class='ocrx_word' id='word_1_96' title='bbox 1142 1116 1307 1171; x_wconf 76' lang='lat' dir='ltr'><strong>tiliam</strong></span> <span class='ocrx_word' id='word_1_97' title='bbox 1337 1114 1729 1186; x_wconf 84' lang='lat' dir='ltr'><strong>desponderat.</strong></span> <span class='ocrx_word' id='word_1_98' title='bbox 1764 1114 1869 1171; x_wconf 82' lang='lat' dir='ltr'><strong>Sed</strong></span> <span class='ocrx_word' id='word_1_99' title='bbox 1897 1129 2024 1170; x_wconf 91' lang='lat' dir='ltr'><strong>cum</strong></span> 
     </span>
    </p>
   </div>
   <div class='ocr_carea' id='block_1_14' title="bbox 449 1206 2029 1286">
    <p class='ocr_par' dir='ltr' id='par_1_14' title="bbox 449 1206 2029 1286">
     <span class='ocr_line' id='line_1_14' title="bbox 449 1206 2029 1286; baseline -0.005 -17"><span class='ocrx_word' id='word_1_100' title='bbox 449 1214 755 1286; x_wconf 84' lang='lat' dir='ltr'><strong>Syphacem</strong></span> <span class='ocrx_word' id='word_1_101' title='bbox 772 1211 1034 1265; x_wconf 78' lang='lat' dir='ltr'><strong>Romanis</strong></span> <span class='ocrx_word' id='word_1_102' title='bbox 1056 1209 1277 1264; x_wconf 76' lang='lat' dir='ltr'><strong>studere</strong></span> <span class='ocrx_word' id='word_1_103' title='bbox 1300 1209 1583 1274; x_wconf 83' lang='lat' dir='ltr'><strong>sensisset,</strong></span> <span class='ocrx_word' id='word_1_104' title='bbox 1598 1207 1846 1264; x_wconf 85' lang='lat' dir='ltr'><strong>abdicata</strong></span> <span class='ocrx_word' id='word_1_105' title='bbox 1867 1206 2029 1262; x_wconf 78' lang='lat' dir='ltr'><strong>Masi-</strong></span> 
     </span>
    </p>
   </div>
   <div class='ocr_carea' id='block_1_15' title="bbox 446 1294 2027 1369">
    <p class='ocr_par' dir='ltr' id='par_1_15' title="bbox 446 1294 2027 1369">
     <span class='ocr_line' id='line_1_15' title="bbox 446 1294 2027 1369; baseline -0.004 -12"><span class='ocrx_word' id='word_1_106' title='bbox 446 1305 607 1357; x_wconf 74' lang='lat' dir='ltr'><strong>nissa:</strong></span> <span class='ocrx_word' id='word_1_107' title='bbox 635 1300 918 1358; x_wconf 80' lang='lat' dir='ltr'><strong>aﬂinitate.</strong></span> <span class='ocrx_word' id='word_1_108' title='bbox 954 1308 1014 1351; x_wconf 87' lang='lat' dir='ltr'><strong>ut</strong></span> <span class='ocrx_word' id='word_1_109' title='bbox 1038 1298 1338 1369; x_wconf 79' lang='lat' dir='ltr'><strong>Sypharem</strong></span> <span class='ocrx_word' id='word_1_110' title='bbox 1363 1294 1912 1366; x_wconf 78' lang='lat' dir='ltr'><strong>Carthaginiensibus</strong></span> <span class='ocrx_word' id='word_1_111' title='bbox 1935 1308 2027 1351; x_wconf 82' lang='lat' dir='ltr'><strong>re.-</strong></span> 
     </span>
    </p>
   </div>
   <div class='ocr_carea' id='block_1_16' title="bbox 447 1386 2031 1461">
    <p class='ocr_par' dir='ltr' id='par_1_16' title="bbox 447 1386 2031 1461">
     <span class='ocr_line' id='line_1_16' title="bbox 447 1386 2031 1461; baseline -0.007 -10"><span class='ocrx_word' id='word_1_112' title='bbox 447 1397 788 1461; x_wconf 88' lang='lat' dir='ltr'><strong>conciliaret,</strong></span> <span class='ocrx_word' id='word_1_113' title='bbox 808 1409 915 1447; x_wconf 92' lang='lat' dir='ltr'><strong>non</strong></span> <span class='ocrx_word' id='word_1_114' title='bbox 950 1392 1188 1445; x_wconf 78' lang='lat' dir='ltr'><strong>minimae</strong></span> <span class='ocrx_word' id='word_1_115' title='bbox 1219 1392 1475 1460; x_wconf 76' lang='lat' dir='ltr'><strong>potentia-</strong></span> <span class='ocrx_word' id='word_1_116' title='bbox 1508 1389 1837 1460; x_wconf 87' lang='lat' dir='ltr'><strong>principem,</strong></span> <span class='ocrx_word' id='word_1_117' title='bbox 1876 1386 2031 1455; x_wconf 81' lang='lat' dir='ltr'><strong>adju-</strong></span> 
     </span>
    </p>
   </div>
   <div class='ocr_carea' id='block_1_17' title="bbox 447 1480 2031 1550">
    <p class='ocr_par' dir='ltr' id='par_1_17' title="bbox 447 1480 2031 1550">
     <span class='ocr_line' id='line_1_17' title="bbox 447 1480 2031 1550; baseline -0.005 -11"><span class='ocrx_word' id='word_1_118' title='bbox 447 1495 633 1539; x_wconf 92' lang='lat' dir='ltr'><strong>mcnto</strong></span> <span class='ocrx_word' id='word_1_119' title='bbox 655 1484 775 1548; x_wconf 81' lang='lat' dir='ltr'><strong>fuit,</strong></span> <span class='ocrx_word' id='word_1_120' title='bbox 814 1491 875 1537; x_wconf 91' lang='lat' dir='ltr'><strong>ut</strong></span> <span class='ocrx_word' id='word_1_121' title='bbox 900 1480 1197 1536; x_wconf 75' lang='lat' dir='ltr'><strong>Masinissae</strong></span> <span class='ocrx_word' id='word_1_122' title='bbox 1221 1480 1551 1550; x_wconf 84' lang='lat' dir='ltr'><strong>principatu,</strong></span> <span class='ocrx_word' id='word_1_123' title='bbox 1585 1480 1742 1550; x_wconf 85' lang='lat' dir='ltr'><strong>cujus</strong></span> <span class='ocrx_word' id='word_1_124' title='bbox 1766 1486 1920 1548; x_wconf 87' lang='lat' dir='ltr'><strong>pater</strong></span> <span class='ocrx_word' id='word_1_125' title='bbox 1944 1492 2031 1531; x_wconf 85' lang='lat' dir='ltr'><strong>re-</strong></span> 
     </span>
    </p>
   </div>
   <div class='ocr_carea' id='block_1_18' title="bbox 446 1568 2030 1643">
    <p class='ocr_par' dir='ltr' id='par_1_18' title="bbox 446 1568 2030 1643">
     <span class='ocr_line' id='line_1_18' title="bbox 446 1568 2030 1643; baseline -0.004 -13"><span class='ocrx_word' id='word_1_126' title='bbox 446 1592 577 1632; x_wconf 72' lang='lat' dir='ltr'><strong>cens</strong></span> <span class='ocrx_word' id='word_1_127' title='bbox 596 1576 829 1638; x_wconf 86' lang='lat' dir='ltr'><strong>obicrat,</strong></span> <span class='ocrx_word' id='word_1_128' title='bbox 847 1575 1118 1643; x_wconf 72' lang='lat' dir='ltr'><strong>poriretur</strong></span> <span class='ocrx_word' id='word_1_129' title='bbox 1137 1590 1152 1627; x_wconf 88' lang='lat'><strong>:</strong></span> <span class='ocrx_word' id='word_1_130' title='bbox 1171 1584 1225 1627; x_wconf 87' lang='lat' dir='ltr'><strong>et</strong></span> <span class='ocrx_word' id='word_1_131' title='bbox 1241 1571 1643 1642; x_wconf 83' lang='lat' dir='ltr'><strong>Sephonisbam</strong></span> <span class='ocrx_word' id='word_1_132' title='bbox 1667 1587 1721 1624; x_wconf 83' lang='lat' dir='ltr'><strong>in</strong></span> <span class='ocrx_word' id='word_1_133' title='bbox 1747 1568 2030 1624; x_wconf 88' lang='lat' dir='ltr'><strong>matrimo-</strong></span> 
     </span>
    </p>
   </div>
   <div class='ocr_carea' id='block_1_19' title="bbox 448 1659 2031 1731">
    <p class='ocr_par' dir='ltr' id='par_1_19' title="bbox 448 1659 2031 1731">
     <span class='ocr_line' id='line_1_19' title="bbox 448 1659 2031 1731; baseline -0.006 -8"><span class='ocrx_word' id='word_1_134' title='bbox 448 1671 601 1723; x_wconf 83' lang='lat' dir='ltr'><strong>nium</strong></span> <span class='ocrx_word' id='word_1_135' title='bbox 625 1666 798 1731; x_wconf 84' lang='lat' dir='ltr'><strong>dedit,</strong></span> <span class='ocrx_word' id='word_1_136' title='bbox 824 1665 1112 1720; x_wconf 76' lang='lat' dir='ltr'><strong>excellenti</strong></span> <span class='ocrx_word' id='word_1_137' title='bbox 1139 1664 1314 1718; x_wconf 84' lang='lat' dir='ltr'><strong>lorma</strong></span> <span class='ocrx_word' id='word_1_138' title='bbox 1338 1662 1648 1725; x_wconf 74' lang='lat' dir='ltr'><strong>mulierem,</strong></span> <span class='ocrx_word' id='word_1_139' title='bbox 1674 1662 1727 1717; x_wconf 88' lang='lat' dir='ltr'><strong>in</strong></span> <span class='ocrx_word' id='word_1_140' title='bbox 1757 1659 1958 1716; x_wconf 86' lang='lat' dir='ltr'><strong>litteris</strong></span> <span class='ocrx_word' id='word_1_141' title='bbox 1973 1666 2031 1715; x_wconf 90' lang='lat' dir='ltr'><strong>et</strong></span> 
     </span>
    </p>
   </div>
   <div class='ocr_carea' id='block_1_20' title="bbox 448 1751 2030 1820">
    <p class='ocr_par' dir='ltr' id='par_1_20' title="bbox 448 1751 2030 1820">
     <span class='ocr_line' id='line_1_20' title="bbox 448 1751 2030 1820; baseline -0.007 -5"><span class='ocrx_word' id='word_1_142' title='bbox 448 1760 657 1815; x_wconf 85' lang='lat' dir='ltr'><strong>musica</strong></span> <span class='ocrx_word' id='word_1_143' title='bbox 695 1757 1231 1817; x_wconf 85' lang='lat' dir='ltr'><strong>cxercitatissimam.</strong></span> <span class='ocrx_word' id='word_1_144' title='bbox 1258 1755 1397 1809; x_wconf 90' lang='lat' dir='ltr'><strong>adeo</strong></span> <span class='ocrx_word' id='word_1_145' title='bbox 1425 1754 1716 1820; x_wconf 87' lang='lat' dir='ltr'><strong>urbanam,</strong></span> <span class='ocrx_word' id='word_1_146' title='bbox 1741 1751 2030 1808; x_wconf 77' lang='lat' dir='ltr'><strong>facundam</strong></span> 
     </span>
    </p>
   </div>
   <div class='ocr_carea' id='block_1_21' title="bbox 448 1840 2029 1917">
    <p class='ocr_par' dir='ltr' id='par_1_21' title="bbox 448 1840 2029 1917">
     <span class='ocr_line' id='line_1_21' title="bbox 448 1840 2029 1917; baseline -0.006 -12"><span class='ocrx_word' id='word_1_147' title='bbox 448 1861 505 1905; x_wconf 90' lang='lat' dir='ltr'><strong>et</strong></span> <span class='ocrx_word' id='word_1_148' title='bbox 521 1857 898 1911; x_wconf 83' lang='lat' dir='ltr'><strong>venustam,ut</strong></span> <span class='ocrx_word' id='word_1_149' title='bbox 918 1849 1036 1903; x_wconf 85' lang='lat' dir='ltr'><strong>solo</strong></span> <span class='ocrx_word' id='word_1_150' title='bbox 1050 1855 1274 1917; x_wconf 89' lang='lat' dir='ltr'><strong>aspectu</strong></span> <span class='ocrx_word' id='word_1_151' title='bbox 1293 1845 1553 1899; x_wconf 75' lang='lat' dir='ltr'><strong>audi‘tuve</strong></span> <span class='ocrx_word' id='word_1_152' title='bbox 1574 1843 1852 1898; x_wconf 88' lang='lat' dir='ltr'><strong>hominem</strong></span> <span class='ocrx_word' id='word_1_153' title='bbox 1864 1840 2029 1896; x_wconf 86' lang='lat' dir='ltr'><strong>etiam</strong></span> 
     </span>
    </p>
   </div>
   <div class='ocr_carea' id='block_1_22' title="bbox 451 1936 2029 2007">
    <p class='ocr_par' dir='ltr' id='par_1_22' title="bbox 451 1936 2029 2007">
     <span class='ocr_line' id='line_1_22' title="bbox 451 1936 2029 2007; baseline -0.004 -11"><span class='ocrx_word' id='word_1_154' title='bbox 451 1943 864 1997; x_wconf 80' lang='lat' dir='ltr'><strong>severissimum</strong></span> <span class='ocrx_word' id='word_1_155' title='bbox 922 1942 977 1994; x_wconf 89' lang='lat' dir='ltr'><strong>in</strong></span> <span class='ocrx_word' id='word_1_156' title='bbox 1022 1940 1105 1994; x_wconf 88' lang='lat' dir='ltr'><strong>sui</strong></span> <span class='ocrx_word' id='word_1_157' title='bbox 1158 1954 1400 1993; x_wconf 77' lang='lat' dir='ltr'><strong>amorem</strong></span> <span class='ocrx_word' id='word_1_158' title='bbox 1458 1936 1780 2006; x_wconf 83' lang='lat' dir='ltr'><strong>pertrahere</strong></span> <span class='ocrx_word' id='word_1_159' title='bbox 1821 1944 2029 2007; x_wconf 85' lang='lat' dir='ltr'><strong>posset.</strong></span> 
     </span>
    </p>
   </div>
   <div class='ocr_carea' id='block_1_23' title="bbox 452 2031 2033 2105">
    <p class='ocr_par' dir='ltr' id='par_1_23' title="bbox 452 2031 2033 2105">
     <span class='ocr_line' id='line_1_23' title="bbox 452 2031 2033 2105; baseline -0.004 -15"><span class='ocrx_word' id='word_1_160' title='bbox 452 2036 549 2090; x_wconf 82' lang='lat' dir='ltr'><strong>llis</strong></span> <span class='ocrx_word' id='word_1_161' title='bbox 574 2036 642 2089; x_wconf 89' lang='lat' dir='ltr'><strong>de</strong></span> <span class='ocrx_word' id='word_1_162' title='bbox 671 2034 853 2090; x_wconf 87' lang='lat' dir='ltr'><strong>causis</strong></span> <span class='ocrx_word' id='word_1_163' title='bbox 882 2032 1097 2105; x_wconf 89' lang='lat' dir='ltr'><strong>Syphax</strong></span> <span class='ocrx_word' id='word_1_164' title='bbox 1130 2032 1196 2086; x_wconf 91' lang='lat' dir='ltr'><strong>ad</strong></span> <span class='ocrx_word' id='word_1_165' title='bbox 1223 2031 1704 2102; x_wconf 69' lang='lat' dir='ltr'><strong>Carthaginienses</strong></span> <span class='ocrx_word' id='word_1_166' title='bbox 1744 2046 1805 2085; x_wconf 87' lang='lat' dir='ltr'><strong>se</strong></span> <span class='ocrx_word' id='word_1_167' title='bbox 1833 2038 2033 2085; x_wconf 84' lang='lat' dir='ltr'><strong>contu-</strong></span> 
     </span>
    </p>
   </div>
   <div class='ocr_carea' id='block_1_24' title="bbox 452 2099 2105 2193">
    <p class='ocr_par' dir='ltr' id='par_1_24' title="bbox 452 2099 2105 2193">
     <span class='ocr_line' id='line_1_24' title="bbox 452 2099 2105 2193; baseline -0.005 -11"><span class='ocrx_word' id='word_1_168' title='bbox 452 2129 536 2184; x_wconf 85' lang='lat' dir='ltr'><strong>lit.</strong></span> <span class='ocrx_word' id='word_1_169' title='bbox 589 2128 876 2182; x_wconf 78' lang='lat' dir='ltr'><strong>Masinissa</strong></span> <span class='ocrx_word' id='word_1_170' title='bbox 924 2099 1201 2180; x_wconf 62' lang='lat' dir='ltr'><strong>llomanos</strong></span> <span class='ocrx_word' id='word_1_171' title='bbox 1248 2133 1328 2178; x_wconf 67' lang='lat' dir='ltr'><strong>est</strong></span> <span class='ocrx_word' id='word_1_172' title='bbox 1383 2099 1626 2187; x_wconf 67' lang='lat' dir='ltr'><strong>secutus,</strong></span> <span class='ocrx_word' id='word_1_173' title='bbox 1679 2125 1881 2193; x_wconf 83' lang='lat' dir='ltr'><strong>quibus</strong></span> <span class='ocrx_word' id='word_1_174' title='bbox 1932 2136 2032 2191; x_wconf 87' lang='lat' dir='ltr'><strong>per</strong></span> <span class='ocrx_word' id='word_1_175' title='bbox 2063 2099 2105 2154; x_wconf 70' lang='grc' dir='ltr'><strong><em>Β</em></strong></span> 
     </span>
    </p>
   </div>
   <div class='ocr_carea' id='block_1_25' title="bbox 452 2211 2029 2283">
    <p class='ocr_par' dir='ltr' id='par_1_25' title="bbox 452 2211 2029 2283">
     <span class='ocr_line' id='line_1_25' title="bbox 452 2211 2029 2283; baseline -0.003 -11"><span class='ocrx_word' id='word_1_176' title='bbox 452 2234 672 2274; x_wconf 86' lang='lat' dir='ltr'><strong>omnem</strong></span> <span class='ocrx_word' id='word_1_177' title='bbox 716 2226 935 2273; x_wconf 69' lang='lat' dir='ltr'><strong>aetatem</strong></span> <span class='ocrx_word' id='word_1_178' title='bbox 971 2226 1252 2271; x_wconf 87' lang='lat' dir='ltr'><strong>strenuam</strong></span> <span class='ocrx_word' id='word_1_179' title='bbox 1294 2215 1513 2269; x_wconf 84' lang='lat' dir='ltr'><strong>navavit</strong></span> <span class='ocrx_word' id='word_1_180' title='bbox 1553 2228 1800 2283; x_wconf 86' lang='lat' dir='ltr'><strong>operam.</strong></span> <span class='ocrx_word' id='word_1_181' title='bbox 1844 2211 2029 2283; x_wconf 88' lang='lat' dir='ltr'><strong>Scipio</strong></span> 
     </span>
    </p>
   </div>
   <div class='ocr_carea' id='block_1_26' title="bbox 373 2308 2034 2380">
    <p class='ocr_par' dir='ltr' id='par_1_26' title="bbox 373 2308 2034 2380">
     <span class='ocr_line' id='line_1_26' title="bbox 373 2308 2034 2380; baseline -0.007 -11"><span class='ocrx_word' id='word_1_182' title='bbox 373 2348 384 2359; x_wconf 75' lang='grc' dir='ltr'><strong>ο</strong></span> <span class='ocrx_word' id='word_1_183' title='bbox 454 2327 581 2368; x_wconf 90' lang='lat' dir='ltr'><strong>cum</strong></span> <span class='ocrx_word' id='word_1_184' title='bbox 610 2310 797 2366; x_wconf 83' lang='lat' dir='ltr'><strong>omnia</strong></span> <span class='ocrx_word' id='word_1_185' title='bbox 827 2325 950 2380; x_wconf 73' lang='lat' dir='ltr'><strong>qua:</strong></span> <span class='ocrx_word' id='word_1_186' title='bbox 979 2308 1122 2362; x_wconf 90' lang='lat' dir='ltr'><strong>intra</strong></span> <span class='ocrx_word' id='word_1_187' title='bbox 1151 2308 1441 2379; x_wconf 71' lang='lat' dir='ltr'><strong>Pyrenaeos</strong></span> <span class='ocrx_word' id='word_1_188' title='bbox 1472 2315 1684 2360; x_wconf 86' lang='lat' dir='ltr'><strong>montes</strong></span> <span class='ocrx_word' id='word_1_189' title='bbox 1723 2312 1875 2370; x_wconf 87' lang='lat' dir='ltr'><strong>sunt,</strong></span> <span class='ocrx_word' id='word_1_190' title='bbox 1904 2319 2034 2374; x_wconf 90' lang='lat' dir='ltr'><strong>par-</strong></span> 
     </span>
    </p>
   </div>
   <div class='ocr_carea' id='block_1_27' title="bbox 457 2393 2035 2471">
    <p class='ocr_par' dir='ltr' id='par_1_27' title="bbox 457 2393 2035 2471">
     <span class='ocr_line' id='line_1_27' title="bbox 457 2393 2035 2471; baseline -0.006 -13"><span class='ocrx_word' id='word_1_191' title='bbox 457 2404 555 2458; x_wconf 89' lang='lat' dir='ltr'><strong>tim</strong></span> <span class='ocrx_word' id='word_1_192' title='bbox 590 2402 666 2467; x_wconf 89' lang='lat' dir='ltr'><strong>vi,</strong></span> <span class='ocrx_word' id='word_1_193' title='bbox 700 2401 898 2471; x_wconf 87' lang='lat' dir='ltr'><strong>partim</strong></span> <span class='ocrx_word' id='word_1_194' title='bbox 937 2399 1222 2455; x_wconf 86' lang='lat' dir='ltr'><strong>deditione</strong></span> <span class='ocrx_word' id='word_1_195' title='bbox 1249 2399 1501 2468; x_wconf 82' lang='lat' dir='ltr'><strong>cepisset,</strong></span> <span class='ocrx_word' id='word_1_196' title='bbox 1541 2396 1791 2467; x_wconf 84' lang='lat' dir='ltr'><strong>trajicere</strong></span> <span class='ocrx_word' id='word_1_197' title='bbox 1814 2396 1868 2449; x_wconf 92' lang='lat' dir='ltr'><strong>in</strong></span> <span class='ocrx_word' id='word_1_198' title='bbox 1890 2393 2035 2449; x_wconf 76' lang='lat' dir='ltr'><strong>Alri-</strong></span> 
     </span>
    </p>
   </div>
   <div class='ocr_carea' id='block_1_28' title="bbox 456 2482 2031 2556">
    <p class='ocr_par' dir='ltr' id='par_1_28' title="bbox 456 2482 2031 2556">
     <span class='ocr_line' id='line_1_28' title="bbox 456 2482 2031 2556; baseline -0.008 -7"><span class='ocrx_word' id='word_1_199' title='bbox 456 2508 576 2549; x_wconf 88' lang='lat' dir='ltr'><strong>cam</strong></span> <span class='ocrx_word' id='word_1_200' title='bbox 616 2490 830 2547; x_wconf 85' lang='lat' dir='ltr'><strong>statuit.</strong></span> <span class='ocrx_word' id='word_1_201' title='bbox 861 2489 1092 2544; x_wconf 82' lang='lat' dir='ltr'><strong>Romani</strong></span> <span class='ocrx_word' id='word_1_202' title='bbox 1122 2496 1326 2545; x_wconf 86' lang='lat' dir='ltr'><strong>autem.</strong></span> <span class='ocrx_word' id='word_1_203' title='bbox 1356 2486 1555 2556; x_wconf 87' lang='lat' dir='ltr'><strong>partim</strong></span> <span class='ocrx_word' id='word_1_204' title='bbox 1583 2501 1649 2540; x_wconf 87' lang='lat' dir='ltr'><strong>ex</strong></span> <span class='ocrx_word' id='word_1_205' title='bbox 1672 2482 1878 2538; x_wconf 83' lang='lat' dir='ltr'><strong>invidia</strong></span> <span class='ocrx_word' id='word_1_206' title='bbox 1901 2497 2031 2539; x_wconf 85' lang='lat' dir='ltr'><strong>suc-</strong></span> 
     </span>
    </p>
   </div>
   <div class='ocr_carea' id='block_1_29' title="bbox 457 2576 2034 2654">
    <p class='ocr_par' dir='ltr' id='par_1_29' title="bbox 457 2576 2034 2654">
     <span class='ocr_line' id='line_1_29' title="bbox 457 2576 2034 2654; baseline -0.008 -13"><span class='ocrx_word' id='word_1_207' title='bbox 457 2600 716 2641; x_wconf 64' lang='lat' dir='ltr'><strong>cessuum</strong></span> <span class='ocrx_word' id='word_1_208' title='bbox 750 2584 892 2654; x_wconf 76' lang='lat' dir='ltr'><strong>eius.</strong></span> <span class='ocrx_word' id='word_1_209' title='bbox 925 2581 1124 2652; x_wconf 87' lang='lat' dir='ltr'><strong>partim</strong></span> <span class='ocrx_word' id='word_1_210' title='bbox 1158 2579 1340 2644; x_wconf 86' lang='lat' dir='ltr'><strong>veriti,</strong></span> <span class='ocrx_word' id='word_1_211' title='bbox 1372 2594 1439 2633; x_wconf 90' lang='lat' dir='ltr'><strong>ne</strong></span> <span class='ocrx_word' id='word_1_212' title='bbox 1468 2593 1568 2649; x_wconf 89' lang='lat' dir='ltr'><strong>per</strong></span> <span class='ocrx_word' id='word_1_213' title='bbox 1599 2576 1913 2647; x_wconf 87' lang='lat' dir='ltr'><strong>superbiam</strong></span> <span class='ocrx_word' id='word_1_214' title='bbox 1942 2590 2034 2630; x_wconf 83' lang='lat' dir='ltr'><strong>re-</strong></span> 
     </span>
    </p>
   </div>
   <div class='ocr_carea' id='block_1_30' title="bbox 456 2664 2035 2748">
    <p class='ocr_par' dir='ltr' id='par_1_30' title="bbox 456 2664 2035 2748">
     <span class='ocr_line' id='line_1_30' title="bbox 456 2664 2035 2748; baseline -0.005 -18"><span class='ocrx_word' id='word_1_215' title='bbox 456 2692 625 2748; x_wconf 88' lang='lat' dir='ltr'><strong>gnum</strong></span> <span class='ocrx_word' id='word_1_216' title='bbox 660 2675 962 2736; x_wconf 75' lang='lat' dir='ltr'><strong>al&#39;l‘ectarct,</strong></span> <span class='ocrx_word' id='word_1_217' title='bbox 984 2674 1123 2728; x_wconf 90' lang='lat' dir='ltr'><strong>duos</strong></span> <span class='ocrx_word' id='word_1_218' title='bbox 1153 2671 1205 2725; x_wconf 93' lang='lat' dir='ltr'><strong>ei</strong></span> <span class='ocrx_word' id='word_1_219' title='bbox 1235 2683 1583 2725; x_wconf 85' lang='lat' dir='ltr'><strong>successores</strong></span> <span class='ocrx_word' id='word_1_220' title='bbox 1616 2667 1909 2723; x_wconf 86' lang='lat' dir='ltr'><strong>dederunt.</strong></span> <span class='ocrx_word' id='word_1_221' title='bbox 1942 2664 2035 2723; x_wconf 90' lang='lat' dir='ltr'><strong>Sic</strong></span> 
     </span>
    </p>
   </div>
   <div class='ocr_carea' id='block_1_31' title="bbox 464 2760 2032 2839">
    <p class='ocr_par' dir='ltr' id='par_1_31' title="bbox 464 2760 2032 2839">
     <span class='ocr_line' id='line_1_31' title="bbox 464 2760 2032 2839; baseline -0.008 -15"><span class='ocrx_word' id='word_1_222' title='bbox 464 2769 649 2839; x_wconf 76' lang='lat' dir='ltr'><strong>Scip‘o</strong></span> <span class='ocrx_word' id='word_1_223' title='bbox 704 2768 998 2836; x_wconf 88' lang='lat' dir='ltr'><strong>imperium</strong></span> <span class='ocrx_word' id='word_1_224' title='bbox 1053 2762 1330 2834; x_wconf 88' lang='lat' dir='ltr'><strong>deposuit.</strong></span> <span class='ocrx_word' id='word_1_225' title='bbox 1384 2760 1663 2831; x_wconf 88' lang='lat' dir='ltr'><strong>Sulpicius</strong></span> <span class='ocrx_word' id='word_1_226' title='bbox 1691 2768 1874 2813; x_wconf 89' lang='lat' dir='ltr'><strong>autem</strong></span> <span class='ocrx_word' id='word_1_227' title='bbox 1907 2772 2032 2813; x_wconf 90' lang='lat' dir='ltr'><strong>cum</strong></span> 
     </span>
    </p>
   </div>
   <div class='ocr_carea' id='block_1_32' title="bbox 457 2850 2033 2927">
    <p class='ocr_par' dir='ltr' id='par_1_32' title="bbox 457 2850 2033 2927">
     <span class='ocr_line' id='line_1_32' title="bbox 457 2850 2033 2927; baseline -0.008 -12"><span class='ocrx_word' id='word_1_228' title='bbox 457 2859 638 2914; x_wconf 78' lang='lat' dir='ltr'><strong>Attalo</strong></span> <span class='ocrx_word' id='word_1_229' title='bbox 666 2858 860 2914; x_wconf 83' lang='lat' dir='ltr'><strong>eodem</strong></span> <span class='ocrx_word' id='word_1_230' title='bbox 890 2867 1136 2927; x_wconf 89' lang='lat' dir='ltr'><strong>tempore</strong></span> <span class='ocrx_word' id='word_1_231' title='bbox 1168 2853 1371 2910; x_wconf 88' lang='lat' dir='ltr'><strong>Oreunt</strong></span> <span class='ocrx_word' id='word_1_232' title='bbox 1396 2852 1728 2923; x_wconf 85' lang='lat' dir='ltr'><strong>proditione,</strong></span> <span class='ocrx_word' id='word_1_233' title='bbox 1760 2850 2033 2921; x_wconf 89' lang='lat' dir='ltr'><strong>Opuntem</strong></span> 
     </span>
    </p>
   </div>
   <div class='ocr_carea' id='block_1_33' title="bbox 460 2944 2036 3023">
    <p class='ocr_par' dir='ltr' id='par_1_33' title="bbox 460 2944 2036 3023">
     <span class='ocr_line' id='line_1_33' title="bbox 460 2944 2036 3023; baseline -0.006 -15"><span class='ocrx_word' id='word_1_234' title='bbox 460 2953 515 3008; x_wconf 91' lang='lat' dir='ltr'><strong>vi</strong></span> <span class='ocrx_word' id='word_1_235' title='bbox 539 2951 850 3023; x_wconf 87' lang='lat' dir='ltr'><strong>occupavit.</strong></span> <span class='ocrx_word' id='word_1_236' title='bbox 878 2949 1162 3019; x_wconf 83' lang='lat' dir='ltr'><strong>Philippus</strong></span> <span class='ocrx_word' id='word_1_237' title='bbox 1190 2946 1337 3002; x_wconf 91' lang='lat' dir='ltr'><strong>enim</strong></span> <span class='ocrx_word' id='word_1_238' title='bbox 1369 2947 1451 3000; x_wconf 90' lang='lat' dir='ltr'><strong>eis</strong></span> <span class='ocrx_word' id='word_1_239' title='bbox 1470 2955 1681 2999; x_wconf 84' lang='lat' dir='ltr'><strong>mature</strong></span> <span class='ocrx_word' id='word_1_240' title='bbox 1707 2960 1864 3013; x_wconf 74' lang='lat' dir='ltr'><strong>Opem</strong></span> <span class='ocrx_word' id='word_1_241' title='bbox 1893 2944 2036 2998; x_wconf 77' lang='lat' dir='ltr'><strong>ferre</strong></span> 
     </span>
    </p>
   </div>
   <div class='ocr_carea' id='block_1_34' title="bbox 461 3034 2038 3116">
    <p class='ocr_par' dir='ltr' id='par_1_34' title="bbox 461 3034 2038 3116">
     <span class='ocr_line' id='line_1_34' title="bbox 461 3034 2038 3116; baseline -0.008 -15"><span class='ocrx_word' id='word_1_242' title='bbox 461 3061 572 3101; x_wconf 87' lang='lat' dir='ltr'><strong>non</strong></span> <span class='ocrx_word' id='word_1_243' title='bbox 600 3045 799 3116; x_wconf 87' lang='lat' dir='ltr'><strong>potuit,</strong></span> <span class='ocrx_word' id='word_1_244' title='bbox 853 3044 956 3097; x_wconf 91' lang='lat' dir='ltr'><strong>viis</strong></span> <span class='ocrx_word' id='word_1_245' title='bbox 987 3057 1093 3112; x_wconf 86' lang='lat' dir='ltr'><strong>qua</strong></span> <span class='ocrx_word' id='word_1_246' title='bbox 1130 3038 1523 3094; x_wconf 85' lang='lat' dir='ltr'><strong>transeundum</strong></span> <span class='ocrx_word' id='word_1_247' title='bbox 1555 3048 1697 3100; x_wconf 88' lang='lat' dir='ltr'><strong>erat,</strong></span> <span class='ocrx_word' id='word_1_248' title='bbox 1743 3037 1811 3091; x_wconf 91' lang='lat' dir='ltr'><strong>ab</strong></span> <span class='ocrx_word' id='word_1_249' title='bbox 1841 3034 2038 3090; x_wconf 60' lang='lat' dir='ltr'><strong>.‘Etolis</strong></span> 
     </span>
    </p>
   </div>
   <div class='ocr_carea' id='block_1_35' title="bbox 460 3126 2036 3194">
    <p class='ocr_par' dir='ltr' id='par_1_35' title="bbox 460 3126 2036 3194">
     <span class='ocr_line' id='line_1_35' title="bbox 460 3126 2036 3194; baseline -0.008 -1"><span class='ocrx_word' id='word_1_250' title='bbox 460 3136 712 3194; x_wconf 79' lang='lat' dir='ltr'><strong>inseSsis.</strong></span> <span class='ocrx_word' id='word_1_251' title='bbox 758 3134 866 3190; x_wconf 85' lang='lat' dir='ltr'><strong>Sed</strong></span> <span class='ocrx_word' id='word_1_252' title='bbox 895 3149 1019 3189; x_wconf 90' lang='lat' dir='ltr'><strong>sero</strong></span> <span class='ocrx_word' id='word_1_253' title='bbox 1077 3132 1293 3186; x_wconf 79' lang='lat' dir='ltr'><strong>tandem</strong></span> <span class='ocrx_word' id='word_1_254' title='bbox 1321 3146 1445 3185; x_wconf 88' lang='lat' dir='ltr'><strong>cum</strong></span> <span class='ocrx_word' id='word_1_255' title='bbox 1480 3128 1739 3188; x_wconf 87' lang='lat' dir='ltr'><strong>venisset.</strong></span> <span class='ocrx_word' id='word_1_256' title='bbox 1768 3128 1952 3182; x_wconf 88' lang='lat' dir='ltr'><strong>Attalo</strong></span> <span class='ocrx_word' id='word_1_257' title='bbox 1982 3126 2036 3180; x_wconf 89' lang='lat' dir='ltr'><strong>in</strong></span> 
     </span>
    </p>
   </div>
   <div class='ocr_carea' id='block_1_36' title="bbox 462 3219 2039 3296">
    <p class='ocr_par' dir='ltr' id='par_1_36' title="bbox 462 3219 2039 3296">
     <span class='ocr_line' id='line_1_36' title="bbox 462 3219 2039 3296; baseline -0.006 -14"><span class='ocrx_word' id='word_1_258' title='bbox 462 3244 632 3287; x_wconf 83' lang='lat' dir='ltr'><strong>naves</strong></span> <span class='ocrx_word' id='word_1_259' title='bbox 660 3243 789 3283; x_wconf 87' lang='lat' dir='ltr'><strong>suas</strong></span> <span class='ocrx_word' id='word_1_260' title='bbox 819 3224 1128 3296; x_wconf 87' lang='lat' dir='ltr'><strong>compulso,</strong></span> <span class='ocrx_word' id='word_1_261' title='bbox 1189 3238 1377 3294; x_wconf 89' lang='lat' dir='ltr'><strong>pacem</strong></span> <span class='ocrx_word' id='word_1_262' title='bbox 1408 3236 1533 3277; x_wconf 92' lang='lat' dir='ltr'><strong>cum</strong></span> <span class='ocrx_word' id='word_1_263' title='bbox 1564 3220 1827 3276; x_wconf 78' lang='lat' dir='ltr'><strong>Romanis</strong></span> <span class='ocrx_word' id='word_1_264' title='bbox 1858 3219 2039 3274; x_wconf 81' lang='lat' dir='ltr'><strong>facere</strong></span> 
     </span>
    </p>
   </div>
   <div class='ocr_carea' id='block_1_37' title="bbox 464 3312 2039 3388">
    <p class='ocr_par' dir='ltr' id='par_1_37' title="bbox 464 3312 2039 3388">
     <span class='ocr_line' id='line_1_37' title="bbox 464 3312 2039 3388; baseline -0.006 -13"><span class='ocrx_word' id='word_1_265' title='bbox 464 3321 657 3377; x_wconf 82' lang='lat' dir='ltr'><strong>voluit.</strong></span> <span class='ocrx_word' id='word_1_266' title='bbox 692 3319 800 3374; x_wconf 86' lang='lat' dir='ltr'><strong>Sed</strong></span> <span class='ocrx_word' id='word_1_267' title='bbox 834 3334 959 3373; x_wconf 91' lang='lat' dir='ltr'><strong>cum</strong></span> <span class='ocrx_word' id='word_1_268' title='bbox 989 3326 1114 3388; x_wconf 88' lang='lat' dir='ltr'><strong>post</strong></span> <span class='ocrx_word' id='word_1_269' title='bbox 1138 3316 1309 3370; x_wconf 90' lang='lat' dir='ltr'><strong>multa</strong></span> <span class='ocrx_word' id='word_1_270' title='bbox 1339 3315 1510 3370; x_wconf 90' lang='lat' dir='ltr'><strong>verba</strong></span> <span class='ocrx_word' id='word_1_271' title='bbox 1559 3312 1905 3369; x_wconf 69' lang='lat' dir='ltr'><strong>conditiones</strong></span> <span class='ocrx_word' id='word_1_272' title='bbox 1931 3326 2039 3366; x_wconf 89' lang='lat' dir='ltr'><strong>non</strong></span> 
     </span>
    </p>
   </div>
   <div class='ocr_carea' id='block_1_38' title="bbox 465 3404 2038 3480">
    <p class='ocr_par' dir='ltr' id='par_1_38' title="bbox 465 3404 2038 3480">
     <span class='ocr_line' id='line_1_38' title="bbox 465 3404 2038 3480; baseline -0.002 -20"><span class='ocrx_word' id='word_1_273' title='bbox 465 3413 823 3480; x_wconf 65' lang='lat' dir='ltr'><strong>placuissent,</strong></span> <span class='ocrx_word' id='word_1_274' title='bbox 846 3423 982 3479; x_wconf 81' lang='lat' dir='ltr'><strong>pace</strong></span> <span class='ocrx_word' id='word_1_275' title='bbox 1012 3407 1321 3476; x_wconf 86' lang='lat' dir='ltr'><strong>repudiata,</strong></span> <span class='ocrx_word' id='word_1_276' title='bbox 1358 3405 1575 3460; x_wconf 60' lang='lat' dir='ltr'><strong>A‘Ltolos</strong></span> <span class='ocrx_word' id='word_1_277' title='bbox 1605 3420 1635 3458; x_wconf 89' lang='lat' dir='ltr'><strong>a</strong></span> <span class='ocrx_word' id='word_1_278' title='bbox 1662 3404 2038 3459; x_wconf 85' lang='lat' dir='ltr'><strong>Romanorum</strong></span> 
     </span>
    </p>
   </div>
   <div class='ocr_carea' id='block_1_39' title="bbox 2124 836 3632 917">
    <p class='ocr_par' dir='ltr' id='par_1_39' title="bbox 2124 836 3632 917">
     <span class='ocr_line' id='line_1_39' title="bbox 2124 836 3632 917; baseline 0.003 -25"><span class='ocrx_word' id='word_1_279' title='bbox 2124 837 2544 907; x_wconf 56' lang='grc' dir='ltr'>ἐξεταζόμενον</span> <span class='ocrx_word' id='word_1_280' title='bbox 2589 837 2682 890; x_wconf 70' lang='grc' dir='ltr'><strong>καὶ</strong></span> <span class='ocrx_word' id='word_1_281' title='bbox 2714 837 2860 908; x_wconf 75' lang='grc' dir='ltr'>χειρὶ</span> <span class='ocrx_word' id='word_1_282' title='bbox 2893 836 3002 907; x_wconf 82' lang='grc' dir='ltr'><strong>γὰρ</strong></span> <span class='ocrx_word' id='word_1_283' title='bbox 3039 837 3133 891; x_wconf 78' lang='grc' dir='ltr'>καὶ</span> <span class='ocrx_word' id='word_1_284' title='bbox 3183 838 3513 910; x_wconf 69' lang='grc' dir='ltr'><strong>βουλεύμασιν</strong></span> <span class='ocrx_word' id='word_1_285' title='bbox 3538 845 3632 917; x_wconf 67' lang='grc' dir='ltr'>ἄρι-</span> 
     </span>
    </p>
   </div>
   <div class='ocr_carea' id='block_1_40' title="bbox 2126 928 3634 1004">
    <p class='ocr_par' dir='ltr' id='par_1_40' title="bbox 2126 928 3634 1004">
     <span class='ocr_line' id='line_1_40' title="bbox 2126 928 3634 1004; baseline -0.003 -20"><span class='ocrx_word' id='word_1_286' title='bbox 2126 946 2251 993; x_wconf 90' lang='grc' dir='ltr'>στος</span> <span class='ocrx_word' id='word_1_287' title='bbox 2289 929 2558 999; x_wconf 72' lang='grc' dir='ltr'>ἐτύγχανε</span> <span class='ocrx_word' id='word_1_288' title='bbox 2588 929 2657 982; x_wconf 76' lang='grc' dir='ltr'><strong>τα</strong></span> <span class='ocrx_word' id='word_1_289' title='bbox 2693 928 2824 982; x_wconf 89' lang='grc' dir='ltr'>πολέ</span> <span class='ocrx_word' id='word_1_290' title='bbox 2834 946 2954 998; x_wconf 89' lang='grc' dir='ltr'>μια.</span> <span class='ocrx_word' id='word_1_291' title='bbox 3001 930 3144 1001; x_wconf 75' lang='grc' dir='ltr'>Πρὸς</span> <span class='ocrx_word' id='word_1_292' title='bbox 3172 930 3229 983; x_wconf 75' lang='grc' dir='ltr'>δὲ</span> <span class='ocrx_word' id='word_1_293' title='bbox 3247 932 3361 993; x_wconf 70' lang='grc' dir='ltr'>τοὺς</span> <span class='ocrx_word' id='word_1_294' title='bbox 3387 933 3634 1004; x_wconf 63' lang='grc' dir='ltr'>Ῥωμαίους</span> 
     </span>
    </p>
   </div>
   <div class='ocr_carea' id='block_1_41' title="bbox 2126 1019 3636 1098">
    <p class='ocr_par' dir='ltr' id='par_1_41' title="bbox 2126 1019 3636 1098">
     <span class='ocr_line' id='line_1_41' title="bbox 2126 1019 3636 1098; baseline 0.007 -22"><span class='ocrx_word' id='word_1_295' title='bbox 2126 1024 2192 1076; x_wconf 64' lang='grc' dir='ltr'>ἑκ</span> <span class='ocrx_word' id='word_1_296' title='bbox 2211 1022 2321 1077; x_wconf 83' lang='grc' dir='ltr'>τῶν</span> <span class='ocrx_word' id='word_1_297' title='bbox 2349 1019 2745 1093; x_wconf 78' lang='grc' dir='ltr'><strong>Καρχηδονίων</strong></span> <span class='ocrx_word' id='word_1_298' title='bbox 2770 1021 2833 1087; x_wconf 79' lang='grc' dir='ltr'>ἐξ</span> <span class='ocrx_word' id='word_1_299' title='bbox 2870 1021 3052 1085; x_wconf 89' lang='grc' dir='ltr'>αίτίας</span> <span class='ocrx_word' id='word_1_300' title='bbox 3108 1025 3314 1077; x_wconf 82' lang='grc' dir='ltr'>τοιᾶσδε</span> <span class='ocrx_word' id='word_1_301' title='bbox 3369 1029 3636 1098; x_wconf 77' lang='grc' dir='ltr'>μετήνεκτο.</span> 
     </span>
    </p>
   </div>
   <div class='ocr_carea' id='block_1_42' title="bbox 2138 1112 3639 1191">
    <p class='ocr_par' dir='ltr' id='par_1_42' title="bbox 2138 1112 3639 1191">
     <span class='ocr_line' id='line_1_42' title="bbox 2138 1112 3639 1191; baseline 0.024 -32"><span class='ocrx_word' id='word_1_302' title='bbox 2138 1112 2199 1167; x_wconf 86' lang='lat'><strong>&#39;0</strong></span> <span class='ocrx_word' id='word_1_303' title='bbox 2264 1112 2595 1184; x_wconf 79' lang='grc' dir='ltr'>Ἀσδρούϐας</span> <span class='ocrx_word' id='word_1_304' title='bbox 2619 1112 2711 1166; x_wconf 81' lang='grc' dir='ltr'>τοῦ</span> <span class='ocrx_word' id='word_1_305' title='bbox 2746 1113 3015 1182; x_wconf 75' lang='grc' dir='ltr'>Γίσγωνῦς</span> <span class='ocrx_word' id='word_1_306' title='bbox 3037 1114 3188 1184; x_wconf 73' lang='grc' dir='ltr'>φίλος</span> <span class='ocrx_word' id='word_1_307' title='bbox 3216 1134 3275 1170; x_wconf 78' lang='grc' dir='ltr'><strong>τε</strong></span> <span class='ocrx_word' id='word_1_308' title='bbox 3304 1113 3367 1190; x_wconf 76' lang='grc' dir='ltr'><strong>ἦν</strong></span> <span class='ocrx_word' id='word_1_309' title='bbox 3394 1120 3540 1191; x_wconf 58' lang='grc' dir='ltr'><strong>αὐτῷ,</strong></span> <span class='ocrx_word' id='word_1_310' title='bbox 3564 1125 3639 1178; x_wconf 57' lang='grc' dir='ltr'><strong>καὶ</strong></span> 
     </span>
    </p>
   </div>
   <div class='ocr_carea' id='block_1_43' title="bbox 2127 1203 3658 1282">
    <p class='ocr_par' dir='ltr' id='par_1_43' title="bbox 2127 1203 3658 1282">
     <span class='ocr_line' id='line_1_43' title="bbox 2127 1203 3658 1282; baseline 0.007 -24"><span class='ocrx_word' id='word_1_311' title='bbox 2127 1204 2408 1270; x_wconf 71' lang='grc' dir='ltr'>Σοφωνίδα</span> <span class='ocrx_word' id='word_1_312' title='bbox 2451 1204 2553 1272; x_wconf 80' lang='grc' dir='ltr'>τὴν</span> <span class='ocrx_word' id='word_1_313' title='bbox 2585 1203 2785 1260; x_wconf 74' lang='grc' dir='ltr'>ἑαυτοῦ</span> <span class='ocrx_word' id='word_1_314' title='bbox 2833 1204 3110 1278; x_wconf 78' lang='grc' dir='ltr'><strong>θυγατέρα</strong></span> <span class='ocrx_word' id='word_1_315' title='bbox 3172 1208 3316 1278; x_wconf 79' lang='grc' dir='ltr'>αὑτῷ</span> <span class='ocrx_word' id='word_1_316' title='bbox 3364 1210 3658 1282; x_wconf 51' lang='grc' dir='ltr'>ἐνηγγύησι.</span> 
     </span>
    </p>
   </div>
   <div class='ocr_carea' id='block_1_44' title="bbox 2126 1297 3639 1376">
    <p class='ocr_par' dir='ltr' id='par_1_44' title="bbox 2126 1297 3639 1376">
     <span class='ocr_line' id='line_1_44' title="bbox 2126 1297 3639 1376; baseline 0.005 -25"><span class='ocrx_word' id='word_1_317' title='bbox 2126 1298 2219 1368; x_wconf 82' lang='grc' dir='ltr'><strong>Τῷ</strong></span> <span class='ocrx_word' id='word_1_318' title='bbox 2242 1297 2461 1368; x_wconf 87' lang='grc' dir='ltr'>Σύφακι</span> <span class='ocrx_word' id='word_1_319' title='bbox 2480 1298 2539 1352; x_wconf 68' lang='grc' dir='ltr'>δὲ</span> <span class='ocrx_word' id='word_1_320' title='bbox 2572 1300 2998 1369; x_wconf 82' lang='grc' dir='ltr'><strong>συγγενόμενος,</strong></span> <span class='ocrx_word' id='word_1_321' title='bbox 3024 1300 3122 1354; x_wconf 77' lang='grc' dir='ltr'>καὶ</span> <span class='ocrx_word' id='word_1_322' title='bbox 3148 1303 3216 1355; x_wconf 76' lang='grc' dir='ltr'>τὰ</span> <span class='ocrx_word' id='word_1_323' title='bbox 3247 1302 3351 1356; x_wconf 84' lang='grc' dir='ltr'><strong>τῶν</strong></span> <span class='ocrx_word' id='word_1_324' title='bbox 3403 1304 3639 1376; x_wconf 85' lang='grc' dir='ltr'>Ῥωμαίων</span> 
     </span>
    </p>
   </div>
   <div class='ocr_carea' id='block_1_45' title="bbox 2129 1390 3642 1468">
    <p class='ocr_par' dir='ltr' id='par_1_45' title="bbox 2129 1390 3642 1468">
     <span class='ocr_line' id='line_1_45' title="bbox 2129 1390 3642 1468; baseline 0.004 -24"><span class='ocrx_word' id='word_1_325' title='bbox 2129 1391 2294 1444; x_wconf 84' lang='grc' dir='ltr'>αὐτὸν</span> <span class='ocrx_word' id='word_1_326' title='bbox 2338 1390 2647 1460; x_wconf 78' lang='grc' dir='ltr'>φρονοῦντα</span> <span class='ocrx_word' id='word_1_327' title='bbox 2702 1390 3049 1462; x_wconf 77' lang='grc' dir='ltr'>αἰσθόμενος,</span> <span class='ocrx_word' id='word_1_328' title='bbox 3091 1395 3273 1447; x_wconf 83' lang='grc' dir='ltr'>ούκέτι</span> <span class='ocrx_word' id='word_1_329' title='bbox 3315 1394 3379 1448; x_wconf 79' lang='grc' dir='ltr'>τὰ</span> <span class='ocrx_word' id='word_1_330' title='bbox 3411 1396 3642 1468; x_wconf 75' lang='grc' dir='ltr'>ὡμολογη-</span> 
     </span>
    </p>
   </div>
   <div class='ocr_carea' id='block_1_46' title="bbox 2133 1482 3642 1553">
    <p class='ocr_par' dir='ltr' id='par_1_46' title="bbox 2133 1482 3642 1553">
     <span class='ocr_line' id='line_1_46' title="bbox 2133 1482 3642 1553; baseline 0.005 -17"><span class='ocrx_word' id='word_1_331' title='bbox 2133 1482 2270 1553; x_wconf 77' lang='grc' dir='ltr'>μένα</span> <span class='ocrx_word' id='word_1_332' title='bbox 2295 1482 2432 1553; x_wconf 76' lang='grc' dir='ltr'>πρὸς</span> <span class='ocrx_word' id='word_1_333' title='bbox 2464 1482 2557 1536; x_wconf 82' lang='grc' dir='ltr'><strong>τὸν</strong></span> <span class='ocrx_word' id='word_1_334' title='bbox 2592 1483 2943 1537; x_wconf 83' lang='grc' dir='ltr'>Μασινίσσαν</span> <span class='ocrx_word' id='word_1_335' title='bbox 2990 1484 3287 1552; x_wconf 67' lang='grc' dir='ltr'>ἐφύλαξεν*</span> <span class='ocrx_word' id='word_1_336' title='bbox 3337 1486 3459 1541; x_wconf 76' lang='grc' dir='ltr'><strong>ἀλλᾶ</strong></span> <span class='ocrx_word' id='word_1_337' title='bbox 3511 1489 3642 1542; x_wconf 76' lang='grc' dir='ltr'>θέλων</span> 
     </span>
    </p>
   </div>
   <div class='ocr_carea' id='block_1_47' title="bbox 2127 1575 3643 1649">
    <p class='ocr_par' dir='ltr' id='par_1_47' title="bbox 2127 1575 3643 1649">
     <span class='ocr_line' id='line_1_47' title="bbox 2127 1575 3643 1649; baseline 0.003 -21"><span class='ocrx_word' id='word_1_338' title='bbox 2127 1576 2243 1638; x_wconf 82' lang='grc' dir='ltr'>τοῖς</span> <span class='ocrx_word' id='word_1_339' title='bbox 2278 1575 2677 1647; x_wconf 76' lang='grc' dir='ltr'>Καρχηδονίοις</span> <span class='ocrx_word' id='word_1_340' title='bbox 2712 1576 2809 1628; x_wconf 79' lang='grc' dir='ltr'>τὸν</span> <span class='ocrx_word' id='word_1_341' title='bbox 2830 1575 3059 1645; x_wconf 83' lang='grc' dir='ltr'>Σύφακα</span> <span class='ocrx_word' id='word_1_342' title='bbox 3086 1579 3548 1649; x_wconf 71' lang='grc' dir='ltr'><strong>προσποιήσασθαι,</strong></span> <span class='ocrx_word' id='word_1_343' title='bbox 3569 1582 3643 1633; x_wconf 72' lang='grc' dir='ltr'>οὐκ</span> 
     </span>
    </p>
   </div>
   <div class='ocr_carea' id='block_1_48' title="bbox 2130 1666 3644 1741">
    <p class='ocr_par' dir='ltr' id='par_1_48' title="bbox 2130 1666 3644 1741">
     <span class='ocr_line' id='line_1_48' title="bbox 2130 1666 3644 1741; baseline 0.004 -22"><span class='ocrx_word' id='word_1_344' title='bbox 2130 1666 2425 1737; x_wconf 68' lang='grc' dir='ltr'>ἐλαχίστης</span> <span class='ocrx_word' id='word_1_345' title='bbox 2455 1667 2741 1737; x_wconf 78' lang='grc' dir='ltr'>δυνάμεως</span> <span class='ocrx_word' id='word_1_346' title='bbox 2779 1668 3043 1737; x_wconf 77' lang='grc' dir='ltr'>ἄρχοντα,</span> <span class='ocrx_word' id='word_1_347' title='bbox 3113 1668 3213 1739; x_wconf 76' lang='grc' dir='ltr'>τήν</span> <span class='ocrx_word' id='word_1_348' title='bbox 3258 1685 3313 1721; x_wconf 89' lang='grc' dir='ltr'><strong>τε</strong></span> <span class='ocrx_word' id='word_1_349' title='bbox 3351 1672 3506 1741; x_wconf 74' lang='grc' dir='ltr'>ἀρχὴν</span> <span class='ocrx_word' id='word_1_350' title='bbox 3532 1670 3644 1741; x_wconf 76' lang='grc' dir='ltr'>αὐτῷ</span> 
     </span>
    </p>
   </div>
   <div class='ocr_carea' id='block_1_49' title="bbox 2132 1757 3646 1833">
    <p class='ocr_par' dir='ltr' id='par_1_49' title="bbox 2132 1757 3646 1833">
     <span class='ocr_line' id='line_1_49' title="bbox 2132 1757 3646 1833; baseline 0.004 -22"><span class='ocrx_word' id='word_1_351' title='bbox 2132 1757 2607 1829; x_wconf 79' lang='grc' dir='ltr'>συγκατέπραξεν,</span> <span class='ocrx_word' id='word_1_352' title='bbox 2635 1760 2671 1830; x_wconf 74' lang='grc' dir='ltr'>ἢ</span> <span class='ocrx_word' id='word_1_353' title='bbox 2702 1760 2782 1829; x_wconf 83' lang='grc' dir='ltr'>τῷ</span> <span class='ocrx_word' id='word_1_354' title='bbox 2806 1761 3125 1833; x_wconf 69' lang='grc' dir='ltr'>Μασινίσσα</span> <span class='ocrx_word' id='word_1_355' title='bbox 3156 1763 3412 1832; x_wconf 66' lang='grc' dir='ltr'>προσῆκε,</span> <span class='ocrx_word' id='word_1_356' title='bbox 3437 1763 3520 1816; x_wconf 78' lang='grc' dir='ltr'><strong>τού</strong></span> <span class='ocrx_word' id='word_1_357' title='bbox 3567 1781 3646 1817; x_wconf 79' lang='grc' dir='ltr'>πα-</span> 
     </span>
    </p>
   </div>
   <div class='ocr_carea' id='block_1_50' title="bbox 2130 1850 3647 1923">
    <p class='ocr_par' dir='ltr' id='par_1_50' title="bbox 2130 1850 3647 1923">
     <span class='ocr_line' id='line_1_50' title="bbox 2130 1850 3647 1923; baseline 0.001 -18"><span class='ocrx_word' id='word_1_358' title='bbox 2130 1850 2258 1923; x_wconf 76' lang='grc' dir='ltr'>τρὸς</span> <span class='ocrx_word' id='word_1_359' title='bbox 2284 1851 2453 1905; x_wconf 80' lang='grc' dir='ltr'>αὑτοῦ</span> <span class='ocrx_word' id='word_1_360' title='bbox 2487 1850 2609 1905; x_wconf 82' lang='grc' dir='ltr'>τότε</span> <span class='ocrx_word' id='word_1_361' title='bbox 2647 1850 2927 1915; x_wconf 74' lang='grc' dir='ltr'>θανόντος,</span> <span class='ocrx_word' id='word_1_362' title='bbox 2959 1852 3058 1905; x_wconf 68' lang='grc' dir='ltr'>καὶ</span> <span class='ocrx_word' id='word_1_363' title='bbox 3096 1852 3195 1923; x_wconf 77' lang='grc' dir='ltr'>τὴν</span> <span class='ocrx_word' id='word_1_364' title='bbox 3225 1853 3484 1921; x_wconf 79' lang='grc' dir='ltr'>Σοφωνξδα</span> <span class='ocrx_word' id='word_1_365' title='bbox 3511 1853 3647 1923; x_wconf 70' lang='grc' dir='ltr'><strong>συνῲο</strong></span> 
     </span>
    </p>
   </div>
   <div class='ocr_carea' id='block_1_51' title="bbox 2132 1940 3647 2016">
    <p class='ocr_par' dir='ltr' id='par_1_51' title="bbox 2132 1940 3647 2016">
     <span class='ocr_line' id='line_1_51' title="bbox 2132 1940 3647 2016; baseline -0.001 -19"><span class='ocrx_word' id='word_1_366' title='bbox 2132 1959 2307 1997; x_wconf 91' lang='grc' dir='ltr'>κισεν.</span> <span class='ocrx_word' id='word_1_367' title='bbox 2353 1943 2417 1996; x_wconf 82' lang='grc' dir='ltr'><strong>Ἠ</strong></span> <span class='ocrx_word' id='word_1_368' title='bbox 2445 1942 2502 1996; x_wconf 71' lang='grc' dir='ltr'>δὲ</span> <span class='ocrx_word' id='word_1_369' title='bbox 2525 1943 2587 1996; x_wconf 84' lang='grc' dir='ltr'>τό</span> <span class='ocrx_word' id='word_1_370' title='bbox 2613 1959 2673 1996; x_wconf 82' lang='grc' dir='ltr'><strong>τε</strong></span> <span class='ocrx_word' id='word_1_371' title='bbox 2713 1942 2910 2007; x_wconf 83' lang='grc' dir='ltr'>κάλλος</span> <span class='ocrx_word' id='word_1_372' title='bbox 2937 1945 3211 2013; x_wconf 66' lang='grc' dir='ltr'>ἐπιφανὴς</span> <span class='ocrx_word' id='word_1_373' title='bbox 3239 1940 3325 2015; x_wconf 70' lang='grc' dir='ltr'>ἦν,</span> <span class='ocrx_word' id='word_1_374' title='bbox 3358 1945 3446 1997; x_wconf 82' lang='grc' dir='ltr'>καὶ</span> <span class='ocrx_word' id='word_1_375' title='bbox 3470 1945 3647 2016; x_wconf 70' lang='grc' dir='ltr'>παιδεία</span> 
     </span>
    </p>
   </div>
   <div class='ocr_carea' id='block_1_52' title="bbox 2133 2034 3649 2107">
    <p class='ocr_par' dir='ltr' id='par_1_52' title="bbox 2133 2034 3649 2107">
     <span class='ocr_line' id='line_1_52' title="bbox 2133 2034 3649 2107; baseline -0.001 -19"><span class='ocrx_word' id='word_1_376' title='bbox 2133 2034 2304 2105; x_wconf 82' lang='grc' dir='ltr'>πολλῇ</span> <span class='ocrx_word' id='word_1_377' title='bbox 2324 2034 2420 2089; x_wconf 74' lang='grc' dir='ltr'>καὶ</span> <span class='ocrx_word' id='word_1_378' title='bbox 2451 2034 2802 2105; x_wconf 73' lang='grc' dir='ltr'>γραμμάτων</span> <span class='ocrx_word' id='word_1_379' title='bbox 2831 2038 2925 2090; x_wconf 81' lang='grc' dir='ltr'>καὶ</span> <span class='ocrx_word' id='word_1_380' title='bbox 2944 2037 3214 2107; x_wconf 77' lang='grc' dir='ltr'>μουσικῆς</span> <span class='ocrx_word' id='word_1_381' title='bbox 3241 2036 3440 2107; x_wconf 71' lang='grc' dir='ltr'>ἡσκητο</span> <span class='ocrx_word' id='word_1_382' title='bbox 3457 2051 3470 2065; x_wconf 84' lang='grc'><em>’</em></span> <span class='ocrx_word' id='word_1_383' title='bbox 3497 2034 3649 2089; x_wconf 80' lang='grc' dir='ltr'>ἀστεία</span> 
     </span>
    </p>
   </div>
   <div class='ocr_carea' id='block_1_53' title="bbox 2133 2123 3649 2201">
    <p class='ocr_par' dir='ltr' id='par_1_53' title="bbox 2133 2123 3649 2201">
     <span class='ocr_line' id='line_1_53' title="bbox 2133 2123 3649 2201; baseline -0.001 -20"><span class='ocrx_word' id='word_1_384' title='bbox 2133 2144 2193 2181; x_wconf 87' lang='grc' dir='ltr'><strong>τε</strong></span> <span class='ocrx_word' id='word_1_385' title='bbox 2220 2127 2315 2181; x_wconf 75' lang='grc' dir='ltr'>καὶ</span> <span class='ocrx_word' id='word_1_386' title='bbox 2340 2127 2573 2199; x_wconf 87' lang='grc' dir='ltr'>αίμύλος</span> <span class='ocrx_word' id='word_1_387' title='bbox 2600 2123 2691 2201; x_wconf 82' lang='grc' dir='ltr'>ἦν,</span> <span class='ocrx_word' id='word_1_388' title='bbox 2732 2130 2827 2183; x_wconf 73' lang='grc' dir='ltr'>καὶ</span> <span class='ocrx_word' id='word_1_389' title='bbox 2855 2129 3028 2192; x_wconf 75' lang='grc' dir='ltr'>οὕτως</span> <span class='ocrx_word' id='word_1_390' title='bbox 3060 2131 3431 2201; x_wconf 66' lang='grc' dir='ltr'>δπαφρόδιτςς,</span> <span class='ocrx_word' id='word_1_391' title='bbox 3479 2128 3543 2191; x_wconf 85' lang='grc' dir='ltr'><strong>ὡς</strong></span> <span class='ocrx_word' id='word_1_392' title='bbox 3573 2129 3649 2196; x_wconf 65' lang='grc' dir='ltr'>ὑφ·</span> 
     </span>
    </p>
   </div>
   <div class='ocr_carea' id='block_1_54' title="bbox 2132 2218 3651 2291">
    <p class='ocr_par' dir='ltr' id='par_1_54' title="bbox 2132 2218 3651 2291">
     <span class='ocr_line' id='line_1_54' title="bbox 2132 2218 3651 2291; baseline -0.001 -18"><span class='ocrx_word' id='word_1_393' title='bbox 2132 2219 2288 2274; x_wconf 86' lang='grc' dir='ltr'>θεῖσα</span> <span class='ocrx_word' id='word_1_394' title='bbox 2321 2219 2472 2291; x_wconf 76' lang='grc' dir='ltr'>ἢκαὶ</span> <span class='ocrx_word' id='word_1_395' title='bbox 2514 2220 2847 2274; x_wconf 77' lang='grc' dir='ltr'>ἀκουσθείσα</span> <span class='ocrx_word' id='word_1_396' title='bbox 2899 2223 3066 2291; x_wconf 75' lang='grc' dir='ltr'>μόνον</span> <span class='ocrx_word' id='word_1_397' title='bbox 3101 2220 3199 2275; x_wconf 76' lang='grc' dir='ltr'>καὶ</span> <span class='ocrx_word' id='word_1_398' title='bbox 3234 2220 3326 2273; x_wconf 81' lang='grc' dir='ltr'>τὸν</span> <span class='ocrx_word' id='word_1_399' title='bbox 3363 2222 3489 2274; x_wconf 77' lang='grc' dir='ltr'>πάνυ</span> <span class='ocrx_word' id='word_1_400' title='bbox 3525 2218 3651 2272; x_wconf 66' lang='grc' dir='ltr'>δυσί.</span> 
     </span>
    </p>
   </div>
   <div class='ocr_carea' id='block_1_55' title="bbox 2133 2309 3652 2385">
    <p class='ocr_par' dir='ltr' id='par_1_55' title="bbox 2133 2309 3652 2385">
     <span class='ocr_line' id='line_1_55' title="bbox 2133 2309 3652 2385; baseline -0.001 -19"><span class='ocrx_word' id='word_1_401' title='bbox 2133 2330 2280 2383; x_wconf 86' lang='grc' dir='ltr'>ρωτα</span> <span class='ocrx_word' id='word_1_402' title='bbox 2308 2313 2782 2385; x_wconf 79' lang='grc' dir='ltr'>κατεργάσασθαι.</span> <span class='ocrx_word' id='word_1_403' title='bbox 2820 2314 2880 2367; x_wconf 88' lang='lat'><strong>&#39;0</strong></span> <span class='ocrx_word' id='word_1_404' title='bbox 2906 2313 3007 2383; x_wconf 73' lang='grc' dir='ltr'>μὲν</span> <span class='ocrx_word' id='word_1_405' title='bbox 3058 2309 3156 2368; x_wconf 76' lang='grc' dir='ltr'>οὖν</span> <span class='ocrx_word' id='word_1_406' title='bbox 3205 2312 3384 2383; x_wconf 79' lang='grc' dir='ltr'>Σύφαξ</span> <span class='ocrx_word' id='word_1_407' title='bbox 3417 2313 3495 2365; x_wconf 82' lang='grc' dir='ltr'><strong>διὰ</strong></span> <span class='ocrx_word' id='word_1_408' title='bbox 3517 2310 3652 2365; x_wconf 69' lang='grc' dir='ltr'>ταῦτα</span> 
     </span>
    </p>
   </div>
   <div class='ocr_carea' id='block_1_56' title="bbox 2132 2398 3652 2475">
    <p class='ocr_par' dir='ltr' id='par_1_56' title="bbox 2132 2398 3652 2475">
     <span class='ocr_line' id='line_1_56' title="bbox 2132 2398 3652 2475; baseline -0.005 -19"><span class='ocrx_word' id='word_1_409' title='bbox 2132 2406 2244 2466; x_wconf 83' lang='grc' dir='ltr'>τοῖς</span> <span class='ocrx_word' id='word_1_410' title='bbox 2269 2403 2660 2475; x_wconf 76' lang='grc' dir='ltr'>Καρχηδονίοις</span> <span class='ocrx_word' id='word_1_411' title='bbox 2691 2403 3016 2474; x_wconf 76' lang='grc' dir='ltr'>προσέθετο·</span> <span class='ocrx_word' id='word_1_412' title='bbox 3060 2403 3158 2457; x_wconf 84' lang='grc' dir='ltr'>καὶ</span> <span class='ocrx_word' id='word_1_413' title='bbox 3200 2404 3230 2457; x_wconf 82' lang='grc' dir='ltr'><strong>ὑ</strong></span> <span class='ocrx_word' id='word_1_414' title='bbox 3270 2401 3573 2461; x_wconf 82' lang='grc' dir='ltr'>Μασινίσσας</span> <span class='ocrx_word' id='word_1_415' title='bbox 3599 2398 3652 2449; x_wconf 70' lang='grc' dir='ltr'>τὰ</span> 
     </span>
    </p>
   </div>
   <div class='ocr_carea' id='block_1_57' title="bbox 2131 2491 3655 2565">
    <p class='ocr_par' dir='ltr' id='par_1_57' title="bbox 2131 2491 3655 2565">
     <span class='ocr_line' id='line_1_57' title="bbox 2131 2491 3655 2565; baseline -0.006 -16"><span class='ocrx_word' id='word_1_416' title='bbox 2131 2494 2246 2549; x_wconf 85' lang='grc' dir='ltr'><strong>τῶν</strong></span> <span class='ocrx_word' id='word_1_417' title='bbox 2285 2493 2575 2565; x_wconf 83' lang='grc' dir='ltr'>Ῥωμαίων</span> <span class='ocrx_word' id='word_1_418' title='bbox 2610 2493 2891 2547; x_wconf 79' lang='grc' dir='ltr'>ἀνθεὶλετο</span> <span class='ocrx_word' id='word_1_419' title='bbox 2921 2494 3015 2547; x_wconf 78' lang='grc' dir='ltr'>καὶ</span> <span class='ocrx_word' id='word_1_420' title='bbox 3059 2493 3472 2565; x_wconf 81' lang='grc' dir='ltr'>χρησιμώτατος</span> <span class='ocrx_word' id='word_1_421' title='bbox 3510 2491 3655 2549; x_wconf 64' lang='lat' dir='ltr'><strong>ciui;</strong></span> 
     </span>
    </p>
   </div>
   <div class='ocr_carea' id='block_1_58' title="bbox 2133 2580 3649 2656">
    <p class='ocr_par' dir='ltr' id='par_1_58' title="bbox 2133 2580 3649 2656">
     <span class='ocr_line' id='line_1_58' title="bbox 2133 2580 3649 2656; baseline -0.005 -14"><span class='ocrx_word' id='word_1_422' title='bbox 2133 2589 2223 2642; x_wconf 67' lang='grc' dir='ltr'>διὰ</span> <span class='ocrx_word' id='word_1_423' title='bbox 2256 2588 2475 2642; x_wconf 79' lang='grc' dir='ltr'>πάντων</span> <span class='ocrx_word' id='word_1_424' title='bbox 2498 2588 2738 2656; x_wconf 71' lang='grc' dir='ltr'>ἐγένετο.</span> <span class='ocrx_word' id='word_1_425' title='bbox 2761 2585 3003 2641; x_wconf 82' lang='grc' dir='ltr'>Σκιπίων</span> <span class='ocrx_word' id='word_1_426' title='bbox 3028 2586 3111 2652; x_wconf 67' lang='grc' dir='ltr'>δὲ,</span> <span class='ocrx_word' id='word_1_427' title='bbox 3137 2586 3312 2639; x_wconf 78' lang='grc' dir='ltr'>πάντα</span> <span class='ocrx_word' id='word_1_428' title='bbox 3340 2586 3405 2638; x_wconf 75' lang='grc' dir='ltr'><strong>τὰ</strong></span> <span class='ocrx_word' id='word_1_429' title='bbox 3429 2582 3557 2646; x_wconf 68' lang='grc' dir='ltr'>ἐντὸς</span> <span class='ocrx_word' id='word_1_430' title='bbox 3578 2580 3649 2635; x_wconf 68' lang='grc' dir='ltr'>τοῦ</span> 
     </span>
    </p>
   </div>
   <div class='ocr_carea' id='block_1_59' title="bbox 2137 2674 3656 2752">
    <p class='ocr_par' dir='ltr' id='par_1_59' title="bbox 2137 2674 3656 2752">
     <span class='ocr_line' id='line_1_59' title="bbox 2137 2674 3656 2752; baseline -0.004 -19"><span class='ocrx_word' id='word_1_431' title='bbox 2137 2679 2447 2750; x_wconf 75' lang='grc' dir='ltr'>ίίυρηναίου</span> <span class='ocrx_word' id='word_1_432' title='bbox 2477 2681 2546 2735; x_wconf 84' lang='grc' dir='ltr'><strong>τὰ</strong></span> <span class='ocrx_word' id='word_1_433' title='bbox 2572 2679 2675 2750; x_wconf 78' lang='grc' dir='ltr'>μὲν</span> <span class='ocrx_word' id='word_1_434' title='bbox 2703 2678 2821 2752; x_wconf 79' lang='grc' dir='ltr'>βίᾳ,</span> <span class='ocrx_word' id='word_1_435' title='bbox 2865 2679 2932 2731; x_wconf 71' lang='grc' dir='ltr'><strong>τὰ</strong></span> <span class='ocrx_word' id='word_1_436' title='bbox 2966 2678 3024 2732; x_wconf 77' lang='grc' dir='ltr'>δὲ</span> <span class='ocrx_word' id='word_1_437' title='bbox 3058 2678 3323 2750; x_wconf 77' lang='grc' dir='ltr'>ὁμολογίᾳ</span> <span class='ocrx_word' id='word_1_438' title='bbox 3345 2674 3656 2749; x_wconf 54' lang='grc' dir='ltr'>προετίμησα·</span> 
     </span>
    </p>
   </div>
   <div class='ocr_carea' id='block_1_60' title="bbox 2139 2761 3655 2840">
    <p class='ocr_par' dir='ltr' id='par_1_60' title="bbox 2139 2761 3655 2840">
     <span class='ocr_line' id='line_1_60' title="bbox 2139 2761 3655 2840; baseline -0.003 -19"><span class='ocrx_word' id='word_1_439' title='bbox 2139 2785 2327 2839; x_wconf 77' lang='grc' dir='ltr'>μενος,</span> <span class='ocrx_word' id='word_1_440' title='bbox 2380 2770 2435 2831; x_wconf 78' lang='grc' dir='ltr'>ἐς</span> <span class='ocrx_word' id='word_1_441' title='bbox 2470 2769 2569 2839; x_wconf 76' lang='grc' dir='ltr'>τὴν</span> <span class='ocrx_word' id='word_1_442' title='bbox 2611 2767 2818 2837; x_wconf 84' lang='grc' dir='ltr'>Διϐύην</span> <span class='ocrx_word' id='word_1_443' title='bbox 2849 2768 3170 2823; x_wconf 71' lang='grc' dir='ltr'>στείλασθαι</span> <span class='ocrx_word' id='word_1_444' title='bbox 3192 2768 3519 2840; x_wconf 73' lang='grc' dir='ltr'>ἡτοιμάζετο.</span> <span class='ocrx_word' id='word_1_445' title='bbox 3543 2765 3593 2818; x_wconf 88' lang='lat' dir='ltr'><strong>Ol</strong></span> <span class='ocrx_word' id='word_1_446' title='bbox 3621 2761 3655 2817; x_wconf 78' lang='grc' dir='ltr'>δ’</span> 
     </span>
    </p>
   </div>
   <div class='ocr_carea' id='block_1_61' title="bbox 2142 2856 3658 2930">
    <p class='ocr_par' dir='ltr' id='par_1_61' title="bbox 2142 2856 3658 2930">
     <span class='ocr_line' id='line_1_61' title="bbox 2142 2856 3658 2930; baseline -0.002 -18"><span class='ocrx_word' id='word_1_447' title='bbox 2142 2859 2202 2912; x_wconf 62' lang='grc' dir='ltr'>ἂν</span> <span class='ocrx_word' id='word_1_448' title='bbox 2234 2861 2299 2930; x_wconf 78' lang='grc' dir='ltr'><strong>τῇ</strong></span> <span class='ocrx_word' id='word_1_449' title='bbox 2338 2858 2526 2930; x_wconf 78' lang='grc' dir='ltr'><strong>Ῥώμῃ</strong></span> <span class='ocrx_word' id='word_1_450' title='bbox 2553 2859 2624 2912; x_wconf 81' lang='grc' dir='ltr'>τὰ</span> <span class='ocrx_word' id='word_1_451' title='bbox 2650 2857 2750 2930; x_wconf 83' lang='grc' dir='ltr'>μὲν</span> <span class='ocrx_word' id='word_1_452' title='bbox 2788 2858 2968 2929; x_wconf 79' lang='grc' dir='ltr'>φθόνῳ</span> <span class='ocrx_word' id='word_1_453' title='bbox 2990 2859 3102 2912; x_wconf 84' lang='grc' dir='ltr'><strong>τῶν</strong></span> <span class='ocrx_word' id='word_1_454' title='bbox 3137 2858 3549 2930; x_wconf 81' lang='grc' dir='ltr'>κατορθωμάτων</span> <span class='ocrx_word' id='word_1_455' title='bbox 3583 2856 3658 2910; x_wconf 75' lang='grc' dir='ltr'>αύ-</span> 
     </span>
    </p>
   </div>
   <div class='ocr_carea' id='block_1_62' title="bbox 2136 2949 3656 3024">
    <p class='ocr_par' dir='ltr' id='par_1_62' title="bbox 2136 2949 3656 3024">
     <span class='ocr_line' id='line_1_62' title="bbox 2136 2949 3656 3024; baseline -0.001 -21"><span class='ocrx_word' id='word_1_456' title='bbox 2136 2950 2254 3014; x_wconf 83' lang='grc' dir='ltr'>τοῦ,</span> <span class='ocrx_word' id='word_1_457' title='bbox 2299 2952 2368 3005; x_wconf 81' lang='grc' dir='ltr'><strong>τὰ</strong></span> <span class='ocrx_word' id='word_1_458' title='bbox 2401 2952 2457 3005; x_wconf 74' lang='grc' dir='ltr'>δὲ</span> <span class='ocrx_word' id='word_1_459' title='bbox 2490 2950 2643 3022; x_wconf 74' lang='grc' dir='ltr'>φόϐῳ</span> <span class='ocrx_word' id='word_1_460' title='bbox 2670 2952 2747 3022; x_wconf 77' lang='grc' dir='ltr'>μὴ</span> <span class='ocrx_word' id='word_1_461' title='bbox 2771 2951 3204 3024; x_wconf 81' lang='grc' dir='ltr'>ὑπερφρονήσας</span> <span class='ocrx_word' id='word_1_462' title='bbox 3231 2949 3656 3023; x_wconf 78' lang='grc' dir='ltr'>τυραννήση,ἁνε-</span> 
     </span>
    </p>
   </div>
   <div class='ocr_carea' id='block_1_63' title="bbox 2138 3044 3660 3117">
    <p class='ocr_par' dir='ltr' id='par_1_63' title="bbox 2138 3044 3660 3117">
     <span class='ocr_line' id='line_1_63' title="bbox 2138 3044 3660 3117; baseline -0.003 -18"><span class='ocrx_word' id='word_1_463' title='bbox 2138 3046 2442 3100; x_wconf 69' lang='grc' dir='ltr'>καλέσαντο</span> <span class='ocrx_word' id='word_1_464' title='bbox 2502 3047 2689 3112; x_wconf 81' lang='grc' dir='ltr'>αὑτὸν,</span> <span class='ocrx_word' id='word_1_465' title='bbox 2737 3045 2850 3100; x_wconf 86' lang='grc' dir='ltr'><strong>δύω</strong></span> <span class='ocrx_word' id='word_1_466' title='bbox 2908 3044 3020 3099; x_wconf 83' lang='grc' dir='ltr'>τῶν</span> <span class='ocrx_word' id='word_1_467' title='bbox 3072 3046 3393 3117; x_wconf 80' lang='grc' dir='ltr'>στρατηγῶν</span> <span class='ocrx_word' id='word_1_468' title='bbox 3434 3044 3660 3113; x_wconf 80' lang='grc' dir='ltr'>διαδόχους</span> 
     </span>
    </p>
   </div>
   <div class='ocr_carea' id='block_1_64' title="bbox 2139 3135 3660 3210">
    <p class='ocr_par' dir='ltr' id='par_1_64' title="bbox 2139 3135 3660 3210">
     <span class='ocr_line' id='line_1_64' title="bbox 2139 3135 3660 3210; baseline -0.002 -18"><span class='ocrx_word' id='word_1_469' title='bbox 2139 3138 2294 3208; x_wconf 85' lang='grc' dir='ltr'><strong>αύτῷ</strong></span> <span class='ocrx_word' id='word_1_470' title='bbox 2313 3137 2656 3209; x_wconf 72' lang='grc' dir='ltr'>πέμψαντες.</span> <span class='ocrx_word' id='word_1_471' title='bbox 2693 3140 2802 3192; x_wconf 75' lang='grc' dir='ltr'><strong>Καὶ</strong></span> <span class='ocrx_word' id='word_1_472' title='bbox 2821 3141 2850 3193; x_wconf 84' lang='grc' dir='ltr'><strong>ὑ</strong></span> <span class='ocrx_word' id='word_1_473' title='bbox 2881 3138 2981 3209; x_wconf 74' lang='grc' dir='ltr'>μὲν</span> <span class='ocrx_word' id='word_1_474' title='bbox 3008 3138 3157 3195; x_wconf 72' lang='grc' dir='ltr'>οὕτω</span> <span class='ocrx_word' id='word_1_475' title='bbox 3177 3140 3278 3210; x_wconf 80' lang='grc' dir='ltr'>τῆς</span> <span class='ocrx_word' id='word_1_476' title='bbox 3299 3139 3459 3210; x_wconf 79' lang='grc' dir='ltr'>ἀρχῆς</span> <span class='ocrx_word' id='word_1_477' title='bbox 3474 3135 3660 3202; x_wconf 74' lang='grc' dir='ltr'>ἐπαύθη.</span> 
     </span>
    </p>
   </div>
   <div class='ocr_carea' id='block_1_65' title="bbox 2152 3227 3662 3300">
    <p class='ocr_par' dir='ltr' id='par_1_65' title="bbox 2152 3227 3662 3300">
     <span class='ocr_line' id='line_1_65' title="bbox 2152 3227 3662 3300; baseline -0.004 -15"><span class='ocrx_word' id='word_1_478' title='bbox 2152 3230 2215 3284; x_wconf 84' lang='grc'><strong>’0</strong></span> <span class='ocrx_word' id='word_1_479' title='bbox 2243 3230 2303 3285; x_wconf 76' lang='grc' dir='ltr'>δέ</span> <span class='ocrx_word' id='word_1_480' title='bbox 2328 3247 2393 3297; x_wconf 89' lang='grc' dir='ltr'><strong>γε</strong></span> <span class='ocrx_word' id='word_1_481' title='bbox 2415 3230 2740 3295; x_wconf 82' lang='grc' dir='ltr'>Σουλπίκιος</span> <span class='ocrx_word' id='word_1_482' title='bbox 2796 3232 2938 3300; x_wconf 76' lang='grc' dir='ltr'>μετὰ</span> <span class='ocrx_word' id='word_1_483' title='bbox 2995 3232 3094 3285; x_wconf 83' lang='grc' dir='ltr'>τοῦ</span> <span class='ocrx_word' id='word_1_484' title='bbox 3147 3232 3399 3286; x_wconf 79' lang='grc' dir='ltr'>’Δττὰλου</span> <span class='ocrx_word' id='word_1_485' title='bbox 3430 3229 3552 3284; x_wconf 80' lang='grc' dir='ltr'>κατὰ</span> <span class='ocrx_word' id='word_1_486' title='bbox 3593 3227 3662 3280; x_wconf 73' lang='grc' dir='ltr'>τὸν</span> 
     </span>
    </p>
   </div>
   <div class='ocr_carea' id='block_1_66' title="bbox 2142 3317 3664 3395">
    <p class='ocr_par' dir='ltr' id='par_1_66' title="bbox 2142 3317 3664 3395">
     <span class='ocr_line' id='line_1_66' title="bbox 2142 3317 3664 3395; baseline -0.005 -17"><span class='ocrx_word' id='word_1_487' title='bbox 2142 3322 2305 3378; x_wconf 83' lang='grc' dir='ltr'>αὐτὸν</span> <span class='ocrx_word' id='word_1_488' title='bbox 2334 3323 2528 3395; x_wconf 74' lang='grc' dir='ltr'>χρόνῦν</span> <span class='ocrx_word' id='word_1_489' title='bbox 2572 3323 2758 3394; x_wconf 72' lang='grc' dir='ltr'>Ὠρεὸν</span> <span class='ocrx_word' id='word_1_490' title='bbox 2793 3323 2892 3394; x_wconf 77' lang='grc' dir='ltr'>μὲν</span> <span class='ocrx_word' id='word_1_491' title='bbox 2912 3324 3207 3395; x_wconf 79' lang='grc' dir='ltr'>προδοσίᾳ,</span> <span class='ocrx_word' id='word_1_492' title='bbox 3258 3322 3509 3378; x_wconf 83' lang='grc' dir='ltr'>Ὀποῦντα</span> <span class='ocrx_word' id='word_1_493' title='bbox 3528 3321 3577 3374; x_wconf 69' lang='grc' dir='ltr'>δὲ</span> <span class='ocrx_word' id='word_1_494' title='bbox 3601 3317 3664 3371; x_wconf 58' lang='lat' dir='ltr'><strong>loc</strong></span> 
     </span>
    </p>
   </div>
   <div class='ocr_carea' id='block_1_67' title="bbox 2142 3411 3666 3488">
    <p class='ocr_par' dir='ltr' id='par_1_67' title="bbox 2142 3411 3666 3488">
     <span class='ocr_line' id='line_1_67' title="bbox 2142 3411 3666 3488; baseline 0.001 -21"><span class='ocrx_word' id='word_1_495' title='bbox 2142 3413 2235 3486; x_wconf 83' lang='grc' dir='ltr'>χύῖ</span> <span class='ocrx_word' id='word_1_496' title='bbox 2264 3414 2555 3486; x_wconf 80' lang='grc' dir='ltr'>κατέσχεν.</span> <span class='ocrx_word' id='word_1_497' title='bbox 2596 3415 2657 3469; x_wconf 85' lang='grc' dir='ltr'>Ὀ</span> <span class='ocrx_word' id='word_1_498' title='bbox 2690 3415 2800 3487; x_wconf 82' lang='grc' dir='ltr'>γὰρ</span> <span class='ocrx_word' id='word_1_499' title='bbox 2821 3415 3088 3479; x_wconf 81' lang='grc' dir='ltr'>Φίλιππος</span> <span class='ocrx_word' id='word_1_500' title='bbox 3125 3417 3228 3471; x_wconf 89' lang='grc' dir='ltr'><strong>οὑκ</strong></span> <span class='ocrx_word' id='word_1_501' title='bbox 3249 3414 3477 3488; x_wconf 73' lang='grc' dir='ltr'>ἠδυνήθη</span> <span class='ocrx_word' id='word_1_502' title='bbox 3524 3411 3666 3468; x_wconf 74' lang='grc' dir='ltr'>αὑτοῑῖ</span> 
     </span>
    </p>
   </div>
   <div class='ocr_carea' id='block_1_68' title="bbox 466 3493 2039 3578">
    <p class='ocr_par' dir='ltr' id='par_1_68' title="bbox 466 3493 2038 3556">
     <span class='ocr_line' id='line_1_68' title="bbox 466 3493 2038 3556; baseline -0.005 0"><span class='ocrx_word' id='word_1_503' title='bbox 466 3501 709 3556; x_wconf 81' lang='lat' dir='ltr'><strong>amicitia</strong></span> <span class='ocrx_word' id='word_1_504' title='bbox 762 3502 826 3555; x_wconf 79' lang='lat' dir='ltr'><strong>ad</strong></span> <span class='ocrx_word' id='word_1_505' title='bbox 884 3514 943 3555; x_wconf 87' lang='lat' dir='ltr'><strong>se</strong></span> <span class='ocrx_word' id='word_1_506' title='bbox 992 3499 1250 3552; x_wconf 76' lang='lat' dir='ltr'><strong>traduxit.</strong></span> <span class='ocrx_word' id='word_1_507' title='bbox 1298 3496 1535 3552; x_wconf 85' lang='lat' dir='ltr'><strong>Annibal</strong></span> <span class='ocrx_word' id='word_1_508' title='bbox 1590 3505 1773 3549; x_wconf 88' lang='lat' dir='ltr'><strong>autem</strong></span> <span class='ocrx_word' id='word_1_509' title='bbox 1827 3493 2038 3548; x_wconf 87' lang='lat' dir='ltr'><strong>interea</strong></span> 
     </span>
    </p>
   </div>
   <div class='ocr_carea' id='block_1_69' title="bbox 2141 3493 3665 3578">
    <p class='ocr_par' dir='ltr' id='par_1_69' title="bbox 2142 3503 3665 3578">
     <span class='ocr_line' id='line_1_69' title="bbox 2142 3503 3665 3578; baseline -0.003 -21"><span class='ocrx_word' id='word_1_510' title='bbox 2142 3504 2425 3576; x_wconf 70' lang='grc' dir='ltr'>ἐπαμῦναι</span> <span class='ocrx_word' id='word_1_511' title='bbox 2451 3505 2540 3558; x_wconf 81' lang='grc' dir='ltr'>διὰ</span> <span class='ocrx_word' id='word_1_512' title='bbox 2563 3505 2799 3577; x_wconf 85' lang='grc' dir='ltr'>ταχέων,</span> <span class='ocrx_word' id='word_1_513' title='bbox 2831 3505 2932 3567; x_wconf 82' lang='grc' dir='ltr'>τὰς</span> <span class='ocrx_word' id='word_1_514' title='bbox 2969 3506 3188 3570; x_wconf 83' lang='grc' dir='ltr'>διόδους</span> <span class='ocrx_word' id='word_1_515' title='bbox 3238 3503 3665 3578; x_wconf 84' lang='grc' dir='ltr'>προκατασχόντων</span> 
     </span>
    </p>
   </div>
   <div class='ocr_carea' id='block_1_70' title="bbox 465 3590 2044 3665">
    <p class='ocr_par' dir='ltr' id='par_1_70' title="bbox 465 3590 2044 3665">
     <span class='ocr_line' id='line_1_70' title="bbox 465 3590 2044 3665; baseline -0.006 -17"><span class='ocrx_word' id='word_1_516' title='bbox 465 3595 694 3665; x_wconf 80' lang='lat' dir='ltr'><strong>quievit,</strong></span> <span class='ocrx_word' id='word_1_517' title='bbox 762 3607 862 3648; x_wconf 85' lang='lat' dir='ltr'><strong>sua</strong></span> <span class='ocrx_word' id='word_1_518' title='bbox 900 3591 1043 3646; x_wconf 88' lang='lat' dir='ltr'><strong>tueri</strong></span> <span class='ocrx_word' id='word_1_519' title='bbox 1096 3604 1177 3645; x_wconf 89' lang='lat' dir='ltr'><strong>sat</strong></span> <span class='ocrx_word' id='word_1_520' title='bbox 1211 3590 1456 3645; x_wconf 86' lang='lat' dir='ltr'><strong>habens:</strong></span> <span class='ocrx_word' id='word_1_521' title='bbox 1484 3604 1660 3659; x_wconf 72' lang='lat' dir='ltr'><strong>neque</strong></span> <span class='ocrx_word' id='word_1_522' title='bbox 1704 3604 1732 3641; x_wconf 91' lang='lat' dir='ltr'><strong>a</strong></span> <span class='ocrx_word' id='word_1_523' title='bbox 1769 3602 1907 3641; x_wconf 85' lang='lat' dir='ltr'><strong>coss.</strong></span> <span class='ocrx_word' id='word_1_524' title='bbox 1957 3593 2044 3639; x_wconf 91' lang='lat' dir='ltr'><strong>cst</strong></span> 
     </span>
    </p>
   </div>
   <div class='ocr_carea' id='block_1_71' title="bbox 465 3676 2044 3746">
    <p class='ocr_par' dir='ltr' id='par_1_71' title="bbox 465 3676 2044 3746">
     <span class='ocr_line' id='line_1_71' title="bbox 465 3676 2044 3746; baseline -0.006 -6"><span class='ocrx_word' id='word_1_525' title='bbox 465 3688 773 3746; x_wconf 71' lang='lat' dir='ltr'><strong>lacessitus,</strong></span> <span class='ocrx_word' id='word_1_526' title='bbox 819 3700 947 3739; x_wconf 89' lang='lat' dir='ltr'><strong>eum</strong></span> <span class='ocrx_word' id='word_1_527' title='bbox 995 3683 1134 3739; x_wconf 84' lang='lat' dir='ltr'><strong>citra</strong></span> <span class='ocrx_word' id='word_1_528' title='bbox 1185 3682 1596 3737; x_wconf 73' lang='lat' dir='ltr'><strong>dimicationem</strong></span> <span class='ocrx_word' id='word_1_529' title='bbox 1647 3680 1933 3735; x_wconf 80' lang='lat' dir='ltr'><strong>subacmm</strong></span> <span class='ocrx_word' id='word_1_530' title='bbox 1976 3676 2044 3732; x_wconf 88' lang='lat' dir='ltr'><strong>iri</strong></span> 
     </span>
    </p>
   </div>
   <div class='ocr_carea' id='block_1_72' title="bbox 465 3769 2044 3847">
    <p class='ocr_par' dir='ltr' id='par_1_72' title="bbox 465 3769 2044 3847">
     <span class='ocr_line' id='line_1_72' title="bbox 465 3769 2044 3847; baseline -0.004 -16"><span class='ocrx_word' id='word_1_531' title='bbox 465 3777 806 3847; x_wconf 78' lang='lat' dir='ltr'><strong>palantibus.</strong></span> <span class='ocrx_word' id='word_1_532' title='bbox 858 3774 1119 3845; x_wconf 85' lang='lat' dir='ltr'><strong>Sequenti</strong></span> <span class='ocrx_word' id='word_1_533' title='bbox 1160 3789 1304 3829; x_wconf 89' lang='lat' dir='ltr'><strong>anno</strong></span> <span class='ocrx_word' id='word_1_534' title='bbox 1348 3773 1411 3829; x_wconf 93' lang='lat' dir='ltr'><strong>P.</strong></span> <span class='ocrx_word' id='word_1_535' title='bbox 1463 3772 1647 3843; x_wconf 90' lang='lat' dir='ltr'><strong>Scipio</strong></span> <span class='ocrx_word' id='word_1_536' title='bbox 1690 3780 1747 3827; x_wconf 86' lang='lat' dir='ltr'><strong>et</strong></span> <span class='ocrx_word' id='word_1_537' title='bbox 1795 3769 2044 3826; x_wconf 88' lang='lat' dir='ltr'><strong>Licinius</strong></span> 
     </span>
    </p>
   </div>
   <div class='ocr_carea' id='block_1_73' title="bbox 465 3865 2038 3938">
    <p class='ocr_par' dir='ltr' id='par_1_73' title="bbox 465 3865 2038 3938">
     <span class='ocr_line' id='line_1_73' title="bbox 465 3865 2038 3938; baseline -0.005 -12"><span class='ocrx_word' id='word_1_538' title='bbox 465 3872 696 3926; x_wconf 87' lang='lat' dir='ltr'><strong>Crassus</strong></span> <span class='ocrx_word' id='word_1_539' title='bbox 727 3883 872 3926; x_wconf 87' lang='lat' dir='ltr'><strong>coss.</strong></span> <span class='ocrx_word' id='word_1_540' title='bbox 922 3868 1053 3924; x_wconf 82' lang='lat' dir='ltr'><strong>lacti</strong></span> <span class='ocrx_word' id='word_1_541' title='bbox 1085 3888 1099 3923; x_wconf 92' lang='lat'><strong>:</strong></span> <span class='ocrx_word' id='word_1_542' title='bbox 1139 3883 1375 3938; x_wconf 83' lang='lat' dir='ltr'><strong>quorum</strong></span> <span class='ocrx_word' id='word_1_543' title='bbox 1408 3866 1498 3921; x_wconf 92' lang='lat' dir='ltr'><strong>hic</strong></span> <span class='ocrx_word' id='word_1_544' title='bbox 1546 3866 1599 3920; x_wconf 91' lang='lat' dir='ltr'><strong>in</strong></span> <span class='ocrx_word' id='word_1_545' title='bbox 1632 3865 1779 3920; x_wconf 90' lang='lat' dir='ltr'><strong>Italia</strong></span> <span class='ocrx_word' id='word_1_546' title='bbox 1821 3865 2038 3929; x_wconf 88' lang='lat' dir='ltr'><strong>mansit,</strong></span> 
     </span>
    </p>
   </div>
   <div class='ocr_carea' id='block_1_74' title="bbox 468 3954 2045 4028">
    <p class='ocr_par' dir='ltr' id='par_1_74' title="bbox 468 3954 2045 4028">
     <span class='ocr_line' id='line_1_74' title="bbox 468 3954 2045 4028; baseline -0.003 -14"><span class='ocrx_word' id='word_1_547' title='bbox 468 3961 642 4016; x_wconf 89' lang='lat' dir='ltr'><strong>altero</strong></span> <span class='ocrx_word' id='word_1_548' title='bbox 675 3958 731 4015; x_wconf 88' lang='lat' dir='ltr'><strong>in</strong></span> <span class='ocrx_word' id='word_1_549' title='bbox 762 3957 1005 4015; x_wconf 89' lang='lat' dir='ltr'><strong>Siciliam</strong></span> <span class='ocrx_word' id='word_1_550' title='bbox 1037 3967 1093 4014; x_wconf 92' lang='lat' dir='ltr'><strong>et</strong></span> <span class='ocrx_word' id='word_1_551' title='bbox 1119 3959 1359 4014; x_wconf 83' lang='lat' dir='ltr'><strong>Africam</strong></span> <span class='ocrx_word' id='word_1_552' title='bbox 1392 3959 1472 4012; x_wconf 88' lang='lat' dir='ltr'><strong>ire</strong></span> <span class='ocrx_word' id='word_1_553' title='bbox 1504 3958 1697 4028; x_wconf 84' lang='lat' dir='ltr'><strong>jusso:</strong></span> <span class='ocrx_word' id='word_1_554' title='bbox 1743 3965 1801 4010; x_wconf 91' lang='lat' dir='ltr'><strong>ut</strong></span> <span class='ocrx_word' id='word_1_555' title='bbox 1838 3957 1881 4010; x_wconf 90' lang='lat' dir='ltr'><strong>si</strong></span> <span class='ocrx_word' id='word_1_556' title='bbox 1912 3954 2045 4011; x_wconf 89' lang='lat' dir='ltr'><strong>Car-</strong></span> 
     </span>
    </p>
   </div>
   <div class='ocr_carea' id='block_1_75' title="bbox 473 4048 2044 4122">
    <p class='ocr_par' dir='ltr' id='par_1_75' title="bbox 473 4048 2044 4122">
     <span class='ocr_line' id='line_1_75' title="bbox 473 4048 2044 4122; baseline 0.001 -18"><span class='ocrx_word' id='word_1_557' title='bbox 473 4053 750 4122; x_wconf 80' lang='lat' dir='ltr'><strong>thaginem</strong></span> <span class='ocrx_word' id='word_1_558' title='bbox 783 4066 895 4105; x_wconf 90' lang='lat' dir='ltr'><strong>non</strong></span> <span class='ocrx_word' id='word_1_559' title='bbox 924 4062 1167 4121; x_wconf 89' lang='lat' dir='ltr'><strong>caperet,</strong></span> <span class='ocrx_word' id='word_1_560' title='bbox 1203 4050 1396 4105; x_wconf 87' lang='lat' dir='ltr'><strong>saltem</strong></span> <span class='ocrx_word' id='word_1_561' title='bbox 1436 4048 1761 4104; x_wconf 83' lang='lat' dir='ltr'><strong>Annibalem</strong></span> <span class='ocrx_word' id='word_1_562' title='bbox 1792 4064 1857 4105; x_wconf 85' lang='lat' dir='ltr'><strong>ex</strong></span> <span class='ocrx_word' id='word_1_563' title='bbox 1891 4048 2044 4106; x_wconf 87' lang='lat' dir='ltr'><strong>Italia</strong></span> 
     </span>
    </p>
   </div>
   <div class='ocr_carea' id='block_1_76' title="bbox 469 4143 2046 4215">
    <p class='ocr_par' dir='ltr' id='par_1_76' title="bbox 469 4143 2046 4215">
     <span class='ocr_line' id='line_1_76' title="bbox 469 4143 2046 4215; baseline -0.001 -16"><span class='ocrx_word' id='word_1_564' title='bbox 469 4153 748 4200; x_wconf 82' lang='lat' dir='ltr'><strong>avocaret.</strong></span> <span class='ocrx_word' id='word_1_565' title='bbox 802 4143 908 4200; x_wconf 85' lang='lat' dir='ltr'><strong>Sed</strong></span> <span class='ocrx_word' id='word_1_566' title='bbox 951 4159 1054 4199; x_wconf 89' lang='lat' dir='ltr'><strong>nec</strong></span> <span class='ocrx_word' id='word_1_567' title='bbox 1077 4144 1260 4215; x_wconf 80' lang='lat' dir='ltr'><strong>justus</strong></span> <span class='ocrx_word' id='word_1_568' title='bbox 1301 4145 1600 4209; x_wconf 84' lang='lat' dir='ltr'><strong>exercitus,</strong></span> <span class='ocrx_word' id='word_1_569' title='bbox 1652 4158 1756 4199; x_wconf 85' lang='lat' dir='ltr'><strong>nec</strong></span> <span class='ocrx_word' id='word_1_570' title='bbox 1792 4152 2046 4214; x_wconf 81' lang='lat' dir='ltr'><strong>sumptus</strong></span> 
     </span>
    </p>
   </div>
   <div class='ocr_carea' id='block_1_77' title="bbox 469 4234 2044 4306">
    <p class='ocr_par' dir='ltr' id='par_1_77' title="bbox 469 4234 2044 4306">
     <span class='ocr_line' id='line_1_77' title="bbox 469 4234 2044 4306; baseline -0.002 -16"><span class='ocrx_word' id='word_1_571' title='bbox 469 4237 536 4290; x_wconf 89' lang='lat' dir='ltr'><strong>ad</strong></span> <span class='ocrx_word' id='word_1_572' title='bbox 571 4236 866 4306; x_wconf 89' lang='lat' dir='ltr'><strong>parandam</strong></span> <span class='ocrx_word' id='word_1_573' title='bbox 917 4236 1169 4301; x_wconf 89' lang='lat' dir='ltr'><strong>classem,</strong></span> <span class='ocrx_word' id='word_1_574' title='bbox 1218 4251 1282 4291; x_wconf 88' lang='lat' dir='ltr'><strong>ex</strong></span> <span class='ocrx_word' id='word_1_575' title='bbox 1314 4236 1393 4290; x_wconf 87' lang='lat' dir='ltr'><strong>rei</strong></span> <span class='ocrx_word' id='word_1_576' title='bbox 1432 4237 1570 4291; x_wconf 83' lang='lat' dir='ltr'><strong>bene</strong></span> <span class='ocrx_word' id='word_1_577' title='bbox 1619 4244 1784 4305; x_wconf 78' lang='lat' dir='ltr'><strong>gestae</strong></span> <span class='ocrx_word' id='word_1_578' title='bbox 1817 4234 2044 4300; x_wconf 87' lang='lat' dir='ltr'><strong>invidia,</strong></span> 
     </span>
    </p>
   </div>
   <div class='ocr_carea' id='block_1_78' title="bbox 469 4326 2049 4397">
    <p class='ocr_par' dir='ltr' id='par_1_78' title="bbox 469 4326 2049 4397">
     <span class='ocr_line' id='line_1_78' title="bbox 469 4326 2049 4397; baseline -0.001 -16"><span class='ocrx_word' id='word_1_579' title='bbox 469 4329 632 4383; x_wconf 79' lang='lat' dir='ltr'><strong>datus</strong></span> <span class='ocrx_word' id='word_1_580' title='bbox 657 4338 765 4392; x_wconf 85' lang='lat' dir='ltr'><strong>est,</strong></span> <span class='ocrx_word' id='word_1_581' title='bbox 800 4327 888 4381; x_wconf 89' lang='lat' dir='ltr'><strong>vix</strong></span> <span class='ocrx_word' id='word_1_582' title='bbox 917 4343 1132 4383; x_wconf 91' lang='lat' dir='ltr'><strong>summe</strong></span> <span class='ocrx_word' id='word_1_583' title='bbox 1165 4327 1493 4382; x_wconf 80' lang='lat' dir='ltr'><strong>necessariis</strong></span> <span class='ocrx_word' id='word_1_584' title='bbox 1536 4326 1920 4397; x_wconf 83' lang='lat' dir='ltr'><strong>suppeditatis.</strong></span> <span class='ocrx_word' id='word_1_585' title='bbox 1952 4326 2049 4381; x_wconf 83' lang='lat' dir='ltr'><strong>Ni-</strong></span> 
     </span>
    </p>
   </div>
   <div class='ocr_carea' id='block_1_79' title="bbox 472 4417 2050 4487">
    <p class='ocr_par' dir='ltr' id='par_1_79' title="bbox 472 4417 2050 4487">
     <span class='ocr_line' id='line_1_79' title="bbox 472 4417 2050 4487; baseline -0.001 -14"><span class='ocrx_word' id='word_1_586' title='bbox 472 4421 771 4475; x_wconf 85' lang='lat' dir='ltr'><strong>hilominus</strong></span> <span class='ocrx_word' id='word_1_587' title='bbox 816 4433 998 4475; x_wconf 87' lang='lat' dir='ltr'><strong>tameu</strong></span> <span class='ocrx_word' id='word_1_588' title='bbox 1043 4436 1169 4474; x_wconf 88' lang='lat' dir='ltr'><strong>cum</strong></span> <span class='ocrx_word' id='word_1_589' title='bbox 1200 4420 1374 4476; x_wconf 88' lang='lat' dir='ltr'><strong>classe</strong></span> <span class='ocrx_word' id='word_1_590' title='bbox 1412 4418 1707 4481; x_wconf 86' lang='lat' dir='ltr'><strong>sociorum,</strong></span> <span class='ocrx_word' id='word_1_591' title='bbox 1739 4427 1794 4473; x_wconf 90' lang='lat' dir='ltr'><strong>et</strong></span> <span class='ocrx_word' id='word_1_592' title='bbox 1818 4417 2050 4487; x_wconf 86' lang='lat' dir='ltr'><strong>quibus-</strong></span> 
     </span>
    </p>
   </div>
   <div class='ocr_carea' id='block_1_80' title="bbox 471 4509 2049 4582">
    <p class='ocr_par' dir='ltr' id='par_1_80' title="bbox 471 4509 2049 4582">
     <span class='ocr_line' id='line_1_80' title="bbox 471 4509 2049 4582; baseline 0 -17"><span class='ocrx_word' id='word_1_593' title='bbox 471 4512 595 4565; x_wconf 89' lang='lat' dir='ltr'><strong>dam</strong></span> <span class='ocrx_word' id='word_1_594' title='bbox 622 4527 688 4566; x_wconf 81' lang='lat' dir='ltr'><strong>ex</strong></span> <span class='ocrx_word' id='word_1_595' title='bbox 717 4512 920 4582; x_wconf 78' lang='lat' dir='ltr'><strong>pepulo</strong></span> <span class='ocrx_word' id='word_1_596' title='bbox 946 4512 1270 4567; x_wconf 87' lang='lat' dir='ltr'><strong>voluntariis</strong></span> <span class='ocrx_word' id='word_1_597' title='bbox 1292 4510 1566 4568; x_wconf 89' lang='lat' dir='ltr'><strong>discessit.</strong></span> <span class='ocrx_word' id='word_1_598' title='bbox 1597 4509 1752 4580; x_wconf 76' lang='lat' dir='ltr'><strong>Mago</strong></span> <span class='ocrx_word' id='word_1_599' title='bbox 1776 4525 1844 4565; x_wconf 87' lang='lat' dir='ltr'><strong>ex</strong></span> <span class='ocrx_word' id='word_1_600' title='bbox 1871 4510 2049 4565; x_wconf 85' lang='lat' dir='ltr'><strong>insula</strong></span> 
     </span>
    </p>
   </div>
   <div class='ocr_carea' id='block_1_81' title="bbox 473 4601 2049 4673">
    <p class='ocr_par' dir='ltr' id='par_1_81' title="bbox 473 4601 2049 4673">
     <span class='ocr_line' id='line_1_81' title="bbox 473 4601 2049 4673; baseline 0.001 -17"><span class='ocrx_word' id='word_1_601' title='bbox 473 4603 528 4656; x_wconf 92' lang='lat' dir='ltr'><strong>in</strong></span> <span class='ocrx_word' id='word_1_602' title='bbox 581 4602 857 4671; x_wconf 79' lang='lat' dir='ltr'><strong>Liguriam</strong></span> <span class='ocrx_word' id='word_1_603' title='bbox 910 4603 1210 4673; x_wconf 83' lang='lat' dir='ltr'><strong>profectus,</strong></span> <span class='ocrx_word' id='word_1_604' title='bbox 1254 4618 1579 4659; x_wconf 89' lang='lat' dir='ltr'><strong>exscensum</strong></span> <span class='ocrx_word' id='word_1_605' title='bbox 1625 4602 1778 4657; x_wconf 76' lang='lat' dir='ltr'><strong>fecit.</strong></span> <span class='ocrx_word' id='word_1_606' title='bbox 1817 4601 2049 4657; x_wconf 81' lang='lat' dir='ltr'><strong>Crassus</strong></span> 
     </span>
    </p>
   </div>
   <div class='ocr_carea' id='block_1_82' title="bbox 470 4691 2049 4764">
    <p class='ocr_par' dir='ltr' id='par_1_82' title="bbox 470 4691 2049 4764">
     <span class='ocr_line' id='line_1_82' title="bbox 470 4691 2049 4764; baseline 0.003 -21"><span class='ocrx_word' id='word_1_607' title='bbox 470 4691 632 4764; x_wconf 64' lang='lat'><strong>[&#39;37</strong></span> <span class='ocrx_word' id='word_1_608' title='bbox 662 4692 716 4744; x_wconf 88' lang='lat' dir='ltr'><strong>iu</strong></span> <span class='ocrx_word' id='word_1_609' title='bbox 750 4692 951 4748; x_wconf 86' lang='lat' dir='ltr'><strong>Brutiis</strong></span> <span class='ocrx_word' id='word_1_610' title='bbox 995 4693 1325 4748; x_wconf 86' lang='lat' dir='ltr'><strong>Annibalem</strong></span> <span class='ocrx_word' id='word_1_611' title='bbox 1376 4694 1715 4750; x_wconf 85' lang='lat' dir='ltr'><strong>observavit.</strong></span> <span class='ocrx_word' id='word_1_612' title='bbox 1761 4693 2049 4763; x_wconf 87' lang='lat' dir='ltr'><strong>Philippus</strong></span> 
     </span>
    </p>
   </div>
   <div class='ocr_carea' id='block_1_83' title="bbox 2142 3596 3667 3671">
    <p class='ocr_par' dir='ltr' id='par_1_83' title="bbox 2142 3596 3667 3671">
     <span class='ocr_line' id='line_1_83' title="bbox 2142 3596 3667 3671; baseline 0.005 -18"><span class='ocrx_word' id='word_1_613' title='bbox 2142 3599 2253 3653; x_wconf 85' lang='grc' dir='ltr'>τῶν</span> <span class='ocrx_word' id='word_1_614' title='bbox 2278 3599 2559 3655; x_wconf 73' lang='grc' dir='ltr'>Αἰτωλῶν.</span> <span class='ocrx_word' id='word_1_615' title='bbox 2608 3601 2738 3669; x_wconf 81' lang='grc' dir='ltr'><strong>Ὀψὲ</strong></span> <span class='ocrx_word' id='word_1_616' title='bbox 2766 3601 2824 3655; x_wconf 75' lang='grc' dir='ltr'><strong><em>δέ</em></strong></span> <span class='ocrx_word' id='word_1_617' title='bbox 2856 3620 2987 3656; x_wconf 89' lang='grc' dir='ltr'>ποτε</span> <span class='ocrx_word' id='word_1_618' title='bbox 3038 3602 3310 3671; x_wconf 74' lang='grc' dir='ltr'>ἐπελθὼν,</span> <span class='ocrx_word' id='word_1_619' title='bbox 3349 3603 3425 3666; x_wconf 83' lang='grc' dir='ltr'><strong>είς</strong></span> <span class='ocrx_word' id='word_1_620' title='bbox 3446 3600 3533 3664; x_wconf 68' lang='grc' dir='ltr'>τὰς</span> <span class='ocrx_word' id='word_1_621' title='bbox 3566 3596 3667 3660; x_wconf 70' lang='grc' dir='ltr'>ναῦς</span> 
     </span>
    </p>
   </div>
   <div class='ocr_carea' id='block_1_84' title="bbox 2143 3691 3667 3765">
    <p class='ocr_par' dir='ltr' id='par_1_84' title="bbox 2143 3691 3667 3765">
     <span class='ocr_line' id='line_1_84' title="bbox 2143 3691 3667 3765; baseline 0.001 -19"><span class='ocrx_word' id='word_1_622' title='bbox 2143 3691 2312 3747; x_wconf 82' lang='grc' dir='ltr'>αὐτοῦ</span> <span class='ocrx_word' id='word_1_623' title='bbox 2335 3693 2427 3747; x_wconf 76' lang='grc' dir='ltr'>τὸν</span> <span class='ocrx_word' id='word_1_624' title='bbox 2467 3692 2737 3749; x_wconf 81' lang='grc' dir='ltr'>’Δττσλον</span> <span class='ocrx_word' id='word_1_625' title='bbox 2762 3698 3103 3765; x_wconf 80' lang='grc' dir='ltr'>καταφυγεῖν</span> <span class='ocrx_word' id='word_1_626' title='bbox 3132 3696 3405 3753; x_wconf 68' lang='grc' dir='ltr'>ἐϐιάσατο.</span> <span class='ocrx_word' id='word_1_627' title='bbox 3454 3694 3506 3748; x_wconf 92' lang='lat'><strong>&#39;0</strong></span> <span class='ocrx_word' id='word_1_628' title='bbox 3527 3691 3667 3763; x_wconf 72' lang='grc' dir='ltr'>μέντοι</span> 
     </span>
    </p>
   </div>
   <div class='ocr_carea' id='block_1_85' title="bbox 2144 3775 3668 3857">
    <p class='ocr_par' dir='ltr' id='par_1_85' title="bbox 2144 3775 3668 3857">
     <span class='ocr_line' id='line_1_85' title="bbox 2144 3775 3668 3857; baseline 0 -24"><span class='ocrx_word' id='word_1_629' title='bbox 2144 3779 2418 3846; x_wconf 82' lang='grc' dir='ltr'>Φίλιππος</span> <span class='ocrx_word' id='word_1_630' title='bbox 2441 3781 2773 3837; x_wconf 84' lang='grc' dir='ltr'>σπείσασθαι</span> <span class='ocrx_word' id='word_1_631' title='bbox 2813 3785 2928 3847; x_wconf 79' lang='grc' dir='ltr'>τοῖς</span> <span class='ocrx_word' id='word_1_632' title='bbox 2971 3783 3269 3855; x_wconf 85' lang='grc' dir='ltr'>Ῥωμαίοις</span> <span class='ocrx_word' id='word_1_633' title='bbox 3306 3784 3550 3857; x_wconf 70' lang='grc' dir='ltr'>ἠθέλησε·</span> <span class='ocrx_word' id='word_1_634' title='bbox 3598 3775 3668 3833; x_wconf 74' lang='grc' dir='ltr'><strong>καί</strong></span> 
     </span>
    </p>
   </div>
   <div class='ocr_carea' id='block_1_86' title="bbox 2142 3874 3668 3952">
    <p class='ocr_par' dir='ltr' id='par_1_86' title="bbox 2142 3874 3668 3952">
     <span class='ocr_line' id='line_1_86' title="bbox 2142 3874 3668 3952; baseline 0.005 -25"><span class='ocrx_word' id='word_1_635' title='bbox 2142 3892 2308 3930; x_wconf 84' lang='grc' dir='ltr'>τινων</span> <span class='ocrx_word' id='word_1_636' title='bbox 2322 3874 2499 3945; x_wconf 86' lang='grc' dir='ltr'>λόγων</span> <span class='ocrx_word' id='word_1_637' title='bbox 2531 3876 2718 3940; x_wconf 74' lang='grc' dir='ltr'>αὐτοῖς</span> <span class='ocrx_word' id='word_1_638' title='bbox 2739 3876 3075 3949; x_wconf 77' lang='grc' dir='ltr'>γενομένων,</span> <span class='ocrx_word' id='word_1_639' title='bbox 3122 3880 3196 3932; x_wconf 69' lang='grc' dir='ltr'><strong>τὰ</strong></span> <span class='ocrx_word' id='word_1_640' title='bbox 3242 3880 3340 3952; x_wconf 78' lang='grc' dir='ltr'>μὲν</span> <span class='ocrx_word' id='word_1_641' title='bbox 3371 3879 3463 3949; x_wconf 85' lang='grc' dir='ltr'>τῆς</span> <span class='ocrx_word' id='word_1_642' title='bbox 3496 3876 3668 3947; x_wconf 65' lang='grc' dir='ltr'>εἰρήνης</span> 
     </span>
    </p>
   </div>
   <div class='ocr_carea' id='block_1_87' title="bbox 2143 3966 3668 4042">
    <p class='ocr_par' dir='ltr' id='par_1_87' title="bbox 2143 3966 3668 4042">
     <span class='ocr_line' id='line_1_87' title="bbox 2143 3966 3668 4042; baseline 0.004 -23"><span class='ocrx_word' id='word_1_643' title='bbox 2143 3967 2366 4036; x_wconf 82' lang='grc' dir='ltr'>ἀφείθη,</span> <span class='ocrx_word' id='word_1_644' title='bbox 2393 3970 2520 4033; x_wconf 78' lang='grc' dir='ltr'>τοὺς</span> <span class='ocrx_word' id='word_1_645' title='bbox 2549 3968 2595 4022; x_wconf 82' lang='grc' dir='ltr'>δ’</span> <span class='ocrx_word' id='word_1_646' title='bbox 2625 3969 2904 4035; x_wconf 77' lang='grc' dir='ltr'>Αἰτωλοὺς</span> <span class='ocrx_word' id='word_1_647' title='bbox 2947 3969 3057 4024; x_wconf 78' lang='grc' dir='ltr'><strong>ἀπὸ</strong></span> <span class='ocrx_word' id='word_1_648' title='bbox 3092 3971 3195 4025; x_wconf 84' lang='grc' dir='ltr'>τοῦ</span> <span class='ocrx_word' id='word_1_649' title='bbox 3258 3970 3549 4042; x_wconf 80' lang='grc' dir='ltr'>συμμαχεῖν</span> <span class='ocrx_word' id='word_1_650' title='bbox 3583 3966 3668 4025; x_wconf 68' lang='grc' dir='ltr'>τοῖς</span> 
     </span>
    </p>
   </div>
   <div class='ocr_carea' id='block_1_88' title="bbox 2156 4056 3666 4131">
    <p class='ocr_par' dir='ltr' id='par_1_88' title="bbox 2156 4056 3666 4131">
     <span class='ocr_line' id='line_1_88' title="bbox 2156 4056 3666 4131; baseline 0.001 -21"><span class='ocrx_word' id='word_1_651' title='bbox 2156 4056 2455 4128; x_wconf 87' lang='grc' dir='ltr'>Ῥωμαίοις</span> <span class='ocrx_word' id='word_1_652' title='bbox 2508 4059 2902 4130; x_wconf 75' lang='grc' dir='ltr'>μεταθέμενος,</span> <span class='ocrx_word' id='word_1_653' title='bbox 2938 4060 3132 4131; x_wconf 83' lang='grc' dir='ltr'>φίλους</span> <span class='ocrx_word' id='word_1_654' title='bbox 3172 4063 3367 4117; x_wconf 78' lang='grc' dir='ltr'>ἑαυτοῦ</span> <span class='ocrx_word' id='word_1_655' title='bbox 3410 4060 3666 4128; x_wconf 71' lang='grc' dir='ltr'>ἑποιήσατλ</span> 
     </span>
    </p>
   </div>
   <div class='ocr_carea' id='block_1_89' title="bbox 2157 4145 3668 4225">
    <p class='ocr_par' dir='ltr' id='par_1_89' title="bbox 2157 4145 3668 4225">
     <span class='ocr_line' id='line_1_89' title="bbox 2157 4145 3668 4225; baseline 0.001 -25"><span class='ocrx_word' id='word_1_656' title='bbox 2157 4149 2558 4216; x_wconf 79' lang='grc' dir='ltr'>⁹()δ⁹’Δννίϐας</span> <span class='ocrx_word' id='word_1_657' title='bbox 2617 4153 2758 4216; x_wconf 82' lang='grc' dir='ltr'>τέως</span> <span class='ocrx_word' id='word_1_658' title='bbox 2787 4154 3024 4225; x_wconf 77' lang='grc' dir='ltr'>ἡσυχίαν</span> <span class='ocrx_word' id='word_1_659' title='bbox 3049 4149 3215 4225; x_wconf 76' lang='grc' dir='ltr'>ἦγεν,</span> <span class='ocrx_word' id='word_1_660' title='bbox 3268 4153 3486 4225; x_wconf 82' lang='grc' dir='ltr'>ἀγαπῶν</span> <span class='ocrx_word' id='word_1_661' title='bbox 3531 4153 3572 4205; x_wconf 83' lang='grc' dir='ltr'>εἰ</span> <span class='ocrx_word' id='word_1_662' title='bbox 3617 4145 3668 4202; x_wconf 63' lang='grc' dir='ltr'><strong>τὰ</strong></span> 
     </span>
    </p>
   </div>
   <div class='ocr_carea' id='block_1_90' title="bbox 2149 4243 3669 4317">
    <p class='ocr_par' dir='ltr' id='par_1_90' title="bbox 2149 4243 3669 4317">
     <span class='ocr_line' id='line_1_90' title="bbox 2149 4243 3669 4317; baseline 0.004 -22"><span class='ocrx_word' id='word_1_663' title='bbox 2149 4243 2462 4314; x_wconf 81' lang='grc' dir='ltr'>ὑπάρχοντὰ</span> <span class='ocrx_word' id='word_1_664' title='bbox 2490 4243 2908 4301; x_wconf 81' lang='grc' dir='ltr'>οίδιασώσαιτο.</span> <span class='ocrx_word' id='word_1_665' title='bbox 2942 4248 3054 4302; x_wconf 75' lang='grc' dir='ltr'>Καὶ</span> <span class='ocrx_word' id='word_1_666' title='bbox 3082 4250 3137 4304; x_wconf 86' lang='grc' dir='ltr'><strong>οί</strong></span> <span class='ocrx_word' id='word_1_667' title='bbox 3173 4249 3372 4304; x_wconf 81' lang='grc' dir='ltr'>ὕπατοι</span> <span class='ocrx_word' id='word_1_668' title='bbox 3414 4245 3669 4317; x_wconf 76' lang='grc' dir='ltr'>νομίζοντες</span> 
     </span>
    </p>
   </div>
   <div class='ocr_carea' id='block_1_91' title="bbox 2147 4327 3669 4412">
    <p class='ocr_par' dir='ltr' id='par_1_91' title="bbox 2147 4327 3669 4412">
     <span class='ocr_line' id='line_1_91' title="bbox 2147 4327 3669 4412; baseline 0.009 -24"><span class='ocrx_word' id='word_1_669' title='bbox 2147 4334 2310 4390; x_wconf 78' lang='grc' dir='ltr'>αὑτὸν</span> <span class='ocrx_word' id='word_1_670' title='bbox 2347 4339 2439 4390; x_wconf 73' lang='grc' dir='ltr'>καὶ</span> <span class='ocrx_word' id='word_1_671' title='bbox 2460 4336 2594 4392; x_wconf 81' lang='grc' dir='ltr'>ἄνευ</span> <span class='ocrx_word' id='word_1_672' title='bbox 2628 4340 2813 4410; x_wconf 79' lang='grc' dir='ltr'>μάχης</span> <span class='ocrx_word' id='word_1_673' title='bbox 2840 4341 3283 4412; x_wconf 71' lang='grc' dir='ltr'>ἑκτρυχωθῆναι,</span> <span class='ocrx_word' id='word_1_674' title='bbox 3342 4342 3553 4411; x_wconf 70' lang='grc' dir='ltr'>ἀνεῖχον.</span> <span class='ocrx_word' id='word_1_675' title='bbox 3602 4327 3669 4401; x_wconf 63' lang='grc' dir='ltr'><strong>Τῷ</strong></span> 
     </span>
    </p>
   </div>
   <div class='ocr_carea' id='block_1_92' title="bbox 2145 4427 3671 4498">
    <p class='ocr_par' dir='ltr' id='par_1_92' title="bbox 2145 4427 3671 4498">
     <span class='ocr_line' id='line_1_92' title="bbox 2145 4427 3671 4498; baseline 0.003 -18"><span class='ocrx_word' id='word_1_676' title='bbox 2145 4427 2414 4482; x_wconf 68' lang='grc' dir='ltr'>δ’ἐπιόντι</span> <span class='ocrx_word' id='word_1_677' title='bbox 2430 4428 2564 4494; x_wconf 74' lang='grc' dir='ltr'>ἔτει,</span> <span class='ocrx_word' id='word_1_678' title='bbox 2586 4431 2615 4485; x_wconf 85' lang='grc' dir='ltr'>ὅ</span> <span class='ocrx_word' id='word_1_679' title='bbox 2634 4448 2693 4484; x_wconf 86' lang='grc' dir='ltr'><strong>τε</strong></span> <span class='ocrx_word' id='word_1_680' title='bbox 2718 4432 2964 4487; x_wconf 83' lang='grc' dir='ltr'>Σκιπίων</span> <span class='ocrx_word' id='word_1_681' title='bbox 2984 4436 3013 4488; x_wconf 79' lang='grc' dir='ltr'><strong>ὁ</strong></span> <span class='ocrx_word' id='word_1_682' title='bbox 3039 4435 3318 4498; x_wconf 83' lang='grc' dir='ltr'>Πούπλιος</span> <span class='ocrx_word' id='word_1_683' title='bbox 3343 4435 3433 4489; x_wconf 83' lang='grc' dir='ltr'>καὶ</span> <span class='ocrx_word' id='word_1_684' title='bbox 3450 4429 3671 4488; x_wconf 73' lang='grc' dir='ltr'>Λικίννιος</span> 
     </span>
    </p>
   </div>
   <div class='ocr_carea' id='block_1_93' title="bbox 2150 4520 3669 4597">
    <p class='ocr_par' dir='ltr' id='par_1_93' title="bbox 2150 4520 3669 4597">
     <span class='ocr_line' id='line_1_93' title="bbox 2150 4520 3669 4597; baseline -0.002 -22"><span class='ocrx_word' id='word_1_685' title='bbox 2150 4521 2402 4592; x_wconf 81' lang='grc' dir='ltr'>Κράσσος</span> <span class='ocrx_word' id='word_1_686' title='bbox 2425 4523 2762 4579; x_wconf 78' lang='grc' dir='ltr'>ὑπάτευσαν.</span> <span class='ocrx_word' id='word_1_687' title='bbox 2796 4525 2905 4579; x_wconf 70' lang='grc' dir='ltr'><strong>Καὶ</strong></span> <span class='ocrx_word' id='word_1_688' title='bbox 2926 4527 2956 4579; x_wconf 81' lang='grc' dir='ltr'><strong>δ</strong></span> <span class='ocrx_word' id='word_1_689' title='bbox 2990 4527 3091 4595; x_wconf 77' lang='grc' dir='ltr'>μὲν</span> <span class='ocrx_word' id='word_1_690' title='bbox 3126 4529 3185 4581; x_wconf 82' lang='grc' dir='ltr'>ὲν</span> <span class='ocrx_word' id='word_1_691' title='bbox 3215 4529 3283 4597; x_wconf 81' lang='grc' dir='ltr'><strong>τῇ</strong></span> <span class='ocrx_word' id='word_1_692' title='bbox 3320 4524 3510 4594; x_wconf 71' lang='grc' dir='ltr'>Ἰταλίᾳ</span> <span class='ocrx_word' id='word_1_693' title='bbox 3551 4520 3669 4589; x_wconf 71' lang='lat' dir='ltr'><strong>[pst-</strong></span> 
     </span>
    </p>
   </div>
   <div class='ocr_carea' id='block_1_94' title="bbox 2152 4609 3671 4679">
    <p class='ocr_par' dir='ltr' id='par_1_94' title="bbox 2152 4609 3671 4679">
     <span class='ocr_line' id='line_1_94' title="bbox 2152 4609 3671 4679; baseline 0 -17"><span class='ocrx_word' id='word_1_694' title='bbox 2152 4628 2261 4677; x_wconf 87' lang='grc' dir='ltr'>νεν,</span> <span class='ocrx_word' id='word_1_695' title='bbox 2289 4614 2318 4664; x_wconf 83' lang='grc' dir='ltr'>ὀ</span> <span class='ocrx_word' id='word_1_696' title='bbox 2341 4610 2398 4665; x_wconf 72' lang='grc' dir='ltr'>δὲ</span> <span class='ocrx_word' id='word_1_697' title='bbox 2433 4612 2678 4667; x_wconf 83' lang='grc' dir='ltr'>Σκιπίων</span> <span class='ocrx_word' id='word_1_698' title='bbox 2712 4615 2770 4679; x_wconf 76' lang='grc' dir='ltr'>ἐς</span> <span class='ocrx_word' id='word_1_699' title='bbox 2801 4614 3057 4670; x_wconf 82' lang='grc' dir='ltr'>Σικελίαν</span> <span class='ocrx_word' id='word_1_700' title='bbox 3084 4616 3350 4671; x_wconf 77' lang='grc' dir='ltr'>ἀπελθεῖν</span> <span class='ocrx_word' id='word_1_701' title='bbox 3380 4616 3466 4670; x_wconf 83' lang='grc' dir='ltr'>καὶ</span> <span class='ocrx_word' id='word_1_702' title='bbox 3499 4614 3548 4675; x_wconf 72' lang='grc' dir='ltr'>ἐς</span> <span class='ocrx_word' id='word_1_703' title='bbox 3598 4609 3671 4662; x_wconf 75' lang='grc' dir='ltr'><strong>Δι⁸</strong></span> 
     </span>
    </p>
   </div>
   <div class='ocr_carea' id='block_1_95' title="bbox 2150 4699 3673 4782">
    <p class='ocr_par' dir='ltr' id='par_1_95' title="bbox 2150 4699 3673 4782">
     <span class='ocr_line' id='line_1_95' title="bbox 2150 4699 3673 4782; baseline -0.002 -27"><span class='ocrx_word' id='word_1_704' title='bbox 2150 4702 2288 4774; x_wconf 86' lang='grc' dir='ltr'>ϐύην</span> <span class='ocrx_word' id='word_1_705' title='bbox 2318 4705 2731 4779; x_wconf 54' lang='grc' dir='ltr'>προσετέτακτο</span> <span class='ocrx_word' id='word_1_706' title='bbox 2754 4746 2771 4771; x_wconf 89' lang='grc'><strong>,</strong></span> <span class='ocrx_word' id='word_1_707' title='bbox 2817 4707 2928 4774; x_wconf 84' lang='grc' dir='ltr'>ῐνα,</span> <span class='ocrx_word' id='word_1_708' title='bbox 2958 4710 3009 4763; x_wconf 87' lang='grc' dir='ltr'><strong>εί</strong></span> <span class='ocrx_word' id='word_1_709' title='bbox 3044 4708 3120 4782; x_wconf 75' lang='grc' dir='ltr'>μὴ</span> <span class='ocrx_word' id='word_1_710' title='bbox 3152 4711 3257 4781; x_wconf 74' lang='grc' dir='ltr'>τὴν</span> <span class='ocrx_word' id='word_1_711' title='bbox 3287 4705 3582 4779; x_wconf 80' lang='grc' dir='ltr'>Καρχηδόνα</span> <span class='ocrx_word' id='word_1_712' title='bbox 3610 4699 3673 4752; x_wconf 68' lang='grc' dir='ltr'><strong>αἶ’</strong></span> 
     </span>
    </p>
   </div>
   <div class='ocr_carea' id='block_1_96' title="bbox 472 4782 2039 4895">
    <p class='ocr_par' dir='ltr' id='par_1_96' title="bbox 472 4782 2039 4856">
     <span class='ocr_line' id='line_1_96' title="bbox 472 4782 2039 4856; baseline 0.001 -17"><span class='ocrx_word' id='word_1_713' title='bbox 472 4801 598 4839; x_wconf 89' lang='lat' dir='ltr'><strong>cum</strong></span> <span class='ocrx_word' id='word_1_714' title='bbox 628 4784 691 4838; x_wconf 90' lang='lat' dir='ltr'><strong>P.</strong></span> <span class='ocrx_word' id='word_1_715' title='bbox 720 4782 1109 4854; x_wconf 87' lang='lat' dir='ltr'><strong>Sempronium</strong></span> <span class='ocrx_word' id='word_1_716' title='bbox 1133 4800 1256 4840; x_wconf 91' lang='lat' dir='ltr'><strong>cum</strong></span> <span class='ocrx_word' id='word_1_717' title='bbox 1283 4787 1493 4856; x_wconf 82' lang='lat' dir='ltr'><strong>magnis</strong></span> <span class='ocrx_word' id='word_1_718' title='bbox 1513 4787 1686 4856; x_wconf 89' lang='lat' dir='ltr'><strong>copiis</strong></span> <span class='ocrx_word' id='word_1_719' title='bbox 1702 4787 2039 4856; x_wconf 78' lang='lat' dir='ltr'><strong>Apollonium</strong></span> 
     </span>
    </p>
   </div>
   <div class='ocr_carea' id='block_1_97' title="bbox 2141 4782 3673 4895">
    <p class='ocr_par' dir='ltr' id='par_1_97' title="bbox 2152 4791 3673 4871">
     <span class='ocr_line' id='line_1_97' title="bbox 2152 4791 3673 4871; baseline -0.004 -24"><span class='ocrx_word' id='word_1_720' title='bbox 2152 4795 2332 4863; x_wconf 78' lang='grc' dir='ltr'>ρήσει,</span> <span class='ocrx_word' id='word_1_721' title='bbox 2378 4795 2473 4849; x_wconf 78' lang='grc' dir='ltr'>τόν</span> <span class='ocrx_word' id='word_1_722' title='bbox 2504 4812 2567 4863; x_wconf 89' lang='grc' dir='ltr'><strong>γε</strong></span> <span class='ocrx_word' id='word_1_723' title='bbox 2602 4795 2857 4853; x_wconf 82' lang='grc' dir='ltr'>Ἀννίϐαν</span> <span class='ocrx_word' id='word_1_724' title='bbox 2890 4798 3029 4861; x_wconf 81' lang='grc' dir='ltr'>τέως</span> <span class='ocrx_word' id='word_1_725' title='bbox 3068 4799 3178 4854; x_wconf 80' lang='grc' dir='ltr'><strong>ἀπὸ</strong></span> <span class='ocrx_word' id='word_1_726' title='bbox 3213 4802 3315 4871; x_wconf 85' lang='grc' dir='ltr'>τῆς</span> <span class='ocrx_word' id='word_1_727' title='bbox 3348 4797 3561 4859; x_wconf 80' lang='grc' dir='ltr'>Ἰταλίας</span> <span class='ocrx_word' id='word_1_728' title='bbox 3603 4791 3673 4845; x_wconf 70' lang='grc' dir='ltr'><strong>ἀνα</strong></span> 
     </span>
    </p>
   </div>
   <div class='ocr_carea' id='block_1_98' title="bbox 473 4875 2039 4958">
    <p class='ocr_par' dir='ltr' id='par_1_98' title="bbox 473 4875 2039 4947">
     <span class='ocr_line' id='line_1_98' title="bbox 473 4875 2039 4947; baseline 0.002 -20"><span class='ocrx_word' id='word_1_729' title='bbox 473 4887 693 4927; x_wconf 71' lang='grc' dir='ltr'>νοιιιεεο</span> <span class='ocrx_word' id='word_1_730' title='bbox 732 4875 1037 4937; x_wconf 73' lang='lat' dir='ltr'><strong>didicisset,</strong></span> <span class='ocrx_word' id='word_1_731' title='bbox 1064 4876 1258 4944; x_wconf 81' lang='lat' dir='ltr'><strong>cupide</strong></span> <span class='ocrx_word' id='word_1_732' title='bbox 1293 4890 1481 4943; x_wconf 87' lang='lat' dir='ltr'><strong>pacem</strong></span> <span class='ocrx_word' id='word_1_733' title='bbox 1516 4876 1661 4931; x_wconf 79' lang='lat' dir='ltr'><strong>fecit.</strong></span> <span class='ocrx_word' id='word_1_734' title='bbox 1698 4878 1882 4947; x_wconf 86' lang='lat' dir='ltr'><strong>Scipio</strong></span> <span class='ocrx_word' id='word_1_735' title='bbox 1915 4891 2039 4931; x_wconf 78' lang='lat' dir='ltr'><strong>vero</strong></span> 
     </span>
    </p>
   </div>
   <div class='ocr_carea' id='block_1_99' title="bbox 2141 4875 3672 4958">
    <p class='ocr_par' dir='ltr' id='par_1_99' title="bbox 2151 4880 3672 4958">
     <span class='ocr_line' id='line_1_99' title="bbox 2151 4880 3672 4958; baseline 0.004 -21"><span class='ocrx_word' id='word_1_736' title='bbox 2151 4882 2410 4957; x_wconf 76' lang='grc' dir='ltr'>θελκύσῃ.</span> <span class='ocrx_word' id='word_1_737' title='bbox 2456 4884 2596 4940; x_wconf 76' lang='grc' dir='ltr'>Οὔτε</span> <span class='ocrx_word' id='word_1_738' title='bbox 2617 4887 2673 4940; x_wconf 75' lang='grc' dir='ltr'>δὲ</span> <span class='ocrx_word' id='word_1_739' title='bbox 2707 4889 3028 4958; x_wconf 78' lang='grc' dir='ltr'>στράτευμα</span> <span class='ocrx_word' id='word_1_740' title='bbox 3074 4890 3363 4957; x_wconf 72' lang='grc' dir='ltr'>ἀξιόλογον</span> <span class='ocrx_word' id='word_1_741' title='bbox 3418 4888 3528 4942; x_wconf 64' lang='lat' dir='ltr'><strong>circa</strong></span> <span class='ocrx_word' id='word_1_742' title='bbox 3569 4880 3672 4952; x_wconf 57' lang='grc' dir='ltr'>πρὸς</span> 
     </span>
    </p>
   </div>
   <div class='ocr_carea' id='block_1_100' title="bbox 473 4965 2052 5041">
    <p class='ocr_par' dir='ltr' id='par_1_100' title="bbox 473 4965 2052 5041">
     <span class='ocr_line' id='line_1_100' title="bbox 473 4965 2052 5041; baseline 0.004 -22"><span class='ocrx_word' id='word_1_743' title='bbox 473 4979 601 5019; x_wconf 90' lang='lat' dir='ltr'><strong>cum</strong></span> <span class='ocrx_word' id='word_1_744' title='bbox 632 4980 698 5018; x_wconf 91' lang='lat' dir='ltr'><strong>ex</strong></span> <span class='ocrx_word' id='word_1_745' title='bbox 735 4965 889 5020; x_wconf 85' lang='lat' dir='ltr'><strong>Italia</strong></span> <span class='ocrx_word' id='word_1_746' title='bbox 926 4967 1200 5032; x_wconf 86' lang='lat' dir='ltr'><strong>solvisset,</strong></span> <span class='ocrx_word' id='word_1_747' title='bbox 1262 4981 1320 5023; x_wconf 90' lang='lat' dir='ltr'><strong>se</strong></span> <span class='ocrx_word' id='word_1_748' title='bbox 1352 4978 1411 5022; x_wconf 89' lang='lat' dir='ltr'><strong>ut</strong></span> <span class='ocrx_word' id='word_1_749' title='bbox 1447 4967 1502 5023; x_wconf 91' lang='lat' dir='ltr'><strong>in</strong></span> <span class='ocrx_word' id='word_1_750' title='bbox 1547 4968 1789 5024; x_wconf 83' lang='lat' dir='ltr'><strong>Siciliain</strong></span> <span class='ocrx_word' id='word_1_751' title='bbox 1834 4970 2052 5041; x_wconf 84' lang='lat' dir='ltr'><strong>trajice-</strong></span> 
     </span>
    </p>
   </div>
   <div class='ocr_carea' id='block_1_101' title="bbox 360 5058 2047 5132">
    <p class='ocr_par' dir='ltr' id='par_1_101' title="bbox 360 5058 2047 5132">
     <span class='ocr_line' id='line_1_101' title="bbox 360 5058 2047 5132; baseline 0.005 -23"><span class='ocrx_word' id='word_1_752' title='bbox 360 5122 373 5131; x_wconf 22' lang='grc' dir='ltr'>δ</span> <span class='ocrx_word' id='word_1_753' title='bbox 476 5066 560 5111; x_wconf 86' lang='lat' dir='ltr'><strong>ret</strong></span> <span class='ocrx_word' id='word_1_754' title='bbox 588 5072 810 5127; x_wconf 88' lang='lat' dir='ltr'><strong>parans,</strong></span> <span class='ocrx_word' id='word_1_755' title='bbox 866 5059 919 5112; x_wconf 88' lang='lat' dir='ltr'><strong>id</strong></span> <span class='ocrx_word' id='word_1_756' title='bbox 970 5058 1149 5113; x_wconf 84' lang='lat' dir='ltr'><strong>facere</strong></span> <span class='ocrx_word' id='word_1_757' title='bbox 1176 5076 1284 5114; x_wconf 90' lang='lat' dir='ltr'><strong>non</strong></span> <span class='ocrx_word' id='word_1_758' title='bbox 1318 5060 1519 5130; x_wconf 85' lang='lat' dir='ltr'><strong>putuit,</strong></span> <span class='ocrx_word' id='word_1_759' title='bbox 1550 5061 1697 5131; x_wconf 90' lang='lat' dir='ltr'><strong>quod</strong></span> <span class='ocrx_word' id='word_1_760' title='bbox 1728 5078 1829 5117; x_wconf 90' lang='lat' dir='ltr'><strong>nec</strong></span> <span class='ocrx_word' id='word_1_761' title='bbox 1850 5064 2047 5132; x_wconf 85' lang='lat' dir='ltr'><strong>justas,</strong></span> 
     </span>
    </p>
   </div>
   <div class='ocr_carea' id='block_1_102' title="bbox 475 5150 2050 5219">
    <p class='ocr_par' dir='ltr' id='par_1_102' title="bbox 475 5150 2050 5219">
     <span class='ocr_line' id='line_1_102' title="bbox 475 5150 2050 5219; baseline 0.004 -19"><span class='ocrx_word' id='word_1_762' title='bbox 475 5161 579 5202; x_wconf 86' lang='lat' dir='ltr'><strong>nec</strong></span> <span class='ocrx_word' id='word_1_763' title='bbox 610 5150 939 5203; x_wconf 81' lang='lat' dir='ltr'><strong>exercitatas</strong></span> <span class='ocrx_word' id='word_1_764' title='bbox 985 5151 1171 5219; x_wconf 81' lang='lat' dir='ltr'><strong>copias</strong></span> <span class='ocrx_word' id='word_1_765' title='bbox 1221 5150 1469 5205; x_wconf 82' lang='lat' dir='ltr'><strong>haberet.</strong></span> <span class='ocrx_word' id='word_1_766' title='bbox 1500 5150 1680 5218; x_wconf 87' lang='lat' dir='ltr'><strong>Quare</strong></span> <span class='ocrx_word' id='word_1_767' title='bbox 1713 5161 1878 5206; x_wconf 87' lang='lat' dir='ltr'><strong>totam</strong></span> <span class='ocrx_word' id='word_1_768' title='bbox 1929 5153 2050 5207; x_wconf 81' lang='lat' dir='ltr'><strong>hie-</strong></span> 
     </span>
    </p>
   </div>
   <div class='ocr_carea' id='block_1_103' title="bbox 475 5236 2050 5310">
    <p class='ocr_par' dir='ltr' id='par_1_103' title="bbox 475 5236 2050 5310">
     <span class='ocr_line' id='line_1_103' title="bbox 475 5236 2050 5310; baseline 0.003 -19"><span class='ocrx_word' id='word_1_769' title='bbox 475 5252 619 5291; x_wconf 87' lang='lat' dir='ltr'><strong>mem</strong></span> <span class='ocrx_word' id='word_1_770' title='bbox 664 5236 743 5291; x_wconf 89' lang='lat' dir='ltr'><strong>ibi</strong></span> <span class='ocrx_word' id='word_1_771' title='bbox 784 5239 984 5308; x_wconf 86' lang='lat' dir='ltr'><strong>exegit,</strong></span> <span class='ocrx_word' id='word_1_772' title='bbox 1017 5250 1074 5293; x_wconf 91' lang='lat' dir='ltr'><strong>ut</strong></span> <span class='ocrx_word' id='word_1_773' title='bbox 1107 5248 1160 5294; x_wconf 76' lang='lat' dir='ltr'><strong>ei</strong></span> <span class='ocrx_word' id='word_1_774' title='bbox 1194 5240 1395 5296; x_wconf 84' lang='lat' dir='ltr'><strong>milites</strong></span> <span class='ocrx_word' id='word_1_775' title='bbox 1430 5255 1570 5310; x_wconf 89' lang='lat' dir='ltr'><strong>quos</strong></span> <span class='ocrx_word' id='word_1_776' title='bbox 1600 5240 1837 5295; x_wconf 75' lang='lat' dir='ltr'><strong>habebat</strong></span> <span class='ocrx_word' id='word_1_777' title='bbox 1890 5256 2050 5297; x_wconf 85' lang='lat' dir='ltr'><strong>exer-</strong></span> 
     </span>
    </p>
   </div>
   <div class='ocr_carea' id='block_1_104' title="bbox 475 5332 2053 5405">
    <p class='ocr_par' dir='ltr' id='par_1_104' title="bbox 475 5332 2053 5405">
     <span class='ocr_line' id='line_1_104' title="bbox 475 5332 2053 5405; baseline 0.002 -20"><span class='ocrx_word' id='word_1_778' title='bbox 475 5341 649 5395; x_wconf 82' lang='lat' dir='ltr'><strong>ceret,</strong></span> <span class='ocrx_word' id='word_1_779' title='bbox 677 5339 735 5386; x_wconf 89' lang='lat' dir='ltr'><strong>et</strong></span> <span class='ocrx_word' id='word_1_780' title='bbox 765 5345 937 5386; x_wconf 88' lang='lat' dir='ltr'><strong>novos</strong></span> <span class='ocrx_word' id='word_1_781' title='bbox 966 5332 1212 5387; x_wconf 77' lang='lat' dir='ltr'><strong>delectus</strong></span> <span class='ocrx_word' id='word_1_782' title='bbox 1264 5334 1514 5389; x_wconf 84' lang='lat' dir='ltr'><strong>haberet.</strong></span> <span class='ocrx_word' id='word_1_783' title='bbox 1550 5333 1875 5405; x_wconf 87' lang='lat' dir='ltr'><strong>Trajecturo</strong></span> <span class='ocrx_word' id='word_1_784' title='bbox 1908 5350 2053 5389; x_wconf 85' lang='lat' dir='ltr'><strong>nun-</strong></span> 
     </span>
    </p>
   </div>
   <div class='ocr_carea' id='block_1_105' title="bbox 479 5422 2052 5496">
    <p class='ocr_par' dir='ltr' id='par_1_105' title="bbox 479 5422 2052 5496">
     <span class='ocr_line' id='line_1_105' title="bbox 479 5422 2052 5496; baseline 0.004 -20"><span class='ocrx_word' id='word_1_785' title='bbox 479 5422 674 5477; x_wconf 72' lang='lat' dir='ltr'><strong>tiatum</strong></span> <span class='ocrx_word' id='word_1_786' title='bbox 705 5434 791 5478; x_wconf 88' lang='lat' dir='ltr'><strong>est</strong></span> <span class='ocrx_word' id='word_1_787' title='bbox 816 5440 846 5476; x_wconf 91' lang='lat' dir='ltr'><strong>a</strong></span> <span class='ocrx_word' id='word_1_788' title='bbox 878 5423 1169 5494; x_wconf 77' lang='lat' dir='ltr'><strong>Rheginis,</strong></span> <span class='ocrx_word' id='word_1_789' title='bbox 1202 5424 1501 5480; x_wconf 83' lang='lat' dir='ltr'><strong>Locrenses</strong></span> <span class='ocrx_word' id='word_1_790' title='bbox 1549 5425 1817 5496; x_wconf 85' lang='lat' dir='ltr'><strong>quosdam</strong></span> <span class='ocrx_word' id='word_1_791' title='bbox 1857 5427 2052 5482; x_wconf 89' lang='lat' dir='ltr'><strong>urbem</strong></span> 
     </span>
    </p>
   </div>
   <div class='ocr_carea' id='block_1_106' title="bbox 477 5514 2057 5588">
    <p class='ocr_par' dir='ltr' id='par_1_106' title="bbox 477 5514 2057 5588">
     <span class='ocr_line' id='line_1_106' title="bbox 477 5514 2057 5588; baseline 0.003 -22"><span class='ocrx_word' id='word_1_792' title='bbox 477 5514 797 5582; x_wconf 85' lang='lat' dir='ltr'><strong>prodituros</strong></span> <span class='ocrx_word' id='word_1_793' title='bbox 821 5530 964 5570; x_wconf 88' lang='lat' dir='ltr'><strong>esse.</strong></span> <span class='ocrx_word' id='word_1_794' title='bbox 1000 5515 1132 5570; x_wconf 84' lang='lat' dir='ltr'><strong>Nam</strong></span> <span class='ocrx_word' id='word_1_795' title='bbox 1157 5533 1280 5571; x_wconf 90' lang='lat' dir='ltr'><strong>cum</strong></span> <span class='ocrx_word' id='word_1_796' title='bbox 1304 5518 1372 5573; x_wconf 87' lang='lat' dir='ltr'><strong>ab</strong></span> <span class='ocrx_word' id='word_1_797' title='bbox 1401 5518 1670 5573; x_wconf 86' lang='lat' dir='ltr'><strong>Annibale</strong></span> <span class='ocrx_word' id='word_1_798' title='bbox 1694 5530 1884 5575; x_wconf 84' lang='lat' dir='ltr'><strong>contra</strong></span> <span class='ocrx_word' id='word_1_799' title='bbox 1916 5535 2057 5588; x_wconf 77' lang='lat' dir='ltr'><strong>pra:-</strong></span> 
     </span>
    </p>
   </div>
   <div class='ocr_carea' id='block_1_107' title="bbox 478 5604 2058 5681">
    <p class='ocr_par' dir='ltr' id='par_1_107' title="bbox 478 5604 2058 5681">
     <span class='ocr_line' id='line_1_107' title="bbox 478 5604 2058 5681; baseline 0.008 -25"><span class='ocrx_word' id='word_1_800' title='bbox 478 5604 607 5659; x_wconf 86' lang='lat' dir='ltr'><strong>sidii</strong></span> <span class='ocrx_word' id='word_1_801' title='bbox 636 5607 954 5677; x_wconf 68' lang='lat' dir='ltr'><strong>praelectum</strong></span> <span class='ocrx_word' id='word_1_802' title='bbox 989 5609 1375 5676; x_wconf 79' lang='lat' dir='ltr'><strong>vociferantes,</strong></span> <span class='ocrx_word' id='word_1_803' title='bbox 1398 5610 1826 5681; x_wconf 85' lang='lat' dir='ltr'><strong>negligereutur,</strong></span> <span class='ocrx_word' id='word_1_804' title='bbox 1851 5613 1920 5665; x_wconf 89' lang='lat' dir='ltr'><strong>ad</strong></span> <span class='ocrx_word' id='word_1_805' title='bbox 1950 5611 2058 5668; x_wconf 66' lang='lat' dir='ltr'><strong>lio-</strong></span> 
     </span>
    </p>
   </div>
   <div class='ocr_carea' id='block_1_108' title="bbox 478 5697 2056 5774">
    <p class='ocr_par' dir='ltr' id='par_1_108' title="bbox 478 5697 2056 5774">
     <span class='ocr_line' id='line_1_108' title="bbox 478 5697 2056 5774; baseline 0.009 -28"><span class='ocrx_word' id='word_1_806' title='bbox 478 5706 670 5751; x_wconf 88' lang='lat' dir='ltr'><strong>manos</strong></span> <span class='ocrx_word' id='word_1_807' title='bbox 709 5697 1066 5755; x_wconf 84' lang='lat' dir='ltr'><strong>inclinarunt.</strong></span> <span class='ocrx_word' id='word_1_808' title='bbox 1113 5701 1273 5757; x_wconf 79' lang='lat' dir='ltr'><strong>Missa</strong></span> <span class='ocrx_word' id='word_1_809' title='bbox 1320 5701 1489 5772; x_wconf 86' lang='lat' dir='ltr'><strong>igitur</strong></span> <span class='ocrx_word' id='word_1_810' title='bbox 1538 5712 1692 5772; x_wconf 75' lang='lat' dir='ltr'><strong>parte</strong></span> <span class='ocrx_word' id='word_1_811' title='bbox 1748 5703 2056 5774; x_wconf 81' lang='lat' dir='ltr'><strong>capiarum,</strong></span> 
     </span>
    </p>
   </div>
   <div class='ocr_carea' id='block_1_109' title="bbox 2148 4968 3676 5049">
    <p class='ocr_par' dir='ltr' id='par_1_109' title="bbox 2148 4968 3676 5049">
     <span class='ocr_line' id='line_1_109' title="bbox 2148 4968 3676 5049; baseline -0.017 -3"><span class='ocrx_word' id='word_1_812' title='bbox 2148 4976 2398 5046; x_wconf 76' lang='grc' dir='ltr'>τριήρεις</span> <span class='ocrx_word' id='word_1_813' title='bbox 2427 4976 2689 5045; x_wconf 78' lang='grc' dir='ltr'>ἀνάλωμα</span> <span class='ocrx_word' id='word_1_814' title='bbox 2720 4977 2901 5044; x_wconf 80' lang='grc' dir='ltr'>ελασε,</span> <span class='ocrx_word' id='word_1_815' title='bbox 2928 4978 3015 5032; x_wconf 83' lang='grc' dir='ltr'><strong>διὰ</strong></span> <span class='ocrx_word' id='word_1_816' title='bbox 3040 4983 3140 5043; x_wconf 69' lang='grc' dir='ltr'>τὰς</span> <span class='ocrx_word' id='word_1_817' title='bbox 3170 4979 3448 5049; x_wconf 78' lang='grc' dir='ltr'>ἀριστείας</span> <span class='ocrx_word' id='word_1_818' title='bbox 3500 4968 3676 5047; x_wconf 57' lang='lat' dir='ltr'><strong>ceased-</strong></span> 
     </span>
    </p>
   </div>
   <div class='ocr_carea' id='block_1_110' title="bbox 2157 5063 3673 5139">
    <p class='ocr_par' dir='ltr' id='par_1_110' title="bbox 2157 5063 3673 5139">
     <span class='ocr_line' id='line_1_110' title="bbox 2157 5063 3673 5139; baseline 0.001 -20"><span class='ocrx_word' id='word_1_819' title='bbox 2157 5079 2345 5135; x_wconf 84' lang='grc' dir='ltr'>μενος’</span> <span class='ocrx_word' id='word_1_820' title='bbox 2385 5066 2540 5136; x_wconf 83' lang='grc' dir='ltr'>μόλις</span> <span class='ocrx_word' id='word_1_821' title='bbox 2573 5066 2631 5121; x_wconf 78' lang='grc' dir='ltr'>δὲ</span> <span class='ocrx_word' id='word_1_822' title='bbox 2665 5070 2759 5123; x_wconf 74' lang='grc' dir='ltr'>καὶ</span> <span class='ocrx_word' id='word_1_823' title='bbox 2787 5068 2857 5123; x_wconf 84' lang='grc' dir='ltr'><strong>τὰ</strong></span> <span class='ocrx_word' id='word_1_824' title='bbox 2903 5070 3046 5123; x_wconf 67' lang='grc' dir='ltr'>πάνυ</span> <span class='ocrx_word' id='word_1_825' title='bbox 3104 5070 3389 5139; x_wconf 75' lang='grc' dir='ltr'>ἀναγκαῖα</span> <span class='ocrx_word' id='word_1_826' title='bbox 3452 5063 3673 5133; x_wconf 72' lang='grc' dir='ltr'>παρέσχον</span> 
     </span>
    </p>
   </div>
   <div class='ocr_carea' id='block_1_111' title="bbox 2157 5154 3674 5231">
    <p class='ocr_par' dir='ltr' id='par_1_111' title="bbox 2157 5154 3674 5231">
     <span class='ocr_line' id='line_1_111' title="bbox 2157 5154 3674 5231; baseline 0.001 -20"><span class='ocrx_word' id='word_1_827' title='bbox 2157 5158 2325 5230; x_wconf 82' lang='grc' dir='ltr'>αὑτῷ.</span> <span class='ocrx_word' id='word_1_828' title='bbox 2359 5159 2530 5214; x_wconf 82' lang='grc' dir='ltr'><strong>Καὶὸ</strong></span> <span class='ocrx_word' id='word_1_829' title='bbox 2588 5159 2689 5229; x_wconf 84' lang='grc' dir='ltr'>μὲν</span> <span class='ocrx_word' id='word_1_830' title='bbox 2743 5162 2840 5214; x_wconf 78' lang='grc' dir='ltr'>σὺν</span> <span class='ocrx_word' id='word_1_831' title='bbox 2870 5160 2949 5231; x_wconf 81' lang='grc' dir='ltr'><strong>τῷ</strong></span> <span class='ocrx_word' id='word_1_832' title='bbox 2977 5163 3219 5231; x_wconf 84' lang='grc' dir='ltr'>ναυτικῷ</span> <span class='ocrx_word' id='word_1_833' title='bbox 3279 5162 3386 5214; x_wconf 76' lang='grc' dir='ltr'>τῶν</span> <span class='ocrx_word' id='word_1_834' title='bbox 3431 5154 3674 5228; x_wconf 64' lang='grc' dir='ltr'>συμμάχων</span> 
     </span>
    </p>
   </div>
   <div class='ocr_carea' id='block_1_112' title="bbox 2157 5239 3675 5325">
    <p class='ocr_par' dir='ltr' id='par_1_112' title="bbox 2157 5239 3675 5325">
     <span class='ocr_line' id='line_1_112' title="bbox 2157 5239 3675 5325; baseline -0.001 -22"><span class='ocrx_word' id='word_1_835' title='bbox 2157 5251 2253 5304; x_wconf 88' lang='grc' dir='ltr'><strong>καί</strong></span> <span class='ocrx_word' id='word_1_836' title='bbox 2279 5269 2421 5304; x_wconf 88' lang='grc' dir='ltr'>τισιν</span> <span class='ocrx_word' id='word_1_837' title='bbox 2450 5251 2758 5316; x_wconf 82' lang='grc' dir='ltr'>ἐθελονταῖς</span> <span class='ocrx_word' id='word_1_838' title='bbox 2814 5254 2883 5307; x_wconf 72' lang='grc' dir='ltr'>ἐκ</span> <span class='ocrx_word' id='word_1_839' title='bbox 2935 5253 3030 5308; x_wconf 78' lang='grc' dir='ltr'><strong>τοῦ</strong></span> <span class='ocrx_word' id='word_1_840' title='bbox 3077 5254 3253 5325; x_wconf 72' lang='grc' dir='ltr'>δήμου</span> <span class='ocrx_word' id='word_1_841' title='bbox 3296 5256 3534 5321; x_wconf 56' lang='grc' dir='ltr'>ἀπῆρεν</span> <span class='ocrx_word' id='word_1_842' title='bbox 3575 5246 3599 5298; x_wconf 78' lang='lat' dir='ltr'><strong>tl</strong></span> <span class='ocrx_word' id='word_1_843' title='bbox 3634 5239 3675 5292; x_wconf 60' lang='grc' dir='ltr'><strong>δὲ</strong></span> 
     </span>
    </p>
   </div>
   <div class='ocr_carea' id='block_1_113' title="bbox 2158 5342 3676 5415">
    <p class='ocr_par' dir='ltr' id='par_1_113' title="bbox 2158 5342 3676 5415">
     <span class='ocr_line' id='line_1_113' title="bbox 2158 5342 3676 5415; baseline -0.002 -20"><span class='ocrx_word' id='word_1_844' title='bbox 2158 5342 2384 5409; x_wconf 67' lang='grc' dir='ltr'>διάγων,</span> <span class='ocrx_word' id='word_1_845' title='bbox 2408 5344 2472 5396; x_wconf 79' lang='grc' dir='ltr'>ἐκ</span> <span class='ocrx_word' id='word_1_846' title='bbox 2492 5345 2588 5414; x_wconf 80' lang='grc' dir='ltr'>τῆς</span> <span class='ocrx_word' id='word_1_847' title='bbox 2620 5349 2784 5414; x_wconf 81' lang='grc' dir='ltr'>νήσου</span> <span class='ocrx_word' id='word_1_848' title='bbox 2810 5344 3222 5415; x_wconf 79' lang='grc' dir='ltr'>παραπλεύσας,</span> <span class='ocrx_word' id='word_1_849' title='bbox 3255 5346 3304 5398; x_wconf 83' lang='grc' dir='ltr'><strong>εί</strong></span> <span class='ocrx_word' id='word_1_850' title='bbox 3317 5366 3331 5407; x_wconf 64' lang='grc' dir='ltr'><em>ρ</em></span> <span class='ocrx_word' id='word_1_851' title='bbox 3353 5344 3449 5412; x_wconf 75' lang='grc' dir='ltr'>τὴν</span> <span class='ocrx_word' id='word_1_852' title='bbox 3473 5343 3676 5406; x_wconf 70' lang='grc' dir='ltr'>Λιγυστισ</span> 
     </span>
    </p>
   </div>
   <div class='ocr_carea' id='block_1_114' title="bbox 2157 5427 3676 5509">
    <p class='ocr_par' dir='ltr' id='par_1_114' title="bbox 2157 5427 3676 5509">
     <span class='ocr_line' id='line_1_114' title="bbox 2157 5427 3676 5509; baseline -0.004 -20"><span class='ocrx_word' id='word_1_853' title='bbox 2157 5436 2262 5498; x_wconf 83' lang='grc' dir='ltr'>κὴν</span> <span class='ocrx_word' id='word_1_854' title='bbox 2291 5434 2496 5504; x_wconf 80' lang='grc' dir='ltr'>ἀπέϐη.</span> <span class='ocrx_word' id='word_1_855' title='bbox 2540 5434 2600 5489; x_wconf 87' lang='lat'><strong>&#39;0</strong></span> <span class='ocrx_word' id='word_1_856' title='bbox 2660 5436 2917 5506; x_wconf 80' lang='grc' dir='ltr'>Κράσσος</span> <span class='ocrx_word' id='word_1_857' title='bbox 2943 5436 2989 5490; x_wconf 82' lang='grc' dir='ltr'>δ’</span> <span class='ocrx_word' id='word_1_858' title='bbox 3032 5439 3089 5491; x_wconf 76' lang='grc' dir='ltr'>ὲν</span> <span class='ocrx_word' id='word_1_859' title='bbox 3132 5438 3202 5507; x_wconf 69' lang='grc' dir='ltr'>τῇ</span> <span class='ocrx_word' id='word_1_860' title='bbox 3229 5437 3456 5509; x_wconf 79' lang='grc' dir='ltr'>Βρεττίᾳ</span> <span class='ocrx_word' id='word_1_861' title='bbox 3496 5430 3563 5500; x_wconf 81' lang='grc' dir='ltr'><strong>τῷ</strong></span> <span class='ocrx_word' id='word_1_862' title='bbox 3588 5427 3676 5477; x_wconf 74' lang='grc' dir='ltr'><strong>Ἂν·</strong></span> 
     </span>
    </p>
   </div>
   <div class='ocr_carea' id='block_1_115' title="bbox 2157 5515 3672 5600">
    <p class='ocr_par' dir='ltr' id='par_1_115' title="bbox 2157 5515 3672 5600">
     <span class='ocr_line' id='line_1_115' title="bbox 2157 5515 3672 5600; baseline 0.001 -21"><span class='ocrx_word' id='word_1_863' title='bbox 2157 5527 2283 5596; x_wconf 55' lang='lat' dir='ltr'><strong>vitia.</strong></span> <span class='ocrx_word' id='word_1_864' title='bbox 2314 5526 2703 5600; x_wconf 74' lang='grc' dir='ltr'>προσήδρευεν.</span> <span class='ocrx_word' id='word_1_865' title='bbox 2757 5526 2818 5581; x_wconf 90' lang='lat'><strong>&#39;0</strong></span> <span class='ocrx_word' id='word_1_866' title='bbox 2875 5530 3064 5598; x_wconf 83' lang='grc' dir='ltr'>μέντοι</span> <span class='ocrx_word' id='word_1_867' title='bbox 3105 5529 3375 5592; x_wconf 76' lang='grc' dir='ltr'>Φίλιππος</span> <span class='ocrx_word' id='word_1_868' title='bbox 3414 5515 3672 5581; x_wconf 61' lang='lat' dir='ltr'><strong>aetrnum</strong></span> 
     </span>
    </p>
   </div>
   <div class='ocr_carea' id='block_1_116' title="bbox 2172 5608 3673 5691">
    <p class='ocr_par' dir='ltr' id='par_1_116' title="bbox 2172 5608 3673 5691">
     <span class='ocr_line' id='line_1_116' title="bbox 2172 5608 3673 5691; baseline -0.007 -22"><span class='ocrx_word' id='word_1_869' title='bbox 2172 5617 2484 5687; x_wconf 85' lang='grc' dir='ltr'>Ῥωμαίοις.</span> <span class='ocrx_word' id='word_1_870' title='bbox 2519 5617 2786 5673; x_wconf 80' lang='grc' dir='ltr'>Πούπλιον</span> <span class='ocrx_word' id='word_1_871' title='bbox 2817 5624 2926 5691; x_wconf 70' lang='grc' dir='ltr'><strong>γὰρ</strong></span> <span class='ocrx_word' id='word_1_872' title='bbox 2943 5620 3300 5691; x_wconf 79' lang='grc' dir='ltr'>Σεμπρώνιον</span> <span class='ocrx_word' id='word_1_873' title='bbox 3328 5623 3408 5683; x_wconf 84' lang='grc' dir='ltr'><strong>είς</strong></span> <span class='ocrx_word' id='word_1_874' title='bbox 3460 5608 3673 5669; x_wconf 68' lang='lat' dir='ltr'><strong>Armilu-</strong></span> 
     </span>
    </p>
   </div>
   <div class='ocr_carea' id='block_1_117' title="bbox 2163 5694 3675 5785">
    <p class='ocr_par' dir='ltr' id='par_1_117' title="bbox 2163 5694 3675 5785">
     <span class='ocr_line' id='line_1_117' title="bbox 2163 5694 3675 5785; baseline 0 -21"><span class='ocrx_word' id='word_1_875' title='bbox 2163 5711 2283 5763; x_wconf 78' lang='grc' dir='ltr'>νίαν</span> <span class='ocrx_word' id='word_1_876' title='bbox 2320 5710 2544 5775; x_wconf 67' lang='grc' dir='ltr'>ἐλθόντα</span> <span class='ocrx_word' id='word_1_877' title='bbox 2583 5712 2682 5768; x_wconf 80' lang='grc' dir='ltr'>σὺν</span> <span class='ocrx_word' id='word_1_878' title='bbox 2712 5713 2884 5784; x_wconf 74' lang='grc' dir='ltr'>πολλῇ</span> <span class='ocrx_word' id='word_1_879' title='bbox 2921 5711 3148 5785; x_wconf 82' lang='grc' dir='ltr'>δυνάμει</span> <span class='ocrx_word' id='word_1_880' title='bbox 3191 5711 3524 5784; x_wconf 77' lang='grc' dir='ltr'>αἰσθόμενος,</span> <span class='ocrx_word' id='word_1_881' title='bbox 3539 5694 3675 5771; x_wconf 51' lang='lat' dir='ltr'><strong>uti“</strong></span> 
     </span>
    </p>
   </div>
  </div>
