4050 6210
337 289 453 354 ’ῖ53

1609 298 2016 362 ANNALIUM
2054 301 2208 364 LIB.
2253 302 2360 364 IX.

3484 312 3616 382 754‘.

332 399 648 472 θαρρήσας,
690 401 1020 460 σπείσασθαι
1048 405 1132 461 ὅτι
1171 406 1404 480 τάχιστα
1436 409 1598 480 Im,
1630 412 1698 464 ἵν’
1749 414 1801 466 εἰ
1841 430 1881 482 μ

1985 450 1990 471 ι
2021 429 2202 484 neque
2227 429 2422 485 aspere
2439 429 2618 486 neque
2635 415 2926 488 perspicuo
2944 416 3260 488 respondit;
3288 420 3386 477 sed
3405 438 3597 492 quam-

328 490 495 544 τοῦτο
535 491 800 562 συμϐαίη,
850 493 1046 564 τριϐὴν
1105 494 1245 561 τέως
1287 498 1422 552 τινα
1462 499 1756 571 πορίσηται
1820 521 1883 558 κα

2022 505 2106 560 vis
2131 505 2362 560 omnino
2402 507 2645 563 medium
2675 508 2956 579 quoddam
2985 520 3218 575 teneret,
3267 519 3448 568 tamen
3493 514 3598 570 hu-

325 580 629 652 διακωχήν.
664 583 899 653 Πέμψας
948 581 1042 639 οὖν
1093 586 1231 658 πρὸς
1286 587 1378 642 τὸν
1443 591 1810 658 Μασινέσσαν,
1844 593 1912 646 δι’

2016 596 2236 652 manius
2262 597 2544 664 disseruit,
2578 607 2638 653 ut
2664 615 2790 656 eum
2823 615 2920 670 spe
2947 601 3100 672 pacis
3139 603 3592 674 negligentiorem

325 670 549 725 ἐκείνου
578 674 653 735 ὡς
673 674 954 744 ὁμοφύλου
977 677 1080 742 τὰς
1104 680 1338 746 σπονδὰς
1371 681 1577 753 ᾔτησεν
1623 686 1715 738 καὶ
1779 682 1880 757 ἦλθ

2014 686 2293 751 redderet,
2324 689 2488 760 idque
2515 691 2743 746 accidit.
2783 691 2920 748 Cum
2949 670 3102 748 enim
3144 670 3468 750 Annibalem
3524 697 3593 752 de

327 763 436 829 μὲν
475 765 534 826 ἐς
565 763 754 832 λόγους
809 767 889 837 τῷ
937 769 1225 838 Σκιπίωνι,
1260 772 1467 842 ἔπραξε
1498 775 1554 828 δὲ
1600 777 1774 834 οὐδέν.
1849 779 1910 834 '0

321 855 440 926 γὰρ
475 857 720 910 Σκιπίων
751 857 875 914 οὔτε
897 863 1072 933 τραχὺ
1103 863 1229 918 οὔτε
1257 883 1308 918 τι
1344 867 1516 936 σαφὲς
1549 868 1907 941 ἀπεκρίνατο,

321 944 468 998 ἀλλὰ
498 947 554 1000 τὸ
585 947 686 1017 μὲν
732 951 855 1004 ὅλον
889 953 1212 1022 ὲμέσευσεν,
1247 956 1660 1033 ἐπιεικέστερον
1687 962 1732 1015 δ’
1759 966 1908 1033 ὅμως

319 1035 626 1109 διειλέχθη,
659 1040 808 1105 ὅπως
852 1043 1015 1098 αὐτὸν
1038 1045 1114 1109 ὡς
1139 1048 1234 1100 καὶ
1263 1052 1622 1120 σπεισόμενος
1661 1057 1742 1117 είς
1770 1057 1908 1126 ἀμέ-

317 1127 479 1180 λειαν
536 1129 865 1204 προαγάγῃ,
938 1133 969 1186 6
1018 1136 1114 1189 καὶ
1171 1138 1508 1212 συμϐέϐηκε.
1559 1144 1758 1217 Μάχης
1807 1148 1906 1216 μὲν

315 1220 433 1288 γὲρ
469 1222 596 1286 περὶ
620 1222 772 1276 οὐδὲν
809 1226 837 1277 6
872 1225 1122 1292 Ἀννίϐας
1144 1230 1420 1302 ἐνενόησε,
1460 1252 1900 1309 μεταστρατοπεο

310 1307 619 1364 δεῦσαςθαι
652 1312 707 1366 δὲ
737 1315 817 1378 εἰς
849 1316 1049 1388 χωρίον
1078 1319 1517 1396 ὲπιτηδειότερόν
1545 1345 1599 1382 τι
1621 1307 1898 1398 ἡθέλεσεν.

313 1399 413 1466 Ἐξ
442 1403 761 1472 αὐτομόλων
793 1405 851 1460 δὲ
881 1407 1041 1462 τοῦτο
1097 1412 1286 1482 μαθὼν
1327 1398 1356 1467 6
1389 1416 1651 1484 Σκιπίων,
1705 1423 1902 1494 1:90:5-

313 1491 522 1563 ανέστη
557 1495 775 1560 νυκτὸς,
808 1499 904 1551 καὶ
930 1502 1165 1573 κατέσχε
1186 1503 1276 1557 τὸν
1301 1505 1466 1560 τόπην
1495 1510 1574 1574 είς
1603 1509 1662 1564 ὃν
1692 1491 1899 1577 ἐκεῖνος

308 1581 607 1675 ἠπείγετο.
654 1584 745 1640 Ἐν
777 1588 961 1659 χωρίῳ
993 1590 1049 1645 δέ
1087 1610 1194 1647 τινι
1223 1595 1390 1668 κοίλῳ
1421 1600 1512 1653 καὶ
1535 1601 1898 1675 ἀνεπιτηδείῳ

311 1674 460 1744 πρὸς
483 1678 946 1766 στρατοπέδευσιν
975 1688 1292 1756 γενομένοις
1339 1693 1452 1754 τοῖς
1503 1674 1896 1766 Καρχηδονίοις

304 1767 562 1839 ἐπεφάνη
593 1764 880 1838 αἰφνίδιον,
922 1773 982 1828 ⁸0
1036 1775 1082 1830 δ’
1131 1778 1383 1846 ’Δννίὸας
1441 1764 1738 1855 συμϐαλείν
1789 1792 1892 1847 οὐκ

304 1858 577 1930 ἠθέλησε.
614 1863 1188 1939 Στρατοπεδευόμινος
1218 1871 1267 1925 δ’
1291 1874 1411 1928 ἐκεῖ
1432 1879 1526 1931 καὶ
1553 1883 1890 1954 φρεωρυχῶν

303 1951 736 2026 ὲταλαιπώρησε
765 1957 854 2012 διὰ
887 1961 1070 2031 πάσης
1096 1963 1195 2034 τῆς
1221 1967 1435 2033 νυκτὸς,
1459 1970 1555 2024 καὶ
1583 1951 1756 2038 οὕτως
1779 1951 1891 2030 -κα-

304 2040 426 2103 κῶς
457 2043 657 2107 αὐτοὺς
683 2045 906 2115 ἔχοντας
941 2051 1046 2104 ὑπὸ
1078 2055 1324 2124 καμάτου
1357 2060 1451 2112 καὶ
1504 2061 1687 2134 δίψης,
1755 2083 1891 2122 κατ-

303 2135 600 2204 ηνάγκασε
628 2139 720 2192 καὶ
761 2141 996 2206 ἄκοντας
1044 2145 1073 2198 6
1132 2146 1372 2202 Σκιπίων
1406 2153 1676 2223 συμμίξαι
1716 2157 1888 2230 αὐτῷ.

303 2226 619 2280 Συνὲὄαλον
643 2227 736 2282 οὖν
769 2231 820 2283 oi
853 2231 954 2301 μὲν
999 2231 1259 2305 Ῥωμαῖοι
1320 2245 1741 2312 συντεταγμένοι
1794 2226 1889 2304 καὶ

303 2321 608 2390 πρόθυμοι,
641 2320 894 2386 ’Δννίὸας
913 2325 970 2379 δὲ
997 2325 1159 2378 καὶοὶ
1187 2327 1551 2402 Καρχηδόνιοι
1577 2336 1889 2410 ἀπρόθυμοι

298 2429 364 2464 τε
405 2413 499 2465 καὶ
528 2416 1072 2487 καταπεπληγμένοι,
1097 2419 1193 2473 καὶ
1221 2421 1289 2474 δι’
1317 2423 1480 2496 ἕτερα
1511 2427 1606 2482 καὶ
1658 2429 1742 2484 ὅτι
1795 2439 1888 2489 καὶ

300 2507 334 2558 6
369 2505 526 2576 ἥλιος
559 2508 784 2578 σύμπας
811 2511 1080 2574 ἐξέλιπεν.
1126 2513 1224 2568 Ἐκ
1275 2515 1380 2589 γὰρ
1418 2520 1528 2575 τῶν
1574 2523 1752 2580 ἄλλων
1792 2529 1889 2583 καὶ

300 2595 471 2649 τοῦτο
497 2597 598 2651 οὐκ
629 2600 806 2652 αἴσιόν
834 2619 887 2654 τι
942 2605 1283 2675 προμηνύειν
1333 2609 1520 2680 σφίσιν
1558 2613 1587 2666 6
1641 2614 1888 2686 ’Δννίσας

299 2688 337 2741 ὑ
350 2687 572 2741 πώπτευ
584 2707 692 2743 σεν.
727 2690 884 2745 Οὕτω
907 2693 952 2747 δ’
971 2693 1188 2765 ἔχοντες
1210 2699 1337 2763 τοὺς
1356 2701 1658 2772 ἐλέφαντας
1677 2709 1888 2768 ἑαυτῶν

299 2781 694 2848 προεϐάλοντο.
736 2784 845 2838 Καὶ
875 2787 925 2839 οἱ
990 2784 1252 2860 Ῥωμαῖοι
1311 2792 1453 2863 μέγα
1483 2796 1744 2870 ἐξαίφνης
1794 2804 1889 2858 καὶ

294 2873 752 2945 καταπλψτικδν
801 2878 1126 2952 ἀνεϐόησαν,
1177 2885 1272 2938 καὶ
1317 2886 1416 2952 τὰς
1467 2891 1703 2958 ἀσπίδας
1775 2899 1889 2962 τοῖς

299 2961 500 3032 δόρασι
530 2964 862 3034 κρούσαντες
897 2968 1054 3042 θυμῷ
1073 2974 1169 3026 καὶ
1206 2973 1392 3047 δρόμῳ
1434 2979 1526 3032 ἐπὶ
1585 2982 1712 3048 τοὺς
1762 2985 1887 3040 ἐλέ-

2011 793 2193 850 pugna
2221 782 2447 838 minime
2471 783 2825 854 cogitantem,
2853 795 3033 841 castra
3059 784 3116 842 in
3138 786 3320 843 locum
3344 805 3592 844 commn-

2010 871 2550 932 diorenttransferre
2568 877 2709 933 velle
2735 892 2803 934 ex
2844 878 3140 950 transfugis
3190 878 3585 948 intellexisset,

2009 978 2175 1024 noctu
2206 970 2329 1025 loco
2356 984 2447 1035 eo,
2487 987 2610 1042 quo.
2641 971 2736 1028 ille
2777 973 3128 1045 properabat.
3181 982 3586 1046 praeoccupato.

2006 1057 2561 1130 Carthaginiensibus
2584 1062 2639 1116 in
2666 1061 2936 1126 convalle,
2963 1063 3161 1120 castris
3186 1063 3331 1118 haud
3366 1064 3586 1128 idonea,

2006 1151 2385 1218 versantibus,
2413 1168 2480 1209 ex
2509 1153 2811 1226 improviso
2839 1169 2900 1211 se
2925 1156 3193 1212 ostendit.
3237 1157 3308 1212 At
3347 1157 3586 1213 Annibal

2006 1238 2311 1296 detrectata
2339 1257 2542 1314 pugna,
2580 1243 2779 1301 castris
2813 1244 2890 1302 ibi
2920 1247 3239 1303 muniendis
3295 1258 3353 1304 et
3405 1249 3588 1318 puteis

2004 1331 2279 1391 fodiendis
2319 1351 2418 1407 per
2475 1345 2644 1393 totam
2685 1346 2899 1394 noctem
2953 1337 3058 1394 fuit
3107 1351 3433 1410 occupatus,
3477 1357 3586 1411 qua

2000 1442 2247 1483 aerumna
2271 1429 2524 1501 fatigatos
2538 1440 2596 1486 et
2617 1431 2868 1488 sitientes
2901 1430 3088 1502 Scipio
3112 1432 3197 1487 vel
3224 1431 3425 1488 invitos
3443 1434 3586 1492 inire

2001 1517 2249 1586 pralium
2280 1519 2482 1589 coegit.
2507 1519 2957 1591 Congrediuntur
2987 1524 3132 1578 inter
3173 1538 3316 1588 sese,
3350 1524 3583 1580 Romani

2001 1607 2255 1666 instructi
2286 1622 2343 1668 ct
2373 1613 2606 1676 alacres,
2638 1613 2874 1671 Annibal
2895 1626 2950 1671 et
2980 1614 3462 1688 Carthaginienses
3496 1620 3580 1672 in-

1999 1700 2122 1766 viti,
2151 1712 2207 1759 et
2235 1713 2436 1775 praeter
2471 1707 2580 1762 alia
2601 1708 2767 1763 etiam
2801 1709 3019 1766 defectu
3052 1711 3185 1767 solis
3230 1711 3448 1784 integro
3473 1723 3584 1768 ter-

1998 1790 2121 1857 riti;
2156 1807 2320 1862 quem
2356 1805 2557 1866 praeter
2595 1805 2799 1856 caetera
2825 1800 2963 1870 nihil
3002 1801 3103 1858 sibi
3129 1803 3295 1859 fausti
3355 1814 3578 1874 porten-

1993 1877 2125 1936 dere
2170 1881 2375 1941 Poenus
2407 1886 2734 1953 arbitratus,
2791 1891 3109 1962 elephantes
3156 1895 3212 1949 in
3252 1895 3429 1965 prima
3461 1897 3581 1960 acie

1993 1971 2489 2032 eoilocat.Romani
2508 1994 2639 2034 vero
2656 1981 2841 2040 subito
2873 1982 3079 2054 ingenti
3109 1995 3166 2041 et
3194 1986 3428 2043 terribili
3463 1990 3578 2045 cla-

1995 2076 2151 2118 more
2189 2063 2430 2132 sublato,
2466 2078 2522 2124 et
2551 2069 2774 2142 clypeos
2834 2071 3010 2129 hastis
3062 2075 3365 2145 pulsantes,
3407 2077 3485 2132 ira
3521 2087 3578 2135 et

1993 2168 2162 2211 cursu
2194 2157 2430 2224 incitati,
2453 2157 2669 2216 belluas
2697 2161 2907 2234 impetu
2937 2164 3034 2219 illo
3082 2165 3307 2222 territas
3343 2166 3577 2237 dissipa-

1991 2254 2126 2303 runt
2160 2259 2325 2319 atque
2357 2260 2714 2319 everterunt;
2750 2271 2872 2326 quae
2928 2272 3061 2312 vero
3118 2259 3574 2323 vulnerabantur.

1991 2340 2118 2398 suis
2132 2342 2307 2414 magis
2333 2342 2972 2404 incotnmodabantJam
3002 2350 3273 2421 utaliqua:
3303 2351 3356 2407 in
3389 2352 3575 2411 hostes

1991 2436 2159 2503 irent,
2202 2445 2384 2495 tamen
2416 2439 2683 2498 Romanis
2719 2443 2959 2512 spatium
3015 2446 3417 2517 praebentibus,
3478 2465 3575 2518 per

1991 2529 2232 2586 mediam
2257 2531 2434 2588 aciem
2469 2542 2931 2600 transcurrentes,
2965 2536 3109 2594 inter
3125 2540 3571 2608 pratercundum

1990 2631 2047 2677 et
2071 2622 2274 2694 iaculis
2301 2634 2358 2680 et
2386 2627 2587 2694 gladiis
2618 2628 3079 2687 vulnerabantur.
3114 2631 3192 2686 Ac
3223 2632 3292 2686 ad
3356 2641 3574 2703 tempus

1990 2715 2213 2785 aliquod
2244 2715 2732 2790 Carthaginienses
2763 2722 3111 2776 restiterunt.
3148 2723 3357 2785 Deinde
3404 2723 3570 2780 Masi-

1990 2807 2154 2863 nissa:
2188 2817 2244 2862 et
2275 2807 2425 2862 Laelii
2451 2810 2702 2881 equitatu
2757 2811 2995 2876 invecto,
3056 2813 3318 2884 fugerunt
3349 2832 3566 2880 omnes,

1989 2899 2178 2970 plures
2213 2899 2555 2970 ceciderunt,
2583 2903 2702 2972 ipso
2724 2904 2890 2958 etiam
2923 2903 3192 2960 Annibale
3223 2922 3364 2977 pone
3392 2907 3568 2964 inter-

1989 2989 2154 3050 fecto.
2180 2990 2314 3046 Nam
2342 3008 2465 3046 cum
2498 2993 2712 3064 fugiens
2759 2993 3093 3049 liasinissam
3141 2996 3279 3052 laxis
3341 2998 3568 3054 habenis

293 3069 514 3121 φαντας
550 3054 838 3128 ὥρμησαν.
902 3060 1024 3129 Ὑφ’
1073 3056 1149 3118 ὧν
1206 3068 1569 3139 ταραχθέντες
1607 3073 1802 3130 ἐκεῖνοι
1835 3078 1883 3130 oi

1991 3085 2264 3141 acerrime
2289 3087 2545 3155 persequi
2583 3102 2882 3143 conversus
2909 3088 3157 3152 vidisset,
3195 3092 3312 3162 ejus
3358 3093 3564 3163 impetu

297 3145 404 3226 μὲν
446 3146 664 3211 πλείους
705 3149 806 3203 οὐκ
846 3151 1093 3219 ἐδέξαντο
1129 3157 1292 3224 σφᾶς,
1327 3158 1442 3212 ἀλλ’
1479 3161 1885 3234 ἀπετράποντο,

294 3237 395 3292 καὶ
419 3240 857 3311 τιτρωσκόμενοι
897 3245 1072 3314 μείζω
1117 3249 1231 3311 τοῖς
1287 3251 1738 3325 ἐπι-τεταγμένοις
1778 3259 1888 3313 Evt-:-

298 3326 493 3381 mlow
517 3331 610 3382 τὸν
641 3329 892 3400 θόρυϐον.
926 3335 988 3386 Οἱ
1017 3334 1075 3389 δὲ
1130 3336 1227 3390 καὶ
1274 3340 1441 3408 ὁμόσε
1493 3345 1648 3412 σφίσι
1701 3351 1884 3420 χωρή-

295 3437 522 3488 σαντες,
541 3418 650 3476 τῶν
685 3421 974 3496 Ῥωμαίων
996 3427 1378 3498 διισταμένων,
1407 3433 1494 3491 διὰ
1511 3437 1682 3509 μέσου
1704 3441 1885 3497 αὐτῶν

291 3514 660 3586 δ;εξέτρεχον,
691 3519 784 3571 καὶ
811 3519 1092 3590 περιόντες
1111 3522 1398 3581 ἔϐαλλοντό
1418 3545 1477 3581 τε
1506 3532 1597 3584 καὶ
1620 3535 1684 3586 ὲκ
1698 3533 1885 3605 χειρὸς

291 3604 713 3676 ἐτιτρώσκοντο.
759 3608 872 3663 Καὶ
927 3609 1018 3664 ὲπί
1043 3629 1165 3667 τινα
1223 3617 1323 3686 μὲν
1380 3621 1573 3690 χρόνον
1619 3604 1883 3694 ἀντέσχον

288 3699 342 3750 οἱ
377 3698 762 3770 Καρχηδόνιοι.
822 3701 1058 3758 Ἔπειτα
1109 3705 1202 3760 τοῦ
1251 3709 1587 3766 Μασινίσσου
1643 3715 1740 3768 καὶ
1788 3717 1880 3771 τοῦ

288 3790 522 3846 ιἰαιλίου
552 3794 664 3856 τοῖς
695 3793 920 3847 ἱππεῦσι
971 3798 1398 3867 προσπεσόντων
1437 3802 1643 3870 αὐτοῖς,
1677 3805 1882 3870 πάντες

255 3869 535 3954 ’ἔφυγον
564 3885 695 3939 οίδὲ
744 3887 961 3952 πλείους
1013 3888 1353 3962 ἐφθάρησαν,
1398 3895 1493 3948 καὶ
1547 3897 1576 3948 6
1627 3869 1880 3963 Ἃννίσας

293 3975 504 4046 μικρσῦ
534 3973 601 4030 ἂν
623 3977 892 4033 ἀπώλετο.
927 3981 1202 4049 Φεύγοντα
1231 3981 1341 4056 γὰρ
1370 3985 1535 4041 αὐτὸν
1565 3989 1592 4041 6
1614 3986 1881 4043 Μασινίσ-

294 4085 395 4130 σας
428 4068 729 4123 ἐπεδίωκεν
763 4069 1022 4140 ἀκρατῶς
1055 4074 1122 4144 τῇ
1148 4071 1242 4127 τοῦ
1282 4075 1450 4130 ἵππου
1481 4077 1630 4151 ῥύμῃ
1661 4079 1880 4134 ὑπενδι-

287 4159 440 4222 δούς.
474 4160 900 4232 Μεταστραφεὶς
938 4162 984 4214 δ’
1016 4164 1045 4216 6
1075 4160 1352 4233 Ἀννίϐας,
1399 4169 1492 4224 καὶ
1536 4169 1661 4225 ίδὼν
1687 4189 1690 4192 ’
1715 4173 1878 4226 αὐτὸν

285 4249 438 4306 οὕτω
475 4249 763 4320 διώκοντα,
833 4253 1016 4325 ἠρέμα
1074 4255 1337 4325 ἐξέκλινε,
1392 4263 1488 4315 καὶ
1530 4263 1623 4316 τὸν
1675 4265 1878 4336 δρόμον

287 4345 590 4412 ἐπέστησε,
612 4343 712 4397 καὶ
742 4344 884 4399 οὕτω
940 4349 1329 4420 παρελάσαντα
1393 4352 1484 4407 τὸν
1527 4356 1876 4414 Μασινίσσαν

1986 3174 2238 3230 nonnihil
2291 3175 2586 3241 declinato,
2630 3192 2908 3248 cursuque
2967 3179 3224 3245 inhibito,
3267 3195 3566 3251 praeterve-

1985 3277 2136 3324 ctum
2167 3283 2200 3323 a
2231 3278 2384 3338 tergo
2413 3269 2643 3325 adortus
2676 3271 3015 3333 vulneravit;
3051 3273 3236 3340 itaque
3270 3290 3394 3328 cum
3429 3291 3567 3346 pau-

1983 3358 2064 3416 cis
2085 3358 2282 3416 evasit.
2313 3358 2500 3430 Scipio
2533 3361 2763 3416 victoria
2809 3362 3029 3431 potitus.
3071 3379 3305 3434 propere
3327 3364 3566 3424 Cartha-

1982 3448 2166 3520 ginem
2187 3448 2349 3522 “3
2377 3460 2523 3505 terra
2551 3451 2798 3520 marique
2822 3452 3060 3508 obsedit.
3081 3451 3501 3528 Carthaginiens
3536 3472 3563 3513 ς

1981 3539 2260 3610 principio
2293 3555 2352 3595 se
2379 3539 2445 3594 ad
2484 3539 2820 3596 tolerandam
2874 3541 3218 3598 obsidionem
3284 3556 3562 3614 parantes,

1983 3631 2202 3688 tandem
2227 3633 2396 3689 rebus
2441 3633 2766 3704 desperatis,
2825 3633 3222 3690 caduceatores
3288 3637 3354 3689 ad
3407 3637 3558 3690 illum

1981 3721 2276 3786 miserunt,
2313 3738 2438 3776 cum
2471 3722 2672 3791 quibus
2704 3722 2891 3790 Scipio
2919 3722 2986 3776 de
3021 3725 3173 3793 pacis
3222 3725 3558 3780 conditioni-

1980 3813 2088 3867 bus
2107 3812 2238 3884 egit,
2260 3828 2381 3881 qua:
2411 3811 2726 3882 huiusmodi
2761 3811 3020 3869 fuerunt:
3053 3820 3113 3866 ut
3137 3811 3560 3883 Carthaginien-

1979 3917 2070 3958 ses
2109 3901 2331 3957 obsides
2357 3900 2576 3964 darent,
2618 3901 2863 3969 captivos
2903 3909 2956 3953 et
2999 3903 3308 3973 transfugas
3367 3919 3562 3962 omnes

1979 3997 2360 4058 restituerent,
2387 3993 2717 4064 elephantos
2745 4008 2938 4048 omnes
2971 4002 3026 4048 et
3063 3997 3336 4058 triremes,
3365 3995 3557 4050 docent

1977 4087 2247 4158 exceptis,
2281 4085 2587 4142 traderent.
2615 4085 2674 4140 in
2709 4095 2989 4155 posterum
3013 4100 3194 4154 neque
3233 4086 3558 4155 elephantos

1979 4193 2160 4249 neque
2187 4178 2375 4249 longas
2407 4193 2577 4232 naves
2639 4177 2827 4248 plures
2867 4192 3032 4248 quam
3058 4177 3228 4232 denas
3262 4177 3554 4243 baberent,
3591 4193 3605 4209 ·

1979 4285 2159 4342 neque
2183 4271 2386 4327 bellum
2413 4285 2540 4325 cum
2566 4285 2842 4340 quoquam
2886 4271 2991 4324 nisi
3025 4269 3094 4323 de
3132 4271 3404 4325 sententia
3448 4271 3558 4326 llo-

1979 4379 2271 4419 mauorum
2309 4361 2675 4433 susciperent.
2712 4361 2935 4434 Adjecta
2996 4370 3125 4417 sunt
3157 4369 3213 4416 et
3258 4361 3364 4416 alia
3402 4379 3553 4434 (μιξε-

283 4435 433 4488 κατᾶ
461 4435 632 4489 νώτου
657 4438 949 4510 γενόμενος
983 4440 1213 4512 ἔτρωσε,
1247 4446 1356 4498 κάκ
1387 4445 1578 4500 τούτου
1611 4449 1730 4518 μετ’
1757 4450 1872 4505 ὀλί-

1985 4454 2125 4511 dam.
2166 4453 2266 4508 llis
2304 4452 2720 4508 conditionibus
2773 4451 3073 4523 pmpositis
3107 4450 3270 4524 legati
3326 4453 3552 4510 Romam

282 4545 403 4597 γων
437 4527 690 4599 ἐξέφυγε.
729 4531 972 4586 Σκιπίων
998 4533 1054 4587 δὲ
1108 4535 1357 4605 νικήσας,
1413 4539 1509 4591 ἐπὶ
1554 4540 1655 4613 τὴν
1709 4543 1867 4616 Καρ-

282 4619 496 4690 χηδόνα
531 4621 790 4692 ἠπείχθη,
836 4627 930 4677 καὶ
962 4625 1271 4697 ἐπολιόρκει
1305 4629 1476 4700 αὐτὴν
1510 4631 1576 4685 ἐκ
1615 4633 1718 4704 γῆς
1748 4635 1869 4706 ἅμα

281 4717 385 4768 καὶ
415 4713 717 4783 θαλάσσης.
752 4719 815 4770 Oi
848 4717 894 4771 δ’
923 4717 994 4773 αὖ
1033 4721 1393 4792 Καρχηδόνιοι
1420 4725 1638 4796 πρῶτον
1673 4727 1771 4797 μὲν
1791 4727 1866 4793 ὡς

276 4809 387 4875 τὴν
418 4805 736 4876 πολιορκίαν
763 4813 1198 4882 καρτερήσοντες
1223 4815 1601 4884 ἡτοιμάζοντο.
1632 4820 1866 4874 Ἔπειτα

279 4897 438 4950 διαπ
458 4900 718 4968 ρηθέντες
750 4900 889 4972 πρὸς
917 4905 1009 4957 τὸν
1035 4905 1313 4960 Σκιπίωνα
1342 4907 1864 4981 διεκηρυκεύσαντο,

282 4991 386 5044 καὶ
421 4992 449 5043 ό
489 4991 732 5046 Σκιπίων
770 4995 897 5058 τοὺς
936 4994 1129 5065 λόγους
1175 4997 1327 5067 σφῶν
1354 5001 1736 5072 προσεδέξατο,
1766 5005 1863 5059 καὶ

281 5081 416 5149 περὶ
442 5080 551 5133 τῶν
584 5081 870 5152 συνθηκῶν
890 5084 1162 5156 διειλέχθη
1185 5087 1392 5152 αὐτοῖς.
1419 5084 1527 5143 Ἦν
1552 5091 1608 5147 δὲ
1634 5093 1702 5147 τὰ
1722 5093 1866 5164 ὠμο-

279 5171 591 5239 λογημένα,
627 5173 871 5244 ὁμήρους
901 5190 962 5226 τε
997 5175 1148 5245 παρὰ
1186 5177 1294 5230 τῶν
1323 5178 1728 5252 Καρχηδονίων,
1764 5183 1860 5238 καὶ

275 5260 412 5323 τοὺς
435 5261 815 5329 ατχμαὶὼτους
846 5265 940 5318 καὶ
969 5265 1096 5327 τοὺς
1120 5267 1450 5337 αὐτομόλους
1476 5271 1696 5342 δοθῆναι
1717 5289 1744 5306 ⁸-
1767 5274 1862 5329 καὶ

280 5352 498 5415 πάντας
543 5353 640 5420 μὲν
684 5355 811 5417 τοὺς
839 5354 1162 5424 ἐλέφαντας,
1210 5359 1310 5423 τὰς
1342 5360 1398 5413 δὲ
1428 5363 1674 5433 τριήρεις
1718 5365 1860 5438 πλὴν

275 5443 415 5495 δέκα
451 5445 858 5516 παρασχεθῆναι
876 5462 890 5477 σ
919 5448 1012 5501 καὶ
1034 5445 1128 5502 τοῦ
1153 5449 1344 5504 λοιποῦ
1371 5453 1510 5524 μήτε
1532 5455 1856 5525 ἐλέφαντας,

283 5533 428 5604 μήτε
469 5533 604 5596 ναῦς
639 5537 859 5607 μακρὰς
890 5537 1110 5602 πλείους
1140 5541 1248 5595 τῶν
1277 5542 1408 5596 δέκα
1441 5543 1606 5615 ἔχειν,
1633 5547 1728 5600 καὶ
1757 5549 1859 5619 μή·

278 5641 341 5677 τε
377 5623 618 5692 πόλεμον
653 5627 804 5695 παρὰ
836 5627 941 5698 τὴν
969 5628 1079 5681 τῶν
1111 5630 1405 5703 Ῥωμαίων
1437 5637 1666 5709 γνώμην
1716 5639 1856 5711 πρὸς

283 5715 492 5786 μηδένα
526 5714 829 5770 ποιεῖσθαι·
861 5718 954 5772 καί
984 5736 1106 5774 τινα
1137 5722 1320 5792 ἔτερα.
1355 5724 1630 5782 Τοιούτων
1667 5727 1723 5782 δὲ
1757 5745 1852 5798 γε-

1973 4543 2154 4615 missi,
2181 4545 2278 4601 sed
2308 4559 2502 4615 parum
2531 4543 2786 4598 alacriter
2815 4559 2844 4598 a
2871 4553 3065 4599 senatu
3117 4544 3356 4612 suscepti
3389 4557 3552 4611 sunt;

1969 4634 2093 4690 aliis
2137 4634 2286 4688 aliud
2323 4633 2696 4698 censentibus,
2739 4649 2804 4689 ae
2848 4633 2997 4689 inter;
3043 4647 3163 4688 sese
3223 4634 3553 4694 rixantibus.

1976 4724 2177 4780 Verum
2205 4725 2444 4796 populus
2496 4739 2684 4795 pacem
2722 4737 2920 4794 magno
2950 4738 3222 4781 consensu
3283 4727 3550 4795 decrevit,

1969 4813 2214 4885 acceptis
2262 4813 2701 4878 conditionibus,
2743 4813 3045 4882 decemque
3102 4813 3295 4884 legatis
3344 4815 3550 4883 missis,

1967 4906 2062 4978 qui
2098 4920 2204 4961 una
2225 4920 2351 4961 cum
2385 4903 2645 4976 Scipione
2675 4905 2860 4961 omnia
2905 4905 3388 4964 administrarent.
3447 4909 3553 4964 Pa-

1967 5000 2072 5054 ctis
2104 4998 2356 5064 ﬁrmatis,
2384 4997 2645 5054 triremes
2689 4997 2922 5062 traditae,
2966 5008 3332 5071 cremataeque
3384 5000 3550 5054 sunt:

1964 5088 2386 5159 elephantorum
2417 5089 2593 5162 major
2635 5105 2761 5159 pars
2812 5087 3041 5144 Romam
3085 5091 3281 5152 missa.
3345 5091 3544 5162 reliqui

1964 5179 2492 5246 Masinissaedonati,
2521 5179 2755 5236 Africam
2786 5180 3041 5246 Romani,
3067 5180 3552 5253 Carthaginienses

1962 5267 2175 5325 italiam
2216 5270 2578 5341 reliquerunt.
2603 5267 2705 5324 Hic
2730 5270 2958 5326 secundi
3007 5270 3136 5326 belli
3172 5271 3364 5328 Punici
3423 5287 3547 5343 post

1962 5374 2140 5415 annos
2169 5359 2445 5416 sexdecim
2476 5361 2660 5417 exitus
2686 5360 2812 5415 fuit.
2847 5359 3035 5432 Scipio
3088 5369 3294 5431 autem,
3345 5373 3543 5432 magna

1961 5457 2118 5522 parta
2150 5451 2342 5523 gloria,
2369 5461 2793 5522 cognomentum
2818 5450 3060 5506 Africani
3087 5451 3231 5506 tulit.
3260 5451 3396 5515 (1am
3421 5460 3540 5506 tum

1967 5544 2116 5600 enim
2147 5543 2464 5615 Carthagini
2501 5542 2732 5599 finitima
2755 5543 2947 5615 Libya,
2985 5543 3168 5599 Africa
3218 5541 3542 5614 vocabatur)

1965 5643 2022 5689 et
2045 5634 2232 5690 multis
2254 5633 2488 5705 captivis
2527 5633 2743 5688 civibus
2776 5633 3033 5703 receptis,
3059 5633 3325 5689 liberator
3347 5651 3378 5690 a
3401 5635 3544 5692 mul-

1964 5730 2033 5786 tis
2059 5729 2266 5796 dictus,
2300 5728 2356 5784 in
2384 5744 2600 5784 summo
2630 5727 2837 5782 honore
2867 5727 2990 5782 fuit.
3023 5728 3254 5786 Annibal
3290 5741 3481 5789 contra
3507 5750 3540 5792 ε
3577 5733 3594 5743 ’
