4050 6210
524 281 633 345 750

1832 285 2159 348 IOAXNIS
2185 283 2520 349 ZONAR£
3637 297 3726 362 760

522 403 752 450 tratum.
793 392 933 448 Nam
981 393 1191 450 Graecis
1232 395 1668 466 postulantibus,
1714 404 1777 450 ut
1810 396 2097 462 Corintho,

2205 403 2335 465 τοὺς
2364 402 2560 470 λόγους
2591 400 2782 464 αὑτοῦ,
2817 400 2912 456 καὶ
2954 401 3216 471 συνῆλθον
3245 400 3390 458 αὗτοέ
3431 405 3520 460 καὶ
3545 407 3592 461 οἱ
3618 411 3736 482 σύμ.

522 485 787 543 Chalcide
818 496 875 543 et
903 487 1223 543 Thessalica
1272 489 1626 544 Demetriade
1662 488 1927 550 cederet:
1966 490 2098 544 Phi-

522 582 656 653 lippi
688 581 848 653 legati
874 582 1013 636 nihil
1044 582 1111 638 de
1163 583 1232 639 iis
1283 585 1514 640 urbibus
1539 585 1593 640 in
1617 585 1891 640 mandatis
1915 595 1972 640 se"
2000 585 2099 640 ha-

526 672 655 726 bere
693 671 1053 738 afﬁrmantes,
1087 674 1252 729 rebus
1283 674 1505 730 infectis
1545 673 1940 730 discesserunt.
1983 675 2100 729 Ro-

521 763 670 817 mani
716 777 852 816 vero
877 762 1102 819 Gracia:
1134 766 1497 835 provinciam,
1525 774 1585 822 et
1617 766 1820 820 bellum
1862 765 2097 835 Philippi

521 871 648 910 cum
699 855 992 922 Flaminio,
1033 856 1088 911 in
1121 866 1446 927 sequentem
1480 858 1647 912 etiam
1671 874 1876 912 annum
1911 873 2097 927 proru-

518 954 739 1015 garunt.
774 946 878 1011 Qui
917 962 1042 1001 cum
1077 947 1152 1002 ibi
1183 963 1478 1002 mansurus
1507 959 1677 1009 esset.
1711 948 1776 1001 ad
1807 949 2008 1002 bellum
2038 963 2098 1002 se

525 1039 782 1107 paravit;
834 1037 999 1110 ΜΒ
1044 1054 1222 1108 eoque
1268 1041 1463 1111 magis,
1491 1041 1640 1110 quod
1676 1040 1867 1100 Nabis.
1925 1039 2097 1094 Lace-

521 1129 920 1185 dtemuniorum
967 1142 1254 1200 tyrannus,
1305 1147 1621 1202 quanquam
1685 1131 1920 1200 Philippi
1950 1172 1963 1189 .
2025 1131 2099 1186 ob

519 1221 698 1291 Argos
722 1221 793 1276 ab
818 1237 886 1276 co
917 1232 1239 1291 acceptum,
1288 1223 1501 1278 amicus
1522 1262 1537 1285 ,
1585 1239 1775 1292 pacem
1808 1238 1934 1276 cum
1975 1225 2098 1292 ipso

521 1314 757 1370 fecerat.
805 1313 942 1369 Nam
999 1314 1131 1384 quia
1183 1314 1410 1370 Macedo
1481 1316 1654 1371 multa
1701 1315 1864 1371 simul
1904 1329 2101 1370 curare

524 1422 637 1462 non
678 1416 920 1475 poterat,
971 1422 1094 1462 eam
1150 1408 1366 1470 urbem,
1408 1403 1620 1462 veritus
1661 1423 1731 1462 ne
1776 1424 1807 1462 a
1836 1407 2102 1463 Romanis

520 1508 836 1568 caperetur,
868 1500 1098 1556 Nabidis
1127 1500 1282 1562 ﬁdei,
1327 1501 1566 1571 depositi
1612 1500 1808 1565 instar,
1863 1502 2100 1556 commi-

517 1595 608 1644 sit.
631 1589 778 1646 Elia
815 1591 967 1646 Pasto
992 1594 1222 1648 consule
1254 1593 1456 1647 bellum
1495 1608 1622 1648 cum
1653 1592 1825 1648 Gallis
1849 1601 2097 1663 gerente,

517 1683 622 1737 etsi
646 1683 806 1739 multi
839 1684 1100 1754 utrinque
1130 1684 1188 1740 in
1213 1684 1567 1741 conflictibus
1586 1683 1928 1749 ceciderunt,
1961 1685 2100 1739 nihil

523 1785 706 1830 tamen
759 1777 1120 1831 memorabile
1166 1786 1382 1847 gestum
1417 1786 1523 1832 rst.
1556 1776 1788 1832 Obsides
1815 1776 2105 1845 Carthagi-
2135 1755 2174 1807 Β

520 1868 800 1930 ncnsinm.
831 1882 1027 1923 eorum
1059 1868 1204 1922 servi
1238 1878 1294 1923 et
1327 1869 1529 1938 captivi
1559 1868 1896 1933 venundati,
1933 1867 2100 1923 urbes

520 1963 576 2014 iu
622 1960 827 2029 quibus
869 1960 1078 2030 quique
1113 1959 1408 2030 degebant,
1445 1975 1719 2028 occupare
1743 1960 1886 2025 ausi,
1915 1957 2101 2014 multis

517 2052 736 2108 civibus
776 2053 1084 2108 interfectis
1139 2070 1154 2107 :
1213 2068 1243 2106 a
1275 2052 1536 2108 Cornelio
1588 2053 1819 2108 Lentulo
1867 2063 2100 2123 praetore

516 2155 650 2202 sunt
679 2147 949 2217 oppressi,
987 2149 1142 2218 prius
1164 2163 1329 2218 quam
1356 2148 1579 2220 gravius
1609 2149 1818 2218 aliquid
1843 2149 2101 2204 commit-

520 2250 753 2296 teretur.
785 2244 860 2296 ΔΙ.
891 2241 1033 2298 Galli
1067 2243 1426 2298 successibus
1464 2243 1619 2308 elati,
1662 2258 1788 2298 cum
1820 2244 2100 2298 Romanos

515 2332 700 2388 obiter
729 2347 920 2388 secum
949 2333 1160 2388 bellare
1185 2333 1712 2396 animadverterent,
1747 2333 1823 2388 ita
1847 2347 1907 2386 se
1934 2347 2100 2402 para-

521 2427 674 2492 bant,
718 2425 879 2495 quasi
922 2425 1096 2495 ipsam
1147 2425 1342 2479 urbem
1403 2424 1801 2495 oppugnaturi.
1840 2424 1961 2491 Quo
2005 2437 2101 2480 co-

521 2527 651 2572 natu
683 2517 918 2572 Romani
962 2517 1176 2578 territi.
1236 2523 1535 2586 utrumque
1578 2516 1865 2572 consulem
1892 2515 2100 2572 Corne-

519 2612 656 2666 lium
693 2611 1000 2682 Cethegum
1042 2622 1099 2666 ct
1127 2609 1420 2665 Minutium
1472 2611 1700 2673 Rufum,
1733 2619 1926 2666 contra
1975 2609 2100 2664 Gal-

517 2703 600 2756 los
632 2701 903 2758 miserunt
937 2719 952 2755 :
999 2699 1094 2769 qui
1127 2699 1275 2756 inter
1315 2715 1376 2754 se
1408 2699 1599 2762 divisi,
1635 2700 1779 2756 alius
1815 2699 1981 2755 aliam
2010 2713 2100 2754 re-

519 2793 739 2865 gionem
798 2792 1058 2848 vastavit.
1118 2792 1189 2848 Ut
1238 2793 1520 2854 consules,
1579 2793 1654 2848 ita
1703 2793 1870 2847 etiam
1911 2792 2100 2848 hostes

515 2887 705 2943 divisi.
731 2887 825 2956 qui
853 2901 978 2941 cum
1010 2885 1282 2940 Antilcare
1313 2885 1557 2951 fuerunt,
1585 2885 1716 2939 victi
1754 2901 1784 2940 a
1831 2885 2095 2954 Cethego,

514 2993 708 3047 pacem
732 2979 1097 3048 impetrarunt
1130 2992 1145 3029 :
1197 2975 1398 3046 reliqui
1442 2991 1506 3030 ea
1551 2976 1708 3030 clade
1741 2976 1943 3040 territi,
1971 2991 2098 3029 cum

2203 509 2390 562 μαχοι.
2429 491 2712 564 Ἑπράχθη
2734 491 2780 545 δ’
2801 493 2977 558 οὐδὲν,
2994 493 3028 563 ἢ
3052 494 3138 547 ὅτι
3161 493 3417 562 πρέσϐεις
3437 498 3514 560 είς
3541 498 3736 569 Ῥώμην

2201 584 2416 654 πέμψαι
2442 583 2522 654 τῷ
2546 584 2801 654 Φιλίππῳ
2819 585 3129 655 ἐπετράπη,
3155 585 3250 637 καὶ
3265 586 3384 639 οὐδὲ
3417 588 3526 641 ἐκεῖ
3555 607 3602 643 τι
3630 594 3736 661 lxi.

2201 693 2342 730 νετο.
2375 678 2498 730 Τῶν
2518 677 2627 748 γάρ
2660 677 2930 746 Ἐλλήνων
2955 677 3262 747 ἀποστῆναι
3288 677 3449 732 αύτδν
3474 680 3736 746 ἀξιούντων

2200 769 2300 836 τῆς
2329 769 2596 838 Κορίνθου
2627 771 2717 823 καὶ
2743 770 2845 840 τῆς
2869 770 3161 833 Χαλκίδος,
3185 771 3286 839 τῆς
3310 789 3369 824 τε
3397 775 3735 845 Δημητρεάδος

2199 862 2301 929 τῆς
2332 863 2695 932 Θεσσαλικῆς,
2733 865 2885 917 οὐδὲν
2921 866 3053 934 περὶ
3078 863 3286 917 τούτων
3313 865 3362 918 oi
3385 865 3476 919 τοῦ
3501 867 3737 924 Φιλίππου

2204 955 2465 1024 πρέσϐεις
2500 956 2814 1010 ἐντετάλθαι
2839 957 3070 1024 ἔσασαν.
3099 956 3193 1009 καὶ
3219 955 3488 1026 ἄπρακτοι
3521 959 3738 1029 ἀπηλλά-

2203 1065 2399 1117 γησαν.
2423 1049 2489 1102 οξ
2520 1049 2566 1103 δ’
2598 1051 2658 1102 ὲν
2695 1053 2764 1121 τῇ
2800 1049 2990 1121 Ῥώμῃ
3037 1047 3116 1118 τῷ
3151 1048 3431 1119 Φλαμινίῳ
3474 1048 3568 1121 τὴν
3597 1051 3739 1123 lvii}

2214 1137 2424 1192 Ἑλλάδι
2473 1139 2776 1210 ἠγεμονίαν
2837 1141 2932 1192 καὶ
2991 1141 3075 1202 είς
3118 1139 3180 1192 τὸ
3211 1140 3369 1192 ἐπιὸν
3405 1121 3741 1212 ψηνςισάμένοι

2204 1229 2344 1294 ἔτος,
2387 1232 2540 1302 αύτῷ
2577 1231 2834 1285 ἀνέθεντο
2887 1232 2981 1285 καὶ
3021 1233 3091 1285 τά
3123 1232 3265 1285 κατά
3299 1232 3578 1286 Φίλιππον.
3618 1235 3670 1288 '0
3693 1236 3741 1288 δὲ

2200 1323 2284 1376 ὅτι
2313 1323 2455 1376 κατὰ
2481 1323 2668 1394 χώραν
2697 1322 2893 1392 ἔμελλε
2933 1325 3138 1394 μένειν,
3171 1324 3315 1393 πρὸς
3349 1325 3578 1394 πόλεμον
3602 1326 3741 1396 itm-

2205 1413 2429 1486 μάζετο,
2463 1416 2560 1469 καὶ
2591 1415 2797 1484 μᾶλλον
2824 1418 2906 1470 ὃτι
2935 1419 3027 1470 καὶ
3061 1417 3240 1478 Νάϐις
3278 1419 3308 1470 ό
3334 1417 3743 1487 Δακεδαιμονίων

2199 1505 2466 1577 τύραννος
2507 1509 2801 1562 ὲσπείσατό
2847 1509 2917 1571 oi,
2947 1510 3125 1562 καίτοι
3155 1509 3314 1577 φίλος
3351 1507 3429 1560 ῶν
3463 1509 3554 1561 τοῦ
3581 1509 3743 1562 Φιλίπ-

2202 1614 2330 1660 που,
2370 1597 2467 1649 καὶ
2513 1597 2575 1650 τὸ
2621 1599 2684 1650 Ἀ
2697 1614 2824 1668 ργος
2857 1597 3040 1652 λαϐὼν
3070 1599 3203 1670 παρ’
3242 1597 3432 1652 αὑτοῦ.
3475 1599 3746 1652 ’Δδυνατῶν

2203 1689 2315 1758 γὰρ
2351 1689 2380 1739 ὁ
2415 1685 2685 1751 Μακεδὼν
2716 1688 2886 1742 πολλά
2922 1687 3132 1741 διιπειν
3166 1688 3330 1757 ὁμοῦ,
3367 1689 3460 1741 καὶ
3485 1689 3656 1750 δείσας
3680 1689 3742 1759 μὴ

2203 1783 2317 1842 τοῖς
2357 1779 2656 1846 Ῥωμαίοις
2682 1779 2714 1850 ἡ
2743 1779 2897 1844 πόλις
2923 1780 3125 1852 ληφθῇ,
3153 1780 3236 1850 τῷ
3263 1775 3459 1835 Νάϐἱδι
3492 1781 3663 1850 αὐτὴν,
3687 1782 3743 1833 ἵν’

2203 1869 2362 1934 αὖθις
2400 1870 2649 1940 ἀποδοίη.
2687 1871 3126 1940 παρακατέθετο.
3161 1871 3354 1924 Δίλίου
3398 1872 3454 1926 δὲ
3485 1871 3642 1925 Πέτου
3665 1873 3746 1925 toti

2203 1962 2414 2016 ὑπάτου
2475 1963 2911 2033 στρατεύσαντος
2972 1964 3068 2016 ἐπὶ
3111 1964 3241 2027 τοὺς
3295 1963 3556 2027 Γαλάτας,
3592 1965 3746 2017 πολλοὶ

2201 2054 2300 2108 ἀπ’
2325 2057 2656 2126 ἀμφοτέρων
2686 2056 3009 2120 άπόλλυντο,
3032 2056 3479 2126 προσμιγνύντες
3506 2056 3744 2126 ἀλλήλοις,

2202 2147 2416 2217 καίριον
2444 2147 2502 2200 δέ
2531 2164 2584 2201 τι
2613 2147 2862 2218 ἐπράχθη
2892 2148 3067 2201 οὐδέν.
3099 2149 3160 2200 Ol
3195 2148 3243 2200 δ’
3275 2149 3468 2219 ὅμηροι
3495 2147 3596 2200 τῶν
3621 2149 3748 2218 Καρ-

2201 2237 2485 2310 χηδονίων,
2516 2239 2651 2293 οἵτε
2676 2239 2857 2293 δοῦλοι
2886 2241 2938 2292 οἱ
2969 2241 3089 2310 μετ’
3119 2239 3334 2304 αὐτῶν,
3362 2242 3454 2292 καὶ
3475 2241 3528 2291 οί
3543 2255 3641 2292 τισι
3667 2255 3748 2291 πε-

2203 2331 2477 2402 πραμένοι
2529 2331 2889 2402 αἰχμάλωτοι.
2930 2335 3230 2401 κατασχεῖν
3272 2332 3370 2394 τάς
3403 2331 3579 2395 πόλεις
3601 2331 3652 2383 ὲν
3676 2323 3748 2394 αἷς

2201 2425 2424 2478 ἔκαστοι
2463 2424 2562 2488 τάς
2603 2424 2892 2494 διατριϐάς
2925 2425 3211 2478 ἐποιοῦντο
3240 2425 3625 2496 τολμήσαντες,
3668 2424 3748 2476 καὶ

2202 2517 2434 2580 πολλοὺς
2459 2515 2572 2569 τῶν
2609 2516 2928 2587 ἐπιχωρίων
2971 2516 3370 2585 φονεύσαντες,
3401 2515 3747 2587 καθῃρέθησαν

2202 2610 2307 2664 ὑπὸ
2348 2609 2653 2679 Κορνηλίου
2699 2607 3001 2664 Λεντούλου
3036 2608 3385 2680 στρατηγοῦ,
3423 2608 3544 2678 πρὶν
3591 2606 3748 2676 μεῖζόν

2199 2719 2251 2755 τι
2299 2699 2724 2772 ἐξεργάσασθαι.
2777 2701 2841 2753 Ol
2877 2699 3062 2769 μέντοι
3112 2699 3366 2754 Γαλάται
3400 2697 3658 2767 εὐτυχίαις
3695 2709 3746 2748 τι

2201 2795 2584 2865 ἐπαιρόμενοι,
2616 2793 2710 2845 καὶ
2739 2793 2868 2856 τοὺς
2900 2792 3210 2862 Ῥωμαίους
3253 2795 3311 2846 ὲν
3338 2793 3590 2863 παρέργῳ
3614 2789 3744 2859 σφίσι

2203 2885 2584 2958 πολεμοῦντας
2628 2884 2968 2955 αἰσθόμενοι,
3021 2885 3516 2956 παρεσκευάααντο
3563 2884 3629 2946 ὡς
3669 2881 3745 2936 καὶ

2203 2983 2297 3034 ἐπὶ
2333 2980 2432 3051 τὴν
2486 2977 2708 3048 Ῥώμην
2751 2977 3056 3038 ἐλάσοντες.
3101 2976 3398 3040 Δείσαντες
3428 2971 3520 3030 οὖν
3559 2977 3604 3029 el
3631 2973 3744 3026 Ῥω-

517 3068 662 3124 ltufo
692 3083 854 3138 agros
894 3067 1406 3136 impunevastante
1453 3080 1565 3120 non
1611 3076 1742 3120 sunt
1785 3068 2093 3136 congressi.

2206 3074 2374 3141 μαίοι,
2405 3070 2574 3140 ἄμφω
2606 3069 2734 3131 τοὺς
2766 3067 3007 3130 ὑπάτους
3039 3069 3354 3139 Κορνήλιον
3405 3067 3634 3138 Κέθηγον
3669 3067 3747 3118 καὶ

516 3177 621 3216 nec
659 3169 842 3216 tamen
873 3159 943 3213 ab
965 3157 1140 3213 armis
1174 3167 1542 3214 recesserunt.
1569 3157 1727 3212 Tunc
1763 3157 1931 3212 etiam
1971 3158 2094 3212 Fla-

517 3252 724 3306 minius
751 3265 875 3304 cum
907 3249 1090 3303 Attalo
1123 3233 1290 3304 totam
1331 3249 1598 3304 Boeotiam
1638 3249 1874 3319 subegit.
1902 3249 1982 3304 Ac
1998 3249 2094 3304 At-

519 3341 662 3395 talus
699 3339 832 3394 dum
864 3339 1191 3396 concionem
1224 3340 1292 3394 ad
1331 3341 1574 3396 Bmotios
1603 3341 1784 3401 habet.
1813 3359 1924 3412 pra:
1941 3340 2095 3398 senio

513 3431 722 3489 efflavit
751 3434 1016 3488 animant.
1053 3435 1117 3486 At
1169 3433 1473 3488 Flaminius
1502 3433 1558 3488 in
1596 3434 1938 3491 Thessaliam
1964 3450 2094 3506 pro-

515 3528 720 3588 fectus,
771 3523 1018 3593 equestri
1051 3525 1239 3593 praelio
1283 3541 1410 3580 cum
1442 3525 1697 3596 Philippo
1737 3526 2044 3583 decertavit
2078 3545 2093 3583 :

515 3632 696 3686 neque
724 3617 872 3672 enim
935 3617 1087 3670 locus
1153 3616 1346 3687 majori
1409 3632 1606 3687 pugna:
1665 3617 1772 3671 fuit
1836 3618 2093 3674 idoneus.

516 3709 698 3776 Quare
731 3710 895 3764 ambo
938 3709 994 3762 in
1035 3710 1307 3763 tumulum
1347 3708 1667 3778 quemdam,
1717 3712 1876 3780 cujus
1927 3726 2092 3766 cacu-

517 3818 641 3858 men
665 3801 1101 3874 Cynoscephale,
1126 3817 1158 3856 a
1193 3802 1376 3856 canini
1409 3802 1604 3871 capitis
1619 3801 1979 3858 similitudine
2005 3803 2060 3858 di
2077 3833 2092 3846 -

517 3896 687 3960 citur,
705 3901 1096 3950 secesserunt:
1135 3894 1464 3964 diversoque
1488 3895 1689 3949 castris
1707 3895 1925 3964 positis,
1949 3895 2095 3951 inter

517 4004 579 4043 se
610 3987 740 4043 totis
767 3985 1102 4041 exercitibus
1133 3985 1412 4055 congressi
1433 4024 1447 4047 ,
1489 4001 1643 4055 aequo
1672 3996 1848 4041 marte
1885 3986 2096 4041 disces-

518 4082 742 4144 sissent,
769 4080 873 4134 nisi
902 4079 1212 4135 Etolorum
1249 4079 1454 4133 auxilia
1493 4079 1782 4133 victoriam
1830 4080 2094 4134 Romanis

514 4177 880 4247 peperissent.
911 4177 1202 4246 Philippus
1268 4176 1448 4230 victus
1475 4185 1533 4230 et
1571 4173 1914 4245 profligatus,
1965 4190 2091 4229 cum

515 4270 792 4325 Larissam
841 4279 899 4324 et
943 4270 1410 4340 circumjacentes
1457 4268 1713 4323 civitates
1758 4267 1814 4322 in
1864 4267 2094 4322 victoris

514 4369 702 4430 partes
719 4361 1063 4418 concessisse
1093 4361 1363 4422 audisset,
1391 4358 1851 4414 caduceatoribus
1887 4359 2091 4420 missis,

2201 3163 2500 3220 Μινούκιον
2543 3160 2773 3231 Ῥοῦφον
2817 3161 2912 3213 ἐπὶ
2942 3159 3068 3220 τοὺς
3106 3160 3364 3219 Γαλάτας
3401 3160 3668 3229 ἔπεμψαν·
3700 3156 3744 3210 οι

2203 3257 2567 3329 διαιρεθέντες
2603 3255 2762 3320 ἀλλος
2795 3255 2964 3326 ἀλλην
2989 3256 3266 3326 ἐπόρθουν
3291 3253 3494 3326 χώραν.
3519 3253 3644 3324 Πρὸς
3665 3249 3742 3306 οὖν

2201 3350 2329 3412 τοὺς
2383 3349 2624 3412 ὑπάτους
2682 3349 2779 3402 καὶ
2819 3348 2870 3402 cl
2925 3347 3186 3418 πολέμιοι
3224 3349 3567 3422 διῃρέθησαν,
3596 3345 3676 3397 καὶ
3699 3344 3740 3395 ei

2205 3441 2306 3512 μὲν
2333 3440 2412 3512 τῷ
2436 3441 2668 3512 Κεθήγῳ
2695 3441 2835 3512 μετὰ
2862 3442 2955 3494 τοῦ
2989 3439 3046 3494 ’Δ
3057 3440 3256 3512 μίλκου
3286 3438 3741 3510 609.6116“:ch-

2200 3533 2468 3605 τήθησαν.
2499 3533 2565 3590 Οἱ
2605 3534 2784 3588 λοιποὶ
2832 3535 2889 3588 δὲ
2917 3535 3076 3587 τοῦτο
3108 3536 3358 3602 γνόντες,
3398 3532 3740 3588 ἀπεδειλίασαν

2202 3629 2300 3686 καὶ
2330 3629 2522 3682 οὐκέτι
2565 3628 2644 3699 τῷ
2681 3628 2896 3701 Ῥούφῳ
2927 3628 3255 3695 συνέϐαλον,
3288 3630 3405 3682 ἁλλ’
3434 3627 3596 3690 ἀδεῶς
3622 3624 3742 3678 ἐκεῖ-

2203 3739 2291 3786 νος
2335 3721 2432 3793 τὴν
2476 3720 2660 3792 χώραν
2707 3722 3028 3792 κατέτρεχε.
3063 3721 3178 3775 Καὶ
3208 3721 3259 3776 ei
3299 3721 3398 3793 μὲν
3437 3720 3513 3791 τῷ
3539 3719 3742 3785 Κεθήγῳ

2204 3815 2617 3886 πολεμήσαντες
2671 3815 2907 3878 σπονδάς
2962 3815 3320 3886 ἐποιήσαντο,
3349 3815 3398 3869 oi
3447 3813 3491 3868 δ’
3517 3811 3654 3866 ἄλλοι
3691 3811 3741 3861 ἐν

2201 3906 2318 3968 τοῖς
2343 3902 2528 3966 ὅπλοις
2560 3903 2642 3955 ἔτι
2675 3902 2994 3974 ἐτύγχανον.
3033 3905 3172 3957 Τότε
3205 3906 3262 3959 δὲ
3296 3906 3391 3959 καὶ
3423 3908 3450 3960 ὁ
3488 3901 3742 3973 Φλαμίνιος

2205 4014 2273 4067 με
2284 3999 2346 4050 τά
2374 3994 2470 4048 τοῦ
2507 3995 2764 4048 Ἀττάλου
2792 3996 2893 4067 τὴν
2913 3997 3178 4050 Βοιωτίαν
3199 3997 3419 4052 ἅπασαν
3440 3995 3737 4066 ὑπηγάγετο.

2204 4088 2316 4142 Καὶ
2353 4089 2382 4140 ὁ
2417 4089 2518 4157 μὲν
2546 4088 2813 4150 ’Δτταλος
2842 4090 2901 4141 ὲν
2943 4087 3020 4158 τῷ
3061 4087 3406 4161 δημηγορεῖν
3443 4087 3614 4148 αὐτοῖς
3655 4081 3742 4136 ύπδ

2201 4181 2389 4258 γήρως
2426 4180 2726 4250 ἀπέψυξεν.
2765 4180 2828 4233 ὐ
2859 4179 2916 4232 δέ
2947 4197 3011 4247 γε
3042 4180 3348 4252 Φλαμίνιος
3367 4182 3424 4244 ἐς
3451 4179 3547 4248 τὴν
3567 4177 3742 4230 Θεσσα-

2203 4270 2324 4326 λίαν
2351 4271 2546 4338 ὲλθὼν,
2575 4271 2653 4342 τῷ
2676 4272 2928 4342 Φιλίππῳ
2955 4271 3285 4344 προσέμιξε,
3308 4274 3405 4327 καὶ
3439 4266 3742 4339 ίππομαχίαν

2203 4361 2568 4429 ἐποιήσαντο·
2623 4362 2684 4415 τὸ
2741 4363 2853 4432 γάρ
2904 4362 3105 4432 χωρίον
3157 4363 3263 4417 οὐκ
3306 4363 3599 4430 ἐπιτήδειον
3625 4355 3740 4424 πρὸς

514 4453 885 4523 pecuniaque;
923 4463 982 4508 et
1021 4461 1223 4523 printer
1258 4451 1396 4506 alios
1432 4449 1542 4504 filio
1588 4450 1870 4504 Demetrio
1898 4449 2092 4506 obside

2206 4454 2380 4521 μείζω
2420 4453 2602 4524 μάχην
2632 4449 2719 4523 ἧν.
2767 4454 2857 4506 Διὸ
2897 4455 2994 4506 καὶ
3027 4454 3199 4524 ἀμφω
3233 4454 3624 4522 ἀπανέστηεαν,
3662 4447 3740 4501 καὶ

516 4548 670 4610 dato,
727 4545 980 4601 inducias
1011 4560 1041 4598 a
1087 4543 1366 4599 Flaminio
1407 4542 1749 4613 impetravit,
1789 4550 1848 4596 et
1884 4542 2097 4611 legatos

521 4641 748 4693 Romam
811 4653 913 4706 pro
972 4651 1109 4707 pace
1185 4636 1354 4690 misit.
1422 4637 1561 4690 Dum
1629 4635 1747 4690 haec
1803 4642 2094 4704 geruntur,

519 4731 690 4785 etiam
727 4730 1148 4784 Androsthenes
1177 4728 1244 4783 ab
1286 4728 1501 4782 Achaeis
1536 4729 1734 4789 victus,
1766 4725 2094 4780 Corinthum

517 4823 724 4878 amisit.
775 4822 980 4876 Lucius
1013 4821 1315 4875 Flaminius
1372 4820 1566 4874 classis
1618 4817 1930 4884 prmfectus,
1967 4833 2092 4872 cum

515 4916 836 4969 Acarnanes
884 4929 914 4966 a
965 4911 1199 4982 Philippi
1243 4912 1506 4966 societate
1561 4908 1722 4980 447
1771 4908 2096 4964 abstrahere

514 5022 628 5061 non
676 5015 885 5076 posset,
928 5005 1239 5060 Leucadem
1280 5003 1571 5060 obsidione
1624 5001 1815 5072 cepit:
1849 5018 2092 5073 eosque,

518 5101 616 5155 ubi
646 5099 886 5168 Pltilippi
917 5097 1132 5153 cladem
1157 5097 1444 5159 audivere,
1495 5095 1716 5151 facilius
1732 5095 1972 5165 subegit.
2003 5095 2095 5152 Sic

519 5194 934 5250 Macedonith
961 5192 1166 5247 bellum
1189 5203 1274 5247 est
1293 5192 1557 5254 solutum,
1577 5203 1636 5246 et
1655 5193 1886 5246 Romani
1907 5206 2094 5259 pacem

517 5302 644 5341 cum
682 5286 943 5356 Philippo
971 5284 1197 5338 minime
1226 5284 1495 5353 gravatim
1527 5284 1811 5351 fecerunt;
1847 5286 1934 5340 his
1965 5302 2098 5341 con-

519 5373 854 5436 drtionibus.
892 5383 954 5428 ut
994 5374 1247 5443 captivos
1271 5381 1329 5428 et
1365 5373 1677 5446 transfugas
1711 5391 1906 5432 omnes
1932 5379 2092 5432 resti-

519 5479 720 5532 tueret,
760 5475 820 5522 ut
847 5466 1174 5536 elephantos
1222 5475 1284 5520 et
1307 5464 1587 5530 triremes,
1619 5477 1820 5538 praeter
1849 5469 2097 5538 quinque

515 5575 572 5617 et
599 5562 912 5633 praetoriam
948 5575 1072 5630 qua:
1105 5559 1170 5614 l6
1201 5574 1481 5614 remorum
1517 5573 1658 5624 erat,
1699 5569 1756 5615 et
1805 5561 2094 5630 pecuniam

519 5655 716 5724 partim
743 5661 1090 5723 praesentem.
1111 5653 1314 5720 partim
1341 5653 1511 5708 certis
1534 5652 1892 5723 pensionibus
1913 5651 2092 5706 daret:

524 5755 585 5800 ut
616 5747 716 5800 soli
758 5746 1090 5803 Macedonia:
1122 5746 1454 5815 imperaret,-
1491 5761 1669 5814 neque
1714 5745 1918 5800 milites
1956 5745 2098 5800 ultra

2203 4541 2342 4612 πρός
2378 4555 2502 4596 τινα
2533 4543 2696 4610 λόφον
2728 4543 3037 4612 γενόμενοι,
3068 4536 3130 4595 οὗ
3162 4543 3264 4614 τὴν
3287 4539 3620 4612 ἀκρωνυχίαν
3645 4535 3738 4586 Κυ-

2199 4632 2288 4696 νὸς
2312 4634 2552 4704 κεφαλὴν
2579 4631 2963 4704 ὀνομάζουσιν,
2994 4636 3043 4688 οἱ
3081 4635 3180 4704 μὲν
3219 4634 3400 4699 ἔνθεν,
3427 4635 3476 4687 el
3495 4633 3536 4686 δ’
3559 4626 3740 4683 ἐκεῖθεν

2199 4725 2496 4796 ηὐλίσαντο
2529 4743 2544 4756 ·
2605 4729 2700 4780 καί
2752 4727 3125 4798 μαχεσάμενοι
3190 4727 3308 4789 τοῖς
3370 4719 3738 4795 στρατεύμασιν

2199 4816 2429 4881 ἅπασιν,
2465 4815 2741 4879 ἰσοπαλεῖς
2777 4817 2848 4870 ἂν
2867 4816 3293 4884 ἀπαλλάγησαν,
3326 4817 3376 4868 εί
3409 4815 3485 4883 μὴ
3515 4813 3561 4864 οί
3589 4808 3740 4863 Aiun-

2199 4910 2282 4964 λοὶ
2304 4909 2800 4982 ἐπικρατεστέρους
2829 4909 2955 4974 τοὺς
2988 4909 3300 4980 Ῥωμαίους
3325 4908 3596 4976 ἐποίησαν.
3630 4901 3738 4953 Ἠτ-

2197 5004 2385 5074 τηθεὶς
2413 5003 2508 5057 οὖν
2534 5006 2562 5057 ὁ
2599 5003 2866 5065 Φίλιππος
2909 5004 3001 5056 καὶ
3041 4999 3256 5070 φυγὼν,
3299 4995 3419 5054 εἶτα
3455 4992 3628 5067 μαθὼν
3654 4988 3736 5056 τήν

2196 5115 2258 5151 τε
2287 5097 2572 5168 Λάρισσαν
2608 5096 2703 5149 καὶ
2740 5096 2842 5158 τάς
2880 5095 3009 5164 περὶ
3039 5095 3209 5162 αὐτὴν
3241 5094 3426 5154 πόλεις
3458 5090 3524 5142 τὰ
3549 5083 3633 5139 τοῦ
3672 5095 3737 5130 νι-

2199 5192 2467 5262 κήσαντος
2503 5189 2804 5261 ἠρημένας,
2837 5186 3327 5258 ἐπεκηρυκεύσατο
3352 5183 3429 5253 τῷ
3461 5175 3734 5246 Φλαμινίφ⁹

2201 5283 2296 5336 καὶ
2334 5281 2394 5344 ὃς
2419 5281 2732 5339 ἐσπείσατο.
2760 5281 3020 5350 χρήματά
3051 5296 3109 5332 τε
3145 5276 3241 5328 τοῦ
3270 5275 3534 5330 Φιλίππου
3562 5270 3732 5326 δόντος.

2202 5377 2295 5430 καὶ
2343 5374 2587 5444 ὁμήρους
2629 5373 2823 5435 ἄλλους
2869 5389 2928 5425 τε
2971 5373 3067 5426 καὶ
3089 5370 3184 5423 τὸν
3208 5369 3411 5421 οἰκεῖον
3445 5364 3552 5417 υίὸν
3577 5356 3735 5428 Δημή-

2199 5483 2373 5537 τριον,
2421 5466 2517 5519 καὶ
2569 5464 2825 5536 πρέσϐεις
2870 5464 3013 5533 ὑπὲρ
3043 5463 3141 5532 τῆς
3174 5461 3403 5532 εἰρήνης
3435 5459 3511 5518 είς
3548 5451 3734 5517 Ῥώμην

2200 5556 2605 5627 ἐκπέμψαντος.
2653 5555 2744 5608 Ἑν
2777 5549 2822 5624 ᾧ
2863 5555 2919 5607 δὲ
2949 5552 3124 5606 ταῦτα
3171 5542 3485 5619 ἐπράττετο,
3519 5542 3600 5596 καὶ
3639 5538 3735 5590 Ἂν·

2199 5650 2494 5720 δροσθένης
2520 5648 2749 5718 ἐνικήθη
2778 5647 2883 5701 ὑπὸ
2903 5647 3012 5699 τῶν
3053 5641 3318 5715 Ἀχαιῶν,
3346 5641 3436 5694 καὶ
3455 5637 3545 5706 τὴν
3570 5630 3736 5724 Κόρινῐ

2201 5743 2294 5795 θον
2341 5740 2604 5797 ἀπέϐαλε.
2658 5740 2768 5795 Καὶ
2815 5743 2845 5795 ό
2889 5739 3194 5804 Φλαμίνιος
3243 5735 3274 5789 ὁ
3306 5734 3522 5791 Λούκιος
3548 5723 3631 5778 ἐπὶ
3658 5723 3738 5776 τοῦ
