3902 6202
418 281 527 344 175

1723 268 2055 330 JOANNIS
2093 267 2418 328 ZONAIHZ

3558 257 3668 321 7‘16

413 389 664 449 Ἀννίϐαν
696 386 881 460 ἐκδοίη
911 386 1044 460 παρ’
1082 383 1236 456 αὐτῷ
1287 383 1443 442 sm.
1492 378 1793 452 προμαθὼν
1839 378 1984 432 τοῦτ’
2025 381 2233 442 ἐκεῖνος
2305 379 2400 432 καὶ
2463 377 2749 448 διαδράναι
2776 375 2853 448 μὴ
2876 370 2986 441 οἷός
3033 391 3094 429 τε
3116 373 3192 427 ὣν
3238 373 3434 428 ἐαυτὸν
3464 373 3679 441 anxyr,-

415 500 566 538 σατο.
605 480 874 552 Χρησμοῦ
903 479 962 532 δέ
988 495 1120 533 ποτε
1145 475 1296 547 αὑτῷ
1321 475 1639 545 γενομένου,
1675 473 1734 525 ἐν
1779 473 1850 543 γῇ
1891 470 2141 543 Λιϐύσσῃ
2199 469 2588 542 τεθνήξεσθαι·
2657 470 2687 522 ὁ
2754 470 2854 536 μιν
2889 469 2949 521 ἐν
3013 468 3082 538 τῇ
3115 467 3335 536 πατρίδι
3379 468 3450 536 τῇ
3505 463 3684 532 Λιϐύῃ

415 573 717 648 προσεδόκα
752 574 955 633 θανεῖν,
1001 569 1157 639 ἐτυχε
1187 569 1244 623 δέ
1303 567 1553 638 θνήσκων
1579 564 1636 617 ἐν
1670 563 1856 634 χωρίῳ
1917 563 2026 617 τινὶ
2059 565 2345 634 τυγχάνων
2381 561 2706 632 καλουμένῳ
2741 559 3008 633 Λιϐύσσῃ.
3079 560 3188 614 Καὶ
3213 559 3595 629 δ”Διρρικανδς
3626 557 3684 612 δὲ

419 663 662 715 Σκιπίων
690 661 813 714 τότε
850 657 1176 729 μετήλλαξε.

487 751 654 807 XXII.
691 749 980 818 Philippus
1003 747 1364 803 Macedonum
1394 762 1489 802 rex
1512 786 1530 812 ,
1562 745 1677 801 ﬁlio
1723 741 2004 801 Demetrio

2175 741 2308 798 KB’.
2339 743 2608 808 Φίλιππος
2654 742 2710 797 δέ
2739 745 2768 796 ὁ
2795 741 3125 797 Μακεδόνων
3153 741 3408 812 βασιλεὺς
3435 743 3534 798 τὸν
3571 745 3685 798 υίιν

416 845 624 910 occiso,
656 842 916 896 Perseum
947 852 1166 909 quoque
1189 838 1501 905 occisurus,
1526 836 1685 892 obiit.
1713 835 1847 891 Nam
1869 850 1993 889 cum

418 936 731 994 Demetrius
778 931 851 987 ob
902 933 1275 987 Romanorum
1325 928 1644 994 amicitiam,
1700 925 1995 996 exterique

419 1027 752 1084 Macedones
782 1038 934 1094 spem
973 1021 1358 1090 concepissent
1411 1020 1565 1091 regni
1600 1026 1725 1089 post
1755 1014 1994 1086 Philippi

418 1121 632 1176 obitum
668 1105 995 1170 obtinendi:
1032 1113 1269 1168 Perseus
1310 1120 1374 1164 ut
1399 1119 1527 1165 natu
1567 1109 1740 1180 major
1768 1108 1818 1162 ei
1853 1105 1996 1160 invi-

418 1211 522 1270 dit.
549 1217 606 1262 et
635 1215 696 1260 ut
723 1205 862 1275 patri
891 1200 1248 1257 insidiantem
1275 1197 1646 1254 calumniatus
1675 1204 1780 1250 cst.
1807 1195 1995 1264 Itaque

417 1310 693 1352 venenum
731 1293 922 1347 bibere
957 1300 1218 1352 coactus,
1251 1289 1439 1359 periit.
1477 1286 1764 1356 Philippus
1810 1293 1994 1338 autem

419 1404 532 1442 non
575 1385 748 1439 multo
789 1389 914 1452 post
952 1379 1118 1451 456
1161 1377 1392 1434 veritate
1431 1377 1649 1448 cognita
1673 1416 1688 1441 ,
1735 1376 1995 1429 Perseum

424 1477 612 1531 ulcisci
641 1474 836 1527 volens
855 1512 868 1536 ,
897 1480 1076 1524 morte
1109 1470 1452 1538 interceptus
1471 1505 1487 1532 ,
1531 1479 1762 1537 regnum
1791 1464 1995 1518 Perseo

421 1572 506 1624 vel
533 1567 740 1624 invitus
763 1565 990 1634 reliquit
1017 1581 1032 1618 :
1056 1563 1206 1634 quod
1230 1561 1281 1616 ei
1314 1559 1570 1624 Romani,
1605 1569 1831 1630 paterna
1853 1555 1992 1610 amio

419 1661 548 1716 cilia
591 1666 875 1721 renovata,
903 1655 1328 1709 conﬁrmarunt.
1357 1650 1628 1706 lnsecutis
1656 1647 1996 1719 temporibus

420 1752 671 1807 accidere
712 1749 1001 1821 quaedam,
1049 1745 1351 1815 scriptione
1392 1757 1588 1814 parum
1651 1742 1836 1811 digna.
1889 1737 1996 1794 Sed

421 1855 543 1915 post
576 1845 816 1900 Perseus
843 1843 1220 1896 Romanorum
1254 1835 1563 1893 inimicitiis
1589 1834 1897 1904 susceptis,
1940 1841 2000 1886 ut

427 1938 570 1991 bello
607 1950 840 1999 moram,
867 1933 998 1988 dum
1027 1947 1084 1988 se
1116 1939 1360 2002 pararet,
1389 1929 1722 2000 produceret
1747 1945 1762 1982 :
1793 1928 1998 1998 legatos

425 2031 654 2084 Itomam
695 2026 882 2091 misit,
932 2023 1150 2095 objecta
1193 2020 1300 2078 sibi
1340 2021 1574 2077 crimina
1617 2027 1954 2090 purgaturus
1981 2056 1996 2082 ,

2105 835 2423 906 Δημήτριον
2449 834 2782 897 ἀποκτείνας
2803 833 2902 888 καὶ
2930 831 3022 886 τὸν
3052 832 3245 903 ἕτερον
3278 834 3395 886 υἱὸν
3415 834 3511 887 τὸν
3542 836 3684 903 Περι

2106 927 2202 980 σέα
2236 925 2510 997 μελλήσας
2533 925 2840 996 φονεύσειν,
2859 925 3155 980 ἀπέθανεν.
3188 925 3346 978 Ἐπεὶ⁵
3378 925 3492 996 γὰρ
3511 943 3684 996 προσ-

2103 1015 2266 1088 φιλὴς
2296 1019 2412 1079 τοῖς
2444 1014 2743 1085 Ῥωμαίοις
2773 1015 2837 1067 ἐκ
2867 1015 2966 1084 τῆς
2989 1014 3258 1084 ὁμηρείας
3280 1014 3502 1082 ἐγένετο
3530 1018 3559 1069 ὀ
3579 1019 3685 1085 Δη-

2106 1111 2358 1180 μήτριος,
2385 1106 2483 1162 καὶ
2514 1107 2676 1169 αὑτός
2707 1125 2768 1160 τε
2797 1108 2890 1160 καὶ
2919 1108 2968 1160 οἱ
3003 1105 3184 1159 λοιποὶ
3213 1107 3321 1159 τῶν
3353 1108 3685 1161 Μακεδόνων

2103 1200 2333 1272 ἤλπιζον
2355 1201 2435 1255 ὅτι
2471 1200 2611 1270 μετά
2631 1199 2724 1252 τὸν
2757 1199 3026 1253 Φίλιππον
3058 1198 3156 1270 τὴν
3200 1197 3486 1268 βασιλείαν
3515 1199 3653 1268 λήψε
3673 1228 3684 1238 ·

2102 1310 2216 1355 ται,
2243 1293 2539 1364 ἐφθόνησεν
2563 1291 2754 1360 αὐτῷὸ
2776 1292 3020 1362 Περσεὺς
3046 1293 3139 1345 ac:
3173 1291 3266 1346 καὶ
3309 1293 3684 1364 πρεσϐύτερος

2105 1387 2268 1441 αὐτοῦ
2301 1385 2400 1448 ὢν,
2432 1385 2526 1438 καὶ
2555 1385 2800 1441 διέϐαλεν
2831 1384 2997 1438 αὑτὸν
3025 1384 3100 1446 ὡς
3147 1383 3578 1438 ἐπιϐουλεύοντα
3612 1385 3684 1455 τῷ

2107 1478 2298 1550 πατρί.
2332 1478 2443 1532 Καὶ
2475 1479 2504 1531 ὁ
2536 1477 2634 1546 μὲν
2659 1478 2950 1548 φάρμακον
2988 1478 3134 1529 πιεῖν
3167 1475 3540 1542 ἀναγκασθεὶς
3573 1476 3687 1528 ἐτε-

2105 1568 2388 1639 λεύτησεν.
2436 1568 2494 1621 ’0
2523 1568 2580 1622 δὲ
2611 1567 2874 1631 Φίλιππος
2899 1567 2960 1619 οὐ
3000 1566 3180 1636 πολλῴ
3211 1567 3441 1637 ὕστερον
3476 1567 3538 1619 τὸ
3557 1565 3687 1634 ἀλη-

2106 1659 2194 1724 θὲς
2224 1661 2385 1728 γνοὺς
2419 1658 2734 1729 ἀμύνασθαι
2761 1657 2852 1711 τὸν
2875 1658 3090 1730 Περσέα
3116 1657 3378 1727 ἠθέλησεν
3400 1675 3414 1687 ·
3457 1659 3520 1710 οὐ
3557 1657 3684 1726 μένε

2105 1770 2185 1805 τοι
2231 1751 2326 1805 καὶ
2381 1749 2626 1822 ἴσχυσεν,
2663 1749 2780 1804 ἀλλ’
2832 1749 2996 1812 αὐτός
3028 1767 3089 1802 τε
3145 1748 3410 1814 ἀπέθανε,
3463 1752 3560 1803 καὶ
3589 1751 3686 1821 τὴν

2107 1843 2386 1914 βασιλείαν
2429 1845 2456 1896 ὁ
2516 1842 2759 1913 Περσεὺς
2814 1841 3105 1910 διεδέξατο.
3155 1842 3266 1894 Καὶ
3313 1842 3364 1894 οί
3418 1842 3686 1911 Ῥωμαῖοι

2104 1934 2308 2005 ταύτην
2337 1951 2395 1986 τε
2431 1933 2580 2004 αὑτῷ
2610 1933 2970 1998 ἐϐεϐαίωσαν,
3029 1933 3124 1986 καὶ
3171 1932 3271 2002 τὴν
3301 1933 3572 2003 πατρῴαν
3595 1951 3687 2000 φι-

2105 2025 2226 2079 λίαν
2254 2027 2646 2079 ἀνενεώσαντο.
2687 2023 2777 2078 Ἑν
2826 2023 2883 2080 δέ
2925 2026 3037 2086 τοῖς
3067 2024 3210 2092 μετά
3263 2024 3439 2076 ταῦτα
3472 2024 3689 2094 χρόνοις

422 2119 654 2175 scilicet.
685 2115 899 2182 Quibus
928 2111 1165 2168 Romani
1210 2111 1268 2164 in
1309 2109 1505 2164 urbem
1538 2120 1650 2161 non
1699 2103 1956 2160 admissis
1983 2141 1998 2167 ,

2112 2118 2514 2190 συνηνέχθησαν
2573 2117 2674 2186 μέν
2726 2135 2870 2180 τινα,
2904 2116 2966 2170 οὐ
3021 2118 3205 2187 μέντοι
3264 2117 3360 2172 καὶ
3412 2118 3692 2185 ἀναγκαῖα

421 2218 617 2265 senatu
659 2208 795 2262 foris
831 2207 992 2272 dato,
1041 2203 1180 2260 nihil
1217 2199 1628 2273 responderunt
1659 2198 1805 2251 aliud
1827 2236 1841 2262 ,
1895 2195 2000 2250 nisi

427 2301 718 2358 consulem
753 2314 811 2355 se
853 2299 1122 2354 missuros
1159 2309 1314 2358 esse,
1355 2306 1482 2348 cum
1521 2305 1634 2361 quo
1662 2296 1852 2359 ageret
1884 2301 2006 2355 quze

424 2395 625 2450 vellet:
652 2391 962 2462 eodemque
983 2389 1076 2444 die
1099 2387 1224 2442 illos
1246 2385 1404 2440 abire
1423 2385 1729 2455 jusserunt,
1758 2377 2007 2434 ductori-

427 2489 531 2543 bus
564 2485 842 2556 adiunctis
861 2522 877 2546 ,
905 2498 976 2538 ne
1003 2496 1132 2538 cum
1175 2493 1401 2550 quoque
1429 2476 1912 2546 colloquerentur,
1941 2484 2007 2524 ac

424 2581 628 2637 Perseo
691 2577 845 2632 aditu
889 2574 1062 2630 Italia:
1111 2573 1168 2626 in
1222 2577 1509 2640 posterum
1568 2563 2003 2620 interdixerunt.

426 2671 636 2729 Deinde
676 2669 778 2725 Cn.
816 2666 1085 2723 Sicinium
1127 2672 1420 2733 praetorem
1452 2672 1579 2714 cum
1623 2654 1807 2726 parvis
1832 2649 2008 2722 copiis

426 2765 792 2834 ablegarunt,
839 2757 1146 2829 majoribus
1192 2753 1439 2808 nondum
1491 2748 1719 2820 paratis.
1775 2747 2008 2801 Perseus

429 2857 773 2912 Thessaliam
808 2854 1108 2923 ingressus,
1151 2849 1449 2903 maximam
1483 2845 1605 2913 ejus
1644 2849 1859 2911 partem
1901 2836 2006 2892 sibi

428 2948 702 3019 adjunxit.
737 2943 1070 3000 imminente
1100 2954 1230 2996 vere
1266 2937 1518 2994 Licinius
1544 2934 1777 2990 Crassus
1815 2941 2007 2988 contra

429 3058 556 3094 cum
586 3041 790 3093 missus
822 3043 926 3100 est,
957 3043 1013 3090 et
1049 3032 1212 3089 classi
1242 3031 1538 3102 praefectus
1585 3026 1650 3083 C.
1695 3024 2007 3080 Lucretius.

428 3137 506 3190 Ac
536 3132 714 3202 primo
740 3126 989 3199 equestri
1019 3124 1278 3180 conﬂictu
1307 3121 1535 3192 impegit
1563 3136 1577 3172 :
1605 3117 1810 3173 deinde
1837 3116 2012 3170 victo-

433 3227 516 3280 ria
542 3225 772 3293 potitus,
804 3236 871 3275 eo
902 3217 1112 3286 redegit
1141 3217 1428 3277 Perseum,
1462 3221 1523 3266 ut
1545 3212 1602 3265 in
1634 3208 2008 3264 Macedoniam

433 3313 746 3372 recederet.
795 3309 976 3365 Urbes
1029 3315 1215 3360 autem
1257 3303 1476 3358 Graecas
1513 3314 1838 3371 aggressus,
1875 3312 2012 3369 quas

433 3407 725 3476 Philippus
747 3403 1089 3467 obtinuerat,
1113 3414 1143 3452 a
1169 3397 1444 3468 plerisque
1466 3394 1722 3464 repulsus
1742 3401 1849 3457 est,
1874 3407 2013 3446 non-

435 3501 616 3561 nullas
636 3494 878 3565 subegit,
909 3493 1207 3549 nonnullas
1236 3490 1453 3555 evertit,
1483 3488 1700 3544 civibus
1727 3487 1830 3542 sub
1851 3500 2010 3541 coro-

435 3610 505 3655 na
567 3589 830 3648 venditis.
891 3587 1109 3663 Quibus
1164 3583 1399 3641 Romani
1447 3581 1656 3638 auditis
1709 3579 2006 3650 indignati,

435 3688 635 3742 Crasso
675 3682 1026 3754 postmodum
1052 3677 1430 3750 pecuniariam
1475 3675 1704 3729 multam
1727 3674 2008 3737 dixerunt,

435 3789 622 3851 captas
646 3777 812 3832 urbes
833 3774 1038 3830 liberas
1057 3786 1178 3827 esse
1197 3771 1486 3841 jusserunt
1506 3785 1520 3827 :
1545 3781 1847 3836 earumque
1865 3765 2015 3821 cives

437 3870 806 3934 venundatos,
833 3861 971 3937 qu‘os
992 3865 1047 3918 in
1075 3863 1229 3918 Italia
1255 3875 1533 3932 reperere,
1565 3858 1636 3914 ab
1669 3857 2014 3928 emptoribus

438 3965 814 4020 redemerunt.
861 3957 959 4013 llis
1006 3957 1082 4011 ita
1135 3955 1305 4027 gestis
1349 3953 1493 4008 bello
1540 3951 1764 4007 Persico
1813 3951 2014 4005 multas

440 4069 664 4125 magnas
712 4053 900 4109 clades
946 4055 1316 4120 acceperunt.
1355 4045 1524 4100 rebus
1573 4059 1766 4098 eorum
1811 4042 2013 4112 passim

441 4146 676 4204 alllictis.
708 4144 846 4200 Nam
881 4143 1114 4198 Perseus
1150 4137 1300 4208 Epiri
1336 4145 1393 4192 et
1423 4135 1722 4193 Thessaliae
1757 4133 2017 4204 pleraque

440 4239 707 4296 obtinuit.
741 4239 948 4294 Praeter
971 4234 1119 4289 enim
1151 4231 1286 4287 alias
1312 4230 1561 4300 ingentes
1586 4227 1795 4297 copias,
1821 4224 2017 4281 adver-

442 4347 539 4391 sus
564 4331 938 4408 Romanorum
964 4324 1288 4396 elephantes
1307 4321 1471 4376 etiam
1488 4319 1813 4392 phalangem
1837 4332 2020 4373 arma-

445 4433 628 4479 torum
662 4422 1035 4484 instruxerat,
1063 4429 1303 4488 quorum
1338 4412 1514 4485 elypei
1549 4420 1606 4466 et
1634 4411 1802 4481 galeae
1827 4409 2020 4466 ferreis

443 4517 613 4570 clavis
640 4514 818 4569 aeutis
846 4510 1172 4567 horrebant.
1209 4507 1288 4563 Ne
1329 4516 1514 4562 autem
1551 4508 1712 4576 equis
1757 4503 2020 4559 formida-

446 4607 585 4660 biles
644 4613 872 4669 essent,
918 4599 1213 4656 simulacra
1252 4597 1674 4668 elephantorum
1715 4595 1929 4666 paravit
1954 4607 2021 4647 ex

448 4703 732 4767 unguento
754 4695 1018 4763 quodam,
1041 4702 1246 4746 tetrum
1283 4688 1536 4744 faetorem
1562 4687 1849 4758 spirantia,
1875 4686 2018 4750 visu,

2109 2211 2252 2262 πάνυ
2293 2210 2433 2262 ὥστε
2459 2209 2555 2262 καὶ
2585 2206 2913 2278 συγγραφῆς
2942 2206 3266 2277 νομίζεσθαι
3309 2206 3462 2272 ἀξια.
3492 2209 3694 2261 ’Υστε-

2111 2320 2202 2372 ρον
2248 2303 2306 2355 δέ
2353 2304 2381 2354 ὁ
2438 2301 2682 2370 Περσεὺς
2723 2300 2984 2368 πολέμιον
3013 2299 3204 2353 ἐαυτὸν
3234 2301 3346 2363 τοϊς
3390 2299 3693 2371 Ῥωμαίοις

2107 2396 2385 2467 ἐποίησεν.
2421 2397 2542 2449 Ὶνα
2571 2397 2628 2450 δὲ
2661 2395 2933 2467 ἀναϐολὴν
2961 2396 3055 2450 τοῦ
3101 2395 3338 2466 πολέμου
3399 2396 3563 2466 σχοίη
3594 2397 3695 2467 μέο

2107 2507 2231 2561 χρις
2263 2491 2328 2542 ἂν
2361 2488 2872 2558 παρασκευάσηται,
2909 2486 3166 2556 πρέσϐεις
3197 2489 3278 2550 είς
3321 2487 3425 2555 τὴν
3471 2487 3694 2556 Ῥώμην

2108 2582 2356 2653 ἐπεμψεν
2382 2580 2896 2652 ἀπολογησομένους
2925 2579 3065 2650 τάχα
3094 2582 3224 2651 περὶ
3256 2575 3333 2634 ὧν
3357 2580 3690 2634 ἐνεκαλεῖτο.

2110 2673 2216 2737 Οὓς
2264 2676 2314 2727 οἱ
2371 2675 2636 2742 Ῥωμαῖοι
2670 2671 2785 2726 οὔτ’
2835 2671 2970 2726 εἴσω
3001 2670 3096 2726 τοῦ
3154 2673 3373 2742 τείχους
3405 2672 3689 2737 ἐδέξαντο·

2109 2769 2203 2821 καὶ
2239 2765 2345 2834 πρὸ
2391 2765 2486 2818 τοῦ
2547 2765 2742 2828 ἄστεος
2802 2765 2988 2828 αὐτοῖς
3044 2765 3490 2835 χρηματίσαντες
3539 2765 3693 2818 οὐδέν

2110 2859 2479 2929 ἀπεκρίναντο
2504 2859 2714 2924 ἓτερον,
2748 2857 2780 2928 ἢ
2807 2859 2890 2912 ὅτι
2913 2857 3118 2913 ὕπατον
3142 2859 3442 2927 πέμψουσι,
3475 2859 3614 2929 πρδς
3633 2857 3692 2911 ὃν

2109 2952 2213 3006 ὃσα
2249 2949 2497 3020 βούλεται
2526 2948 2978 3019 διαλεχθήσεταιο
3011 2950 3105 3002 καὶ
3143 2949 3460 3020 αὐθήμερον
3495 2949 3694 3011 αὐτοῦς

2111 3043 2331 3098 ἀπιέναι
2358 3043 2645 3112 ἐποίησαν,
2691 3041 2874 3104 δόντες
2923 3042 3076 3111 σφίσι
3126 3043 3220 3095 καὶ
3263 3043 3524 3110 ἀγωγοὺς
3553 3041 3692 3094 ὥστε

2115 3137 2189 3207 μή
2221 3154 2328 3188 τινι
2357 3137 2753 3204 συγγένωνται,
2786 3134 2882 3187 καὶ
2915 3132 2995 3202 τῷ
3039 3134 3245 3204 Περσεῖ
3302 3133 3405 3201 τῆς
3461 3133 3693 3193 Ἰταλίας

2112 3227 2416 3280 ἐπιϐαίνειν
2446 3225 2541 3279 τοῦ
2570 3225 2759 3278 λοιποῦ
2785 3226 3178 3295 ἀπειρήκασιν.
3209 3225 3270 3276 0i
3303 3223 3402 3292 μὲν
3426 3222 3523 3276 οὖν
3563 3222 3695 3275 Ῥω-

2115 3323 2267 3388 μαῖοι
2301 3318 2442 3390 μετά
2473 3318 2650 3372 ταῦτα
2680 3319 2872 3372 Γναῖον
2925 3317 3161 3370 Σικίνιον
3212 3313 3523 3383 στρατηγὸν
3557 3311 3692 3382 μετά

2111 3412 2394 3480 δυνάμεως
2421 3410 2610 3480 ὀλίγης
2635 3409 2953 3480 ἐξέπεμψαν
2981 3409 3075 3478 (οὐ
3106 3409 3214 3476 γάρ
3253 3424 3336 3461 πω
3373 3409 3479 3477 τὴν
3525 3406 3692 3476 μείζω

2114 3503 2635 3574 παρεσκευάσαντο)
2668 3503 2762 3554 καὶ
2793 3502 2821 3552 ὁ
2848 3501 3092 3571 Περσεὺς
3115 3501 3192 3563 εἰς
3220 3499 3533 3554 Θεσσαλίαν
3556 3515 3697 3566 περ·

2113 3595 2418 3665 ἐμϐάλλων,
2456 3595 2527 3648 τά
2558 3611 2619 3661 γε
2646 3593 2876 3646 πλεῖστα
2904 3591 3075 3662 αὐτῆς
3132 3590 3478 3662 ᾠκειώσατοο
3542 3589 3695 3642 Ἐπεὶ

2112 3685 2168 3738 δὲ
2207 3685 2267 3737 τὸ
2320 3684 2420 3754 έαρ
2452 3684 2682 3752 ἐπέστη,
2720 3681 3034 3751 πέμπουσιν
3081 3681 3171 3734 ἐπ’
3222 3680 3389 3733 αὑτὸν
3425 3681 3696 3734 Λικίννιον

2115 3776 2392 3848 Κράσσον,
2456 3776 2551 3829 καὶ
2609 3774 2914 3846 στρατηγὸν
2971 3775 3066 3826 ἐπὶ
3098 3773 3194 3827 τοῦ
3243 3771 3508 3826 ναυτικοῦ
3537 3772 3694 3824 Γαῖον

2116 3867 2453 3938 Λευκρίτιον.
2521 3864 2807 3935 Συμμίξας
2856 3860 2950 3918 οὖν
2978 3863 3194 3935 πρῶτον
3252 3862 3386 3934 περὶ
3414 3865 3693 3934 Λάρισσαν

2115 3956 2192 4025 τῷ
2221 3957 2422 4025 Περσεῖ
2445 3957 2504 4008 ἐν
2535 3955 2847 4026 ἱππομαχίᾳ
2899 3955 3157 4010 ἔπταισεν
3177 3971 3193 3988 ο
3252 3954 3488 4025 ὕστερον
3519 3955 3692 4024 μέντοι

2120 4048 2488 4119 περιεγένετο,
2519 4047 2664 4101 ὥστε
2692 4051 2786 4102 καὶ
2836 4050 3195 4118 ἀναχωρῆσαι
3248 4047 3341 4099 τὸν
3369 4046 3585 4116 Περσέα
3615 4045 3693 4107 εις

2119 4139 2478 4196 Μακεδονίαν.
2509 4139 2568 4194 '0
2601 4140 2856 4211 Κράσσος
2894 4139 2953 4192 δέ
2978 4141 3100 4202 ταῖς
3125 4139 3316 4192 πόλεσι
3346 4141 3475 4202 ταῖς
3517 4137 3698 4205 Ἐλλη-

2119 4232 2294 4294 νικαῑς
2350 4233 2471 4296 ταῖς
2518 4231 2624 4284 ὑπὸ
2673 4231 2768 4286 τοῦ
2823 4231 3092 4284 Φιλίππου
3141 4232 3547 4300 κατεχομὲναις
3584 4227 3691 4299 (68)

2121 4321 2454 4394 προσέϐαλε,
2485 4322 2582 4375 καὶ
2611 4322 2721 4376 τῶν
2759 4322 2858 4392 μὲν
2887 4321 3152 4376 πλειόνων
3181 4321 3692 4392 ἀπεκρούσθη,έστι

2119 4416 2165 4470 δ’
2193 4415 2258 4479 ἀς
2287 4413 2625 4486 ἐχειρώσατο
2647 4430 2659 4443 ·
2695 4414 2790 4468 καί
2824 4431 2978 4478 τινας
3013 4414 3377 4483 κατασκάψας
3409 4418 3538 4480 τοὺς
3558 4415 3694 4468 ἁλόν-

2122 4530 2220 4577 τας
2255 4511 2507 4567 ἀπέδοτο.
2545 4511 2730 4579 Ἀπερ
2761 4511 2811 4563 οί
2837 4511 2896 4563 ἐν
2929 4513 2995 4582 τῇ
3031 4508 3217 4582 Ῥώμῃ
3246 4511 3546 4582 πυθόμενοι
3565 4513 3690 4581 ὴγαο

2123 4605 2426 4676 νάκτησαν,
2462 4603 2555 4657 καὶ
2601 4602 2694 4657 τόν
2725 4620 2783 4657 τε
2813 4604 3070 4674 Κράσσον
3125 4603 3353 4674 ὕστερον
3383 4605 3690 4675 ἐζημίωσαν

2124 4697 2398 4769 χρήμασι,
2426 4694 2654 4757 καὶτὰς
2706 4693 3014 4758 ἑαλωκυίας
3061 4693 3244 4758 πόλεις
3290 4695 3687 4766 ἠλευθέρωσαν,

451 4788 761 4856 audituque
783 4783 1224 4852 horrenda,qum
1254 4788 1372 4835 arte
1393 4779 1629 4849 quadarn
1661 4779 1905 4834 sonitum
1937 4779 2006 4833 in-

2128 4791 2222 4846 κα“ι
2252 4789 2378 4852 τοὺς
2403 4787 2712 4858 πραθέντας
2746 4786 2803 4852 ἐξ
2829 4787 3011 4840 αὐτῶν
3039 4785 3132 4839 καὶ
3159 4788 3217 4839 ἐν
3263 4790 3332 4858 τῇ
3359 4786 3568 4858 Ἰταλία
3611 4787 3689 4838 εὑ-

449 4893 566 4938 star
598 4879 840 4938 tonitrus
874 4876 1143 4932 ederent:
1175 4874 1242 4931 ad
1272 4890 1392 4945 ιιιιαι
1421 4873 1551 4944 equi
1589 4873 1824 4928 subinde
1851 4872 2024 4928 addu-

2131 4881 2389 4952 ρεθέντας
2437 4882 2557 4932 τότε
2597 4877 2750 4951 παρὰ
2773 4879 2882 4930 τῶν
2937 4879 3272 4949 ἐωνημένων
3330 4883 3536 4944 αὐτοὺς
3589 4879 3686 4942 ἐξε-

451 4974 548 5038 cti,
580 4972 778 5026 timere
829 4967 1071 5038 denique
1115 4966 1424 5022 desierunt.
1459 4964 1555 5021 llis
1585 4967 1753 5019 rebus
1789 4963 2006 5018 Perseu:

2130 4975 2374 5044 πρίαντο.
2401 4971 2591 5026 Ταῦτα
2625 4974 2722 5042 μὲν
2752 4967 2844 5025 οὖν
2861 4971 3032 5034 οὕτως
3067 4972 3312 5042 ἔπραξαν
3330 4975 3379 5026 oi
3425 4974 3683 5042 Ῥωμαῖον

455 5066 632 5120 auctis
667 5063 888 5129 animis,
918 5076 977 5118 se
1008 5060 1322 5118 Alexandro
1349 5059 1522 5131 gloria
1560 5066 1616 5113 et
1647 5055 2006 5129 magnitudini

2129 5062 2186 5113 ἐν
2212 5060 2267 5113 δέ
2285 5060 2362 5127 τῷ
2387 5059 2528 5128 πρὸς
2557 5059 2648 5112 τὸν
2670 5060 2881 5130 Περσέα
2913 5059 3135 5129 πολέμῳ
3167 5063 3337 5115 πολλὰ
3369 5064 3466 5115 καὶ
3501 5059 3682 5131 μεγάλα

454 5157 672 5227 imperii
711 5155 1055 5226 superiorem
1103 5154 1223 5209 fore
1251 5151 1501 5223 putabat.
1536 5149 1766 5204 Romani
1799 5163 1928 5203 vero
1959 5150 2006 5202 iu

2133 5152 2436 5222 ἠτύχησαν,
2471 5153 2568 5205 καὶ
2604 5153 2890 5223 πολλαχόθι
2940 5155 3174 5224 ἐπένησε
3205 5156 3274 5207 τὰ
3326 5157 3528 5218 αὐτῶν,
3565 5171 3626 5208 κα
3658 5151 3680 5200 6

458 5248 690 5319 cognitis
712 5287 725 5310 .
762 5248 1022 5302 Marcium
1063 5246 1375 5315 Philippum
1407 5257 1525 5298 eos.
1573 5240 1736 5313 457
1767 5241 2006 5297 celeritel

2133 5245 2377 5315 Περσεὺς
2403 5244 2503 5314 τῆς
2538 5245 2795 5315 Ἠπείρου
2827 5244 2920 5298 καὶ
2960 5246 3057 5315 τῆς
3117 5247 3420 5312 Θεσσαλίας
3477 5249 3678 5313 κατέσχε

455 5342 823 5412 ablegarunt:
859 5341 1104 5412 quicum
1144 5339 1198 5392 in
1233 5335 1575 5394 Thessaliam
1607 5336 1672 5389 ad
1717 5337 2022 5391 exercitum

2134 5336 2202 5389 τὰ
2238 5335 2478 5389 πλείονα.
2509 5335 2623 5406 Τήν
2659 5353 2718 5388 τε
2740 5338 2847 5406 γὰρ
2893 5337 3059 5408 ἀλλην
3088 5337 3320 5408 δύναμιν
3351 5339 3547 5411 πολλὴν
3577 5354 3676 5390 συν·

1611 5500 1810 5561 Varize
1854 5497 2158 5559 lectiones
2205 5503 2265 5558 et
2309 5504 2502 5558 noue.

531 5660 648 5731 (£8),
678 5659 955 5731 Ταῖς*μύπὸ
1000 5659 1107 5714 τοῦ
1131 5657 1435 5712 Φιλίππου
1477 5653 1922 5722 κατεχομέναις.
1957 5649 2006 5706 Si

2112 5667 2216 5709 nss.
2253 5653 2388 5725 Reg.
2416 5661 2472 5709 et
2527 5651 2772 5708 Colbert.
2824 5653 2892 5706 At
2923 5652 3150 5710 Wolﬁus
3185 5654 3442 5731 Περσέως
3477 5647 3667 5706 indubia

459 5730 753 5806 legendum
775 5728 872 5784 ait.
