3902 6202
199 253 299 317 εει

1471 244 1881 306 ANNALIUM
1919 245 2065 306 LIB.
2105 245 2214 304 IX.

3353 247 3457 311 782

118 426 125 433 l
191 366 239 417 εἰ
269 361 345 433 μὴ
372 360 421 414 οἱ
456 361 672 432 Κρῆτες
702 355 865 411 αὐτὸν
899 354 1279 424 ἐγκατιλιπον.
1316 355 1633 428 Ἐνθὲμενοι
1666 357 1777 428 γὰρ

1901 358 2089 413 )ietum
2122 358 2341 413 obviam
2384 357 2548 413 ivisse
2597 373 2611 410 :
2646 355 2801 411 illum
2831 371 2961 411 vero
3008 356 3062 410 in
3099 356 3293 413 faciem
3322 377 3456 432 pro-

190 456 260 511 τὰ
303 454 567 526 χρήματα
624 453 702 514 εἱς
747 450 816 503 τὰ
871 449 1031 503 πλοῖα
1081 448 1264 503 οἴκαδε
1317 447 1561 520 ἀπῆραν.
1608 449 1666 502 ’0
1710 448 1768 502 δὲ

1901 457 2135 513 stratum,
2165 450 2457 521 prehensis
2485 451 2604 516 ejus
2633 450 3049 522 genibusvoees
3072 468 3265 522 parum
3295 471 3462 527 gene‘

190 548 405 619 ἡμέρας
454 544 555 614 μέν
601 560 756 605 τινας
788 542 957 597 αὐτοῦ
1010 542 1150 613 μετά
1183 541 1456 596 Φιλίππου
1491 539 1610 605 ἑνὸς
1662 541 1772 596 τῶν

1901 557 2036 597 'osas
2075 542 2337 599 edidisse.
2394 541 2678 598 :Emilium
2721 552 2903 597 autem
2957 544 3097 600 tristi
3143 547 3297 602 vultu
3330 564 3458 603 eum

192 641 358 694 υἱέων
410 636 791 707 κρυπτόμενος
842 634 1036 688 ἔλαθεν
1078 650 1092 665 ·
1130 635 1252 687 ἐπεὶ
1305 633 1362 687 δὲ
1396 635 1525 698 τοὺς
1576 633 1785 698 ἄλλους.

193 730 391 792 παῖδας
434 731 527 782 καὶ
572 726 671 798 τὴν
725 726 1023 799 θεραπείαν
1062 726 1204 796 ἔγνω
1252 726 1633 798 κατεσχηκότα
1681 725 1775 779 τὸν

202 823 545 888 Ὀκταούϊον,
587 821 785 893 εὑρέθη
820 821 1129 891 ἐθελοντὴς,
1175 822 1269 877 καὶ
1291 820 1532 892 ἀχθέντα
1561 820 1642 884 είς
1675 819 1773 890 τὴν

202 915 546 987 ’Δμφίπολιν
592 916 745 970 οὐδὲν
786 919 816 970 6
874 915 1087 978 Παῦλος
1142 913 1450 979 ἐκάκωσεν,
1498 913 1636 967 ἀλλὰ
1681 912 1779 967 καὶ

190 1002 524 1075 ἐδεξιὶϋσατο
560 1010 657 1063 καὶ
690 1008 944 1080 ὁμόσιτον
1000 1008 1297 1079 ἐποιήσατο
1331 1006 1427 1060 καὶ
1461 1008 1518 1059 ὲν
1558 1006 1780 1076 ἀδέσμῳ

193 1102 419 1172 φυλακῇ
455 1102 643 1173 ἐτήρει
668 1102 764 1155 καὶ
790 1102 848 1154 ἐν
879 1099 1151 1171 θεραπείᾳ
1186 1094 1313 1172 ἦγε.
1341 1098 1497 1152 Μετά
1525 1097 1580 1152 δὲ
1605 1096 1779 1150 ταῦτα

190 1196 277 1259 είς
322 1198 425 1265 τὴν
468 1195 699 1248 Ἰταλίαν
732 1194 820 1249 διὰ
861 1194 960 1266 τῆς
1017 1195 1278 1265 Ἠπείρου
1312 1193 1674 1264 ἀνεκομίσθη.
1722 1191 1780 1244 ’0

188 1289 252 1342 δὲ
283 1288 631 1360 Πλούταρχος
659 1288 895 1360 ἀχθῆναι
930 1287 1080 1357 λέγει
1113 1286 1206 1341 τὸν
1245 1286 1462 1358 Περσέα
1510 1285 1648 1357 πρὸς
1687 1283 1781 1338 τὸν

190 1386 477 1455 Αἰμίλιον,
505 1386 599 1439 καὶ⁹
630 1383 723 1438 τὸν
750 1383 1150 1460 δεδακρυμένον
1185 1385 1640 1455 προσυπαντῆσαι
1683 1381 1782 1435 αὖ·

190 1479 301 1547 τῷ,
347 1479 560 1531 ἐκεῖνον
604 1476 651 1529 δ’
680 1477 775 1531 ἐπὶ
814 1476 993 1546 στόμα
1031 1474 1361 1529 καταϐαλεῖν
1409 1471 1626 1535 ἑαυτὸν,
1682 1471 1780 1525 καὶ

1882 636 2191 691 intuentem
2219 634 2426 690 dixisse
2453 653 2466 689 :
2494 635 2656 701 Quid,
2682 652 2711 689 ο
2741 638 2920 701 miser,
2957 637 3058 691 ista
3100 637 3232 707 facis
3255 656 3275 695 :
3322 641 3463 695 unde

1884 743 1990 780 non
2019 736 2215 797 praeter
2244 728 2488 781 meritum
2511 728 2565 780 in
2605 726 2970 782 calamitatem
2997 730 3261 798 incidisse,
3295 748 3463 801 neque

1885 820 2155 891 praesenti,
2188 820 2280 873 sed
2307 821 2577 890 praeterita
2606 819 2821 889 fortuna
2855 820 3108 892 indignus
3137 838 3248 877 esse
3277 825 3464 880 vidca-

1885 912 2002 968 ris?
2049 911 2188 978 Quid
2231 928 2402 966 meam
2441 912 2721 967 victoriam
2753 913 3037 984 deprimis,
3082 924 3133 969 et
3176 934 3257 971 res
3289 928 3463 988 gestas

1885 1014 2158 1068 attenuas,
2206 1005 2475 1075 ignaviam
2519 1020 2630 1075 pro:
2667 1013 2717 1058 te
2748 994 2984 1074 ferendo,
3029 1015 3181 1077 teque
3216 1009 3468 1064 adversa-

1883 1099 2023 1152 rium
2078 1097 2330 1152 Romanis
2363 1097 2643 1168 indignum
2686 1098 3010 1153 declaranda
3033 1104 3059 1157 .’
3116 1099 3296 1157 Virtus
3324 1105 3466 1158 enim

1885 1191 2049 1245 etiam
2104 1191 2159 1243 in
2207 1187 2521 1242 calamitate
2567 1188 2790 1243 multum
2839 1190 2920 1245 vel
2952 1192 3095 1262 apud
3133 1194 3307 1247 hostes
3354 1212 3469 1249 mo-

1887 1284 2052 1338 menti
2103 1282 2282 1336 habet.
2348 1280 2631 1351 lgnaviam
2681 1297 2825 1345 vero,
2904 1286 3064 1338 eiiam
3112 1287 3355 1340 secundis
3414 1290 3469 1341 in

1888 1376 2041 1430 rebus
2098 1383 2337 1430 extremo
2384 1384 2685 1446 contemptu
2747 1375 2978 1432 Romani
3044 1379 3264 1450 dignam
3321 1381 3467 1443 iudi-

1886 1479 2032 1526 cant.

189 1568 447 1639 γονάτων
488 1568 818 1639 ὀρεξάμενον
866 1567 1089 1636 ἀφεῖναι
1139 1566 1325 1636 φωνὰς
1384 1566 1625 1634 ἀγενεῖς,
1685 1563 1781 1615 καὶ
1819 1562 1910 1616 τὸν
1957 1561 2208 1630 Αἰμίλιον
2292 1560 2548 1630 ἀλγοῦντι
2620 1561 2903 1635 προσώπῳ
2947 1564 3273 1635 προσιδόντα
3308 1569 3470 1622 αὑτὶν

189 1665 403 1717 εἰπεῖν’
433 1664 514 1727 Τί,
545 1661 593 1715 ὦ
617 1661 977 1730 ταλαίπωρε,
1007 1660 1197 1715 ταῦτα
1225 1656 1505 1726 πράττεις
1531 1698 1546 1723 ,
1571 1655 1672 1726 ἀφ’
1694 1647 1782 1708 ὧν
1817 1653 2019 1722 δόξεις
2055 1656 2168 1709 οὐκ
2209 1653 2471 1721 ἀναξίως
2514 1654 2785 1723 ἀτυχεῖν,
2825 1656 2970 1711 οὐδὲ
2996 1658 3101 1714 τοῦ
3144 1659 3282 1729 νῦν,
3310 1662 3472 1717 ἀλλὰ

188 1755 308 1814 τοῦ
363 1753 551 1810 πάλαι
601 1755 887 1823 δαίμονος
927 1751 1177 1819 ἀνάξιος
1224 1749 1573 1822 rarae-erat;
1609 1748 1670 1802 Τί
1717 1745 1785 1799 δέ
1816 1763 1937 1815 μου
1980 1744 2382 1811 καταϐάλλεις
2447 1744 2564 1815 τὴν
2626 1747 2807 1815 νίκην
2837 1749 2936 1803 καὶ
2982 1751 3326 1820 σμικρύνεις
3351 1771 3472 1823 μου

188 1851 266 1904 τὸ
305 1850 678 1917 κατόρθωμα,
722 1845 1214 1917 ἐπιδεικνύμενος
1266 1841 1485 1900 ἑαυτὸν
1519 1842 1593 1896 οὐ
1642 1837 1947 1910 γενναῖον.
2015 1838 2161 1894 οὐδὲ
2224 1839 2534 1908 πρέποντα
2607 1842 2912 1910 Ῥωμαίοις
2973 1843 3472 1917 ἀνταγωνιστήνς

199 1942 416 2016 Ἀρετή
444 1964 537 2002 τοι
565 1945 947 2015 δυστυχοῦσι
992 1942 1270 2013 μεγάλην
1301 1938 1424 2009 ἔχει
1452 1935 1671 2008 μοῖραν
1700 1932 1798 1988 καὶ
1840 1932 2005 2002 παρὰ¹
2033 1937 2362 2004 πολεμίοις.
2427 1938 2629 1993 Aeetia
2655 1937 2726 1991 as
2769 1938 3077 2008 Ῥωμαίοις
3116 1942 3234 1996 κᾶν
3260 1948 3478 2009 eiurat-

186 2057 235 2109 μ
248 2038 307 2104 ἦ,
338 2035 540 2104 πάντη
569 2035 950 2106 ἀτιμότατον.

268 2132 401 2185 KA'.
437 2128 598 2182 Κατά
629 2127 688 2181 δὲ
712 2124 805 2180 τὸν
839 2124 1004 2179 αὐτὸν
1037 2122 1228 2195 χρόνον
1258 2121 1356 2176 καὶ
1379 2119 1611 2184 Λούκιος
1645 2117 1787 2173 Ἀνίο

1963 2112 2153 2172 XXIV.
2197 2117 2407 2173 Eodem
2440 2127 2691 2190 tempore
2736 2119 2801 2174 L.
2832 2119 3064 2178 Anicius
3104 2133 3307 2194 praetor
3343 2143 3478 2184 con—

193 2240 325 2286 κιος
343 2219 655 2293 στρατηγὸς
679 2215 956 2290 πεμφθεὶς
985 2217 1078 2270 ὲπὶ
1106 2215 1201 2269 τὸν
1225 2214 1442 2268 Γέντιον
1469 2212 1595 2277 τοὺς
1614 2227 1786 2284 προσ-

198 2312 475 2386 μίξαντὰς
502 2327 565 2364 τε
605 2309 755 2380 αὐτῷ
793 2309 1015 2380 ἐνίκησε
1045 2306 1139 2361 καὶ
1167 2305 1260 2360 τὸν
1290 2304 1505 2359 Γέντιον
1545 2304 1788 2374 φυγόντα

194 2403 526 2470 ἱπιδιώξαῖ,
556 2405 636 2466 είς
668 2400 911 2472 Σκοδρὰν
958 2397 1332 2462 κατέκλεισεν,
1377 2396 1513 2451 ὅπου
1540 2390 1609 2467 ἦν
1640 2393 1789 2465 αὑτῷ

197 2499 273 2553 τὲ
313 2496 589 2570 βασίλεια.
634 2494 748 2550 Καὶ
794 2492 1052 2563 διακενῆς
1089 2491 1159 2547 ἂν
1194 2490 1603 2563 προσήδρευσεν
1648 2487 1788 2558 αὐτῇ

198 2592 322 2662 (ἐπὶ
338 2589 452 2661 γὰρ
480 2589 828 2659 ἀκρωνυχίας
852 2585 1016 2656 ὅρους
1048 2583 1400 2650 πεπόλισται,
1425 2582 1520 2636 καὶ
1548 2579 1791 2652 φάραγξι

198 2680 463 2754 βαθείαις
507 2679 789 2750 ποταμοὺς
835 2675 1055 2747 ῥοώδεις
1094 2674 1354 2747 ἐχούσαις
1402 2671 1786 2744 περιειλεῐται,

196 2777 381 2847 τείχει
404 2791 466 2829 τε
493 2772 678 2845 ὀχυρῷ
699 2769 1115 2843 περιέζωσται),
1148 2770 1199 2822 εί
1231 2767 1309 2839 μὴ
1336 2769 1366 2822 6
1395 2767 1611 2830 Γέντιος
1647 2764 1792 2836 μέγα

196 2872 304 2924 ἐπὶ
334 2871 406 2939 τῇ
445 2867 675 2935 δυνάμει
722 2863 974 2928 ιλπίσας,
1002 2860 1146 2915 ἑκὼν
1184 2860 1264 2922 είς
1309 2859 1491 2929 μάχην
1519 2857 1790 2929 ἐχώρησε.

198 2964 341 3017 Κάκ
390 2942 589 3014 τούτου
634 2956 737 3028 τήν
765 2972 826 3009 τε
871 2952 1046 3026 ἀρχὴν
1075 2949 1243 3006 αὐτοῦ
1277 2953 1460 3004 πᾶσαν
1493 2949 1522 3001 ὁ
1563 2947 1794 3012 Ἀνίκιος

198 3053 629 3126 προσηγάγετο,
679 3051 775 3103 καὶ
828 3048 992 3119 μέχρι
1037 3045 1140 3116 τῆς
1199 3042 1460 3113 Ἠπείρου
1514 3036 1793 3113 προελθὼν

200 3152 344 3218 πρὶν
394 3144 488 3197 τὸν
540 3140 753 3195 Παῦλον
812 3138 987 3192 ἐλθεῖν
1046 3134 1315 3203 κάκείνην
1375 3131 1796 3202 ταραττομένην

200 3240 529 3312 ἡμέρωσεν.
577 3235 641 3288 Οἱ
682 3234 728 3288 δ’
756 3233 815 3287 ὲν
843 3232 911 3303 τῇ
952 3227 1141 3300 Ῥώμῃ
1180 3225 1387 3298 ἔμαθον
1435 3224 1535 3295 μὲν
1571 3226 1671 3292 τὴν
1701 3221 1794 3312 τοῦ

206 3310 440 3388 Παύλου
488 3328 647 3397 νίκην
688 3325 927 3394 τετάρτῃ
974 3319 1111 3391 μετά
1149 3319 1246 3388 τὴν
1281 3315 1462 3387 μάχην
1516 3312 1701 3384 ἡμέρᾳ.
1733 3310 1797 3364 ἐκ

204 3438 367 3488 τινος
421 3422 636 3492 φήμης,
685 3418 746 3472 οὐ
800 3417 983 3488 μέντοι
1042 3411 1139 3467 καὶ
1186 3411 1435 3481 ἀκριϐῶς
1489 3407 1794 3463 ἐπίστευον.

1893 2219 1975 2265 tra
2006 2210 2268 2266 Gentium
2298 2212 2526 2280 missus,
2557 2211 2746 2269 hostes
2785 2214 2977 2283 praelio
3008 2216 3169 2273 fudit.
3211 2218 3473 2276 Gentium

1891 2302 2245 2375 proﬂigatum
2300 2313 2648 2376 persecutus,
2699 2305 2942 2374 Scodrze,
3005 2310 3099 2366 ubi
3150 2312 3269 2385 ejus
3324 2317 3477 2387 regia

1890 2404 2029 2463 erat,
2075 2396 2313 2454 obsedit.
2365 2398 2537 2471 quue
2590 2400 2794 2457 frustra
2838 2402 3088 2459 futurum
3140 2416 3280 2475 erat,
3332 2424 3475 2479 quo-

1891 2489 2041 2543 niam
2085 2490 2220 2545 urbs
2253 2490 2309 2546 in
2347 2491 2551 2548 montis
2581 2494 2867 2549 cacumine
2904 2496 3043 2563 sita,
3087 2507 3144 2552 et
3182 2500 3473 2569 profundis

1894 2581 2132 2637 vallibus
2156 2598 2276 2653 quae
2314 2583 2510 2639 ﬂuvios
2543 2592 2819 2641 torrentes
2847 2587 3073 2652 habent,
3112 2590 3317 2658 cincta,
3350 2610 3474 2649 mu-

1895 2685 2067 2741 roque
2118 2673 2277 2727 ﬁrmo
2312 2673 2523 2728 munita
2555 2682 2677 2729 est:
2718 2675 2824 2731 nisi
2870 2676 3104 2734 Gentius
3139 2680 3259 2737 suis
3294 2686 3473 2755 copiis

1897 2762 2091 2831 fretus,
2124 2764 2270 2819 ultro
2301 2765 2369 2819 ad
2395 2781 2635 2837 pugnam
2667 2770 2933 2826 venisset.
2963 2770 3121 2828 Unde
3156 2773 3387 2844 factum,
3417 2791 3479 2834 ut

1897 2869 2062 2908 omne
2087 2854 2208 2924 ejus
2250 2854 2543 2924 imperium
2589 2857 2819 2915 Anicius
2858 2862 3141 2935 subegerit
3171 2884 3185 2921 :
3212 2878 3270 2923 et
3301 2885 3478 2941 usque

1896 2943 1964 2998 ad
1997 2943 2224 3014 Epirum
2267 2962 2616 3017 progressus,
2648 2959 2777 3027 ante
2808 2951 2963 3008 Pauli
2991 2956 3289 3015 adventum
3327 2960 3476 3017 illam
3518 3011 3522 3015 .

1899 3037 2069 3091 etiam
2108 3038 2538 3095 tumultuantem
2568 3043 2802 3112 pacarit.
2834 3043 3071 3103 Romani
3107 3049 3262 3106 Pauli
3304 3054 3483 3110 vieto-

1902 3129 2043 3183 riam
2069 3139 2266 3200 quazto
2299 3140 2425 3202 post
2453 3149 2691 3205 pugnam
2736 3136 2828 3193 die
2863 3155 2933 3195 ex
2988 3157 3212 3200 rumore
3251 3146 3483 3204 audive-

1904 3231 2058 3286 runt,
2110 3223 2205 3278 sed
2237 3240 2348 3280 non
2410 3226 2572 3297 plane
2614 3227 2779 3301 [‘60
2827 3233 3207 3295 crediderunt.
3272 3240 3483 3298 Deinde

1904 3313 2059 3369 Pauli
2094 3317 2332 3387 acceptis
2370 3318 2575 3376 litteris
2616 3321 2858 3383 maxima
2886 3324 3076 3382 laetitia
3115 3328 3330 3398 aﬂ‘ecti,
3372 3350 3483 3389 non

1907 3405 2066 3475 quasi
2126 3407 2275 3463 victo
2319 3410 2545 3477 Perseo,
2598 3413 2941 3485 subactaque
2986 3418 3337 3492 Macedonia,
3386 3428 3483 3481 sed

208 3485 360 3571 Εἶτα
408 3485 756 3583 γραμμάτων
803 3485 948 3577 υπὲρ
992 3504 1203 3574 ταύτης
1256 3500 1634 3571 κομισθέντων
1703 3498 1794 3551 τοῦ

1914 3508 2172 3570 tanquam
2214 3501 2530 3574 Philippum
2558 3505 2709 3560 illum
2737 3523 2921 3579 regem
2945 3485 3483 3587 praestantissimum,

209 3606 438 3662 Παύλου
474 3602 888 3674 ὑπερήσθησαν,
922 3598 1016 3653 καὶ
1042 3598 1141 3667 οὐχ
1168 3595 1245 3661 ὡς
1272 3594 1365 3649 τὸν
1408 3590 1626 3664 Περσέα
1665 3607 1804 3644 νενι-

206 3702 458 3772 κηκότες
498 3696 597 3752 καὶ
640 3695 740 3765 τὴν
794 3690 1139 3749 Μακεδονίαν
1188 3687 1550 3759 κτησάμενοι,
1586 3681 1803 3745 ἀλλ’ὡς

207 3795 316 3846 τὸν
339 3790 611 3843 Φίλιππον
641 3789 850 3841 ἐκεῖνον
878 3784 970 3839 τὸν
1005 3783 1149 3837 πάνυ
1186 3781 1282 3835 καὶ
1323 3779 1486 3833 αὑτὸν
1516 3775 1608 3830 τὸν
1649 3773 1803 3827 Ἀλέ-

212 3885 454 3956 ξανδρον
504 3882 641 3954 μετὰ
668 3882 848 3951 πάσης
883 3879 980 3950 τῆς
1027 3875 1208 3949 ἀρχῆς
1246 3874 1462 3943 ἐκείνης
1495 3874 1562 3941 ἣν
1600 3868 1804 3940 ἔσχηκε

206 3979 573 4047 νικήσαντες,
610 3972 986 4043 ἐσεμνύνοντο.
1038 3967 1282 4023 Ἐλθόντι
1304 3965 1349 4019 δ’
1384 3966 1441 4028 ἐς
1485 3960 1702 4033 Ῥώμην
1724 3959 1803 4030 τῷ

214 4070 431 4139 Παύλῳ
463 4066 633 4120 πολλὰ
667 4065 963 4136 ἐψηφίσθη,
1002 4062 1098 4116 καὶ
1128 4063 1162 4131 ὴ
1204 4055 1400 4128 πομπὴ
1431 4056 1540 4109 τῶν
1574 4069 1800 4124 νικητη-

208 4164 360 4234 ρίων
400 4157 551 4228 αὺτῴ
580 4155 938 4225 λαμπροτάτη
972 4151 1214 4222 ἐγένετο.
1251 4145 1508 4217 Ἐπεμψε
1555 4145 1655 4216 μὲν
1694 4145 1803 4215 γὰρ

210 4253 324 4310 καὶ
350 4252 526 4305 τάλλα
557 4249 658 4302 ὅσα
684 4246 916 4300 ἑαλώκει
946 4244 1147 4310 πάντα,
1179 4242 1395 4312 έπεμψε
1422 4239 1479 4292 δὲ
1506 4238 1601 4292 καὶ
1641 4234 1803 4290 Βῖθυν

206 4346 320 4399 τὸν
348 4340 447 4396 τοῦ
481 4340 690 4401 Κότυος
715 4337 853 4402 υἱὸν,
874 4336 964 4389 τόν
990 4351 1047 4387 τε
1075 4333 1293 4403 Περσέα
1322 4330 1422 4385 καὶ
1442 4329 1543 4396 τὴν
1569 4328 1804 4396 γυναῖκα

204 4434 398 4491 αὐτοῦ
425 4433 554 4497 τούς
584 4448 646 4485 τε
677 4430 873 4493 nais);
902 4429 1048 4496 τρεῖς
1095 4424 1253 4488 ὄντας
1278 4424 1336 4476 ὲν
1358 4422 1436 4494 τῷ
1464 4420 1573 4474 τῶν
1603 4419 1806 4489 αίχμα-

210 4528 422 4584 Αὼτων
475 4526 739 4597 σχήματι.
795 4520 988 4584 Δείσας
1030 4518 1088 4572 δὲ
1134 4517 1224 4572 διὰ
1272 4516 1370 4587 τὴν
1409 4513 1508 4584 τῆς
1553 4512 1808 4583 εὐτυχίας

209 4619 547 4690 ὑπερῦολὴν
589 4618 663 4689 μή
712 4633 767 4668 τι
824 4616 1100 4684 νεμεσήσῃ
1154 4611 1337 4673 αὐτοῖς
1394 4608 1456 4660 τὸ
1505 4606 1806 4676 δαιμόνιον,

215 4713 442 4785 ηὔξατο
479 4712 575 4765 καῖ⁵
612 4705 767 4773 οὗτος
797 4706 939 4761 κατά
966 4706 1059 4760 τὸν
1110 4702 1407 4772 Κάμιλλον,
1445 4701 1522 4773 μή
1555 4716 1606 4752 τι
1637 4698 1808 4751 κακὸν

1905 3600 1963 3646 et
1994 3594 2172 3664 ipsum
2198 3595 2571 3653 Alexandrum
2596 3615 2723 3655 cum
2765 3610 2882 3657 toto
2927 3603 3022 3658 illo
3059 3605 3294 3677 imperio
3318 3611 3484 3666 vicis-

1907 3692 2054 3748 sent,
2123 3685 2198 3739 ita
2259 3697 2390 3742 sunt
2451 3689 2695 3760 gloriati.
2747 3691 2921 3747 Paulo
2969 3694 3200 3752 Romam
3266 3714 3488 3757 reverso

1912 3775 2070 3830 multi
2105 3775 2348 3834 honores
2374 3788 2506 3834 sunt
2545 3780 2778 3847 decreti,
2808 3793 2865 3839 et
2906 3785 3224 3857 triumphus
3244 3792 3487 3860 splendio

1911 3868 2195 3936 (tissimus,
2217 3870 2273 3925 in
2299 3887 2409 3941 quo
2435 3881 2635 3942 praeter
2655 3875 2793 3931 alias
2824 3880 3113 3935 manubias
3138 3881 3351 3952 Bithyni
3386 3886 3490 3942 Co-

1909 3971 1993 4034 tys
2026 3962 2219 4032 lilium,
2261 3965 2520 4021 Perseum
2550 3975 2606 4022 et
2640 3982 2868 4024 uxorem
2896 3970 3014 4041 ejus
3044 3986 3169 4027 cum
3203 3976 3384 4032 tribus
3419 3978 3489 4032 li-

1910 4055 2083 4121 beris,
2118 4055 2309 4112 habitu
2339 4058 2683 4127 captivorum
2729 4059 2907 4116 duxit.
2943 4062 3164 4120 Veritus
3202 4077 3386 4124 autem
3418 4086 3487 4125 ex

1910 4146 2205 4203 immodica
2261 4147 2527 4206 felicitate
2589 4151 2852 4207 invidiam
2914 4154 3194 4223 numinis,
3270 4158 3487 4216 Camilli

1911 4240 2167 4309 exemplo
2200 4250 2456 4311 precatus
2486 4252 2594 4310 est,
2645 4245 2694 4299 si
2734 4245 2867 4316 quid
2908 4247 3034 4304 inde
3070 4251 3197 4306 mali
3233 4252 3490 4309 immine-

1914 4337 2019 4397 ret,
2066 4338 2128 4385 ιιι
2165 4329 2221 4385 id
2295 4331 2554 4389 incolumi
2592 4335 2879 4405 republica
2909 4336 2964 4391 in
2996 4353 3157 4393 suum
3196 4350 3362 4410 caput
3401 4359 3492 4397 re-

1912 4420 2192 4477 dundaret
2225 4440 2238 4477 :
2281 4423 2466 4494 itaque
2505 4425 2646 4481 duos
2678 4425 2850 4491 filios,
2893 4429 3131 4485 alterum
3172 4436 3336 4504 paulo
3363 4447 3492 4494 ante

1916 4513 2292 4585 triumphum,
2336 4515 2572 4573 alterum
2610 4520 2668 4574 in
2697 4519 2814 4589 ipsa
2853 4520 2946 4577 illa
2979 4524 3305 4583 celebritate
3351 4532 3491 4583 ami-

1914 4609 2008 4665 sit.
2069 4607 2196 4663 Fuit
2249 4624 2357 4664 non
2409 4617 2620 4667 tantum
2681 4614 2935 4684 egregius
2993 4616 3336 4688 imperator,
3393 4622 3489 4676 sed

1915 4704 2082 4759 etiam
2095 4704 2344 4774 pecuniae
2364 4714 2735 4775 contemptor,
2759 4708 2905 4776 quod
2927 4723 2993 4763 ex
3005 4724 3073 4763 eo
3090 4722 3318 4780 apparet
3346 4716 3493 4785 quod

206 4812 299 4877 τῇ,
323 4806 481 4858 πόλει
502 4807 569 4856 ἐκ
592 4800 821 4865 τούτων,
841 4798 955 4853 ἀλλ’
973 4796 1151 4867 ἐαυτῷ
1176 4796 1228 4848 εἴ
1248 4811 1301 4847 τι
1320 4794 1430 4848 δέοι
1454 4789 1794 4863 γενήσεσθαι⁴

1919 4794 2221 4851 secundum
2249 4796 2463 4860 consul,
2491 4806 2550 4851 et
2577 4796 2767 4867 spoliis
2812 4798 3311 4857 innumerabilibus
3355 4807 3496 4873 poti-

208 4901 332 4956 καὶ
381 4895 477 4951 δύο
519 4896 678 4960 υίεῖς,
718 4893 809 4946 τὶν
861 4892 961 4963 μὲν
992 4891 1097 4958 πρὸ
1129 4887 1223 4940 τοῦ
1276 4885 1549 4957 θριάμϐου
1590 4885 1787 4956 μικρὸν

1922 4895 2031 4946 tus.
2050 4887 2102 4940 in
2128 4895 2274 4941 tanta
2295 4896 2616 4956 paupertate
2632 4886 2795 4941 vitam
2818 4886 3019 4959 exegit,
3037 4898 3094 4943 ut
3109 4899 3232 4959 post
3248 4893 3366 4963 ejus
3382 4894 3497 4948 obi-

216 4993 327 5046 εὒν
355 4991 415 5044 δὲ
456 4993 512 5042 ἐν
541 4989 682 5058 αὐτῇ
711 4988 777 5057 τῇ
813 4986 922 5038 τῶν
953 4980 1239 5036 ἐπινικίων
1295 4978 1571 5032 ἀπέϐαλεν
1625 4977 1787 5047 ἐορτῇ

1923 4989 2038 5032 ιυιη
2066 4978 2222 5032 uxori
2248 4979 2346 5033 dos
2370 4994 2511 5050 aegre
2544 4989 2731 5048 posset
2769 4978 2949 5034 reddi.
2993 4979 3073 5034 Ex
3128 4983 3363 5052 captivis
3407 4985 3497 5038 Bi-

206 5082 347 5137 ’ῌν
406 5081 467 5134 δὲ
511 5081 573 5132 οὐ
623 5076 1002 5149 στρατηγῆσαι
1060 5073 1222 5143 μόνον
1269 5070 1494 5139 ἀγαθὸς,
1546 5068 1686 5123 ἀλλὰ
1719 5069 1794 5122 καὶ

1925 5073 2049 5143 ιιι)ἐ
2081 5072 2218 5142 patri
2248 5073 2416 5143 gratis
2436 5081 2523 5127 est
2540 5072 2810 5128 redditus.
2828 5072 3066 5130 Perseus
3083 5089 3207 5131 cum
3232 5075 3421 5131 liberis
3442 5088 3499 5132 et

205 5178 559 5250 ὕπρόπτης
594 5172 914 5245 χρημάτων.
950 5168 1264 5238 Τεκμήριον
1297 5164 1377 5231 δὲ,
1405 5164 1659 5234 δεύτερον
1695 5164 1794 5215 τότ

1927 5163 2197 5219 ministris
2214 5164 2405 5218 Albam
2436 5164 2637 5218 missus
2667 5172 2771 5228 est,
2806 5164 2901 5219 ubi
2925 5180 3050 5220 cum
3075 5181 3133 5220 se
3168 5169 3319 5238 regni
3346 5183 3500 5223 recu-

206 5270 557 5332 ὑπατεύσας
608 5270 704 5321 καὶ
766 5264 1024 5334 λαφύρων
1083 5258 1380 5330 ἀμυθήτων
1432 5257 1716 5329 κρατήσας
1757 5256 1794 5307 ὲκ

1924 5255 2150 5327 perandi
2177 5272 2274 5324 spe
2304 5254 2625 5327 aliquandiu
2648 5264 3037 5319 sustentasset,
3056 5272 3121 5311 ea
3144 5258 3367 5318 annssa,
3389 5257 3496 5311 sibi

212 5363 480 5432 τοσαύτη
534 5359 696 5430 πενίᾳ
723 5356 929 5420 διεϐίω,
979 5353 1120 5407 ὥστε
1170 5349 1424 5422 χαλεπῶς
1474 5352 1541 5419 τῇ
1596 5364 1794 5416 γυναικ

1918 5348 2023 5418 ipsi
2066 5363 2265 5402 manus
2295 5350 2505 5403 attulit.
2533 5347 2826 5419 Philippus
2864 5349 2987 5418 ejus
3019 5347 3168 5403 ﬁlius
3191 5387 3206 5412 ,
3244 5358 3300 5403 et
3344 5347 3454 5400 tilia
3476 5384 3493 5411 ,

200 5452 408 5512 αὑτοῦ
453 5453 553 5521 την
593 5449 792 5520 προῖκα
833 5446 1259 5516 τελευτήσαντος
1310 5440 1664 5510 ἀποδοθῆναι.
1699 5437 1790 5492 Td)

1920 5458 2028 5497 non
2071 5442 2244 5510 multo
2281 5448 2408 5511 post
2443 5440 2721 5495 obierunt.
2766 5439 2930 5494 Solus
2984 5440 3128 5493 filius
3161 5446 3292 5492 natu
3334 5438 3499 5492 mini-

199 5549 276 5606 δ’
313 5546 555 5600 ἁλόντων
584 5544 663 5613 τῷ
718 5541 888 5613 πατρὶ
942 5539 1041 5611 μὲν
1085 5541 1113 5592 6
1166 5537 1328 5600 Βίθυς
1378 5536 1583 5605 προῖκα
1634 5532 1818 5602 ἐδόθη.

196 5639 491 5710 Περσεὺς
532 5637 589 5690 δὲ
617 5639 695 5700 εἰς
731 5634 936 5689 Ἀλϐαν
958 5635 1055 5687 σὺν
1100 5634 1213 5696 τοῖς
1243 5630 1400 5685 παισὶ
1429 5629 1525 5682 καὶ
1555 5630 1620 5699 τῇ
1651 5627 1819 5696 θερα-

214 5728 389 5799 πεία
416 5725 710 5798 κατετέθη,
749 5726 908 5781 κάκεῖ
942 5723 1038 5795 μὲν
1061 5723 1165 5787 ἕως
1189 5721 1384 5795 ἠλπιζε
1414 5721 1513 5791 τὴν
1542 5718 1822 5789 βασιλείαν

1924 5551 2068 5600 unus,
2101 5533 2326 5589 Albanis
2353 5531 2767 5603 magistratibus
2797 5546 2898 5601 pro
2927 5529 3109 5585 scriba
3144 5527 3497 5583 inscrviendo

1922 5628 1992 5682 ad
2030 5638 2246 5696 tempus
2276 5625 2443 5679 vitam
2478 5624 2750 5679 toleravit.
2785 5621 2866 5675 Ad
2911 5620 3063 5675 hunc
3108 5618 3329 5673 modum
3372 5619 3505 5674 Per-

1923 5732 2053 5774 seus
2091 5731 2120 5771 a
2170 5731 2240 5771 sx
2273 5714 2498 5786 regibus
2527 5729 2584 5770 se
2614 5722 2794 5768 ortum
2816 5711 3018 5766 ducere
3054 5707 3342 5779 gloriatus,
3376 5724 3501 5765 crc-
