4050 6210
521 324 623 390 787
1806 334 2045 395 JOANN
2059 336 2128 393 IS
2168 337 2486 399 ZONARJE
3665 342 3733 406 78.
3745 346 3777 406 8

523 449 671 512 (nam
711 443 779 497 ab
810 443 934 498 aliis
962 460 1187 515 quoque
1223 444 1475 498 finitimis
1500 445 1917 514 premebantur)
1950 446 2094 514 lcga-
2121 499 2122 502 η

2199 448 2377 513 θοντο,
2421 450 2586 514 εὐθὺς
2627 450 2810 513 αὐτοῖς
2855 449 2947 504 τὸν
2995 450 3229 519 πόλεμον
3279 448 3642 519 ἐψηφίσαντο.
3706 456 3776 507 Ὃ

518 539 591 593 tis
644 537 871 592 Romam
931 539 1117 593 missis
1167 539 1372 593 auxilia
1421 542 1774 609 petiverunt,
1828 556 1885 594 se
1930 540 2092 612 463

2197 541 2462 610 μαθόντες
2491 544 2541 594 οἱ
2577 542 2962 612 Καρχηδόνιοι,
2995 543 3094 595 ούκ
3123 542 3181 596 εὖ
3212 543 3315 595 ὑπὸ
3344 544 3443 606 τῆς
3476 549 3777 614 συμφοράς

517 637 780 692 Romanis
801 637 1059 692 omnibus
1087 637 1141 692 in
1165 637 1333 692 rebus
1356 638 1720 694 obsecuturos
1743 639 2088 694 simulantes.

2195 634 2435 702 ἔχοντες,
2467 633 2813 693 κατέδεισαν,
2863 632 2959 686 καὶ
3000 633 3258 702 πρέσϐεις
3304 635 3363 695 ἐς
3405 633 3504 704 τὴν
3546 634 3779 704 Ῥώμην

514 728 649 783 Nam
703 745 828 784 cum
896 729 1080 784 fmdus
1123 731 1339 800 rupturi
1393 743 1615 793 essent,
1668 731 1824 785 facile
1866 731 2092 802 quidvis

2192 725 2280 776 διά
2314 724 2635 792 συμμαχίαν
2660 724 2953 777 ὲστὰλκασι
2986 723 3101 793 (καὶ
3131 723 3281 776 ἄλλοι
3313 724 3423 794 γὰρ
3449 726 3558 777 τῶν
3594 743 3779 795 προσ-

513 821 932 889 promittebant.
968 823 1042 875 Ea
1084 822 1153 875 de
1187 838 1243 876 re
1283 823 1519 877 concilio
1560 839 1590 877 a
1636 834 1827 878 senatu
1858 825 2088 888 indicto,

2193 818 2386 886 χώρων
2418 817 2601 878 αὐτοῖς
2630 816 2962 872 ἐπετίθεντο)
2991 817 3086 868 καὶ
3114 819 3173 878 ἐς
3205 817 3313 868 πᾶν
3332 820 3443 879 τοῖς
3473 817 3778 885 Ῥωμαίοις

513 908 700 978 Scipio
729 909 921 963 Nasica
971 910 1182 979 legatos
1215 910 1751 981 Carthaginiensium
1793 911 2090 967 admitten-

2192 909 2436 974 ὑπείξειν
2454 910 2802 963 ἐπλάττοντο.
2827 911 2916 977 Μὴ
2941 909 3050 979 γάρ
3080 911 3202 969 ταῖς
3228 909 3483 968 σπονδαῖς
3505 910 3773 978 ἐμμένειν

512 1003 638 1065 dos,
696 1011 752 1058 et
805 1019 994 1073 pacem
1034 1019 1159 1057 cum
1189 1004 1274 1058 eis
1315 1005 1624 1059 faciendam
1677 1020 1799 1060 esse
1847 1007 2085 1060 censuit.

2194 1004 2501 1072 μέλλοντες,
2543 1005 2671 1073 ῥᾷον
2711 1003 2923 1057 ᾶπαντα
2956 1002 3380 1071 ἐπηγγέλλοντο.
3429 1002 3540 1068 Τῆς
3577 1003 3637 1054 δὲ
3680 1021 3775 1071 γε·

511 1095 587 1164 Μ..
636 1096 771 1150 Cato
805 1106 993 1150 contra
1020 1139 1034 1160 ,
1082 1112 1185 1150 nec
1224 1097 1596 1152 admittendos
1625 1112 1766 1155 esse.
1824 1114 1926 1152 nec
1956 1098 2085 1152 belli

2193 1101 2414 1168 ρουσίας
2455 1097 2650 1166 βουλὴν
2688 1098 2815 1164 περὶ
2858 1096 3052 1148 τούτου
3106 1095 3544 1164 συναγαγούσης,
3590 1097 3619 1147 6
3672 1097 3773 1165 μὲν

515 1189 801 1242 decretum
845 1189 1245 1258 abrogandam.
1275 1191 1480 1244 Verum
1533 1199 1756 1244 senatus
1797 1200 1851 1243 et
1894 1207 2087 1260 preces

2191 1190 2434 1244 Σκιπίων
2465 1191 2492 1242 6
2527 1189 2777 1251 Νασικᾶς
2818 1187 3081 1253 δέξασθαι
3113 1187 3213 1256 τὴν
3240 1187 3349 1238 τῶν
3376 1185 3773 1255 Καρχηδονίων

511 1278 816 1347 legatorum
871 1279 1115 1342 admisit,
1169 1289 1225 1334 et
1268 1296 1456 1347 pacem
1503 1282 1583 1335 eis
1647 1294 1730 1334 est
1774 1282 2082 1350 pollicitus,

2191 1281 2488 1350 πρεσϐείαν
2516 1279 2612 1332 καὶ
2651 1279 2883 1340 σπονδάς
2913 1278 3096 1338 αὐτοῖς
3131 1275 3466 1343 ποιήσασθαι
3511 1276 3773 1327 συνεϐού-

509 1370 800 1424 obsidibus
846 1371 1056 1438 petitis,
1089 1387 1233 1440 quos
1275 1373 1336 1426 L.
1368 1372 1597 1427 Martius
1639 1383 1693 1428 et
1719 1373 1786 1426 Μ.
1832 1373 2086 1428 Manilius

2189 1369 2378 1422 λευσεν
2412 1385 2426 1398 ·
2466 1369 2494 1420 6
2532 1368 2589 1421 δὲ
2635 1368 2831 1421 Κάτων
2883 1370 2910 1420 6
2957 1367 3183 1436 Μάρκος
3238 1367 3374 1435 μήτε
3431 1366 3768 1418 σπείσασθαι

510 1460 566 1513 ἰιι
606 1461 793 1514 Sicilia
827 1473 1089 1530 acceptos
1135 1464 1364 1517 Romam
1405 1463 1675 1516 miserunt
1719 1485 1730 1518 :
1781 1465 1882 1534 ipsi
1926 1465 2083 1519 festi-

2185 1463 2395 1526 τούτοις
2434 1461 2546 1514 δεῖν
2589 1455 2734 1521 εἶπε,
2801 1460 2940 1530 μήτε
2973 1460 3135 1512 λῦσαι
3159 1459 3255 1512 τοῦ
3289 1457 3531 1527 πολέμου
3565 1458 3627 1509 τὸ
3660 1460 3772 1527 ψή-

508 1559 708 1604 nanter
733 1550 788 1604 in
813 1551 1051 1606 Africam
1084 1553 1439 1622 appulerunt,
1465 1553 1771 1622 castrisque
1798 1555 2011 1622 positis,
2032 1563 2088 1608 et

2187 1573 2385 1625 φισμα.
2440 1555 2502 1608 OE
2549 1555 2607 1608 δέ
2654 1571 2717 1622 γε
2755 1553 3040 1624 βουλευταὶ
3069 1554 3167 1624 τήν
3209 1570 3271 1606 τε
3319 1553 3426 1604 τῶν
3477 1551 3771 1619 πρέσϐεων

506 1642 919 1710 magistratibus
941 1642 1478 1713 Carthaginiensium
1508 1643 1812 1708 accersitis,
1840 1660 1946 1698 non
1970 1661 2085 1699 om-

2191 1648 2428 1700 ἱκετείαν
2482 1647 2732 1712 ἐδέξαντο
2786 1646 2881 1697 καὶ
2932 1645 3165 1707 σπονδές
3223 1644 3408 1704 αύτοῖς
3461 1642 3769 1711 ὑπέσχοντο

506 1735 596 1788 nia
625 1735 789 1790 simul
818 1751 940 1805 quae
971 1736 1346 1806 postulabant,
1392 1747 1788 1806 exposuerunt,
1821 1739 1980 1792 veriti
2016 1755 2082 1794 ne

2189 1741 2515 1810 παρασχεῖν,
2551 1740 2645 1790 καὶ
2678 1738 2771 1790 ἐπὶ
2824 1736 3036 1797 τούτοις
3078 1738 3322 1806 ὁμήρους
3379 1736 3593 1806 ᾔτησαν
3625 1751 3638 1764 ·
3669 1735 3773 1795 οὓς

508 1826 576 1882 iis
606 1828 976 1896 prtecognitis,
1006 1828 1172 1883 rebus
1207 1829 1436 1898 integris
1469 1829 1673 1883 bellum
1701 1842 2077 1900 capesserent.

2186 1832 2414 1894 Λούκιος
2438 1830 2687 1898 Μάρκιος
2729 1830 2821 1882 καὶ
2864 1827 3092 1896 Μάρκος
3114 1828 3399 1889 Μανίλιος,
3437 1829 3519 1888 εἰς
3542 1827 3646 1895 τὴν
3673 1827 3777 1877 Σι-

506 1919 583 1972 Aa
626 1919 866 1997 primum
909 1919 1249 1974 frumentum
1286 1921 1607 1990 petentibus
1637 1921 1848 1985 datum,
1881 1923 2082 1977 deinde

2184 1925 2370 1976 κελίαν
2392 1922 2658 1984 ἐλθόντες.
2687 1921 2865 1972 ἐκεῖσε
2890 1917 3242 1989 πεμφθέντας
3267 1917 3481 1978 ἔλαϐον,
3517 1919 3614 1969 καὶ
3638 1921 3775 1978 τοὺς

509 2011 786 2073 triremes,
830 2019 1022 2080 postea
1065 2012 1359 2075 machinm,
1417 2012 1656 2082 denique
1708 2013 1876 2066 armis
1913 2015 2080 2068 etiam

2185 2013 2285 2083 μὲν
2315 2014 2393 2073 εἰς
2423 2011 2520 2082 τὴν
2559 2010 2780 2079 Ῥώμην
2811 2009 3086 2077 ἔπεμψαν,
3119 2008 3274 2061 αὐτοὶ
3323 2008 3379 2059 δὲ
3426 2007 3631 2076 σπουδῇ
3663 2009 3776 2074 τὴν

507 2102 749 2172 acceptis
776 2103 1258 2173 (Carthaginenses
1283 2104 1431 2158 enim
1462 2104 1600 2158 clam
1632 2105 1799 2158 alium
1825 2121 2080 2174 magnum

2197 2106 2462 2176 ,Αφρικὴν
2493 2103 2876 2174 κατειλήφασι.
2917 2103 3024 2155 Καὶ
3057 2101 3657 2171 στρατοπεδευσάμενοι
3698 2102 3779 2150 τε

506 2201 830 2263 apparatum
869 2194 1168 2262 habebant)
1203 2210 1300 2250 cos
1322 2195 1514 2250 urbem
1557 2195 1802 2261 diruere,
1833 2205 1889 2250 et
1915 2198 2078 2250 aliam

2185 2198 2312 2268 τέλη
2345 2199 2450 2250 τῶν
2483 2196 2867 2267 Καρχηδονίων
2903 2197 3021 2248 ζεκεῖ
3060 2193 3482 2264 μετεπέμψαντο
3512 2211 3525 2225 ·
3555 2191 3651 2244 καὶ
3687 2193 3777 2252 ὡς

506 2285 563 2340 ἱιι
592 2285 999 2342 mediterraneo
1022 2288 1140 2342 sine
1172 2288 1346 2343 muris
1379 2297 1654 2350 extruere,
1698 2306 1833 2342 Lxxx
1886 2289 2080 2344 stadiis

2184 2293 2466 2361 ἀφίκοντο,
2496 2291 2555 2343 ού
2584 2291 2760 2343 πάντα
2794 2289 2908 2358 ἄμα
2933 2286 3117 2354 σφίσιν
3150 2287 3244 2338 ὅσα
3280 2286 3444 2356 ᾔτουν
3465 2285 3773 2352 ἐξέφηναν.

505 2392 536 2432 α
569 2378 706 2432 mari
731 2378 976 2434 dissitam
1004 2378 1307 2448 jusserunt.
1333 2377 1412 2431 Ad
1438 2378 1568 2432 illud
1595 2377 2076 2448 Carthaginienses

2181 2385 2460 2447 δείσαντες
2497 2385 2592 2453 μὴ,
2650 2381 2825 2435 ταῦτα
2876 2379 3276 2450 προμαθόντες,
3332 2375 3611 2446 ἀκεραίοις
3642 2377 3778 2436 τοῖς

505 2469 562 2524 in
604 2469 875 2541 lacrymas
906 2468 1095 2534 soluti,
1124 2479 1382 2538 tanquam
1419 2467 1553 2522 urbe
1597 2476 1754 2538 capta
1790 2469 2071 2522 lamentati

2183 2476 2472 2547 πράγμασι
2530 2474 2681 2544 σφῶν
2724 2475 3068 2527 καταστῶσιν
3117 2474 3196 2535 είς
3241 2471 3499 2539 πόλεμον.
3541 2469 3652 2521 Καὶ
3703 2468 3777 2520 τὸ

504 2569 673 2617 sunt:
713 2561 1031 2631 precatique
1063 2561 1341 2619 consules,
1381 2576 1450 2613 ne
1495 2559 1686 2630 patria:
1726 2560 1924 2614 aﬂ'erre
1959 2574 2076 2612 ma—

2184 2566 2282 2636 μὲν
2336 2567 2554 2636 πρῶτον
2594 2569 2738 2618 σῖτον
2787 2566 2998 2636 ⁴ᾔτησαν
3046 2565 3140 2616 καὶ
3201 2561 3438 2614 ἔλαϐονο
3494 2554 3613 2611 εἶτα
3655 2559 3780 2620 τάς

504 2667 610 2707 nus
641 2662 991 2724 cogerentur.
1035 2651 1140 2706 Sed
1187 2667 1312 2706 cum
1356 2651 1490 2705 nihil
1522 2649 1873 2721 proficerent.
1899 2660 2073 2707 ctaut

2181 2661 2446 2728 τριήρεις,
2478 2659 2570 2710 καὶ
2601 2658 2694 2710 ἐπὶ
2728 2658 2956 2718 ταύταις
2997 2655 3065 2708 τά
3113 2657 3502 2724 μηχανήματα,
3534 2647 3652 2704 εἶτα
3691 2652 3779 2703 τά.

503 2742 773 2813 imperata
801 2744 1050 2814 exsequi,
1088 2753 1183 2798 aut
1222 2743 1426 2798 bellum
1455 2745 1691 2813 experiri
1716 2745 2071 2816 iuberentur,

2180 2750 2318 2803 ὅπλα
2373 2749 2747 2820 προσῄτησαν.
2810 2747 3085 2810 Δαδόντες
3136 2743 3229 2799 οὖν
3282 2746 3458 2798 πάντα
3515 2746 3582 2813 (οί
3642 2745 3779 2813 γὰρ

502 2837 663 2890 rnnlti
709 2836 854 2906 apud
899 2837 1200 2901 Romanos,
1244 2847 1304 2891 ut
1335 2839 1446 2909 jam
1483 2837 1758 2901 victores,
1796 2853 2075 2893 remanse-

2182 2843 2545 2912 Καρχηδόνιοι
2579 2840 2782 2912 πολλὴν
2813 2840 3006 2909 ἑτέραν
3046 2837 3400 2908 παρασκευὴν
3430 2836 3776 2904 κεκρυμμέ-

503 2937 654 2984 runt.
696 2928 893 2985 Czeteri
939 2931 992 2984 in
1025 2931 1218 2986 urbem
1252 2931 1506 3001 regressi,
1544 2932 1809 3001 quosdam
1861 2948 1928 2985 ex
1959 2947 2078 2986 ma-

2181 2953 2277 3007 νην
2307 2932 2476 3006 εἶχον)
2519 2933 2672 2997 τέλος
2719 2933 2970 2986 ἐκέλευον
3017 2930 3217 2992 αὐτοὺς
3257 2929 3609 2997 κατασκάψαι
3653 2929 3780 2996 μὲν

503 3020 829 3090 gistratibus
859 3021 1208 3085 occiderunt,
1239 3023 1384 3094 quod
1416 3038 1523 3076 non
1561 3023 1838 3093 principio
1872 3025 2072 3077 bellum

2184 3030 2278 3098 τὴν
2307 3028 2463 3080 πόλιν
2496 3027 2700 3089 αὐτῶν,
2733 3026 2928 3096 ἑτέραν
2976 3025 3022 3078 δ’
3069 3025 3128 3076 ἐν
3165 3023 3436 3092 μεσογείῳ
3467 3021 3783 3090 οίκοδομῆ-

504 3113 741 3181 amplexi
775 3123 961 3167 essent
999 3132 1012 3167 :
1062 3123 1119 3167 et
1161 3115 1445 3183 Romanis.
1493 3129 1633 3183 quos
1680 3116 1823 3168 intra
1875 3114 2073 3170 muenia

2184 3139 2274 3175 σαι
2317 3121 2644 3191 ἀτείχιστον,
2689 3120 3021 3190 ὀγδοήκοντα
3061 3117 3308 3178 σταδίους
3349 3116 3447 3185 τῆς
3474 3116 3782 3184 Θαλάσσης

507 3211 864 3271 repererant,
912 3203 1252 3270 interfectis,
1302 3203 1507 3257 bellum
1547 3203 1830 3274 aggressi,
1885 3219 2076 3256 omnes

2185 3214 2485 3284 διέχουσαν.
2519 3211 2660 3284 ῐΙρδς
2696 3211 2854 3265 τοῦτο
2895 3212 2940 3263 δ’
2979 3211 3029 3262 oi
3057 3208 3420 3279 Καρχηδύνιοι
3450 3209 3502 3265 ὲς
3537 3207 3784 3276 δάκρυα

505 3308 694 3348 servos
755 3295 1232 3357 mantnniscrnnt,
1295 3296 1515 3351 exsules
1576 3305 1955 3351 revocarunt:
2020 3305 2076 3350 et

2186 3305 2622 3376 κατηνέχθησαν,
2657 3303 2752 3357 καὶ
2773 3304 2847 3367 ὼς
2877 3301 3182 3364 έαλωκότες
3205 3299 3617 3369 ἀνωλοφύροντο
3658 3301 3785 3351 καὶ

503 3383 808 3440 Asdrubale
841 3385 1024 3439 denuo
1064 3387 1394 3455 imperatore
1434 3394 1639 3452 creato,
1676 3403 1850 3450 arma,
1913 3389 2074 3442 trire-

2187 3397 2397 3450 ἐδέοντο
2443 3396 2552 3450 τῶν
2589 3396 2812 3449 ὑπάτων
2843 3394 2915 3464 μὴ
2956 3394 3373 3458 καταναγκάσαι
3420 3391 3557 3459 σφᾶς
3599 3393 3786 3458 γενέ-

505 3477 942 3538 mes,machinas
980 3487 1328 3545 repararunt.
1366 3476 1531 3543 Quasi
1562 3479 1707 3532 enim
1736 3478 1938 3533 bellum
1979 3495 2074 3532 ur-

2184 3490 2307 3542 σθαι
2347 3489 2447 3558 τῆς
2475 3486 2733 3556 πατρίδος
2773 3485 3118 3554 αὐτόχειρας.
3166 3483 3256 3546 Ὠς
3295 3483 3340 3536 δ’
3383 3482 3531 3555 ούδὲν
3561 3483 3782 3551 ἧνυον,

502 3577 679 3638 geret,
748 3580 804 3622 et
855 3570 922 3622 de
964 3568 1182 3622 excidio
1231 3569 1707 3638 periclitarentnr,
1759 3572 1834 3626 ita
1887 3573 2070 3626 omnia

2181 3581 2294 3635 ἀλλ’
2347 3580 2378 3650 ἦ
2429 3579 2634 3650 πρᾶξαι
2699 3578 2760 3631 τὺ
2812 3577 3289 3647 προσταττόμενον
3347 3573 3671 3627 ἐκελεύοντο
3739 3577 3780 3645 ἥ

501 3660 701 3730 quibus
748 3670 868 3714 erat
906 3675 1067 3730 opus,
1123 3661 1422 3731 perexiguo
1477 3672 1722 3732 tempore
1782 3680 2070 3734 compara-

2185 3673 2477 3747 ἀναῤῥίψαι
2503 3673 2594 3727 τὸν
2618 3673 2747 3725 πόλε
2759 3689 2878 3742 μον,
2914 3672 3098 3740 συχνοὶ
3133 3669 3234 3740 μὲν
3260 3667 3424 3723 αὑτοῦ
3454 3668 3611 3738 παρὰ
3642 3671 3784 3732 τοῖς

505 3763 653 3817 runt,
690 3753 827 3807 nulli
861 3755 938 3808 rci
989 3762 1303 3824 parcentes,
1335 3755 1474 3808 adeo
1510 3764 1572 3809 ut
1615 3765 1824 3812 statuas
1851 3774 2070 3829 quoque

2191 3765 2485 3835 Ῥωμαίοις
2514 3764 2589 3828 ὡς
2633 3763 2736 3833 ἤδη
2779 3762 3152 3832 κεκρατηκόσι
3199 3761 3544 3829 κατέμειναν.
3597 3760 3666 3812 Οἱ
3709 3762 3783 3816 δὲ

499 3846 572 3900 ob
593 3845 719 3902 aeris
750 3845 1037 3915 penuriam
1071 3845 1377 3901 conﬂarcnt
1400 3885 1414 3907 ,
1446 3855 1500 3901 ct
1533 3849 1750 3917 capillis
1775 3851 2068 3906 mulierum

2184 3859 2356 3912 λοιποὶ
2387 3857 2919 3927 ἀπαναχωρήσαντες
2945 3854 3055 3908 τῶν
3083 3870 3142 3908 τε
3170 3853 3445 3924 σφετέρων
3469 3853 3783 3922 ἀρχόντων

499 3938 568 3992 ad
601 3938 761 3992 funes
793 3937 1168 3992 conficiendos
1199 3946 1513 3992 uterentur.
1547 3938 1818 3994 Consules
1862 3941 2072 4011 princi-

2183 3953 2354 4013 ἐνίους
2395 3951 2747 4012 ἀπέκτειναν,
2780 3950 2862 4002 ὅτι
2893 3947 2969 4018 μὴ
3003 3945 3126 4000 κατ’
3165 3947 3339 4017 ἀρχὰς
3378 3946 3468 3998 τὸν
3509 3945 3782 4015 πόλεμον

501 4027 593 4097 pio
627 4041 722 4096 spe
753 4034 1037 4095 concepta,
1091 4041 1149 4081 se
1177 4040 1272 4081 eos
1302 4034 1363 4079 ut
1395 4026 1634 4080 inermes
1678 4025 1837 4080 facile
1875 4037 2070 4098 captu-

2185 4047 2404 4108 εἴλοντο,
2457 4043 2552 4096 καὶ
2609 4043 2737 4104 τοὺς
2783 4041 2935 4104 ἐντὸς
3008 4038 3104 4094 τοῦ
3161 4041 3374 4110 τείχους
3423 4036 3784 4110 εὑρεθέντας

502 4135 614 4183 ros,
667 4118 845 4173 scalas
903 4118 1169 4172 duntaxat
1219 4126 1528 4187 pararunt,
1590 4117 1796 4187 quibus
1866 4119 2068 4174 mmnia

2189 4137 2494 4206 Ῥωμαίους
2525 4134 2860 4205 διέφθειραν,
2911 4133 3006 4186 καὶ
3047 4132 3184 4202 πρδς
3222 4132 3316 4184 τὸν
3361 4130 3601 4198 πόλεμον
3647 4130 3785 4202 ὦρ-

501 4208 996 4265 transcenderent:
1057 4207 1149 4264 sed
1193 4223 1257 4263 ea
1309 4224 1629 4279 oppugnare
1683 4209 1886 4273 adorti,
1943 4227 2068 4266 cum

2181 4246 2381 4299 μησαν.
2415 4229 2506 4280 Διὸ
2537 4225 2665 4288 τούς
2697 4241 2756 4278 τε
2799 4224 3020 4288 δούλους
3065 4223 3313 4284 ἅπαντας
3343 4222 3778 4292 ἠλευθέρωσαν,

499 4303 686 4357 hostes
709 4309 956 4356 armatos
983 4310 1037 4356 et
1062 4300 1231 4356 rebus
1259 4299 1327 4354 ad
1355 4301 1785 4370 pr0pn|sandam
1823 4302 2070 4357 obsidio-

2181 4322 2271 4372 καὶ
2299 4319 2423 4382 τοὺς
2455 4316 2712 4387 ,φυγάδας
2759 4318 3076 4385 κατήγαγον
3109 4331 3123 4346 ο
3163 4319 3258 4369 καὶ
3283 4315 3376 4368 τὸν
3415 4313 3780 4383 Ἀσδρούϐαν

499 4411 622 4451 nem
686 4393 1014 4450 necrssariis
1073 4394 1375 4448 instructos
1419 4393 1731 4449 vidissent:
1787 4395 2069 4451 machinas

2180 4410 2485 4480 στρατηγὸν
2543 4409 2700 4471 αὖθις
2745 4407 2974 4471 εἴλοντο,
3013 4407 3108 4460 καὶ
3149 4407 3288 4460 ὅπλα
3324 4407 3416 4458 καὶ
3470 4409 3775 4475 μηχανὰς,

496 4486 769 4541 fabricare
821 4485 1203 4551 instituerunt,
1249 4484 1452 4555 quibus
1498 4500 1609 4540 non
1653 4485 1772 4540 sine
1816 4486 2064 4556 periculo

2182 4505 2422 4575 τριήρεις
2450 4519 2509 4555 τε
2537 4501 2926 4571 ἡτοιμάσαντο.
2971 4500 3063 4563 Ὠς
3093 4500 3202 4570 γὰρ
3233 4499 3327 4552 τοῦ
3365 4499 3610 4568 πολέμου
3647 4503 3781 4555 ἐπι-

495 4575 660 4648 464
708 4576 974 4630 confectis
1019 4575 1312 4644 (Asdrubal
1373 4575 1518 4629 enim
1575 4576 1862 4630 materiam
1916 4593 2069 4633 com-

2175 4594 2450 4663 κειμένου,
2497 4591 2593 4645 καὶ
2652 4592 2780 4660 περὶ
2829 4589 3268 4661 ἀνδραποδισμοῦ
3318 4589 3773 4657 κινδυνεύοντες,

498 4676 778 4736 portantes
804 4682 869 4721 ex
898 4667 1112 4721 insidiis
1136 4668 1386 4738 vexabat)
1415 4668 1606 4722 urbem
1645 4678 1772 4723 sunt
1800 4673 2062 4741 aggressi.

2174 4685 2239 4740 δι’
2290 4686 2573 4756 ἐλαχίστου
2631 4682 2793 4737 πάνθ’
2847 4681 2988 4733 ὅσων
3031 4681 3262 4752 ἔχρῃζον
3318 4679 3773 4744 κατεσκεύαζον.

494 4763 572 4818 Ac
603 4759 858 4816 Manilius
882 4770 1028 4814 terra
1057 4761 1262 4830 impetu
1309 4764 1472 4827 facto,
1518 4762 1656 4817 nihil
1698 4763 1820 4818 urbi
1852 4767 2061 4822 nocuit.

2183 4779 2488 4848 Ἐιρείδοντο
2512 4777 2618 4849 γὰρ
2649 4776 2882 4840 ούδενὶς,
2923 4775 3058 4828 ἀλλὰ
3101 4777 3195 4827 καὶ
3241 4775 3368 4836 τοὺς
3420 4773 3773 4842 ἀνδριάντας

494 4853 725 4908 Martius
755 4866 864 4920 qua
905 4867 1054 4905 mare
1090 4851 1412 4920 palndosnm
1445 4864 1550 4916 est,
1589 4862 1741 4924 parte
1796 4858 1938 4912 muri
1969 4858 2066 4914 de-

2173 4871 2309 4943 πρδς
2339 4872 2437 4941 τὴν
2466 4871 2657 4942 χρείαν
2691 4868 2788 4922 τοῦ
2824 4868 3029 4938 χαλκοῦ
3063 4866 3494 4937 συνεχώνευσαν,
3542 4867 3652 4919 καὶ
3707 4871 3772 4930 ἐς

488 4950 656 5016 jecta,
691 4959 799 4998 non
828 4943 1104 5012 ingressus
1137 4951 1242 4998 est.
1275 4943 1756 5014 Carthaginienses
1783 4947 1931 5002 enim
1964 4965 2062 5006 eos

2169 4963 2268 5028 τὰς
2297 4964 2540 5034 σχοίνους
2580 4961 2684 5016 τῶν
2710 4960 2987 5030 γυναικῶν
3021 4960 3138 5022 ταῖς
3173 4960 3371 5028 κόμαις
3418 4958 3766 5026 ἐχρήσαντο.

494 5035 587 5105 qui
637 5043 933 5105 penetrare
975 5035 1340 5098 conabantur,
1379 5038 1746 5106 repulerunt:
1802 5050 1859 5094 et
1900 5053 2065 5098 noctu

2171 5057 2232 5107 Οί
2275 5054 2319 5107 δ’
2373 5053 2567 5107 ὕπατοι
2622 5053 2682 5107 τὸ
2735 5053 2834 5123 μὲν
2882 5052 3098 5124 πρῶτον
3134 5053 3330 5114 αὐτοὺς
3375 5051 3449 5111 ὼς
3506 5049 3765 5114 ἀόπλους

493 5144 592 5199 per
653 5129 846 5180 ruinas
887 5127 1181 5195 eruptione
1238 5128 1402 5190 facta,
1463 5129 1653 5184 multis
1689 5134 1908 5198 occisis,
1951 5152 2070 5192 ma—

2166 5145 2377 5214 ταχέως
2431 5145 2683 5215 αἱρήσειν
2736 5143 3093 5206 ἐλπίσαντες,
3154 5144 3322 5212 μόνας
3374 5141 3764 5212 ἡτοιμάσαντο

494 5220 692 5275 chinas
743 5220 928 5289 plures
978 5232 1312 5275 crcmarunt.
1359 5221 1548 5293 Neque
1579 5225 1746 5279 etiam
1791 5226 2063 5286 Asdrubal

2168 5235 2462 5306 κλίμακας,
2484 5237 2558 5297 ὡς
2579 5233 2646 5289 δι’
2665 5235 2843 5288 αὐτῶν
2867 5235 3028 5298 εὐθὺς
3057 5233 3151 5287 τοῦ
3183 5234 3392 5302 τείχους
3418 5231 3766 5301 ἐπιϐησόμε-

492 5329 617 5367 cum
661 5314 941 5383 equitibus
973 5329 1069 5368 eos
1103 5314 1209 5367 late
1238 5316 1422 5384 vagari
1456 5317 1510 5370 in
1538 5319 1684 5388 agris
1726 5322 2060 5388 patiebatur,

2165 5343 2287 5380 νοι⁹
2348 5325 2541 5379 ἔπειτα
2587 5325 2990 5396 προσὸαλόντες
3043 5325 3135 5377 καὶ
3173 5321 3550 5392 ὡπλισμένους
3604 5324 3761 5388 σφᾶς

492 5423 672 5476 neque
719 5406 940 5461 auxiliis
974 5404 1257 5460 Masinissa
1313 5407 1558 5476 juvabat.
1616 5410 1748 5464 Nam
1787 5413 2060 5484 principio

2169 5421 2261 5473 καὶ
2295 5417 2363 5472 τὰ
2399 5417 2534 5488 πρὸς
2557 5417 2873 5488 πολιορκίαν
2903 5416 3124 5486 ἔχοντας
3162 5415 3381 5476 ἰδόντες,
3411 5412 3544 5481 πρὸς
3567 5428 3760 5480 μηχα-

493 5499 622 5554 belli
656 5516 760 5552 non
793 5499 1110 5560 accersitus.
1141 5515 1316 5568 neque
1343 5501 1668 5568 permissum
1697 5505 1746 5558 ci
1776 5505 2059 5573 pollicenti

2169 5512 2276 5563 νῶν
2325 5509 2586 5580 ιργασίαν
2648 5510 2966 5580 ἐτράποντο,
3019 5509 3112 5562 καὶ
3169 5508 3339 5569 αύτάς
3384 5503 3757 5567 ἐπικινδύνως

489 5592 690 5654 fuerat,
725 5599 784 5645 nt
807 5591 956 5644 solus
988 5591 1346 5646 Asdrubalem
1373 5592 1693 5649 debellarct.

2171 5601 2680 5664 κατασκευάσαντες
2725 5601 2772 5669 (6
2798 5601 2905 5668 γάρ
2949 5600 3280 5670 ’Λσδρούὸας
3318 5595 3757 5664 ὑλαγωγοῦντας

493 5686 790 5756 ἐνεδρεύων
830 5683 1040 5755 ἐλύπει)
1079 5685 1452 5755 προσέμισγον
1499 5690 1565 5760 τῇ
1601 5689 1772 5742 πόλει.
1843 5691 1949 5743 Καὶ
2015 5691 2275 5755 Μανίλιος
2311 5694 2409 5762 μὲν
2452 5695 2514 5746 ὲκ
2552 5693 2651 5758 τῆς
2699 5693 2929 5762 ἠπείρου
2995 5695 3132 5762 αὐτῇ
3207 5689 3531 5762 προσϐαλὼν
3583 5690 3749 5740 οὐδὲν

491 5777 684 5842 αὐτοὺς
745 5775 941 5846 ἔϐλαψε
987 5777 1234 5849 Μάρκιος
1262 5778 1304 5832 δ’
1359 5779 1420 5832 ὲκ
1468 5779 1742 5853 θαλάσσης
1799 5784 1938 5836 κατὰ
1990 5781 2050 5835 τὸ
2087 5783 2349 5854 λιμνῶδες
2420 5782 2745 5854 προσπεσὼν
2806 5783 3091 5838 κατέσεισε
3137 5783 3235 5854 μέν
3275 5801 3324 5836 τι
3369 5781 3463 5836 τοῦ
3494 5781 3742 5852 τείχους·
