4050 6210
330 276 479 347 789
1615 281 2027 344 ANNALIUM
2071 282 2216 342 LIB.
2267 284 2377 346 IX.
3512 279 3642 343 790'

330 399 397 450 οὐ
435 397 624 465 μέντοι
652 396 747 451 καὶ
778 394 1052 466 εἰσῆλθεν.
1082 394 1143 449 Οἱ
1179 393 1289 467 γὰρ
1317 392 1680 464 Καρχηδόνιοι
1745 391 1871 452 τούς
1938 408 1996 442 τε
2040 389 2398 463 βιαζομένους
2451 395 2717 451 εἰσελθεῖν
2772 393 3185 467 ἐξεκρούσαντο.
3246 395 3358 448 Καὶ
3405 394 3624 463 νύκτωρ

332 490 429 545 διὰ
462 490 577 545 τῶν
607 491 871 561 ἐρειπίων
899 489 1211 556 ἐξελθόντες
1251 487 1577 560 ἀνθρώπους
1611 504 1669 539 τε
1737 484 1965 555 συχνοὺς
2041 483 2293 541 ἔκτειναν
2363 491 2459 543 xui.
2530 492 2901 563 μηχανήματα
2953 489 3186 544 πλεῖστα
3244 489 3620 559 κατέπρησαν,

345 585 495 637 Ἀλλ’
524 583 646 637 οὐδὲ
677 582 772 635 ἐπὶ
803 581 942 635 πολὺ
974 580 1080 651 τῆς
1131 578 1316 651 χώρας
1348 578 1498 651 παρὰ
1527 576 1622 631 τοῦ
1669 572 1999 645 Ἀσδρούσου
2063 578 2157 628 καὶ
2188 578 2302 634 τῶν
2364 583 2589 638 ἱππέων
2647 584 2840 636 εὶῶντο
2868 581 3287 644 σκεδάννυςθιι,
3348 578 3475 633 οὔτε
3515 580 3629 649 μὴν

328 681 360 732 ό
383 678 735 739 Μασινίσσας
767 676 951 739 αὐτοῖς
1007 673 1406 745 ἐπεκούρησεν.
1459 673 1535 727 Ού
1564 672 1672 742 γὰρ
1704 670 1761 723 ὲν
1824 668 1965 737 ἀρχῇ
2000 668 2095 721 τοῦ
2170 675 2409 747 πολέμου
2446 678 2878 750 προσεκέκλητο,
2923 678 3020 731 καὶ
3061 681 3198 749 πρὸς
3232 675 3325 729 τὸν
3366 671 3623 747 ’Δσδρού·

331 773 439 826 δαν
460 771 585 823 τότε
616 768 836 823 διαπολε
848 769 1047 839 μήσειν
1079 765 1440 838 ύποσχομένῳ
1461 765 1561 818 οὒκ
1586 758 1915 831 ἐπέτρεψαν.

406 865 535 922 KZ'.
573 866 635 919 Ui
673 863 719 918 δ’
750 861 948 916 ’ύπατοι
977 862 1066 917 διά
1119 877 1178 913 τε
1205 861 1275 914 τὰ
1311 859 1598 930 συμϐάντα
1635 854 1731 909 καὶ
1765 854 1847 906 ὅτι
1875 849 1929 903 τὲ

2112 850 2326 910 XXVII.
2354 855 2628 912 Consules
2664 855 2835 928 igitur
2859 864 3089 928 propter
3122 864 3356 912 eventus
3385 856 3526 921 illos,
3567 846 3625 911 ei

329 955 600 1013 ναυτικὸν
633 953 813 1007 αὐτῶν
841 954 906 1005 ἐκ
938 954 1035 1021 τῆς
1093 953 1152 1004 ἐν
1192 953 1259 1021 τῇ
1295 950 1463 1022 λίμνῃ
1496 944 1783 1018 διατριϐῆς
1813 943 1929 996 ἐνό-

2036 944 2272 1001 classem
2316 962 2382 1001 ex
2426 948 2665 1003 statione
2704 950 2758 1004 in
2796 949 3093 1019 paludibus
3128 947 3326 1003 morbo
3361 948 3624 1002 laboran-

331 1067 527 1121 σησεν,
555 1047 751 1099 ἔλυσαν
776 1046 877 1114 τὴν
900 1043 1250 1114 πολιορκίαν.
1277 1044 1388 1096 Καὶ
1414 1026 1664 1111 Μάρκιος
1690 1037 1788 1107 μὲν
1809 1036 1929 1088 ἐπι·

2037 1048 2167 1103 tem,
2209 1039 2558 1096 obsidionem
2595 1042 2904 1097 solverunt.
2961 1043 3039 1097 Ac
3064 1041 3293 1096 Martius
3324 1041 3465 1095 mari
3516 1040 3620 1094 ali-

327 1140 603 1211 χειρήσας
635 1135 779 1191 κατὰ
810 1135 1087 1189 θάλασσάν
1119 1152 1173 1188 τι
1220 1134 1424 1206 πρᾶξαι
1455 1132 1490 1203 ἢ
1525 1131 1625 1202 τὴν
1654 1128 1929 1201 παραλίαν

2033 1132 2168 1202 quid
2233 1132 2448 1190 cllicere
2498 1150 2829 1207 aggressus,
2906 1143 3001 1189 aut
3056 1150 3208 1189 oram
3273 1133 3619 1189 maritimam

330 1232 615 1294 κακῶσαι,
657 1231 736 1294 ὡς
777 1230 931 1283 οὐδὲν
965 1230 1152 1301 ἤνυεν,
1192 1228 1538 1282 ἀπέπλευσεν
1584 1223 1789 1289 οἴκαδε,
1836 1226 1929 1276 καὶ

328 1324 797 1396 ἀνθυποστρέψας
851 1323 1188 1394 Δίγίμουρον
1247 1322 1602 1393 ἐχειρώσατο.
1665 1316 1929 1381 Μανίλιος

326 1420 390 1471 δε
424 1419 656 1489 ὥρμησε
703 1418 802 1488 μὲν
847 1420 926 1480 είς
980 1420 1077 1487 τὴν
1129 1416 1415 1487 μεσόγειον
1446 1432 1461 1447 ο
1513 1413 1855 1484 κακούμενος
1880 1407 1926 1465 δ’

330 1512 445 1565 ὑπὸ
481 1511 803 1581 Ἰμίλκιιυνος
831 1510 925 1564 τοῦ
957 1511 1068 1564 τῶν
1115 1510 1505 1583 Καρχηδονίων
1535 1509 1835 1579 ἱππάρχου,
1866 1506 1926 1562 ὃν

330 1603 437 1654 καὶ
456 1601 671 1654 Φαόέαν
696 1600 808 1673 (55)
839 1601 1093 1664 ἐκάλουν,
1151 1600 1291 1672 πρὸς
1338 1599 1437 1670 τὴν
1465 1598 1795 1672 Καρχηδόνα
1827 1598 1927 1649 ἐπ-

330 1695 661 1766 ανελήλυθε.
719 1696 900 1748 Κάκεῖ
925 1694 979 1747 δέ
1019 1693 1217 1759 ἔξωθεν
1246 1694 1274 1745 ὁ
1331 1692 1686 1763 Ἀσδρούϐας,
1716 1689 1925 1744 ἔνδοθεν

330 1790 382 1842 δ’
420 1789 733 1853 ἐπεξιόντες
771 1788 822 1842 οἱ
864 1790 923 1841 ἐν
961 1790 1025 1859 τῇ
1063 1787 1239 1853 πόλει,
1270 1788 1364 1842 καὶ
1401 1786 1619 1856 νύκτωρ
1664 1787 1759 1840 καί
1803 1785 1923 1856 μεθ’

330 1883 557 1951 ἡμέραν
607 1881 772 1934 αὐτὸν
833 1880 1088 1936 ἐκάκουν.
1152 1881 1688 1951 Καταφρονήσαντες
1736 1875 1830 1933 οῦν
1873 1879 1920 1932 oi

330 1974 705 2043 Καρχηδόνιοι
738 1973 833 2025 καὶ
872 1974 1032 2045 μέχρι
1060 1974 1155 2026 τοῦ
1192 1973 1560 2044 στρατοπέδου
1610 1972 1791 2026 αὐτῶν
1824 1973 1923 2024 ἐπ-

328 2066 528 2135 ῆλθον,
589 2068 684 2120 καὶ
731 2067 960 2135 συχνοὺς
1014 2065 1384 2130 ἀποϐαλόντες
1443 2065 1655 2127 (ἄοπλοι
1700 2065 1812 2137 γὰρ
1870 2066 1918 2118 οἱ

332 2160 562 2223 πλείους
594 2155 761 2228 ἦσαν)
795 2161 874 2224 είς
914 2160 976 2212 τὸ
1010 2162 1192 2229 τεῖχος
1232 2154 1392 2223 αὖθις
1434 2158 1917 2227 συνεκλείσθησαν.
1958 2200 2001 2253 Β

346 2248 413 2299 Ὀ
444 2247 501 2300 δὲ
554 2248 812 2311 Μανίλιος
866 2248 945 2319 τῷ
1015 2249 1316 2320 Ἀσδρούϐα
1367 2250 1637 2320 συμμίξαι
1691 2251 1926 2318 μάλιστα

333 2338 539 2401 εἵλετο,
599 2340 693 2393 καὶ
740 2340 789 2392 εί
839 2341 1047 2393 ἐκεῖνον
1102 2341 1316 2411 νικήσει
1383 2342 1514 2413 ῥᾷον
1551 2344 1667 2405 τοῖς
1718 2340 1930 2404 λοιποῖς

336 2427 829 2496 προσπολεμήσειν
862 2428 1104 2497 ἐνόμιζε,
1159 2431 1255 2484 καί
1311 2431 1361 2484 οἱ
1420 2431 1745 2502 προσέμιξε.
1784 2430 1931 2501 Πρὸς

333 2519 399 2571 δέ
431 2536 483 2572 τι
516 2521 778 2590 φρούριον
814 2523 1193 2593 ἀναχωροῦντι
1234 2523 1705 2594 ἐπακολουθήσας,
1740 2523 1930 2577 ἔλαθεν

337 2611 477 2664 είεω
507 2611 691 2681 χώρας
720 2612 979 2683 τραχείας
1012 2615 1108 2668 καὶ
1131 2617 1462 2686 στενοπόρου
1489 2616 1799 2687 γενόμενος,
1833 2615 1930 2671 καὶ

337 2704 534 2767 δεινῶς
572 2705 848 2777 ἐκακώθη.
893 2708 1003 2760 Καὶ
1046 2709 1277 2762 πανσυδὶ
1318 2709 1385 2763 ἂν
1438 2710 1727 2780 διεφθάρη,
1765 2711 1815 2763 εἰ
1852 2706 1928 2780 μῆ

341 2796 593 2850 Σκιπίων
620 2801 648 2852 ὁ
675 2799 770 2852 τοῦ
816 2801 1148 2872 ’Λφρικανοῦ
1184 2802 1605 2873 χρησιμώτατος
1632 2803 1784 2873 αύτῷ
1809 2804 1929 2871 ἐγέ-

341 2908 490 2955 νετο,
522 2892 663 2961 ἀνὴρ
693 2891 913 2962 ἄριστος
948 2894 1047 2964 μὲν
1077 2894 1270 2963 νοῆσαι
1298 2895 1395 2948 καὶ
1426 2895 1827 2964 προϐουλεῦσαι
1861 2897 1929 2950 τὰ

342 2984 640 3052 κρὰτπτα,
664 2984 887 3052 ἀριστος
907 2984 964 3038 δέ
999 2987 1393 3056 χειρουργῆσαι
1423 2987 1538 3058 (καὶ
1571 2988 1678 3058 γὰρ
1712 2988 1789 3058 τῷ
1820 2987 1924 3041 σώο

345 3090 483 3140 ρατι
506 3073 759 3145 ἔρρωτο),
793 3077 1044 3148 ἐπιεικής
1076 3093 1133 3130 τε
1169 3078 1266 3131 καὶ
1296 3079 1523 3150 μέτριος
1551 3075 1640 3150 ἦν,
1671 3080 1739 3134 δι’
1769 3082 1806 3137 ἃ
1834 3085 1931 3138 καὶ

341 3166 438 3218 τὸν
463 3166 656 3235 φθόνον
685 3167 973 3236 ἐξέφυγεν.
1012 3172 1154 3234 ’Ὶσος
1197 3171 1298 3240 μὲν
1321 3171 1430 3242 γὰρ
1453 3175 1566 3236 τοῖς
1603 3172 1929 3229 ὑποδεεστέ-

342 3277 485 3328 ροις,
521 3259 620 3313 ούκ
650 3261 889 3331 ἀμείνων
912 3263 968 3316 δέ
995 3263 1104 3316 τῶν
1138 3265 1415 3335 ὁμοτίμων
1442 3266 1766 3339 (ἐχιλιάρχει
1798 3269 1928 3343 γὰρ)

339 3350 730 3423 ἀσθενέστερος
758 3352 814 3406 δὲ
861 3353 971 3406 τῶν
1024 3354 1286 3423 μειζόνων
1335 3354 1491 3425 ἠξίου
1544 3355 1704 3413 εἶναι.
1749 3359 1806 3414 ’0
1836 3357 1931 3415 οῦν

341 3443 609 3507 Μανίλιος
672 3447 764 3499 καὶ.
812 3440 936 3499 εἷπε
991 3447 1058 3500 τὰ
1119 3449 1250 3518 περὶ
1296 3449 1486 3513 αὑτοῦ,
1520 3453 1613 3505 καὶ
1650 3452 1929 3507 ἐπέστειλε

2034 1239 2252 1290 vexare,
2301 1240 2428 1280 cum
2476 1240 2562 1280 res
2595 1241 2700 1281 non
2734 1225 3096 1289 succederet,
3147 1225 3371 1280 domum
3424 1239 3627 1280 versus

2032 1316 2190 1385 abiit,
2227 1333 2509 1388 cursuque
2534 1333 2804 1375 converso
2834 1318 3183 1390 {Egimurum
3223 1317 3463 1387 subegit.
3511 1316 3624 1370 Ma—

2031 1411 2200 1467 nilius
2236 1411 2291 1465 in
2319 1411 2724 1467 mediterranea
2760 1413 3065 1482 profectus,
3100 1425 3224 1466 cum
3255 1410 3325 1466 ab
3359 1409 3623 1464 llimilco-

2030 1516 2122 1567 ne,
2157 1501 2262 1571 ἰιιιί
2311 1502 2479 1557 etiam
2516 1501 2727 1557 Fabeas
2780 1500 3095 1567 dicebatur,
3139 1498 3620 1569 Carthaginiensis

2030 1594 2317 1664 equitatus
2349 1594 2611 1664 przefccto
2647 1594 3053 1659 lacesseretur,
3101 1590 3493 1661 Carthaginem
3532 1605 3622 1645 re-

2030 1687 2153 1742 diit.
2208 1687 2315 1743 Sed
2361 1687 2438 1742 ibi
2489 1702 2715 1758 quoque
2758 1689 2896 1743 foris
2950 1686 3020 1741 ab
3072 1684 3424 1747 Asdrubale,
3472 1683 3622 1740 intus

2030 1780 2327 1851 eruptione
2377 1781 2583 1837 civium
2640 1790 2810 1837 noctu
2853 1790 2911 1837 et
2964 1779 3212 1836 interdiu
3261 1778 3616 1850 fatigabatur.

2029 1872 2219 1942 Itaque
2244 1872 2734 1944 Carthaginienses
2767 1888 2868 1945 per
2903 1883 3286 1943 contemptum
3330 1886 3507 1940 usque
3547 1871 3624 1927 ad

2030 1976 2209 2025 castra
2243 1980 2675 2040 processerunt,
2709 1985 2774 2026 ac
2803 1971 2994 2026 multis
3028 1969 3249 2025 amissis
3274 1968 3423 2041 (nam
3451 1966 3621 2038 pleri-

2028 2078 2138 2133 que
2185 2062 2429 2118 inermes
2468 2064 2653 2133 erant)
2691 2079 2890 2120 rursus
2918 2065 2974 2119 in
2998 2063 3199 2119 mmuia
3229 2071 3362 2117 sunt
3392 2059 3622 2116 concina-

2028 2155 2094 2209 si.
2129 2154 2389 2210 Manilius
2408 2171 2543 2210 vero
2578 2157 2622 2210 si
2653 2156 3019 2212 Asdruba‘lem
3053 2155 3300 2215 vicisset.
3334 2162 3537 2209 caetera
3562 2152 3627 2209 in

2034 2248 2266 2319 proclivi
2320 2249 2439 2304 fore
2478 2258 2652 2314 ratus,
2701 2252 2757 2303 in
2815 2250 3008 2319 primis
3047 2264 3271 2320 operam
3323 2246 3502 2310 dedit,
3558 2253 3627 2302 ut

2032 2357 2156 2398 cum
2202 2358 2270 2399 eo
2311 2342 2766 2415 congrederetur,
2806 2343 3060 2414 factaque
3097 2343 3377 2414 pugnandi
3418 2341 3616 2412 copia,

2033 2434 2382 2492 recedentem
2419 2436 2474 2490 in
2514 2435 2797 2491 castellum
2844 2434 3123 2506 quoddam
3179 2442 3623 2504 persecuturus,

2033 2542 2134 2598 per
2170 2527 2600 2599 imprudentiam
2650 2528 2702 2582 in
2734 2527 2917 2582 locum
2945 2540 3203 2597 asperum
3229 2531 3287 2579 et
3318 2532 3614 2593 angustum

2034 2619 2326 2689 delapsus,
2361 2619 2609 2690 graviter
2649 2618 2920 2689 impegit:
2957 2633 3022 2672 ac
3058 2632 3183 2672 cum
3218 2624 3337 2671 toto
3365 2612 3615 2669 exercitu

2033 2710 2307 2780 periisset,
2340 2710 2394 2764 ni
2427 2709 2614 2780 Scipio
2641 2706 2884 2764 Africani
2916 2708 3062 2764 ﬁlius
3087 2716 3366 2762 strenuam
3390 2718 3615 2773 operam

2033 2800 2083 2854 ei
2108 2810 2383 2866 navasset,
2406 2802 2494 2855 vir
2521 2800 2810 2871 praesentis
2830 2801 3019 2867 animi,
3043 2799 3348 2869 optimique
3369 2794 3613 2858 consilii,

2033 2903 2090 2948 et
2127 2909 2294 2948 manu
2338 2895 2787 2964 promptissimus
2820 2899 2964 2965 (erat
2992 2893 3141 2947 enim
3179 2889 3411 2946 robusto
3441 2888 3617 2944 etiam

2034 2984 2315 3058 corpore),
2347 2987 2609 3056 equitate
2640 2994 2825 3041 autem
2861 2982 3247 3053 modestiaque
3278 2994 3496 3035 morum
3524 2978 3619 3033 in-

2033 3078 2239 3134 vidiam
2277 3077 2494 3149 eﬂ‘ugit.
2527 3078 2665 3134 Nam
2709 3093 2835 3132 cum
2868 3076 3130 3131 tribunus
3162 3074 3397 3130 militum
3440 3078 3615 3136 esset,-

2035 3168 2396 3225 inferioribus
2443 3185 2566 3240 par,
2616 3167 2848 3239 paribus
2889 3181 3000 3221 non
3045 3165 3266 3230 melior,
3310 3161 3619 3234 majoribus

2034 3263 2309 3318 inﬁrmior
2337 3278 2458 3320 esse
2497 3262 2739 3318 volebat.
2774 3261 3032 3316 Manilius
3068 3259 3236 3331 igitur
3262 3258 3332 3314 de
3352 3273 3422 3313 eo
3450 3265 3507 3312 et
3529 3256 3614 3311 lo-

2033 3368 2196 3413 cutus
2227 3368 2331 3420 est,
2362 3365 2419 3411 et
2463 3358 2692 3413 Romam
2726 3354 2970 3425 scripsit,
3022 3354 3169 3409 nulla
3203 3367 3265 3409 re
3297 3351 3614 3409 dissimula-

2037 3458 2126 3505 ta:
2158 3459 2325 3521 alque
2354 3449 2501 3505 inter
2520 3458 2716 3505 caetera
2742 3448 2813 3504 de
2857 3446 3140 3503 Masinissa
3165 3460 3410 3518 quoque,
3433 3455 3487 3500 et
3510 3444 3614 3499 Fa-

341 3536 458 3596 τοῖς
492 3534 553 3587 ἐν
582 3538 647 3605 τῇ
680 3536 894 3608 Ῥώμῃ,
934 3539 1009 3608 μή
1036 3554 1091 3590 τι
1122 3538 1603 3609 ἀποκρυψάμενος,
1638 3543 1730 3596 καὶ
1760 3543 1928 3597 τᾶλλα

2032 3539 2156 3607 bea,
2196 3556 2319 3610 quae
2367 3540 2440 3593 ita
2495 3554 2555 3595 se
2594 3538 2895 3594 habebant.
2936 3537 3250 3593 Massinissa
3281 3536 3613 3597 moriturus.

341 3626 442 3677 καὶ
470 3628 541 3676 τὶ
586 3626 730 3679 κατὰ
761 3628 1107 3681 Μασινίσσαν
1148 3630 1244 3682 καὶ
1278 3631 1372 3684 τὸν
1416 3631 1653 3699 Φαϐέαν,
1697 3633 1733 3688 ἃ
1768 3633 1929 3706 ἔσχον

341 3715 542 3781 οὕτως.
575 3719 838 3788 Θνήσκων
905 3723 933 3774 ό
979 3721 1324 3787 Μασινίσσας
1368 3724 1563 3794 ἠπόρει
1606 3726 1753 3789 ὅπως
1801 3728 1928 3801 περὶ

342 3809 445 3875 τῆς
479 3809 758 3879 βασιλείας
807 3812 1086 3881 διάθηται,
1132 3814 1221 3868 διὰ
1271 3816 1332 3869 τὸ
1380 3816 1492 3869 τῶν
1540 3818 1699 3871 υἱέων
1725 3820 1929 3889 πλῆθος

345 3906 444 3959 καὶ
470 3907 528 3958 τὸ
575 3907 830 3976 διάφορον
861 3907 954 3961 τοῦ
990 3909 1130 3963 κατὰ
1159 3911 1258 3974 τὰς
1305 3911 1552 3983 μητέρας
1593 3914 1782 3981 γένους
1827 3917 1927 3970 αὖ·

344 4002 479 4056 τῶν.
528 4002 620 4054 Διὸ
662 4002 799 4070 πρὸς
842 4002 1175 4073 συμϐουλίαν
1212 4005 1301 4058 τὸν
1335 4006 1612 4060 Σκιπίωνα
1651 4010 1930 4080 μετεπέμ-

346 4092 508 4160 ψατο,
545 4092 605 4145 ὃν
662 4093 691 4145 ὁ
743 4091 949 4156 ῦπατος
995 4093 1250 4149 ἔστειλεν.
1332 4095 1476 4150 Ἀλλ’
1510 4099 1538 4151 ό
1585 4101 1930 4163 Μασινίσσας

348 4186 482 4256 πρὶν
525 4186 700 4240 ἐλθεῖν
729 4187 822 4240 τὸν
858 4187 1136 4242 Σκιπίωνα
1159 4187 1452 4254 ἐκλείπων,
1481 4190 1574 4243 τὸν
1602 4190 1699 4260 μὲν
1728 4192 1928 4245 δακτύ-

342 4283 461 4336 λιον
487 4281 566 4350 τῷ
600 4281 816 4353 Μικίψα
845 4282 922 4350 τῷ
953 4282 1053 4353 υίῷ
1078 4282 1270 4347 ἔδωκε,
1303 4284 1371 4337 τὰ
1398 4284 1443 4338 δ’
1487 4285 1623 4339 ἄλλα
1657 4286 1833 4339 πάντα
1862 4287 1929 4340 τὰ

344 4378 415 4445 τῇ
439 4375 579 4444 ἀρχῇ
612 4376 958 4446 προσήκοντα
988 4374 1066 4446 τῷ
1097 4375 1364 4429 Σκιπίωνι
1391 4376 1521 4445 ἄρτι
1548 4376 1756 4431 ἐλθόντι
1782 4395 1929 4448 παρ-

344 4467 507 4537 έσχεν
538 4464 643 4519 κατ
660 4465 984 4520 ἐνετείλατο.
1017 4466 1077 4519 Ὅ
1139 4462 1232 4520 οὖν
1268 4467 1533 4533 Σκιπίων,
1584 4470 1929 4540 κατανοήσας

343 4559 445 4617 τὰς
481 4557 832 4628 προαιρέσεις
859 4558 967 4612 τῶν
1002 4557 1165 4612 υἱέων
1183 4559 1372 4622 αὐτοῦ,
1407 4560 1583 4614 οὐδενὶ
1617 4559 1717 4630 μὲν
1747 4561 1928 4615 αὐτῶν

350 4651 502 4720 μόνω
529 4651 628 4719 τὴν
661 4650 941 4720 βασιλείαν
971 4651 1235 4722 ἀπένειμε
1254 4670 1266 4684 ·
1292 4653 1462 4723 τριῶν
1488 4653 1545 4707 δὲ
1577 4653 1685 4706 τῶν
1717 4654 1928 4721 ἐλλογι-

353 4745 624 4814 μωτάτων
663 4743 853 4808 ὄντων,
888 4742 1267 4828 πρεσϐυτάτου
1305 4745 1403 4814 μὲν
1439 4745 1701 4815 Μικίψου,
1731 4748 1929 4803 νεωτά-

345 4852 442 4887 του
474 4834 829 4902 Γουλούσσου,
860 4834 1027 4906 μέσου
1053 4835 1108 4888 δὲ
1143 4836 1510 4891 Μαστανάϐου
1544 4838 1682 4911 (54),
1718 4839 1928 4905 τούτοις

347 4929 420 4982 τά
454 4928 777 4998 πράγματα,
833 4929 1237 4999 μεμερισμένος
1263 4928 1469 4998 μέντοι,
1496 4932 1802 5001 κατένειμε.
1836 4934 1928 5005 Τῷ

351 5021 456 5091 μὲν
490 5021 594 5091 γάρ
625 5022 990 5091 πρεσϐυτάτῳ
1023 5024 1369 5092 χρηματιστῇ
1403 5039 1462 5075 τε
1494 5023 1608 5074 ὄντι
1650 5024 1742 5076 καὶ
1777 5024 1929 5092 φιλο-

350 5112 573 5193 πλούτιρ
602 5113 700 5175 τὴν
734 5113 1006 5182 διοίκησιν
1050 5112 1348 5183 ἐνεχείρισε
1378 5130 1390 5142 ·
1420 5112 1499 5183 τῷ
1528 5114 1585 5167 δὲ
1620 5114 1739 5184 μετ’
1770 5115 1930 5168 αὐτὸν

347 5206 452 5267 τὰς
478 5206 744 5276 διαφορὰς
767 5207 978 5277 κρίνειν
1005 5203 1296 5276 ἐπέτρεψε,
1325 5204 1554 5276 δικαστῇ
1588 5205 1700 5259 ὄντι
1732 5219 1747 5234 ’
1773 5206 1849 5277 τῷ
1876 5207 1931 5260 δὲ

348 5298 666 5370 Γουλούσσᾳ
702 5296 985 5368 πολεμικῴ
1014 5297 1338 5368 τυγχάνοντι
1371 5299 1469 5361 τὰς
1492 5298 1746 5370 δυνάμεις
1784 5318 1927 5371 παρ-

348 5392 543 5446 έδωκε.
577 5393 702 5457 Τοῖς
745 5392 790 5445 δ’
821 5391 1073 5460 ἀδελφοῖς
1116 5391 1296 5445 αὐτῶν
1346 5392 1557 5457 πολλοῖς
1599 5393 1931 5478 οῦσιῆπόλεις

2031 3629 2165 3701 quid
2200 3631 2267 3686 de
2300 3645 2468 3701 regno
2501 3638 2793 3694 statueret,
2836 3629 2909 3684 ob
2946 3628 3110 3701 465
3150 3627 3394 3682 filiorum
3430 3627 3616 3681 multi-

2035 3722 2281 3776 tudinem
2332 3738 2399 3777 ex
2452 3721 2689 3777 diversa:
2736 3719 3073 3776 conditionis
3106 3719 3433 3774 mulieribus
3486 3732 3614 3773 sus-

2034 3822 2325 3884 ceptorum
2391 3813 2689 3879 dubitans,
2735 3812 3049 3882 Scipionem
3091 3811 3311 3867 consilii
3357 3807 3614 3880 capiendi

2033 3922 2197 3963 causa
2232 3905 2540 3961 accersivit.
2585 3904 2758 3987 Quem
2814 3919 2941 3967 eum
2997 3904 3238 3959 misisset
3286 3903 3614 3968 cos.,Masi-

2032 4001 2185 4054 nissa
2226 4007 2353 4053 ante
2401 3998 2697 4053 adventum
2741 3999 2862 4068 ejus
2918 3996 3324 4061 moribundus,
3374 3996 3614 4067 Micipsa:

2032 4091 2148 4146 lilio
2175 4089 2440 4145 annulum
2462 4088 2694 4144 dederat
2722 4107 2735 4144 :
2762 4097 2972 4145 extera
3005 4102 3137 4143 vero
3163 4089 3347 4143 omnia
3381 4103 3504 4158 qua:
3545 4087 3613 4142 ad

2034 4200 2263 4255 regnum
2323 4183 2696 4253 pertinebant,
2746 4181 3015 4251 Scipioni,
3056 4196 3181 4236 cum
3225 4181 3464 4251 primum
3521 4195 3619 4235 ve-

2030 4277 2229 4340 nisset,
2280 4272 2708 4328 commendavit.
2765 4273 2814 4327 ls
2856 4286 2990 4326 vero
3025 4271 3432 4326 animadversis
3472 4271 3617 4325 lilio-

2034 4384 2155 4425 rum
2185 4369 2307 4439 ejus
2332 4367 2588 4438 ingeniis,
2618 4365 2757 4420 nulli
2804 4365 2897 4419 uni
2924 4379 3151 4434 regnum
3182 4363 3438 4418 attribuit
3469 4381 3485 4418 :
3517 4364 3615 4419 sed

2031 4477 2158 4517 cum
2204 4470 2317 4514 tres
2359 4473 2425 4513 ex
2474 4458 2542 4512 iis
2597 4457 2860 4528 praecipui
2902 4464 3093 4510 essent
3121 4494 3135 4515 .
3182 4453 3410 4525 Micipsa
3482 4463 3615 4510 natu

2034 4553 2330 4617 maximus,
2365 4550 2601 4606 Gulussa
2636 4548 2921 4612 minimus,
2957 4545 3174 4602 medius
3219 4546 3612 4604 Mastanavus:

2034 4648 2180 4703 inter
2208 4659 2303 4700 eos
2335 4656 2521 4697 rerum
2561 4638 3102 4696 administrationem
3132 4639 3401 4694 trifariam
3436 4640 3612 4712 parti-

2035 4751 2143 4802 tus,
2195 4748 2323 4793 natu
2354 4735 2594 4790 maximo
2632 4746 2800 4787 avaro
2830 4737 2888 4786 et
2911 4732 3162 4801 pecuniae
3198 4733 3404 4788 amanti
3436 4734 3611 4789 vecti-

2032 4830 2235 4903 galium
2274 4825 2601 4882 tractatione
2638 4822 2896 4877 mandata
2953 4840 2968 4874 :
3015 4822 3272 4892 proximo
3312 4832 3433 4894 post
3483 4840 3610 4879 eum

2035 4922 2380 4995 disceptandi
2421 4917 2831 4975 controversias
2870 4931 3100 4971 munere
3139 4919 3451 4987 assignato,
3500 4919 3619 4975 Gu-

2029 5021 2193 5076 lussae
2227 5013 2441 5072 homini
2474 5010 2742 5066 bellicoso
2772 5008 3053 5063 exercitus
3075 5008 3324 5064 tradidit.
3364 5010 3613 5080 Reliquis

2028 5109 2328 5172 fratribus,
2384 5103 2477 5175 qui
2543 5100 2703 5156 multi
2734 5110 2938 5165 erant,
3001 5098 3167 5154 urbes
3219 5100 3487 5171 quasdam
3556 5109 3613 5156 et

2030 5203 2230 5275 prazdia
2275 5197 2485 5262 divisit,
2525 5194 2818 5251 Gulussam
2861 5207 2996 5247 vero
3032 5192 3098 5246 ad
3152 5193 3435 5247 consulem
3484 5206 3612 5262 per-

2028 5296 2205 5350 duxit.
2236 5293 2351 5348 Sub
2376 5290 2525 5345 veris
2554 5287 2773 5342 initium
2802 5284 3342 5356 Carthaginiensium
3374 5283 3581 5338 foedera

2031 5401 2116 5445 tos
2163 5386 2430 5459 aggressi,
2476 5383 2679 5438 multos
2721 5379 2801 5445 vi,
2846 5380 3054 5435 multos
3097 5378 3371 5450 pactione,
3420 5374 3608 5441 Scipio

1567 5513 1770 5574 Variae
1810 5510 2117 5574 lectiones
2141 5514 2201 5567 et
2235 5514 2424 5568 notae.

424 5614 540 5685 (53)
573 5613 827 5670 Φαόἐαν.
858 5613 1105 5685 Φαμέαν,
1138 5629 1267 5672 mss.
1307 5617 1438 5685 Reg.
1474 5626 1532 5670 ct
1571 5614 1813 5671 Colbert.

426 5684 540 5753 (Si)
577 5684 1000 5741 Μαστανὰὄου.
1050 5684 1127 5738 lla
1181 5684 1529 5755 reposuimus
1581 5703 1646 5740 ex
1693 5687 1826 5754 Reg.
1865 5695 1922 5741 et

349 5757 596 5816 Colbert.
632 5756 911 5828 quomodo
941 5755 1246 5825 appellatur
1272 5756 1340 5811 ab
1391 5756 1638 5824 Appiano
1689 5756 1921 5812 Wolﬁus

2030 5610 2425 5679 lliaorava'tpou
2480 5606 2741 5679 ediderat
2783 5621 2801 5679 :_
2846 5601 3051 5679 quem?
3079 5612 3323 5679 errorem
3385 5594 3604 5652 viderat

2031 5671 2588 5737 llcnricus'Valesius
2614 5675 2678 5729 ad
2708 5672 2919 5739 Polybii
2957 5671 3247 5739 Excerpta.
