3902 6202
475 244 575 308 791

1783 245 2107 305 JOANNIS
2147 247 2469 307 ZONAB/E
3544 265 3628 324 '19.:

481 359 812 427 prmscrtim,
855 357 1217 427 subegerunt.
1252 357 1317 412 Ut
1345 372 1476 410 vero
1516 355 1723 410 Fabcas
1753 353 2056 424 desperatis

2163 356 2312 413 τινας
2343 357 2436 408 καὶ
2457 355 2641 426 χώρας
2673 355 2880 426 ἔνειμε.
2919 360 3028 412 Καὶ
3056 359 3140 413 τὶν
3168 362 3464 419 Γουλούσσαν
3493 386 3635 439 παρα.

469 449 1012 521 Carthaginiensium
1043 448 1210 503 rebus
1276 447 1344 501 ad
1403 448 1680 500 Romanos
1731 445 2043 507 inclinans,

469 561 594 598 eum
625 543 892 613 Scipione
912 542 1219 596 collocutus
1242 549 1327 595 est
1363 555 1380 593 :
1412 549 1527 592 tum
1556 552 1688 592 vero
1730 551 1923 590 omnes
1959 551 2048 588 ar-

472 637 578 689 mis
608 637 662 688 in
687 633 1056 688 Asdrubalem
1088 632 1396 695 conversis,
1430 645 1554 686 cum
1587 645 1686 700 per
1717 629 1837 682 dies
1861 628 2049 698 plures

467 722 752 777 castellum
796 729 1225 790 oppugnassent,
1251 730 1559 774 commeatu
1596 719 1882 781 destituti,
1913 717 2051 771 citra

468 816 708 870 dedecus
726 824 1097 867 recesserunt.
1119 814 1254 866 Nam
1275 814 1510 868 durante
1531 813 1712 868 adhuc
1735 811 2049 873 obsidione,

471 907 679 962 Fabeas
699 907 957 960 hostilem
983 906 1034 959 in
1066 905 1289 959 modum
1313 921 1408 960 eos
1429 921 1716 976 aggressus
1741 906 1794 958 in
1819 904 1934 974 ipsa
1955 917 2056 972 pu-

469 1013 576 1068 gna
598 1013 720 1052 cum
745 999 954 1067 aliquot
979 998 1261 1067 equitibus
1282 999 1348 1052 ad
1369 998 1644 1052 Romanos
1665 997 1901 1052 transiit.
1923 995 2055 1049 Inde

475 1091 734 1144 Manilius
779 1089 990 1144 Uticam
1024 1091 1306 1158 profectus
1346 1090 1578 1160 quievit.
1636 1089 1822 1158 Scipio
1858 1086 2054 1141 'Fabea

472 1184 700 1239 Romam
734 1183 998 1252 perduelo
1041 1183 1298 1239 laudatus
1320 1193 1447 1238 est:
1485 1193 1540 1237 et
1570 1183 1614 1239 is
1654 1183 1828 1238 honos
1863 1181 2056 1236 Fabete

473 1275 713 1339 habitus,
739 1285 794 1330 ut
822 1276 873 1330 in
906 1291 1226 1330 consessum
1252 1289 1281 1328 a
1301 1284 1494 1329 senatu
1523 1274 1885 1343 reciperetur.

2157 443 2340 497 λαϐὼν
2382 445 2521 514 πρὸς
2565 448 2656 498 τὸν
2680 444 2886 499 ὕπατον
2910 449 3132 521 ᾗγαγεν.
3175 452 3229 504 ’Δ
3240 457 3470 524 ρχομένου
3493 459 3540 512 δὲ
3565 464 3639 517 τοῦ

2158 535 2318 608 ἔαρος
2355 539 2448 592 ἐπὶ
2468 539 2594 602 τοὺς
2623 541 2732 594 τῶν
2771 543 3148 613 Καρχηδονίων
3177 563 3463 624 συμμαχους
3491 558 3643 629 ὲστρά.

2159 647 2376 693 τευσαν,
2433 631 2528 683 καὶ
2590 630 2820 695 πολλοὺς
2858 633 2956 701 μὲν
3002 637 3176 690 αὐτῶν
3221 640 3321 712 βίᾳ,
3373 645 3564 710 πολλοὺς
3600 651 3644 704 δὲ

2155 717 2438 787 ὁμολογίᾳ,
2481 720 2576 773 καὶ
2629 721 2866 791 μάλιστα
2905 727 2932 778 ὁ
2973 727 3226 794 Σκιπίων,
3274 739 3643 808 παρεστήσαντο.

2169 810 2259 874 Ὣς
2291 810 2347 864 δὲ
2382 811 2592 875 Φαϐέας
2624 815 2897 884 ἀπογνοὺς
2925 819 2992 871 τὰ
3033 820 3139 872 τῶν
3167 823 3512 894 Καρχηδονίων
3545 833 3647 901 πρὶς

2158 903 2285 963 τοὺς
2325 903 2631 973 Ῥωμαίους
2678 907 2964 974 ἀπέκλινε,
3009 913 3102 968 καὶ
3143 915 3217 977 είς
3250 915 3420 982 λόγους
3450 920 3514 989 τῷ
3551 922 3649 973 Ext-

2162 995 2324 1050 πίωνι
2357 991 2485 1067 ἦλθε
2518 1015 2533 1030 ·
2564 998 2686 1052 τότε
2719 1001 2812 1053 καὶ
2857 1003 2949 1055 ἐπὶ
2994 1005 3084 1056 τὸν
3137 1007 3441 1077 Ἀσδρούϐαν
3465 1012 3650 1076 ἅπαντες

2162 1085 2451 1157 ὥρμησαν,
2489 1091 2582 1142 καὶ
2614 1094 2956 1163 προσέμιξαν
2993 1097 3092 1166 μὲν
3123 1098 3197 1168 τῷ
3224 1103 3446 1172 φρουρίῳ
3483 1109 3652 1174 συχναῖς

2161 1178 2399 1248 ἡμέραις
2431 1195 2444 1211 ³
2489 1183 2856 1240 ἐπιλιπόντων
2897 1187 2952 1240 δὲ
3004 1189 3196 1254 αὐτοὺς
3226 1192 3372 1258 αὖθις
3413 1195 3503 1248 τῶν
3527 1198 3652 1264 ἀναγο

2163 1271 2335 1323 καίων
2359 1273 2713 1344 ἀνεχώρησαν
2737 1278 3049 1348 εὐπρεπῶς.
3085 1285 3381 1354 Προσέϐαλε
3404 1289 3497 1357 γὰρ
3519 1290 3654 1352 αὐτοῖς

473 1372 500 1418 ὁ
529 1368 739 1433 Φαϐέας
771 1369 1229 1439 προσεδρεύουσιν
1263 1369 1342 1421 ἔτι
1385 1369 1462 1432 ὡς
1509 1368 1863 1434 πολεμήσων,
1913 1364 2008 1418 καὶ
2073 1363 2100 1414 ὲ
2169 1361 2249 1432 τῷ
2281 1363 2428 1437 ἔργῳ
2452 1369 2570 1436 μεθ’
2599 1371 2812 1424 ίππέων
2845 1373 3008 1426 τινών
3033 1375 3380 1446 ηὐτομόλησε.
3411 1380 3654 1433 navatae

475 1462 742 1524 Μανίλιος
785 1463 884 1530 μὲν
916 1463 995 1523 είς
1025 1466 1122 1531 τὴν
1165 1462 1404 1530 Οὑτικὴν
1437 1460 1607 1515 ἐλθὼν
1633 1457 1896 1532 ἡσύχαζε,
1937 1456 2182 1510 Σκιπίων
2217 1455 2274 1510 δὲ
2311 1459 2403 1510 τὸν
2465 1461 2678 1514 Φαϐέαν
2742 1465 2822 1526 είς
2869 1469 2969 1535 την
3026 1465 3244 1539 Ῥώμην
3290 1472 3540 1542 ἀνήγαγε,
3589 1473 3658 1526 καὶ

473 1554 638 1616 αὑτός
671 1571 729 1606 τε
763 1557 1020 1625 ἐπῃνεῖτο
1050 1555 1148 1608 καὶ
1180 1557 1207 1608 ὁ
1236 1555 1450 1618 Φαϐέας
1469 1557 1750 1626 τετίμητο,
1796 1553 1938 1607 ὥστε
1974 1551 2064 1604 καὶ
2098 1551 2155 1602 ὲν
2181 1549 2260 1622 τῷ
2291 1551 2660 1627 βουλευτηρίῳ
2700 1557 3077 1629 συγκαθῆσθαι
3103 1567 3169 1633 τῇ
3204 1566 3462 1635 γερουσίᾳ.

544 1649 780 1706 XXVI”.
824 1651 960 1702 Tum
1002 1650 1222 1704 Prusias
1249 1691 1262 1712 ,
1315 1651 1481 1704 homo
1529 1664 1698 1706 senex
1746 1657 1804 1702 et
1847 1646 2056 1716 asperis

544 1744 720 1770 --ειη-η
795 1743 1002 1770 ...ι-ἷιιιη
1056 1760 1122 1770 ..Α
1157 1743 1372 1770 ι);ι1.....τ
1410 1759 1468 1770 ..Α
1495 1745 1669 1770 Azan-ﬁ
1701 1739 2050 1770 Μῖηη-ιηιιι-Ιη-ιη

2236 1644 2372 1700 κη’.
2410 1648 2544 1701 Τότε
2572 1649 2627 1701 δὲ
2657 1650 2959 1722 συνηνέχθη
3023 1656 3118 1705 καὶ
3151 1655 3216 1707 τὰ
3246 1656 3378 1709 κατὰ
3418 1657 3496 1708 τὸν
3521 1659 3658 1726 Πρου’

2163 1739 2281 1770 οτι-ιι
2333 1740 2390 1770 Ἀρ
2416 1741 2597 1770 ..ι-.....
2622 1742 2696 1770 ﬂ...
2715 1744 2803 1770 ...Α
2833 1745 2961 1770 _-3.-
2980 1745 3215 1770 --ι...--.-
3245 1747 3439 1770 _____!.-
3475 1749 3653 1770 :__£,!n_

476 1744 742 1810 moribUs,
795 1743 1004 1796 veritus
1055 1760 1123 1797 ne
1157 1743 1373 1814 Bithyni
1410 1759 1470 1798 se
1493 1745 1670 1814 ejecto
1701 1739 2051 1797 Nicomedem

478 1841 646 1894 lilium
683 1853 864 1908 regem
901 1845 1154 1891 crearent
1180 1875 1194 1898 ,
1231 1853 1356 1892 eum
1382 1853 1480 1907 per
1509 1851 1730 1891 causam
1762 1834 2054 1905 quamdam

476 1933 706 1987 Romam
738 1931 990 1993 missum,
1033 1929 1107 1984 ibi
1145 1929 1347 1999 degere
1377 1929 1563 2000 jussit.
1594 1927 1698 1983 Sed
1730 1943 1855 1983 cum
1889 1926 2054 1980 etiam

477 2025 662 2078 Romae
685 2031 934 2092 agentem
965 2036 1063 2090 per
1091 2021 1321 2076 insidias
1340 2020 1581 2074 occisum
1611 2019 1804 2074 vellet:
1838 2017 2055 2088 Bithyni

477 2115 702 2184 quidam
735 2116 1081 2170 Nicomedem
1109 2117 1248 2169 clam
1279 2115 1335 2167 in
1361 2112 1671 2182 Bithyniam
1704 2111 2055 2182 perductum,

479 2221 611 2262 sene
635 2207 845 2270 occiso,
870 2223 1054 2278 regem
1081 2207 1360 2261 dixerunt.
1390 2204 1515 2258 Haec
1538 2205 1836 2268 Romanos,
1865 2217 2058 2272 quam-

478 2298 562 2354 vis
583 2299 832 2362 molesta,
863 2315 971 2353 non
1003 2308 1184 2353 tamen
1207 2296 1273 2352 ad
1297 2297 1500 2351 bellum
1535 2295 1880 2350 inferendum
1909 2310 2059 2349 com-

481 2404 794 2448 moverunt.
844 2392 1148 2448 Andriscus
1177 2404 1308 2445 vero
1345 2379 1582 2460 quidam'
1605 2388 2056 2458 Adramyttenus,

480 2486 685 2541 Perseo
737 2485 913 2539 forma
962 2499 1074 2538 non
1114 2482 1423 2544 dissimilis,
1463 2481 1636 2537 ascito
1677 2480 1783 2535 sibi
1819 2479 2059 2550 Philippi

479 2578 728 2640 nomine,
757 2577 988 2645 ejusque
1016 2575 1186 2629 lilium
1220 2589 1340 2629 sese
1373 2573 1654 2634 dictitans,
1687 2571 1753 2626 ad
1790 2569 2059 2625 defectio-

479 2685 606 2724 nem
639 2669 911 2738 plurimos
963 2667 1202 2737 impulit.
1242 2667 1378 2722 Nam
1405 2665 1585 2736 primo
1613 2664 1850 2719 adventu
1885 2665 2056 2718 Mace-

478 2762 698 2816 doniam
725 2760 891 2832 566
913 2761 1132 2815 turbare
1159 2769 1408 2822 conatus,
1441 2774 1566 2813 cum
1597 2773 1627 2811 a
1654 2758 1872 2812 nemine
1896 2772 2059 2811 cura-

479 2862 653 2916 retur,
709 2852 764 2907 in
820 2851 1034 2922 Syriam
1085 2850 1153 2905 ad
1189 2850 1525 2906 Demetrium
1571 2865 1628 2904 se
1659 2849 1915 2912 contulit,
1963 2863 2058 2917 spe

479 2941 671 2996 auxilii
709 2949 933 3010 propter
971 2940 1356 3011 cognationem
1391 2940 1744 3010 impetrandi,
1777 2940 1848 2994 ab
1879 2955 2059 3008 eoque

2161 1739 2302 1804 σίαν,
2333 1740 2390 1803 ὃς
2416 1741 2597 1812 γέρων
2621 1742 2696 1795 ὢν
2715 1744 2809 1795 καὶ
2833 1745 2961 1807 τοὺς
2979 1745 3215 1814 τρόπους
3243 1747 3457 1817 τραχὺς,
3473 1749 3658 1819 ἐφοϐήθη

2159 1835 2286 1894 τοὺς
2323 1833 2605 1900 Βιθυνοὺς,
2641 1835 2717 1907 μὴ
2752 1837 2850 1905 τῆς
2885 1836 3172 1905 βασιλείας
3226 1839 3382 1893 αὐτὸν
3429 1841 3660 1904 ἐκϐάλωσι,

2161 1926 2254 1978 τὸν
2293 1926 2579 1998 Νικομήδη
2609 1929 2701 1982 τὶν
2753 1930 2868 1980 υίδν
2900 1930 3280 1999 ἀνθελόμενοι.
3311 1932 3413 1985 Καὶ
3440 1935 3557 1986 κατά
3576 1950 3664 1985 τινα

2163 2018 2440 2089 πρόφασιν
2492 2020 2742 2090 ἐπεμψεν
2783 2023 2864 2084 είς
2904 2023 3005 2092 τὴν
3068 2023 3287 2091 Ῥώμην
3338 2025 3501 2088 nam,
3541 2024 3660 2078 κάκεῖ

2161 2113 2370 2181 διάγειν
2392 2114 2696 2168 ἐκέλευσεν.
2733 2116 2823 2178 Ὠς
2862 2133 2920 2168 τε
2954 2118 3060 2169 κάν
3088 2119 3153 2187 τῇ
3184 2116 3363 2186 Ῥώμῃ
3393 2117 3665 2184 διαιτωμένῳ

2162 2204 2240 2274 τῷ
2293 2205 2392 2274 υἱῷ
2444 2206 2811 2260 ἐπεϐούλευσε
2855 2209 2949 2260 καὶ
3006 2208 3236 2262 ἔσπευδε
3288 2211 3477 2262 κτεῖναι
3524 2208 3664 2266 αὑτὸν.

2163 2293 2386 2348 Βιθυνοί
2435 2313 2602 2362 τινες,
2643 2298 2723 2360 είς
2760 2296 2980 2368 Ῥώμην
3029 2301 3413 2367 φοιτήσαντες,
3455 2299 3668 2368 ἐξήγαγον

2162 2385 2343 2456 λάθρα
2394 2386 2486 2440 τὸν
2517 2387 2841 2458 Νικομήδη·
2903 2389 3000 2444 καὶι
3044 2390 3102 2454 ἐς
3135 2389 3233 2461 τὴν
3271 2389 3502 2442 Βιθυνίαν
3549 2387 3666 2457 κομί·

2169 2493 2388 2542 σαντες,
2451 2476 2542 2530 τὸν
2599 2479 2700 2547 μὲν
2749 2479 2985 2550 γέροντα
3038 2480 3356 2550 ἐφόνευσαν,
3407 2479 3594 2550 βασιλέα
3629 2476 3666 2530 δ’

2174 2568 2384 2621 ἐκεῖνον
2439 2567 2750 2634 ἀπέδειξαν.
2806 2571 2991 2624 Ταῦτα
3038 2572 3230 2643 ἠνίασε
3281 2571 3374 2642 μὲν
3405 2572 3514 2634 τοὺς
3568 2567 3668 2622 Ῥω-

2167 2662 2386 2730 μαίους,
2433 2662 2492 2714 ού
2533 2661 2638 2733 μὴν
2671 2664 2766 2716 καὶ
2797 2663 2878 2727 είς
2908 2664 3152 2736 πόλεμον
3203 2665 3487 2736 ἑξηρέθισε.
3513 2663 3600 2732 Τὴν
3629 2661 3669 2714 δὲ

2162 2752 2500 2807 Μακεδονίαν
2566 2754 2875 2824 Ἀνδρίσκος
2910 2773 2996 2818 τις
3055 2757 3115 2824 ἐξ
3167 2757 3528 2827 ’Δτραμυττίου
3573 2755 3665 2824 φὺς.

2165 2845 2245 2915 τῷ
2279 2848 2483 2916 Περσεῖ
2514 2846 2560 2900 δ’
2603 2846 2852 2918 ἐμφερὴς
2880 2847 2940 2900 τδ
2969 2845 3113 2914 εἶδος
3140 2851 3442 2918 γενόμενος,
3480 2845 3559 2902 καὶ
3577 2848 3667 2907 mi;

2164 2933 2304 2992 εἶναι
2343 2937 2555 2992 ἐκείνου
2617 2938 3015 3010 πλαττόμενος,
3073 2942 3172 2996 καὶ
3225 2942 3474 2994 Φίλιππον
3524 2937 3668 2992 ἑαυτὸν

480 3031 938 3101 comprehensus,
967 3041 1022 3087 et
1050 3031 1280 3086 Romam
1319 3031 1540 3092 missus,
1567 3045 1693 3084 cum
1723 3045 1904 3099 neque
1930 3031 2056 3084 Per-

2163 3029 2468 3100 ὀνομάζων,
2529 3031 2622 3083 ἐπὶ
2675 3031 2927 3086 πλεῖστον
2991 3032 3300 3106 ἀπέστησε.
3351 3034 3421 3086 Τὸ
3474 3033 3556 3102 μὲν
3594 3029 3669 3097 γὰρ

480 3124 560 3178 sei
593 3124 764 3178 lilium
803 3139 925 3180 esse
974 3132 1273 3189 constaret,
1322 3132 1379 3179 et
1427 3124 1632 3195 alioqui
1674 3124 1813 3178 nihil
1847 3123 2059 3194 insigne

482 3216 748 3296 haberet.
785 3232 885 3284 per
914 3224 1289 3285 contemptum
1332 3217 1612 3283 dimissus,
1665 3232 1913 3286 magnam
1951 3217 2062 3270 fac-

486 3311 752 3365 tiosorum
808 3310 1094 3364 hominum
1145 3325 1367 3365 manum
1425 3311 1624 3381 coegit,
1661 3312 1860 3366 multas
1894 3310 2061 3365 urbes

485 3399 726 3455 attraxit.
763 3399 1010 3471 Denique
1043 3401 1196 3472 regio
1229 3401 1420 3457 habitu
1447 3412 1687 3472 sumpto,
1716 3403 2060 3474 collectoque

483 3491 728 3546 exercitu
763 3492 818 3546 in
852 3492 1145 3547 Thraciam
1180 3491 1500 3562 profectus:
1538 3494 1727 3547 multis
1758 3493 1945 3548 liberis
1970 3507 2061 3563 po-

482 3584 646 3653 pulis,
699 3585 886 3640 multis
932 3585 1176 3656 dynastis
1226 3586 1535 3641 Romanum
1590 3586 1883 3656 imperium
1918 3601 2059 3655 a'gre

483 3676 790 3732 ferentibus
837 3677 1044 3742 ascitis,
1109 3677 1526 3748 impressionem
1575 3677 1628 3732 in
1686 3678 2056 3733 Macedoniam

481 3765 614 3820 fecit
643 3784 659 3821 :
696 3781 875 3836 eaque
902 3777 1191 3836 occupata,
1216 3768 1268 3821 in
1298 3767 1632 3824 Thessaliam
1667 3777 2058 3839 transgressus,

481 3871 594 3912 non
620 3873 791 3928 pauca
821 3859 938 3914 loca
971 3859 1208 3930 subegit.
1252 3861 1485 3915 Romani
1521 3861 1788 3916 Andrisco
1817 3861 2057 3930 primum

481 3951 763 4021 despecto,
797 3961 985 4020 postea
1030 3951 1339 4022 Scipionem
1385 3952 1635 4007 Nasicam
1671 3952 1736 4006 ad
1764 3952 2058 4006 tumultum

482 4043 635 4098 illum
669 4044 976 4112 pacandum
1012 4044 1306 4098 miserunt.
1361 4044 1466 4110 Qui
1493 4045 1664 4099 rebus
1695 4045 1803 4100 illis
1830 4046 1883 4099 in
1909 4045 2059 4099 Cra--

481 4134 569 4190 cia
603 4134 859 4205 cognitis,
889 4135 956 4190 ad
991 4135 1266 4190 Romanos
1299 4136 1519 4206 scripsit
1541 4136 1732 4191 omnia
1756 4154 1766 4190 ;
1791 4146 1843 4190 et
1869 4145 2060 4190 coacto

481 4241 514 4281 a
543 4225 710 4281 sociis
752 4226 997 4281 exercitu
1055 4226 1132 4279 rei
1182 4227 1437 4295 gerendzc
1479 4226 1742 4290 intentus,
1783 4227 1849 4280 ad
1879 4226 2055 4282 Mace-

482 4315 704 4370 doniam
724 4317 1015 4385 processit.
1047 4317 1278 4371 Romani
1305 4316 1472 4387 igitur
1500 4317 1560 4371 P.
1592 4315 1905 4371 Juventiqu
1931 4332 2057 4371 cum

483 4407 730 4462 exercitu
782 4416 975 4462 contra
1033 4423 1163 4462 eum
1211 4407 1500 4463 miserunt.
1551 4407 1721 4474 Quem
1757 4385 2135 4464 AndriscusD

483 4497 630 4552 circa
669 4499 1039 4554 Macedoniam
1079 4499 1308 4554 adortus
1360 4500 1675 4555 interfecit:
1715 4516 1778 4555 ac
1831 4510 2061 4556 caeteros

481 4588 648 4642 etiam
701 4590 1048 4654 trucidasset,
1097 4592 1198 4647 nisi
1252 4601 1415 4646 noctu
1467 4591 1873 4647 discessissent.
1931 4591 2062 4647 Post

485 4681 603 4735 haec
642 4678 700 4733 in
740 4680 1018 4735 Thessalia
1059 4683 1262 4751 passim
1301 4693 1600 4754 grassatus,
1652 4683 1898 4738 Thraces
1953 4683 2058 4738 sibi

485 4773 756 4843 adjuuxit.
786 4773 1153 4839 Quamobrem
1205 4775 1435 4830 Romani
1479 4774 1744 4843 Quintum
1773 4775 2057 4830 Caecilium

484 4864 761 4919 Metellum
797 4874 1087 4934 praetorem
1136 4880 1262 4920 cum
1294 4866 1507 4937 magnis
1559 4868 1732 4937 copiis
1768 4867 2055 4922 miserunt.

483 4957 582 5012 Cui
606 4957 977 5013 Macedoniam
1011 4961 1274 5029 ingresso,
1301 4960 1518 5016 Attalus
1544 4961 1719 5017 classe
1749 4961 1952 5016 auxilio
1971 4978 2061 5016 vc-

485 5049 588 5102 uit.
633 5048 936 5105 Andriscus
982 5049 1147 5121 igitur
1191 5053 1258 5108 de
1302 5070 1397 5108 ora
1453 5054 1728 5110 maritima
1765 5055 2056 5117 sollicitus,

483 5138 718 5194 ulterius
741 5140 994 5210 progredi
1029 5158 1138 5196 non
1182 5152 1265 5198 est
1294 5160 1482 5208 ausus.
1516 5145 1611 5201 sed
1646 5146 1870 5216 paulum
1905 5156 2057 5202 extra

484 5231 726 5303 Pydnam
779 5233 1060 5302 productis
1099 5237 1294 5306 copiis,
1352 5239 1596 5310 equestri
1640 5241 1829 5308 pnelio
1859 5240 2058 5306 victor,

483 5336 634 5382 metu
668 5325 938 5395 pedestris
968 5328 1244 5384 exercitus
1275 5340 1422 5386 retro
1443 5331 1601 5386 abiit.
1636 5333 1706 5386 Ea
1740 5341 1921 5388 tamen
1950 5333 2062 5386 vic-

486 5418 626 5473 toria
653 5421 831 5474 elatus
864 5420 1038 5490 copiis
1070 5421 1320 5476 bifariam
1356 5423 1570 5488 divisis,
1601 5434 1811 5494 partem
1841 5423 1906 5478 ad
1935 5439 2058 5478 vas-

484 5508 705 5562 tandam
737 5509 1076 5566 Thessaliam
1107 5513 1276 5579 misit,
1305 5521 1516 5583 partem
1541 5513 1684 5582 apud
1722 5529 1780 5568 se
1811 5514 2054 5568 retinuit.

484 5598 721 5654 Proinde
763 5601 1017 5657 Metellus
1067 5619 1260 5659 eorum
1297 5606 1572 5674 paucitate
1627 5613 1966 5674 contempta,
2004 5607 2056 5661 in

483 5697 681 5762 (aciem
711 5696 1018 5765 descendit,
1055 5713 1117 5754 ac
1146 5701 1306 5757 victis
1349 5700 1414 5755 iis
1454 5701 1543 5772 qui
1577 5700 1734 5771 primi
1765 5699 1829 5754 ad
1863 5716 2055 5756 manus

2169 3123 2386 3194 πρῶτον
2426 3123 2484 3186 ές
2511 3121 2610 3192 τὴν
2644 3121 2990 3177 Μακεδονίαν
3021 3123 3218 3188 ἐλθὼν,
3255 3124 3521 3193 ταράττειν
3543 3118 3668 3182 αὐτὴν

2166 3215 2457 3283 ἐπειρᾶτο·
2489 3213 2563 3276 ὡς
2592 3215 2648 3268 δὲ
2699 3213 2874 3279 οὐδεὶς
2928 3218 3226 3286 προσεῖχεν
3270 3213 3434 3284 αὐτῷ,
3468 3213 3581 3284 πρὸς
3607 3209 3670 3262 τὸν

2164 3303 2478 3378 Δημήτριον
2525 3307 2608 3370 εις
2638 3305 2740 3376 τὴν
2775 3295 2979 3376 Συρίαν
3009 3307 3306 3378 ἐτράπετο,
3329 3307 3400 3369 ὡς
3427 3305 3479 3370 ἐξ
3511 3303 3668 3356 ἐκείνου

2162 3399 2252 3454 διὰ
2297 3399 2360 3452 τὸ
2403 3399 2562 3467 γένος
2596 3397 2849 3470 βοηθείας
2894 3399 3247 3471 τευξόμενος.
3299 3396 3595 3468 Συλληφθεὶς
3632 3393 3672 3445 δὲ

2163 3491 2296 3562 παρ’
2326 3492 2535 3545 ἐκείνου
2563 3492 2656 3544 καὶ
2683 3492 2763 3555 εἰς
2815 3490 2911 3562 τὴν
2954 3490 3183 3562 Ῥώμην
3218 3491 3499 3562 πεμφθεὶς,
3543 3489 3608 3539 ὅτι
3627 3499 3670 3535 τε

2167 3585 2241 3655 μὴ
2291 3583 2366 3638 ὢν
2423 3581 2518 3637 τοῦ
2553 3583 2812 3654 Περσέως
2872 3583 2988 3647 υίὸς
3045 3583 3321 3656 ἠλέγχθη,
3371 3583 3457 3637 καὶ
3505 3579 3602 3633 οὐδὲ
3637 3592 3674 3626 τι

2163 3676 2352 3746 ἕτερον
2381 3670 2528 3746 εἶχεν
2555 3674 2704 3738 ἄξιον
2726 3673 2909 3738 λόγου,
2939 3675 3354 3746 κατεφρονήθη.
3380 3674 3481 3726 Καὶ
3503 3666 3672 3738 ἀφεθεὶς

2163 3766 2323 3835 χεῖρά
2358 3782 2417 3818 τε
2476 3765 2792 3834 συνήγαγεν
2826 3762 3140 3835 ἀνθρώπων
3194 3760 3570 3834 νεωτεροποιῶν
3610 3754 3673 3809 καὶ

2163 3859 2346 3922 πόλεις
2399 3855 2605 3921 πολλὰς
2655 3857 3014 3928 ἐπηγάγετο,
3071 3862 3177 3912 καὶ
3244 3859 3394 3920 τέλος
3451 3850 3672 3926 βασιλικὴν

2164 3953 2359 4020 στολὴν
2395 3952 2782 4020 περιθέμενος,
2817 3951 2913 4004 καὶ
2941 3949 3182 4021 δύναμιν
3217 3948 3589 4020 συγκροτήσας,
3615 3940 3669 4002 εἰς

2161 4044 2384 4115 Θρᾴκην
2426 4041 2678 4112 ἀφίκετο,
2713 4041 2806 4095 καὶ
2860 4044 3092 4112 συχνοὺς
3133 4045 3234 4115 μὲν
3265 4043 3368 4096 τῶν
3400 4037 3669 4105 αὐτονόμων.

2162 4134 2392 4204 συχνοὺς
2420 4134 2476 4186 δὲ
2503 4135 2599 4188 καὶ
2651 4133 2760 4189 τῶν
2787 4133 3069 4189 δυναστῶν
3097 4138 3216 4198 τοῖς
3256 4131 3528 4204 Ῥωμαίοις
3549 4125 3670 4198 ἀχθοο

2164 4228 2345 4298 μένοις
2401 4225 2762 4297 παραλαϐὼν,
2826 4228 2906 4290 είς
2960 4225 3305 4281 Μακεδονίαν
3362 4223 3557 4280 ἐνέϐαλε
3606 4217 3672 4270 καὶ

2161 4318 2330 4390 αὐτὴν
2369 4319 2622 4389 κατέσχε·
2695 4321 2789 4373 καὶ
2843 4320 2938 4372 ἐπὶ
2977 4319 3076 4390 τήν
3127 4320 3429 4374 Θεσσαλίαν
3477 4313 3672 4392 app-{133;

2163 4411 2262 4464 οὐκ
2309 4412 2467 4481 ὀλίγα
2499 4411 2702 4484 ταύτης
2753 4414 3222 4484 προσεποιήσατο.
3255 4414 3318 4467 Οἱ
3347 4412 3401 4465 δὲ
3448 4405 3671 4477 Ῥωμαῖοι

2163 4505 2539 4575 κατεφρόνουν
2581 4505 2680 4574 μὲν
2739 4505 3012 4575 πρότερον
3071 4505 3169 4558 τοῦ
3226 4504 3538 4575 Ἀνδρίσκου·
3586 4491 3675 4548 εἶτα

2161 4595 2251 4648 τὸν
2275 4596 2554 4648 Σκιπίωνα
2584 4597 2674 4648 τὸν
2707 4597 2959 4651 Νασικᾶν
3003 4597 3264 4670 ἔπεμψαν
3295 4593 3562 4668 εἰρηνικῶς
3589 4600 3674 4648 πως

2163 4687 2232 4740 τὰ
2271 4689 2390 4740 ἐκεῖ
2447 4688 2813 4759 διοικήσοντα.
2855 4693 2973 4754 Ὃς,
3010 4695 3089 4756 είς
3142 4692 3243 4763 τὴν
3288 4690 3496 4744 Ἐλλάδα
3528 4681 3671 4744 ἐλθὼν,

2163 4783 2256 4835 καὶ
2295 4780 2484 4851 μαθὼν
2520 4782 2588 4835 τὰ
2621 4782 2918 4854 γενόμενα,
2951 4787 3067 4848 τοῖς
3101 4785 3204 4855 μὲν
3238 4785 3516 4856 Ῥωμαίοις
3540 4774 3672 4846 δηλῶν

2161 4875 2332 4928 ταῦτα
2364 4875 2666 4928 ἐπέστειλεο
2696 4875 2926 4946 δύναμιν
2948 4877 3002 4931 δὲ
3039 4879 3194 4949 παρὰ
3231 4878 3339 4931 τῶν
3366 4877 3475 4930 ἐκεί
3501 4865 3669 4942 συμμέ-

2161 4985 2269 5036 χων
2317 4965 2578 5037 ἀθροίσας
2641 4967 2803 5040 ἔργου
2871 4971 3068 5039 είχετο,
3120 4972 3219 5026 καὶ
3279 4968 3504 5043 προῆλθε
3555 4963 3672 5033 μέχρι

2164 5058 2512 5122 Μακεδονίας.
2549 5062 2610 5113 Οί
2651 5061 2695 5114 δ’
2718 5062 2774 5114 ὲν
2809 5065 2874 5134 τῇ
2910 5064 3096 5135 Ῥώμῃ
3127 5065 3350 5132 γνόντες
3376 5062 3440 5116 τὰ
3472 5056 3587 5112 κατὰ
3608 5054 3672 5104 τὸν

2176 5151 2506 5221 ’Δνδρίσκον,
2557 5155 2878 5227 στράτευμα
2935 5155 3190 5228 ἔπεμψαν
3275 5160 3368 5212 καὶ
3429 5145 3673 5224 στρατηγὸν

2165 5242 2436 5298 Πούπλιον
2497 5245 2848 5302 Ἰουὸέντιον.
2881 5241 2952 5319 τῼ
3013 5249 3141 5319 περὶ
3188 5247 3512 5319 Μακεδονίαν
3555 5254 3671 5309 γενο-

2166 5337 2309 5408 μένῳ
2337 5337 2627 5407 συμϐαλὼν
2651 5341 2680 5390 ὁ
2722 5317 3031 5411 Ἀνδρίσκος
3055 5317 3268 5395 ἐκεῖνον
3297 5341 3395 5410 μὲν
3418 5317 3670 5394 ἀπέκτεινε,

2165 5429 2260 5481 καὶ
2286 5429 2411 5491 τοὺς
2442 5427 2636 5492 ἄλλους
2669 5430 2876 5492 πάντας
2907 5431 2974 5484 ἂν
3005 5433 3427 5502 κατειργάσατο,
3457 5429 3498 5480 εί
3527 5424 3585 5496 μὴ
3602 5421 3671 5486 ἧς

2163 5519 2358 5580 ν’)κτδς
2415 5519 2808 5588 ἀπεχώρησαν
2853 5522 2963 5574 Καὶ
3019 5525 3098 5584 εἰς
3129 5522 3233 5591 τὴν
3268 5519 3545 5574 Θετταλίαν
3573 5508 3672 5582 μετὰ

2163 5612 2336 5664 ταῦτα
2397 5613 2642 5666 εἰσέϐαλε
2687 5616 2783 5666 καὶ
2839 5614 3066 5668 πλεῖστα
3114 5615 3290 5685 αὐτῆς
3346 5600 3669 5667 έκά›ιω3ευπί²ὶ

2168 5705 2232 5758 τὰ
2274 5705 2381 5758 τῶν
2435 5705 2666 5776 Θρᾳκῶν
2730 5710 3225 5782 προσηταιρίσατο.
3287 5707 3450 5764 Πάλιν
3478 5698 3557 5757 οὖν
3604 5693 3670 5749 διὰ
