4050 6210
343 256 459 318 713

1619 258 2038 321 ANNALIUM
2072 260 2222 322 LIB.
2268 262 2373 323 IX.

3510 261 3613 328 794

356 364 537 419 ταῦτα
565 362 694 416 οι.ἐν
722 364 788 434 τῇ
842 362 1032 435 Ῥώμῃ
1067 363 1298 419 Κύῖντον
1326 352 1613 420 Καικίλιον
1661 365 1935 420 Μέτελλον

2059 380 2325 436 renerant,
2370 369 2591 426 facilius
2621 368 2789 425 etiam
2819 379 3047 427 cancros
3078 369 3144 425 ad
3173 370 3412 431 oﬂleium
3444 373 3616 428 redu-

354 457 676 528 στρατηγὸν
707 458 804 510 σῦν
827 458 1060 528 δυνάμει
1111 457 1279 528 πολλῇ
1319 458 1589 513 ἔστειλαν.
1626 459 1737 513 Καὶ
1769 459 1826 522 ὃς
1854 460 1935 523 είς

348 550 457 622 τὴν
504 549 847 604 Μακεδονίαν
890 544 1049 621 ἦλθε,
1093 551 1187 603 καὶ
1229 551 1258 603 6
1290 550 1558 614 ’Δτταλος
1612 550 1935 621 προσήμυνε

351 641 620 710 ναυτικῷ.
661 641 753 693 Διὸ
802 641 991 705 δείσας
1021 642 1050 694 6
1092 640 1414 714 ’Δνδρίσκος
1446 641 1714 714 περὶτῶν
1741 660 1931 713 παρα-

353 734 694 801 θαλασσίων,
742 738 842 787 οὐκ
893 735 1165 806 ἐτόλμησε
1217 736 1538 806 περαιτέρω
1607 735 1933 807 προελθεῖνο

351 822 539 895 ὀλίγον
570 827 627 880 δὲ
656 828 754 897 τῆς
804 827 1018 899 Πύδνης
1059 828 1165 893 ἔξω
1198 828 1586 900 προχωρήσας,
1622 830 1940 901 ἱππομαχίᾳ

360 920 472 987 μὲν
525 919 824 990 ὑπερέσχε⁸
875 920 1139 992 φοϐηθεὶς
1184 922 1241 974 δέ
1292 922 1353 974 τὸ
1402 919 1566 986 πεζὸν
1610 921 1934 991 ἀνέστρεψε,

352 1014 455 1066 καὶ
484 1014 746 1083 ἐπαρθεὶς
779 1015 904 1084 διχῆ
943 1014 1034 1068 τὸν
1064 1015 1297 1085 στρατὸν
1329 1013 1514 1081 διεῖλε,
1553 1014 1649 1068 καὶ
1696 1018 1810 1079 τοῖς
1839 1016 1938 1085 μὲν

352 1104 520 1165 chi);
560 1103 699 1157 κατά
733 1104 921 1173 χώραν
973 1103 1334 1174 προσήδρευε,
1363 1104 1494 1169 τοῦς
1549 1105 1606 1159 δὲ
1656 1105 1936 1175 πορθῆσαι

351 1195 458 1265 τὴν
487 1194 797 1250 Θεσσαλίαν
824 1195 1143 1251 ἀπέστειλε.
1169 1198 1612 1269 Καταφρονήσας
1635 1194 1729 1252 οῦν
1747 1200 1775 1252 6
1819 1197 1937 1251 Μέ-

2038 462 2139 524 xit,
2168 462 2406 533 ingenue
2434 471 2718 533 peccatum
2753 478 2914 518 suum
2960 476 3349 531 agnoscentes.
3388 464 3620 521 Andris-

2038 569 2137 608 cus
2183 569 2316 608 vero
2372 555 2426 609 in
2475 553 2765 609 Thraciam
2818 554 3104 626 profugus,
3152 554 3421 624 reparatis
3445 556 3621 625 cepiis

2039 660 2165 700 eum
2197 644 2435 711 Metello,
2467 647 2851 718 progrediente
2890 663 2997 718 qua
3027 662 3116 702 res
3146 645 3384 711 ferebat,
3421 646 3617 701 conﬂi-

2041 736 2160 791 xit:
2204 736 2429 806 suisque
2452 739 2959 809 propugnatoribus
2985 738 3310 809 proﬂigatis,
3345 738 3621 808 sociisque

2043 827 2347 898 dissipatis,
2381 846 2411 885 a
2453 830 2598 902 Byzo
2645 830 2857 888 Thrace
2911 831 3184 901 proditus,
3222 846 3411 899 pmnas
3445 829 3620 885 dedit.

2043 919 2151 976 Sed
2185 931 2239 975 et
2270 922 2582 978 Alexander
2616 923 2836 992 quidam
2883 922 3067 978 Persei
3120 922 3291 976 filium
3320 937 3378 976 se
3411 921 3625 991 proles-

2045 1028 2164 1074 sus,
2213 1014 2493 1083 regionem
2549 1016 2721 1070 Mcsto
2774 1015 2986 1070 ﬂumini
3016 1015 3358 1086 adjacentem
3390 1028 3623 1084 occupa-

2044 1105 2165 1160 vit:
2210 1123 2373 1175 quem
2410 1107 2661 1164 Metellus
2710 1125 2885 1179 usque
2918 1109 2971 1162 in
3010 1107 3336 1163 Dardaniam
3370 1114 3453 1163 est
3499 1123 3623 1177 per

2043 1205 2287 1253 secutus.

349 1289 543 1350 τελλος
576 1286 684 1342 τῶν
728 1290 1014 1361 παρόντων
1060 1290 1316 1361 συνέμιξε
1342 1308 1358 1323 ·
1397 1291 1490 1345 καὶ
1545 1290 1659 1344 τῶν
1707 1289 1924 1361 πρῶτον
1964 1289 2115 1361 αὐτῷ
2145 1294 2226 1354 είς
2266 1295 2461 1364 χεῖρας
2530 1293 2794 1348 ἐλθόντων
2843 1293 3268 1364 περιγενόμενος
3314 1294 3446 1364 ῥᾷον
3509 1290 3607 1344 καὶ

351 1384 490 1447 τοὺς
541 1380 765 1446 λοιποὺς
798 1382 1186 1454 παρεστήσατο
1219 1398 1233 1414 ·
1283 1382 1519 1452 ἑτοίμως
1570 1383 1680 1456 γὰρ
1725 1383 1801 1446 ὡς
1834 1383 2145 1453 ἐξήμαρτον
2180 1386 2329 1456 αύτῷ
2390 1387 2753 1458 ὁμολόγησαν.
2796 1388 2857 1442 '0
2896 1389 2952 1441 δέ
2997 1387 3312 1458 ’Λνδρίσκος
3373 1388 3454 1451 είς
3508 1386 3607 1457 τήν

355 1474 588 1547 Θρᾴκην
644 1473 882 1545 ἀπέδρα,
914 1474 1006 1527 καὶ
1033 1473 1267 1545 δύναμιν
1307 1472 1569 1544 ἀθροίσας
1621 1473 1882 1526 συνέϐαλε
1910 1472 1987 1542 τῷ
2013 1473 2271 1548 Μετέλλῳ
2302 1479 2547 1548 προῖόντι
2576 1474 2637 1534 οῦ
2669 1477 2998 1550 προεχώρει.
3030 1481 3141 1533 Καὶ
3167 1479 3276 1532 τῶν
3303 1480 3610 1550 προμάχων

353 1564 527 1621 αὐτοῦ
560 1565 884 1638 τραπέντων
922 1565 984 1618 τό
1029 1582 1088 1619 τε
1127 1563 1481 1634 συμμαχικὸν
1536 1564 1701 1617 αὐτοῦ
1756 1562 2060 1635 ἐσκεδάσθη
2122 1566 2217 1619 καὶ
2284 1567 2446 1631 αὐτὸς
2510 1567 2615 1621 ὑπὸ
2671 1568 2844 1631 Βύζου
2900 1569 3117 1641 Θρᾳκὸς
3163 1568 3429 1622 δυνάστου
3468 1587 3615 1641 προ-

352 1665 534 1727 δοθεὶς
558 1663 872 1733 ἐδικαιώθη.
904 1662 1017 1714 Καὶ
1056 1659 1405 1732 Ἀλέξανδρος
1442 1660 1500 1714 δέ
1524 1678 1626 1725 τις,
1669 1660 1929 1732 Περσέως
1969 1660 2063 1713 καὶ
2127 1661 2287 1726 αὐτὸς
2332 1663 2509 1732 λέγων
2559 1659 2700 1719 εἶναι
2754 1665 2868 1728 υίδς
2901 1666 2995 1718 καὶ
3040 1668 3199 1737 χεῖρα
3247 1664 3597 1734 συναγαγὼν,

353 1755 626 1813 κατέλαϐε
666 1756 766 1815 τὴν
808 1755 937 1825 περὶ
966 1752 1059 1807 τὸν
1088 1754 1302 1808 Μέστον
1332 1753 1668 1824 καλούμενον
1687 1752 1933 1822 ποταμὸν
1975 1751 2184 1825 χώραν,
2251 1754 2311 1808 δν
2368 1759 2396 1811 6
2430 1756 2699 1821 Μέτελλος
2731 1757 3024 1822 ἐπεδίωξεν
3051 1758 3404 1828 ύποφυγόντα
3447 1760 3613 1830 μέχρι

352 1852 460 1918 τῆς
491 1846 816 1919 Δαρδανίας.

431 1938 565 2001 ΚΘθ.
607 1945 733 1999 Ἐπὶ
756 1943 814 1997 δὲ
852 1943 980 2006 τοῦς
1000 1942 1408 2016 Καρχηδονίους
1435 1944 1484 1997 οί
1519 1944 1782 2015 Ῥωμαῖοι
1813 1942 1939 1997 ﬂai—

2116 1942 2279 2016 467
2314 1943 2507 1999 XXIX.
2545 1943 2749 1999 Contra
2767 1942 3250 2013 Carthaginienses
3271 1941 3472 1997 missus
3500 1940 3628 1997 Piso

358 2056 512 2094 σωνα
552 2039 642 2090 τδν
677 2036 880 2090 ῦπατον
931 2034 1201 2099 ἔστειλαν,
1262 2036 1322 2100 ὃς
1369 2038 1435 2107 τῇ
1489 2036 1588 2107 μὲν
1634 2037 1942 2107 Καρχηδόνι

358 2127 462 2183 καὶ
491 2128 571 2198 τῷ
604 2127 906 2199 Ἀσδρούϐα
936 2129 997 2180 ού
1027 2127 1381 2199 προσέμιξεν,
1423 2128 1518 2182 ἐπὶ⁸
1541 2127 1597 2182 δὲ
1634 2128 1733 2191 τὰς
1761 2145 1943 2199 παραυ

358 2220 512 2282 λίους
553 2218 739 2278 πόλεις
783 2220 1079 2288 ἐτράπετο·
1118 2220 1343 2289 καὶτῆς
1406 2219 1506 2290 μὲν
1551 2219 1804 2283 Ἀσπίδος
1833 2221 1944 2273 ἀπ-

364 2309 668 2381 εκρούσθη.
695 2310 795 2379 τὴν
833 2309 887 2362 δέ
917 2309 1064 2363 Νέαν
1090 2308 1242 2362 πόλιν
1266 2308 1819 2380 ἐλὼν,κατέσκαψεν’
1854 2310 1947 2365 ἐπὶ

360 2403 422 2455 δὲ
454 2401 698 2456 Ἱππῶνα
725 2401 836 2472 (55)
862 2402 1017 2454 πόλιν
1037 2403 1288 2472 ὁρμήσας
1321 2403 1618 2473 κατέτριψε
1641 2402 1735 2456 τὸν
1758 2401 1947 2471 καιρὸν

366 2492 541 2563 μηδὲν
583 2491 846 2562 περάνας.
875 2493 938 2546 Oi
969 2493 1025 2546 δὲ
1047 2494 1414 2565 Καρχηδόνιοι
1448 2495 1834 2566 ἀνεθάρσησαν
1859 2495 1948 2550 διὰ

361 2584 567 2650 ταῦτα,
596 2583 692 2637 καὶ
712 2585 794 2638 ὅτι
829 2584 924 2639 καί
953 2602 1096 2649 τινες
1119 2586 1302 2651 αὐτοῖς
1360 2588 1753 2658 προσεγένοντο
1808 2587 1949 2657 σύμο

258 2706 265 2713 -
368 2694 566 2748 μαχοι.
590 2678 869 2739 Μαθίντες
907 2676 1000 2731 οῦν
1030 2678 1203 2747 ταῦτα
1236 2680 1284 2732 oi
1326 2679 1585 2750 Ῥωμαῖοι
1617 2681 1750 2734 οἵτε
1790 2682 1848 2735 ἐν
1869 2679 1949 2745 τῷ

370 2768 727 2839 στρατοπέδῳ
760 2770 856 2823 καὶ
885 2771 933 2823 οί
962 2771 1019 2823 ἐν
1041 2773 1108 2841 τῇ
1150 2770 1324 2835 πόλει,
1375 2770 1468 2824 ἐπὶ
1511 2772 1602 2825 τὸν
1670 2772 1949 2827 Σκιπίωνα

368 2861 641 2931 ὥρμησαν
664 2863 757 2914 καὶ
789 2861 996 2915 ῦπατον
1014 2862 1371 2933 ἐψηφίσαντο,
1400 2861 1580 2917 καίτοι
1608 2864 1707 2932 τῆς
1735 2863 1951 2935 ἡλικίας

375 2956 454 3023 μὴ
482 2954 730 3023 ἐφιείσης
751 2953 900 3023 αύτῷ
926 2953 1025 3025 τήν
1054 2955 1231 3025 ἀρχήν
1250 2970 1264 2985 ⁸
1290 2953 1426 3009 ἀλλὰ
1452 2954 1523 3010 τά
1546 2972 1602 3009 τε
1616 2954 1755 3026 ἔργα
1784 2955 1949 3010 αὑτοῦ

372 3046 521 3116 καὶὴ
563 3046 736 3114 ἁρετὴ
770 3045 862 3098 τοῦ
905 3046 1114 3116 πατρὸς
1147 3045 1362 3100 ιιαύλου
1393 3088 1408 3113 ,
1461 3048 1557 3102 καὶ
1597 3047 1692 3101 τοῦ
1724 3051 1951 3103 πάππου

374 3135 714 3207 Ἀφρικανοῦ
743 3135 934 3189 ἐλπίδα
965 3139 1227 3207 παρεῖχον
1263 3136 1439 3192 ἅπασι
1476 3138 1701 3208 βεϐαίαν
1726 3139 1820 3192 καὶ
1845 3139 1954 3194 τῶν

380 3227 662 3297 πολεμίων
710 3227 779 3281 δι’
812 3228 978 3281 αὑτοῦ
1014 3230 1313 3300 κρατήσειν
1358 3231 1455 3285 καὶ
1481 3231 1581 3301 τὴν
1630 3230 1954 3303 Καρχηδόνα

372 3319 660 3384 παντελῶς
691 3319 1024 3392 ἐξαιρήσειν.
1068 3321 1158 3374 Ἐν
1206 3314 1249 3391 ᾧ
1279 3321 1321 3374 δ’
1352 3321 1380 3373 6
1432 3322 1677 3376 Σκιπίων
1722 3324 1803 3385 είς
1855 3323 1955 3394 τὴν
1984 3303 2028 3362 C

375 3416 586 3488 Λιϐύην
615 3416 920 3488 ἐκομίζετο,
946 3418 1224 3485 Μαγκῖνος
1271 3418 1606 3488 παραπλέων
1650 3418 1751 3488 τὴν
1803 3419 1958 3489 Καρ-

377 3511 602 3582 χηδόνα,
630 3510 830 3580 χωρίον
854 3527 905 3562 τι
934 3509 1030 3562 τοῦ
1061 3510 1274 3580 τείχους
1294 3509 1462 3579 αὐτῆς
1486 3509 1637 3573 ἐντὸς
1667 3509 1746 3575 δν,
1773 3511 1959 3578 Μεγα-

377 3603 471 3656 λία
494 3601 897 3670 ὀνομαζόμενον
927 3600 1023 3653 καὶ
1049 3601 1140 3653 ἐπὶ
1164 3601 1369 3671 πέτρας
1402 3600 1685 3671 ἀποτόμου
1716 3600 1961 3670 καθῆκον

378 3692 519 3764 πρὸς
559 3691 837 3746 θάλασσαν
874 3689 1009 3744 πολύ
1042 3708 1099 3743 τε
1133 3691 1233 3761 τῆς
1290 3690 1461 3762 ἄλλης
1512 3691 1721 3754 πόλεως
1774 3692 1960 3768 ἀπηρ·

377 3783 620 3854 τημένον
644 3782 739 3835 καὶ
786 3781 921 3852 μηδέ
969 3780 1198 3845 πολλοὺς
1252 3782 1525 3853 φρουροὺς
1582 3780 1724 3853 ἕχον,
1768 3782 1843 3845 ὡς
1891 3784 1959 3854 τῇ

379 3874 547 3945 φύσει
579 3873 640 3927 6v
670 3874 907 3946 ἐρυμνὸν
932 3875 1299 3944 κατανοήσας,
1334 3873 1608 3941 κλίμακας
1628 3872 1963 3937 ἐξαπιναίως

381 3968 642 4040 προσθεὶς
670 3967 778 4020 ἀπὸ
805 3965 913 4019 τῶν
935 3967 1074 4019 νεῶν
1101 3964 1366 4035 ἐπανέϐη.
1396 3964 1539 4036 Ἤδη
1563 3965 1621 4019 δὲ
1650 3964 1962 4030 ἀνελθόντος

381 4061 720 4131 συνέδραμον
748 4058 848 4132 μὲν
867 4059 979 4112 τῶν
1010 4059 1398 4131 Καρχηδονίων
1437 4059 1603 4123 τινὲς,
1661 4058 1724 4113 οῦ
1776 4058 1963 4130 μέντοι

384 4154 478 4207 καὶ
504 4153 802 4224 ἐκκροῦσαι
849 4152 1012 4207 αὑτὸν
1066 4153 1435 4223 ἠδυνήθησαν.
1496 4151 1556 4206 '0
1614 4151 1672 4205 δέ
1738 4152 1964 4223 πέμψας

381 4246 523 4317 πρὸς
547 4244 638 4298 τὸν
673 4245 925 4300 Πείσωνα
947 4245 1015 4298 τά
1038 4262 1096 4299 τε
1122 4246 1388 4314 γεγονότα
1421 4244 1656 4316 ἐδήλωσε
1686 4247 1781 4300 καὶ
1814 4244 1965 4316 αὐτῷ

381 4338 668 4408 ἐπαμῦναι
696 4337 920 4408 ἠξίωσε.
955 4339 1152 4409 Πόρῤω
1179 4337 1225 4389 δ’
1251 4334 1327 4391 ὢν
1366 4337 1425 4390 ἐν
1462 4339 1529 4409 τῇ
1558 4337 1847 4409 μεσογείῳ,
1874 4336 1967 4390 ού-

380 4430 476 4483 δέν
507 4429 658 4500 αῦτῷ
689 4432 960 4501 χρήσιμος
993 4432 1020 4483 ὁ
1048 4428 1261 4484 Πείσων
1288 4429 1527 4498 ἐγένετο·
1574 4431 1603 4482 6
1631 4429 1688 4482 δέ
1724 4428 1965 4485 Σκιπίων

383 4523 480 4577 ὑπ’
512 4522 682 4591 αὐτὴν
715 4523 816 4592 τὴν
843 4521 1109 4591 ἀγγελίαν
1141 4521 1338 4586 νυκτὸς
1373 4522 1516 4576 κατά
1545 4522 1715 4593 τύχην
1771 4521 1960 4588 ἐλθὼν,

2050 2038 2266 2099 consul,
2294 2036 2429 2092 urbe
2451 2045 2506 2091 et
2536 2036 2840 2091 Asdrubale
2878 2036 3120 2100 omissis,
3142 2035 3443 2091 maritimas
3463 2034 3629 2091 urbes

2052 2127 2291 2184 invasit:
2331 2140 2385 2185 et
2434 2129 2504 2182 ab
2530 2128 2735 2199 Aspide
2792 2127 3069 2198 repulsus,
3118 2127 3345 2197 Neapoli
3383 2137 3540 2195 capta
3572 2136 3631 2181 et

2051 2237 2267 2283 eversa,
2320 2221 2374 2275 in
2418 2220 2683 2291 llipponis
2716 2219 3009 2274 obsidione
3056 2228 3273 2289 tempus
3297 2217 3497 2271 frustra
3525 2218 3627 2272 tri-

2053 2315 2149 2370 vit.
2185 2313 2342 2369 Unde
2370 2312 2870 2385 Carthaginienses,
2902 2315 3179 2367 sociorum
3210 2318 3376 2367 etiam
3409 2305 3633 2366 auxitiis

2052 2407 2222 2470 aucti,
2276 2409 2489 2463 animos
2526 2416 2878 2477 receperunt.
2933 2406 3052 2473 Quo
3103 2405 3357 2470 Rontaui,
3396 2413 3503 2459 tam
3535 2402 3633 2473 qui

2056 2499 2109 2554 in
2141 2499 2337 2555 castris
2368 2515 2531 2570 quam
2560 2515 2612 2554 tn
2648 2499 2785 2554 urbe
2813 2507 2995 2564 erant,
3031 2497 3275 2568 cognito,
3305 2496 3443 2551 citra
3470 2492 3635 2550 dubi-

2058 2594 2320 2646 tationem
2346 2591 2659 2661 Scipionem
2685 2590 2968 2646 consulem
2994 2596 3272 2645 crearunt.
3295 2586 3431 2642 Nam
3450 2600 3635 2656 quam-

2056 2682 2139 2737 vis
2166 2690 2297 2737 actas
2334 2683 2516 2738 adhuc
2540 2682 2592 2737 ei
2626 2681 2878 2752 dignitati
2920 2681 3212 2735 immatura
3243 2686 3365 2734 erat
3389 2717 3406 2743 ,
3447 2687 3634 2733 tamen

2056 2783 2112 2830 et
2162 2790 2251 2830 res
2301 2775 2420 2846 ejus
2471 2783 2655 2845 gestae,
2709 2781 2765 2828 et
2819 2773 3000 2828 virtus
3048 2772 3220 2842 patris
3251 2769 3430 2833 Pauli,
3461 2777 3518 2823 et
3544 2768 3634 2824 avi

2056 2866 2297 2922 Africani
2365 2877 2573 2922 certam
2619 2881 2771 2936 spem
2822 2864 3129 2919 aﬂ‘erebaut
3176 2862 3456 2928 omnibus,
3515 2862 3637 2932 ejus

2059 2959 2228 3015 armis
2256 2968 2312 3014 et
2343 2959 2532 3015 hostes
2565 2966 2885 3026 superatum
2915 2956 3007 3019 iri,
3047 2964 3103 3011 et
3125 2953 3511 3024 Carthaginem
3540 2965 3638 3021 pe-

2061 3052 2314 3105 rituram.
2346 3052 2603 3122 Scipione
2635 3052 2689 3106 in
2730 3049 2969 3106 Africam
3011 3047 3323 3119 navigante,
3353 3043 3640 3100 Mancinus

2060 3143 2413 3215 Carthaginis
2443 3144 2600 3199 littus
2628 3144 2838 3211 legens,
2877 3141 3160 3197 castellum
3192 3138 3468 3209 quoddam
3496 3135 3640 3190 intra

2064 3236 2289 3299 mmnia,
2317 3235 2540 3291 nomine
2564 3235 2811 3305 Megalia,
2838 3233 2894 3288 in
2920 3243 3195 3303 praerupta
3221 3238 3371 3299 petra
3402 3230 3457 3283 in
3488 3243 3642 3283 mare

2054 3329 2402 3401 prominens,
2460 3336 2516 3382 et
2562 3328 2721 3397 longe
2755 3326 2824 3382 ab
2855 3326 2989 3381 urbe
3019 3338 3312 3385 remetum,
3370 3335 3497 3375 cum
3529 3334 3644 3375 non

2062 3437 2260 3490 magno
2290 3419 2547 3490 praesidio
2574 3417 2865 3483 custodiri,
2896 3424 2957 3471 ut
2982 3415 3129 3486 quod
3162 3414 3272 3471 situ
3300 3413 3421 3483 ipso
3450 3410 3644 3466 defen-

2061 3513 2314 3578 deretur,
2349 3510 2854 3565 animadverteret:
2895 3507 3058 3562 scalis
3089 3505 3272 3560 subito
3309 3519 3376 3558 ex
3412 3501 3645 3557 navibus

2063 3605 2302 3662 admotis
2327 3602 2597 3659 ascendit.
2632 3600 2787 3668 Quod
2820 3616 2945 3654 cum
2971 3599 3082 3669 jam
3114 3602 3348 3660 teneret,
3383 3593 3485 3647 etsi
3512 3591 3646 3647 Car-

2064 3697 2437 3767 thagiuienscs
2474 3695 2685 3763 aliquot
2725 3698 3156 3755 concurrerunt,
3176 3704 3300 3744 eum
3340 3696 3518 3742 tamen
3546 3698 3645 3738 ex-

2063 3789 2270 3859 pellere
2322 3802 2433 3841 non
2465 3792 2786 3856 potuerunt.
2837 3781 2908 3838 At
2938 3782 3032 3838 ille
3064 3781 3249 3836 Pisoni
3282 3777 3412 3848 quid
3443 3776 3646 3847 egisset

2066 3879 2302 3944 nuntiat,
2357 3885 2414 3932 et
2444 3875 2648 3931 auxilia
2681 3875 2785 3930 sibi
2819 3874 2961 3929 mitti
2996 3873 3153 3944 petit.
3202 3870 3309 3925 Sed
3366 3869 3514 3932 Piso,
3550 3866 3646 3937 qui

2066 3970 2256 4042 procul
2287 3970 2343 4025 in
2383 3967 2803 4024 mediterraneis
2834 3967 3047 4030 aberat,
3082 3964 3222 4019 nihil
3256 3962 3379 4032 opis
3413 3960 3464 4016 ei
3496 3957 3644 4015 tulit.

2065 4062 2251 4132 Scipio
2279 4077 2413 4118 vero
2436 4061 2538 4117 sub
2565 4060 2745 4131 ipsum
2776 4060 3035 4114 nuntium
3058 4058 3201 4113 forte
3222 4055 3444 4111 fortuna
3479 4060 3645 4108 noctu

2065 4153 2391 4217 adventans,
2436 4152 2622 4208 statim
2657 4152 2923 4208 auxilium
2950 4152 3001 4206 ei
3035 4150 3183 4217 tulit,
3210 4146 3418 4217 alioqui
3448 4161 3480 4200 a
3506 4144 3648 4199 Car-

2068 4245 2508 4318 thaginiensihus
2552 4246 2639 4301 vel
2675 4244 2964 4316 capiendo,
3014 4243 3100 4298 vel
3158 4238 3483 4296 occidendo.
3510 4236 3648 4293 Nam

2067 4356 2194 4397 cum
2224 4355 2392 4395 naves
2443 4338 2723 4409 Scipionis
2752 4337 3030 4408 appellere
3066 4333 3359 4394 vidissent,
3392 4330 3496 4385 etsi
3531 4327 3653 4383 ani—-

2067 4448 2188 4488 mos
2213 4430 2622 4501 desponderant
2646 4473 2661 4495 ,
2691 4443 2814 4483 'non
2846 4441 3027 4484 tamen
3056 4427 3124 4482 ab
3149 4424 3440 4481 obsidione
3472 4434 3653 4476 reces-

2067 4530 2283 4588 serunt,
2313 4521 2469 4592 prius
2499 4536 2663 4591 quam
2698 4518 2881 4589 Scipio
2926 4536 2986 4574 se
3035 4517 3229 4572 adesse
3276 4527 3373 4583 per
3406 4510 3653 4580 captivos

382 4613 551 4677 εὐθὺς
583 4613 905 4685 ἐϐοήθησεν.
953 4606 1112 4665 Εἴλον
1155 4614 1265 4681 γάρ
1300 4610 1366 4666 ἂν
1410 4612 1504 4666 τὸν
1573 4613 1860 4680 Μαγκῖνον
1915 4614 1954 4667 ei

2070 4614 2335 4686 quosdam
2385 4613 2467 4670 eis
2496 4614 2741 4668 nuntiari
2784 4612 2948 4683 jussit
2978 4632 2990 4666 :
3032 4607 3411 4675 acccrsitoque
3443 4602 3654 4658 Asdru-

384 4704 751 4777 Καρχηδόνιοι
781 4704 813 4777 ἢ
840 4705 933 4759 καὶ
963 4704 1299 4776 διέφθειραν,
1325 4706 1373 4758 εί
1418 4704 1495 4777 μὴ
1537 4706 1954 4777 παραπλεούσας

2072 4706 2218 4768 balc.
2243 4707 2406 4762 fossis
2436 4716 2492 4763 et
2520 4706 2811 4778 aggeribus
2833 4719 3049 4758 murum
3074 4700 3321 4756 aediliciis
3352 4697 3652 4752 obductum

384 4796 530 4853 εἶδον
556 4798 653 4861 τὰς
680 4796 815 4860 ναῦς
836 4796 932 4850 τοῦ
986 4796 1313 4857 Σκιπίωνος.
1374 4794 1508 4850 Τότε
1557 4796 1605 4849 δ’
1670 4797 1967 4869 ἠθύμησαν

389 4891 515 4963 μὲν,
588 4891 689 4945 οὐκ
757 4887 1081 4960 ἀπέστησαν
1136 4886 1214 4941 δέ.
1250 4887 1642 4957 Αίχμαλώτους
1683 4884 1775 4943 οῦν
1814 4906 1969 4953 τινας

388 4982 638 5053 ἐπεμψεν
682 4982 711 5035 6
771 4980 1034 5047 Σκιπίων,
1093 4977 1355 5052 ἐροῦντας
1405 4978 1487 5033 δτι
1535 4980 1804 5052 ἷπάρεστι.
1858 4981 1971 5035 Καὶ

387 5075 549 5130 τοῦτο
574 5076 796 5145 γνόντες
833 5073 932 5144 οὐχ
965 5072 1272 5143 ὑπέμειναν
1304 5071 1406 5137 ἔτι,
1440 5071 1558 5125 ἀλλ’
1587 5072 1969 5144 ἀνεχώρησαν,

387 5169 487 5221 καὶ
512 5167 604 5221 τὸν
632 5166 964 5240 Ἀσδρούϐαν
1001 5163 1442 5235 μετεπέμψαντο,
1470 5164 1563 5217 καὶ
1616 5165 1970 5237 ταφρεύμασι

389 5260 487 5314 καὶ
550 5258 910 5332 σταυρώμασι
971 5256 1034 5310 τὸ
1089 5255 1194 5328 πρὸ
1238 5255 1331 5308 τὸν
1388 5255 1575 5310 οἰκιῶν
1613 5255 1962 5326 διατείχισμα

388 5349 740 5423 διεφύλαξα).
785 5352 846 5407 '0
900 5351 1087 5421 μέντοι
1148 5346 1393 5403 Σκιπίων
1444 5347 1514 5402 τὰ
1567 5348 1665 5419 μὲν
1722 5348 1972 5419 Μεγαλία

2074 4799 2415 4855 munierunt.
2478 4799 2665 4869 Scipio
2708 4798 2958 4853 Mancino
3001 4794 3228 4865 Megalia
3282 4789 3426 4846 tueri
3474 4791 3652 4860 jusso,

2076 4893 2142 4949 ad
2169 4893 2424 4949 Pisonem
2461 4902 2518 4949 et
2548 4893 2735 4962 copias
2765 4890 2923 4954 abiit,
2956 4898 3018 4944 ut
3046 4903 3171 4944 eum
3197 4886 3279 4941 eis
3313 4883 3516 4938 bellum
3562 4896 3656 4935 ur—

2077 4993 2269 5057 geret;
2305 4984 2403 5040 sed
2431 4984 2689 5040 celeriter
2710 4998 2843 5038 ‘eum
2873 4976 3303 5050 expeditissimis
3332 4970 3657 5029 cohortibus

2078 5092 2359 5141 reversus,
2416 5075 2727 5132 Mancinum
2779 5074 2851 5130 ab
2910 5071 3180 5128 acerrima
3236 5063 3560 5123 Asdrubalis
3588 5073 3656 5116 ex

2078 5169 2216 5224 urbe
2249 5168 2658 5240 Oppugnatione
2682 5166 2960 5223 liberavit.
2987 5163 3124 5220 Cum
3151 5162 3264 5233 jam
3288 5158 3416 5214 Piso
3437 5166 3655 5225 quoque

2077 5264 2413 5330 advenisset,
2462 5281 2588 5321 eum
2637 5275 2793 5320 extra
2825 5262 3026 5319 muenia
3059 5259 3127 5316 ad
3160 5267 3349 5330 portas
3390 5250 3653 5324 quasdam

2078 5369 2303 5412 manere
2322 5357 2525 5428 jussit:
2555 5357 2693 5413 alios
2728 5357 2930 5412 milites
2961 5356 3028 5411 ad
3060 5355 3221 5410 aliam
3246 5356 3460 5422 portam
3493 5343 3652 5412 longe

1591 5463 1795 5526 Varias
1823 5464 2129 5532 lectiones
2172 5477 2234 5533 et
2277 5482 2468 5536 notae.

467 5595 580 5665 (55)
620 5593 1094 5660 'Iauéra.uuam
1122 5590 1482 5663 Ἰππακρίτας
1520 5589 1779 5662 Polybius
1805 5600 1983 5648 vocat.
2026 5593 2162 5653 Vide
2198 5596 2367 5654 Henr.
2412 5598 2690 5657 Valesium
2720 5597 2788 5654 ad
2828 5592 3054 5652 Diodori
3121 5586 3291 5646 Siculi
3349 5574 3650 5653 Excerpta,

391 5683 451 5740 ιι.
479 5667 572 5722 45.
