4050 6210
448 282 550 345 795

1747 297 1781 356 J
1786 295 1991 355 OANN
1997 294 2069 356 IS
2109 296 2431 357 ZONARl‘E

3610 291 3721 358 796

445 396 766 465 distantem,
815 401 1057 457 mellitos
1097 403 1229 473 quid
1276 403 1422 459 facto
1468 422 1607 476 opus
1652 418 1819 469 esset.
1857 410 2028 465 misit.

2136 408 2224 462 τὸν
2249 410 2535 478 Μαγκῖνον
2561 410 2823 479 φρουρεῖν
2874 409 3188 466 κατέλιπεν·
3242 409 3408 473 αὐτὸς
3458 408 3518 462 δὲ
3581 409 3723 478 πρὸς

446 487 570 558 Ipse
595 492 803 561 optima
830 493 1117 564 copiarum
1146 504 1301 565 parte
1329 508 1629 567 assumpta,
1661 500 1765 554 sub
1810 512 2025 556 noctem

449 581 686 637 mediam
716 583 1015 655 transfugis
1045 586 1278 641 ducibus
1329 587 1473 642 intra
1520 590 1721 646 momia
1774 602 2026 659 penetra-

447 671 527 727 vit
552 691 565 726 :
592 683 648 727 et
667 673 732 727 ad
766 684 978 743 portam
1006 677 1155 732 illam
1182 689 1577 751 transgressus,
1604 684 1853 739 vectibus
1877 702 2026 742 rese-

448 761 574 826 clis,
627 762 794 833 468
838 774 893 818 et
934 766 1269 823 introductis
1320 770 1386 825 iis
1430 771 1524 841 qui
1576 772 1711 827 foris
1741 784 2027 844 exspecta-

447 853 600 915 bant,
637 853 831 923 vigiles
878 846 1120 912 cecidit:
1166 875 1513 931 propereque
1557 863 1625 917 ad
1659 873 1866 933 portas,
1898 874 2026 920 ante

447 958 583 1012 quas
614 944 741 998 Piso
792 948 1088 1002 stationem
1143 950 1404 1007 habebat.
1431 954 1693 1018 accurrit,
1725 955 2027 1026 profligatis

448 1036 795 1102 custodibus,
832 1038 925 1108 qui
980 1040 1191 1096 medias
1234 1054 1416 1112 partes
1470 1045 1788 1111 tuebantur,
1826 1058 1880 1101 et
1914 1050 2029 1103 sin-

446 1128 592 1198 gulis
622 1130 675 1183 in
717 1130 855 1186 locis
886 1135 1047 1201 pauci
1089 1144 1270 1190 erant.
1325 1137 1402 1191 lta
1442 1138 1714 1193 Asdrubal
1770 1140 1934 1195 simul
1973 1150 2029 1196 et

448 1222 580 1291 quid
610 1232 791 1278 actum
824 1236 971 1280 esset
998 1228 1228 1290 audivit.
1262 1239 1318 1284 et
1348 1230 1628 1288 Romanas
1671 1233 1860 1302 copias
1886 1250 2027 1304 pene

450 1307 737 1369 universas
768 1316 909 1370 intra
947 1317 1141 1372 urbem
1178 1319 1312 1375 vidit
1339 1320 1863 1394 :Carthaginieuses
1897 1341 2025 1381 cum

448 1405 768 1475 aliquandiu
823 1410 1179 1474 restitissent,
1231 1412 1287 1466 in
1340 1412 1650 1471 Cothonem
1704 1426 1760 1473 et
1804 1419 2051 1490 Byrsam

447 1497 837 1568 confugerunt,
892 1502 1103 1558 Deinde
1163 1504 1435 1561 Asdrubal
1501 1523 1695 1565 omnes
1751 1510 2030 1569 Romanos

445 1588 694 1656 captivos
729 1592 958 1657 occidit,
1022 1604 1081 1649 ut
1123 1595 1276 1652 cives
1324 1597 1614 1668 desperata
1669 1604 1830 1658 venia
1881 1604 2028 1660 hosti

444 1679 682 1736 alacrius
716 1683 1044 1740 resisterent
1074 1704 1088 1741 :
1134 1688 1339 1745 multos
1366 1692 1532 1745 etiam
1565 1708 1633 1747 ex
1663 1695 2031 1764 popularibus

445 1770 781 1843 proditlonis
816 1785 1109 1847 suspectos
1144 1780 1391 1837 sustulit.
1431 1784 1620 1854 Scipio
1642 1786 1745 1840 etsi
1777 1802 1874 1842 eos
1905 1804 2028 1842 mu-

447 1862 522 1916 ris
553 1872 611 1918 et
646 1868 944 1937 aggeribus
995 1872 1189 1941 sepsit,
1238 1890 1348 1927 non
1402 1877 1588 1930 statim
1639 1889 1821 1935 tamen
1858 1896 2031 1952 expu—

444 1957 652 2023 gnavit.
711 1960 848 2015 Nam
906 1972 961 2018 et
1005 1966 1208 2021 mmnia
1264 1968 1418 2022 firma
1458 1978 1635 2036 erant,
1687 1981 1742 2026 et
1776 1972 1934 2027 multi
1973 1974 2028 2029 in

446 2059 679 2119 angusto
729 2055 978 2110 conclusi
1028 2057 1207 2127 spatio
1252 2058 1473 2114 fortiter
1528 2076 1587 2117 se
1635 2061 2026 2129 defendebant,

446 2155 752 2198 commeatu
792 2146 1015 2203 abunde
1047 2149 1324 2216 instructi,
1360 2151 1560 2208 Bithize
1601 2155 1887 2211 subsidio:
1932 2158 2025 2227 qui

445 2249 512 2289 ex
539 2236 773 2293 obversa
808 2240 933 2296 urbi
962 2243 1305 2309 continente,
1337 2246 1633 2302 observato
1664 2246 1857 2313 fluctu,
1890 2266 2028 2304 vcn-

449 2329 603 2397 tique
645 2329 878 2399 impetu,
921 2336 1206 2391 Onerarias
1244 2338 1323 2392 eis
1353 2355 1518 2394 naves
1547 2340 1602 2393 in
1639 2351 1860 2409 portum
1898 2343 2030 2397 sub-

448 2419 723 2475 mittebat.
760 2422 964 2478 Contra
997 2426 1142 2495 quod
1196 2427 1383 2498 Scipio
1424 2445 1541 2484 rem
1570 2446 1821 2501 magnam
1853 2441 1907 2487 et
1931 2448 2028 2487 ex-

446 2511 705 2580 Cogitavit
755 2524 812 2567 et
844 2516 1119 2584 perfecit:
1164 2519 1317 2574 aditu
1356 2529 1551 2590 portus
1579 2533 1835 2593 angusto,
1888 2523 2032 2578 difﬁ-

447 2605 628 2659 culter
657 2607 906 2675 quidem,
962 2626 1268 2683 magnoque
1313 2628 1436 2668 cum
1470 2613 1677 2676 labore,
1713 2615 1807 2670 sed
1846 2624 2028 2671 tamen

445 2710 737 2765 operarum
771 2700 1128 2758 multitudine
1159 2705 1381 2759 tandem
1412 2705 1724 2766 obstructo,
1771 2706 2028 2776 quamvis

445 2788 936 2860 Carthaginienses
956 2796 1170 2852 crebris
1191 2797 1639 2853 dimicationibus
1659 2798 1710 2854 id
1733 2815 1874 2870 opus
1900 2815 2029 2870 pro-

447 2879 643 2937 hibere
671 2895 1030 2941 conarentur.

2129 496 2220 550 τὸν
2252 498 2504 551 Πείσωνα
2530 503 2623 551 καὶ
2661 499 2795 569 πρὸς
2838 500 2936 562 τὰς
2966 501 3229 570 δυνάμεις
3259 500 3500 571 ἀπῆρεν,
3530 501 3606 563 ὠς
3649 501 3719 555 ἂν

2131 588 2252 659 μετ’
2283 590 2465 643 αὐτῶν
2489 590 2654 661 ἔργου
2690 590 2903 661 ἔχηται.
2941 593 3048 646 Kal.
3074 593 3347 663 ἐπανῆλθε
3378 595 3585 663 ταχέως
3618 593 3724 647 σὺν

2128 678 2204 749 τῷ
2233 681 2554 751 κουφοτάτῳ
2606 682 2710 753 τῆς
2773 685 3074 756 στρατιᾶς,
3130 684 3226 737 καὶ
3296 684 3569 737 κατέλαϐε
3626 683 3723 737 τὸν

2131 771 2464 840 ’Δσδρούϐαν
2497 775 2576 837 είς
2606 775 2706 845 τὴν
2729 776 3061 847 Καρχηδόνα
3099 775 3416 829 εἰσελθόντα
3464 776 3561 829 καὶ
3607 776 3721 829 δει-

2130 864 2236 927 νῶς
2266 863 2344 933 τῷ
2366 864 2635 937 Μαγκίνῳ
2663 868 3069 937 ἐπιτιθέμενον.
3110 869 3220 922 Καὶ
3273 867 3446 920 ἐλθὼν
3505 870 3533 921 ὀ
3589 869 3722 920 Σκι-

2133 960 2274 1008 πίων
2309 957 2409 1027 τὴν
2456 957 2702 1013 ἐπίθεσιν
2735 958 2945 1013 ἔλυσεν.
2995 959 3362 1030 Ἀφικομένου
3397 959 3452 1012 δὲ
3494 959 3590 1013 καὶ
3622 958 3723 1012 τοῦ

2132 1045 2412 1110 Πείσωνος
2447 1044 2571 1118 ἤδη,
2600 1049 2807 1101 ἐκεῖνον
2843 1048 2985 1119 μετὰ
3022 1050 3127 1116 ἔξω
3154 1049 3249 1104 τοῦ
3297 1050 3509 1120 τείχους
3562 1048 3723 1101 αὐλί-

2134 1136 2333 1191 σασθαι
2365 1139 2511 1192 κατά
2536 1157 2690 1203 τινας
2719 1140 2895 1205 πύλας
2932 1140 3216 1198 ἐκέλευσε.
3249 1142 3361 1195 Καὶ
3383 1139 3723 1211 στρατιώτας

2132 1230 2353 1299 ἐτέρους
2396 1232 2530 1301 πρὸς
2569 1232 2765 1286 πυλίδα
2791 1233 2915 1286 τινὰ
2948 1233 3081 1286 πολὺ
3111 1232 3205 1302 ἀφ’
3234 1232 3446 1286 ἐαυτῶν
3475 1231 3723 1301 άπέχου-

2134 1337 2232 1372 σαν
2261 1321 2630 1392 περιέπεμψε,
2668 1323 3051 1393 παραγγείλας
3079 1323 3264 1387 αὐτοῖς
3310 1324 3447 1378 ἄττα
3481 1324 3720 1392 πράξειν

2133 1411 2320 1482 ἐχρῆν.
2362 1413 2536 1478 Αὐτὸς
2578 1413 2664 1480 δέ,
2691 1413 2754 1466 τὸ
2812 1417 3106 1485 κράτιστον
3148 1415 3245 1468 τοῦ
3301 1414 3534 1485 στρατοῦ
3578 1419 3725 1468 κατά

2134 1504 2307 1571 μέσας
2338 1503 2542 1568 νύκτας
2590 1503 2795 1569 λαϐὼν,
2856 1505 3005 1559 ἔνδον
3035 1505 3127 1558 τοῦ
3160 1505 3447 1575 περιϐόλου
3478 1505 3721 1571 ἐγένετο,

2133 1594 2461 1665 αὐτομόλοις
2486 1598 2835 1668 χρησάμενος
2892 1597 3109 1666 ἄγουσι,
3151 1598 3247 1650 καὶ
3303 1597 3409 1650 ὑπὸ
3477 1598 3579 1667 τὴν
3622 1615 3728 1649 πυ-

2132 1687 2252 1739 λίδα
2287 1686 2665 1758 παραδραμὼν
2703 1688 2799 1741 καὶ
2842 1688 2933 1741 τὸν
2986 1689 3183 1759 μοχλὸν
3242 1686 3533 1756 διακόψας,
3592 1686 3725 1749 τούς

2132 1797 2191 1832 τε
2225 1778 2423 1845 ἔξωθεν
2451 1779 2844 1849 ἐφεδρεύοντας
2873 1781 3164 1851 εἰσήγαγε,
3189 1780 3284 1833 καὶ
3307 1779 3433 1841 τοὺς
3465 1779 3724 1846 φύλακας

2134 1870 2377 1941 ἔφθειρε.
2422 1872 2531 1925 Καὶ
2569 1872 2705 1942 πρὸς
2734 1872 2832 1935 τὰς
2863 1871 3039 1935 πύλας
3089 1872 3350 1942 ἠπείχθη,
3391 1871 3516 1923 καθ’
3566 1870 3636 1933 ἂς
3694 1872 3725 1923 ὀ

2136 1964 2347 2018 Πείσων
2376 1966 2732 2035 προσήδρευε,
2786 1965 2912 2027 τοὺς
2970 1966 3249 2035 φρουροὺς
3298 1964 3426 2027 τοὺς
3463 1964 3531 2017 τὰ
3579 1964 3725 2032 μέσα

2139 2055 2512 2123 φυλάττοντας
2543 2055 2762 2123 ὀλίγους
2788 2054 2914 2108 καθ’
2946 2056 3214 2118 ἑκάστους
3259 2055 3421 2118 ὂντας
3455 2053 3569 2125 (56)
3591 2052 3724 2125 τρέ-

2136 2164 2280 2209 πων,
2308 2146 2449 2200 ῶστε
2472 2148 2565 2199 τὸν
2591 2146 2928 2218 ’Δσδρούϐαν
2962 2148 3079 2216 ἅμα
3113 2165 3170 2200 τε
3228 2144 3600 2200 πυνθάνεσθαι
3653 2144 3725 2198 τά

2132 2239 2425 2309 γενόμενα,
2459 2245 2553 2293 καὶ
2592 2240 2726 2311 ὀρᾷν
2757 2243 2856 2311 τὴν
2885 2241 2994 2294 τῶν
3028 2240 3320 2311 Ῥωμαίων
3349 2241 3585 2307 δύναμιν
3628 2258 3724 2308 μι-

2136 2331 2269 2397 κροῦ
2300 2334 2481 2386 πᾶσαν
2524 2332 2690 2387 οὖσαν
2715 2334 2888 2397 ἐντός.
2924 2336 3035 2388 Καὶ
3064 2334 3259 2406 χρόνον
3300 2335 3399 2407 μέν
3441 2351 3567 2386 τινα
3597 2335 3729 2387 ἀντ-

2138 2426 2319 2496 έσχον,
2358 2426 2548 2479 ἔπειτα
2612 2426 2712 2497 τὴν
2756 2426 2855 2496 μὲν
2883 2427 3051 2499 ἄλλην
3109 2426 3264 2480 πόλιν
3309 2426 3580 2491 ἐξέλιπον,
3641 2427 3726 2488 εἰς

2134 2515 2190 2569 δέ
2231 2516 2323 2569 τὸν
2356 2514 2609 2568 Κώθωνα
2646 2517 2746 2588 τήν
2783 2534 2841 2570 τε
2876 2517 3093 2588 Βύρσον
3136 2517 3464 2586 κατέφυγον.
3508 2512 3649 2569 Εἶτα
3694 2516 3726 2567 ὀ

2133 2608 2468 2679 ’Λσδρούϐας
2485 2608 2698 2672 πάντας
2719 2608 2845 2671 τοὺς
2870 2608 2983 2662 τῶν
3020 2608 3306 2677 Ῥωμαίων
3337 2606 3727 2679 αίχμαλὼτους

2130 2706 2481 2771 ἀπέκτεινεν,
2537 2704 2710 2765 ὅπως,
2750 2702 3067 2771 ἀπόγνωσιν
3108 2702 3443 2773 συγγνώμης
3502 2699 3727 2769 σχόντες

2127 2799 2178 2850 οἱ
2219 2796 2602 2866 Καρχηδόνιοι,
2665 2792 3077 2866 προθυμότερον
3169 2793 3725 2863 άντικαρτερήσωσν

2136 2889 2365 2951 πολλοὺς
2407 2887 2465 2939 δὲ
2493 2887 2590 2940 καὶ
2616 2887 2725 2939 τῶν
2767 2886 3078 2956 ἐπιχωρίων
3109 2886 3184 2949 ὡς
3216 2885 3562 2954 προδιδόντας
3592 2884 3725 2935 ἐαυ-

446 2971 575 3035 τοὺς
600 2973 944 3046 διεχρήσατο.
983 2980 1095 3035 Καὶ
1119 2981 1148 3034 ὀ
1178 2981 1419 3034 Σκιπίων
1440 2982 1889 3053 περιεσταύρωσε
1922 2982 2020 3052 μὲν
2059 2980 2259 3043 αὐτοὺς
2317 2980 2410 3032 καὶ
2443 2977 2815 3048 ἀπετείχισεν,
2884 2978 2947 3030 ού
2997 2976 3103 3048 μὴν
3171 2979 3265 3029 καὶ
3317 2975 3540 3046 ταχέως
3586 2967 3720 3028 εἷλε.

447 3063 530 3116 Τά
552 3081 610 3115 τε
636 3066 748 3133 γὰρ
773 3068 929 3138 τείχη
953 3071 1204 3141 καρτερά
1240 3067 1310 3142 ἦν
1341 3071 1436 3124 καὶ
1465 3073 1515 3125 οἱ
1566 3072 1718 3135 ἐντὸς
1789 3068 1977 3125 πολλοὶ
2042 3070 2192 3132 ὀντες
2271 3067 2506 3139 ἰσχυρῶς
2556 3068 2614 3121 ἐν
2662 3066 2830 3136 ὀλίγῳ
2882 3066 3047 3139 χώρῳ
3095 3067 3367 3138 ἠμύνοντο
3419 3067 3516 3120 καὶ
3563 3066 3717 3119 σίτου

446 3160 698 3228 ἀφθόνως
745 3160 912 3235 εἶχον.
977 3166 1039 3220 '0
1066 3167 1175 3237 γὰρ
1229 3167 1415 3233 Βιθίας
1467 3168 1697 3231 ὁλκάδας
1758 3167 1867 3221 ἀπὸ
1926 3167 2026 3235 τῆς
2059 3167 2287 3237 ἄντικρυ
2348 3166 2449 3234 τῆς
2480 3164 2689 3228 πόλεως
2744 3163 2979 3233 ἠπείρου
3022 3165 3163 3217 κατὰ
3205 3163 3356 3232 κῦμα
3381 3165 3476 3217 καὶ
3502 3164 3708 3230 ἄνεμον

446 3253 641 3316 ὀτάκις
684 3256 934 3325 σφοδρῶς
956 3257 1133 3322 ἔπνει,
1192 3261 1249 3322 ἐς
1291 3259 1386 3313 τὸν
1432 3260 1628 3329 λιμένα
1686 3260 1872 3323 αὐτοῖς
1920 3260 2248 3329 εἰσέπεμπε,
2309 3259 2445 3328 πρὸς
2477 3257 2616 3329 ὅπερ
2678 3259 2705 3310 ό
2733 3258 2976 3310 Σκιπίων
3013 3257 3158 3326 μέγα
3219 3256 3382 3326 ἔργον
3444 3258 3541 3310 καὶ
3588 3258 3716 3309 ἐπε-

449 3351 611 3422 νόησε
646 3352 740 3404 καὶ
764 3352 1077 3407 ἐπετέλεσε.
1121 3354 1226 3407 Τὸν
1255 3353 1366 3424 γὰρ
1390 3354 1649 3408 εἴσπλουν
1687 3354 1782 3409 τοῦ
1811 3354 2033 3425 λιμένος
2072 3354 2259 3408 στενὸν
2318 3353 2450 3405 ὄντα
2516 3352 2812 3423 συνέχωσε,
2863 3351 3117 3423 χαλεπῶς
3152 3351 3251 3420 μὲν
3286 3350 3381 3404 καὶ
3415 3350 3714 3431 ἐπιπόνως⁹

448 3441 601 3512 ὅμως
630 3444 812 3510 μέντοι
853 3444 959 3497 ὑπὸ
987 3442 1340 3514 πολυχειρίας
1408 3443 1468 3498 τὸ
1509 3444 1668 3516 ἔργον
1712 3446 2056 3516 ἐξείργαστο.
2097 3445 2317 3514 Είργειν
2359 3444 2460 3514 μὲν
2507 3443 2617 3511 γάρ
2649 3443 2847 3506 αὐτοὺς
2889 3441 3209 3513 ἐπεχείρουν
3236 3443 3285 3496 οἱ
3328 3443 3719 3513 Καρχηδόνιοι,

451 3541 547 3592 καὶ
581 3536 772 3591 πολλαὶ
801 3539 971 3608 μάχαι
997 3539 1055 3592 ἐν
1088 3537 1261 3607 τούτῳ
1291 3536 1553 3606 ἐγίνοντο,
1604 3538 1664 3591 οὐ
1701 3538 1885 3608 μέντοι
1938 3539 2033 3591 καὶ
2074 3537 2322 3591 κωλῦσαι
2352 3538 2413 3590 -τὸ
2451 3537 2628 3607 χῶσαι
2656 3535 3026 3607 ἠδυνήθησαν.

519 3631 688 3687 XXX.
732 3632 871 3686 Tum
908 3647 1043 3687 vero
1073 3631 1567 3702 Carthaginienses
1599 3633 1835 3703 penuria
1875 3648 2028 3689 com-

2207 3632 2289 3689 A'.
2330 3633 2393 3689 Οί
2426 3629 2519 3686 οὖν
2575 3632 2950 3703 Καρχηδόνιοι
2998 3631 3093 3686 τοῦ
3134 3632 3409 3704 στόματος
3440 3632 3536 3686 τοῦ
3566 3632 3727 3706 λιμέο

452 3732 670 3782 meatus
703 3724 949 3795 graviter
999 3733 1255 3795 urgente,
1310 3724 1407 3779 alii
1441 3724 1900 3796 transfugerunt:
1941 3725 2037 3780 alii

449 3817 544 3889 qui
580 3815 931 3871 obsidionem
996 3814 1331 3875 tolerabant.
1381 3814 1585 3885 partim
1627 3815 2034 3880 moriebantur,

453 3906 656 3976 partim
718 3905 988 3961 cadavera
1038 3905 1357 3976 gustabant.
1412 3905 1686 3960 Asdrubal
1743 3904 1911 3975 igitur
1939 3920 2037 3974 spe

452 3996 775 4060 destitutus,
815 3997 1014 4068 legatis
1053 3997 1124 4052 ad
1166 3997 1485 4068 Scipionem
1537 3997 1606 4053 de
1654 4013 1789 4068 pace
1829 3998 2035 4062 missis,

452 4088 839 4159 impunitatem
875 4091 1242 4160 impetrasset,
1282 4092 1386 4146 nisi
1420 4092 1636 4147 caeteris
1662 4092 1828 4146 etiam
1857 4092 2038 4147 omni-

453 4182 558 4238 bus
608 4183 839 4238 salutem
882 4194 939 4238 et
971 4184 1289 4239 libertatem
1331 4185 1604 4254 petiisset.
1659 4185 1848 4256 Itaque
1887 4185 2038 4242 frus-

456 4282 653 4339 tratus,
706 4290 930 4329 uxorem
981 4276 1036 4330 in
1086 4290 1217 4331 arce
1273 4276 1570 4340 conclusit,
1616 4292 1741 4332 cum
1793 4278 1862 4333 de
1889 4293 1951 4333 ea
1982 4287 2039 4333 et

454 4364 647 4420 liberis
678 4365 795 4421 suis
824 4366 1248 4422 caduceatorem
1286 4367 1353 4421 ad
1399 4366 1715 4437 Scipionem
1756 4370 2034 4425 misisset:

456 4467 762 4527 ceterath
794 4459 1075 4526 instruxit,
1112 4460 1500 4531 desperatione
1534 4462 1710 4517 factus
1749 4462 2034 4518 audacior.

454 4548 635 4616 Atque
684 4549 801 4619 ipse
850 4566 956 4606 una
1000 4568 1126 4608 cum
1178 4553 1303 4608 aliis
1338 4563 1531 4609 noctes
1570 4555 1799 4622 dicsquc
1833 4570 2039 4624 pugna-

457 4642 612 4707 bant,
648 4645 784 4700 alias
813 4647 1125 4712 vincentes,
1172 4649 1308 4704 alias
1353 4651 1801 4716 succumbentes,
1834 4657 1890 4704 et
1922 4650 2037 4705 Ro-

456 4751 752 4791 manorum
787 4739 1062 4795 machinis
1118 4741 1255 4795 alias
1305 4742 1591 4797 machinas
1657 4741 2036 4810 opponebam.

458 4826 541 4882 Ad
572 4827 687 4884 haec
716 4830 947 4897 Bithias,
971 4833 1060 4888 cui
1088 4832 1362 4887 munitum
1397 4835 1680 4889 castellum
1708 4844 1848 4900 erat,
1879 4834 2038 4904 longe

459 4922 513 4977 in
548 4923 924 4978 continentem
959 4925 1403 4991 excurrendo,et
1435 4924 1919 4995 Carthaginienses
1944 4927 2039 4996 ju-

2139 3743 2230 3790 νος
2250 3725 2573 3796 χωσθέντος,
2596 3728 2663 3796 τῇ
2703 3724 2797 3779 τοῦ
2830 3725 2980 3779 σίτου
3023 3726 3218 3781 σπάνει
3248 3726 3440 3789 δεινῶς
3464 3727 3725 3798 ἐπιέσθη-

2141 3833 2259 3872 σαν·
2288 3817 2384 3871 καὶ
2414 3818 2461 3870 οἱ
2494 3818 2595 3887 μὲν
2629 3816 2989 3888 ηὐτομόλουν,
3032 3817 3085 3870 oi
3119 3818 3198 3894 νδέ
3254 3819 3726 3890 ἐγκαρτεροῦντες

2138 3909 2421 3981 ἔθνησκον,
2461 3912 2509 3965 oi
2529 3910 2587 3964 δὲ
2617 3910 2728 3965 τῶν
2756 3911 2967 3981 νεκρῶν
2997 3911 3274 3980 ἐγεύοντο.
3307 3910 3472 3965 Ὅθεν
3512 3914 3726 3985 ἀθυμη-

2140 4019 2240 4066 σας
2270 4001 2608 4074 Ἀσδρούϐας
2643 4002 2905 4075 πρέσϐεις
2932 4004 3070 4072 πρὸς
3124 4003 3217 4056 τὸν
3269 4003 3555 4057 Σκιπίωνα
3597 4006 3726 4076 περὶ

2141 4090 2383 4144 σπονδῶν
2407 4090 2620 4162 ἔπεμψε
2641 4108 2657 4123 ⁸
2692 4091 2787 4145 καὶ
2820 4091 3009 4163 ἔτυχεν
3049 4091 3117 4146 ἂν
3140 4091 3239 4163 τῆς
3268 4091 3478 4156 ἀδείας,
3537 4094 3589 4146 εί
3648 4094 3726 4165 μὴ

2139 4183 2383 4245 καὶτοῖς
2423 4182 2634 4246 λοιποῖς
2657 4182 2832 4238 ἅπασι
2870 4185 2965 4238 καὶ
2989 4184 3092 4255 τήν
3139 4184 3419 4254 σωτηρίαν
3464 4184 3564 4238 καὶ
3624 4186 3727 4258 τὴν

2140 4275 2457 4347 ἐλευθερίαν
2486 4277 2695 4347 πρᾶξαι
2727 4277 2983 4349 ἠθέλησε.
3034 4277 3362 4349 Διαμαρτὼν
3402 4279 3498 4333 οὖν
3553 4269 3724 4348 αύτῆς

2140 4369 2220 4432 εἰς
2251 4370 2353 4435 τὴν
2380 4370 2680 4439 ἀκρόπολιν
2727 4371 2827 4440 τὴν
2883 4373 3124 4436 γυναῖκα
3164 4370 3542 4439 κατέκλεισεν,
3601 4374 3726 4427 ἐπεὶ

2139 4462 2214 4531 τῷ
2243 4463 2507 4516 Σκιπίωνι
2536 4461 2675 4532 ὑπὲρ
2721 4462 2896 4533 αὐτῆς
2930 4466 3023 4516 καὶ
3060 4465 3168 4518 τῶν
3198 4467 3405 4520 τέκνων
3462 4467 3725 4539 διεκηρυ-

2140 4553 2397 4608 κεύσατο.
2430 4555 2542 4606 Καὶ
2568 4555 2736 4609 τᾶλλα
2760 4553 2971 4625 διῴκει,
2996 4556 3301 4626 τολμηρότε
3310 4575 3401 4629 ρος
3431 4559 3725 4630 γενόμενος

2140 4647 2231 4699 διὰ
2284 4645 2385 4717 τήν
2418 4647 2748 4713 ἀπόγνωσιν.
2794 4646 2970 4709 Αὐτός
3008 4664 3068 4700 τε
3114 4645 3209 4701 οὖν
3238 4648 3332 4702 καὶ
3372 4648 3525 4703 ἄλλοι
3584 4650 3723 4703 ἁπο-

2140 4739 2260 4812 νοίᾳ
2301 4739 2692 4810 κρατούμενοι,
2729 4738 2822 4791 καὶ
2848 4739 3044 4802 νυκτὸς
3063 4740 3159 4793 καὶ
3191 4739 3409 4810 ἡμέρας
3434 4740 3723 4810 ἐμάχοντο.

2144 4833 2253 4886 Καὶ
2275 4832 2342 4884 τὰ
2369 4832 2470 4901 μὲν
2502 4833 2767 4902 ἡττῶντο.
2794 4833 2862 4888 τὰ
2885 4834 2931 4887 δ’
2960 4833 3321 4904 ἐπεκράτουν,
3356 4833 3453 4886 καὶ
3480 4835 3723 4903 ἀντεμη-

2145 4919 2383 4990 χανῶντο
2414 4923 2553 4991 πρδς
2580 4922 2679 4985 τὰς
2718 4923 3037 4993 Ῥωμαϊκὰς
3065 4926 3335 4994 μηχανάς.
3366 4924 3723 4987 ΚαὶόΒιθίας

460 5014 645 5080 vabat,
681 5023 739 5070 et
786 5016 1050 5072 Romanis
1096 5018 1563 5073 incommodabat.
1614 5017 1796 5083 Quare
1851 5014 2032 5085 Scipio

2141 5013 2194 5065 δὲ
2226 5012 2487 5083 φρούριόν
2513 5032 2566 5067 τι
2594 5016 2831 5086 ἐρυμνὸν
2854 5014 2993 5086 ἔχων
3023 5015 3117 5069 καὶ
3138 5015 3231 5067 ἐπὶ
3251 5015 3421 5068 πολλὰ
3443 5016 3541 5086 τῆς
3562 5015 3722 5086 ἠπεί-

459 5107 656 5163 divisis
696 5108 894 5179 c0piis,
949 5118 1157 5180 partem
1205 5110 1262 5165 in
1295 5110 1586 5166 obsidione
1633 5107 1877 5177 reliquit,
1914 5122 2038 5177 paro

460 5208 570 5253 tem
599 5207 796 5254 contra
825 5199 1067 5254 Bithiam
1099 5199 1273 5263 misit,
1302 5199 1365 5255 C.
1409 5199 1580 5254 Laalio
1648 5197 1828 5267 legato
1854 5197 1996 5252 duce
2022 5215 2033 5250 :

457 5286 577 5358 ipse
633 5288 782 5344 ultro
824 5291 1078 5361 citroque
1116 5304 1457 5350 commeans,
1505 5288 1764 5357 utrinque
1801 5287 2041 5358 inspexit

456 5382 663 5436 omnia.
695 5380 932 5437 Castello
956 5391 1137 5453 capto,
1173 5398 1363 5438 rursus
1392 5379 1558 5452 469
1583 5388 1696 5434 ιοιο
1727 5394 1853 5434 cum
1882 5394 2042 5434 exer-

2148 5122 2243 5175 ρου
2263 5106 2494 5176 προῖὼν,
2529 5108 2658 5172 τούς
2692 5126 2751 5162 τε
2782 5108 3196 5180 Καρχηδονίους
3222 5108 3446 5178 ὠφέλει.
3475 5109 3573 5161 καὶ
3596 5110 3722 5171 τοὺς

2154 5197 2465 5264 Ῥωμαίους
2491 5200 2718 5254 ἐκάκου.
2744 5200 2835 5252 Διὸ
2862 5202 2956 5253 καὶ
2981 5199 3011 5251 ὀ
3032 5199 3277 5252 Σκιπίων
3314 5198 3376 5251 τὸ
3404 5200 3720 5268 στράτευμα

2145 5288 2333 5341 διελὼν
2364 5289 2425 5341 τὸ
2446 5289 2543 5359 μὲν
2566 5293 2630 5362 τῇ
2663 5291 2972 5363 Καρχηδόνι
3014 5289 3402 5361 προσεδρεύειν
3427 5289 3611 5364 grais,
3660 5289 3722 5340 τὸ

2142 5378 2198 5431 δὲ
2229 5378 2319 5431 ἐπὶ
2349 5378 2444 5433 τδν
2478 5380 2666 5436 Βιθίαν
2726 5383 2995 5454 ἐπεμψεν,
3054 5384 3359 5454 ἐπιστήσας
3405 5383 3556 5454 αὐτῷ
3631 5380 3721 5435 τὸν

1662 5534 1864 5596 Varia
1896 5532 2208 5595 lectiones
2227 5539 2290 5595 et
2325 5543 2518 5599 notes.

536 5666 647 5735 (56)
693 5666 968 5735 Ὅλίγους
1010 5666 1143 5721 καθ’
1180 5660 1478 5731 ἑκάστους
1525 5662 1724 5728 ὄντας.
1779 5660 1872 5715 Sic
1941 5673 2032 5713 ms:

2136 5660 2348 5718 Wolfius
2404 5664 2693 5735 legendum
2745 5665 3028 5733 censebat,
3083 5664 3299 5736 ὀλίγους
3364 5666 3548 5734 ὄντας,
3598 5666 3719 5721 καθ’

467 5738 729 5803 ἑκάστους
757 5739 1002 5808 τρέπων.
