4050 6210
446 267 555 337 797

1712 278 2119 341 ANNALIUM
2158 280 2312 343 LIB.
2354 282 2462 342 IX.

3592 286 3699 350 798

435 391 861 459 ὑποστράτηγον
895 389 985 440 τἰν
1028 387 1189 442 Γάῖον
1219 387 1440 443 Λαίλιον
1475 402 1490 419 ⁸
1521 391 1617 443 καὶ
1650 390 1811 454 αὐτὸς
1839 393 2016 446 ἐκατέ-

2131 394 2242 449 citn
2278 396 2472 451 urbem
2506 395 2745 455 obsedit.
2772 395 3260 466 Carthaginienses
3292 399 3460 470 igitur
3488 402 3702 472 abiecta

435 498 581 553 ρωσε
616 479 862 547 διεφοίτα
894 478 1065 549 ἄμφω
1091 480 1430 543 ἐπισκοπῶν,
1457 481 1555 535 καὶ
1582 480 1697 552 ἥλω
1745 482 1805 535 τὸ
1854 483 2016 554 φρούλ

2124 502 2221 557 spe
2251 489 2544 559 utriusque
2595 489 2926 543 munitionis
2953 489 3333 556 defendendze,
3389 491 3445 545 in
3479 492 3700 564 Byrsam

437 592 576 645 ριον.
643 568 758 625 Εἶτ’
818 568 977 635 αὖθις
1034 574 1183 644 πάσῃ
1247 575 1316 644 τῇ
1372 575 1602 645 στρατιᾷ
1647 575 2024 646 ἐπολιορκεῖτο

434 668 467 733 ὴ
495 664 827 735 Καρχηδὼν.
857 663 1213 733 Ἀπογνόντες
1240 662 1334 719 οὖν
1353 667 1402 718 οἱ
1439 665 1801 736 Καρχηδόνιοι
1825 666 2023 737 μηκέτι

437 758 705 827 έκάτερον
734 759 915 825 τεῖχος
938 757 1316 812 διασώσασθαι
1358 758 1648 825 δύνασθαι,
1682 763 1762 822 εἰς
1800 759 1893 812 τὸν
1924 760 2022 830 τῆς

433 851 660 918 Βύρσης
694 850 986 918 περίϐολον
1041 850 1138 903 ἂτε
1174 851 1268 904 κάὶ
1321 851 1691 921 ἐρυμνότερον
1729 851 2025 906 ἀνεσκευά-

435 958 622 1002 σαντο,
665 942 761 993 καὶ
797 941 1269 1011 μετακομίσαντες
1301 943 1402 995 ὅσα
1425 942 1706 1011 ⁴Ῑγδύναντο,
1745 944 2024 1015 κατέπρη-

434 1052 560 1088 σαν.
589 1032 802 1096 Νυκτὸς
834 1035 896 1086 τὸ
922 1032 1169 1105 νεώριον,
1203 1035 1296 1088 καὶ
1346 1035 1456 1087 τῶν
1489 1034 1667 1089 ἄλλων
1725 1036 1794 1090 τὰ
1827 1037 2021 1103 πλείω,

435 1131 525 1182 ἴνα
550 1129 651 1199 τῆς
673 1129 735 1187 ἐξ
758 1129 939 1183 αὐτῶν
1000 1130 1272 1198 ὡφελείας
1316 1131 1443 1193 τοὺς
1491 1132 1788 1203 πολεμίους
1828 1133 2023 1204 στερή-

438 1239 631 1276 σωσιν.
680 1222 772 1285 Ὠς
808 1220 1044 1290 δ’έγνων
1083 1221 1143 1276 τὸ
1176 1222 1337 1292 ἔργον
1366 1223 1416 1276 οἱ
1454 1223 1741 1293 Ῥωμαῖοι,
1795 1225 1888 1279 τὸν
1940 1226 2021 1278 λι-

438 1315 581 1383 μένα
606 1314 896 1385 κατέσχον,
923 1313 1018 1368 καὶ
1046 1314 1139 1367 ἐπὶ
1180 1314 1280 1385 τὴν
1316 1313 1534 1383 Βύρσαν
1578 1314 1869 1386 ὥρμησαν,
1926 1316 2022 1370 καὶ

433 1405 809 1475 κατασχόντες
845 1406 945 1468 τὰς
984 1405 1329 1475 ἑκατέρωθεν
1359 1407 1530 1475 αὐτῆς
1581 1406 1759 1470 οίκίας
1820 1408 1870 1459 oi
1920 1407 2020 1478 μὲν

432 1496 533 1550 ἐπὶ
566 1497 675 1549 τῶν
696 1497 875 1564 τεγῶν
899 1495 1080 1549 αὐτῶν
1106 1497 1198 1547 ἐπὶ
1228 1497 1327 1560 τάς
1350 1497 1437 1549 ἀεὶ
1459 1498 1721 1568 ἐχομένας
1748 1497 2019 1563 ἐϐάδιζον,

434 1590 488 1640 οἱ
524 1586 581 1640 δὲ
607 1588 734 1650 τοὺς
770 1587 989 1657 τοίχους
1033 1584 1439 1653 διορύσσοντες,
1476 1588 1722 1641 κάτωθεν
1772 1588 2015 1660 διῄεσαν,

434 1678 546 1741 ἓως
587 1676 725 1747 πρὸς
751 1678 922 1747 αὐτὴν
954 1675 1052 1747 τὴν
1085 1675 1264 1749 ἄκραν
1307 1677 1592 1748 ἀφίκοντο.
1632 1680 1903 1735 Ἐνταῦθα
1960 1681 2019 1735 δὲ

435 1769 758 1839 γενομένοις
810 1768 1023 1823 οὐκέτι
1078 1770 1329 1839 ἀντῆραν
1358 1771 1408 1823 οί
1462 1772 1849 1843 Καρχηδόνιοι,
1897 1772 2014 1826 ἀλλτ

435 1860 983 1931 ἐπεκηρυκεύσαντο,
1010 1860 1150 1932 πλὴν
1174 1860 1269 1914 τοῦ
1313 1862 1663 1933 Ἀσδρούόου.
1691 1864 1932 1928 Ἐκεῖνος
1958 1866 2017 1918 δὲ

440 1953 583 2021 μετά
618 1953 727 2006 τῶν
756 1953 1075 2023 αὐτομόλων
1106 1955 1155 2024 (ό
1177 1956 1286 2026 γὰρ
1317 1956 1558 2009 Σκιπίων
1586 1958 1687 2010 οὐκ
1722 1959 2018 2012 ἐσπείσατο

433 2044 643 2115 αὐτοῖς)
673 2046 756 2109 είς
779 2047 839 2099 τὸ
881 2045 1267 2117 ’Δσκληπίειον
1325 2048 1667 2119 ἀνειληλύθει
1722 2051 1862 2119 μετά
1916 2053 2018 2122 τῆς

433 2136 700 2202 γυναικὸς
729 2138 821 2191 καὶ
851 2138 958 2192 τῶν
989 2138 1222 2204 παίδων,
1266 2139 1565 2195 κάντεῦθεν
1592 2141 1833 2211 ἠμύνετο
1888 2145 2017 2207 τοὺς

434 2225 910 2296 προσϐάλλοντας,
945 2228 1140 2298 μέχρις
1198 2221 1260 2282 οὗ
1302 2229 1694 2298 ἐμπρήσαντες
1733 2231 1827 2284 τὸν
1882 2230 2018 2283 νεὼν

431 2320 484 2371 oi
541 2319 835 2388 αὐτόμολοι
888 2321 981 2374 ἐπὶ
1028 2320 1091 2374 τὸ
1144 2322 1305 2390 τέγος
1351 2321 1520 2376 αὑτοῦ
1576 2321 1875 2392 ἀνέϐησαν,
1917 2323 2016 2394 τὴν

433 2410 675 2482 ἐσχάτην
698 2410 790 2464 τοῦ
817 2412 989 2481 πυρὸς
1016 2411 1265 2482 ἀνάγκην
1298 2412 1685 2482 ἀναμένοντες.
1732 2412 1866 2465 Τότε
1908 2413 2018 2481 γὰρ

431 2503 705 2573 ἡσσηθεὶς
736 2504 875 2573 πρὸς
907 2504 998 2557 τὸν
1021 2504 1304 2557 Σκιπίωνα
1346 2499 1510 2574 ἦλθεν
1539 2502 1823 2574 ἱκετηρίαν
1852 2502 2013 2571 ἔχων.

445 2591 657 2645 ’ἰδοῦσα
682 2592 739 2646 δὲ
765 2593 929 2647 αὐτὸν
983 2594 1017 2664 ἡ
1049 2593 1186 2664 γυνὴ
1213 2593 1603 2646 ἀντιϐολοῦντα
1632 2594 1896 2661 ὀνομαστὶ
1917 2595 2014 2647 ἀν.

432 2685 720 2748 εκάλεσεν,
756 2687 850 2739 καὶ
882 2685 1255 2750 ἐξονειδίσασα
1285 2686 1367 2739 ὅτι
1394 2684 1576 2754 ἐαυτῷ
1614 2686 1713 2754 τὴν
1741 2684 2015 2754 σωτηρίαν

434 2776 655 2847 πράξας
676 2777 777 2830 οὐκ
797 2776 1096 2847 ἐπέτρεψεν
1130 2777 1320 2848 ἐκείνῃ
1375 2774 1729 2841 σπείσασθαι,
1757 2775 1825 2828 τά
1852 2774 2015 2828 τέκνα

436 2868 700 2922 ἐνέϐαλεν
750 2870 832 2930 είς
873 2869 936 2922 τὸ
968 2869 1101 2937 πῦρ,
1161 2869 1257 2922 καὶ
1291 2867 1494 2937 ἑαυτὴν
1550 2867 2013 2939 προσεπέρριψεν.

448 2962 622 3015 Ἐλὼν
658 2961 752 3015 οὖν
784 2960 928 3014 οὕτω
960 2963 1059 3031 τὴν
1092 2962 1420 3032 Καρχηδόνα
1464 2964 1492 3013 ὁ
1520 2961 1786 3025 Σκιπίων,
1816 2963 1882 3030 τῇ
1923 2976 2015 3026 γε·

2125 588 2188 634 ut
2244 579 2599 635 munitiorem
2650 580 2940 636 contulere
2993 596 3115 651 qua:
3146 589 3447 651 potuerunt
3496 585 3702 648 omnia,

2124 671 2304 725 navali
2357 680 2524 725 noctu
2576 672 2827 738 incenso,
2868 681 2925 727 et
2962 681 3287 728 eaeterarum
3319 675 3553 743 partium
3592 676 3707 744 ple-

2122 764 2334 833 risque,
2391 779 2461 817 ne
2519 763 2775 818 hostibus
2830 765 2953 819 usui
3007 776 3213 820 essent.
3253 765 3392 819 Tum
3444 766 3702 831 Romani,

2121 863 2284 925 portu
2319 864 2609 923 occupato,
2641 855 2864 924 Byrsam
2901 855 3102 919 adorti,
3136 854 3347 910 ardibus
3376 872 3499 927 qua:
3527 857 3706 912 utrin-

2123 959 2231 1013 que
2254 938 2422 1001 erant
2469 944 2827 1009 conscensis,
2880 945 3080 1012 partim
3131 944 3188 998 in
3242 945 3376 1014 ipsis
3433 946 3594 1000 tectis
3634 944 3704 999 ad

2123 1038 2336 1092 vicinas
2363 1036 2715 1091 transibant:
2759 1036 2959 1107 partim
2992 1036 3299 1105 parietibus
3337 1035 3549 1090 inferne
3579 1020 3706 1105 per-

2122 1129 2303 1193 fossis,
2336 1130 2391 1183 in
2421 1129 2595 1199 ipsam
2646 1144 2829 1184 arcem
2865 1128 3249 1200 penetrabant.
3285 1127 3407 1194 Quo
3448 1143 3573 1182 cum
3606 1144 3704 1182 ve-

2121 1224 2358 1289 nissent,
2378 1222 2867 1292 Carthaginienses
2906 1227 3091 1292 pugna
3117 1222 3343 1287 omissa,
3373 1236 3564 1291 pacem
3600 1236 3701 1290 pe-

2126 1316 2355 1381 tierunt,
2408 1324 2609 1386 praeter
2648 1314 3010 1369 Asdrubalem
3048 1331 3062 1367 :
3102 1314 3195 1383 qui
3242 1328 3369 1369 cum
3405 1311 3703 1382 transfugis

2123 1409 2216 1475 (iis
2243 1410 2393 1464 enim
2452 1409 2640 1478 Scipio
2675 1407 2891 1462 veniam
2939 1407 3186 1476 negarat)
3238 1415 3294 1460 et
3324 1420 3494 1459 uxore
3536 1414 3703 1474 atque

2120 1500 2313 1556 liberis
2339 1516 2643 1555 conscenso
2693 1499 2994 1568 AEseulapii
3032 1499 3256 1567 templo,
3282 1513 3340 1552 se
3369 1508 3563 1551 contra
3606 1513 3703 1566 op-

2121 1603 2431 1664 pugnantes
2479 1592 2847 1647 defendebat:
2893 1593 3070 1646 donec
3114 1590 3408 1659 transfuga:
3456 1590 3573 1644 mde
3616 1590 3703 1643 in-

2123 1701 2310 1751 censa,
2369 1686 2599 1754 ejusque
2638 1693 2782 1739 tecto
2832 1699 3157 1747 conscenso,
3209 1692 3510 1736 extremam
3562 1679 3704 1750 ignis

2123 1779 2509 1834 necessitatem
2565 1786 2980 1847 exspectarunt.
3032 1776 3171 1829 Tum
3220 1775 3441 1830 demum
3473 1772 3703 1842 supplex

2120 1870 2188 1925 ad
2218 1870 2533 1940 Scipionem
2564 1870 2825 1925 accessit.
2858 1869 3029 1935 Quem
3062 1883 3185 1922 cum
3227 1882 3364 1921 uxor
3399 1865 3701 1934 deprecan—

2122 1971 2230 2016 tem
2274 1961 2511 2024 videret,
2560 1976 2630 2016 eo
2680 1960 3025 2015 nominatim
3062 1968 3280 2021 vocato,
3322 1952 3698 2025 exprobravit,

2119 2054 2265 2124 quod
2310 2055 2537 2124 privata:
2570 2054 2732 2108 saluti
2784 2053 3100 2116 consulens,
3140 2051 3243 2121 ipsi
3279 2063 3469 2119 pacem
3528 2047 3702 2113 impc-

2123 2156 2267 2201 trare
2296 2162 2406 2200 non
2444 2146 2786 2216 permisisset
2817 2162 2832 2200 :
2873 2160 2938 2200 ac
2970 2146 3205 2214 primum
3232 2143 3459 2197 liberos.
3499 2137 3701 2193 deinde

2119 2237 2469 2306 semetipsam
2504 2237 2558 2290 in
2589 2237 2770 2308 ignem
2800 2235 3059 2305 coniecit.
3091 2233 3422 2304 Carthagine
3451 2232 3517 2286 ad
3552 2231 3702 2285 hunc

2117 2324 2345 2380 modum
2375 2334 2557 2396 capta,
2582 2326 3015 2396 Scipiosenatui
3053 2325 3277 2394 scripsit
3311 2328 3365 2378 in
3400 2323 3544 2377 hanc
3575 2336 3706 2377 sen-

2118 2419 2347 2473 tentiam
2376 2435 2391 2473 ;
2434 2416 2702 2489 Carthago
2730 2429 2888 2488 capta
2939 2427 3054 2472 est:
3097 2418 3224 2487 quid
3271 2418 3433 2486 igitur
3458 2414 3654 2486 jubetis
3677 2414 3703 2468 ἲ

2117 2512 2234 2576 Qua
2271 2511 2340 2565 de
2368 2527 2426 2566 re
2458 2526 2582 2566 cum
2609 2511 2768 2566 lectis
2797 2512 2884 2566 his
2914 2512 3341 2573 deliberaretur,
3367 2508 3576 2564 Catone
3612 2523 3707 2562 ur-

2117 2603 2243 2658 bem
2277 2604 2631 2659 evertendam
2665 2612 2719 2658 et
2757 2601 3243 2675 Carthaginienses
3276 2601 3543 2656 delendos
3581 2615 3703 2656 esse

2117 2704 2404 2758 censente,
2453 2694 2651 2750 Nasica
2695 2709 2831 2750 vero
2867 2695 3050 2749 adhuc
3094 2695 3179 2749 eis
3206 2694 3548 2764 parcendum
3580 2708 3702 2747 esse

2118 2796 2507 2848 asseverante,
2568 2801 2765 2856 magna
2810 2794 2931 2838 orta
2982 2791 3068 2838 est
3118 2781 3411 2836 dissensio.
3464 2779 3700 2845 Quidam

2117 2894 2249 2934 vero
2281 2879 2457 2934 dixit:
2500 2879 2554 2933 Si
2600 2880 2752 2933 nulla
2787 2877 2894 2932 alia
2941 2876 3011 2931 de
3056 2890 3246 2940 causa,
3296 2883 3525 2944 propter
3549 2871 3701 2941 ipsos
3784 2870 3799 2881 '

2118 2970 2398 3024 Romanos
2433 2969 2626 3024 saltem
2666 2967 2751 3023 eis
2778 2965 2929 3036 parci
2974 2980 3203 3020 necesse
3234 2978 3379 3029 esse,
3411 2972 3476 3018 ut
3506 2961 3701 3015 adver-

439 3052 639 3124 ρουσίᾳ
690 3053 974 3106 ἐπέστειλε
1023 3052 1188 3108 τάδε’
1225 3051 1557 3122 Καρχηδὼν
1579 3050 1758 3107 ἐὰλωο
1821 3052 1881 3105 τί
1900 3049 2015 3106 οὖν

2120 3061 2297 3115 sarios
2328 3059 2621 3123 habentes,
2669 3059 2934 3115 virtutem
2980 3067 3328 3116 exercerent.
3398 3068 3580 3123 neque
3629 3050 3699 3106 ad

437 3147 755 3208 κελεύετες
823 3144 1314 3214 ’Δναγνωσθέντων
1389 3141 1483 3198 οὖν
1551 3144 1758 3198 τούτων
1819 3143 2015 3214 βουλὴν

435 3232 627 3290 ἔθεντο
654 3237 903 3306 περὶτοῦ
933 3238 985 3291 τί
1013 3237 1132 3290 δέον
1173 3238 1368 3292 ποιεῖν,
1423 3237 1533 3290 Καὶ
1588 3238 1616 3288 ό
1675 3236 1773 3307 μὲν
1814 3238 2016 3290 Κάτων

437 3328 792 3397 κατασκάψαι
814 3328 913 3400 τὴν
940 3329 1095 3383 πόλιν
1115 3330 1206 3382 καὶ
1230 3331 1354 3394 τοὺς
1379 3329 1784 3400 Καρχηδονίους
1805 3327 2013 3398 ἐξαφα-

436 3424 587 3475 νίσαι
616 3422 726 3474 δεῖν
744 3422 1209 3492 ’ἐγνιυμάτευσεν-
1265 3424 1293 3476 ό
1333 3423 1391 3475 δὲ
1443 3423 1693 3485 Νασικᾶς
1720 3421 2013 3490 φείσασθαι

437 3512 550 3565 τῶν
581 3511 974 3582 Καρχηδονίων
1026 3516 1121 3565 καὶ
1166 3511 1247 3565 έτι
1305 3512 1684 3576 συνεϐούλευε,
1719 3511 2013 3565 κάντεῦθεν

437 3606 522 3669 είς
548 3604 862 3672 ἀντιλογίαν
887 3605 1089 3675 πολλὴν
1110 3606 1359 3677 προήχθη
1389 3607 1487 3660 καὶ
1515 3606 1926 3676 ἀμφισϐήτησιν
1955 3605 2016 3659 τὸ

439 3695 739 3767 συνέδριον.
761 3695 907 3758 Ἕως
935 3696 1037 3762 ἔφη
1069 3713 1176 3764 τις,
1199 3696 1308 3761 ὅτι,
1338 3696 1388 3748 εἰ
1419 3696 1510 3749 καὶ
1542 3696 1610 3749 δι’
1631 3695 1785 3749 οὐδὲν
1805 3695 2014 3765 ἕτερον,

440 3786 581 3842 ἀλλά
608 3804 671 3856 γε
694 3786 901 3841 ἑαυτῶν
930 3787 1095 3841 ἕνεκα
1127 3786 1423 3856 φείσασθαι
1476 3786 1656 3840 αὐτῶν
1712 3789 2014 3854 ἀναγκαῖον

437 3882 716 3953 νομίζοιτο
773 3884 863 3947 ἂν,
927 3882 994 3936 ἵν’
1054 3881 1468 3950 ἀνταγωνιστὰς
1525 3882 1726 3946 αὐτοὺς
1775 3882 2013 3953 ἔχοντες,

441 3974 642 4045 ἀρετὴν
691 3973 927 4039 ἀσκῶσι,
982 3974 1077 4027 καὶ
1128 3974 1204 4045 μὴ
1258 3973 1395 4044 πρὸς
1425 3972 1618 4040 ἡδονὰς
1679 3972 1774 4026 καὶ
1799 3973 2014 4043 τρυφὴν

440 4064 778 4135 τράπωνται,
802 4062 913 4118 τῶν
946 4062 1265 4133 δυναμένων
1318 4062 1519 4124 αὐτοὺς
1571 4064 2015 4130 καταναγκάζειν

440 4155 520 4224 είς
570 4155 803 4225 ἄσκησιν
846 4153 958 4207 τῶν
1002 4152 1319 4225 πολεμικῶν
1378 4152 1867 4225 περιαιρεθέντων,
1920 4155 2015 4208 καὶ⁵

438 4248 658 4319 χείρους
681 4247 774 4300 ὑπ’
804 4247 1146 4317 ἀνασκησίας
1199 4246 1490 4315 γένωνται,
1520 4246 1841 4316 ἀξιοχρέους
1864 4246 2015 4299 ἀντι·

440 4339 720 4410 πολέμους
752 4339 829 4411 μὴ
877 4338 1115 4409 ἔχοντες.
1162 4339 1259 4392 Ἐκ
1289 4337 1495 4391 τούτων
1540 4334 1634 4391 οὖν
1687 4337 1797 4390 τῶν
1840 4337 2014 4404 λόγων

2119 3153 2311 3207 luxum
2364 3162 2419 3208 et
2467 3152 2696 3207 delicias
2742 3160 3222 3218 converterentur,
3270 3146 3502 3204 sublatis
3558 3144 3626 3198 iis
3666 3157 3702 3197 a

2120 3247 2323 3316 quibus
2351 3245 2419 3300 ad
2475 3245 2553 3299 rei
2586 3245 2798 3300 bellica:
2839 3243 3292 3299 exercitationem
3323 3245 3653 3310 cogerentur
3676 3248 3701 3291 :

2122 3352 2261 3393 neve
2311 3352 2411 3407 per
2441 3337 2712 3407 ignaviam
2763 3336 3068 3391 deteriores
3100 3334 3315 3394 ﬁerent,
3352 3329 3578 3401 paribus
3602 3327 3705 3382 ad-

2123 3427 2385 3483 versariis
2428 3436 2704 3483 carentes.
2761 3426 3004 3481 Tandem
3060 3435 3244 3478 tamen
3302 3437 3407 3477 una
3449 3418 3697 3475 omnium

2120 3518 2393 3573 Sententia
2429 3518 2551 3577 fuit.
2588 3516 2974 3587 Carthaginem
3006 3513 3360 3570 evertendam
3387 3526 3530 3574 esse,
3567 3522 3694 3563 cum

2120 3610 2349 3665 credere
2375 3626 2484 3664 non
2518 3618 2769 3679 possent,
2797 3623 2920 3663 eam
2964 3607 3156 3662 urbem
3194 3616 3436 3672 unquam
3479 3599 3696 3654 sincere

2119 3717 2308 3773 pacem
2341 3711 2701 3755 servaturam.
2750 3700 2941 3769 Itaque
2994 3698 3243 3752 funditus
3274 3708 3469 3750 eversa
3499 3700 3606 3751 est,
3639 3696 3698 3743 et

2119 3792 2239 3862 ejus
2273 3790 2452 3846 solum
2501 3789 2638 3843 diris
2686 3788 3180 3857 imprecationibus
3230 3783 3588 3845 obstrictum,
3626 3794 3696 3833 ne

2119 3882 2247 3953 quis
2282 3896 2522 3952 unquam
2561 3881 2614 3934 in
2646 3895 2714 3935 eo
2741 3880 3043 3935 habitaret.
3075 3879 3153 3933 Ex
3181 3876 3416 3947 captivis
3447 3874 3695 3945 plerique

2121 3975 2179 4029 in
2207 3988 2431 4029 carcere
2463 3973 2792 4042 perierunt:
2834 3971 3022 4041 pauci,
3055 3968 3401 4041 principibus
3424 3964 3693 4034 exceptis,

2119 4064 2351 4121 venditi.
2384 4063 2520 4119 Nam
2550 4064 2609 4129 ii,
2639 4072 2697 4119 et
2716 4062 2961 4128 obsides,
2994 4070 3052 4117 et
3080 4060 3349 4117 Asdrubal
3377 4067 3443 4122 et
3461 4056 3695 4125 Bithias,

2117 4157 2210 4213 alii
2243 4156 2297 4211 in
2327 4155 2453 4210 aliis
2487 4155 2656 4210 Italiae
2691 4154 2943 4225 partibus
2976 4154 3144 4209 vitam
3205 4152 3258 4206 in
3288 4151 3480 4207 liberis
3508 4156 3699 4204 custo-

2116 4250 2224 4306 diis
2256 4256 2581 4319 exegerunt.
2630 4247 2817 4317 Scipio
2866 4246 3034 4319 470
3062 4244 3290 4315 gloriam
3338 4252 3396 4298 et
3427 4244 3693 4297 honorem

2118 4342 2372 4410 adeptus,
2404 4354 2606 4393 nomen
2638 4339 2880 4393 Africani
2919 4355 3026 4392 non
3080 4338 3190 4408 jam
3222 4339 3292 4392 ab
3323 4350 3426 4389 avo
3458 4332 3697 4388 hzeredi-

442 4434 648 4495 πάντες
676 4433 1034 4503 κατασκάψαι
1088 4433 1192 4503 τὴν
1226 4431 1552 4502 Καρχηδόνα
1608 4429 2016 4500 ὡμογνωμόνη-

2123 4432 2346 4494 tarium,
2380 4428 2477 4484 sed
2512 4444 2610 4498 per
2649 4444 2709 4484 se
2741 4436 2957 4497 partum
2990 4428 3203 4482 habuit.

442 4537 566 4591 σαν,
601 4527 813 4597 μήποτε
839 4525 1157 4596 εἰρηνήσειν
1187 4523 1436 4586 ἐκείνως
1467 4521 1861 4585 πιστεύσαντες
1886 4520 2136 4592 ἀκριϐῶς
2159 4538 2173 4550 °
2206 4522 2304 4574 καὶ
2329 4522 2480 4574 πᾶσα
2515 4520 2684 4592 ἄρδην
2709 4520 3015 4583 ἀνάστατος
3037 4521 3252 4589 γέγονε,
3278 4521 3373 4572 καὶ
3405 4517 3695 4586 ἐπάρατον

450 4619 735 4690 ἐψηφίσθη
765 4617 825 4671 τὸ
858 4616 944 4670 ἐπ’
973 4618 1143 4683 αὐτὴν
1168 4616 1501 4686 κατοικῆσαι
1530 4633 1677 4669 τινα.
1710 4616 1823 4669 Καὶ
1847 4614 1960 4669 τῶν
1986 4615 2197 4687 ἀνδρῶν
2232 4615 2341 4669 τῶν
2374 4616 2617 4671 ἁλόντων
2651 4616 2701 4669 οἱ
2738 4616 2836 4685 μὲν
2870 4616 3087 4679 πλείους
3117 4618 3196 4678 είς
3221 4617 3279 4667 τὸ
3309 4613 3691 4682 δεσμωτήριον

442 4715 836 4787 ἐνεδλήθησαν,
868 4714 1031 4767 κάκεῖ
1053 4712 1450 4782 διεφθάρησανο
1504 4712 1676 4779 ὀλίγοι
1734 4711 1793 4765 δέ
1839 4729 2008 4774 τινες,
2043 4714 2183 4783 πλὴν
2210 4712 2320 4765 τῶν
2346 4712 2487 4766 πάνυ
2522 4711 2759 4782 πρώτων
2796 4711 3117 4781 ἐπράθησαν
3141 4727 3153 4739 ·
3201 4703 3349 4762 οὗτοι
3397 4708 3505 4776 γάρ
3533 4705 3588 4758 oi'
3632 4719 3693 4755 τε

440 4811 663 4878 ὅμηροι,
687 4805 779 4858 καὶ
809 4805 838 4856 ὁ
881 4801 1213 4873 Ἀσδρούϐας
1250 4803 1346 4855 καὶ
1374 4804 1401 4855 ό
1432 4802 1647 4865 Βιθίας,
1676 4801 1828 4855 ἄλλοι
1857 4802 1995 4876 ἄλλῃ
2020 4805 2120 4872 τῆς
2165 4802 2399 4866 Ἰταλίας
2435 4804 2491 4856 ἐν
2533 4804 2795 4873 φρουραῖς
2826 4801 3082 4872 ἀδέσμοις
3124 4799 3488 4853 κατεδίωσαν.
3546 4797 3604 4849 Ὀ
3635 4794 3694 4847 δὲ

445 4896 871 4964 Σκιπίωνδόξης
896 4912 957 4950 τε
988 4895 1148 4966 ἔτυχε
1176 4894 1270 4946 καὶ
1295 4894 1484 4963 τιμῆς,
1513 4896 1610 4947 καὶ
1635 4894 1967 4965 Ἀφρικανὸς
1998 4895 2099 4948 οὐκ
2131 4895 2240 4949 ἀπὸ
2271 4896 2364 4948 τοῦ
2392 4895 2648 4961 πάππου,
2686 4893 2803 4947 ἀλλ’
2838 4893 2946 4947 ἀπὸ
2976 4892 3084 4946 τῶν
3115 4892 3329 4944 οἰκείων
3356 4887 3691 4955 ἐπεκέκλητο

440 5008 482 5041 π
492 4987 719 5058 ράξεων.

512 5083 638 5133 AA'.
670 5078 805 5131 Τότε
855 5076 913 5129 δέ
960 5074 1056 5129 καὶ
1088 5076 1123 5143 ἡ
1178 5072 1441 5143 Κόρινθος
1476 5075 1819 5145 κατεσκάφη.
1863 5073 2019 5129 Ἐπεὶ

440 5171 553 5239 γὰρ
585 5168 694 5226 τῶν
731 5167 1003 5237 Ἑλλήνων
1019 5164 1071 5218 οἱ
1091 5164 1513 5235 κορυφαιότατοι
1543 5164 1648 5216 ὑπὸ
1675 5164 1770 5217 τοῦ
1804 5163 2015 5217 Παύλου

440 5261 696 5331 Αἰμιλίου
751 5256 1170 5329 μετῳκίσθησαν
1208 5256 1289 5318 είς
1325 5254 1426 5323 τὴν
1463 5254 1711 5319 Ἰταλίαν,
1744 5255 1795 5307 οἱ
1835 5254 2016 5307 λοιποὶ

438 5355 504 5406 τὸ
554 5352 654 5423 μὲν
700 5350 916 5421 πρῶτον
965 5346 1281 5420 πρεσϐείαις
1336 5344 1461 5408 τοὺς
1487 5344 1689 5414 ἀνδρας
1717 5346 1963 5418 ἀπῄτουν
1997 5361 2012 5381 ο

440 5443 519 5505 ὡς
570 5443 614 5496 δ’
666 5440 768 5495 οὐκ
823 5439 1036 5508 ετυχον,
1087 5436 1369 5499 καίητινες
1408 5438 1635 5489 ἐκείνων
1681 5439 1780 5505 τὴν
1829 5436 2012 5489 οἴκαδε

443 5532 775 5603 ἀπογνόντες
805 5530 1062 5585 ἐπάνοδον
1087 5528 1311 5589 ἑαυτοὺς
1341 5527 1721 5598 διεχρήσαντο,
1761 5529 2013 5597 χαλεπῶς

442 5628 728 5691 διέκειντο,
761 5628 854 5681 καὶ
894 5624 1091 5686 πένθος
1122 5624 1383 5705 δημόσιον
1425 5624 1779 5694 ἐποιήσαντο,
1809 5614 2011 5686 τοῖξτε

445 5722 516 5775 τὰ
559 5721 846 5793 Ῥωμαίων
893 5716 1149 5790 φρονοῦσι
1205 5718 1355 5787 παρά
1390 5714 1573 5787 σφίσιν
1602 5716 1920 5789 ὠργίζοντο,
1954 5718 2015 5771 ού

2194 5076 2386 5134 XXXI.
2429 5078 2568 5132 Tum
2607 5075 2909 5132 Corinthus
2950 5073 3113 5129 etiam
3162 5081 3247 5128 est
3297 5086 3512 5127 eversa.
3555 5068 3689 5123 Nam

2125 5182 2251 5220 cum
2301 5167 2503 5222 Paulus
2550 5165 2807 5220 [Ernilius
2837 5165 3152 5221 Grmcorum
3182 5162 3464 5232 principes
3501 5162 3552 5214 in
3584 5159 3692 5212 ιω-

2122 5260 2251 5314 liam
2282 5259 2655 5314 transtulisset
2682 5276 2695 5312 :
2730 5258 2912 5314 caeteri
2940 5258 3177 5328 primum
3212 5271 3308 5310 eos
3331 5249 3694 5324 legationibus

2120 5352 2523 5422 repetiverunt.
2575 5352 2650 5406 Ea
2685 5367 2745 5407 re
2782 5368 2892 5407 non
2944 5351 3256 5422 impetrata,
3311 5362 3435 5403 cum
3467 5342 3688 5412 quidam

2120 5458 2312 5498 eorum
2363 5442 2586 5497 domum
2650 5443 2938 5498 reditionis
2988 5458 3085 5513 spe
3138 5435 3520 5506 sublata,‘ipsi
3585 5433 3692 5490 sibi

2120 5552 2315 5591 manus
2362 5536 2697 5597 attulissent,
2746 5536 2985 5605 graviter
3035 5531 3217 5586 amicti
3263 5528 3539 5599 publicum
3576 5524 3695 5579 luc-

2121 5641 2240 5685 tum
2272 5629 2657 5694 instituerunt,
2706 5629 3076 5682 Romanorum
3127 5622 3272 5691 apud
3328 5637 3385 5676 se
3425 5619 3694 5675 studiosis

2126 5723 2275 5789 irati,
2322 5722 2457 5779 nihil
2504 5731 2683 5776 tamen
2719 5720 2916 5776 hostile
2942 5733 3053 5787 pne
3086 5731 3145 5773 se
3188 5714 3473 5771 tulerunt:
3517 5715 3691 5769 donec
