4050 6210
374 248 479 311 799

1675 235 2006 307 IOANNIS
2035 235 2363 302 ZONARE

3542 243 3657 311 800

375 361 610 434 reliquis
658 376 726 417 ex
781 361 852 416 iis
891 360 1029 417 viris
1076 360 1337 432 receptis,
1391 358 1429 416 ii
1487 356 1698 431 quibus.
1750 355 1968 428 injuria:

2076 356 2262 426 μέντοι
2290 358 2386 411 καὶ
2433 356 2696 429 πολέμιόν
2727 374 2780 410 τι
2819 357 3186 425 ἐπεδείξαντο.
3223 358 3418 429 μέχρις
3444 357 3506 415 οὗ
3535 362 3665 423 τοὺς

373 455 534 511 facta:
567 462 749 515 erant,
784 463 839 508 et
865 453 960 525 qui
989 453 1170 511 aliena
1207 452 1493 514 tenebant,
1532 452 1737 508 bellum
1767 466 1957 507 susce-

375 554 622 617 perunt:
665 544 882 600 Achaeis
926 543 1293 601 dissensionis
1320 544 1667 612 auctoribus,
1701 543 1961 600 Lacedae—

377 636 596 691 monios
633 635 740 691 sibi
794 650 1021 691 causam
1062 636 1333 689 malorum
1385 635 1666 693 exstitisse
1719 651 1965 710 conque-

379 726 661 789 rentibus.
692 726 958 782 Romanis
980 742 1077 780 eos
1107 728 1410 783 conciliare
1440 728 1825 786 adnitentibus
1854 745 1963 791 nou

381 831 709 893 paruerunt,
755 824 850 878 sed
890 824 1134 881 Critolao
1184 825 1325 881 duce
1360 834 1569 893 creato,
1616 842 1766 884 arma
1801 842 1965 897 cepe-

380 922 530 971 runt.
564 913 755 984 Itaque
784 915 999 973 veritus
1025 916 1298 981 Metellus,
1332 932 1401 972 ne
1423 916 1797 975 Macedoniam
1826 936 1970 989 qm»-

381 1022 491 1076 que
548 1006 875 1065 invaderent
932 1006 1060 1077 (iam
1109 1009 1257 1069 enim
1290 1010 1632 1067 Thessaliam
1675 1010 1966 1080 intrarant)

382 1098 539 1167 prior
590 1098 808 1155 obviam
850 1099 1154 1169 profectus,
1207 1116 1305 1156 eos
1358 1101 1689 1173 proﬂigavit.
1721 1102 1968 1159 Critolao

383 1205 550 1254 eraso,
587 1190 762 1247 δι’ωυὶ
789 1193 844 1247 in
880 1193 1020 1253 duas
1049 1204 1239 1265 partes
1265 1203 1394 1249 sunt
1418 1195 1691 1262 distracti,
1720 1213 1846 1253 cum
1872 1197 1967 1259 alii

383 1283 581 1352 positis
626 1284 801 1343 armis
849 1301 1040 1353 paceni
1091 1295 1439 1356 expeterent,
1487 1289 1579 1345 alii
1633 1289 1964 1349 seditionem

385 1384 674 1445 urgerent,
724 1376 870 1435 Diteo
914 1395 1127 1439 summa
1159 1396 1344 1436 rerum
1387 1383 1674 1451 permissa.
1710 1384 1831 1452 Quo
1856 1384 1971 1439 Ro-

385 1469 534 1525 mani
570 1470 812 1540 cognito,
848 1470 1172 1531 Mummium
1202 1474 1421 1529 Metello
1451 1492 1830 1532 successorem
1859 1477 1968 1531 mi-

384 1570 617 1617 serunt:
680 1565 775 1634 qui
826 1580 951 1623 eum
1008 1565 1137 1625 belli
1190 1568 1668 1625 administratione
1711 1580 1969 1642 suscepta

384 1655 598 1727 plagam
635 1671 715 1712 ex
758 1658 975 1719 insidiis
1012 1675 1138 1717 cum
1189 1670 1346 1731 parte
1393 1662 1672 1721 exercitus
1724 1664 1971 1735 accepis-

385 1753 489 1808 set,
526 1746 674 1805 Diam
700 1748 974 1819 fugientes
1004 1766 1181 1820 usque
1231 1753 1297 1807 ad
1333 1764 1511 1813 castra
1543 1768 1857 1826 persecute,
1892 1759 1974 1814 vi-

2067 448 2383 523 περιλιπεϊς
2431 450 2541 504 τῶν
2592 450 2806 523 ἀνδρῶν
2856 451 3082 504 ἐκείνων
3134 453 3489 523 ἐκομίσαντο.
3522 457 3663 509 Τότε

2064 542 2121 595 δὲ
2155 542 2524 615 διενεχθέντες
2553 544 2804 616 ἀλλήλοις
2852 545 2907 599 οἴ
2940 545 2987 598 τ’
3032 546 3355 616 ἠδικημένοι
3389 550 3486 602 καὶ
3516 552 3568 601 ei
3593 554 3665 602 ti

2067 634 2323 706 ἀλλότρια
2355 636 2571 706 ἔχοντες
2602 637 2971 707 ἐπολέμησαν.
3018 638 3292 708 Ἤρξαντο
3319 640 3377 693 δὲ
3413 641 3510 710 τῆς
3537 642 3663 695 δια-

2071 731 2245 800 φορᾶς
2267 730 2318 783 οἱ
2364 730 2596 801 Ἀχαιοὶ,
2629 732 2747 793 τοῖς
2791 731 3247 800 Λακεδαιμονίοις
3294 734 3665 800 ὲγκαλοίντες

2069 821 2143 888 ὡς
2174 822 2371 886 αἰτίοις
2398 822 2508 877 τῶν
2533 822 2960 894 συμϐεϐηκότων
2985 824 3168 887 αὐτοῖς
3193 841 3207 856 ο
3250 828 3342 879 καὶ
3366 826 3477 879 τῶν
3520 828 3665 880 Ῥω-

2075 915 2253 987 μαίων
2284 914 2611 980 διαλλακτὰς
2644 915 2828 979 αὐτοῖς
2874 916 3228 981 στειλάντων,
3260 917 3362 970 οὐκ
3393 918 3666 988 ἐπείσθη-

2074 1024 2195 1073 σαν,
2229 1006 2365 1060 ἀλλὰ
2397 1007 2533 1077 πρὸς
2583 1007 2819 1077 πόλεμον
2859 1007 3130 1081 ὥρμησαν
3189 1010 3491 1078 Κριτόλαιν
3522 1027 3669 1080 προ-

2072 1096 2432 1170 στησάμενοι.
2464 1097 2660 1162 Δείσας
2716 1097 2812 1152 οὒν
2866 1101 2903 1151 δ’
2950 1098 3221 1163 Μέτελλος
3285 1100 3360 1170 μὴ
3411 1101 3510 1154 καὶ
3563 1102 3667 1172 τῆς

2072 1190 2415 1251 Μακεδονίας
2459 1181 2706 1262 ἅψωνται
2746 1192 2866 1264 (ἤδη
2915 1192 3021 1261 γὰρ
3069 1194 3152 1256 εἰς
3218 1193 3317 1264 τὴν
3351 1193 3668 1248 Θεσσαλίαν

2074 1282 2401 1353 παρῆλθον),
2432 1286 2856 1355 προαπήντησεν
2887 1286 3070 1349 αὐτοῖς
3101 1285 3195 1339 καὶ
3227 1285 3515 1356 ἐτρέψατο.
3551 1288 3667 1341 Καὶ

2073 1376 2166 1430 τοῦ
2194 1377 2497 1448 Κριτολάου
2525 1377 2785 1441 πεσόντος
2814 1378 2936 1449 διχῆ
2964 1379 3191 1452 διῄρητο
3215 1380 3277 1433 τὸ
3321 1380 3667 1449 Ἑλληνικόν.

2076 1473 2137 1525 Οἱ
2171 1472 2271 1541 μὲν
2309 1470 2418 1543 γὰρ
2475 1472 2614 1543 πρὸς
2658 1472 2887 1542 εἰρήνην
2941 1472 3245 1529 ἀπέκλιναν
3275 1475 3370 1526 καὶ
3417 1472 3488 1524 τὰ
3519 1473 3669 1526 ὅπλα

2075 1561 2368 1617 κατέθεντο
2394 1578 2409 1592 ⁸
2465 1563 2514 1616 οἱ
2568 1562 2624 1615 δὲ
2666 1563 2762 1615 καὶ
2806 1563 2887 1615 ἐτι
2931 1561 3257 1627 ἐστασίαζον
3295 1563 3369 1634 τῷ
3397 1563 3568 1633 Διαίῳ
3596 1563 3674 1617 τὰ

2081 1656 2390 1726 πράγματα
2475 1654 2900 1727 ἐπιτρέψαντες.
2948 1657 3011 1709 ‘A
3066 1656 3333 1727 μαθόντες
3377 1658 3428 1709 oi
3485 1658 3545 1709 ἐν
3597 1657 3672 1726 τῇ

2089 1743 2301 1819 Ῥώμη,
2338 1748 2426 1803 ἐπ’
2479 1748 2678 1815 αὐτοὺς
2711 1748 2802 1803 τὸν
2842 1749 3103 1818 Μόμμιον
3149 1747 3427 1821 ἔπεμψαν,
3481 1749 3542 1811 ὃς
3574 1752 3676 1801 τὸν

385 1838 575 1902 cissim
624 1854 904 1911 egressus,
961 1859 1030 1898 eo
1056 1846 1345 1915 proﬂigato
1376 1848 1444 1903 ad
1493 1849 1823 1906 Achamrum
1856 1852 1968 1911 val-

2081 1843 2181 1914 μὲν
2236 1841 2508 1903 Μέτελλον
2555 1842 2891 1912 ἀπήλλαξεν,
2959 1841 3123 1905 αὐτὸς
3174 1840 3232 1895 δέ
3281 1841 3375 1895 τοῦ
3423 1840 3675 1910 πολέμου

386 1927 501 1987 lum
532 1934 704 1988 venit.
747 1934 926 1992 Diaeus
977 1953 1110 1992 vero
1143 1939 1445 2009 majoribus
1492 1943 1667 2012 copiis
1702 1945 1972 2013 collectis,

388 2037 633 2093 pugnare
674 2036 919 2096 paratus,
953 2029 1234 2087 lionnanos
1262 2032 1316 2089 in
1367 2035 1564 2091 castris
1597 2051 1655 2091 se
1682 2038 1977 2094 continen-

389 2121 474 2169 tes
500 2117 857 2186 centetnpsit,
897 2119 951 2175 in
1001 2121 1307 2179 convallem
1340 2123 1486 2187 inter
1521 2137 1703 2183 castra
1735 2128 1975 2183 mediam

389 2210 736 2277 progressus.
795 2210 875 2265 Eo
904 2211 1023 2267 viso
1053 2212 1343 2271 Memmius
1374 2216 1584 2287 aliqum
1613 2220 1832 2288 equites
1870 2220 1975 2276 mi-

388 2299 487 2366 sit,
515 2301 609 2370 qui
646 2301 836 2359 hostes
863 2319 930 2359 ex
962 2304 1190 2376 obliquo
1223 2309 1676 2378 aggrederentur,
1713 2327 1744 2366 a
1773 2311 1976 2383 quibus

392 2405 518 2448 eum
569 2394 777 2450 turbati
825 2407 1033 2461 essent,
1095 2399 1369 2471 phalange
1423 2417 1455 2457 α
1507 2401 1689 2459 fronte
1738 2404 1976 2462 adducta

389 2483 593 2541 multos
623 2485 846 2551 occidit.
900 2486 1054 2545 Unde
1103 2490 1284 2552 Diaeus
1314 2491 1622 2563 desperatis
1672 2495 1840 2551 rebus
1868 2496 1975 2553 sibi

390 2590 589 2633 manus
614 2579 824 2645 attulit,
856 2595 925 2637 ex
956 2581 1023 2636 iis
1049 2597 1185 2638 vero
1233 2585 1329 2654 qui
1362 2600 1394 2641 e
1447 2602 1629 2658 pugna
1660 2596 1973 2655 evaserant,

387 2668 662 2726 Corinthii
694 2672 898 2741 passim
936 2674 992 2729 in
1019 2675 1168 2746 agris
1196 2686 1327 2734 sunt
1350 2678 1610 2748 dispersi,
1642 2681 1827 2737 caeteri
1878 2682 1979 2737 de-

388 2777 540 2817 mum
586 2763 933 2835 refugerunt.
997 2767 1236 2824 Proinde
1289 2768 1567 2829 Corinthii
1624 2772 1720 2843 qui
1773 2775 1976 2831 mtenia

391 2851 712 2919 tuebantur,
759 2871 957 2915 omnes
1000 2858 1236 2927 periisse
1287 2860 1414 2924 rati,
1467 2862 1661 2919 urbem
1712 2862 1978 2921 deserue-

2077 1940 2278 2008 εἴχετο,
2319 1938 2414 1995 καί
2449 1956 2574 1997 τινα
2604 1938 2824 2008 πληγὴν
2859 1939 3017 2009 μέρει
3049 1938 3147 2006 τῆς
3187 1939 3452 2009 στρατιᾶς
3483 1937 3678 1999 λαϐὼν

2077 2030 2137 2094 ἐξ
2190 2028 2439 2098 ἐνέδρας,
2480 2027 2576 2082 τοῦ
2624 2028 2816 2087 Διαίου
2875 2026 3314 2094 καταδιώξαντος
3355 2028 3521 2099 μέχρι
3570 2026 3675 2081 τοῦ

2080 2121 2233 2190 σφῶν
2272 2120 2645 2194 στρατοπέδου
2708 2119 2835 2182 τοὺς
2888 2120 3218 2188 φεύγοντας,
3267 2116 3677 2184 ἁντεπεξῆλθε,

2077 2214 2175 2269 καὶ
2233 2214 2582 2285 τρεψάμενος
2635 2213 2800 2267 αὐτὸν
2838 2212 2976 2282 προς
3012 2213 3073 2269 τὸ
3100 2211 3211 2271 τῶν
3255 2210 3490 2280 ’Δχαιῶν
3532 2205 3681 2281 ῆλοε

2079 2305 2415 2380 χαράκωμα.
2456 2302 2743 2375 Ἀθροίσας
2770 2303 2830 2357 δὲ
2867 2302 3103 2374 δύναμιν
3130 2305 3160 2357 6
3212 2302 3397 2366 Δίαιος
3440 2301 3685 2356 πλείονα

2078 2394 2382 2465 συμϐαλεῖν
2409 2394 2600 2457 αὐτοῖς
2626 2393 3012 2465 ἐπεχείρησεν.
3059 2392 3149 2457 Ὠς
3172 2393 3217 2447 δ’
3256 2392 3358 2449 οὐκ
3386 2392 3679 2463 άπεξώρο

2080 2507 2263 2562 μησαν
2290 2491 2340 2543 οἱ
2377 2490 2668 2560 Ῥωμαῖοι,
2698 2487 3109 2559 κατεφρόνησεν
3128 2487 3335 2551 αὐτῶν,
3366 2487 3463 2541 καὶ
3500 2488 3589 2550 εἰς
3612 2485 3686 2539 τὺ

2080 2583 2246 2654 μέσον
2275 2584 2388 2635 τῶν
2434 2581 2818 2652 στρατοπέδων
2850 2582 3032 2635 κοῖλον
3059 2578 3120 2633 ὃν
3176 2579 3471 2650 προῆλθεν.
3511 2577 3686 2631 ’ἰδὼν

2075 2670 2171 2729 οὖν
2197 2673 2345 2728 τοῦθ’
2381 2676 2410 2728 6
2438 2674 2698 2745 Μόμμιος
2723 2673 2834 2727 τῶν
2863 2670 3078 2729 ἱππέων
3102 2673 3257 2734 τινάς
3282 2671 3458 2741 λάθρα
3488 2672 3688 2737 ἔπεμ-

2075 2767 2198 2836 ψεν,
2236 2766 2304 2820 ἶν’
2364 2768 2431 2819 ὲκ
2465 2766 2699 2833 πλαγίου
2740 2765 2926 2827 αὐτοῖς
2959 2762 3350 2832 ἐπιγένωνται.
3384 2764 3495 2823 Καὶ
3542 2763 3690 2816 ἐπεὶ

2077 2863 2278 2916 ἐκεῖνοι
2319 2859 2725 2931 προσϐαλόντες
2754 2858 2958 2921 αὐτοὺς
2991 2856 3387 2927 συνετάραξαν,
3410 2857 3689 2925 ἐπήγαγε

391 2956 544 3009 runt,
576 2963 681 3017 qua
714 2948 1014 3007 Mummius
1057 2952 1191 3008 viris
1221 2968 1397 3011 vacua
1431 2965 1614 3025 capta,
1660 2966 1717 3013 et
1767 2959 1890 3014 illos
1921 2971 1968 3015 et

2078 2957 2180 3027 τὴν
2212 2955 2475 3025 φάλαγγα
2504 2955 2647 3008 κατὰ
2701 2953 3021 3024 πρόσωπον,
3052 2951 3149 3006 καὶ
3178 2951 3404 3013 πολλοὺς
3439 2951 3689 3018 ἐφόνευ-

388 3046 619 3096 crateres
643 3041 862 3099 Graecos
888 3045 1030 3099 citra
1064 3044 1310 3102 laborem
1345 3048 1602 3105 domuit:
1644 3064 1709 3106 ac
1752 3059 1869 3107 tum
1895 3051 1968 3107 eis

2085 3064 2198 3103 σεν.
2253 3048 2350 3100 Ἐκ
2397 3046 2454 3100 δὲ
2509 3046 2702 3101 τούτου
2752 3046 2937 3107 Δίαιος
2988 3044 3088 3115 μέν
3148 3042 3423 3112 ἀπογνοὺς
3465 3043 3695 3097 ἐαυτὸν

386 3144 560 3200 arma,
615 3133 842 3191 donaria
898 3138 1253 3208 templorum,
1308 3150 1541 3208 statuas,
1596 3144 1864 3214 picturas,
1918 3153 1968 3201 et

2080 3139 2395 3197 ἀπέκτεινε.
2430 3138 2552 3191 τῶν
2599 3137 2646 3192 δ’
2681 3138 2747 3191 ἐκ
2787 3138 2890 3209 τῆς
2943 3137 3128 3207 μάχης
3163 3135 3591 3206 περισωθέντων
3626 3135 3692 3189 οἱ

387 3224 495 3280 alia
526 3239 853 3285 ornamenta
883 3232 1114 3286 ademit.
1149 3232 1312 3289 Patre
1338 3244 1523 3291 autem
1553 3238 1675 3305 ejus
1694 3252 1820 3292 cum
1850 3238 1968 3293 aliis

2083 3234 2184 3304 μὲν
2217 3231 2502 3303 Κορίνθιοι
2559 3230 2703 3285 κατὰ
2755 3230 2857 3299 τὴν
2909 3229 3095 3300 χώραν
3147 3228 3590 3296 ἐσκεδάσθησαν.
3626 3230 3690 3282 οἱ

386 3317 455 3372 ad
494 3333 585 3373 res
615 3330 744 3390 post
783 3321 942 3393 47],
980 3323 1271 3380 victoriam
1313 3329 1724 3394 componendas
1779 3329 1968 3395 misso,

2077 3326 2121 3379 δ’
2174 3325 2325 3381 ἄλλοι
2382 3324 2572 3380 οἴκαδε
2620 3324 2844 3393 ἔφυγον.
2879 3324 3047 3377 Ὅθεν
3086 3325 3181 3377 καὶ
3211 3325 3259 3376 οἱ
3292 3324 3351 3376 ἐν
3389 3321 3467 3392 τῷ
3487 3323 3694 3392 τείχει

387 3413 756 3482 quorumdam
804 3418 1004 3471 muenia
1056 3419 1294 3474 evertit:
1331 3434 1633 3491 omnesque
1684 3420 1891 3477 liberos
1915 3430 1968 3477 et

2078 3418 2360 3491 Κορίνθιοι
2412 3418 2623 3482 πάντας
2656 3417 3003 3472 ἀπολωλέναι
3041 3417 3364 3488 νομίσαντες
3412 3416 3696 3481 ἐξέλιπον

387 3506 474 3562 sui
511 3508 655 3577 juris
700 3523 824 3564 esse
872 3524 1067 3579 passus
1094 3521 1198 3578 est,
1231 3523 1432 3583 praeter
1458 3514 1797 3581 Corinthios,
1828 3531 1968 3588 quos

2076 3512 2175 3583 τὴν
2232 3511 2415 3577 πόλιν,
2470 3511 2566 3565 καὶ
2634 3510 2799 3580 κενὴν
2850 3509 3025 3580 αὐτὴν
3074 3508 3287 3580 ἀνδρῶν
3331 3510 3360 3562 6
3403 3509 3698 3577 Μόμμιος

387 3601 491 3655 sub
519 3615 726 3655 corona
757 3602 1028 3664 vendidit,
1059 3618 1191 3675 agro
1225 3620 1420 3660 eorum
1454 3607 1758 3677 publicato,
1791 3609 1968 3665 muris

2077 3603 2261 3658 ἔλαϐε.
2298 3604 2406 3656 Καὶ
2438 3600 2579 3674 μετὰ
2605 3600 2781 3656 ταῦτα
2821 3602 3113 3665 κάκείνους
3161 3601 3258 3654 καὶ
3298 3600 3427 3664 τοὺς
3458 3600 3693 3666 ἄλλους

384 3692 709 3763 exterisque
756 3695 1017 3750 omnibus
1055 3695 1306 3753 aediﬁciis
1361 3698 1683 3755 subversis:
1732 3701 1963 3768 veritus,

2078 3696 2351 3762 Ἕλληνας
2380 3696 2600 3760 ἀπόνως
2634 3695 3098 3765 προσεποιήσατο.
3143 3693 3258 3748 Καὶ
3308 3696 3428 3748 τότε
3460 3694 3563 3763 μὲν
3607 3701 3697 3750 τά

382 3801 454 3841 ne
484 3801 606 3842 eam
637 3787 728 3841 alii
761 3787 833 3842 ob
865 3799 1068 3844 tantam
1118 3791 1542 3861 amplitudinem
1603 3803 1962 3864 occuparent.

382 3877 465 3933 Ne
493 3879 617 3949 quis
664 3894 797 3935 vero
843 3880 1257 3938 Corinthiorum
1304 3884 1523 3947 lateret,
1577 3893 1675 3940 aut
1726 3886 1963 3942 alierum

382 3969 698 4026 Graecorum
730 3987 833 4042 pro
866 3971 1160 4029 Cerinthio
1189 3975 1402 4031 veniret
1428 3994 1441 4031 :
1495 3991 1689 4032 omnes
1714 3975 1808 4048 qui
1836 3976 1967 4033 ade-

385 4072 533 4127 rant,
582 4064 905 4137 priusquam
953 4067 1083 4138 quid
1131 4068 1404 4139 agendum
1448 4079 1596 4125 esset
1629 4068 1962 4136 declararet,

383 4157 708 4212 convocavit
734 4173 749 4213 :
779 4157 958 4229 iisque
979 4158 1394 4214 dissimulanter
1421 4160 1693 4217 militibus
1719 4160 1961 4217 circum-

382 4244 572 4311 clusis,
606 4256 722 4301 tum
748 4246 983 4301 alierum
1013 4246 1345 4310 libertatem,
1387 4257 1500 4304 tum
1540 4251 1962 4309 Corinthiorum

381 4337 703 4392 servitutem
733 4339 1131 4409 pronuntiavit.
1159 4340 1368 4396 Deinde
1396 4356 1673 4412 quemque
1699 4343 1804 4399 sibi
1834 4360 1961 4416 pro-

380 4429 589 4485 ximum
616 4432 1034 4503 apprehendere
1062 4433 1249 4504 jussit,
1288 4444 1346 4488 ut
1384 4435 1544 4504 plane
1576 4435 1965 4492 discerneren-

384 4526 496 4575 tur.
527 4518 796 4575 Corintbo
843 4522 928 4576 sic
975 4536 1190 4587 eversa,
1224 4523 1435 4578 Graecia
1484 4523 1648 4580 initio
1687 4527 1874 4581 statim
1905 4536 1962 4584 et

381 4609 629 4665 caedibus
676 4619 735 4665 et
784 4614 1147 4681 pecuniarum
1203 4614 1588 4670 exactionibus
1634 4624 1720 4671 est
1745 4628 1961 4675 vexata.

381 4699 593 4759 Deinde
630 4710 835 4757 tantam
872 4704 1181 4791 libertatem
1208 4714 1263 4761 et
1295 4706 1619 4763 felicitatem
1655 4707 1878 4780 adepta,
1904 4720 1966 4766 ut

2073 3791 2215 3845 ὅπλα
2246 3791 2430 3844 αὐτῶν
2459 3788 2554 3842 καὶ
2587 3790 2690 3843 ὅσα
2715 3787 2852 3857 πρὸς
2878 3790 2993 3852 τοῖς
3020 3789 3189 3857 ἱεροῖς
3227 3789 3529 3852 ἀνέκειντο,
3568 3790 3697 3842 καὶ

2072 3882 2199 3949 τοὺς
2225 3884 2575 3954 ἀνδριάντας,
2606 3882 2707 3945 τάς
2732 3898 2794 3934 τε
2826 3881 3051 3951 γραφὰς
3077 3882 3173 3934 καὶ
3200 3881 3254 3937 εἴ
3279 3900 3331 3934 τι
3371 3881 3500 3936 ἄλλο
3519 3882 3695 3949 πρὸς

2070 3976 2279 4047 κόσμον
2311 3971 2482 4046 εἶχον,
2536 3973 2851 4044 παρείλετο.
2882 3972 3254 4043 Πεμφθέντων
3280 3973 3341 4026 δὲ
3388 3972 3437 4026 ei
3465 3972 3565 4025 τοῦ
3612 3991 3695 4028 τε

2074 4067 2283 4139 πατρὸς
2320 4068 2435 4134 (57)
2457 4067 2550 4119 καὶ
2578 4066 2758 4129 ἄλλων
2784 4065 2879 4118 ἐπὶ
2901 4063 3362 4121 καταστάσειτῶν
3393 4064 3688 4124 ἁλόντων,

2070 4157 2226 4226 τείχη
2249 4156 2308 4209 τέ
2333 4172 2497 4209 τινων
2533 4155 2777 4225 περιεῖλε
2800 4194 2817 4218 ,
2853 4154 2947 4217 καὶ
2976 4154 3297 4232 ἐλευθέρους
3327 4154 3535 4217 πάντας
3564 4156 3694 4210 καὶ

2071 4249 2407 4317 αὐτονόμους
2458 4246 2598 4318 πλὴν
2656 4245 2767 4299 τῶν
2842 4245 3151 4317 Κορινθίων
3190 4246 3396 4316 ἀφῆκε.
3436 4246 3551 4317 Τῆς
3608 4248 3690 4303 δὲ

2075 4339 2342 4411 Κορίνθου
2373 4336 2500 4402 τούς
2529 4354 2589 4390 τε
2624 4338 2919 4408 οίκήτορας
2944 4335 3179 4390 ἀπέδοτο
3219 4336 3315 4393 καὶ
3346 4336 3446 4408 τὴν
3467 4337 3688 4408 χώραν

2075 4432 2440 4503 ἐδημοσίωσε,
2467 4430 2538 4484 τά
2566 4447 2626 4482 τε
2658 4428 2811 4500 τείχη
2835 4430 2930 4487 καὶ
2956 4429 3027 4482 τὰ
3061 4428 3199 4482 ἄλλα
3245 4427 3687 4498 οἰκοδομήματα

2075 4523 2255 4578 πάντα
2284 4519 2623 4590 κατέσκαψε,
2644 4518 2905 4589 φοϐηθεὶς
2936 4519 3013 4589 μὴ
3037 4520 3135 4571 καὶ
3162 4512 3318 4580 αὖθίς
3341 4534 3484 4581 τινες
3518 4519 3688 4588 πρὸς

2070 4614 2241 4686 αὐτὴν
2270 4609 2361 4669 οἷα
2424 4614 2690 4685 μεγίστην
2742 4613 3037 4666 συστῶσιν.
3078 4613 3196 4665 Ἰνα
3234 4612 3292 4665 δὲ
3360 4612 3497 4682 μήτε
3566 4628 3683 4677 τις

2070 4711 2294 4764 ἐκείνων
2324 4707 2483 4779 λάθῃ,
2520 4706 2661 4778 μήτε
2686 4704 2796 4759 τῶν
2824 4704 3031 4760 λοιπῶν
3050 4722 3135 4768 τις
3165 4704 3438 4774 Ἐλλήνων
3465 4704 3676 4778 πραθῇ

381 4792 654 4862 dicereut,
687 4796 743 4850 ni
770 4806 982 4853 mature
1006 4798 1152 4868 capti
1181 4808 1387 4863 essent,
1420 4815 1480 4857 se
1513 4801 1820 4859 incolumes
1842 4819 1965 4861 esse

2074 4801 2144 4865 ὡς
2178 4798 2483 4870 Κορίνθιος,
2510 4795 2862 4860 συνεκάλεσε,
2881 4795 3011 4865 πρὶν
3032 4796 3268 4867 ἐκφῆναι
3290 4795 3352 4849 τὸ
3379 4796 3676 4865 ποιητέον,

381 4899 495 4940 non
527 4888 793 4956 potuisse.
826 4888 903 4944 Ac
930 4889 1282 4962 Carthaginis
1306 4901 1363 4947 et
1410 4891 1668 4948 Corinthi
1703 4896 1966 4952 vetustis-

2071 4893 2281 4955 πάντας
2323 4893 2452 4953 τοὺς
2506 4889 2808 4958 παρόντας,
2860 4890 2958 4942 καὶ
3013 4888 3214 4952 αὐτοὺς
3255 4887 3477 4957 ἀφανῶς
3535 4906 3677 4955 πως

381 4978 644 5034 simarum
679 4981 901 5036 urbium
935 4991 1049 5038 tum
1076 4985 1239 5039 simul
1292 4985 1380 5042 bic
1412 4986 1516 5041 l‘uit
1542 4987 1766 5043 exitus:
1802 4989 1964 5060 longe

2074 4988 2183 5050 τοῖς
2228 4982 2591 5053 στρατιώταις
2624 4979 3118 5049 ὲγκυκλωσάμενος
3172 4980 3407 5052 ἐκήρυξε
3443 4981 3548 5050 τήν
3592 4998 3674 5035 τε

382 5079 568 5127 autem
595 5082 844 5145 tempore
874 5086 1018 5145 post,
1053 5077 1267 5132 colonis
1312 5078 1687 5135 Romanorum
1734 5096 1803 5137 eo
1834 5082 1969 5139 mis-

382 5164 481 5229 sis,
547 5164 967 5224 reﬂorescentes
1030 5169 1098 5224 ad
1158 5170 1455 5240 pristinum
1512 5179 1715 5227 statum
1772 5174 1966 5231 redie-

383 5268 534 5315 runt.

2071 5079 2181 5135 τῶν
2218 5077 2394 5132 ἄλλων
2419 5075 2737 5146 ἐλευθερίαν
2771 5073 2869 5129 καὶ
2909 5074 3012 5144 τὴν
3047 5073 3157 5127 τῶν
3186 5074 3492 5143 Κορινθίων
3531 5073 3675 5129 δοῦ-

2072 5176 2262 5229 λωσιν.
2304 5169 2538 5224 Ἔπειτα
2574 5165 2879 5241 προσέταξε
2915 5167 3053 5221 πᾶσι
3083 5167 3193 5219 τῶν
3225 5165 3671 5239 παρεστηκότων

2076 5267 2230 5336 σφίσι
2259 5261 2548 5326 λαϐέσθαι,
2580 5261 2677 5313 καὶ
2697 5261 2841 5313 οὕτω
2873 5260 3019 5329 σαφῆ
3047 5258 3147 5328 τὴν
3172 5258 3448 5330 διάκρισιν
3467 5259 3667 5314 αὐτῶν

385 5353 703 5427 ἐποιήσατο.
766 5356 880 5411 Καὶ
927 5357 961 5427 ἡ
1017 5356 1118 5425 μὲν
1162 5355 1426 5426 Κόρινθος
1463 5356 1638 5424 οὕτως
1664 5360 1971 5426 ἀνάστατος
2008 5362 2221 5432 γέγονε,
2251 5358 2312 5413 τὸ
2361 5357 2406 5410 δ’
2457 5355 2587 5411 ἄλλο
2621 5352 2939 5425 Ἑλληνικὸν
2974 5353 3321 5425 παραχρῆμα
3392 5353 3490 5424 μὲν
3560 5355 3664 5410 καὶ

386 5448 623 5514 σφαγαῖς
656 5450 751 5504 καὶ
775 5450 1078 5521 χρημάτων
1110 5448 1364 5517 ἐκλογαῖς
1408 5449 1685 5523 ἐκακώθη.
1731 5454 1967 5509 Ἔπειτα
2004 5455 2061 5508 ἐν
2091 5471 2149 5507 τε
2187 5451 2344 5522 ἀδείᾳ
2376 5449 2474 5503 καὶ
2502 5450 2562 5502 ἐν
2627 5445 2949 5517 εἰδαιμονίᾳ
2980 5447 3221 5519 τοσαύτῃ
3255 5443 3475 5514 ἐγένετο
3507 5445 3663 5502 ὥστε

1580 5595 1783 5659 Variae
1820 5595 2128 5663 lectiones
2161 5603 2224 5660 et
2262 5601 2453 5661 notae.

461 5711 575 5783 (57)
602 5716 832 5786 Πατρὸς
858 5716 948 5774 δέ.
989 5717 1124 5777 Vide
1148 5726 1334 5775 notata
1363 5719 1431 5776 ab
1466 5717 1706 5778 llenrico
1744 5720 1963 5779 Valesio
2001 5722 2068 5778 ad
2101 5721 2368 5793 Excerpta
2402 5716 2637 5790 Polybii,
2659 5731 2713 5787 ρ.
2743 5714 2834 5771 32.
