4050 6210
452 281 560 345 803

1748 283 2071 347 ΙοΑΝΝιε.
2119 283 2443 345 ΖΟΝΑΒᾸΞ

3606 280 3713 343 [Oi

457 392 841 463 comparebat,
871 409 1096 452 rumore
1130 394 1199 452 de
1249 395 1399 453 caede
1427 396 1548 469 ejus
1588 410 1818 467 sparso:
1860 394 2034 451 Cinna

2140 409 2269 446 κτον
2292 392 2468 448 καὶτὸ
2494 391 2709 465 σῶφρον
2740 391 2802 447 τὸ
2819 390 2945 464 περί
2963 391 3177 447 δίαιταν
3205 391 3301 446 καὶ
3320 390 3421 464 τὴν
3446 393 3505 445 ἐν
3525 391 3719 456 ὅπλοις

454 482 727 556 impetum
755 501 957 543 eorum
995 486 1203 558 quibus
1238 488 1444 559 alioqui
1495 488 1705 543 invisus
1748 495 1892 550 erat,
1944 484 2034 539 fn-
2076 530 2083 535 .

456 578 632 648 giens,
662 595 693 634 a
720 580 1046 634 centurione
1076 581 1312 649 quodam
1347 589 1575 651 propter
1611 594 1733 635 eam
1761 579 2033 650 suspicio—

458 684 585 723 nem
613 670 978 725 occideretur.
1033 670 1164 726 Post
1214 673 1334 743 ejus
1357 674 1561 729 caadem
1595 673 1793 738 Carbo,
1830 673 2039 742 impor-

461 761 647 813 tunior
690 760 785 813 illo
817 770 1102 830 tyrannus,
1138 745 1429 833 imperium
1481 764 1746 834 suscepit.
1775 764 1875 819 Cui
1908 779 2032 819 eum

460 851 604 922 Sylla
645 853 948 916 resisteret,
1010 854 1302 925 Pompeius
1358 873 1576 927 quoque
1626 873 1688 913 se
1737 858 2027 929 adjunxit:

460 957 562 996 nec
602 942 653 995 id
686 942 816 998 fecit
851 944 1026 1013 prius,
1062 961 1223 1014 quam
1258 946 1528 1002 beneficio
1556 948 1743 1018 aliquo
1770 964 1895 1003 eum
1927 947 2033 1003 sibi

460 1031 820 1086 devinxisset.
853 1034 1068 1088 Annum
1107 1044 1219 1088 tum
1248 1036 1441 1106 agebat
1472 1037 1697 1091 tertium
1751 1046 1809 1092 et
1836 1037 2038 1092 vicesi-

460 1136 651 1174 mum:
690 1122 1043 1193 collectisque
1094 1128 1267 1196 copiis
1296 1128 1459 1182 nrbes
1499 1129 1857 1193 circumiens,
1902 1129 2038 1183 Car-

461 1211 623 1266 bonis
672 1213 950 1267 studiosos
993 1216 1270 1284 ejiciebat.
1327 1217 1464 1270 Dum
1507 1228 1690 1271 autem
1723 1219 1788 1273 ad
1833 1218 2035 1289 Syllatn

460 1304 851 1371 proficiscitur,
917 1305 1089 1360 tribus
1137 1306 1407 1362 Carbonis
1455 1309 1693 1364 ducibus
1748 1325 1778 1363 a
1831 1311 2035 1380 quibus

461 1396 875 1450 circumventus
902 1408 1043 1463 erat,
1068 1399 1388 1471 profligatis,
1422 1402 1588 1457 urbes
1614 1402 1667 1455 in
1695 1401 2033 1458 deditionem

460 1488 712 1555 accepit:
754 1488 955 1543 deinde
988 1488 1263 1559 Scipionis
1294 1495 1541 1549 consulis
1571 1496 1870 1561 exercitus,
1907 1512 2032 1551 cunt

459 1589 652 1632 contra
684 1579 1003 1650 Pompeium
1035 1583 1352 1648 duceretur,
1391 1589 1751 1661 consalutatis
1787 1592 1909 1661 ejus
1934 1592 2036 1644 mi-

458 1669 670 1735 litibus,
722 1672 790 1725 ad
844 1672 1161 1742 Pompeium
1208 1675 1430 1740 defecit,
1478 1659 1593 1748 ipse
1642 1659 1827 1750 Scipio
1870 1681 2028 1752 fugit.

2137 483 2396 555 ἄσκησιν.
2460 485 2568 538 Καὶ
2608 484 2862 539 τοσοῦτον
2896 480 2969 554 ἦν
2995 483 3060 537 τὺ
3097 483 3233 555 πρὸς
3271 484 3438 538 αὑτὸν
3470 486 3740 556 φίλτρον,ι

2137 577 2213 640 ὡς
2239 577 2521 640 δείσαντος
2551 576 2721 631 αὑτοῦ
2747 577 2839 630 τὸν
2875 576 3078 631 Κίνναν
3108 578 3175 629 ἐκ
3214 576 3472 647 διαϐολῆς
3504 577 3599 631 καὶ
3626 576 3727 630 τού

2139 668 2506 741 στρατοπέδου
2554 668 2731 738 λάθρα
2786 668 3193 734 διεκπεσόντος,
3245 670 3370 722 ἐπεί
3426 686 3488 722 τε
3531 669 3612 740 μὴ
3655 665 3727 740 ἦν

2138 762 2389 832 ἐμφανὴς
2444 761 2606 830 λόγου
2675 760 3014 823 διαδοθέντος
3074 761 3158 815 ὅτι
3228 760 3506 832 ἀνῄρηται
3570 763 3725 832 παρά

2137 853 2334 920 Κίννα,
2369 853 2641 924 ὥρμησαν
2671 853 2791 907 κατ’
2819 852 2991 906 αὐτοῦ
3027 855 3076 907 οἱ
3105 853 3399 922 μισοῦντες
3423 854 3519 907 καὶ
3544 855 3725 917 ἄλλως

2139 946 2325 1013 αὑτὸν,
2396 946 2491 999 καὶ
2541 944 2786 1018 ἀνῃρέθη
2829 944 3034 1009 Κίννας
3080 945 3301 1014 φεύγων
3344 946 3725 1015 καταληφθεὶς

2138 1039 2247 1092 ὑπό
2283 1056 2380 1092 του
2405 1039 2514 1092 τῶν
2539 1038 2811 1108 λοχαγῶν.
2869 1037 3028 1091 Οὕτω
3064 1039 3121 1092 δὲ
3172 1037 3349 1094 Κίννα
3393 1038 3721 1108 φθαρέντος,

2141 1130 2378 1201 Κάρϐων
2425 1132 2493 1184 τὰ
2542 1131 2849 1201 πράγματα
2903 1130 3204 1195 διεδέξατο,
3267 1133 3724 1202 ἐμπληκτότερος

2138 1223 2347 1276 ἐκείνου
2374 1222 2659 1293 τύραννος.
2675 1223 2782 1276 Τοῦ
2808 1223 2982 1276 Σύλλα
3010 1223 3057 1276 δ’
3085 1222 3611 1294 ἁντικαθισταμένου
3643 1224 3726 1293 τῷ

2140 1314 2422 1385 Κάρϐωνι,
2474 1314 2651 1385 τούτῳ
2711 1316 3017 1386 προσετέθη
3068 1316 3164 1369 καὶ
3206 1318 3234 1368 ὁ
3286 1317 3609 1385 Πομπήϊοςο
3656 1316 3721 1368 ού

2137 1406 2405 1475 πρότερον
2452 1407 2638 1475 μέντοι
2697 1407 2972 1478 προσῆλθε
3036 1408 3167 1478 πρὶν
3213 1407 3279 1461 ἀν
3306 1425 3451 1471 τινος
3498 1409 3725 1479 χάριτος

2138 1498 2275 1567 πρὸς
2328 1499 2537 1551 ἐκεῖνον
2603 1500 2938 1571 κατήρξατο.
2967 1495 3078 1553 Ἶίν
3116 1501 3215 1570 μὲν
3247 1499 3341 1554 οὖν
3385 1502 3506 1553 τότε
3544 1502 3725 1554 εἰκοσι

2136 1590 2230 1643 καὶ
2252 1589 2379 1659 τρία
2418 1593 2661 1659 γεγονὼς
2691 1592 2810 1662 έτη,
2841 1592 2938 1645 καὶ
2981 1593 3379 1663 στρατιωτικὸν
3413 1593 3726 1660 καταλέξας

2137 1680 2353 1751 περιῄει
2410 1683 2509 1746 τὰς
2576 1682 2784 1747 πόλεις,
2834 1684 2960 1747 τοὺς
2991 1684 3060 1738 τὰ
3108 1684 3405 1753 Κάρϐωνος
3465 1685 3727 1756 φρονοῦν-

463 1761 611 1823 Post,
643 1762 955 1830 complures
982 1766 1230 1834 equitum
1271 1777 1479 1823 turmas
1507 1784 1537 1823 a
1562 1769 1815 1825 Carbone
1841 1783 2028 1826 contra

2138 1788 2233 1834 τας
2298 1771 2600 1836 ἐξελαύνων
2662 1772 2841 1825 αὐτῶν
2873 1811 2887 1835 ,
2933 1774 3027 1826 καὶ
3078 1772 3214 1842 πρὸς
3263 1773 3470 1827 Σύλλαν
3520 1772 3724 1827 ἀπιὼι.

461 1868 519 1906 se
552 1854 767 1918 missas,
815 1871 882 1910 eo
942 1858 1344 1928 desperationis
1386 1863 1614 1932 redegit,
1670 1874 1728 1918 ut
1775 1880 1833 1919 se
1865 1865 2037 1934 ipsius

460 1943 590 1998 fidei
625 1945 1055 2014 committerent,
1099 1950 1240 2004 Eum
1300 1952 1465 2022 igitur
1495 1953 1637 2024 Sylla
1679 1955 1759 2008 sic
1797 1957 2034 2024 excepit,

460 2044 522 2090 ut
558 2052 626 2091 ex
674 2053 819 2108 equo
855 2041 1149 2098 desiliret:
1201 2051 1257 2097 et
1283 2046 1353 2098 ab
1381 2060 1448 2099 eo
1477 2044 1778 2115 imperator
1825 2049 2033 2101 saluta-

462 2136 571 2189 tus,
602 2129 844 2184 vicissim
876 2147 1001 2185 eum
1038 2133 1424 2202 imperatorem
1460 2138 1744 2192 salutaret.
1791 2139 2037 2193 Fuerunt

458 2229 516 2275 et
554 2220 767 2290 reliqua
795 2224 990 2291 primis
1022 2226 1127 2279 illis
1167 2226 1361 2281 oiIiciis
1390 2238 1778 2283 consentanea.
1820 2230 1954 2284 Nam
1980 2240 2037 2287 et

461 2311 747 2366 accedenti
782 2314 1043 2384 Pompeio
1075 2319 1415 2387 assurgebat,
1449 2328 1505 2373 et
1556 2320 1663 2373 alia
1692 2321 1812 2391 ejus
1838 2321 2035 2376 honori

460 2402 764 2469 deferebat,
794 2421 915 2474 qua:
948 2406 1093 2461 haud
1134 2417 1339 2464 temere
1365 2411 1489 2465 aliis
1510 2422 1771 2480 pne-stare
1802 2413 2033 2469 solebat.

459 2494 754 2566 Postquam
786 2508 966 2551 autem
999 2501 1225 2555 subacta
1274 2501 1427 2556 ltalia
1458 2502 1693 2559 dictator
1718 2505 1900 2560 dictus
1928 2516 2032 2572 est,

461 2586 601 2641 alios
625 2589 794 2641 duces
823 2588 1023 2657 Opibus
1051 2600 1107 2645 et
1135 2590 1296 2663 473
1330 2594 1741 2663 magistratibus
1778 2613 2033 2653 remune-

463 2685 636 2742 ratus,
678 2668 998 2747 Pompe'ium
1039 2682 1273 2736 arctiore
1320 2684 1426 2738 sibi
1485 2688 1893 2744 necessitudine
1940 2691 2037 2745 de-

458 2766 770 2830 vincturus,
797 2769 847 2822 ei
878 2771 1174 2839 persuasit,
1206 2781 1266 2826 ut
1292 2775 1514 2829 dimissa
1543 2792 1710 2832 uxore
1742 2794 1904 2848 quam
1936 2781 2035 2835 ha-

459 2856 647 2925 bebat,
676 2857 956 2912 tEmiliatn
986 2860 1160 2931 ipsius
1193 2861 1527 2933 privignam,
1582 2865 1810 2922 Metella:
1850 2873 2035 2926 uxoris

459 2964 529 3005 ex
556 2949 764 3004 Scauro
792 2952 990 3005 marito
1026 2953 1210 3023 priore
1244 2953 1431 3019 tiliam,
1474 2956 1718 3013 duceret.
1749 2961 1805 3014 ld
1838 2964 2033 3033 conju-

2151 1862 2239 1915 Ἐν
2301 1863 2358 1916 δὲ
2411 1863 2490 1933 τῷ
2540 1865 2765 1920 ἀπιέναι
2818 1867 2969 1934 τρεῖς
3043 1866 3205 1918 αὑτὸν
3257 1867 3557 1936 στρατηγοὶ
3614 1867 3728 1919 τῶν

2139 1955 2558 2025 προσκειμένων
2611 1955 2690 2026 τῷ
2765 1955 3026 2028 Κάρϐωνι
3075 1955 3479 2013 ἐκυκλώσαντο.
3541 1959 3602 2013 ’0
3669 1959 3728 2012 δὲ

2134 2044 2358 2110 τούτους
2436 2047 2800 2117 τρεψάμενος,
2871 2048 2972 2112 τάς
3026 2051 3213 2113 πόλεις
3259 2051 3411 2121 αύτῷ
3465 2068 3728 2123 προσχω-

2137 2140 2340 2209 ρούσας
2392 2140 2627 2210 ἐδέχετο.
2691 2136 2805 2193 Εἶτ’
2856 2138 3013 2205 αὖθις
3036 2143 3342 2205 Σκιπίωνος
3371 2143 3467 2195 τοῦ
3502 2144 3715 2197 ὑπάτου

2138 2233 2384 2295 ἐπιόντος
2413 2232 2581 2299 αὐτῷ,
2606 2231 2667 2285 τὸ
2701 2232 3005 2296 Σκιπίωνος
3032 2235 3427 2304 στρατιωτικὸν
3466 2236 3728 2288 ἀσπασά-

2140 2339 2300 2391 μενον
2329 2322 2455 2385 τοὺς
2480 2322 2575 2375 τοῦ
2599 2324 2909 2395 Πομπηΐου,
2943 2324 3095 2395 αύτῷ
3127 2324 3577 2397 προσερῥύησαν,
3605 2329 3635 2380 ὁ
3662 2326 3722 2379 δὲ

2138 2412 2380 2466 Σκιπίων
2437 2413 2629 2482 ἔφυγε.
2688 2417 2798 2469 Καὶ
2865 2400 3165 2486 Κάρϐωνος
3219 2417 3277 2470 δὲ
3332 2420 3541 2472 ἱππέων
3602 2420 3725 2484 ἴλας

2140 2507 2342 2575 συχνὰς
2370 2506 2689 2575 πέμψαντος
2714 2510 2832 2562 κατ’
2860 2509 3051 2575 αὐτοῦ,
3076 2512 3172 2564 καὶ
3201 2511 3408 2575 ταύτας
3429 2515 3721 2584 ἐτρέψατο,

2135 2595 2209 2658 ὡς
2239 2596 2309 2649 δι’
2342 2596 2653 2664 ἀπόγνωσιν
2705 2598 2980 2667 σωτηρίας
3009 2600 3237 2662 ἑαυτοὺς
3270 2600 3421 2671 αύτῷ
3476 2605 3720 2675 ἐγχειρί-

2139 2706 2260 2751 σας.
2311 2688 2467 2742 Οὖτω
2508 2689 2566 2743 δὲ
2613 2690 2776 2743 αὑτὸν
2824 2691 2852 2743 ὁ
2886 2691 3090 2754 Σύλλας
3127 2694 3349 2758 ἐδέξατο
3388 2695 3464 2758 ὡς
3506 2699 3725 2766 ἀποπη-

2135 2781 2296 2852 δῆσαι
2318 2780 2412 2833 τοῦ
2443 2782 2631 2848 ἵππου,
2663 2784 2758 2837 κα)⁸
2782 2784 3246 2854 προσαγορευθεὶς
3282 2786 3388 2839 ὑπὸ
3424 2788 3719 2858 Πομπηΐου

2137 2871 2495 2940 αὐτοκράτωρ
2550 2871 2647 2925 καὶ
2679 2873 2840 2935 αὐτὸς
2861 2908 2867 2914 ο
2889 2875 3306 2946 ἀντιπροσερεῖν
3336 2878 3721 2951 αὐτοκράτορα

2136 2963 2228 3016 τὸν
2261 2964 2573 3034 Πομπήϊον,
2604 2967 2698 3018 καὶ
2722 2966 2891 3020 τᾶλλα
2931 2967 2985 3020 δὲ
3025 2971 3144 3030 ταῖς
3179 2970 3426 3039 πρώταις
3454 2974 3718 3045 φιλοςροο

459 3039 608 3108 gium
649 3041 990 3111 tyrannicum
1038 3041 1161 3097 fuit.
1206 3043 1340 3098 Nam
1396 3044 1617 3102 ZEmilia
1648 3052 1768 3105 viro
1797 3053 2029 3114 elocata.

2138 3056 2325 3120 σύναις
2357 3058 2693 3112 συνέϐαινεν.
2723 3060 3156 3127 ’Υπεξανίστατο
3188 3063 3298 3133 γὰρ
3329 3039 3720 3139 προσιόντι-τῷ

458 3138 683 3185 uterum
732 3131 965 3186 ferebat.
1019 3133 1339 3203 Pompeium
1394 3137 1469 3192 ita
1521 3138 1624 3193 sibi
1672 3144 2028 3199 conciliatum

461 3238 586 3276 cum
617 3223 828 3292 magnis
858 3223 1033 3293 copiis
1072 3223 1125 3277 in
1160 3225 1401 3279 Siciliam
1431 3227 1722 3298 ablegavit,
1777 3232 2033 3290 factionis

372 3340 375 3341 ν
461 3312 730 3368 Carbonis
756 3315 1187 3385 receptaculum.
1222 3317 1342 3383 Quo
1368 3333 1492 3373 cum
1525 3324 1790 3388 venisset,
1836 3327 2035 3382 adver-

463 3402 625 3457 sariis
657 3404 835 3459 insula
863 3406 1079 3476 ejectis.
1114 3408 1278 3463 urbes
1302 3419 1522 3467 vexatas
1544 3412 1883 3472 humanitate
1916 3419 2035 3475 sin-

462 3493 644 3563 gulari
682 3503 992 3553 recreavit:
1047 3498 1355 3557 Carbonem
1401 3506 1860 3574 comprehensum
1886 3512 2037 3566 occi-

460 3583 574 3638 dit:
607 3583 812 3638 milites
840 3586 894 3639 in
915 3587 1207 3642 itineribus
1228 3589 1600 3656 immodestos,
1630 3594 1824 3664 sigillis
1842 3612 2034 3653 eorum

460 3674 658 3744 gladiis
690 3676 992 3746 impressis.
1053 3681 1320 3747 coercuit,
1375 3698 1497 3752 qua:
1529 3684 1623 3753 qtti
1673 3702 1783 3740 non
1812 3704 2038 3745 conser-

465 3778 678 3835 varant,
711 3785 901 3840 pinnas
933 3771 1158 3827 dabant.

2142 3148 2413 3218 Πομπηΐῳ
2463 3149 2556 3201 καὶ
2602 3149 2735 3202 ἄλλα
2779 3151 2914 3218 πρὸς
2968 3154 3137 3222 τιμὴν
3193 3157 3405 3207 ἐκείνου
3456 3159 3634 3212 ἐποίει
3682 3160 3720 3212 ά

2138 3241 2274 3309 πρὸς
2318 3239 2510 3304 ἄλλους
2572 3242 2672 3294 οὐκ
2718 3235 2870 3296 ὦπτο
2921 3245 3122 3314 ῥᾳδίως
3193 3248 3385 3302 ποιῶν.
3457 3250 3615 3303 Ἐπεὶ
3671 3252 3717 3304 δ’

2139 3333 2410 3402 ἐκράτησε
2480 3332 2582 3403 τῆς
2650 3334 2883 3398 Ἰταλίας
2915 3336 2945 3388 ὀ
2988 3338 3243 3406 Σύλλας,
3294 3343 3390 3394 καὶ
3442 3342 3721 3412 δικτάτωρ

2137 3423 2506 3495 ἀνηγορεύθη.
2544 3426 2669 3488 τοὺς
2702 3427 2799 3496 μὲν
2822 3427 3015 3489 ἀλλους
3047 3430 3323 3501 ἡγεμόνας
3358 3436 3451 3486 καὶ
3482 3452 3722 3505 στρατη-

2136 3516 2268 3583 γοὺς
2297 3515 2559 3586 ἠμείϐετο
2590 3518 2917 3585 πλουτίζων,
2949 3521 3046 3573 κοιλ⁵
3075 3522 3161 3574 ἐπ’
3194 3524 3369 3594 ἀρχὰς
3401 3525 3679 3579 καθιστῶν
3699 3544 3715 3558 ·

2088 3635 2101 3644 ο
2140 3605 2426 3676 Πομπήϊον
2478 3607 2534 3660 δὲ
2590 3607 2857 3661 ἔσπευσεν
2913 3611 3297 3668 οἰκειώσασθαι
3344 3616 3548 3687 ἐαυτῷ,
3624 3621 3720 3672 καὶ

2141 3696 2322 3750 πείθει
2354 3698 2518 3752 αὑτὸν
2540 3698 2639 3768 τὴν
2678 3700 2928 3771 γαμετὴν
2969 3703 3035 3772 ἣν
3072 3698 3220 3773 εἶχεν
3247 3709 3719 3779 ἀποπεμψάμεκον

2141 3789 2452 3858 ἀγαγέσθαι
2510 3794 2609 3861 τὴν
2662 3793 2857 3847 ἐαυτοῦ
2914 3797 3180 3865 πρόγονον
3235 3799 3517 3871 Αἰμιλίαν,
3569 3805 3638 3873 ἦν
3680 3807 3714 3873 ή

460 3863 708 3917 Μετέλλα
737 3865 772 3936 ἢ
827 3864 908 3936 τῷ
952 3866 1127 3937 Σύλλξι
1170 3868 1399 3940 συνῴκει
1430 3871 1494 3924 ὲκ
1525 3872 1768 3946 Σκαύρου
1801 3878 2069 3950 ἐγείνατο,
2104 3886 2199 3937 τοῦ
2258 3886 2528 3958 προτέρου
2574 3888 2789 3959 ἀνδρός.
2827 3885 2935 3943 Ἦν
2959 3863 3015 3944 δὲ
3039 3863 3115 3945 7τά
3162 3895 3257 3947 τοῦ
3291 3863 3473 3967 γάμου
3503 3863 3716 3970 ⁷τυραν-ἰ

458 3959 606 4060 νικά.
649 3960 968 4060 ’Δνδρὶᾳγάρ
1001 3962 1290 4060 ηΑἰμιλία
1320 3967 1566 4021 ἐκδέδοτο
1610 3970 1705 4023 καὶ
1736 3971 1908 4032 ἐκύει.
1941 3976 2106 4049 Οὕτω
2150 3979 2197 4032 δ’
2225 3983 2253 4034 ὁ
2290 3981 2495 4045 Σύλλας
2524 3983 2951 4053 οἰκειωσάμενος
3002 3985 3089 4039 τὸν.
3135 3959 3421 4060 Πομπηῖον
3450 3995 3531 4056 τίς
3555 3959 3715 4046 Σικε-

459 4049 580 4154 id“?
607 4050 896 4154 ἐπίστεξλε
927 4053 1066 4154 μξττξ
1100 4054 1324 4154 βαρείας
1355 4057 1662 4129 δυνάμεως.
1698 4061 1805 4119 Ἦν
1841 4066 1948 4137 γὰρ
1978 4071 2012 4141 ὴ
2044 4072 2207 4143 νῆσος
2234 4079 2348 4139 τοῖς
2374 4079 2469 4132 τοῦ
2504 4049 2804 4151 Κάρϐωνος
2833 4083 3194 4154 ὁρμητήριον.
3216 4049 3710 4152 Καλβπελθόντος

458 4141 576 4196 ἐκεῖ
614 4145 902 4215 Πομπηΐου
930 4146 976 4198 οἱ
1007 4147 1107 4217 μὲν
1136 4150 1370 4204 ἐναντίοι
1412 4155 1512 4223 τῆς
1546 4154 1711 4225 νήσου
1769 4141 2105 4233 ἐξέστησαν,
2153 4166 2314 4230 αὐτὸς
2349 4168 2406 4222 δὲ
2458 4171 2557 4234 τάς
2594 4141 2815 4238 ’πόλεις
2859 4141 3207 4246 ἀνελάμϐανε
3261 4141 3712 4246 τετρυχωμένας

458 4240 554 4296 καὶ
600 4241 999 4342 φιλανθρώπως
1057 4244 1349 4316 ἐκέχρητο.
1380 4248 1685 4322 κατασχὼν
1723 4254 1781 4308 δὲ
1829 4258 1924 4310 καὶ
1963 4259 2057 4314 τὸν
2089 4263 2366 4332 Κάρϐωνα
2399 4265 2634 4322 ἀνεῖλεν.
2686 4267 2929 4337 Ἀκούων
2973 4240 3160 4341 μέντοι
3209 4273 3335 4336 τοὺς
3360 4240 3713 4342 ⁷στρατιώτας

461 4335 1014 4436 ἐνταῖςὸδοιπορίαις
1040 4337 1315 4436 ἀτακτεῖν,
1349 4344 1650 4436 σφραγῖδας
1679 4350 1801 4413 ταῖς
1826 4352 2010 4408 αὐτῶν
2039 4359 2343 4430 μαχαίραις
2373 4362 2659 4428 ἐπέϐαλεν,
2693 4335 2761 4434 ἢν
2791 4366 2821 4417 ὁ
2860 4365 2936 4436 μὴ
2959 4335 3201 4436 ιρυλάξας
3229 4335 3540 4433 ἐκολάζετο.

536 4425 602 4481 ll.
637 4426 764 4482 llaec
792 4426 923 4481 dum
960 4428 1015 4482 in
1045 4428 1229 4484 Sicilia
1261 4432 1424 4502 gerit,
1478 4435 1680 4494 litteris
1720 4452 1945 4501 senatus
1977 4455 2033 4500 et

2142 4425 2153 4430 ν
2214 4425 2288 4505 B’.
2314 4455 2498 4508 Ταῦτα
2526 4455 2584 4509 δὲ
2611 4425 2875 4527 πράττων
2902 4425 3236 4531 salius-Met,
3280 4425 3498 4527 ἐδέξατο
3532 4466 3715 4536 γράμ-

463 4517 629 4589 Sylla:
661 4519 712 4572 in
745 4519 986 4573 Africam
1032 4523 1284 4592 navigare
1332 4525 1575 4595 jubetur,
1608 4540 1665 4585 et
1698 4532 1898 4588 bellutn
1939 4553 2031 4606 ge-

463 4622 589 4661 rere
620 4622 745 4660 cum
774 4608 1035 4672 Domitio,
1070 4627 1099 4662 a
1139 4626 1249 4679 quo
1274 4624 1481 4681 septem
1512 4617 1685 4672 millia
1719 4620 1786 4673 ad
1820 4636 1942 4675 eum
1976 4624 2031 4678 in

461 4698 704 4755 Africam
739 4699 1046 4768 profectum
1101 4705 1459 4759 transierunt.
1488 4705 1677 4779 Pugna
1717 4714 2030 4783 commissa,

462 4792 734 4846 Domitius
786 4792 1028 4848 vincitur
1078 4805 1243 4864 atque
1274 4798 1589 4856 occiditur:
1640 4804 1803 4859 urbes
1832 4809 2031 4876 partim

461 4893 677 4954 sponte,
724 4885 924 4955 partim
959 4898 1163 4942 coacta).
1205 4888 1525 4960 Pompeium
1574 4895 1865 4966 recipiunt.
1900 4900 2033 4959 Inde

458 4984 517 5037 in
562 4983 872 5039 Numidiam
923 4984 1064 5040 facta
1110 4988 1491 5058 impressione,
1551 4994 1793 5050 subactis
1854 4999 2033 5054 obviis

460 5077 741 5143 omnibus,
775 5085 997 5147 totaque
1043 5082 1321 5148 provincia
1378 5084 1574 5139 diebus
1608 5103 1669 5139 τι,
1698 5088 2031 5156 perdomita,

459 5169 675 5224 litteras
702 5185 731 5222 a
771 5169 915 5239 Sylla
968 5171 1204 5240 accipit:
1260 5175 1484 5243 quibus,
1514 5177 1726 5231 caeteris
1766 5180 2028 5249 dimissis,

459 5273 585 5313 cum
618 5275 726 5312 una
754 5259 969 5327 legione
999 5276 1372 5316 successorem
1405 5264 1571 5320 Utica:
1603 5279 1919 5337 exspectare
1939 5275 2033 5344 ju-

462 5350 643 5405 betUr.
672 5350 843 5416 Quam
882 5367 995 5405 rem
1030 5352 1147 5421 ipso
1183 5356 1321 5407 clam
1377 5372 1520 5424 aegre
1555 5356 1786 5425 ferente,
1825 5365 2033 5419 exerci-

462 5449 551 5496 tus
583 5451 772 5511 aperte
814 5450 899 5496 est
942 5443 1302 5509 indignatus:
1355 5446 1728 5519 Pompeioque
1778 5457 2029 5524 progredi

456 5534 699 5596 Volente,
735 5533 803 5588 de
839 5535 982 5605 Sylla
1012 5551 1206 5605 parum
1239 5539 1523 5593 commode
1561 5552 1691 5595 sunt
1712 5543 1903 5611 locuti,
1926 5564 2028 5602 nec

458 5624 606 5690 passi
643 5622 963 5693 Pompeium
999 5638 1058 5681 se
1087 5635 1315 5698 tyranno
1343 5629 1588 5684 credere.
1636 5631 1739 5699 Qui
1782 5650 1907 5689 cum
1934 5654 2030 5694 cos

459 5716 708 5785 mitigare
733 5726 1047 5788 conaretur,
1083 5734 1308 5777 manere
1334 5730 1387 5776 et
1413 5721 1685 5792 imperare
1705 5727 2027 5798 jubebatur,

2144 4559 2292 4612 ματα
2324 4546 2421 4615 τῆς
2454 4547 2761 4619 συγκλήτου
2798 4551 2897 4602 καὶ
2924 4548 3102 4604 Σύλλα
3130 4553 3421 4607 κελεύοντα
3450 4554 3605 4607 πλεῖν
3632 4560 3713 4621 εἰς

2138 4634 2347 4705 Λιϐύην
2372 4638 2467 4691 καὶ
2502 4639 2762 4710 πολεμεῖν
2793 4642 3060 4714 Δομετίῳ.
3104 4645 3215 4697 Καὶ
3262 4649 3289 4698 ὁ
3334 4646 3434 4717 μὲν
3471 4648 3709 4714 ἐξέπλει,

2140 4726 2533 4801 ἑπτακισχίλιοι
2563 4731 2621 4785 δὲ
2651 4732 2801 4803 αύτῷ
2829 4733 2937 4787 τῶν
2979 4736 3084 4789 ὑπὸ
3116 4736 3208 4789 τὸν
3260 4738 3519 4808 Δομέτιον
3550 4758 3713 4812 προσο

2139 4818 2445 4892 ἐχώρησαν.
2507 4824 2991 4895 Ἀντιτεταγμένου
3042 4828 3098 4881 δὲ
3147 4832 3432 4899 Δομετίου,
3506 4838 3711 4907 συρρή-

2142 4928 2369 4981 γνυνται
2404 4914 2472 4968 τὰ
2505 4917 2921 4987 στρατεύματα,
2956 4920 3051 4973 καὶ
3080 4921 3311 4974 νικῶσιν
3327 4925 3375 4976 οί
3396 4924 3706 4996 Πομπηίον,

2141 5000 2235 5053 καὶ
2263 5002 2291 5054 ὁ
2316 5002 2575 5071 Δομέτιος
2613 5007 2912 5060 κτείνεταιο
2942 5007 3050 5060 τῶν
3079 5009 3137 5061 δὲ
3164 5011 3371 5063 πόλεων
3397 5014 3456 5066 αί
3488 5014 3592 5082 μὲν
3620 5018 3703 5069 εύ-

2142 5096 2239 5162 θὺς
2279 5102 2729 5173 προσεχώρησαν,
2779 5105 2835 5157 αί
2881 5104 2938 5157 δὲ
2982 5108 3130 5159 κατὰ
3184 5107 3386 5177 κράτος
3440 5112 3706 5166 ἑάλωσαν.

2142 5189 2252 5241 Καὶ
2276 5191 2355 5252 είς
2382 5191 2483 5260 τὴν
2512 5192 2832 5262 Νομαδικὴν
2862 5194 3140 5264 ἐμϐαλὼν,
3179 5199 3272 5250 καὶ
3325 5200 3545 5255 πάντων
3576 5219 3708 5273 κρα-

2139 5279 2333 5349 τήσας,
2363 5276 2443 5342 οἷς
2472 5281 2693 5352 ἐνέτυχε
2720 5286 3132 5354 τεσσαράκοντα
3158 5291 3277 5349 ταῖς
3324 5291 3525 5353 πάσαις
3576 5294 3710 5361 ἡμέ-

2141 5387 2262 5440 ραις
2303 5372 2606 5442 γράμματα
2656 5375 2872 5444 δέχεται
2920 5375 3117 5443 Σύλλα,
3176 5381 3390 5448 ἀφεῖναι
3451 5384 3552 5450 μὲν
3612 5385 3710 5453 τὴν

2139 5462 2306 5532 ἀλλην
2332 5467 2619 5535 στρατιάν,
2652 5468 2816 5519 αὐτὸν
2844 5468 2900 5520 δὲ
2936 5469 3058 5538 μεθ’
3088 5471 3206 5534 ἐνὸς
3235 5472 3515 5541 τάγματος
3551 5492 3704 5546 περι-

2142 5555 2327 5626 μένειν
2373 5559 2455 5620 είς
2524 5559 2739 5628 Ἰτύκην
2790 5559 2881 5612 τὸν
2941 5560 3324 5631 διαδεξάμενον
3378 5573 3704 5637 στρατηγόν.

2106 5692 2111 5697 .
2151 5647 2277 5700 Ἐπὶ
2309 5648 2521 5713 τούτοις
2550 5651 2712 5713 αὐτὸς
2754 5651 2854 5721 μὲν
2895 5651 3020 5704 καθ’
3057 5655 3251 5707 ἑαυτὸν
3304 5656 3520 5726 ἤχθετο,
3574 5661 3605 5710 ό
3652 5661 3709 5712 δὲ

2140 5737 2371 5805 στρατὸς
2414 5739 2495 5804 είς
2556 5740 2869 5810 τούμφανὲς
2933 5743 3255 5809 ἠγανάκτει.
3299 5747 3407 5799 Καὶ
3464 5744 3709 5814 θέλοντος
