3902 6202
211 286 322 347 8υό

1516 286 1919 348 ΑΝΝΑΙᾸΗΜ
1958 288 2104 350 LlB.
2148 291 2224 349 Χ.

3380 298 3487 360 805

211 395 511 466 προελθεῖν
543 394 855 466 Πομπηΐῳ,
887 394 981 448 τοῦ
1039 411 1099 448 τε
1153 394 1330 448 Σύλλα
1383 393 1568 459 κακῶς
1624 397 1800 466 ἐμνη-

1911 416 2030 455 cum
2078 399 2543 458 obtestationibus
2574 410 2630 457 et
2661 401 3191 461 vociferationihus:
3230 422 3486 479 :egrcquc

213 487 471 555 μόνεσον,
552 487 809 539 κάκεῖνον
834 485 938 537 οὐκ
966 484 1091 537 εῐων
1133 482 1415 536 πιστεύειν
1446 483 1522 553 τῷ
1548 484 1800 554 τυράννῳ

210 576 430 630 ἑαυτόν.
474 576 637 629 Καὶό
670 575 772 645 μὲν
799 576 1059 645 ἐπειρᾶτο
1088 574 1356 645 πραΰνειν
1381 574 1602 641 αὐτοὺς,
1650 576 1699 627 οἱ
1742 574 1800 628 δὲ

212 670 404 740 μένειν
428 669 593 722 αὐτὸν
630 670 726 721 καὶ
753 668 946 739 ἄρχειν
978 667 1252 731 ἐκέλευον,
1290 667 1451 738 ἄχρις
1484 660 1546 719 οὗ
1575 666 1800 736 προσλι-

208 761 563 832 παρούντων.
593 760 690 812 καὶ
734 758 1167 822 καταϐοώντων,
1203 758 1422 830 ὤμοσεν
1483 759 1802 828 ἀναιρήσειν

209 853 409 906 ἐαυτὸν
439 854 486 904 εἰ
529 851 823 921 βιάζοιντοο
872 850 971 904 καὶ
1017 852 1171 920 μόλις
1229 848 1405 913 οὕτως
1464 849 1797 903 ἐπαύσαντο.

211 949 447 1018 Πρῶτον
481 948 580 1016 μὲν
612 944 706 999 οὖν
728 946 938 1017 ἠγγέλη
970 947 1048 1017 τῷ
1079 947 1255 1017 Σύλλᾳ
1283 946 1590 1013 ἀφεστάναι
1650 947 1801 1014 Πομ·-

209 1044 401 1109 πήῖον.
438 1037 569 1092 Εἷτι
624 1039 929 1108 πυθόμενος
988 1038 1240 1108 τάληθὲς,
1296 1039 1610 1108 ἀπήντησεν
1654 1036 1803 1107 αύτῷ

212 1134 502 1202 προσιόντι
562 1133 657 1184 καὶ
696 1132 1122 1201 δεξιωσάμενος,
1160 1131 1379 1198 Μάγνον
1408 1131 1671 1198 προσεῖπε
1708 1144 1805 1197 με*

209 1226 360 1294 γάλῃ
389 1226 457 1293 τῇ
490 1226 667 1294 φωνῇ.
700 1223 964 1293 Σημαίνει
1015 1222 1072 1275 δὲ
1107 1221 1279 1291 μέγαν
1318 1224 1346 1273 6
1396 1223 1639 1288 Μάγνος.
1675 1220 1801 1291 Θρί-

211 1317 400 1386 αμϐον
426 1317 481 1368 δὲ
518 1316 809 1384 Πομπηΐου
864 1314 1144 1378 αἰτοῦντος
1186 1315 1214 1365 6
1262 1313 1465 1375 Σύλλας
1489 1314 1801 1380 ἀντέλεγεν,

207 1408 289 1470 ὡς
334 1408 530 1476 ὑπάτῳ
578 1407 612 1477 ἢ
672 1405 967 1476 στρατη·ίῷ
1023 1405 1381 1478 Θριαμϐεύειν
1453 1407 1793 1475 νενόμισται,

208 1498 369 1568 ἄλλῳ
389 1498 447 1550 δέ
467 1496 668 1551 οὐδενί.
705 1497 766 1549 Ei
788 1496 845 1549 δὲ
881 1497 1167 1566 Πομπήϊος
1201 1496 1354 1551 οὔπω
1385 1496 1618 1564 γενειῶν
1644 1498 1805 1568 ἀκρι-

210 1591 332 1653 ϐῶς
359 1589 747 1660 θριαμϐεύσει,
794 1584 839 1657 ᾧ
870 1588 1065 1659 βουλῆς
1096 1589 1185 1642 διά
1214 1590 1314 1661 τὴν
1340 1591 1557 1660 ἡλικίαν
1580 1591 1639 1643 ού
1677 1592 1801 1659 μέτ-

207 1699 391 1751 εστιν,
417 1681 706 1751 ἐπίφθονος
749 1680 938 1747 ἔσεταί
993 1683 1207 1755 αύτῷή
1257 1684 1415 1753 τιμή.
1462 1683 1652 1738 Ταῦτα
1710 1684 1803 1736 τοῦ

1901 491 2259 555 destiterunt,
2315 508 2442 549 cum
2501 495 2741 565 jnrasset
2771 510 2831 550 se
2865 496 2968 550 sibi
3003 497 3106 566 ipsi
3132 514 3327 554 manus
3356 502 3493 556 alla-

1903 593 2116 649 turum,
2149 584 2194 638 si
2220 595 2503 655 cogerent.
2538 584 2820 657 Principio
2849 586 3014 657 Sylla:
3040 591 3355 644 nuntiatum
3381 602 3487 657 est,

1902 672 2168 728 defecisse
2205 675 2555 745 Pompeium.
2599 676 2806 730 Deinde
2838 677 3071 733 veritate
3106 680 3348 749 cognita,
3382 681 3485 735 ob-

1902 764 2046 818 viam
2082 780 2429 836 progressus,
2464 778 2830 837 porrectaque
2850 767 3096 834 dextera,
3125 786 3321 841 magna
3353 788 3488 827 voce

1906 854 2159 925 Magnum
2209 872 2335 911 eum
2388 858 2838 927 cognominavit:
2878 859 2975 914 sed
3011 860 3352 930 triumphum
3393 877 3487 931 pe—

1907 947 2043 1001 tenti
2068 948 2395 1002 adversatus
2413 961 2518 1013 cst,
2550 951 2695 1019 quod
2727 951 2934 1004 nemini
2964 962 3328 1021 przeterquam
3355 967 3486 1007 con-

1906 1038 2011 1092 suli
2042 1049 2138 1092 aut
2170 1040 2392 1108 praetori
2430 1039 2778 1109 triumphare
2810 1039 3022 1094 liceret.
3062 1038 3157 1092 Sin
3192 1040 3488 1108 Pompeius

1905 1144 2046 1198 pene
2096 1129 2379 1191 imberbis.
2433 1132 2520 1183 cui
2575 1147 2671 1199 per
2692 1141 2912 1185 a:tatem
2964 1132 3018 1185 in
3062 1142 3256 1185 senatu
3290 1132 3483 1186 venire

1904 1238 2015 1277 non
2044 1223 2261 1283 liceret.
2301 1222 2717 1291 triumphasset,
2779 1239 2905 1277 eum
2951 1223 3218 1277 honorem
3256 1222 3492 1276 invidio-

1907 1328 2029 1367 sum
2061 1313 2197 1367 fore.
2227 1311 2354 1367 llaec
2387 1313 2529 1384 Sylla
2557 1313 2795 1376 dicente,
2828 1314 3122 1383 Pompeius
3153 1313 3490 1383 respondere

1906 1420 2016 1459 non
2037 1404 2331 1470 dubitavit,
2375 1404 2643 1459 orientem
2670 1404 2840 1459 solem
2868 1404 3052 1473 plures
3073 1404 3304 1458 adorare
3325 1420 3489 1474 quam

1906 1498 2249 1552 occidentem
2278 1518 2292 1551 :
2335 1512 2446 1567 quo
2473 1496 2620 1551 dicto
2648 1495 2957 1566 signiﬁcare
2988 1495 3184 1560 voluit,
3207 1511 3361 1552 suam
3396 1511 3493 1565 po-

1910 1589 2134 1644 tentiam
2184 1590 2396 1659 angeri,
2444 1589 2591 1642 illius
2640 1587 2894 1641 imminui
2939 1597 2995 1641 et
3024 1587 3366 1640 exolescere.
3413 1585 3491 1640 Eo

1909 1698 2174 1753 responso
2203 1683 2368 1755 474
2396 1683 2540 1755 Sylla
2571 1683 2985 1753 obstupefactus
3017 1699 3031 1736 :
3077 1682 3168 1736 νει
3201 1683 3276 1736 bis
3306 1682 3489 1737 ordine

207 1772 400 1826 ⁴Σύλλα
424 1771 678 1841 λέγοντος
725 1774 756 1825 6
800 1774 1082 1844 Πομπήϊος
1135 1773 1235 1843 οὐχ
1290 1772 1626 1844 ὑπέπτηξεν,
1681 1773 1800 1827 ἀλλ’

1911 1778 2214 1845 triumphet,
2242 1778 2589 1831 exclamavit.
2629 1775 2894 1830 Militibus
2924 1782 3108 1831 autem
3141 1774 3491 1829 obturbanti-

206 1866 423 1917 ἐννοεῖν
447 1863 554 1935 ἔφη
634 1865 743 1918 δεῖν
778 1865 861 1917 ὅτι
890 1865 982 1917 τὸν
1018 1864 1172 1935 ἥλιον
1210 1863 1572 1917 ἀνατέλλοντα
1631 1864 1807 1917 πλείο-

207 1955 369 2026 νεςῆ
414 1956 678 2026 δυόμενον
740 1954 1138 2027 προσκυνοῦσιο
1184 1955 1363 2024 δηλῶν
1436 1956 1689 2009 ἐντεῦθεν
1732 1956 1806 2020 ὡς

206 2045 373 2115 αὖτῷ
404 2046 502 2115 μὲν
526 2048 559 2115 ἡ
583 2047 814 2117 δύναμις
840 2046 1087 2112 αὔξεται,
1120 2046 1317 2118 ἐκείνῳ
1346 2046 1403 2099 δὲ
1458 2044 1714 2117 μειοῦται
1746 2062 1806 2097 τε

210 2141 320 2194 καὶ
352 2139 708 2210 μαραίνεται.
730 2140 874 2209 ἰιρὺς
912 2138 1138 2192 ταῦταὸ
1166 2139 1372 2201 Σύλλας
1404 2138 1803 2205 καταπλαγεὶς,

209 2234 324 2297 Δὶς
342 2231 569 2301 ἐφεξῆς
598 2230 1068 2299 θριαμῦειοσάτω,
1096 2229 1344 2301 ἐϐόησεν.
1364 2232 1450 2294 Ὠς
1471 2231 1527 2283 δέ
1560 2231 1612 2282 οἱ
1649 2248 1808 2299 στρα-

206 2325 415 2378 τιῶται
450 2324 691 2393 ἐνοχλεῖν
721 2323 1006 2378 ἐϐούλοντο
1024 2326 1119 2378 καὶ
1144 2324 1420 2395 θορυϐεῖν,
1444 2324 1520 2396 μὴ
1550 2327 1807 2395 τυχόντες

213 2418 437 2490 ἡλίκων
460 2419 887 2490 προσεδόκησαν,
915 2419 943 2470 6
972 2416 1258 2486 Πομπήϊος
1280 2417 1511 2486 ἀφήσειν
1539 2415 1642 2484 ἔφη
1673 2415 1810 2483 p611-

210 2513 315 2566 λον
339 2513 437 2564 τὸν
467 2509 738 2581 θρίαμϐον
785 2509 819 2580 ἢ
871 2507 1229 2562 κολακεύσειν
1270 2508 1397 2569 τοὺς
1445 2506 1805 2577 στρατιώτας.

211 2603 366 2672 Πρὸς
411 2599 439 2653 ὃ
477 2600 787 2670 Σερουΐλιος
844 2599 987 2670 ἀνὴρ
1047 2598 1321 2665 ἐπιφανὴς
1378 2597 1472 2649 καὶ
1511 2595 1808 2663 ἀντιλέγων

213 2695 358 2766 πρὶν
392 2693 534 2764 πρὸς
569 2694 659 2744 τὸν
695 2690 990 2761 θρίαμϐον,
1021 2688 1174 2750 Νῦν,
1206 2688 1332 2757 ἔφη,
1368 2675 1670 2756 Πομπῆϊος
1707 2685 1807 2738 καὶ

215 2788 472 2857 Μάγνος
508 2783 770 2851 ἀληθῶς,
806 2781 901 2836 καί
953 2779 1125 2846 ἄξιος
1148 2778 1556 2849 Θριαμῖεῦσαι.
1605 2777 1810 2839 Σύλλας

211 2879 275 2931 δὲ
302 2878 500 2947 ἠνιᾶτο
525 2876 645 2945 μὲν,
673 2874 814 2945 ὁρῶν
835 2879 914 2936 είς
954 2874 1077 2925 ὅσον
1110 2873 1328 2941 πρόεισι
1365 2869 1524 2938 δόξης
1567 2871 1661 2922 καὶ
1720 2870 1812 2921 δυ-

209 2970 441 3039 νάμεως
475 2970 502 3019 6
537 2969 839 3037 Πομπήϊος,
881 2965 1270 3034 αἰσχυνόμενος
1303 2962 1359 3015 δὲ
1396 2962 1651 3025 κωλύειν,
1686 2961 1810 3031 ἠσυ-

211 3067 349 3137 χίσιν
378 3059 510 3135 ἦγε.
564 3061 798 3124 Λέπιδος
840 3062 1025 3130 μέντοι
1077 3058 1281 3126 σπουδῇ
1340 3058 1624 3127 Πομπηΐου
1677 3058 1811 3110 ὑπα-

212 3158 372 3221 τείας
401 3154 601 3225 τυχὼν,
632 3156 711 3217 εἰς
740 3152 837 3224 τὴν
884 3151 1060 3205 Σύλλα
1113 3149 1345 3217 δύναμιν
1388 3150 1601 3202 ἐκείνου
1632 3150 1811 3201 τελευο

212 3252 495 3322 τήσαντος
535 3246 730 3300 ἑαυτὸν
751 3245 1037 3301 εἰσεποίει.
1090 3245 1202 3298 Καὶ
1262 3243 1425 3306 εὐθὺς
1459 3243 1680 3305 ἔνοπλος
1720 3239 1810 3312 ἦν,

214 3345 296 3396 τὰ
324 3342 439 3394 τῶν
470 3339 712 3392 στάσεων
741 3336 1133 3406 ὑπολείμματα
1168 3326 1598 3388 ἀνακινῶνζκωι
1623 3335 1649 3385 ὁ
1668 3333 1812 3400 Πομ-

217 3438 386 3509 πήϊος
414 3430 639 3503 ἡγεμὼν
670 3428 1086 3499 στρατεύματος
1116 3427 1415 3497 ἀπεδείχθη
1465 3427 1608 3478 κατά
1640 3426 1809 3478 Λεπί-

214 3531 343 3589 δου,
382 3526 483 3597 ήδη
522 3524 691 3578 πολλὰ
736 3525 833 3591 τῆς
880 3520 1114 3582 Ἰταλίας
1164 3520 1520 3588 κεκινηκότος
1574 3519 1668 3571 καὶ
1715 3518 1814 3588 τὴν

224 3622 387 3684 ἐντος
423 3617 678 3672 ’Ἄλπεων
712 3616 985 3668 Γαλατίαν
1025 3613 1113 3666 διὰ
1159 3613 1399 3682 Βρούτου
1461 3613 1812 3680 κατέχοντος.

221 3711 352 3765 Τῶν
380 3709 482 3778 μὲν
513 3702 604 3761 οὖν
632 3706 811 3760 ἀλλων
845 3702 1052 3775 ῥᾳδίως
1092 3703 1401 3773 ἐκράτησεν
1430 3704 1456 3753 6
1508 3702 1813 3770 Πομπήϊος,

219 3801 664 3871 ἁντικαθήμενος
696 3798 754 3851 δὲ
783 3797 861 3867 τῷ
889 3796 1110 3866 Βρούτῳ
1160 3796 1459 3866 ἐχρόνισεν.
1496 3791 1628 3847 Εἶτα
1692 3795 1817 3844 ἐαυ-

221 3899 320 3951 τὸν
349 3898 377 3950 6
410 3893 646 3964 Βροῦτος
672 3890 822 3961 αὐτῷ
854 3889 1211 3962 ἐνεχείρισεν,
1258 3886 1291 3957 ἢ
1344 3886 1817 3956 μεταϐαλλίμενος

219 3988 258 4058 ἢ
304 3985 444 4057 προδ
478 3983 611 4045 θείς.
654 3982 813 4034 Καὶό
846 3979 945 4049 μὲν
992 3978 1260 4049 ἀνῃρέθη,
1303 3971 1476 4046 οὗπερ
1510 3975 1623 4036 υίὸς
1674 3969 1741 4043 ἧν
1789 3973 1817 4023 6

224 4077 498 4145 Καίσαρα
526 4073 752 4143 ὕστερον
778 4069 1257 4141 διαχειρισάμενος
1305 4065 1562 4136 Βροῦτος.
1588 4064 1817 4127 Λέπιδος

227 4172 293 4226 δὲ
350 4170 451 4240 τῆς
496 4168 727 4230 Ἰταλίας
763 4160 1160 4224 ἐκπεπτωκὼς,
1218 4159 1361 4228 νόσῳ
1405 4158 1694 4211 ἀπέθανεν.
1757 4155 1816 4209 Ὀ

229 4261 423 4332 μέντοι
455 4256 760 4328 Σερτώριος
815 4255 915 4321 τὴν
972 4250 1215 4321 Ἰϐηρίαν
1270 4247 1407 4318 ἔχων
1452 4245 1681 4316 φοϐερὸς
1725 4240 1814 4315 ἦν.

1910 1868 2013 1923 bus
2062 1876 2119 1921 et
2173 1868 2662 1930 tumultuantibus,
2717 1866 2865 1936 quod
2927 1866 3342 1935 ex5pectatione
3391 1881 3491 1920 sua

1910 1961 2122 2015 minora
2156 1960 2518 2030 accepissent,
2582 1958 2881 2028 Pompeius
2914 1973 2974 2013 se
3016 1958 3357 2026 triumphum
3390 1973 3491 2028 po-

1911 2053 2021 2107 tius
2049 2052 2408 2116 omissurum,
2462 2067 2625 2121 quam
2677 2051 2947 2105 militibus
2978 2050 3330 2105 adulaturum
3366 2064 3491 2106 esse

1908 2146 2218 2201 afﬁrmavit.
2260 2145 2340 2199 Ad
2406 2143 2553 2214 quod
2607 2143 2898 2202 Servilius.
2956 2142 3043 2196 vir
3092 2142 3344 2205 illustris,
3396 2139 3492 2210 qni

1909 2248 2037 2293 ante
2070 2237 2348 2307 triumpho
2381 2238 2501 2307 ejus
2537 2236 2862 2290 adversatus
2910 2235 3137 2289 fuerat:
3175 2232 3355 2297 Nunc,
3406 2233 3494 2286 in-

1909 2330 2050 2399 quit,
2079 2329 2365 2399 Pompeius
2395 2338 2444 2381 et
2483 2343 2602 2382 vere
2634 2342 2854 2395 magnus
2885 2334 2983 2388 est,
3022 2334 3070 2378 et
3109 2326 3377 2395 triumpho
3409 2326 3491 2377 άι-

1907 2437 2064 2490 guus.
2097 2418 2241 2490 Sylla
2276 2433 2409 2473 vero
2444 2417 2545 2473 etsi
2601 2416 2871 2472 crescenti
2930 2415 3177 2485 Pompeii
3226 2414 3413 2485 gloria:
3438 2423 3496 2467 et

1912 2502 2171 2582 potentiae
2220 2509 2527 2573 invidebat,
2593 2517 2772 2563 tamen
2832 2508 3041 2578 pudore
3083 2506 3490 2567 deterrebatur,

1910 2601 2209 2672 quominus
2258 2603 2308 2657 ei
2343 2601 2754 2654 adversaretur.
2811 2596 3053 2667 Lepidus
3085 2612 3216 2651 vero
3248 2596 3493 2665 Pompeii

1910 2692 2095 2747 studio
2118 2692 2466 2746 consulatum
2493 2693 2745 2759 adeptus.
2775 2704 2902 2742 cum
2935 2697 3057 2757 post
3089 2688 3249 2759 Syllae
3280 2687 3491 2740 obitum

1911 2784 2097 2839 statim
2130 2783 2278 2837 illius
2306 2784 2608 2853 potentiam
2643 2781 2746 2836 sibi
2791 2780 3097 2840 vindicans,
3129 2787 3378 2831 armatus
3407 2792 3494 2830 se-

1911 2875 2184 2929 ditionum
2217 2873 2482 2928 scintillas
2531 2876 2821 2934 excitaret,
2886 2870 3189 2940 Pompeius
3217 2868 3327 2923 dux
3362 2882 3497 2922 con-

1914 2975 1995 3021 tra
2034 2981 2160 3020 eum
2196 2964 2397 3019 missus
2420 2970 2524 3027 est,
2577 2978 2700 3017 cum
2753 2962 2844 3017 ille
2877 2976 3128 3031 magnam
3165 2960 3333 3015 Italia:
3366 2974 3494 3030 par-

1916 3071 2023 3116 tem
2052 3060 2162 3130 jam
2195 3059 2604 3119 commovisset,
2650 3066 2706 3111 ct
2738 3054 3079 3124 Cisalpinam
3130 3054 3362 3109 Galliam
3397 3069 3495 3122 per

1910 3151 2141 3205 Brutum
2177 3159 2524 3219 occupasset.
2568 3149 2643 3202 Ac
2672 3156 2901 3201 caeteros
2936 3145 3161 3215 quidem
3199 3144 3496 3213 Pompeius

1911 3244 2069 3299 facile
2103 3242 2406 3313 superavit,
2466 3240 2559 3295 sed
2619 3239 3030 3293 dimicationem
3067 3236 3333 3291 adversus
3363 3235 3497 3288 Bru-

1914 3347 2026 3392 tum
2062 3336 2224 3406 paulo
2258 3334 2467 3388 diutius
2493 3333 2709 3387 distulit
2738 3351 2753 3386 :
2793 3332 2973 3385 donec
3001 3325 3220 3383 tandem
3256 3328 3373 3396 ipse
3410 3326 3491 3379 vel

1912 3429 2188 3484 sententia
2242 3434 2475 3485 mutata.
2528 3424 2613 3478 vel
2658 3438 2686 3475 a
2739 3423 2856 3476 suis
2888 3420 3165 3490 proditus,
3209 3417 3494 3472 deditione

1913 3525 2074 3584 facta,
2115 3521 2366 3576 sublatus
2397 3528 2499 3573 est.
2526 3518 2658 3587 Ejus
2686 3516 2840 3569 Bruti
2879 3514 3023 3569 ﬁlius
3054 3514 3100 3566 is
3134 3512 3337 3564 Brutus
3368 3508 3492 3574 fuit,

1912 3614 2005 3683 qui
2036 3620 2154 3682 post
2190 3610 2460 3666 Caesarem
2496 3607 2795 3662 interfecit.
2830 3604 3074 3674 Lepidus
3120 3602 3274 3657 Italia
3306 3600 3495 3667 pulsus

1914 3705 2108 3760 morbo
2140 3703 2326 3774 periit.
2382 3701 2488 3754 Sed
2523 3715 2648 3753 cmn
2685 3698 2968 3753 Sertorius
3016 3693 3294 3763 llispaniis
3324 3707 3493 3746 occu-

1915 3799 2056 3869 patis
2092 3793 2458 3849 formidabilis
2480 3800 2649 3856 esset,
2711 3789 3009 3856 Pompeius
3061 3786 3236 3856 Oppio
3276 3784 3493 3838 Metello

1915 3908 2038 3947 cum
2091 3891 2184 3945 illo
2234 3890 2439 3944 bellum
2488 3884 2699 3955 gerenti
2748 3881 2957 3937 auxilio
3006 3878 3231 3940 missus,
3273 3875 3494 3929 duobus

1916 3984 2147 4041 Sertorii
2191 3983 2428 4037 ducibus
2474 3979 2776 4049 superatis,
2814 3975 2955 4029 ultra
3002 3988 3033 4025 χ
3070 3969 3238 4024 millia
3269 3969 3491 4027 cecidit.

1915 4075 2123 4131 Deinde
2152 4090 2275 4129 cum
2306 4072 2556 4128 Sertorio
2585 4071 2704 4139 ipso
2733 4066 2956 4136 ancipiti
2991 4062 3224 4118 victoria
3262 4060 3494 4115 dimica-

1916 4167 2016 4221 vit.
2049 4168 2094 4220 A
2128 4164 2311 4235 pedite
2337 4164 2578 4232 iungentis
2606 4162 2873 4228 corporis,
2906 4157 3020 4226 ipse
3041 4171 3235 4225 eques.
3269 4169 3491 4207 manum

1919 4260 2083 4321 ictus,
2134 4256 2284 4311 illius
2330 4269 2553 4308 manum
2590 4250 2914 4321 amputavit.
2965 4247 3175 4304 Castris
3221 4262 3346 4301 cum
3382 4246 3493 4299 Me—

226 4352 349 4407 Καὶ
386 4351 524 4421 πρὸς
552 4345 742 4400 τοῦτον
766 4343 861 4397 οὖν
902 4345 930 4396 6
958 4343 1242 4413 Πομπηῖος
1310 4338 1538 4407 ἐστάλη,
1598 4353 1808 4417 συμμα.

1922 4351 2053 4407 tello
2083 4347 2414 4419 conjunctis,
2473 4345 2649 4399 virum
2690 4340 3007 4405 honoravit,
3050 4348 3104 4396 et
3135 4339 3377 4394 vicissim
3410 4346 3497 4393 est

226 4452 420 4518 χὴσων
468 4439 690 4508 Ὀππίῳ
722 4435 980 4506 Μετέλλῳ
1028 4432 1320 4506 μαχομένῳ
1370 4431 1507 4500 πρὸς
1555 4429 1647 4482 τὸν
1696 4429 1808 4499 Σερ

1921 4444 2247 4498 honoratus.
2299 4437 2545 4494 Sertorio
2590 4436 2659 4490 ab
2709 4434 2903 4489 amicis
2950 4448 3049 4502 per
3097 4430 3285 4486 dolum
3318 4430 3495 4483 inter-

225 4542 454 4609 τώριον.
489 4535 582 4597 Εἰς
646 4530 886 4602 Ἰϐηρίαν
928 4529 985 4581 δέ
1036 4527 1393 4597 ἀφικόμενος,
1440 4524 1658 4594 πρῶτον
1712 4523 1812 4593 μὲν

224 4632 353 4685 δυσὶ
390 4626 719 4697 στρατηγοῖς
779 4617 1142 4687 ἀντικατέστη
1194 4614 1290 4670 τοῦ
1334 4614 1665 4686 Σερτωρίου,
1718 4612 1812 4666 καὶ

230 4725 468 4792 νικήσας
510 4718 649 4784 ὑπὲρ
693 4713 920 4785 μυρίους
960 4710 1308 4764 ἀπέκτεινεν·
1359 4701 1483 4759 εἶτα
1525 4710 1621 4759 καὶ
1662 4703 1812 4774 αὐτῷ

226 4810 528 4884 Σερτωρίῳ
547 4806 879 4877 προσμίξας,
911 4801 1209 4872 ἀμφίδοξον
1240 4798 1443 4869 ἔσχηκε
1475 4798 1569 4851 τὸν
1600 4796 1811 4866 ἀγῶνα.

240 4901 600 4960 Ἐπελθόντος
628 4897 686 4948 δὲ
717 4895 992 4962 Πομπηῖῳ
1018 4892 1132 4943 δντι
1166 4890 1372 4960 ἱππότῃ
1402 4886 1594 4957 ἀνδρὸς
1639 4886 1810 4957 μεγά-

224 4996 324 5050 λου
356 4990 551 5055 πεζοῦ,
578 4990 606 5040 6
629 4988 729 5058 μὲν
756 4984 1037 5055 Πομπήϊος
1090 4979 1194 5035 ὑπὸ
1228 4980 1437 5033 ἐκείνου
1459 4979 1672 5049 ἐπλήγη
1716 4978 1813 5049 τὴν

229 5092 420 5161 χεῖρα,
444 5086 654 5145 ἐκεῖνος
683 5080 740 5133 δὲ
785 5078 892 5130 ὑπὸ
951 5073 1241 5145 Πομπηΐου
1311 5073 1483 5144 αὐτὴν
1532 5071 1811 5142 ἀπεκόπη.

242 5179 506 5242 Ἐνωθεὶς
542 5179 598 5231 δὲ
623 5174 702 5245 τῷ
765 5169 1049 5240 Μετέλλῳ,
1084 5167 1311 5238 ἐτίμησε
1339 5166 1431 5220 τὸν
1482 5166 1678 5237 ἄνδρα,
1717 5165 1815 5218 καὶ

228 5274 496 5346 ἐτιμήθηο
528 5268 662 5323 ἀλλά
699 5269 792 5320 τοῦ
853 5261 1160 5332 Σερτωρίου
1217 5259 1666 5329 δολοφονηθέντος
1709 5259 1814 5313 ὑπὸ

233 5371 344 5423 τῶν
381 5366 579 5437 φίλων,
606 5358 921 5430 Περπέννας
948 5354 1101 5406 ὁτῶν
1124 5349 1292 5414 aurei),
1321 5351 1610 5422 ἡγεμόνων
1645 5368 1814 5421 κορυ-

238 5464 556 5532 φαιότατος,
595 5452 950 5523 ἐπεχείρησεν
993 5445 1187 5515 ἐκείνῳ
1231 5446 1403 5497 ποιεῖν
1445 5443 1669 5513 ὁμοίως,
1716 5441 1811 5505 τὰς

234 5531 453 5608 ἐκείνου
502 5545 760 5613 δυνάμεις
798 5534 1245 5610 περιϐαλόμενος.
1292 5531 1433 5586 Ἀλλ’
1469 5535 1497 5586 6
1526 5533 1812 5602 Πομπήϊος

232 5643 665 5711 ἀντιταξάμενος
681 5633 831 5705 αὑτῷ
849 5628 1118 5702 ἐκράτησε
1141 5626 1379 5689 πάντων,
1405 5627 1497 5679 καὶ
1516 5626 1814 5696 διεφθάρη-

235 5759 334 5796 στιν
362 5741 413 5793 οί
446 5736 688 5789 πλεῖστοι
712 5726 822 5782 τῶν
853 5721 1137 5795 ἡγεμόνων
1161 5722 1221 5774 ἐν
1248 5720 1317 5790 τῇ
1354 5716 1498 5789 μάχη
1522 5732 1534 5749 ο
1568 5719 1730 5791 αὐτὸν
1755 5717 1811 5773 δὲ

1916 4539 2082 4600 feeto,
2113 4534 2399 4603 Perpenna
2430 4530 2632 4585 ducum
2663 4527 2786 4596 ejus
2833 4526 3113 4595 princeps,
3139 4521 3395 4590 exemplo
3431 4522 3491 4573 il-

1914 4627 2024 4681 lius
2052 4623 2365 4693 legionibus
2391 4619 2659 4683 munitus,
2684 4632 2714 4671 a
2746 4614 3009 4684 Pompeio
3040 4613 3218 4666 victus
3250 4620 3355 4672 est,
3386 4609 3499 4678 ple-

1916 4717 2103 4786 risque
2133 4712 2371 4769 ducibus
2398 4711 2453 4766 in
2489 4710 2606 4765 acie
2644 4708 2839 4763 CtBSiS:
2882 4715 2937 4760 et
2971 4704 3089 4773 ipse
3113 4704 3272 4757 vivus
3311 4701 3365 4755 in
3395 4717 3494 4770 po-

1916 4816 2173 4865 testatem
2203 4805 2483 4863 redactus.
2538 4817 2728 4872 pmnas
2774 4798 2949 4855 dedit.
3006 4796 3252 4852 Moratus
3282 4793 3337 4849 in
3370 4794 3495 4848 llis-

1918 4899 2101 4971 pania,
2134 4898 2264 4953 dum
2292 4894 2488 4965 sopitis
2521 4892 2852 4947 tumultibus
2897 4904 2988 4943 res
3017 4894 3398 4959 componeret,
3431 4900 3497 4939 ac

1917 4991 2164 5047 reductis
2198 4990 2255 5045 in
2297 4988 2508 5044 Italiam
2555 4985 2753 5054 copiis,
2795 4982 3168 5051 suspicionem
3204 4993 3259 5033 et
3285 4986 3493 5035 metum

1918 5082 2326 5156 hominum,.ne
2359 5076 2591 5134 retentis
2636 5075 2951 5145 legionibus
2997 5071 3366 5142 principatum
3406 5084 3496 5122 ar-

1917 5173 2021 5227 mis
2067 5172 2173 5227 sibi
2222 5169 2550 5231 vindiearet,
2612 5166 2873 5228 abolevit,
2902 5179 2959 5219 se
2992 5171 3122 5233 post
3152 5162 3489 5230 triumphum

1915 5264 2218 5320 exercitum
2248 5262 2606 5317 dimissurum
2635 5256 2939 5328 professus.
2986 5254 3161 5311 Unam
3191 5266 3303 5307 rem
3339 5250 3394 5304 in
3423 5263 3493 5303 eo

1917 5354 2397 5426 reprehendebant
2426 5350 2624 5413 invidi,
2654 5348 2800 5419 quod
2833 5345 3117 5417 popularis
3138 5358 3285 5396 aurae
3320 5340 3492 5407 magis

1918 5463 2080 5517 quam
2132 5445 2457 5515 optimatum
2508 5441 2791 5497 studiosus
2834 5447 2983 5494 esset
3028 5454 3042 5489 :
3087 5436 3249 5501 idque
3298 5444 3492 5482 verum

1896 5553 2057 5595 erat.
2089 5537 2277 5608 Neque
2329 5538 2475 5590 enim
2507 5534 2799 5603 quisquam
2835 5531 3039 5600 majora
3074 5534 3130 5579 et
3174 5522 3493 5576 ardentiora

1918 5629 2105 5701 populi
2139 5626 2369 5682 Romani
2405 5623 2569 5699 475
2619 5622 2801 5680 studia
2851 5619 3063 5675 habuit.
3103 5616 3294 5682 Itaque
3323 5620 3383 5667 et
3415 5612 3496 5666 al-

1921 5731 2005 5779 ter
2040 5720 2372 5790 triumphus,
2429 5726 2484 5773 et
2531 5715 2877 5780 consulatus,
2929 5721 2982 5767 et
3034 5708 3287 5770 Crassus,
3342 5705 3490 5759 illius
