3902 6202
469 296 579 360 807

1778 281 2101 346 JOANNIS
2129 278 2455 342 ZONARE

3534 281 3619 343 εοι

467 407 645 481 gratia
678 410 918 476 animus,
965 399 1175 471 collega
1224 399 1276 454 ei
1325 396 1490 452 datus
1516 402 1624 451 est.
1677 392 1952 449 Cancrum
1988 392 2043 446 in

2169 389 2241 443 τὸν
2268 390 2588 458 Περπένναν
2623 384 2902 439 ἑαλωκότα
2931 381 3065 448 ζωὸν
3095 383 3372 438 ἀπέκτεινε.
3388 386 3478 438 Καὶ
3494 405 3626 458 προσ.

469 498 761 557 consulatu
791 512 901 550 non
936 500 1341 551 consenserunt
1370 507 1385 547 :
1427 504 1492 544 ac
1527 488 1702 559 major
1735 486 1840 542 fuit
1863 484 2051 542 Crassi

471 590 528 646 in
561 598 780 650 senatu,
807 585 1032 656 Pompei
1069 583 1214 653 apud
1242 581 1505 652 p0pulum
1554 578 1876 635 auctoritas.
1900 575 2052 631 Con-

474 683 718 737 sulatum
748 678 970 749 quidem
1004 674 1301 730 recusavit.
1336 673 1403 728 Et
1433 672 1561 743 quia
1603 670 1776 724 moris
1818 676 1962 735 erat,
1996 674 2056 722 ut

472 772 705 831 Romani
727 770 962 840 equites,
986 783 1114 822 cum
1135 765 1440 836 legitimum
1465 774 1681 833 tempus
1704 761 2053 815 militassent.

474 880 622 933 equo
660 863 894 933 quisque
929 876 1033 915 suo
1068 860 1123 913 in
1174 859 1355 913 forum
1391 856 1457 911 ad
1489 871 1749 911 censores
1790 852 2055 917 adducto,

474 959 643 1011 duces
672 966 729 1010 et
782 956 1144 1023 imperatores
1198 957 1554 1005 recenserem
1583 947 1686 1001 sub
1718 946 1924 1016 quibus
1953 944 2057 998 sti-

474 1047 678 1118 pendia
730 1045 1086 1105 meruissent,
1134 1050 1190 1097 et
1224 1040 1529 1096 rationibus
1564 1037 1775 1093 militia
1803 1034 2057 1097 redditis,

475 1139 563 1193 vel
611 1138 821 1192 honore
870 1136 957 1190 vel
998 1135 1299 1205 ignominia
1353 1148 1454 1202 pro
1501 1141 1768 1186 anteacue
1812 1130 1940 1184 vita:
1969 1143 2060 1182 ra-

479 1230 629 1283 tione
681 1227 1075 1282 allicerentur:
1116 1224 1378 1294 Pompeio
1423 1224 1591 1276 etiam
1644 1222 1789 1276 inter
1833 1230 2062 1275 caeteros

478 1319 697 1389 imperii
731 1319 1039 1389 insignibus
1070 1324 1289 1380 ornato,
1319 1330 1522 1385 equum
1573 1328 1739 1368 manu
1768 1314 1839 1367 ad
1874 1325 2064 1367 censo-

479 1426 570 1464 res
601 1410 929 1473 adducente,
970 1406 1207 1477 populus
1257 1421 1379 1459 cum
1434 1403 1804 1458 admiratione
1850 1400 2060 1465 tacuit;

477 1499 775 1568 Pompeius
804 1514 940 1553 vero
972 1499 1147 1552 altero
1178 1512 1409 1551 censore
1458 1504 1684 1566 rogante
1718 1510 1735 1550 :
1776 1495 1861 1547 Αη
1885 1508 2065 1547 omnes

476 1591 828 1658 expeditiones
860 1606 924 1644 ea:
956 1590 1067 1660 lege
1126 1589 1333 1643 abiissct
1362 1589 1386 1641 .9
1417 1604 1610 1656 magna
1636 1602 1772 1641 voce
1798 1602 1853 1640 se
1877 1584 2065 1638 obiisse

474 1684 780 1753 respondit,
833 1700 1030 1753 easque
1074 1699 1251 1737 omnes
1297 1698 1352 1737 se
1385 1683 1498 1751 ipso
1545 1681 1885 1751 imperatore.
1924 1677 2062 1731 Tum

476 1779 680 1844 populo
713 1777 1074 1839 acclamante,
1122 1791 1151 1829 a
1201 1773 1531 1829 censoribus
1582 1772 1638 1826 in
1690 1769 2064 1827 multitudinis

476 1868 709 1933 gratiam
748 1868 1051 1920 honoriﬁce
1080 1867 1305 1920 domum
1333 1872 1419 1920 est
1447 1864 1744 1919 deductus.

2157 483 2354 552 μείνας
2404 482 2543 545 ὲκεῐ,
2589 480 2685 533 καὶ
2742 479 3091 547 καταστήσας
3129 477 3194 530 τὰ
3238 477 3514 548 πράγματα,
3553 466 3639 534 ml‘

2156 573 2501 637 κατασϐέσας
2535 573 2632 634 τάς
2665 569 2937 642 ταραχὰς,
2970 570 3048 632 είς
3091 568 3300 621 Ἰταλίαν
3325 569 3540 640 ἀπήγαγε
3560 573 3630 626 τὶν

2160 664 2415 734 στρατόν.
2449 658 2560 716 Ἦν
2607 661 2664 715 δὲ
2706 659 2920 730 ὑποψία
2970 660 3065 712 καὶ
3092 658 3224 723 δέος,
3261 656 3328 723 ὣς
3354 661 3406 713 οὐ
3451 664 3633 733 amca.

2157 772 2247 808 ται
2274 756 2337 808 τὸ
2362 753 2700 825 στράτευμα,
2730 752 2801 805 δι’
2824 752 3004 806 ὃπλων
3036 751 3092 804 δὲ
3122 750 3367 821 βαδιεῖται
3400 756 3636 825 μοναρχίας

2158 847 2475 917 κατάρχων.
2522 846 2582 899 '0
2612 846 2669 898 δὲ
2701 844 2908 915 ταύτην
2950 843 3123 898 avens
3144 842 3237 915 τὴν
3268 844 3638 917 ὗπόνοιαν,ἀφήο

2162 955 2277 992 σειν
2329 939 2391 991 τὸ
2420 937 2737 1010 στράτευμα
2762 938 2964 1007 φήσας,
3002 936 3136 1005 μετά
3184 936 3269 988 τδν
3296 935 3542 1005 θρίαμϐον.
3565 939 3637 992 Ἕν

2159 1031 2206 1084 δ’
2234 1030 2317 1086 ἔτι
2372 1033 2420 1084 οἱ
2455 1028 2846 1101 βασκαίνοντες
2871 1027 3031 1080 αὐτὸν
3065 1025 3303 1097 ᾐτιῶντο,
3344 1026 3415 1079 ὃτι
3437 1026 3503 1096 τῷ
3522 1025 3641 1097 δήμῳ

2167 1125 2372 1195 μᾶλλον
2434 1126 2467 1193 ἢ
2527 1127 2594 1193 τῇ
2626 1122 2789 1193 βουλῇ
2837 1122 3188 1193 προσένειμεν
3228 1120 3434 1173 ἑαυτόν*
3461 1121 3569 1188 ὅπερ
3588 1116 3639 1188 ἦν

2162 1216 2387 1289 ἀληθές.
2443 1217 2520 1271 Οὐ
2554 1217 2667 1287 γάρ
2698 1217 2817 1269 ἐστι
2869 1210 3075 1276 οὗτινος
3101 1211 3472 1283 ἐμμανέστερον
3496 1210 3645 1266 61’s-

2166 1314 2343 1383 μαίων
2396 1308 2613 1380 ὴράσθη
2668 1308 2863 1379 δῆμος.
2913 1304 3217 1376 Ἐψηφίοθη
3252 1303 3372 1372 γοῦν
3395 1303 3517 1373 αὐτῷ
3538 1305 3641 1356 ὕπα-

2163 1406 2306 1465 τεία,
2331 1403 2427 1457 καὶ
2460 1402 2715 1471 δεύτερος
2752 1399 3042 1469 θρίαμϐος·
3078 1398 3443 1452 συνυπατεύειν
3471 1395 3516 1448 δὲ
3535 1395 3645 1463 αὐτῷ

2167 1500 2261 1550 καὶ
2288 1497 2317 1548 6
2352 1494 2609 1567 Κράσσος
2640 1491 2918 1563 ἐψηφίσθη
2953 1489 3121 1543 αὐτοῦ
3156 1487 3645 1551 missiquod“)?

2168 1586 2587 1657 ἀποδειχθέντες
2630 1584 2828 1638 ὕπατοι
2866 1583 3204 1653 διεφέροντο,
3249 1582 3338 1633 καὶ
3382 1582 3435 1632 ὲν
3476 1578 3559 1648 μὲν
3598 1580 3648 1648 τῇ

2170 1677 2335 1748 βουλῇ
2372 1679 2400 1729 ό
2424 1677 2680 1748 Κράσσος
2706 1675 2861 1745 ἴσχυε
2887 1674 3113 1745 μᾶλλον,
3167 1673 3310 1744 παρά
3346 1671 3397 1724 δὲ
3432 1669 3499 1741 τῷ
3534 1668 3649 1738 δήμῳ

2100 1750 2142 1806 Β
2170 1772 2392 1841 ἐκράτει
2421 1770 2730 1840 Πομπήϊος.
2753 1769 3122 1842 Παρῃτήσατο
3145 1766 3202 1820 δὲ
3223 1766 3313 1820 καὶ
3338 1766 3430 1836 τὴν
3463 1779 3621 1836 στρατη
3644 1796 3651 1799 -

2171 1862 2297 1931 τίαν
2323 1860 2460 1933 (ὅθ).
2515 1859 2630 1915 Καὶ
2679 1859 2838 1923 έθους
2865 1859 3022 1921 όντος
3054 1859 3169 1921 τοῖς
3211 1854 3476 1926 Ῥωμαίοις
3503 1850 3655 1907 imi.

478 1978 565 2015 σιν
598 1965 730 2017 ὅταν
766 1966 1211 2035 στρατεύσωνται
1240 1962 1334 2016 τὸν
1380 1963 1615 2033 νόμιμον
1650 1960 1865 2032 χρόνον,
1900 1960 2055 2028 ἄγειν
2082 1958 2175 2012 τὸν
2205 1959 2373 2012 ἵππον
2401 1959 2481 2022 είς
2504 1957 2711 2028 ἀγορὰν
2731 1957 2826 2009 ἐπὶ
2880 1955 3006 2018 τοὺς
3061 1954 3308 2024 τιμητὰς,
3379 1950 3657 2023 καταριθμεῖ-

480 2055 612 2106 σθαί
677 2072 737 2107 τε
772 2058 881 2107 τῶν
923 2055 1250 2127 στρατηγῶν
1269 2054 1362 2106 καὶ
1388 2053 1812 2125 αὐτοκρατόρων
1831 2052 2066 2104 ἕκαστον
2102 2051 2191 2120 ὑφ’
2215 2044 2296 2114 οἷς
2334 2049 2792 2120 ἐστρατεύσαντο,
2830 2048 2925 2101 καὶ
2946 2046 3177 2110 εὐθύνας
3205 2045 3392 2099 διδόναι
3415 2044 3499 2115 τῆς
3535 2058 3656 2112 στρα-

479 2151 656 2210 τείας,
698 2150 793 2200 καὶ
821 2147 999 2210 οὕτως
1050 2147 1307 2214 ἀφίεσθαι
1346 2146 1655 2216 νεμομένης
1674 2146 1841 2215 τιμῆς
1867 2146 1899 2216 ἦ
1926 2144 2157 2215 ἀτιμίας
2183 2144 2572 2216 προσηκούσης
2593 2145 2705 2203 τοῖς
2734 2142 2870 2212 βίοις
2909 2141 3177 2193 ἑκάστων·
3214 2140 3329 2193 τότε
3355 2136 3657 2211 προεκάθηντο

478 2238 583 2309 ’μὲν
644 2239 694 2289 οί
728 2240 977 2308 τιμηταὶ,
1022 2238 1118 2290 καί⁵
1148 2239 1198 2290 οί
1241 2239 1427 2300 ίππείς
1475 2237 1760 2309 παρῄεσαν
1792 2237 2199 2307 ὲξεταζόμενοι.
2232 2236 2413 2306 Ὠφθη
2443 2236 2500 2289 δὲ
2520 2237 2617 2289 καὶ
2642 2236 2925 2304 Πομπήϊος
2958 2235 3039 2297 είς
3067 2234 3165 2304 τὴν
3187 2232 3400 2303 ἀγορὰν,
3417 2232 3473 2284 τὰ
3499 2230 3577 2300 μὲν
3592 2233 3657 2283 ἅλ-

478 2331 550 2384 λα
574 2331 885 2400 παράσημα
903 2332 1002 2398 τῆς
1043 2328 1220 2400 ἀρχῆς
1253 2330 1417 2398 ἔχων,
1446 2329 1609 2391 αὐτὸς
1641 2327 1688 2381 δ’
1713 2328 1861 2396 ἄγων
1884 2329 1978 2382 τὸν
2000 2329 2168 2383 ἵππον
2196 2330 2283 2383 διὰ
2297 2329 2501 2401 χειρὸς,
2524 2325 2593 2400 ἦν
2628 2328 2683 2381 δὲ
2731 2326 2822 2382 τοῦ
2852 2329 3025 2398 δήμου
3062 2328 3244 2396 θαῦμα
3267 2328 3358 2380 καὶ
3384 2319 3661 2395 simillia

475 2426 508 2477 ό
547 2419 626 2485 εἷς
680 2421 791 2474 τῶν
822 2420 1093 2491 τιμητῶν,
1121 2419 1509 2489 Ιιυνθιίνομαί
1529 2436 1668 2484 σου,
1694 2415 1869 2483 εἶπεν,
1894 2414 1943 2473 ὦ
1960 2423 2233 2491 Πομπήϊε
2250 2423 2477 2489 Μάγνε,
2499 2422 2550 2474 ει
2580 2418 2784 2487 πάσας
2808 2418 3208 2489 ἐστράτευσαι
3238 2419 3340 2484 τὰς
3375 2417 3504 2472 κατὰ
3526 2419 3666 2484 νόμον

481 2516 835 2585 στρατείας-ς
863 2516 903 2565 υ
929 2514 985 2566 δὲ
1051 2513 1263 2584 μεγάλῃ
1328 2515 1503 2583 φωνῇ,
1546 2512 2000 2582 Ἕστράτευμαι,
2050 2514 2408 2584 ἁπεκρίνατο,
2475 2512 2575 2569 καὶ
2636 2512 2840 2579 πάσας
2896 2514 3000 2567 ὑπ’
3052 2511 3283 2581 ἐμαυτῷ
3331 2508 3663 2579 αὐτοκράτορι,

481 2610 631 2679 Πρὸς
662 2603 824 2658 τοῦτο
846 2603 1068 2675 όδῆμος
1095 2604 1451 2674 ἑξεκέκραγε,
1491 2604 1584 2657 καὶ
1613 2606 1662 2657 οἱ
1724 2609 1953 2676 τιμηταὶ
2016 2609 2129 2669 τοῖς
2168 2607 2417 2671 πολίταις
2452 2606 2831 2679 χαριζόμενοι,
2872 2607 3206 2669 ἀναστάντες
3251 2606 3564 2676 προέπεμπον
3600 2600 3651 2657 οὔ

478 2701 573 2752 τὸν
601 2696 806 2751 οἴκαδε.

552 2790 645 2844 Ill.
682 2789 812 2843 Post
841 2787 970 2843 anni
1001 2788 1209 2843 exitum
1249 2789 1570 2859 magistratu
1607 2788 1829 2844 abeunti
1865 2789 2066 2846 bellum

2246 2788 2323 2846 I".
2372 2790 2514 2861 Ἤδη
2567 2788 2626 2843 δὲ
2680 2789 2782 2860 τῆς
2836 2788 3015 2860 ἀρχῆς
3089 2787 3457 2858 περανθείσης,
3496 2783 3670 2839 ἀπέθετο

484 2883 789 2941 Piraticum
844 2891 930 2936 est
979 2880 1321 2936 mandatum.
1364 2881 1562 2936 Piratae
1594 2897 1761 2952 porro
1787 2898 1850 2937 ex
1882 2881 2074 2939 Cilicia

482 2976 748 3049 profecti,
788 2974 942 3029 “bello
971 2973 1345 3029 Mithridatico
1380 2978 1544 3045 regiae
1591 2974 1754 3029 classi
1807 2986 2075 3031 navarant

484 3082 734 3139 cperam.
768 3065 977 3123 Deinde
1012 3064 1279 3120 Romanis
1305 3064 1466 3120 bellis
1524 3064 1779 3122 civilibus
1828 3065 1972 3121 inter
2013 3082 2073 3122 se

488 3160 819 3229 congressis,
851 3158 974 3214 lreti
1009 3158 1385 3222 multitudine,
1418 3160 1676 3229 paulatim
1721 3174 1877 3214 mare
1917 3159 2075 3213 incu-

488 3253 754 3307 stoditum
784 3251 1125 3317 invaserunt,
1156 3267 1266 3307 non
1296 3260 1490 3305 nautas
1522 3252 1792 3308 duntaxat
1821 3251 2065 3323 aggredi,

488 3348 585 3402 sed
630 3346 837 3400 insulas
893 3355 950 3401 et
1008 3346 1172 3401 urbes
1225 3344 1532 3400 maritimas
1587 3347 1754 3399 etiam
1794 3358 2070 3414 occupare

487 3437 656 3492 soliti.
698 3437 874 3491 Naves
907 3437 1219 3491 habuerunt
1254 3438 1490 3506 amplius
1547 3436 1720 3502 mille,
1780 3436 1947 3490 urbes
1979 3451 2071 3491 ce-

486 3538 692 3599 perunt
735 3530 874 3583 ultra
922 3529 1373 3603 quadringentas,
1423 3528 1595 3582 multa
1656 3528 2071 3599 religiosissima

490 3634 646 3675 sacra
668 3619 1013 3685 exciderunt,
1033 3630 1089 3675 et
1117 3620 1380 3675 Romanis
1402 3619 1537 3688 ipsis
1553 3619 1907 3673 insultarunt.
1933 3618 2071 3675 Nam

491 3725 616 3764 cum
648 3711 848 3779 aliquis
882 3720 1074 3780 captus
1101 3711 1462 3773 exrlamabat,
1501 3725 1559 3765 se
1592 3710 1899 3764 Romanum
1928 3725 2071 3775 esse,

487 3817 547 3857 se
571 3804 795 3857 territos
819 3818 931 3872 pra:
955 3812 1105 3857 metu
1136 3801 1346 3857 femora
1372 3801 1539 3857 ferire
1563 3802 1912 3868 simulantes,
1944 3813 2073 3856 ante

487 3909 615 3948 eum
648 3894 947 3963 provoluti,
984 3894 1183 3962 partim
1217 3894 1431 3948 calceos
1478 3893 1530 3948 ei
1589 3892 2070 3963 circumligabant,

486 3984 688 4052 partim
742 3995 924 4056 tegam
981 3984 1306 4039 induebant.
1370 3983 1462 4039 Sic
1517 3983 1761 4039 ludibrio
1797 3984 2069 4049 habitum,

2174 2884 2347 2956 αὐτὴν
2393 2883 2423 2934 ό
2484 2884 2790 2953 Πομπήϊος,
2840 2881 2934 2935 καὶ
3000 2882 3147 2951 μετά
3200 2884 3366 2935 ταῦτα
3418 2877 3667 2949 πειρατικδς

2172 2976 2319 3048 αύτῷ
2339 2975 2560 3047 ένετέθη
2592 2977 2857 3047 πόλεμος’
2880 2974 3111 3046 ὥρμητο
3140 2975 3238 3045 μὲν
3265 2974 3368 3046 γὰρ
3393 2967 3669 3044 ἡπειρατικὴ

2173 3065 2404 3138 δύναμις
2440 3068 2506 3122 ὲκ
2557 3067 2830 3134 Κιλικίας,
2877 3069 2936 3122 έν
2983 3067 3065 3140 τῷ
3112 3066 3469 3137 Μιθριδατικῷ
3503 3064 3668 3132 πολέμῳ

2173 3161 2295 3223 ταῖς
2349 3159 2657 3231 βασιλικαῖς
2696 3161 3027 3231 ὑπηρεσίαις
3070 3162 3320 3232 χρήσασα
3358 3151 3668 3230 έαυτήν.Εἷτα

2184 3252 2473 3323 Ῥωμαίων
2500 3256 2558 3309 ὲν
2595 3256 2708 3317 τοῖς
2742 3254 3031 3325 ἐμφυλίοις
3059 3256 3319 3323 πολέμοις
3350 3251 3666 3323 συμπεσόντων

2173 3344 2449 3419 ἀλλήλοις,
2485 3347 2801 3415 ἀφύλακτος
2838 3342 2976 3401 οὖσα
3014 3349 3048 3416 ἠ
3094 3347 3363 3412 θάλασσα,
3397 3345 3506 3399 κατ’
3536 3341 3669 3409 δλίγον

2174 3436 2376 3501 αὐτοὺς
2409 3436 2808 3505 ὲιρειλκύσατου
2854 3437 2952 3491 καὶ
2993 3437 3231 3509 δύναμιν
3279 3438 3500 3508 σχόντες,
3524 3434 3571 3486 οὐ
3594 3433 3674 3489 τοῖς

2176 3529 2429 3584 πλέουσιν
2479 3530 2794 3585 ἐπετίθεντο
2853 3531 3036 3602 μόνον,
3067 3533 3205 3587 ἀλλά
3262 3531 3354 3586 καὶ
3404 3531 3571 3602 νήσους
3605 3523 3672 3577 καὶ

2175 3621 2360 3684 πόλεις
2410 3621 2717 3692 παραλίους
2771 3623 3167 3692 παρεσπῶντο.
3243 3622 3501 3691 Ἐγένοντο
3538 3617 3575 3669 δ’
3602 3613 3668 3669 οὖν

2175 3714 2231 3765 ai
2268 3711 2369 3783 μὲν
2398 3713 2693 3783 λῃστρικαὶ
2734 3713 2863 3783 νῆες
2903 3713 3046 3784 ὑπὲρ
3098 3714 3296 3783 χιλίας,
3327 3712 3381 3765 αἱ
3421 3711 3471 3763 δὲ
3506 3705 3675 3763 ἁλοῦσαι

2173 3800 2267 3854 ὑπ’
2308 3802 2487 3855 αὐτῶν
2519 3801 2706 3866 πόλεις
2750 3803 2891 3874 ὑπὲρ
2938 3804 3330 3875 τετρακοσίας,
3358 3801 3510 3856 πολλά
3534 3799 3579 3852 δὲ
3608 3796 3676 3849 καὶ

2171 3891 2279 3945 τῶν
2317 3891 2536 3947 ἀϐάτων
2571 3892 2834 3965 ἐξέκοψαν
2861 3894 3046 3967 ἱερῶν,
3084 3897 3363 3967 ἐνύϐριζον
3400 3896 3451 3949 δὲ
3492 3891 3674 3950 καὶτοῖς

2181 3983 2499 4057 Ῥωμαίοις.
2564 3986 2765 4041 ὐπότε
2811 3990 2921 4060 γάρ
2959 4005 3044 4053 τις
3087 3990 3251 4052 ἁλοὺς
3296 3989 3537 4061 ἀνεϐόησε
3581 3982 3677 4043 Thr

490 4074 731 4130 demissa
764 4077 817 4130 in
861 4075 1104 4130 medium
1146 4076 1396 4146 pelagus
1432 4077 1596 4140 scala,
1664 4076 1955 4140 excedere,
2016 4085 2066 4129 et

2179 4080 2340 4147 μαϊος
2390 4072 2558 4143 εἷναι,
2596 4080 2981 4150 ἐκπεπλῆχθαι
3032 4082 3481 4153 προσποιούμενοι
3520 4074 3675 4131 mlie-

489 4164 673 4218 laztum
698 4165 852 4220 abire
867 4157 1185 4246 jusserunt;
1215 4168 1581 4231 restitantem,
1611 4165 1947 4236 impellendo
1964 4166 2066 4221 de-

2177 4168 2375 4234 διέναι,
2405 4169 2533 4232 τούς
2576 4187 2639 4223 τε
2674 4173 2885 4242 μηροὺς
2919 4174 3203 4237 ἐπαίοντο,
3253 4176 3347 4229 καὶ
3379 4172 3677 4246 προσέπιπτον

489 4268 823 4314 merserunt.
857 4241 994 4315 cﬁm
1022 4269 1205 4313 autem
1236 4258 1408 4312 maria
1438 4260 1623 4313 omnia
1669 4258 2066 4315 tnercatoribts

2180 4261 2363 4332 αὐτῷ’
2397 4263 2494 4316 καὶ
2542 4263 2593 4316 οί
2650 4264 2752 4333 μὲν
2810 4264 3043 4318 ὑπέδουν
3105 4268 3272 4320 αὑτὸν
3331 4266 3525 4327 κάλτια,
3562 4260 3600 4312 al
3637 4255 3678 4309 δὲ

492 4348 793 4404 interclusa
817 4360 1023 4413 essent,
1043 4359 1099 4403 et
1122 4364 1305 4402 rerum
1338 4349 1391 4402 in
1435 4348 1555 4402 foro
1580 4348 1856 4403 venalium
1899 4365 2066 4419 penu-

2179 4354 2436 4425 τήϐεννον
2478 4356 2822 4425 περιέϐαλον,
2874 4355 3018 4411 οὕτω
3073 4376 3137 4412 τε
3191 4354 3679 4429 κατειρωνευσάμενοι

493 4442 576 4495 ria
605 4443 970 4505 laboraretur,
1032 4441 1295 4510 Pompeio
1351 4439 1491 4494 duce
1531 4438 1768 4507 delecto,
1804 4439 2072 4497 Gabinius

493 4533 780 4587 familiaris
807 4534 927 4603 ejus
944 4534 1121 4603 legem
1153 4532 1296 4597 tulit,
1342 4547 1450 4601 qua
1481 4531 1556 4584 illi
1582 4546 1695 4585 non
1724 4532 1916 4586 classis
1966 4532 2072 4586 im-

496 4624 866 4692 perium,sed
900 4626 1059 4694 plane
1118 4624 1436 4678 monarchia
1493 4623 1878 4689 tribuebatur;
1939 4639 2071 4678 con-

493 4729 654 4770 cessa
687 4724 956 4785 potestate
991 4716 1159 4768 maris
1192 4713 1337 4783 quod
1374 4715 1515 4767 intra
1547 4714 1830 4769 columnas
1863 4712 2071 4769 Hercu-

496 4806 652 4862 lanas
672 4813 776 4870 est,
803 4817 859 4860 et
886 4816 1046 4859 terrae
1071 4804 1402 4859 continentis
1431 4820 1463 4857 a
1495 4804 1741 4873 quolibet
1797 4804 1937 4858 mari
2003 4805 2071 4861 ad

495 4898 897 4969 quadringenta
913 4897 1126 4963 stadia;
1169 4904 1305 4950 etut
1334 4896 1650 4964 quindecim
1675 4896 1841 4968 E76
1859 4897 2070 4969 legatos

493 4996 743 5044 csenatu
772 4988 838 5042 ad
875 4997 1063 5057 partes
1113 4987 1328 5058 imperii
1373 4988 1630 5042 tutandos
1666 4989 1776 5042 sibi
1824 4989 2065 5058 legeret,

495 5081 744 5153 pecuniae
774 5090 1041 5151 quantum
1067 5080 1251 5144 vellet,
1284 5095 1352 5134 ex
1383 5080 1580 5134 aerario
1615 5090 1674 5135 et
1712 5080 2073 5152 vectigalibus

495 5179 762 5233 sumeret,
804 5186 869 5226 ac
900 5185 1069 5226 naves
1099 5170 1384 5225 ducentas.
1440 5168 1566 5223 llaec
1612 5169 1767 5238 plebs
1812 5170 2072 5226 alacriter

496 5265 844 5335 approbavit.
876 5265 1152 5320 Primores
1194 5273 1379 5318 autem
1402 5272 1630 5317 senatus
1661 5261 1982 5319 immensam
2006 5267 2073 5319 il-

499 5359 608 5413 lam
637 5367 692 5413 et
726 5358 998 5415 inﬁnitam
1039 5364 1366 5429 potestatem
1412 5364 1740 5422 metuentes,
1796 5357 2073 5414 adversati

2176 4446 2328 4508 τέλος
2393 4448 2452 4499 έν
2508 4447 2660 4516 μέσῳ
2731 4446 2961 4517 πελάγει
3039 4448 3291 4519 κλίμακα
3359 4443 3676 4520 προϐαλόντες,

2177 4534 2428 4588 ἐκέλευον
2467 4535 2740 4590 ἐκϐαίνειν
2778 4540 2872 4591 καὶ
2910 4540 3135 4593 ἀπιέναι
3170 4542 3425 4611 χαίροντα
3449 4552 3462 4568 ·
3491 4537 3532 4588 εἰ
3559 4532 3604 4585 δὲ
3626 4530 3678 4599 μὴ

2179 4627 2456 4699 βούλοιτο,
2528 4628 2801 4694 ὠθοῦντες
2872 4631 3037 4686 αὑτὸν
3099 4633 3382 4688 κατέδυον.
3438 4630 3592 4694 Πάσης
3639 4620 3679 4672 δὲ

2179 4719 2457 4793 θαλάσσης
2501 4721 2755 4775 ἀπλώτου
2821 4726 2935 4787 τοῖς
2985 4725 3252 4794 ἐμπόροις
3319 4723 3492 4793 οὖσης,
3532 4713 3679 4773 σπάνις

2170 4808 2247 4882 ’ἦν
2311 4812 2422 4866 τῶν
2485 4815 2803 4883 ἀναγκαίων
2841 4816 2900 4868 ἐν
2951 4818 3016 4886 τῇ
3080 4818 3279 4888 ἀγορᾷ.
3326 4815 3482 4879 Δόξαν
3529 4810 3575 4863 δὲ
3610 4806 3674 4858 τὸν

2182 4906 2466 4976 Πομπήϊον
2505 4907 2787 4979 ἐκπέμψαι
2840 4909 2983 4962 κατά
3020 4909 3125 4961 τῶν
3171 4909 3459 4976 πειρατῶν,
3491 4900 3683 4957 Γαϐίνιος

2179 4989 2258 5057 εἷς
2286 4996 2393 5049 τῶν
2423 4999 2712 5067 Πομπηΐου
2748 5000 2991 5068 συνήθων
3022 5001 3231 5071 ἔγραψε
3256 5001 3434 5071 νόμον,
3451 4997 3505 5051 οὐ
3528 5004 3681 5053 ναυαρσ

2181 5084 2331 5153 χεαν,
2366 5086 2628 5157 ἄντικρυς
2659 5089 2716 5142 δὲ
2746 5090 3046 5160 μοναρχίαν
3072 5090 3224 5160 αὐτῷ
3259 5090 3476 5145 διδόντα.
3524 5078 3677 5136 sese»

2177 5178 2287 5247 γὰρ
2312 5178 2345 5229 ό
2367 5177 2528 5248 νόμος
2561 5180 2710 5252 αὐτῷ
2738 5181 2917 5252 ἀρχὴν
2953 5184 3052 5253 τῆς
3080 5182 3235 5245 ἐντὸς
3269 5180 3524 5245 θαλάσσης
3559 5171 3680 5237 Ἦρ²⁶

2176 5268 2375 5322 κλείων
2430 5270 2664 5341 στηλῶν,
2710 5273 2939 5345 ἠπείρου
2989 5274 3046 5326 δὲ
3091 5276 3275 5344 πάσης
3319 5271 3421 5326 ἀπὸ
3458 5262 3677 5323 θαλάσσηῖ

2177 5361 2271 5412 έπὶ
2293 5362 2624 5430 τετρακόσια
2655 5365 2868 5431 στάδια,
2898 5366 2992 5418 καὶ
3025 5367 3414 5420 πεντεκαίδεκα
3464 5351 3677 5429 πρεσσεν⁶

1698 5520 1895 5583 Variis
1918 5520 2228 5585 lectiones
2264 5531 2330 5585 et
2380 5535 2571 5590 notas.

580 5670 1033 5750 (60)_Hapz§tn0's
1059 5670 1126 5725 δὲ
1148 5670 1248 5750 καί
1278 5669 1393 5737 τὴν
1419 5670 1807 5750 στραξηγίαν.
1868 5668 2066 5726 Wolﬁu

2169 5676 2415 5744 mperium
2456 5687 2734 5745 verterat;
2801 5678 3148 5750 reposuimus
3197 5657 3674 5733 consulatumexiia‘

507 5740 629 5807 qua:
661 5741 1076 5798 observavimus
1094 5745 1164 5796 ad
1183 5741 1280 5795 lib.
1311 5754 1408 5803 vn,
1445 5755 1502 5795 ιι.
1540 5740 1626 5797 ιο.
