3902 6202
261 246 368 314 809

1539 248 1946 311 ANNALIUM
1985 251 2134 313 LIB.
2180 253 2253 313 Χ.

3397 250 3507 321 810

253 361 351 426 τὰς
398 361 464 414 ὲκ
508 356 607 428 τῆς
655 355 854 429 βουλῆς
910 356 1133 411 ἑλέσθαι
1182 358 1275 413 ἐπὶ
1327 360 1426 422 τὰς
1477 359 1619 413 κατὰ
1662 361 1822 431 μέρος

1930 371 2087 427 sunt;
2116 370 2315 433 prmter
2330 359 2621 425 Caesarem,
2655 360 2747 431 qui
2778 359 2961 433 legem
2997 376 3107 417 tton
3160 361 3216 417 in
3258 363 3502 439 Pompeii

252 451 578 526 ἡγεμονίας·
620 449 885 522 χρήματα
909 447 967 501 δὲ
1007 449 1308 518 λαμϐάνειν
1348 452 1412 503 ἐκ
1442 450 1551 504 τῶν
1578 450 1826 522 ταμείων

252 543 346 597 καὶ
368 540 478 594 τῶν
530 540 704 593 τελῶν
756 539 859 591 ὅσα
911 536 1181 608 βούλοιτο,
1209 541 1303 593 καὶ
1340 540 1474 605 ναῦς
1519 541 1823 604 διακοσίας.
1863 585 1889 611 κ

253 628 437 684 Ταῦτα
462 630 491 682 ὁ
525 626 628 698 μὲν
671 627 845 698 δῆμος
889 628 1192 701 προθύμως
1238 630 1461 697 ἐδέξατο
1489 647 1504 664 ·
1549 635 1599 686 οί
1629 632 1687 686 δὲ
1728 633 1827 702 ’τῆς

251 721 553 791 συγκλήτου
613 723 1077 794 περιφανέστεροι
1130 722 1301 793 φόϐου
1351 725 1503 791 ἄξιον
1570 725 1827 798 ἐνόμιζον

247 816 308 868 τδ
342 816 445 884 τῆς
492 816 741 882 ἐξουσίας
823 817 1202 888 ἀπερίληπτον
1267 817 1361 871 καὶ
1415 818 1691 890 ἀόριστον,
1732 820 1827 873 καὶ

246 909 541 975 ἀντέλεγον
576 908 720 980 πλὴν
771 908 1085 980 Καίσαρος’
1125 904 1279 974 οὗτος
1310 909 1368 963 δὲ
1414 912 1707 982 συνηγόρει
1746 912 1826 984 τῷ

244 1001 398 1072 νόμῳ
434 1001 497 1054 ού
557 1000 649 1054 διὰ
707 1001 800 1055 τὸν
852 1002 1158 1073 Πομπήϊον,
1189 1003 1284 1056 τὸν
1333 1002 1507 1073 δῆμον
1552 1004 1611 1057 δὲ
1664 1005 1827 1076 θερα-

243 1093 430 1147 πεύων
458 1094 554 1146 καὶ
599 1092 979 1164 οἰκειούμενος
1019 1093 1224 1166 ἑαυτῷ.
1266 1095 1416 1160 Τέως
1465 1096 1649 1167 μέντοι
1699 1099 1826 1150 ἐκυ-

244 1184 399 1258 goes;
431 1185 493 1239 τδ
521 1187 803 1256 ψήφισμα.
831 1186 945 1241 Καὶ
981 1188 1010 1240 ό
1044 1187 1334 1257 Πομπήϊος
1383 1188 1467 1251 είς
1521 1188 1825 1261 ἐκκλησίαν

239 1276 417 1331 ἐλθὼν
445 1277 704 1332 διπλάσια
739 1279 808 1333 τά
852 1278 1205 1352 ἐψηφισμένα
1235 1279 1427 1334 λαϐεῖν
1468 1281 1822 1353 διεπράξατο.

237 1370 448 1425 Διελὼν
489 1368 584 1426 οὖν
612 1373 683 1427 τά
713 1372 928 1444 πελάγη
962 1375 1056 1428 καὶ
1094 1372 1443 1445 διαστήματα
1487 1375 1590 1446 τῆς
1624 1374 1826 1429 θαλάσ-

240 1481 344 1535 σης
386 1465 467 1528 είς
516 1464 662 1536 μέρη
708 1464 1090 1536 τρισκαίδεκα,
1131 1467 1229 1519 καὶ
1264 1465 1401 1520 νεῶν
1457 1467 1696 1538 ἀριθμὸν
1738 1468 1826 1538 ἐφ’

237 1557 462 1627 ἑκάστῳ
490 1558 585 1610 καὶ
621 1555 861 1628 ἄρχοντα
888 1557 1078 1623 τάξας,
1097 1556 1339 1629 ἐκάθηρε
1371 1558 1482 1613 τῶν
1513 1559 1827 1633 λῃστηρίων

235 1650 299 1704 τδ
336 1648 684 1722 ’Τυρρηνικὸν
714 1648 973 1719 πέλαγος,
1017 1649 1079 1703 τὸ
1118 1650 1379 1714 Λιϐυκὸν,
1405 1652 1468 1705 τὸ
1501 1652 1634 1725 περὶ
1684 1655 1827 1727 Σαρ-

233 1743 390 1798 δῶνα
426 1742 525 1796 καὶ
564 1740 780 1812 Κύρνον
823 1742 918 1797 xei
956 1741 1211 1797 Σικελίαν
1268 1742 1507 1815 ἡμέραις
1550 1747 1821 1817 τεσσαρά-

234 1852 428 1891 κοντα.
462 1831 597 1889 Εῐτα
641 1833 978 1906 παραπλέων
1011 1833 1111 1899 τὰς
1142 1832 1330 1898 πόλεις
1380 1836 1520 1905 μετὰ
1560 1840 1762 1912 σπουδῆ
1776 1860 1819 1909 ς,

1928 452 2182 523 gratiam,
2213 452 2308 508 sed
2336 452 2513 524 plebis
2544 452 2646 507 sibi
2683 452 3042 508 conciliandae
3074 453 3258 509 studio
3316 458 3503 514 defen-

1928 542 2030 598 dit.
2058 544 2289 599 Decreto
2318 544 2412 599 illo
2447 544 2682 610 ﬁrmato,
2707 546 3001 614 Pompeius
3027 548 3080 598 itt
3106 545 3373 602 concione
3404 548 3506 603 du-

1927 634 2015 704 pla
2045 634 2227 688 omnia
2260 634 2607 705 impetravit;
2640 633 2929 705 divisoque
2967 635 3162 706 pelago
3187 676 3202 702 ,
3248 645 3303 692 et
3339 639 3507 693 maris

1930 727 2237 781 intervallis
2268 727 2320 780 in
2350 735 2536 797 partes
2574 725 2836 781 tredecim
2853 725 3170 796 descriptis,
3202 727 3371 782 certis
3405 744 3507 783 na-

1928 816 2088 872 vibus
2116 824 2171 873 et
2200 817 2340 873 duce
2384 817 2440 872 in
2497 827 2652 888 parte
2707 817 2953 875 qualibet
2999 818 3302 883 collocatis,
3352 836 3507 875 mare

1930 907 2299 977 Tyrrhenum,
2325 907 2665 974 Africanum,
2695 907 2984 975 Sardoam,
3015 908 3324 975 Corsicam,
3354 911 3508 966 Sicu-

1928 999 2064 1066 lmn,
2100 1000 2245 1055 intra
2284 998 2405 1055 dies
2440 1000 2791 1071 quadraginta
2851 1002 3086 1071 pacavit.
3135 1001 3343 1057 Deinde
3378 1020 3505 1058 cum

1929 1092 2099 1147 urbes
2129 1092 2455 1147 festinanter
2516 1092 3043 1163 praeterveheretur,
3100 1092 3349 1150 Athenas
3396 1111 3508 1152 non
3596 1108 3607 1117 ‘

1929 1185 2216 1256 praeteriit.
2263 1186 2369 1241 Sed
2397 1201 2634 1241 escensu
2668 1187 2720 1241 in
2745 1197 2943 1241 terrant
2966 1196 3023 1243 et
3044 1202 3102 1241 re
3127 1187 3315 1243 divina
3340 1189 3507 1257 facta,

1929 1277 2245 1347 populoque
2280 1279 2540 1343 salutato,
2567 1276 2958 1348 inscriptiones
2982 1277 3066 1332 sui
3090 1276 3317 1335 honoris
3341 1294 3509 1337 causa

1928 1367 2106 1426 iactas
2142 1369 2378 1435 invenit,
2443 1386 2607 1425 unam
2651 1370 2796 1425 intra
2846 1381 3061 1440 portam
3107 1371 3194 1426 his
3266 1372 3505 1429 verbis:

1929 1463 2155 1530 Qualem
2216 1473 2267 1518 te
2310 1463 2573 1517 hominem
2597 1479 2708 1517 esse
2735 1466 2999 1533 agnoscis,
3028 1472 3248 1518 eatenus
3274 1465 3398 1519 deus
3428 1482 3505 1519 es.

1926 1556 2171 1614 Alteram
2203 1566 2357 1613 extra
2388 1574 2402 1611 :
2445 1556 2916 1627 Exspectabam“.
2950 1555 3309 1610 adorabamus
3364 1557 3505 1610 ridi-

1930 1669 2067 1715 mns,
2090 1650 2413 1706 deducimus.
2450 1649 2750 1704 Piraticum
2774 1648 2980 1704 bellum
3028 1648 3344 1704 confectum
3399 1659 3507 1713 est,

1926 1753 1986 1801 et
2012 1744 2299 1800 latrocinia
2323 1751 2439 1798 toto
2474 1741 2612 1796 mari
2648 1740 2937 1815 proﬂigata
2981 1755 3090 1795 non
3122 1740 3360 1813 amplius
3407 1742 3509 1796 tri-

1931 1839 2120 1895 mestri
2149 1836 2346 1909 spatio.

231 1930 293 1982 οὐ
348 1927 606 2001 παρῆλθε
656 1928 759 1992 τάς
804 1927 1058 1999 Ἀθήνας.
1114 1927 1352 1993 Ἀναϐὰς
1420 1929 1622 1997 δὲ,καὶ
1682 1932 1855 2002 θύσας
1895 1937 1992 1992 καὶ
2045 1929 2500 2002 προσαγορεύσας
2550 1929 2644 1985 τὸν
2696 1928 2889 2000 δῆμον.
2951 1923 3111 2001 εὗρεν
3190 1929 3510 2002 ἐπιγραφάς

232 2025 313 2085 εἰς
348 2021 517 2075 αὑτὸν
568 2020 971 2092 πεποιημένας,
996 2013 1072 2074 ὧν
1105 2022 1139 2088 ἡ
1172 2021 1271 2093 μὲν
1299 2021 1452 2086 ἐντὸς
1494 2026 1595 2094 τῆς
1642 2025 1819 2100 πύλης
1857 2029 2081 2097 ἔλεγεν
2166 2024 2293 2095 Ἐφ’
2337 2024 2491 2078 ὅσον
2514 2023 2604 2077 ὢν
2639 2022 2957 2093 ἄνθρωπος
3001 2018 3197 2090 οἶδας,
3258 2022 3359 2078 ἐπί
3408 2042 3511 2079 to—

228 2112 471 2168 σοῦτον
515 2108 576 2167 εἷ
638 2112 774 2181 θεός
811 2130 828 2147 ο
872 2113 937 2185 ’ἠ
980 2113 1029 2167 δ’
1080 2114 1275 2181 ἐκτός·
1329 2116 1820 2191 Προσεὸοκῶμεν,
1858 2122 2380 2190 προσεκυνοῦμεν,
2431 2118 2693 2188 εἷὸομεν,
2749 2121 3197 2189 προπέμπομεν.
3222 2116 3509 2191 Κατελύθη

232 2210 341 2282 μὲν
386 2207 479 2265 οὖν
519 2211 839 2282 πειρατικδς
871 2211 1134 2283 πόλεμος,
1171 2212 1366 2267 καὶτὰ
1408 2216 1689 2287 πανταχοῦ
1755 2218 1857 2290 τῆς
1895 2217 2175 2287 θαῐιάσσης
2251 2215 2483 2288 ἐξῃρέθη
2529 2214 2803 2286 λῃστήρια
2860 2216 2962 2269 οὐκ
3001 2215 3061 2268 ἰν
3094 2214 3306 2270 πλείονι
3334 2216 3511 2289 χρόνῳ

232 2305 437 2379 μηνῶν
465 2305 658 2377 τριῶν.

301 2403 388 2454 Δ¹.
418 2397 638 2452 Τούτων
676 2396 734 2451 δὲ
778 2398 859 2462 είς
916 2395 1143 2470 Ῥώμην
1173 2399 1662 2473 ἀπαγγελθέντων,
1687 2407 1827 2478 γρά-

229 2511 328 2563 ιρει
381 2493 548 2562 νόμον
596 2484 680 2553 εἷς
724 2487 835 2543 τῶν
880 2489 1183 2562 δημάρχων
1210 2491 1240 2545 ό
1279 2493 1544 2563 Μάλλιος,
1571 2498 1826 2569 παραλα-

232 2588 416 2641 ἰόντα
452 2584 740 2655 Πομπήῖον
781 2585 965 2639 πᾶσαν
993 2585 1093 2655 τὴν
1119 2582 1307 2656 χώραν
1333 2587 1469 2659 ὃσης
1499 2589 1530 2644 ό
1553 2589 1825 2656 Δεύκολος

223 2675 404 2750 ἦρχε,
434 2676 817 2750 προσλαϐόντα
855 2675 912 2729 δὲ
953 2678 1048 2731 καὶ
1096 2677 1376 2746 Βιθυνίαν,
1409 2682 1672 2753 πολεμεῖν
1711 2685 1820 2739 Mt-

222 2769 474 2844 θριδὰτῃ
517 2768 631 2839 (6|)
668 2768 762 2822 καὶ
784 2768 1052 2843 ’Τιγράνῃ
1087 2770 1201 2834 τοῖς
1261 2768 1601 2840 βασιλεῦσιν,
1629 2774 1824 2846 ἔχοντα

222 2864 330 2918 καί
396 2864 498 2933 τὴν
527 2859 791 2933 ναυτικὴν
836 2860 1070 2933 δύναμιν
1101 2862 1198 2916 καὶ
1246 2862 1309 2916 τὸ
1359 2865 1564 2935 κράτος
1590 2866 1690 2937 τῆς
1729 2866 1826 2922 θα-

220 2952 482 3024 λάσσης,
524 2953 600 3017 ὡς
623 2951 724 3025 ἢδη
761 2951 922 3007 τοῦτο
948 2952 1163 3026 εἰλήφει
1190 2967 1205 2983 ·
1247 2955 1407 3009 τοῦτο
1429 2956 1486 3010 δὲ
1532 2952 1601 3029 ἦν
1627 2958 1717 3029 ὑφ’
1741 2960 1825 3014 ἑνὶ

221 3044 551 3116 συλλήϐδην
599 3048 856 3114 γενέσθαι
894 3046 994 3117 τὴν
1042 3045 1333 3117 Ῥωμαίων
1388 3050 1712 3122 ἠγεμονίαν.
1747 3054 1821 3107 Τὸ

219 3139 336 3210 μὲν
392 3134 489 3192 οὖν
535 3137 799 3210 ψήφισμα
839 3137 1117 3209 ἐκυρώθη,
1154 3138 1503 3209 φοϐηθέντων
1519 3143 1611 3197 τὸν
1648 3145 1822 3219 δῆμον

215 3229 343 3284 τῶν
405 3229 911 3301 ἀριστοκρατικῶν,
936 3230 1031 3283 καὶ
1079 3231 1501 3301 σιωπησάντων.
1535 3235 1822 3308 Πομπήϊος

216 3324 282 3378 δὲ
326 3322 635 3394 δεξάμενος
663 3324 733 3377 τά
760 3323 1067 3395 γράμματα
1083 3322 1302 3392 λέγεται
1342 3325 1442 3389 τὰς
1483 3327 1659 3399 ὀφρῦς
1695 3347 1822 3385 συν-

210 3419 495 3487 αγαγεῐν,
568 3418 782 3471 καὶτὸν
825 3418 999 3489 μηρδν
1038 3416 1301 3484 πατάξαι,
1332 3420 1409 3484 ὡς
1450 3420 1821 3495 δυσχεραίνων

215 3512 323 3564 καὶ
364 3509 742 3582 βαρυνόμενος
787 3510 884 3581 τὴν
919 3510 1118 3581 ἀρχήν.
1147 3509 1260 3583 Τὴν
1303 3512 1352 3565 δ’
1383 3514 1671 3581 εἰρωνείαν
1709 3517 1819 3571 οὐδ’

215 3606 278 3659 oi
318 3602 755 3675 συνήθεις,αύτῷ
782 3604 914 3676 ῥᾷον
938 3604 1199 3673 ἧνεγκαν.
1220 3604 1374 3670 Τέως
1403 3606 1459 3660 δὲ
1484 3599 1586 3678 τὴν
1611 3610 1818 3679 μεταξὺ

207 3698 497 3768 Φοινίκης
542 3698 638 3751 καὶ
680 3697 964 3768 Βοσπόρου
1007 3695 1291 3751 θάλασσαν
1341 3698 1433 3752 ἐπὶ
1486 3703 1702 3772 φρουρᾷ
1741 3703 1820 3773 τῷ

211 3789 418 3860 στόλῳ
460 3785 757 3854 διαλαϐὼν,
792 3786 956 3851 αὐτὸς
1006 3786 1260 3851 ἐϐάδιζεν
1311 3789 1404 3843 ἐπὶ
1453 3790 1816 3864 Μιθριδάτην.

220 3880 500 3935 Ἐκείνου
526 3879 571 3933 δ’
607 3879 925 3942 ἐκλιπόντος
967 3878 1092 3949 ὅρος
1132 3878 1410 3952 δύσμαχον
1442 3881 1518 3945 ὡς
1565 3881 1818 3954 ἄνυδρον,

204 3977 276 4029 ὲν
310 3967 367 4042 ᾧ
406 3972 930 4045 ἐστρατοπεδεύετο,
962 3972 992 4024 ό
1022 3973 1309 4043 Πομπήϊος
1362 3974 1634 4045 κατέσχεν
1661 3977 1816 4041 αὐτὸ,

201 4066 325 4122 καὶ
355 4068 427 4137 τῇ
468 4063 630 4135 φύσει
669 4064 779 4119 τῶν
825 4063 1257 4136 βλαστανόντων,
1303 4069 1400 4118 κτιιῖ⁵
1424 4068 1544 4131 ταῖς
1595 4068 1818 4135 συγκλι-

200 4161 376 4223 νίαις
432 4156 545 4209 τῶν
601 4157 784 4210 τόπων
835 4157 1278 4228 τεκμαιρόμενος
1322 4157 1468 4230 ἔχειν
1527 4160 1714 4232 πηγὰς
1757 4162 1819 4214 τὸ

1999 2403 2087 2459 ιν.
2119 2402 2215 2457 llis
2244 2403 2431 2457 Roma:
2460 2399 2751 2464 nuntiatis,
2781 2399 3016 2458 Manlius
3040 2402 3297 2460 tribunus
3329 2406 3512 2477 plebis

1926 2497 2269 2568 rogationem
2294 2494 2444 2556 tulit.
2506 2502 2568 2548 ut
2619 2492 2913 2564 Pompeius
2965 2493 3180 2551 Luculli
3223 2499 3510 2567 provincia

1921 2596 2202 2655 suscepta,
2232 2582 2562 2655 ctBilbynia
2603 2583 2882 2653 adjuncta.
2935 2583 3139 2639 bellum
3201 2586 3508 2644 Mithridati

1926 2687 1983 2732 et
2012 2676 2235 2748 Tigrani
2272 2675 2495 2746 regibus
2525 2674 2777 2741 inferret,
2815 2685 3028 2730 retenta
3046 2676 3224 2733 classe
3244 2686 3307 2735 et
3339 2682 3511 2737 maris

1927 2768 2180 2838 imperio.
2210 2766 2369 2834 Quod
2402 2782 2512 2821 non
2535 2765 2688 2820 aliud
2716 2776 2856 2832 erat,
2882 2767 2988 2821 nisi
3017 2767 3325 2825 Romanum
3351 2771 3508 2843 prino

1925 2859 2169 2929 cipatum
2198 2860 2292 2913 uni
2313 2860 2553 2915 tradere.
2583 2858 2788 2914 Tamen
2808 2875 2872 2914 ea
2893 2860 3120 2931 rogatio,
3148 2862 3511 2933 optimatibus

1926 2958 2076 3005 metu
2137 2950 2326 3021 p0puli
2391 2949 2703 3005 tacentibus
2735 2958 2794 3005 et
2825 2950 3273 3021 conniventibus,
3312 2956 3506 3013 valuit.

1922 3043 2221 3115 Pompeius
2243 3061 2375 3100 vero
2429 3045 2631 3101 litteris
2683 3045 2946 3115 acceptis,
2996 3046 3172 3102 fertur
3206 3051 3509 3109 contractis

1925 3138 2243 3211 superciliis
2316 3154 2691 3210 percussoque
2753 3137 2961 3195 femore
2994 3155 3107 3211 prae
3161 3156 3221 3197 se
3289 3141 3505 3210 tulisse.

1925 3232 2088 3305 quasi
2120 3238 2364 3305 graviter
2400 3232 2743 3301 molesteque
2774 3229 2945 3286 ferret
2977 3232 3309 3304 imperium;
3341 3251 3509 3306 quam

1921 3326 2421 3383 dissimulationem
2469 3342 2538 3382 ne
2567 3325 2762 3381 amicis
2804 3326 3031 3395 quidem
3082 3329 3197 3385 suis
3227 3330 3506 3401 probavit.

1922 3416 2057 3472 lnde
2090 3417 2228 3472 mari
2258 3416 2400 3473 intra
2433 3415 2739 3487 Bosporum
2768 3424 2825 3472 et
2847 3416 3188 3474 Phamiciam
3235 3421 3510 3490 praesidiis

1921 3519 2215 3582 occupato.
2256 3519 2449 3566 contra
2506 3507 2881 3566 Mithridatem
2933 3516 3021 3564 est
3067 3510 3379 3580 profectus;
3409 3514 3510 3584 qui

1923 3621 2048 3660 cum
2095 3613 2339 3659 montem
2393 3603 2875 3675 inexpugnabilem
2913 3604 2986 3659 ob
3028 3620 3185 3675 aqua:
3216 3606 3508 3677 penuriam

1922 3697 2288 3762 deseruisset,
2314 3695 2575 3752 eumdem
2606 3695 2901 3766 Pompeius
2947 3698 3259 3766 occupavit,
3315 3700 3508 3769 conje-

1921 3798 2078 3844 ctura
2116 3799 2232 3844 tum
2272 3803 2339 3843 ex
2375 3788 2629 3857 stirpium
2686 3792 2905 3852 natura,
2970 3795 3083 3842 tum
3131 3803 3202 3843 ex
3251 3788 3503 3848 locorum

1921 3881 2156 3937 nexibus
2184 3890 2365 3950 capta,
2397 3879 2579 3934 locum
2606 3878 2762 3933 illum
2787 3877 2969 3934 fontes
2991 3878 3217 3937 habere.
3251 3879 3504 3955 Cumque

1922 3982 2121 4044 puteos
2148 3970 2618 4041 etiodijussisset,
2673 3978 2785 4025 tota
2833 3978 3016 4026 castra
3048 3971 3308 4030 celeriter
3358 3990 3506 4048 aqua

1922 4063 2296 4119 abundarunt.
2323 4059 2532 4117 Deinde
2561 4060 2763 4115 castris
2787 4060 3216 4131 circumpositis.
3249 4064 3396 4121 hosti
3414 4067 3503 4122 fu-

1922 4173 2044 4228 gam
2086 4153 2455 4211 intercludere
2483 4152 2719 4209 studuit.
2758 4150 2867 4207 Sed
2918 4151 3009 4208 ille
3050 4152 3168 4209 dies
3206 4171 3304 4211 xcv
3334 4155 3502 4230 477

193 4252 463 4325 χωρίον,
484 4249 741 4320 ὀρύσσειν
764 4249 1021 4303 ἐκέλευσε
1045 4250 1277 4319 φρέατα.
1311 4248 1423 4304 Καὶ
1451 4253 1589 4322 ταχὺ
1623 4253 1818 4323 μεστόν

1927 4250 2203 4311 obsessus,
2242 4244 2603 4300 nihilominus
2653 4259 2778 4298 cum
2823 4241 3137 4300 ﬁrmissima
3163 4258 3317 4316 parte
3343 4266 3505 4306 exer-

195 4343 281 4417 ἦν
332 4344 544 4405 ὓδατος
583 4342 645 4396 τὸ
686 4341 1070 4413 στρατόπεδον.
1103 4342 1340 4397 Ἔπειτα
1383 4360 1817 4416 περιστρατοπε-

1927 4340 2069 4395 citus
2092 4338 2313 4408 elapsus
2335 4344 2441 4403 cst,
2466 4334 2759 4390 inutilibus
2791 4343 2848 4391 et
2904 4336 3124 4407 aegrotis
3168 4336 3503 4398 interfectis.

189 4438 459 4500 δεύσας,
504 4433 840 4505 ὲπετείχιζεν
873 4434 1026 4489 αὑτό.
1063 4434 1124 4488 '0
1158 4434 1238 4499 δὲ,
1286 4434 1449 4488 πέντε
1485 4436 1582 4489 καὶ
1619 4454 1818 4490 τεσσα-

1927 4434 2096 4501 Quem
2120 4429 2414 4501 Pompeius
2457 4429 2604 4484 circa
2633 4426 2941 4498 Euphatem
2970 4440 3273 4497 assecutus,
3306 4433 3506 4492 timens

192 4530 482 4602 ράκοντα
543 4525 929 4597 πολιορκηθεὶς
995 4525 1241 4597 ἡμέρας,
1311 4526 1506 4580 ἔλαθεν
1575 4526 1819 4598 ἀποδρὰς

1928 4540 1997 4580 ne
2027 4524 2230 4578 ﬂumen
2260 4522 2559 4592 trajicerct,
2588 4519 2917 4590 intempesta
2950 4530 3112 4576 nocte
3135 4521 3322 4579 eduxit
3347 4540 3508 4584 exer-

192 4619 382 4693 μετά
443 4615 550 4686 τῆς
603 4615 1092 4687 ἐρρωμενεστέρας
1152 4615 1458 4687 δυνάμεως,
1488 4618 1821 4681 ἀποκτείνας

1927 4617 2117 4671 citum.
2154 4615 2229 4669 lbi
2262 4629 2488 4669 necesse
2516 4620 2635 4668 erat
2667 4627 2767 4682 pro
2800 4612 2946 4667 vallo
2982 4622 3217 4677 certare,
3249 4615 3503 4676 lunares-

183 4718 361 4779 τοὺς
405 4712 723 4782 ἀχρήστους
759 4710 850 4763 καὶ
893 4710 1022 4772 τοὺς
1048 4709 1362 4774 νοσοῦντας.
1392 4710 1736 4764 Καταλαϐὼν
1763 4714 1821 4767 δὲ

1927 4726 2033 4781 que
2085 4708 2225 4763 radii
2274 4706 2573 4762 turbabant
2619 4703 2820 4775 regios.
2860 4704 2998 4759 Nam
3031 4704 3266 4763 Romani
3315 4709 3504 4768 lunam

177 4808 402 4866 αὐτὸν
456 4806 589 4875 περὶ
642 4803 736 4857 τὸν
786 4802 1077 4875 Εὐφράτην
1134 4804 1162 4855 ό
1221 4803 1548 4873 [Ιομειτήῐος⁹
1598 4807 1689 4859 ἵνα
1746 4806 1822 4878 μὴ

1927 4804 2142 4876 iamjam
2169 4801 2457 4857 occiduam
2486 4816 2518 4854 a
2545 4808 2699 4869 tergo
2752 4799 3063 4866 habebant;
3108 4802 3253 4859 unde
3302 4821 3504 4877 corpo-

181 4903 424 4974 φοάσῃ
495 4897 743 4969 περάσας
796 4897 889 4949 τὸν
941 4894 1188 4966 ποταμὸν
1241 4895 1308 4948 ὲκ
1367 4896 1551 4967 μέσων
1607 4900 1819 4953 νυκτῶν

1930 4910 2051 4950 rum
2084 4893 2293 4948 umbrae
2325 4893 2485 4962 longe
2520 4900 2837 4946 antrorsum
2871 4892 3148 4963 proiectae,
3179 4896 3502 4966 opinionem

174 4997 415 5066 ἐπῆγε
474 4989 577 5063 τὴν
616 4989 902 5061 στρατιάν.
937 4983 1048 5041 Ἶιν
1110 4982 1205 5040 οὖν
1257 4987 1474 5059 ἀνάγκη
1532 4988 1676 5061 ὑπὲρ
1722 4990 1817 5044 τοῦ

1929 4988 2185 5044 hostibus
2220 4985 2548 5051 efferebant,
2588 4999 2686 5040 eos
2719 4984 2776 5039 in
2809 4984 3121 5057 prepinquo
3150 5002 3293 5046 esse.
3355 4992 3505 5049 Telis

176 5094 488 5163 χάρακος
531 5083 821 5154 μάχεσθαι.
855 5079 1060 5150 Σελήνη
1120 5078 1168 5132 δ’
1190 5073 1258 5151 ἦν
1299 5082 1747 5152 καταφερομένη,
1789 5081 1818 5135 ὃ

1929 5081 2102 5153 igitur
2127 5079 2402 5134 incassum
2424 5075 2662 5142 emissis,
2692 5075 3036 5148 attingebant
3059 5081 3357 5137 neminem.
3388 5083 3503 5138 iluc

172 5188 363 5246 τοὺς
394 5178 715 5251 βασιλικοὺς
739 5176 966 5246 ἔσφηλε.
994 5170 1153 5244 Εῐχον
1196 5175 1295 5244 μὲν
1334 5176 1441 5243 γὰρ
1468 5176 1611 5229 κατὰ
1644 5176 1817 5230 νώτου

1927 5173 2159 5230 Romani
2184 5172 2589 5238 animadverso,
2612 5170 2849 5225 clamore
2871 5170 3091 5226 sublato
3113 5185 3496 5236 accurrerunt.

166 5282 321 5351 τὴν
390 5271 626 5341 σελήνην
662 5268 954 5339 Ῥωμαῖοι·
1003 5267 1106 5338 ἤδη
1134 5266 1192 5321 δὲ
1241 5267 1373 5336 περὶ
1424 5266 1577 5321 δύσιν
1626 5267 1815 5340 οὔσης,

1928 5278 1985 5321 et
2016 5266 2158 5319 ultra
2188 5264 2379 5320 decem
2412 5263 2584 5319 millia
2612 5262 2665 5316 in
2694 5261 2820 5333 fuga
2860 5262 3202 5318 ceciderunt.
3234 5264 3356 5335 Ipse
3394 5266 3498 5320 Mi-

162 5375 247 5429 αἱ
332 5365 511 5419 σκιαὶ
554 5362 665 5416 τῶν
707 5359 978 5431 σωμάτων
1032 5358 1273 5429 πρόσθεν
1324 5359 1617 5431 προϊοῦσαι
1679 5362 1818 5414 πολὺ

1928 5359 2198 5413 thridates
2227 5373 2353 5412 cum
2391 5356 2647 5427 pluribus
2680 5354 2894 5421 effugit.
2929 5355 3224 5425 Pompeius
3253 5371 3383 5410 vero
3439 5357 3494 5412 in

156 5467 469 5530 δᾶκησιν
538 5456 799 5526 παρεῖχον
863 5455 975 5516 τοῖς
1051 5452 1333 5523 πολεμίοις
1393 5451 1637 5521 ἐγγίζειν
1698 5456 1821 5517 τοὺς

1928 5450 2243 5505 Armeniam
2266 5447 2686 5519 impressionem
2732 5444 2882 5512 fecit,
2927 5460 2958 5499 a
3007 5444 3242 5515 Tigrane
3279 5446 3498 5517 iuniore

1379 5576 1582 5638 Varia:
1611 5573 1918 5639 lectiones
1959 5580 2023 5637 et
2058 5583 2250 5635 notae.

271 5686 437 5765 (61)
473 5681 789 5752 Τηριδὰτῃ.
814 5679 908 5736 Sic
931 5678 1042 5734 duo
1073 5679 1229 5750 Regii
1250 5683 1317 5736 ἐι
1349 5678 1600 5737 Colbcrt.
1645 5680 1716 5735 At
1742 5679 1819 5733 Μι

1927 5676 2052 5749 iam
2079 5674 2372 5748 legendum
2404 5672 2660 5729 observat
2691 5667 2944 5726 Wolfius.

539 5778 810 5840 ΡΑτῐιοι..
841 5776 958 5835 ΟΡ..
986 5773 1303 5836 CXXXW.

3090 5757 3166 5819 26
