  <div class='ocr_page' id='page_1' title='image "/cluster/home/n/w/nwhite01/storage/ocr_20150623/134/hvd.32044073502510/417.png"; bbox 0 0 4050 6210; ppageno 0'>
   <div class='ocr_carea' id='block_1_1' title="bbox 421 352 534 419">
    <p class='ocr_par' dir='ltr' id='par_1_1' title="bbox 421 352 534 419">
     <span class='ocr_line' id='line_1_1' title="bbox 421 352 534 419; baseline -0.009 0"><span class='ocrx_word' id='word_1_1' title='bbox 421 352 534 419; x_wconf 76' lang='grc'><strong>819</strong></span> 
     </span>
    </p>
   </div>
   <div class='ocr_carea' id='block_1_2' title="bbox 1725 353 2406 416">
    <p class='ocr_par' dir='ltr' id='par_1_2' title="bbox 1725 353 2406 416">
     <span class='ocr_line' id='line_1_2' title="bbox 1725 353 2406 416; baseline 0.003 -2"><span class='ocrx_word' id='word_1_2' title='bbox 1725 353 2056 414; x_wconf 83' lang='lat' dir='ltr'><strong>JOANNIS</strong></span> <span class='ocrx_word' id='word_1_3' title='bbox 2088 356 2406 416; x_wconf 69' lang='lat' dir='ltr'><strong>ZONAlLE</strong></span> 
     </span>
    </p>
   </div>
   <div class='ocr_carea' id='block_1_3' title="bbox 3562 355 3675 419">
    <p class='ocr_par' dir='ltr' id='par_1_3' title="bbox 3562 355 3675 419">
     <span class='ocr_line' id='line_1_3' title="bbox 3562 355 3675 419; baseline 0.035 -4"><span class='ocrx_word' id='word_1_4' title='bbox 3562 355 3675 419; x_wconf 61' lang='lat'><strong>8.10</strong></span> 
     </span>
    </p>
   </div>
   <div class='ocr_carea' id='block_1_4' title="bbox 417 465 1980 537">
    <p class='ocr_par' dir='ltr' id='par_1_4' title="bbox 417 465 1980 535">
     <span class='ocr_line' id='line_1_4' title="bbox 417 465 1980 535; baseline -0.003 -15"><span class='ocrx_word' id='word_1_5' title='bbox 417 477 499 523; x_wconf 75' lang='lat' dir='ltr'><strong>tas</strong></span> <span class='ocrx_word' id='word_1_6' title='bbox 535 483 604 521; x_wconf 79' lang='lat' dir='ltr'><strong>ex</strong></span> <span class='ocrx_word' id='word_1_7' title='bbox 638 474 964 534; x_wconf 78' lang='lat' dir='ltr'><strong>tempestate</strong></span> <span class='ocrx_word' id='word_1_8' title='bbox 995 465 1061 518; x_wconf 89' lang='lat' dir='ltr'><strong>ad</strong></span> <span class='ocrx_word' id='word_1_9' title='bbox 1091 482 1318 535; x_wconf 78' lang='lat' dir='ltr'><strong>regnum</strong></span> <span class='ocrx_word' id='word_1_10' title='bbox 1357 466 1584 530; x_wconf 93' lang='lat' dir='ltr'><strong>rediret,</strong></span> <span class='ocrx_word' id='word_1_11' title='bbox 1625 465 1830 534; x_wconf 78' lang='lat' dir='ltr'><strong>alioqui</strong></span> <span class='ocrx_word' id='word_1_12' title='bbox 1864 481 1980 530; x_wconf 84' lang='lat' dir='ltr'><strong>gra-</strong></span> 
     </span>
    </p>
   </div>
   <div class='ocr_carea' id='block_1_5' title="bbox 2085 465 3675 537">
    <p class='ocr_par' dir='ltr' id='par_1_5' title="bbox 2097 465 3675 537">
     <span class='ocr_line' id='line_1_5' title="bbox 2097 465 3675 537; baseline 0.004 -21"><span class='ocrx_word' id='word_1_13' title='bbox 2097 465 2380 535; x_wconf 75' lang='grc' dir='ltr'>ἀγαπητὸν</span> <span class='ocrx_word' id='word_1_14' title='bbox 2436 467 2606 520; x_wconf 81' lang='grc' dir='ltr'>ἐδόκει</span> <span class='ocrx_word' id='word_1_15' title='bbox 2652 468 2699 519; x_wconf 84' lang='grc' dir='ltr'><strong>εί</strong></span> <span class='ocrx_word' id='word_1_16' title='bbox 2750 467 2888 537; x_wconf 77' lang='grc' dir='ltr'>πρὸς</span> <span class='ocrx_word' id='word_1_17' title='bbox 2946 467 3246 537; x_wconf 81' lang='grc' dir='ltr'>μοναρχίαν</span> <span class='ocrx_word' id='word_1_18' title='bbox 3302 467 3365 521; x_wconf 84' lang='grc' dir='ltr'><strong>ἐκ</strong></span> <span class='ocrx_word' id='word_1_19' title='bbox 3411 470 3675 522; x_wconf 79' lang='grc' dir='ltr'>τοσούτου</span> 
     </span>
    </p>
   </div>
   <div class='ocr_carea' id='block_1_6' title="bbox 414 557 1990 627">
    <p class='ocr_par' dir='ltr' id='par_1_6' title="bbox 414 557 1990 627">
     <span class='ocr_line' id='line_1_6' title="bbox 414 557 1990 627; baseline -0.001 -17"><span class='ocrx_word' id='word_1_20' title='bbox 414 561 538 614; x_wconf 73' lang='lat' dir='ltr'><strong>vius</strong></span> <span class='ocrx_word' id='word_1_21' title='bbox 598 559 896 614; x_wconf 90' lang='lat' dir='ltr'><strong>allidenda.</strong></span> <span class='ocrx_word' id='word_1_22' title='bbox 975 560 1086 613; x_wconf 79' lang='lat' dir='ltr'><strong>Nc;</strong></span> <span class='ocrx_word' id='word_1_23' title='bbox 1142 559 1289 612; x_wconf 91' lang='lat' dir='ltr'><strong>enim</strong></span> <span class='ocrx_word' id='word_1_24' title='bbox 1354 573 1507 627; x_wconf 90' lang='lat' dir='ltr'><strong>spem</strong></span> <span class='ocrx_word' id='word_1_25' title='bbox 1573 557 1766 611; x_wconf 87' lang='lat' dir='ltr'><strong>salutis</strong></span> <span class='ocrx_word' id='word_1_26' title='bbox 1828 557 1990 610; x_wconf 91' lang='lat' dir='ltr'><strong>aliam</strong></span> 
     </span>
    </p>
   </div>
   <div class='ocr_carea' id='block_1_7' title="bbox 422 648 1990 707">
    <p class='ocr_par' dir='ltr' id='par_1_7' title="bbox 422 648 1990 707">
     <span class='ocr_line' id='line_1_7' title="bbox 422 648 1990 707; baseline -0.004 -1"><span class='ocrx_word' id='word_1_27' title='bbox 422 663 631 707; x_wconf 87' lang='lat' dir='ltr'><strong>restare</strong></span> <span class='ocrx_word' id='word_1_28' title='bbox 681 669 697 704; x_wconf 90' lang='lat'>:</span> <span class='ocrx_word' id='word_1_29' title='bbox 755 661 812 705; x_wconf 91' lang='lat' dir='ltr'><strong>et</strong></span> <span class='ocrx_word' id='word_1_30' title='bbox 865 651 1139 705; x_wconf 88' lang='lat' dir='ltr'><strong>medicum</strong></span> <span class='ocrx_word' id='word_1_31' title='bbox 1196 649 1547 705; x_wconf 88' lang='lat' dir='ltr'><strong>mitissimum</strong></span> <span class='ocrx_word' id='word_1_32' title='bbox 1613 648 1990 703; x_wconf 89' lang='lat' dir='ltr'><strong>adhibendum</strong></span> 
     </span>
    </p>
   </div>
   <div class='ocr_carea' id='block_1_8' title="bbox 417 741 1993 812">
    <p class='ocr_par' dir='ltr' id='par_1_8' title="bbox 417 741 1993 812">
     <span class='ocr_line' id='line_1_8' title="bbox 417 741 1993 812; baseline -0.001 -16"><span class='ocrx_word' id='word_1_33' title='bbox 417 760 561 806; x_wconf 83' lang='lat' dir='ltr'><strong>esse,</strong></span> <span class='ocrx_word' id='word_1_34' title='bbox 607 744 700 812; x_wconf 90' lang='lat' dir='ltr'><strong>qui</strong></span> <span class='ocrx_word' id='word_1_35' title='bbox 745 742 940 796; x_wconf 90' lang='lat' dir='ltr'><strong>morbo</strong></span> <span class='ocrx_word' id='word_1_36' title='bbox 978 743 1053 796; x_wconf 89' lang='lat' dir='ltr'><strong>illi</strong></span> <span class='ocrx_word' id='word_1_37' title='bbox 1105 742 1437 799; x_wconf 86' lang='lat' dir='ltr'><strong>medicinam</strong></span> <span class='ocrx_word' id='word_1_38' title='bbox 1482 741 1736 795; x_wconf 79' lang='lat' dir='ltr'><strong>faceret:</strong></span> <span class='ocrx_word' id='word_1_39' title='bbox 1789 741 1993 810; x_wconf 85' lang='lat' dir='ltr'><strong>quibus</strong></span> 
     </span>
    </p>
   </div>
   <div class='ocr_carea' id='block_1_9' title="bbox 416 833 1988 904">
    <p class='ocr_par' dir='ltr' id='par_1_9' title="bbox 416 833 1988 904">
     <span class='ocr_line' id='line_1_9' title="bbox 416 833 1988 904; baseline 0.001 -20"><span class='ocrx_word' id='word_1_40' title='bbox 416 835 603 890; x_wconf 71' lang='lat' dir='ltr'><strong>verbis</strong></span> <span class='ocrx_word' id='word_1_41' title='bbox 654 834 1001 889; x_wconf 87' lang='lat' dir='ltr'><strong>subobscure</strong></span> <span class='ocrx_word' id='word_1_42' title='bbox 1052 835 1377 904; x_wconf 89' lang='lat' dir='ltr'><strong>Pompeium</strong></span> <span class='ocrx_word' id='word_1_43' title='bbox 1427 833 1656 903; x_wconf 74' lang='lat' dir='ltr'><strong>intelligi</strong></span> <span class='ocrx_word' id='word_1_44' title='bbox 1710 833 1988 887; x_wconf 77' lang='lat' dir='ltr'><strong>volebant.</strong></span> 
     </span>
    </p>
   </div>
   <div class='ocr_carea' id='block_1_10' title="bbox 407 924 1987 996">
    <p class='ocr_par' dir='ltr' id='par_1_10' title="bbox 407 924 1987 996">
     <span class='ocr_line' id='line_1_10' title="bbox 407 924 1987 996; baseline -0.003 -14"><span class='ocrx_word' id='word_1_45' title='bbox 407 927 512 993; x_wconf 83' lang='lat' dir='ltr'><strong>Qui</strong></span> <span class='ocrx_word' id='word_1_46' title='bbox 543 927 646 982; x_wconf 88' lang='lat' dir='ltr'><strong>etsi</strong></span> <span class='ocrx_word' id='word_1_47' title='bbox 677 927 863 982; x_wconf 76' lang='lat' dir='ltr'><strong>verbis</strong></span> <span class='ocrx_word' id='word_1_48' title='bbox 904 927 1195 996; x_wconf 90' lang='lat' dir='ltr'><strong>imperium</strong></span> <span class='ocrx_word' id='word_1_49' title='bbox 1221 941 1280 981; x_wconf 86' lang='lat' dir='ltr'><strong>se</strong></span> <span class='ocrx_word' id='word_1_50' title='bbox 1314 927 1625 981; x_wconf 87' lang='lat' dir='ltr'><strong>detractare</strong></span> <span class='ocrx_word' id='word_1_51' title='bbox 1655 924 1987 988; x_wconf 91' lang='lat' dir='ltr'><strong>simulabat,</strong></span> 
     </span>
    </p>
   </div>
   <div class='ocr_carea' id='block_1_11' title="bbox 415 1017 1988 1088">
    <p class='ocr_par' dir='ltr' id='par_1_11' title="bbox 415 1017 1988 1088">
     <span class='ocr_line' id='line_1_11' title="bbox 415 1017 1988 1088; baseline 0 -17"><span class='ocrx_word' id='word_1_52' title='bbox 415 1033 476 1072; x_wconf 92' lang='lat' dir='ltr'><strong>rc</strong></span> <span class='ocrx_word' id='word_1_53' title='bbox 515 1018 632 1088; x_wconf 91' lang='lat' dir='ltr'><strong>ipsa</strong></span> <span class='ocrx_word' id='word_1_54' title='bbox 664 1027 845 1072; x_wconf 87' lang='lat' dir='ltr'><strong>tamen</strong></span> <span class='ocrx_word' id='word_1_55' title='bbox 877 1018 932 1072; x_wconf 91' lang='lat' dir='ltr'><strong>id</strong></span> <span class='ocrx_word' id='word_1_56' title='bbox 967 1020 1183 1087; x_wconf 79' lang='lat' dir='ltr'><strong>agebat,</strong></span> <span class='ocrx_word' id='word_1_57' title='bbox 1213 1027 1272 1072; x_wconf 93' lang='lat' dir='ltr'><strong>ut</strong></span> <span class='ocrx_word' id='word_1_58' title='bbox 1303 1017 1540 1072; x_wconf 85' lang='lat' dir='ltr'><strong>dictator</strong></span> <span class='ocrx_word' id='word_1_59' title='bbox 1574 1017 1872 1072; x_wconf 85' lang='lat' dir='ltr'><strong>diceretur.</strong></span> <span class='ocrx_word' id='word_1_60' title='bbox 1909 1017 1988 1071; x_wconf 89' lang='lat' dir='ltr'><strong>Ne</strong></span> 
     </span>
    </p>
   </div>
   <div class='ocr_carea' id='block_1_12' title="bbox 407 1111 1990 1181">
    <p class='ocr_par' dir='ltr' id='par_1_12' title="bbox 407 1111 1990 1181">
     <span class='ocr_line' id='line_1_12' title="bbox 407 1111 1990 1181; baseline -0.002 -15"><span class='ocrx_word' id='word_1_61' title='bbox 407 1112 580 1181; x_wconf 82' lang='lat' dir='ltr'><strong>igitur</strong></span> <span class='ocrx_word' id='word_1_62' title='bbox 626 1112 952 1166; x_wconf 87' lang='lat' dir='ltr'><strong>dictaturam</strong></span> <span class='ocrx_word' id='word_1_63' title='bbox 1001 1127 1098 1180; x_wconf 91' lang='lat' dir='ltr'><strong>per</strong></span> <span class='ocrx_word' id='word_1_64' title='bbox 1131 1111 1240 1165; x_wconf 78' lang='lat' dir='ltr'><strong>vim</strong></span> <span class='ocrx_word' id='word_1_65' title='bbox 1285 1111 1608 1172; x_wconf 74' lang='lat' dir='ltr'><strong>invaderet,</strong></span> <span class='ocrx_word' id='word_1_66' title='bbox 1651 1111 1803 1165; x_wconf 89' lang='lat' dir='ltr'><strong>solus</strong></span> <span class='ocrx_word' id='word_1_67' title='bbox 1833 1126 1862 1164; x_wconf 93' lang='lat' dir='ltr'><strong>a</strong></span> <span class='ocrx_word' id='word_1_68' title='bbox 1905 1125 1990 1164; x_wconf 87' lang='lat' dir='ltr'><strong>se-</strong></span> 
     </span>
    </p>
   </div>
   <div class='ocr_carea' id='block_1_13' title="bbox 408 1202 1990 1274">
    <p class='ocr_par' dir='ltr' id='par_1_13' title="bbox 408 1202 1990 1274">
     <span class='ocr_line' id='line_1_13' title="bbox 408 1202 1990 1274; baseline -0.001 -18"><span class='ocrx_word' id='word_1_69' title='bbox 408 1212 540 1258; x_wconf 90' lang='lat' dir='ltr'><strong>natu</strong></span> <span class='ocrx_word' id='word_1_70' title='bbox 572 1203 764 1258; x_wconf 87' lang='lat' dir='ltr'><strong>consul</strong></span> <span class='ocrx_word' id='word_1_71' title='bbox 805 1211 892 1257; x_wconf 90' lang='lat' dir='ltr'><strong>est</strong></span> <span class='ocrx_word' id='word_1_72' title='bbox 928 1202 1285 1272; x_wconf 87' lang='lat' dir='ltr'><strong>designatus,</strong></span> <span class='ocrx_word' id='word_1_73' title='bbox 1330 1202 1669 1258; x_wconf 84' lang='lat' dir='ltr'><strong>desiderium</strong></span> <span class='ocrx_word' id='word_1_74' title='bbox 1707 1203 1827 1274; x_wconf 88' lang='lat' dir='ltr'><strong>ejus</strong></span> <span class='ocrx_word' id='word_1_75' title='bbox 1860 1202 1990 1256; x_wconf 90' lang='lat' dir='ltr'><strong>soli-</strong></span> 
     </span>
    </p>
   </div>
   <div class='ocr_carea' id='block_1_14' title="bbox 407 1294 1988 1366">
    <p class='ocr_par' dir='ltr' id='par_1_14' title="bbox 407 1294 1988 1366">
     <span class='ocr_line' id='line_1_14' title="bbox 407 1294 1988 1366; baseline -0.001 -16"><span class='ocrx_word' id='word_1_76' title='bbox 407 1297 552 1351; x_wconf 89' lang='lat' dir='ltr'><strong>tario</strong></span> <span class='ocrx_word' id='word_1_77' title='bbox 582 1296 818 1366; x_wconf 87' lang='lat' dir='ltr'><strong>imperio</strong></span> <span class='ocrx_word' id='word_1_78' title='bbox 867 1296 1132 1351; x_wconf 87' lang='lat' dir='ltr'><strong>leniente.</strong></span> <span class='ocrx_word' id='word_1_79' title='bbox 1179 1294 1262 1350; x_wconf 90' lang='lat' dir='ltr'><strong>Ob</strong></span> <span class='ocrx_word' id='word_1_80' title='bbox 1308 1296 1414 1350; x_wconf 85' lang='lat' dir='ltr'><strong>hoc</strong></span> <span class='ocrx_word' id='word_1_81' title='bbox 1447 1295 1628 1350; x_wconf 69' lang='lat' dir='ltr'><strong>Caesar</strong></span> <span class='ocrx_word' id='word_1_82' title='bbox 1655 1305 1712 1350; x_wconf 88' lang='lat' dir='ltr'><strong>et</strong></span> <span class='ocrx_word' id='word_1_83' title='bbox 1738 1295 1852 1364; x_wconf 87' lang='lat' dir='ltr'><strong>ipse</strong></span> <span class='ocrx_word' id='word_1_84' title='bbox 1890 1311 1988 1364; x_wconf 89' lang='lat' dir='ltr'><strong>per</strong></span> 
     </span>
    </p>
   </div>
   <div class='ocr_carea' id='block_1_15' title="bbox 405 1387 1982 1460">
    <p class='ocr_par' dir='ltr' id='par_1_15' title="bbox 405 1387 1982 1460">
     <span class='ocr_line' id='line_1_15' title="bbox 405 1387 1982 1460; baseline -0.001 -18"><span class='ocrx_word' id='word_1_85' title='bbox 405 1389 620 1460; x_wconf 84' lang='lat' dir='ltr'><strong>legatos</strong></span> <span class='ocrx_word' id='word_1_86' title='bbox 672 1390 1021 1444; x_wconf 86' lang='lat' dir='ltr'><strong>consulatum</strong></span> <span class='ocrx_word' id='word_1_87' title='bbox 1082 1389 1282 1458; x_wconf 86' lang='lat' dir='ltr'><strong>petiit,</strong></span> <span class='ocrx_word' id='word_1_88' title='bbox 1343 1389 1466 1442; x_wconf 86' lang='lat' dir='ltr'><strong>aliis</strong></span> <span class='ocrx_word' id='word_1_89' title='bbox 1524 1387 1982 1451; x_wconf 87' lang='lat' dir='ltr'><strong>adversantibus,</strong></span> 
     </span>
    </p>
   </div>
   <div class='ocr_carea' id='block_1_16' title="bbox 404 1477 1987 1550">
    <p class='ocr_par' dir='ltr' id='par_1_16' title="bbox 404 1477 1987 1550">
     <span class='ocr_line' id='line_1_16' title="bbox 404 1477 1987 1550; baseline -0.002 -16"><span class='ocrx_word' id='word_1_90' title='bbox 404 1479 670 1550; x_wconf 85' lang='lat' dir='ltr'><strong>Pompeio</strong></span> <span class='ocrx_word' id='word_1_91' title='bbox 714 1495 847 1534; x_wconf 84' lang='lat' dir='ltr'><strong>vero</strong></span> <span class='ocrx_word' id='word_1_92' title='bbox 884 1488 1121 1534; x_wconf 72' lang='lat' dir='ltr'><strong>tacente.</strong></span> <span class='ocrx_word' id='word_1_93' title='bbox 1153 1479 1224 1534; x_wconf 90' lang='lat' dir='ltr'><strong>Ut</strong></span> <span class='ocrx_word' id='word_1_94' title='bbox 1253 1490 1434 1534; x_wconf 90' lang='lat' dir='ltr'><strong>autem</strong></span> <span class='ocrx_word' id='word_1_95' title='bbox 1465 1477 1648 1533; x_wconf 77' lang='lat' dir='ltr'><strong>Caesar</strong></span> <span class='ocrx_word' id='word_1_96' title='bbox 1681 1477 1987 1549; x_wconf 88' lang='lat' dir='ltr'><strong>largitioni-</strong></span> 
     </span>
    </p>
   </div>
   <div class='ocr_carea' id='block_1_17' title="bbox 404 1568 1988 1641">
    <p class='ocr_par' dir='ltr' id='par_1_17' title="bbox 404 1568 1988 1641">
     <span class='ocr_line' id='line_1_17' title="bbox 404 1568 1988 1641; baseline -0.001 -15"><span class='ocrx_word' id='word_1_97' title='bbox 404 1574 512 1627; x_wconf 89' lang='lat' dir='ltr'><strong>bus</strong></span> <span class='ocrx_word' id='word_1_98' title='bbox 568 1571 774 1626; x_wconf 88' lang='lat' dir='ltr'><strong>multos</strong></span> <span class='ocrx_word' id='word_1_99' title='bbox 825 1573 879 1625; x_wconf 92' lang='lat' dir='ltr'><strong>in</strong></span> <span class='ocrx_word' id='word_1_100' title='bbox 937 1586 1065 1625; x_wconf 90' lang='lat' dir='ltr'><strong>suas</strong></span> <span class='ocrx_word' id='word_1_101' title='bbox 1120 1581 1304 1641; x_wconf 86' lang='lat' dir='ltr'><strong>partes</strong></span> <span class='ocrx_word' id='word_1_102' title='bbox 1355 1570 1636 1634; x_wconf 80' lang='lat' dir='ltr'><strong>traduxit,</strong></span> <span class='ocrx_word' id='word_1_103' title='bbox 1695 1568 1988 1638; x_wconf 89' lang='lat' dir='ltr'><strong>Pompeius</strong></span> 
     </span>
    </p>
   </div>
   <div class='ocr_carea' id='block_1_18' title="bbox 401 1663 1987 1734">
    <p class='ocr_par' dir='ltr' id='par_1_18' title="bbox 401 1663 1987 1734">
     <span class='ocr_line' id='line_1_18' title="bbox 401 1663 1987 1734; baseline 0 -16"><span class='ocrx_word' id='word_1_104' title='bbox 401 1679 526 1718; x_wconf 87' lang='lat' dir='ltr'><strong>eam</strong></span> <span class='ocrx_word' id='word_1_105' title='bbox 573 1663 1046 1734; x_wconf 84' lang='lat' dir='ltr'><strong>conspirationem</strong></span> <span class='ocrx_word' id='word_1_106' title='bbox 1104 1663 1335 1728; x_wconf 82' lang='lat' dir='ltr'><strong>veritus,</strong></span> <span class='ocrx_word' id='word_1_107' title='bbox 1387 1673 1577 1732; x_wconf 87' lang='lat' dir='ltr'><strong>aperte</strong></span> <span class='ocrx_word' id='word_1_108' title='bbox 1631 1677 1728 1732; x_wconf 90' lang='lat' dir='ltr'><strong>per</strong></span> <span class='ocrx_word' id='word_1_109' title='bbox 1769 1675 1894 1716; x_wconf 88' lang='lat' dir='ltr'><strong>sese</strong></span> <span class='ocrx_word' id='word_1_110' title='bbox 1931 1672 1987 1718; x_wconf 91' lang='lat' dir='ltr'><strong>et</strong></span> 
     </span>
    </p>
   </div>
   <div class='ocr_carea' id='block_1_19' title="bbox 401 1753 1981 1824">
    <p class='ocr_par' dir='ltr' id='par_1_19' title="bbox 401 1753 1981 1824">
     <span class='ocr_line' id='line_1_19' title="bbox 401 1753 1981 1824; baseline -0.003 -14"><span class='ocrx_word' id='word_1_111' title='bbox 401 1755 613 1810; x_wconf 82' lang='lat' dir='ltr'><strong>amicos</strong></span> <span class='ocrx_word' id='word_1_112' title='bbox 668 1755 964 1824; x_wconf 88' lang='lat' dir='ltr'><strong>imperium</strong></span> <span class='ocrx_word' id='word_1_113' title='bbox 1014 1753 1214 1809; x_wconf 64' lang='lat' dir='ltr'><strong>Cresari</strong></span> <span class='ocrx_word' id='word_1_114' title='bbox 1252 1770 1350 1823; x_wconf 90' lang='lat' dir='ltr'><strong>per</strong></span> <span class='ocrx_word' id='word_1_115' title='bbox 1391 1755 1612 1809; x_wconf 85' lang='lat' dir='ltr'><strong>decreta</strong></span> <span class='ocrx_word' id='word_1_116' title='bbox 1659 1753 1981 1822; x_wconf 71' lang='lat' dir='ltr'><strong>abrogavit:</strong></span> 
     </span>
    </p>
   </div>
   <div class='ocr_carea' id='block_1_20' title="bbox 401 1847 1982 1918">
    <p class='ocr_par' dir='ltr' id='par_1_20' title="bbox 401 1847 1982 1918">
     <span class='ocr_line' id='line_1_20' title="bbox 401 1847 1982 1918; baseline -0.002 -15"><span class='ocrx_word' id='word_1_117' title='bbox 401 1849 607 1918; x_wconf 81' lang='lat' dir='ltr'><strong>quibus</strong></span> <span class='ocrx_word' id='word_1_118' title='bbox 637 1848 726 1902; x_wconf 84' lang='lat' dir='ltr'><strong>ille</strong></span> <span class='ocrx_word' id='word_1_119' title='bbox 762 1847 1027 1916; x_wconf 80' lang='lat' dir='ltr'><strong>neglectis</strong></span> <span class='ocrx_word' id='word_1_120' title='bbox 1068 1847 1330 1917; x_wconf 87' lang='lat' dir='ltr'><strong>petebat,</strong></span> <span class='ocrx_word' id='word_1_121' title='bbox 1381 1858 1442 1902; x_wconf 87' lang='lat' dir='ltr'><strong>ut</strong></span> <span class='ocrx_word' id='word_1_122' title='bbox 1487 1860 1543 1901; x_wconf 91' lang='lat' dir='ltr'><strong>et</strong></span> <span class='ocrx_word' id='word_1_123' title='bbox 1587 1848 1705 1916; x_wconf 86' lang='lat' dir='ltr'><strong>ipse</strong></span> <span class='ocrx_word' id='word_1_124' title='bbox 1737 1857 1791 1900; x_wconf 91' lang='lat' dir='ltr'><strong>et</strong></span> <span class='ocrx_word' id='word_1_125' title='bbox 1820 1847 1982 1901; x_wconf 90' lang='lat' dir='ltr'><strong>Pom-</strong></span> 
     </span>
    </p>
   </div>
   <div class='ocr_carea' id='block_1_21' title="bbox 402 1939 1977 2010">
    <p class='ocr_par' dir='ltr' id='par_1_21' title="bbox 402 1939 1977 2010">
     <span class='ocr_line' id='line_1_21' title="bbox 402 1939 1977 2010; baseline -0.001 -14"><span class='ocrx_word' id='word_1_126' title='bbox 402 1941 563 2010; x_wconf 88' lang='lat' dir='ltr'><strong>peius</strong></span> <span class='ocrx_word' id='word_1_127' title='bbox 590 1941 752 1996; x_wconf 91' lang='lat' dir='ltr'><strong>simul</strong></span> <span class='ocrx_word' id='word_1_128' title='bbox 794 1941 964 1994; x_wconf 90' lang='lat' dir='ltr'><strong>armis</strong></span> <span class='ocrx_word' id='word_1_129' title='bbox 1002 1940 1200 2010; x_wconf 87' lang='lat' dir='ltr'><strong>positis</strong></span> <span class='ocrx_word' id='word_1_130' title='bbox 1238 1939 1435 2010; x_wconf 76' lang='lat' dir='ltr'><strong>privati</strong></span> <span class='ocrx_word' id='word_1_131' title='bbox 1482 1956 1601 1994; x_wconf 87' lang='lat' dir='ltr'><strong>esse</strong></span> <span class='ocrx_word' id='word_1_132' title='bbox 1627 1941 1977 2009; x_wconf 88' lang='lat' dir='ltr'><strong>juberentur.</strong></span> 
     </span>
    </p>
   </div>
   <div class='ocr_carea' id='block_1_22' title="bbox 401 2033 1981 2103">
    <p class='ocr_par' dir='ltr' id='par_1_22' title="bbox 401 2033 1981 2103">
     <span class='ocr_line' id='line_1_22' title="bbox 401 2033 1981 2103; baseline -0.003 -14"><span class='ocrx_word' id='word_1_133' title='bbox 401 2036 500 2089; x_wconf 89' lang='lat' dir='ltr'><strong>Sin</strong></span> <span class='ocrx_word' id='word_1_134' title='bbox 534 2035 642 2088; x_wconf 82' lang='lat' dir='ltr'><strong>sibi</strong></span> <span class='ocrx_word' id='word_1_135' title='bbox 689 2033 1006 2103; x_wconf 85' lang='lat' dir='ltr'><strong>eriperetur</strong></span> <span class='ocrx_word' id='word_1_136' title='bbox 1039 2035 1328 2101; x_wconf 76' lang='lat' dir='ltr'><strong>imperium</strong></span> <span class='ocrx_word' id='word_1_137' title='bbox 1352 2074 1366 2094; x_wconf 93' lang='lat'><strong>,</strong></span> <span class='ocrx_word' id='word_1_138' title='bbox 1417 2033 1490 2086; x_wconf 90' lang='lat' dir='ltr'><strong>illi</strong></span> <span class='ocrx_word' id='word_1_139' title='bbox 1532 2049 1659 2086; x_wconf 73' lang='lat' dir='ltr'><strong>vero</strong></span> <span class='ocrx_word' id='word_1_140' title='bbox 1690 2033 1981 2087; x_wconf 80' lang='lat' dir='ltr'><strong>conﬁrma-</strong></span> 
     </span>
    </p>
   </div>
   <div class='ocr_carea' id='block_1_23' title="bbox 401 2125 1976 2196">
    <p class='ocr_par' dir='ltr' id='par_1_23' title="bbox 401 2125 1976 2196">
     <span class='ocr_line' id='line_1_23' title="bbox 401 2125 1976 2196; baseline -0.004 -13"><span class='ocrx_word' id='word_1_141' title='bbox 401 2138 560 2183; x_wconf 87' lang='lat' dir='ltr'><strong>retur</strong></span> <span class='ocrx_word' id='word_1_142' title='bbox 593 2143 606 2180; x_wconf 90' lang='lat'><strong>:</strong></span> <span class='ocrx_word' id='word_1_143' title='bbox 647 2127 883 2180; x_wconf 88' lang='lat' dir='ltr'><strong>alterum</strong></span> <span class='ocrx_word' id='word_1_144' title='bbox 930 2135 1224 2196; x_wconf 75' lang='lat' dir='ltr'><strong>tyrannum</strong></span> <span class='ocrx_word' id='word_1_145' title='bbox 1257 2125 1543 2179; x_wconf 88' lang='lat' dir='ltr'><strong>constitui.</strong></span> <span class='ocrx_word' id='word_1_146' title='bbox 1582 2125 1777 2181; x_wconf 87' lang='lat' dir='ltr'><strong>Fertur</strong></span> <span class='ocrx_word' id='word_1_147' title='bbox 1811 2125 1976 2179; x_wconf 86' lang='lat' dir='ltr'><strong>etiam</strong></span> 
     </span>
    </p>
   </div>
   <div class='ocr_carea' id='block_1_24' title="bbox 401 2216 1980 2288">
    <p class='ocr_par' dir='ltr' id='par_1_24' title="bbox 401 2216 1980 2288">
     <span class='ocr_line' id='line_1_24' title="bbox 401 2216 1980 2288; baseline -0.001 -18"><span class='ocrx_word' id='word_1_148' title='bbox 401 2217 629 2288; x_wconf 81' lang='lat' dir='ltr'><strong>quidam</strong></span> <span class='ocrx_word' id='word_1_149' title='bbox 669 2216 920 2270; x_wconf 80' lang='lat' dir='ltr'><strong>centurio</strong></span> <span class='ocrx_word' id='word_1_150' title='bbox 955 2233 984 2268; x_wconf 87' lang='lat' dir='ltr'><strong>a</strong></span> <span class='ocrx_word' id='word_1_151' title='bbox 1015 2217 1228 2270; x_wconf 73' lang='lat' dir='ltr'><strong>C;esare</strong></span> <span class='ocrx_word' id='word_1_152' title='bbox 1267 2216 1504 2278; x_wconf 89' lang='lat' dir='ltr'><strong>missus,</strong></span> <span class='ocrx_word' id='word_1_153' title='bbox 1538 2232 1663 2270; x_wconf 92' lang='lat' dir='ltr'><strong>cum</strong></span> <span class='ocrx_word' id='word_1_154' title='bbox 1697 2216 1980 2270; x_wconf 88' lang='lat' dir='ltr'><strong>didicisset</strong></span> 
     </span>
    </p>
   </div>
   <div class='ocr_carea' id='block_1_25' title="bbox 402 2305 1980 2376">
    <p class='ocr_par' dir='ltr' id='par_1_25' title="bbox 402 2305 1980 2376">
     <span class='ocr_line' id='line_1_25' title="bbox 402 2305 1980 2376; baseline -0.002 -14"><span class='ocrx_word' id='word_1_155' title='bbox 402 2316 657 2362; x_wconf 86' lang='lat' dir='ltr'><strong>senatum</strong></span> <span class='ocrx_word' id='word_1_156' title='bbox 712 2306 1002 2376; x_wconf 87' lang='lat' dir='ltr'><strong>imperium</strong></span> <span class='ocrx_word' id='word_1_157' title='bbox 1033 2305 1233 2359; x_wconf 74' lang='lat' dir='ltr'><strong>Caesari</strong></span> <span class='ocrx_word' id='word_1_158' title='bbox 1276 2322 1385 2358; x_wconf 92' lang='lat' dir='ltr'><strong>non</strong></span> <span class='ocrx_word' id='word_1_159' title='bbox 1422 2306 1634 2360; x_wconf 87' lang='lat' dir='ltr'><strong>diutius</strong></span> <span class='ocrx_word' id='word_1_160' title='bbox 1664 2307 1817 2367; x_wconf 82' lang='lat' dir='ltr'><strong>dare,</strong></span> <span class='ocrx_word' id='word_1_161' title='bbox 1858 2306 1980 2374; x_wconf 90' lang='lat' dir='ltr'><strong>pul-</strong></span> 
     </span>
    </p>
   </div>
   <div class='ocr_carea' id='block_1_26' title="bbox 401 2395 1980 2467">
    <p class='ocr_par' dir='ltr' id='par_1_26' title="bbox 401 2395 1980 2467">
     <span class='ocr_line' id='line_1_26' title="bbox 401 2395 1980 2467; baseline -0.001 -15"><span class='ocrx_word' id='word_1_162' title='bbox 401 2405 526 2452; x_wconf 82' lang='lat' dir='ltr'><strong>sato</strong></span> <span class='ocrx_word' id='word_1_163' title='bbox 556 2396 719 2467; x_wconf 81' lang='lat' dir='ltr'><strong>gladii</strong></span> <span class='ocrx_word' id='word_1_164' title='bbox 756 2395 954 2466; x_wconf 89' lang='lat' dir='ltr'><strong>capulo</strong></span> <span class='ocrx_word' id='word_1_165' title='bbox 983 2395 1185 2450; x_wconf 80' lang='lat' dir='ltr'><strong>dixisse</strong></span> <span class='ocrx_word' id='word_1_166' title='bbox 1213 2415 1225 2446; x_wconf 74' lang='grc' dir='ltr'>ε</span> <span class='ocrx_word' id='word_1_167' title='bbox 1258 2398 1326 2450; x_wconf 81' lang='lat' dir='ltr'><strong>At</strong></span> <span class='ocrx_word' id='word_1_168' title='bbox 1356 2397 1438 2449; x_wconf 85' lang='lat' dir='ltr'><strong>hic</strong></span> <span class='ocrx_word' id='word_1_169' title='bbox 1467 2396 1632 2450; x_wconf 79' lang='lat' dir='ltr'><strong>dabit.</strong></span> <span class='ocrx_word' id='word_1_170' title='bbox 1662 2396 1870 2451; x_wconf 86' lang='lat' dir='ltr'><strong>Deinde</strong></span> <span class='ocrx_word' id='word_1_171' title='bbox 1901 2412 1980 2451; x_wconf 87' lang='lat' dir='ltr'><strong>se-</strong></span> 
     </span>
    </p>
   </div>
   <div class='ocr_carea' id='block_1_27' title="bbox 401 2487 1983 2551">
    <p class='ocr_par' dir='ltr' id='par_1_27' title="bbox 401 2487 1983 2551">
     <span class='ocr_line' id='line_1_27' title="bbox 401 2487 1983 2551; baseline -0.001 -9"><span class='ocrx_word' id='word_1_172' title='bbox 401 2487 882 2543; x_wconf 83' lang='lat' dir='ltr'><strong>natusconsultum</strong></span> <span class='ocrx_word' id='word_1_173' title='bbox 917 2487 1120 2541; x_wconf 80' lang='lat' dir='ltr'><strong>factum</strong></span> <span class='ocrx_word' id='word_1_174' title='bbox 1158 2498 1262 2551; x_wconf 89' lang='lat' dir='ltr'><strong>est,</strong></span> <span class='ocrx_word' id='word_1_175' title='bbox 1311 2487 1417 2542; x_wconf 91' lang='lat' dir='ltr'><strong>nisi</strong></span> <span class='ocrx_word' id='word_1_176' title='bbox 1470 2488 1652 2543; x_wconf 73' lang='lat' dir='ltr'><strong>Caesar</strong></span> <span class='ocrx_word' id='word_1_177' title='bbox 1690 2488 1830 2542; x_wconf 88' lang='lat' dir='ltr'><strong>intra</strong></span> <span class='ocrx_word' id='word_1_178' title='bbox 1857 2503 1983 2543; x_wconf 85' lang='lat' dir='ltr'><strong>cer-</strong></span> 
     </span>
    </p>
   </div>
   <div class='ocr_carea' id='block_1_28' title="bbox 402 2579 1982 2653">
    <p class='ocr_par' dir='ltr' id='par_1_28' title="bbox 402 2579 1982 2653">
     <span class='ocr_line' id='line_1_28' title="bbox 402 2579 1982 2653; baseline 0.001 -19"><span class='ocrx_word' id='word_1_179' title='bbox 402 2592 524 2634; x_wconf 83' lang='lat' dir='ltr'><strong>tum</strong></span> <span class='ocrx_word' id='word_1_180' title='bbox 549 2580 692 2634; x_wconf 92' lang='lat' dir='ltr'><strong>diem</strong></span> <span class='ocrx_word' id='word_1_181' title='bbox 719 2579 952 2648; x_wconf 92' lang='lat' dir='ltr'><strong>imperio</strong></span> <span class='ocrx_word' id='word_1_182' title='bbox 981 2596 1040 2635; x_wconf 90' lang='lat' dir='ltr'><strong>se</strong></span> <span class='ocrx_word' id='word_1_183' title='bbox 1070 2581 1403 2646; x_wconf 86' lang='lat' dir='ltr'><strong>abdicasset,</strong></span> <span class='ocrx_word' id='word_1_184' title='bbox 1440 2581 1652 2636; x_wconf 81' lang='lat' dir='ltr'><strong>hostem</strong></span> <span class='ocrx_word' id='word_1_185' title='bbox 1685 2597 1807 2637; x_wconf 90' lang='lat' dir='ltr'><strong>esse</strong></span> <span class='ocrx_word' id='word_1_186' title='bbox 1833 2582 1982 2653; x_wconf 86' lang='lat' dir='ltr'><strong>judi-</strong></span> 
     </span>
    </p>
   </div>
   <div class='ocr_carea' id='block_1_29' title="bbox 397 2673 1977 2742">
    <p class='ocr_par' dir='ltr' id='par_1_29' title="bbox 397 2673 1977 2742">
     <span class='ocr_line' id='line_1_29' title="bbox 397 2673 1977 2742; baseline 0.001 -16"><span class='ocrx_word' id='word_1_187' title='bbox 397 2673 664 2727; x_wconf 88' lang='lat' dir='ltr'><strong>candum.</strong></span> <span class='ocrx_word' id='word_1_188' title='bbox 705 2673 906 2728; x_wconf 81' lang='lat' dir='ltr'><strong>Verum</strong></span> <span class='ocrx_word' id='word_1_189' title='bbox 949 2673 1192 2727; x_wconf 80' lang='lat' dir='ltr'><strong>Antonio</strong></span> <span class='ocrx_word' id='word_1_190' title='bbox 1232 2675 1560 2742; x_wconf 58' lang='lat' dir='ltr'><strong>exterisque</strong></span> <span class='ocrx_word' id='word_1_191' title='bbox 1584 2673 1816 2729; x_wconf 67' lang='lat' dir='ltr'><strong>Caesaris</strong></span> <span class='ocrx_word' id='word_1_192' title='bbox 1857 2683 1977 2728; x_wconf 91' lang='lat' dir='ltr'><strong>stu-</strong></span> 
     </span>
    </p>
   </div>
   <div class='ocr_carea' id='block_1_30' title="bbox 401 2764 1981 2835">
    <p class='ocr_par' dir='ltr' id='par_1_30' title="bbox 401 2764 1981 2835">
     <span class='ocr_line' id='line_1_30' title="bbox 401 2764 1981 2835; baseline 0.001 -16"><span class='ocrx_word' id='word_1_193' title='bbox 401 2764 580 2820; x_wconf 89' lang='lat' dir='ltr'><strong>diosis</strong></span> <span class='ocrx_word' id='word_1_194' title='bbox 611 2765 1022 2835; x_wconf 87' lang='lat' dir='ltr'><strong>postulantibus</strong></span> <span class='ocrx_word' id='word_1_195' title='bbox 1048 2809 1061 2830; x_wconf 92' lang='lat'><strong>,</strong></span> <span class='ocrx_word' id='word_1_196' title='bbox 1101 2774 1162 2819; x_wconf 93' lang='lat' dir='ltr'><strong>ut</strong></span> <span class='ocrx_word' id='word_1_197' title='bbox 1202 2775 1259 2820; x_wconf 91' lang='lat' dir='ltr'><strong>et</strong></span> <span class='ocrx_word' id='word_1_198' title='bbox 1288 2765 1471 2820; x_wconf 66' lang='lat' dir='ltr'><strong>Caesar</strong></span> <span class='ocrx_word' id='word_1_199' title='bbox 1497 2775 1551 2820; x_wconf 88' lang='lat' dir='ltr'><strong>et</strong></span> <span class='ocrx_word' id='word_1_200' title='bbox 1580 2766 1876 2835; x_wconf 82' lang='lat' dir='ltr'><strong>Pompeius</strong></span> <span class='ocrx_word' id='word_1_201' title='bbox 1905 2767 1981 2820; x_wconf 92' lang='lat' dir='ltr'><strong>si-</strong></span> 
     </span>
    </p>
   </div>
   <div class='ocr_carea' id='block_1_31' title="bbox 404 2856 1980 2930">
    <p class='ocr_par' dir='ltr' id='par_1_31' title="bbox 404 2856 1980 2930">
     <span class='ocr_line' id='line_1_31' title="bbox 404 2856 1980 2930; baseline 0.004 -21"><span class='ocrx_word' id='word_1_202' title='bbox 404 2856 520 2910; x_wconf 90' lang='lat' dir='ltr'><strong>mul</strong></span> <span class='ocrx_word' id='word_1_203' title='bbox 553 2857 968 2927; x_wconf 76' lang='lat' dir='ltr'><strong>magistratibus</strong></span> <span class='ocrx_word' id='word_1_204' title='bbox 991 2857 1232 2922; x_wconf 86' lang='lat' dir='ltr'><strong>abirent,</strong></span> <span class='ocrx_word' id='word_1_205' title='bbox 1265 2873 1384 2912; x_wconf 91' lang='lat' dir='ltr'><strong>eam</strong></span> <span class='ocrx_word' id='word_1_206' title='bbox 1410 2859 1742 2914; x_wconf 85' lang='lat' dir='ltr'><strong>sententiam</strong></span> <span class='ocrx_word' id='word_1_207' title='bbox 1779 2861 1980 2930; x_wconf 87' lang='lat' dir='ltr'><strong>proba-</strong></span> 
     </span>
    </p>
   </div>
   <div class='ocr_carea' id='block_1_32' title="bbox 401 2948 1978 3020">
    <p class='ocr_par' dir='ltr' id='par_1_32' title="bbox 401 2948 1978 3020">
     <span class='ocr_line' id='line_1_32' title="bbox 401 2948 1978 3020; baseline 0.003 -18"><span class='ocrx_word' id='word_1_208' title='bbox 401 2959 538 3002; x_wconf 74' lang='lat' dir='ltr'><strong>runt</strong></span> <span class='ocrx_word' id='word_1_209' title='bbox 585 2965 796 3005; x_wconf 91' lang='lat' dir='ltr'><strong>omnes.</strong></span> <span class='ocrx_word' id='word_1_210' title='bbox 833 2949 939 3004; x_wconf 89' lang='lat' dir='ltr'><strong>Sed</strong></span> <span class='ocrx_word' id='word_1_211' title='bbox 969 2966 1094 3004; x_wconf 92' lang='lat' dir='ltr'><strong>cum</strong></span> <span class='ocrx_word' id='word_1_212' title='bbox 1136 2948 1316 3005; x_wconf 79' lang='lat' dir='ltr'><strong>Caesar</strong></span> <span class='ocrx_word' id='word_1_213' title='bbox 1366 2966 1463 3020; x_wconf 90' lang='lat' dir='ltr'><strong>per</strong></span> <span class='ocrx_word' id='word_1_214' title='bbox 1503 2951 1717 3006; x_wconf 86' lang='lat' dir='ltr'><strong>litteras</strong></span> <span class='ocrx_word' id='word_1_215' title='bbox 1764 2953 1978 3008; x_wconf 72' lang='lat' dir='ltr'><strong>caeteris</strong></span> 
     </span>
    </p>
   </div>
   <div class='ocr_carea' id='block_1_33' title="bbox 400 3038 1974 3109">
    <p class='ocr_par' dir='ltr' id='par_1_33' title="bbox 400 3038 1974 3109">
     <span class='ocr_line' id='line_1_33' title="bbox 400 3038 1974 3109; baseline 0.001 -16"><span class='ocrx_word' id='word_1_216' title='bbox 400 3039 664 3094; x_wconf 89' lang='lat' dir='ltr'><strong>omnibus</strong></span> <span class='ocrx_word' id='word_1_217' title='bbox 696 3039 935 3103; x_wconf 86' lang='lat' dir='ltr'><strong>cedens,</strong></span> <span class='ocrx_word' id='word_1_218' title='bbox 977 3040 1150 3094; x_wconf 87' lang='lat' dir='ltr'><strong>solam</strong></span> <span class='ocrx_word' id='word_1_219' title='bbox 1180 3039 1510 3109; x_wconf 87' lang='lat' dir='ltr'><strong>Cisalpinam</strong></span> <span class='ocrx_word' id='word_1_220' title='bbox 1548 3038 1883 3109; x_wconf 89' lang='lat' dir='ltr'><strong>provinciam</strong></span> <span class='ocrx_word' id='word_1_221' title='bbox 1917 3050 1974 3094; x_wconf 87' lang='lat' dir='ltr'><strong>et</strong></span> 
     </span>
    </p>
   </div>
   <div class='ocr_carea' id='block_1_34' title="bbox 2096 558 3674 630">
    <p class='ocr_par' dir='ltr' id='par_1_34' title="bbox 2096 558 3674 630">
     <span class='ocr_line' id='line_1_34' title="bbox 2096 558 3674 630; baseline 0.003 -20"><span class='ocrx_word' id='word_1_222' title='bbox 2096 558 2364 622; x_wconf 73' lang='grc' dir='ltr'>κλύδωνος</span> <span class='ocrx_word' id='word_1_223' title='bbox 2400 561 2495 612; x_wconf 65' lang='grc' dir='ltr'><strong>καὶ</strong></span> <span class='ocrx_word' id='word_1_224' title='bbox 2525 562 2598 628; x_wconf 86' lang='grc' dir='ltr'>μή</span> <span class='ocrx_word' id='word_1_225' title='bbox 2627 578 2677 612; x_wconf 89' lang='grc' dir='ltr'>τι</span> <span class='ocrx_word' id='word_1_226' title='bbox 2696 565 2876 630; x_wconf 84' lang='grc' dir='ltr'>χεῖρον</span> <span class='ocrx_word' id='word_1_227' title='bbox 2900 559 3188 630; x_wconf 86' lang='grc' dir='ltr'>περισταίη</span> <span class='ocrx_word' id='word_1_228' title='bbox 3215 559 3278 611; x_wconf 81' lang='grc' dir='ltr'><strong>τὸ</strong></span> <span class='ocrx_word' id='word_1_229' title='bbox 3308 561 3405 628; x_wconf 78' lang='grc' dir='ltr'>τῆς</span> <span class='ocrx_word' id='word_1_230' title='bbox 3447 563 3674 629; x_wconf 81' lang='grc' dir='ltr'>Ῥώμης</span> 
     </span>
    </p>
   </div>
   <div class='ocr_carea' id='block_1_35' title="bbox 2096 647 3674 722">
    <p class='ocr_par' dir='ltr' id='par_1_35' title="bbox 2096 647 3674 722">
     <span class='ocr_line' id='line_1_35' title="bbox 2096 647 3674 722; baseline 0.001 -20"><span class='ocrx_word' id='word_1_231' title='bbox 2096 650 2416 720; x_wconf 79' lang='grc' dir='ltr'>πολίτευμα,</span> <span class='ocrx_word' id='word_1_232' title='bbox 2442 651 2706 719; x_wconf 44' lang='grc' dir='ltr'>ώλᾶλλως</span> <span class='ocrx_word' id='word_1_233' title='bbox 2726 653 2999 720; x_wconf 81' lang='grc' dir='ltr'><strong>ἀνήκεστα</strong></span> <span class='ocrx_word' id='word_1_234' title='bbox 3019 653 3242 722; x_wconf 43' lang='grc' dir='ltr'>σφίσιν]</span> <span class='ocrx_word' id='word_1_235' title='bbox 3257 647 3399 704; x_wconf 76' lang='grc' dir='ltr'>εἶναι</span> <span class='ocrx_word' id='word_1_236' title='bbox 3439 651 3504 704; x_wconf 73' lang='grc' dir='ltr'>τὰ</span> <span class='ocrx_word' id='word_1_237' title='bbox 3531 653 3674 722; x_wconf 71' lang='grc' dir='ltr'>πρά·</span> 
     </span>
    </p>
   </div>
   <div class='ocr_carea' id='block_1_36' title="bbox 2093 741 3675 813">
    <p class='ocr_par' dir='ltr' id='par_1_36' title="bbox 2093 741 3675 813">
     <span class='ocr_line' id='line_1_36' title="bbox 2093 741 3675 813; baseline 0.001 -19"><span class='ocrx_word' id='word_1_238' title='bbox 2093 759 2315 810; x_wconf 74' lang='grc' dir='ltr'>γματα*</span> <span class='ocrx_word' id='word_1_239' title='bbox 2351 743 2546 813; x_wconf 82' lang='grc' dir='ltr'>χρῆναι</span> <span class='ocrx_word' id='word_1_240' title='bbox 2604 743 2660 796; x_wconf 76' lang='grc' dir='ltr'>δὲ</span> <span class='ocrx_word' id='word_1_241' title='bbox 2696 741 2789 795; x_wconf 82' lang='grc' dir='ltr'>τοῦ</span> <span class='ocrx_word' id='word_1_242' title='bbox 2826 743 3134 813; x_wconf 79' lang='grc' dir='ltr'>πραοτάτου</span> <span class='ocrx_word' id='word_1_243' title='bbox 3167 742 3280 795; x_wconf 82' lang='grc' dir='ltr'><strong>τῶν</strong></span> <span class='ocrx_word' id='word_1_244' title='bbox 3317 742 3516 812; x_wconf 77' lang='grc' dir='ltr'>ἰατρῶν</span> <span class='ocrx_word' id='word_1_245' title='bbox 3539 743 3675 795; x_wconf 78' lang='grc' dir='ltr'><strong>ἀνέ-</strong></span> 
     </span>
    </p>
   </div>
   <div class='ocr_carea' id='block_1_37' title="bbox 2093 835 3674 906">
    <p class='ocr_par' dir='ltr' id='par_1_37' title="bbox 2093 835 3674 906">
     <span class='ocr_line' id='line_1_37' title="bbox 2093 835 3674 906; baseline -0.001 -18"><span class='ocrx_word' id='word_1_246' title='bbox 2093 837 2284 904; x_wconf 84' lang='grc' dir='ltr'>χεσθαι</span> <span class='ocrx_word' id='word_1_247' title='bbox 2306 836 2366 888; x_wconf 82' lang='grc' dir='ltr'><strong>τὸ</strong></span> <span class='ocrx_word' id='word_1_248' title='bbox 2391 835 2562 898; x_wconf 81' lang='grc' dir='ltr'>πάθος</span> <span class='ocrx_word' id='word_1_249' title='bbox 2587 837 2737 888; x_wconf 76' lang='grc' dir='ltr'>τουτὶ</span> <span class='ocrx_word' id='word_1_250' title='bbox 2768 837 3237 906; x_wconf 79' lang='grc' dir='ltr'><strong>φαρμακεύοντος,</strong></span> <span class='ocrx_word' id='word_1_251' title='bbox 3274 836 3674 905; x_wconf 72' lang='grc' dir='ltr'><strong>ὑποδηλοῦντες</strong></span> 
     </span>
    </p>
   </div>
   <div class='ocr_carea' id='block_1_38' title="bbox 2091 926 3672 998">
    <p class='ocr_par' dir='ltr' id='par_1_38' title="bbox 2091 926 3672 998">
     <span class='ocr_line' id='line_1_38' title="bbox 2091 926 3672 998; baseline 0 -20"><span class='ocrx_word' id='word_1_252' title='bbox 2091 926 2154 994; x_wconf 81' lang='grc' dir='ltr'>δὴ</span> <span class='ocrx_word' id='word_1_253' title='bbox 2203 927 2293 978; x_wconf 76' lang='grc' dir='ltr'><strong>τὸν</strong></span> <span class='ocrx_word' id='word_1_254' title='bbox 2359 927 2664 996; x_wconf 82' lang='grc' dir='ltr'>Πομπήϊον.</span> <span class='ocrx_word' id='word_1_255' title='bbox 2713 928 2982 990; x_wconf 80' lang='grc' dir='ltr'>Κάκεῖνος</span> <span class='ocrx_word' id='word_1_256' title='bbox 3010 929 3217 998; x_wconf 79' lang='grc' dir='ltr'>μέντοι,</span> <span class='ocrx_word' id='word_1_257' title='bbox 3273 928 3322 979; x_wconf 79' lang='grc' dir='ltr'><strong>εί</strong></span> <span class='ocrx_word' id='word_1_258' title='bbox 3373 927 3466 980; x_wconf 76' lang='grc' dir='ltr'>καὶ</span> <span class='ocrx_word' id='word_1_259' title='bbox 3519 927 3672 996; x_wconf 81' lang='grc' dir='ltr'>λόγῳ</span> 
     </span>
    </p>
   </div>
   <div class='ocr_carea' id='block_1_39' title="bbox 2095 1011 3672 1089">
    <p class='ocr_par' dir='ltr' id='par_1_39' title="bbox 2095 1011 3672 1089">
     <span class='ocr_line' id='line_1_39' title="bbox 2095 1011 3672 1089; baseline -0.001 -19"><span class='ocrx_word' id='word_1_260' title='bbox 2095 1016 2486 1087; x_wconf 83' lang='grc' dir='ltr'>παραιτεῖσθαι</span> <span class='ocrx_word' id='word_1_261' title='bbox 2514 1017 2613 1087; x_wconf 84' lang='grc' dir='ltr'>τὴν</span> <span class='ocrx_word' id='word_1_262' title='bbox 2642 1017 2818 1087; x_wconf 85' lang='grc' dir='ltr'>ἀρχὴν</span> <span class='ocrx_word' id='word_1_263' title='bbox 2868 1018 3216 1089; x_wconf 75' lang='grc' dir='ltr'>ὑπεκρίνετο,</span> <span class='ocrx_word' id='word_1_264' title='bbox 3244 1017 3360 1070; x_wconf 75' lang='grc' dir='ltr'>ἀλλ’</span> <span class='ocrx_word' id='word_1_265' title='bbox 3385 1011 3467 1080; x_wconf 76' lang='grc' dir='ltr'><strong>οἷς</strong></span> <span class='ocrx_word' id='word_1_266' title='bbox 3492 1015 3672 1070; x_wconf 73' lang='grc' dir='ltr'>ἐποίει</span> 
     </span>
    </p>
   </div>
   <div class='ocr_carea' id='block_1_40' title="bbox 2092 1109 3673 1181">
    <p class='ocr_par' dir='ltr' id='par_1_40' title="bbox 2092 1109 3673 1181">
     <span class='ocr_line' id='line_1_40' title="bbox 2092 1109 3673 1181; baseline 0.003 -20"><span class='ocrx_word' id='word_1_267' title='bbox 2092 1110 2322 1162; x_wconf 79' lang='grc' dir='ltr'>ἔσπευδε</span> <span class='ocrx_word' id='word_1_268' title='bbox 2367 1110 2640 1180; x_wconf 79' lang='grc' dir='ltr'><strong>δικτάτωρ</strong></span> <span class='ocrx_word' id='word_1_269' title='bbox 2673 1110 3186 1181; x_wconf 81' lang='grc' dir='ltr'>άναδειχθήσεσθαι.</span> <span class='ocrx_word' id='word_1_270' title='bbox 3234 1111 3352 1164; x_wconf 85' lang='grc' dir='ltr'>Ἵνα</span> <span class='ocrx_word' id='word_1_271' title='bbox 3402 1110 3535 1177; x_wconf 83' lang='grc' dir='ltr'>γοῦν</span> <span class='ocrx_word' id='word_1_272' title='bbox 3590 1109 3673 1180; x_wconf 76' lang='grc' dir='ltr'>μὴ</span> 
     </span>
    </p>
   </div>
   <div class='ocr_carea' id='block_1_41' title="bbox 2101 1200 3671 1271">
    <p class='ocr_par' dir='ltr' id='par_1_41' title="bbox 2101 1200 3671 1271">
     <span class='ocr_line' id='line_1_41' title="bbox 2101 1200 3671 1271; baseline -0.001 -18"><span class='ocrx_word' id='word_1_273' title='bbox 2101 1201 2356 1270; x_wconf 87' lang='grc' dir='ltr'>βιάσαιτο</span> <span class='ocrx_word' id='word_1_274' title='bbox 2383 1201 2725 1271; x_wconf 69' lang='grc' dir='ltr'><strong>ψηφισθῆναι</strong></span> <span class='ocrx_word' id='word_1_275' title='bbox 2761 1202 3056 1271; x_wconf 83' lang='grc' dir='ltr'>δικτάτωρ,</span> <span class='ocrx_word' id='word_1_276' title='bbox 3092 1200 3301 1256; x_wconf 77' lang='grc' dir='ltr'>ὕπατον</span> <span class='ocrx_word' id='word_1_277' title='bbox 3318 1201 3482 1254; x_wconf 73' lang='grc' dir='ltr'>αὑτὸν</span> <span class='ocrx_word' id='word_1_278' title='bbox 3503 1201 3671 1269; x_wconf 83' lang='grc' dir='ltr'>μόνον</span> 
     </span>
    </p>
   </div>
   <div class='ocr_carea' id='block_1_42' title="bbox 2090 1292 3670 1364">
    <p class='ocr_par' dir='ltr' id='par_1_42' title="bbox 2090 1292 3670 1364">
     <span class='ocr_line' id='line_1_42' title="bbox 2090 1292 3670 1364; baseline -0.002 -19"><span class='ocrx_word' id='word_1_279' title='bbox 2090 1295 2123 1364; x_wconf 79' lang='grc' dir='ltr'><strong>η</strong></span> <span class='ocrx_word' id='word_1_280' title='bbox 2151 1292 2410 1362; x_wconf 80' lang='grc' dir='ltr'>γερουσία</span> <span class='ocrx_word' id='word_1_281' title='bbox 2443 1293 2780 1363; x_wconf 71' lang='grc' dir='ltr'>προύϐάλετο</span> <span class='ocrx_word' id='word_1_282' title='bbox 2805 1295 2870 1363; x_wconf 75' lang='grc' dir='ltr'>τῇ</span> <span class='ocrx_word' id='word_1_283' title='bbox 2909 1292 3178 1364; x_wconf 73' lang='grc' dir='ltr'>μοναρχία</span> <span class='ocrx_word' id='word_1_284' title='bbox 3200 1293 3670 1363; x_wconf 80' lang='grc' dir='ltr'>παρηγορουμένῃ</span> 
     </span>
    </p>
   </div>
   <div class='ocr_carea' id='block_1_43' title="bbox 2087 1383 3671 1453">
    <p class='ocr_par' dir='ltr' id='par_1_43' title="bbox 2087 1383 3671 1453">
     <span class='ocr_line' id='line_1_43' title="bbox 2087 1383 3671 1453; baseline -0.004 -15"><span class='ocrx_word' id='word_1_285' title='bbox 2087 1384 2280 1438; x_wconf 89' lang='grc' dir='ltr'>τούτου</span> <span class='ocrx_word' id='word_1_286' title='bbox 2331 1385 2432 1453; x_wconf 82' lang='grc' dir='ltr'><strong>τὴν</strong></span> <span class='ocrx_word' id='word_1_287' title='bbox 2477 1383 2685 1452; x_wconf 65' lang='grc' dir='ltr'>ἔφεσιν.</span> <span class='ocrx_word' id='word_1_288' title='bbox 2726 1385 2821 1437; x_wconf 86' lang='grc' dir='ltr'>Ἐκ</span> <span class='ocrx_word' id='word_1_289' title='bbox 2864 1383 3055 1437; x_wconf 91' lang='grc' dir='ltr'>τούτου</span> <span class='ocrx_word' id='word_1_290' title='bbox 3120 1384 3412 1453; x_wconf 79' lang='grc' dir='ltr'>πέμπωνό</span> <span class='ocrx_word' id='word_1_291' title='bbox 3447 1384 3671 1452; x_wconf 78' lang='grc' dir='ltr'>Καῖσαρ</span> 
     </span>
    </p>
   </div>
   <div class='ocr_carea' id='block_1_44' title="bbox 2089 1473 3676 1546">
    <p class='ocr_par' dir='ltr' id='par_1_44' title="bbox 2089 1473 3676 1546">
     <span class='ocr_line' id='line_1_44' title="bbox 2089 1473 3676 1546; baseline -0.003 -18"><span class='ocrx_word' id='word_1_292' title='bbox 2089 1477 2184 1530; x_wconf 77' lang='grc' dir='ltr'><strong>καὶ</strong></span> <span class='ocrx_word' id='word_1_293' title='bbox 2207 1475 2370 1539; x_wconf 67' lang='grc' dir='ltr'>αὐτὸς</span> <span class='ocrx_word' id='word_1_294' title='bbox 2401 1477 2492 1528; x_wconf 74' lang='grc' dir='ltr'><strong>ἐπὶ</strong></span> <span class='ocrx_word' id='word_1_295' title='bbox 2530 1475 2798 1528; x_wconf 75' lang='grc' dir='ltr'>ὑπατείαν</span> <span class='ocrx_word' id='word_1_296' title='bbox 2830 1473 3234 1546; x_wconf 83' lang='grc' dir='ltr'>παρήγγελλεν.</span> <span class='ocrx_word' id='word_1_297' title='bbox 3283 1473 3676 1541; x_wconf 79' lang='grc' dir='ltr'>Ἐναντιουμέ-</span> 
     </span>
    </p>
   </div>
   <div class='ocr_carea' id='block_1_45' title="bbox 2088 1565 3669 1638">
    <p class='ocr_par' dir='ltr' id='par_1_45' title="bbox 2088 1565 3669 1638">
     <span class='ocr_line' id='line_1_45' title="bbox 2088 1565 3669 1638; baseline -0.003 -16"><span class='ocrx_word' id='word_1_298' title='bbox 2088 1586 2196 1622; x_wconf 87' lang='grc' dir='ltr'><strong>νων</strong></span> <span class='ocrx_word' id='word_1_299' title='bbox 2217 1568 2261 1621; x_wconf 80' lang='grc' dir='ltr'>δ’</span> <span class='ocrx_word' id='word_1_300' title='bbox 2293 1565 2522 1638; x_wconf 87' lang='grc' dir='ltr'>ἐτέρων,</span> <span class='ocrx_word' id='word_1_301' title='bbox 2553 1565 2765 1619; x_wconf 79' lang='grc' dir='ltr'>ἐσιώπα</span> <span class='ocrx_word' id='word_1_302' title='bbox 2813 1567 3122 1636; x_wconf 76' lang='grc' dir='ltr'>Πομπήῖος.</span> <span class='ocrx_word' id='word_1_303' title='bbox 3181 1566 3268 1628; x_wconf 85' lang='grc' dir='ltr'>Ὠς</span> <span class='ocrx_word' id='word_1_304' title='bbox 3293 1565 3349 1618; x_wconf 88' lang='grc' dir='ltr'><strong>δέ</strong></span> <span class='ocrx_word' id='word_1_305' title='bbox 3388 1567 3416 1617; x_wconf 84' lang='grc' dir='ltr'>ὁ</span> <span class='ocrx_word' id='word_1_306' title='bbox 3445 1567 3669 1634; x_wconf 77' lang='grc' dir='ltr'>Καῖσαρ</span> 
     </span>
    </p>
   </div>
   <div class='ocr_carea' id='block_1_46' title="bbox 2088 1657 3672 1728">
    <p class='ocr_par' dir='ltr' id='par_1_46' title="bbox 2088 1657 3672 1728">
     <span class='ocr_line' id='line_1_46' title="bbox 2088 1657 3672 1728; baseline -0.001 -16"><span class='ocrx_word' id='word_1_307' title='bbox 2088 1661 2318 1722; x_wconf 64' lang='grc' dir='ltr'>πολλοὺς</span> <span class='ocrx_word' id='word_1_308' title='bbox 2346 1659 2412 1712; x_wconf 72' lang='grc' dir='ltr'><strong>τά</strong></span> <span class='ocrx_word' id='word_1_309' title='bbox 2445 1659 2608 1713; x_wconf 75' lang='grc' dir='ltr'>αὑτοῦ</span> <span class='ocrx_word' id='word_1_310' title='bbox 2656 1661 2872 1728; x_wconf 81' lang='grc' dir='ltr'>φρονεῖν</span> <span class='ocrx_word' id='word_1_311' title='bbox 2904 1659 3156 1713; x_wconf 79' lang='grc' dir='ltr'>ἀνέπεισε</span> <span class='ocrx_word' id='word_1_312' title='bbox 3186 1659 3455 1728; x_wconf 85' lang='grc' dir='ltr'>χρήμασι,</span> <span class='ocrx_word' id='word_1_313' title='bbox 3475 1657 3672 1721; x_wconf 76' lang='grc' dir='ltr'>δείσας</span> 
     </span>
    </p>
   </div>
   <div class='ocr_carea' id='block_1_47' title="bbox 2089 1749 3672 1820">
    <p class='ocr_par' dir='ltr' id='par_1_47' title="bbox 2089 1749 3672 1820">
     <span class='ocr_line' id='line_1_47' title="bbox 2089 1749 3672 1820; baseline -0.001 -16"><span class='ocrx_word' id='word_1_314' title='bbox 2089 1751 2186 1819; x_wconf 75' lang='grc' dir='ltr'>τὴν</span> <span class='ocrx_word' id='word_1_315' title='bbox 2228 1751 2485 1805; x_wconf 89' lang='grc' dir='ltr'>σύστασιν</span> <span class='ocrx_word' id='word_1_316' title='bbox 2511 1752 2538 1803; x_wconf 85' lang='grc' dir='ltr'><strong>ό</strong></span> <span class='ocrx_word' id='word_1_317' title='bbox 2563 1754 2863 1820; x_wconf 78' lang='grc' dir='ltr'>Πομπήϊος,</span> <span class='ocrx_word' id='word_1_318' title='bbox 2890 1750 3195 1816; x_wconf 71' lang='grc' dir='ltr'>ἀναφανδὸν</span> <span class='ocrx_word' id='word_1_319' title='bbox 3247 1750 3316 1803; x_wconf 85' lang='grc' dir='ltr'>δι’</span> <span class='ocrx_word' id='word_1_320' title='bbox 3350 1749 3551 1803; x_wconf 79' lang='grc' dir='ltr'>ἐαυτοῦ</span> <span class='ocrx_word' id='word_1_321' title='bbox 3568 1750 3672 1803; x_wconf 81' lang='grc' dir='ltr'><strong>καὶ</strong></span> 
     </span>
    </p>
   </div>
   <div class='ocr_carea' id='block_1_48' title="bbox 2083 1840 3672 1913">
    <p class='ocr_par' dir='ltr' id='par_1_48' title="bbox 2083 1840 3672 1913">
     <span class='ocr_line' id='line_1_48' title="bbox 2083 1840 3672 1913; baseline -0.003 -16"><span class='ocrx_word' id='word_1_322' title='bbox 2083 1849 2191 1898; x_wconf 77' lang='grc' dir='ltr'>τῶν</span> <span class='ocrx_word' id='word_1_323' title='bbox 2232 1843 2402 1913; x_wconf 83' lang='grc' dir='ltr'>φίλων</span> <span class='ocrx_word' id='word_1_324' title='bbox 2438 1842 2890 1912; x_wconf 74' lang='grc' dir='ltr'>ἐπραγματεύετο</span> <span class='ocrx_word' id='word_1_325' title='bbox 2949 1840 3235 1908; x_wconf 74' lang='grc' dir='ltr'>παυθῆναι</span> <span class='ocrx_word' id='word_1_326' title='bbox 3279 1842 3373 1893; x_wconf 75' lang='grc' dir='ltr'>τὸν</span> <span class='ocrx_word' id='word_1_327' title='bbox 3405 1841 3672 1909; x_wconf 81' lang='grc' dir='ltr'>Καίσαρα</span> 
     </span>
    </p>
   </div>
   <div class='ocr_carea' id='block_1_49' title="bbox 2081 1927 3672 2006">
    <p class='ocr_par' dir='ltr' id='par_1_49' title="bbox 2081 1927 3672 2006">
     <span class='ocr_line' id='line_1_49' title="bbox 2081 1927 3672 2006; baseline -0.003 -18"><span class='ocrx_word' id='word_1_328' title='bbox 2081 1937 2178 2004; x_wconf 78' lang='grc' dir='ltr'>τῆς</span> <span class='ocrx_word' id='word_1_329' title='bbox 2242 1935 2420 2006; x_wconf 79' lang='grc' dir='ltr'>ἀρχῆς</span> <span class='ocrx_word' id='word_1_330' title='bbox 2451 1977 2466 2001; x_wconf 90' lang='grc'><strong>,</strong></span> <span class='ocrx_word' id='word_1_331' title='bbox 2517 1935 2893 2005; x_wconf 69' lang='grc' dir='ltr'>ψηφιζόμενος</span> <span class='ocrx_word' id='word_1_332' title='bbox 2959 1927 3036 1986; x_wconf 84' lang='grc' dir='ltr'>ὧν</span> <span class='ocrx_word' id='word_1_333' title='bbox 3088 1934 3296 1995; x_wconf 87' lang='grc' dir='ltr'>ἐκεῖνος</span> <span class='ocrx_word' id='word_1_334' title='bbox 3360 1932 3474 1985; x_wconf 76' lang='grc' dir='ltr'>οὐδ’</span> <span class='ocrx_word' id='word_1_335' title='bbox 3526 1931 3672 1995; x_wconf 80' lang='grc' dir='ltr'>ὅλως</span> 
     </span>
    </p>
   </div>
   <div class='ocr_carea' id='block_1_50' title="bbox 2082 2022 3670 2094">
    <p class='ocr_par' dir='ltr' id='par_1_50' title="bbox 2082 2022 3670 2094">
     <span class='ocr_line' id='line_1_50' title="bbox 2082 2022 3670 2094; baseline -0.004 -15"><span class='ocrx_word' id='word_1_336' title='bbox 2082 2025 2417 2094; x_wconf 61' lang='grc' dir='ltr'>ἐφρόντιζεν.</span> <span class='ocrx_word' id='word_1_337' title='bbox 2487 2022 2665 2088; x_wconf 81' lang='grc' dir='ltr'>Ἢξίου</span> <span class='ocrx_word' id='word_1_338' title='bbox 2698 2024 2755 2076; x_wconf 83' lang='grc' dir='ltr'><strong>δέ</strong></span> <span class='ocrx_word' id='word_1_339' title='bbox 2795 2027 2820 2074; x_wconf 81' lang='grc' dir='ltr'>ὁ</span> <span class='ocrx_word' id='word_1_340' title='bbox 2849 2024 3067 2093; x_wconf 79' lang='grc' dir='ltr'>Καῖσαρ</span> <span class='ocrx_word' id='word_1_341' title='bbox 3127 2022 3292 2074; x_wconf 76' lang='grc' dir='ltr'>αὐτόν</span> <span class='ocrx_word' id='word_1_342' title='bbox 3326 2039 3383 2072; x_wconf 85' lang='grc' dir='ltr'>τε</span> <span class='ocrx_word' id='word_1_343' title='bbox 3421 2022 3538 2088; x_wconf 78' lang='grc' dir='ltr'><strong>ἅμα</strong></span> <span class='ocrx_word' id='word_1_344' title='bbox 3567 2023 3670 2074; x_wconf 81' lang='grc' dir='ltr'>καὶ</span> 
     </span>
    </p>
   </div>
   <div class='ocr_carea' id='block_1_51' title="bbox 2082 2111 3670 2186">
    <p class='ocr_par' dir='ltr' id='par_1_51' title="bbox 2082 2111 3670 2186">
     <span class='ocr_line' id='line_1_51' title="bbox 2082 2111 3670 2186; baseline -0.004 -16"><span class='ocrx_word' id='word_1_345' title='bbox 2082 2117 2171 2171; x_wconf 68' lang='grc' dir='ltr'>τὸν</span> <span class='ocrx_word' id='word_1_346' title='bbox 2205 2118 2488 2186; x_wconf 80' lang='grc' dir='ltr'>Πομπήϊον</span> <span class='ocrx_word' id='word_1_347' title='bbox 2526 2115 2937 2184; x_wconf 81' lang='grc' dir='ltr'>καταθεμένους</span> <span class='ocrx_word' id='word_1_348' title='bbox 2959 2116 3024 2166; x_wconf 70' lang='grc' dir='ltr'>τὰ</span> <span class='ocrx_word' id='word_1_349' title='bbox 3053 2115 3194 2166; x_wconf 84' lang='grc' dir='ltr'>ὅπλα</span> <span class='ocrx_word' id='word_1_350' title='bbox 3222 2111 3530 2166; x_wconf 81' lang='grc' dir='ltr'>ίδιωτεῦσαι</span> <span class='ocrx_word' id='word_1_351' title='bbox 3568 2112 3670 2166; x_wconf 84' lang='grc' dir='ltr'>καὶ</span> 
     </span>
    </p>
   </div>
   <div class='ocr_carea' id='block_1_52' title="bbox 2081 2205 3660 2280">
    <p class='ocr_par' dir='ltr' id='par_1_52' title="bbox 2081 2205 3660 2280">
     <span class='ocr_line' id='line_1_52' title="bbox 2081 2205 3660 2280; baseline -0.005 -16"><span class='ocrx_word' id='word_1_352' title='bbox 2081 2213 2267 2280; x_wconf 79' lang='grc' dir='ltr'>ἄμφω.</span> <span class='ocrx_word' id='word_1_353' title='bbox 2325 2212 2385 2262; x_wconf 83' lang='lat' dir='ltr'><strong>Ei</strong></span> <span class='ocrx_word' id='word_1_354' title='bbox 2419 2209 2462 2262; x_wconf 77' lang='grc' dir='ltr'>δ’</span> <span class='ocrx_word' id='word_1_355' title='bbox 2497 2209 2659 2264; x_wconf 71' lang='grc' dir='ltr'>αὐτὸν</span> <span class='ocrx_word' id='word_1_356' title='bbox 2715 2209 2815 2278; x_wconf 80' lang='grc' dir='ltr'><strong>μὲν</strong></span> <span class='ocrx_word' id='word_1_357' title='bbox 2870 2207 3239 2277; x_wconf 68' lang='grc' dir='ltr'>ἀφαιροῦνται</span> <span class='ocrx_word' id='word_1_358' title='bbox 3290 2206 3388 2277; x_wconf 75' lang='grc' dir='ltr'>τὴν</span> <span class='ocrx_word' id='word_1_359' title='bbox 3448 2205 3660 2276; x_wconf 75' lang='grc' dir='ltr'>ἀρχὴν,</span> 
     </span>
    </p>
   </div>
   <div class='ocr_carea' id='block_1_53' title="bbox 2082 2298 3668 2374">
    <p class='ocr_par' dir='ltr' id='par_1_53' title="bbox 2082 2298 3668 2374">
     <span class='ocr_line' id='line_1_53' title="bbox 2082 2298 3668 2374; baseline -0.003 -19"><span class='ocrx_word' id='word_1_360' title='bbox 2082 2304 2278 2374; x_wconf 77' lang='grc' dir='ltr'>ἐκείνῳ</span> <span class='ocrx_word' id='word_1_361' title='bbox 2311 2303 2368 2355; x_wconf 74' lang='grc' dir='ltr'>δὲ</span> <span class='ocrx_word' id='word_1_362' title='bbox 2430 2301 2736 2372; x_wconf 82' lang='grc' dir='ltr'>βεῦαιοῦσι,</span> <span class='ocrx_word' id='word_1_363' title='bbox 2783 2302 2874 2352; x_wconf 66' lang='grc' dir='ltr'>τὸν</span> <span class='ocrx_word' id='word_1_364' title='bbox 2927 2301 3118 2368; x_wconf 82' lang='grc' dir='ltr'>ἓτερον</span> <span class='ocrx_word' id='word_1_365' title='bbox 3185 2298 3668 2363; x_wconf 73' lang='grc' dir='ltr'>κατασκευάζουσι</span> 
     </span>
    </p>
   </div>
   <div class='ocr_carea' id='block_1_54' title="bbox 2081 2393 3668 2464">
    <p class='ocr_par' dir='ltr' id='par_1_54' title="bbox 2081 2393 3668 2464">
     <span class='ocr_line' id='line_1_54' title="bbox 2081 2393 3668 2464; baseline -0.001 -16"><span class='ocrx_word' id='word_1_366' title='bbox 2081 2395 2364 2464; x_wconf 84' lang='grc' dir='ltr'>τύραννον.</span> <span class='ocrx_word' id='word_1_367' title='bbox 2400 2397 2632 2462; x_wconf 80' lang='grc' dir='ltr'>Λέγεται</span> <span class='ocrx_word' id='word_1_368' title='bbox 2666 2395 2722 2447; x_wconf 79' lang='grc' dir='ltr'>δέ</span> <span class='ocrx_word' id='word_1_369' title='bbox 2749 2411 2871 2447; x_wconf 88' lang='grc' dir='ltr'>τινα</span> <span class='ocrx_word' id='word_1_370' title='bbox 2894 2393 3002 2446; x_wconf 80' lang='grc' dir='ltr'>τῶν</span> <span class='ocrx_word' id='word_1_371' title='bbox 3043 2393 3193 2462; x_wconf 76' lang='grc' dir='ltr'>παρὰ</span> <span class='ocrx_word' id='word_1_372' title='bbox 3219 2393 3495 2462; x_wconf 81' lang='grc' dir='ltr'>Καίσαρος</span> <span class='ocrx_word' id='word_1_373' title='bbox 3533 2409 3668 2446; x_wconf 78' lang='grc' dir='ltr'>στα-</span> 
     </span>
    </p>
   </div>
   <div class='ocr_carea' id='block_1_55' title="bbox 2081 2487 3667 2558">
    <p class='ocr_par' dir='ltr' id='par_1_55' title="bbox 2081 2487 3667 2558">
     <span class='ocr_line' id='line_1_55' title="bbox 2081 2487 3667 2558; baseline -0.003 -16"><span class='ocrx_word' id='word_1_374' title='bbox 2081 2489 2281 2543; x_wconf 79' lang='grc' dir='ltr'>λέντων</span> <span class='ocrx_word' id='word_1_375' title='bbox 2308 2489 2640 2558; x_wconf 79' lang='grc' dir='ltr'>ταξιαρχῶν,</span> <span class='ocrx_word' id='word_1_376' title='bbox 2695 2488 2938 2557; x_wconf 78' lang='grc' dir='ltr'>μαθόντα</span> <span class='ocrx_word' id='word_1_377' title='bbox 2985 2488 3060 2557; x_wconf 82' lang='grc' dir='ltr'>μὴ</span> <span class='ocrx_word' id='word_1_378' title='bbox 3101 2487 3303 2540; x_wconf 81' lang='grc' dir='ltr'>διδόναι</span> <span class='ocrx_word' id='word_1_379' title='bbox 3327 2487 3425 2554; x_wconf 78' lang='grc' dir='ltr'>τὴν</span> <span class='ocrx_word' id='word_1_380' title='bbox 3462 2503 3667 2554; x_wconf 85' lang='grc' dir='ltr'>γερου-</span> 
     </span>
    </p>
   </div>
   <div class='ocr_carea' id='block_1_56' title="bbox 2084 2579 3660 2652">
    <p class='ocr_par' dir='ltr' id='par_1_56' title="bbox 2084 2579 3660 2652">
     <span class='ocr_line' id='line_1_56' title="bbox 2084 2579 3660 2652; baseline -0.003 -17"><span class='ocrx_word' id='word_1_381' title='bbox 2084 2584 2206 2636; x_wconf 81' lang='grc' dir='ltr'>σεαν</span> <span class='ocrx_word' id='word_1_382' title='bbox 2244 2585 2342 2650; x_wconf 77' lang='grc' dir='ltr'><strong>τῆς</strong></span> <span class='ocrx_word' id='word_1_383' title='bbox 2391 2584 2564 2652; x_wconf 84' lang='grc' dir='ltr'>ἀρχῆς</span> <span class='ocrx_word' id='word_1_384' title='bbox 2617 2582 2806 2652; x_wconf 79' lang='grc' dir='ltr'>χρόνον</span> <span class='ocrx_word' id='word_1_385' title='bbox 2854 2581 2933 2649; x_wconf 80' lang='grc' dir='ltr'>τῷ</span> <span class='ocrx_word' id='word_1_386' title='bbox 2967 2581 3228 2650; x_wconf 78' lang='grc' dir='ltr'>Καίσαρι,</span> <span class='ocrx_word' id='word_1_387' title='bbox 3271 2580 3426 2634; x_wconf 70' lang='grc' dir='ltr'><strong>Ἀλλ’</strong></span> <span class='ocrx_word' id='word_1_388' title='bbox 3476 2579 3660 2642; x_wconf 81' lang='grc' dir='ltr'>αὕτη,</span> 
     </span>
    </p>
   </div>
   <div class='ocr_carea' id='block_1_57' title="bbox 2083 2670 3666 2744">
    <p class='ocr_par' dir='ltr' id='par_1_57' title="bbox 2083 2670 3666 2744">
     <span class='ocr_line' id='line_1_57' title="bbox 2083 2670 3666 2744; baseline -0.005 -16"><span class='ocrx_word' id='word_1_389' title='bbox 2083 2676 2271 2744; x_wconf 76' lang='grc' dir='ltr'>φάναι,</span> <span class='ocrx_word' id='word_1_390' title='bbox 2304 2673 2506 2734; x_wconf 81' lang='grc' dir='ltr'>δώσει.</span> <span class='ocrx_word' id='word_1_391' title='bbox 2540 2673 2853 2744; x_wconf 74' lang='grc' dir='ltr'>κρούσαντα</span> <span class='ocrx_word' id='word_1_392' title='bbox 2883 2676 2948 2743; x_wconf 83' lang='grc' dir='ltr'><strong>τῇ</strong></span> <span class='ocrx_word' id='word_1_393' title='bbox 2986 2674 3133 2743; x_wconf 78' lang='grc' dir='ltr'>χειρὶ</span> <span class='ocrx_word' id='word_1_394' title='bbox 3184 2674 3287 2740; x_wconf 73' lang='grc' dir='ltr'><strong>τὴν</strong></span> <span class='ocrx_word' id='word_1_395' title='bbox 3322 2670 3417 2723; x_wconf 77' lang='grc' dir='ltr'><strong>τοῦ</strong></span> <span class='ocrx_word' id='word_1_396' title='bbox 3475 2670 3666 2738; x_wconf 63' lang='grc' dir='ltr'>ξίφους</span> 
     </span>
    </p>
   </div>
   <div class='ocr_carea' id='block_1_58' title="bbox 2083 2766 3662 2841">
    <p class='ocr_par' dir='ltr' id='par_1_58' title="bbox 2083 2766 3662 2841">
     <span class='ocr_line' id='line_1_58' title="bbox 2083 2766 3662 2841; baseline -0.004 -17"><span class='ocrx_word' id='word_1_397' title='bbox 2083 2772 2276 2841; x_wconf 69' lang='grc' dir='ltr'>λαϐήν.</span> <span class='ocrx_word' id='word_1_398' title='bbox 2331 2767 2465 2823; x_wconf 78' lang='grc' dir='ltr'>Εἶτα</span> <span class='ocrx_word' id='word_1_399' title='bbox 2494 2771 2690 2839; x_wconf 82' lang='grc' dir='ltr'>γνώμη</span> <span class='ocrx_word' id='word_1_400' title='bbox 2740 2773 3044 2840; x_wconf 73' lang='grc' dir='ltr'>εἰσήνεκτο.</span> <span class='ocrx_word' id='word_1_401' title='bbox 3083 2770 3132 2820; x_wconf 86' lang='grc' dir='ltr'>εἰ</span> <span class='ocrx_word' id='word_1_402' title='bbox 3168 2768 3242 2836; x_wconf 78' lang='grc' dir='ltr'>μὴ</span> <span class='ocrx_word' id='word_1_403' title='bbox 3281 2769 3338 2820; x_wconf 73' lang='grc' dir='ltr'><strong>ἐν</strong></span> <span class='ocrx_word' id='word_1_404' title='bbox 3373 2766 3662 2836; x_wconf 76' lang='grc' dir='ltr'>ὡρισμένῃ</span> 
     </span>
    </p>
   </div>
   <div class='ocr_carea' id='block_1_59' title="bbox 2080 2858 3663 2934">
    <p class='ocr_par' dir='ltr' id='par_1_59' title="bbox 2080 2858 3663 2934">
     <span class='ocr_line' id='line_1_59' title="bbox 2080 2858 3663 2934; baseline -0.004 -18"><span class='ocrx_word' id='word_1_405' title='bbox 2080 2864 2266 2934; x_wconf 76' lang='grc' dir='ltr'>ἡμέρα</span> <span class='ocrx_word' id='word_1_406' title='bbox 2300 2866 2518 2932; x_wconf 76' lang='grc' dir='ltr'>Καῖσαρ</span> <span class='ocrx_word' id='word_1_407' title='bbox 2553 2863 2621 2916; x_wconf 73' lang='grc' dir='ltr'>τὰ</span> <span class='ocrx_word' id='word_1_408' title='bbox 2671 2863 2812 2914; x_wconf 78' lang='grc' dir='ltr'>ὅπλα</span> <span class='ocrx_word' id='word_1_409' title='bbox 2864 2861 3195 2928; x_wconf 80' lang='grc' dir='ltr'>κατάθηται,</span> <span class='ocrx_word' id='word_1_410' title='bbox 3259 2860 3513 2929; x_wconf 75' lang='grc' dir='ltr'>ἡγεῖσθαι</span> <span class='ocrx_word' id='word_1_411' title='bbox 3569 2858 3663 2910; x_wconf 69' lang='grc' dir='ltr'>τὸν</span> 
     </span>
    </p>
   </div>
   <div class='ocr_carea' id='block_1_60' title="bbox 2078 2951 3662 3026">
    <p class='ocr_par' dir='ltr' id='par_1_60' title="bbox 2078 2951 3662 3026">
     <span class='ocr_line' id='line_1_60' title="bbox 2078 2951 3662 3026; baseline -0.006 -15"><span class='ocrx_word' id='word_1_412' title='bbox 2078 2957 2251 3026; x_wconf 80' lang='grc' dir='ltr'>ἄνδρα</span> <span class='ocrx_word' id='word_1_413' title='bbox 2285 2957 2414 3010; x_wconf 85' lang='grc' dir='ltr'><strong>πολέ</strong></span> <span class='ocrx_word' id='word_1_414' title='bbox 2427 2973 2565 3026; x_wconf 85' lang='grc' dir='ltr'>μιον.</span> <span class='ocrx_word' id='word_1_415' title='bbox 2609 2955 2901 3008; x_wconf 79' lang='grc' dir='ltr'>Ἀντωνίου</span> <span class='ocrx_word' id='word_1_416' title='bbox 2931 2954 2988 3006; x_wconf 82' lang='grc' dir='ltr'><strong>δέ</strong></span> <span class='ocrx_word' id='word_1_417' title='bbox 3029 2953 3121 3006; x_wconf 71' lang='grc' dir='ltr'><strong>καὶ</strong></span> <span class='ocrx_word' id='word_1_418' title='bbox 3153 2953 3260 3006; x_wconf 75' lang='grc' dir='ltr'>τῶν</span> <span class='ocrx_word' id='word_1_419' title='bbox 3306 2951 3662 3022; x_wconf 72' lang='grc' dir='ltr'>πραττόντων</span> 
     </span>
    </p>
   </div>
   <div class='ocr_carea' id='block_1_61' title="bbox 2079 3035 3663 3117">
    <p class='ocr_par' dir='ltr' id='par_1_61' title="bbox 2079 3035 3663 3117">
     <span class='ocr_line' id='line_1_61' title="bbox 2079 3035 3663 3117; baseline -0.004 -16"><span class='ocrx_word' id='word_1_420' title='bbox 2079 3049 2149 3102; x_wconf 73' lang='grc' dir='ltr'>τὰ</span> <span class='ocrx_word' id='word_1_421' title='bbox 2177 3047 2454 3117; x_wconf 81' lang='grc' dir='ltr'>Καίσαρος</span> <span class='ocrx_word' id='word_1_422' title='bbox 2486 3045 2782 3110; x_wconf 79' lang='grc' dir='ltr'>ἀξιούντων</span> <span class='ocrx_word' id='word_1_423' title='bbox 2812 3047 2906 3098; x_wconf 65' lang='grc' dir='ltr'>καὶ</span> <span class='ocrx_word' id='word_1_424' title='bbox 2933 3045 3189 3113; x_wconf 71' lang='grc' dir='ltr'>Καίσαρα</span> <span class='ocrx_word' id='word_1_425' title='bbox 3231 3044 3327 3096; x_wconf 67' lang='grc' dir='ltr'><strong>καὶ</strong></span> <span class='ocrx_word' id='word_1_426' title='bbox 3369 3035 3663 3112; x_wconf 77' lang='grc' dir='ltr'>Πομπήϊον</span> 
     </span>
    </p>
   </div>
   <div class='ocr_carea' id='block_1_62' title="bbox 401 3129 1980 3208">
    <p class='ocr_par' dir='ltr' id='par_1_62' title="bbox 401 3129 1975 3203">
     <span class='ocr_line' id='line_1_62' title="bbox 401 3129 1975 3203; baseline 0.003 -19"><span class='ocrx_word' id='word_1_427' title='bbox 401 3129 682 3200; x_wconf 73' lang='lat' dir='ltr'><strong>iinricum</strong></span> <span class='ocrx_word' id='word_1_428' title='bbox 721 3142 888 3199; x_wconf 90' lang='lat' dir='ltr'><strong>atque</strong></span> <span class='ocrx_word' id='word_1_429' title='bbox 926 3130 1063 3184; x_wconf 89' lang='lat' dir='ltr'><strong>duas</strong></span> <span class='ocrx_word' id='word_1_430' title='bbox 1103 3130 1207 3184; x_wconf 90' lang='lat' dir='ltr'><strong>sibi</strong></span> <span class='ocrx_word' id='word_1_431' title='bbox 1260 3130 1506 3200; x_wconf 88' lang='lat' dir='ltr'><strong>legiones</strong></span> <span class='ocrx_word' id='word_1_432' title='bbox 1546 3132 1780 3201; x_wconf 87' lang='lat' dir='ltr'><strong>relinqui</strong></span> <span class='ocrx_word' id='word_1_433' title='bbox 1825 3144 1975 3203; x_wconf 85' lang='lat' dir='ltr'><strong>pete-</strong></span> 
     </span>
    </p>
   </div>
   <div class='ocr_carea' id='block_1_63' title="bbox 2085 3129 3662 3208">
    <p class='ocr_par' dir='ltr' id='par_1_63' title="bbox 2085 3134 3662 3208">
     <span class='ocr_line' id='line_1_63' title="bbox 2085 3134 3662 3208; baseline -0.002 -16"><span class='ocrx_word' id='word_1_434' title='bbox 2085 3142 2177 3204; x_wconf 82' lang='grc' dir='ltr'>τὰς</span> <span class='ocrx_word' id='word_1_435' title='bbox 2207 3140 2380 3208; x_wconf 75' lang='grc' dir='ltr'>ἀρχὰς</span> <span class='ocrx_word' id='word_1_436' title='bbox 2423 3137 2746 3202; x_wconf 80' lang='grc' dir='ltr'>ἀποθέσθαι,</span> <span class='ocrx_word' id='word_1_437' title='bbox 2779 3139 2844 3208; x_wconf 81' lang='grc' dir='ltr'><strong>τῇ</strong></span> <span class='ocrx_word' id='word_1_438' title='bbox 2883 3135 3077 3208; x_wconf 85' lang='grc' dir='ltr'>γνώμῃ</span> <span class='ocrx_word' id='word_1_439' title='bbox 3109 3136 3309 3196; x_wconf 80' lang='grc' dir='ltr'>πάντες</span> <span class='ocrx_word' id='word_1_440' title='bbox 3351 3134 3662 3189; x_wconf 80' lang='grc' dir='ltr'>συνέθεντο.</span> 
     </span>
    </p>
   </div>
   <div class='ocr_carea' id='block_1_64' title="bbox 403 3225 1976 3297">
    <p class='ocr_par' dir='ltr' id='par_1_64' title="bbox 403 3225 1976 3297">
     <span class='ocr_line' id='line_1_64' title="bbox 403 3225 1976 3297; baseline 0.003 -19"><span class='ocrx_word' id='word_1_441' title='bbox 403 3233 487 3280; x_wconf 79' lang='lat' dir='ltr'><strong>ret</strong></span> <span class='ocrx_word' id='word_1_442' title='bbox 534 3241 550 3276; x_wconf 86' lang='lat'><strong>:</strong></span> <span class='ocrx_word' id='word_1_443' title='bbox 591 3233 793 3281; x_wconf 76' lang='lat' dir='ltr'><strong>czetera</strong></span> <span class='ocrx_word' id='word_1_444' title='bbox 829 3225 1054 3295; x_wconf 88' lang='lat' dir='ltr'><strong>quidem</strong></span> <span class='ocrx_word' id='word_1_445' title='bbox 1089 3227 1140 3280; x_wconf 89' lang='lat' dir='ltr'><strong>ei</strong></span> <span class='ocrx_word' id='word_1_446' title='bbox 1172 3225 1336 3297; x_wconf 69' lang='grc'><strong>483</strong></span> <span class='ocrx_word' id='word_1_447' title='bbox 1363 3228 1639 3282; x_wconf 86' lang='lat' dir='ltr'><strong>concessit</strong></span> <span class='ocrx_word' id='word_1_448' title='bbox 1665 3228 1976 3297; x_wconf 84' lang='lat' dir='ltr'><strong>Pompeius,</strong></span> 
     </span>
    </p>
   </div>
   <div class='ocr_carea' id='block_1_65' title="bbox 401 3317 1981 3376">
    <p class='ocr_par' dir='ltr' id='par_1_65' title="bbox 401 3317 1981 3376">
     <span class='ocr_line' id='line_1_65' title="bbox 401 3317 1981 3376; baseline 0.004 -6"><span class='ocrx_word' id='word_1_449' title='bbox 401 3317 610 3373; x_wconf 86' lang='lat' dir='ltr'><strong>milites</strong></span> <span class='ocrx_word' id='word_1_450' title='bbox 651 3327 835 3372; x_wconf 87' lang='lat' dir='ltr'><strong>autem</strong></span> <span class='ocrx_word' id='word_1_451' title='bbox 875 3318 1105 3373; x_wconf 89' lang='lat' dir='ltr'><strong>ademit.</strong></span> <span class='ocrx_word' id='word_1_452' title='bbox 1147 3319 1388 3374; x_wconf 87' lang='lat' dir='ltr'><strong>Senatus</strong></span> <span class='ocrx_word' id='word_1_453' title='bbox 1420 3336 1549 3374; x_wconf 84' lang='lat' dir='ltr'><strong>vero</strong></span> <span class='ocrx_word' id='word_1_454' title='bbox 1579 3320 1880 3375; x_wconf 84' lang='lat' dir='ltr'><strong>Antonium</strong></span> <span class='ocrx_word' id='word_1_455' title='bbox 1925 3331 1981 3376; x_wconf 93' lang='lat' dir='ltr'><strong>et</strong></span> 
     </span>
    </p>
   </div>
   <div class='ocr_carea' id='block_1_66' title="bbox 404 3409 1977 3481">
    <p class='ocr_par' dir='ltr' id='par_1_66' title="bbox 404 3409 1977 3481">
     <span class='ocr_line' id='line_1_66' title="bbox 404 3409 1977 3481; baseline 0.003 -18"><span class='ocrx_word' id='word_1_456' title='bbox 404 3409 705 3464; x_wconf 77' lang='lat' dir='ltr'><strong>factionem</strong></span> <span class='ocrx_word' id='word_1_457' title='bbox 742 3411 864 3480; x_wconf 89' lang='lat' dir='ltr'><strong>ejus</strong></span> <span class='ocrx_word' id='word_1_458' title='bbox 892 3420 1084 3464; x_wconf 86' lang='lat' dir='ltr'><strong>senatu</strong></span> <span class='ocrx_word' id='word_1_459' title='bbox 1121 3411 1304 3480; x_wconf 88' lang='lat' dir='ltr'><strong>ejecit.</strong></span> <span class='ocrx_word' id='word_1_460' title='bbox 1349 3411 1537 3481; x_wconf 77' lang='lat' dir='ltr'><strong>itaque</strong></span> <span class='ocrx_word' id='word_1_461' title='bbox 1566 3414 1754 3466; x_wconf 83' lang='lat' dir='ltr'><strong>servili</strong></span> <span class='ocrx_word' id='word_1_462' title='bbox 1790 3413 1977 3468; x_wconf 87' lang='lat' dir='ltr'><strong>habitu</strong></span> 
     </span>
    </p>
   </div>
   <div class='ocr_carea' id='block_1_67' title="bbox 407 3501 1980 3573">
    <p class='ocr_par' dir='ltr' id='par_1_67' title="bbox 407 3501 1980 3573">
     <span class='ocr_line' id='line_1_67' title="bbox 407 3501 1980 3573; baseline 0.003 -19"><span class='ocrx_word' id='word_1_463' title='bbox 407 3516 478 3554; x_wconf 77' lang='lat' dir='ltr'><strong>ex</strong></span> <span class='ocrx_word' id='word_1_464' title='bbox 520 3501 716 3554; x_wconf 89' lang='lat' dir='ltr'><strong>timore</strong></span> <span class='ocrx_word' id='word_1_465' title='bbox 755 3512 998 3571; x_wconf 88' lang='lat' dir='ltr'><strong>sumptu,</strong></span> <span class='ocrx_word' id='word_1_466' title='bbox 1047 3502 1411 3556; x_wconf 89' lang='lat' dir='ltr'><strong>conducticiis</strong></span> <span class='ocrx_word' id='word_1_467' title='bbox 1446 3504 1586 3573; x_wconf 85' lang='lat' dir='ltr'><strong>bigis</strong></span> <span class='ocrx_word' id='word_1_468' title='bbox 1624 3503 1794 3558; x_wconf 78' lang='lat' dir='ltr'><strong>Roma</strong></span> <span class='ocrx_word' id='word_1_469' title='bbox 1832 3505 1980 3558; x_wconf 86' lang='lat' dir='ltr'><strong>exie-</strong></span> 
     </span>
    </p>
   </div>
   <div class='ocr_carea' id='block_1_68' title="bbox 408 3591 1978 3663">
    <p class='ocr_par' dir='ltr' id='par_1_68' title="bbox 408 3591 1978 3663">
     <span class='ocr_line' id='line_1_68' title="bbox 408 3591 1978 3663; baseline 0.003 -20"><span class='ocrx_word' id='word_1_470' title='bbox 408 3599 560 3644; x_wconf 87' lang='lat' dir='ltr'><strong>runt.</strong></span> <span class='ocrx_word' id='word_1_471' title='bbox 601 3591 733 3657; x_wconf 68' lang='lat' dir='ltr'><strong>Qute</strong></span> <span class='ocrx_word' id='word_1_472' title='bbox 772 3607 860 3646; x_wconf 91' lang='lat' dir='ltr'><strong>res</strong></span> <span class='ocrx_word' id='word_1_473' title='bbox 903 3593 1140 3646; x_wconf 85' lang='lat' dir='ltr'><strong>militum</strong></span> <span class='ocrx_word' id='word_1_474' title='bbox 1183 3593 1610 3663; x_wconf 89' lang='lat' dir='ltr'><strong>indignationem</strong></span> <span class='ocrx_word' id='word_1_475' title='bbox 1659 3596 1978 3660; x_wconf 90' lang='lat' dir='ltr'><strong>commovit,</strong></span> 
     </span>
    </p>
   </div>
   <div class='ocr_carea' id='block_1_69' title="bbox 405 3684 1980 3754">
    <p class='ocr_par' dir='ltr' id='par_1_69' title="bbox 405 3684 1980 3754">
     <span class='ocr_line' id='line_1_69' title="bbox 405 3684 1980 3754; baseline 0.004 -16"><span class='ocrx_word' id='word_1_476' title='bbox 405 3699 533 3738; x_wconf 90' lang='lat' dir='ltr'><strong>cum</strong></span> <span class='ocrx_word' id='word_1_477' title='bbox 573 3684 721 3739; x_wconf 85' lang='lat' dir='ltr'><strong>viros</strong></span> <span class='ocrx_word' id='word_1_478' title='bbox 765 3685 943 3740; x_wconf 89' lang='lat' dir='ltr'><strong>claros</strong></span> <span class='ocrx_word' id='word_1_479' title='bbox 975 3695 1030 3740; x_wconf 92' lang='lat' dir='ltr'><strong>et</strong></span> <span class='ocrx_word' id='word_1_480' title='bbox 1062 3685 1342 3754; x_wconf 88' lang='lat' dir='ltr'><strong>principes</strong></span> <span class='ocrx_word' id='word_1_481' title='bbox 1376 3687 1721 3742; x_wconf 89' lang='lat' dir='ltr'><strong>contumeliis</strong></span> <span class='ocrx_word' id='word_1_482' title='bbox 1755 3688 1980 3744; x_wconf 86' lang='lat' dir='ltr'><strong>all&#39;ectos</strong></span> 
     </span>
    </p>
   </div>
   <div class='ocr_carea' id='block_1_70' title="bbox 399 3776 1978 3834">
    <p class='ocr_par' dir='ltr' id='par_1_70' title="bbox 399 3776 1978 3834">
     <span class='ocr_line' id='line_1_70' title="bbox 399 3776 1978 3834; baseline 0.001 -2"><span class='ocrx_word' id='word_1_483' title='bbox 399 3786 721 3832; x_wconf 83' lang='lat' dir='ltr'><strong>cernerent.</strong></span> <span class='ocrx_word' id='word_1_484' title='bbox 779 3776 961 3832; x_wconf 65' lang='lat' dir='ltr'><strong>Caesar</strong></span> <span class='ocrx_word' id='word_1_485' title='bbox 1015 3793 1149 3832; x_wconf 90' lang='lat' dir='ltr'><strong>vero</strong></span> <span class='ocrx_word' id='word_1_486' title='bbox 1201 3779 1369 3832; x_wconf 84' lang='lat' dir='ltr'><strong>variis</strong></span> <span class='ocrx_word' id='word_1_487' title='bbox 1426 3779 1734 3834; x_wconf 88' lang='lat' dir='ltr'><strong>rationibus</strong></span> <span class='ocrx_word' id='word_1_488' title='bbox 1795 3780 1978 3834; x_wconf 91' lang='lat' dir='ltr'><strong>animo</strong></span> 
     </span>
    </p>
   </div>
   <div class='ocr_carea' id='block_1_71' title="bbox 403 3866 1980 3937">
    <p class='ocr_par' dir='ltr' id='par_1_71' title="bbox 403 3866 1980 3937">
     <span class='ocr_line' id='line_1_71' title="bbox 403 3866 1980 3937; baseline 0 -17"><span class='ocrx_word' id='word_1_489' title='bbox 403 3866 646 3937; x_wconf 85' lang='lat' dir='ltr'><strong>agitatis.</strong></span> <span class='ocrx_word' id='word_1_490' title='bbox 675 3882 742 3921; x_wconf 89' lang='lat' dir='ltr'><strong>ac</strong></span> <span class='ocrx_word' id='word_1_491' title='bbox 767 3866 1001 3922; x_wconf 87' lang='lat' dir='ltr'><strong>subinde</strong></span> <span class='ocrx_word' id='word_1_492' title='bbox 1039 3866 1263 3922; x_wconf 86' lang='lat' dir='ltr'><strong>mutatis</strong></span> <span class='ocrx_word' id='word_1_493' title='bbox 1296 3867 1566 3931; x_wconf 85' lang='lat' dir='ltr'><strong>consiliis,</strong></span> <span class='ocrx_word' id='word_1_494' title='bbox 1601 3867 1818 3922; x_wconf 88' lang='lat' dir='ltr'><strong>tandem</strong></span> <span class='ocrx_word' id='word_1_495' title='bbox 1859 3868 1980 3921; x_wconf 86' lang='lat' dir='ltr'><strong>vul-</strong></span> 
     </span>
    </p>
   </div>
   <div class='ocr_carea' id='block_1_72' title="bbox 401 3956 1978 4027">
    <p class='ocr_par' dir='ltr' id='par_1_72' title="bbox 401 3956 1978 4027">
     <span class='ocr_line' id='line_1_72' title="bbox 401 3956 1978 4027; baseline 0.001 -16"><span class='ocrx_word' id='word_1_496' title='bbox 401 3958 516 4026; x_wconf 86' lang='lat' dir='ltr'><strong>gari</strong></span> <span class='ocrx_word' id='word_1_497' title='bbox 549 3958 643 4012; x_wconf 91' lang='lat' dir='ltr'><strong>illo</strong></span> <span class='ocrx_word' id='word_1_498' title='bbox 671 3957 1009 4026; x_wconf 81' lang='lat' dir='ltr'><strong>dicto,jacta</strong></span> <span class='ocrx_word' id='word_1_499' title='bbox 1041 3965 1117 4011; x_wconf 79' lang='lat' dir='ltr'><strong>est</strong></span> <span class='ocrx_word' id='word_1_500' title='bbox 1148 3956 1290 4017; x_wconf 80' lang='lat' dir='ltr'><strong>alea,</strong></span> <span class='ocrx_word' id='word_1_501' title='bbox 1321 3971 1472 4011; x_wconf 89' lang='lat' dir='ltr'><strong>arma</strong></span> <span class='ocrx_word' id='word_1_502' title='bbox 1504 3957 1740 4027; x_wconf 86' lang='lat' dir='ltr'><strong>sumpsit</strong></span> <span class='ocrx_word' id='word_1_503' title='bbox 1769 3975 1783 4010; x_wconf 90' lang='lat'><strong>:</strong></span> <span class='ocrx_word' id='word_1_504' title='bbox 1813 3973 1978 4026; x_wconf 89' lang='lat' dir='ltr'><strong>supc-</strong></span> 
     </span>
    </p>
   </div>
   <div class='ocr_carea' id='block_1_73' title="bbox 401 4051 1977 4123">
    <p class='ocr_par' dir='ltr' id='par_1_73' title="bbox 401 4051 1977 4123">
     <span class='ocr_line' id='line_1_73' title="bbox 401 4051 1977 4123; baseline -0.001 -17"><span class='ocrx_word' id='word_1_505' title='bbox 401 4062 634 4122; x_wconf 87' lang='lat' dir='ltr'><strong>ratoquc</strong></span> <span class='ocrx_word' id='word_1_506' title='bbox 695 4051 980 4106; x_wconf 80' lang='lat' dir='ltr'><strong>Rubicone</strong></span> <span class='ocrx_word' id='word_1_507' title='bbox 1041 4051 1308 4114; x_wconf 82' lang='lat' dir='ltr'><strong>ﬂumine,</strong></span> <span class='ocrx_word' id='word_1_508' title='bbox 1363 4051 1672 4106; x_wconf 83' lang='lat' dir='ltr'><strong>Ariminum</strong></span> <span class='ocrx_word' id='word_1_509' title='bbox 1725 4067 1977 4123; x_wconf 86' lang='lat' dir='ltr'><strong>magnam</strong></span> 
     </span>
    </p>
   </div>
   <div class='ocr_carea' id='block_1_74' title="bbox 401 4144 1977 4217">
    <p class='ocr_par' dir='ltr' id='par_1_74' title="bbox 401 4144 1977 4217">
     <span class='ocr_line' id='line_1_74' title="bbox 401 4144 1977 4217; baseline -0.001 -17"><span class='ocrx_word' id='word_1_510' title='bbox 401 4145 591 4200; x_wconf 74' lang='lat' dir='ltr'><strong>Gallia:</strong></span> <span class='ocrx_word' id='word_1_511' title='bbox 636 4144 831 4199; x_wconf 90' lang='lat' dir='ltr'><strong>urbem</strong></span> <span class='ocrx_word' id='word_1_512' title='bbox 879 4144 1190 4213; x_wconf 88' lang='lat' dir='ltr'><strong>oceupavit.</strong></span> <span class='ocrx_word' id='word_1_513' title='bbox 1243 4144 1442 4198; x_wconf 83' lang='lat' dir='ltr'><strong>Fertur</strong></span> <span class='ocrx_word' id='word_1_514' title='bbox 1476 4145 1654 4213; x_wconf 88' lang='lat' dir='ltr'><strong>pridie</strong></span> <span class='ocrx_word' id='word_1_515' title='bbox 1703 4147 1824 4217; x_wconf 87' lang='lat' dir='ltr'><strong>ejus</strong></span> <span class='ocrx_word' id='word_1_516' title='bbox 1867 4145 1977 4200; x_wconf 90' lang='lat' dir='ltr'><strong>diei</strong></span> 
     </span>
    </p>
   </div>
   <div class='ocr_carea' id='block_1_75' title="bbox 400 4236 1980 4306">
    <p class='ocr_par' dir='ltr' id='par_1_75' title="bbox 400 4236 1980 4306">
     <span class='ocr_line' id='line_1_75' title="bbox 400 4236 1980 4306; baseline 0.001 -14"><span class='ocrx_word' id='word_1_517' title='bbox 400 4247 569 4292; x_wconf 86' lang='lat' dir='ltr'><strong>noctu</strong></span> <span class='ocrx_word' id='word_1_518' title='bbox 614 4237 670 4292; x_wconf 92' lang='lat' dir='ltr'><strong>in</strong></span> <span class='ocrx_word' id='word_1_519' title='bbox 711 4236 924 4291; x_wconf 89' lang='lat' dir='ltr'><strong>somnis</strong></span> <span class='ocrx_word' id='word_1_520' title='bbox 957 4236 1064 4291; x_wconf 88' lang='lat' dir='ltr'><strong>sibi</strong></span> <span class='ocrx_word' id='word_1_521' title='bbox 1101 4251 1226 4290; x_wconf 92' lang='lat' dir='ltr'><strong>cum</strong></span> <span class='ocrx_word' id='word_1_522' title='bbox 1258 4245 1432 4290; x_wconf 89' lang='lat' dir='ltr'><strong>matre</strong></span> <span class='ocrx_word' id='word_1_523' title='bbox 1464 4252 1562 4306; x_wconf 91' lang='lat' dir='ltr'><strong>per</strong></span> <span class='ocrx_word' id='word_1_524' title='bbox 1590 4237 1790 4292; x_wconf 68' lang='lat' dir='ltr'><strong>{cedam</strong></span> <span class='ocrx_word' id='word_1_525' title='bbox 1831 4240 1980 4293; x_wconf 88' lang='lat' dir='ltr'><strong>ince-</strong></span> 
     </span>
    </p>
   </div>
   <div class='ocr_carea' id='block_1_76' title="bbox 402 4328 1980 4401">
    <p class='ocr_par' dir='ltr' id='par_1_76' title="bbox 402 4328 1980 4401">
     <span class='ocr_line' id='line_1_76' title="bbox 402 4328 1980 4401; baseline 0.001 -18"><span class='ocrx_word' id='word_1_526' title='bbox 402 4337 658 4400; x_wconf 87' lang='lat' dir='ltr'><strong>stamqne</strong></span> <span class='ocrx_word' id='word_1_527' title='bbox 688 4329 980 4401; x_wconf 84' lang='lat' dir='ltr'><strong>imaginem</strong></span> <span class='ocrx_word' id='word_1_528' title='bbox 1006 4328 1156 4384; x_wconf 92' lang='lat' dir='ltr'><strong>coire</strong></span> <span class='ocrx_word' id='word_1_529' title='bbox 1178 4329 1328 4382; x_wconf 88' lang='lat' dir='ltr'><strong>visus</strong></span> <span class='ocrx_word' id='word_1_530' title='bbox 1359 4344 1502 4383; x_wconf 88' lang='lat' dir='ltr'><strong>esse.</strong></span> <span class='ocrx_word' id='word_1_531' title='bbox 1537 4329 1787 4384; x_wconf 84' lang='lat' dir='ltr'><strong>Arimino</strong></span> <span class='ocrx_word' id='word_1_532' title='bbox 1815 4346 1980 4385; x_wconf 88' lang='lat' dir='ltr'><strong>occu-</strong></span> 
     </span>
    </p>
   </div>
   <div class='ocr_carea' id='block_1_77' title="bbox 399 4421 1974 4491">
    <p class='ocr_par' dir='ltr' id='par_1_77' title="bbox 399 4421 1974 4491">
     <span class='ocr_line' id='line_1_77' title="bbox 399 4421 1974 4491; baseline 0 -16"><span class='ocrx_word' id='word_1_533' title='bbox 399 4430 552 4490; x_wconf 90' lang='lat' dir='ltr'><strong>pato,</strong></span> <span class='ocrx_word' id='word_1_534' title='bbox 596 4421 769 4476; x_wconf 80' lang='lat' dir='ltr'><strong>Roma</strong></span> <span class='ocrx_word' id='word_1_535' title='bbox 821 4431 1080 4491; x_wconf 86' lang='lat' dir='ltr'><strong>tanquam</strong></span> <span class='ocrx_word' id='word_1_536' title='bbox 1136 4421 1358 4476; x_wconf 91' lang='lat' dir='ltr'><strong>turbine</strong></span> <span class='ocrx_word' id='word_1_537' title='bbox 1418 4421 1659 4490; x_wconf 90' lang='lat' dir='ltr'><strong>quodam</strong></span> <span class='ocrx_word' id='word_1_538' title='bbox 1706 4422 1974 4477; x_wconf 84' lang='lat' dir='ltr'><strong>ﬂuctuum</strong></span> 
     </span>
    </p>
   </div>
   <div class='ocr_carea' id='block_1_78' title="bbox 406 4512 1974 4582">
    <p class='ocr_par' dir='ltr' id='par_1_78' title="bbox 406 4512 1974 4582">
     <span class='ocr_line' id='line_1_78' title="bbox 406 4512 1974 4582; baseline 0.001 -17"><span class='ocrx_word' id='word_1_539' title='bbox 406 4512 573 4566; x_wconf 89' lang='lat' dir='ltr'><strong>undis</strong></span> <span class='ocrx_word' id='word_1_540' title='bbox 617 4513 911 4582; x_wconf 79' lang='lat' dir='ltr'><strong>exagitata,</strong></span> <span class='ocrx_word' id='word_1_541' title='bbox 943 4528 1085 4582; x_wconf 89' lang='lat' dir='ltr'><strong>pene</strong></span> <span class='ocrx_word' id='word_1_542' title='bbox 1113 4514 1467 4582; x_wconf 87' lang='lat' dir='ltr'><strong>semelipsam</strong></span> <span class='ocrx_word' id='word_1_543' title='bbox 1497 4513 1782 4569; x_wconf 90' lang='lat' dir='ltr'><strong>demersit.</strong></span> <span class='ocrx_word' id='word_1_544' title='bbox 1839 4515 1974 4568; x_wconf 87' lang='lat' dir='ltr'><strong>Nam</strong></span> 
     </span>
    </p>
   </div>
   <div class='ocr_carea' id='block_1_79' title="bbox 402 4605 1978 4677">
    <p class='ocr_par' dir='ltr' id='par_1_79' title="bbox 402 4605 1978 4677">
     <span class='ocr_line' id='line_1_79' title="bbox 402 4605 1978 4677; baseline 0.003 -17"><span class='ocrx_word' id='word_1_545' title='bbox 402 4613 460 4660; x_wconf 83' lang='lat' dir='ltr'><strong>et</strong></span> <span class='ocrx_word' id='word_1_546' title='bbox 501 4605 760 4660; x_wconf 90' lang='lat' dir='ltr'><strong>consules</strong></span> <span class='ocrx_word' id='word_1_547' title='bbox 800 4616 857 4660; x_wconf 90' lang='lat' dir='ltr'><strong>et</strong></span> <span class='ocrx_word' id='word_1_548' title='bbox 887 4607 1123 4660; x_wconf 80' lang='lat' dir='ltr'><strong>maxima</strong></span> <span class='ocrx_word' id='word_1_549' title='bbox 1151 4622 1280 4677; x_wconf 89' lang='lat' dir='ltr'><strong>pars</strong></span> <span class='ocrx_word' id='word_1_550' title='bbox 1303 4614 1530 4661; x_wconf 89' lang='lat' dir='ltr'><strong>senatus</strong></span> <span class='ocrx_word' id='word_1_551' title='bbox 1564 4605 1847 4676; x_wconf 77' lang='lat' dir='ltr'><strong>fugerunt.</strong></span> <span class='ocrx_word' id='word_1_552' title='bbox 1879 4609 1978 4664; x_wconf 84' lang='lat' dir='ltr'><strong>Est</strong></span> 
     </span>
    </p>
   </div>
   <div class='ocr_carea' id='block_1_80' title="bbox 404 4701 1978 4771">
    <p class='ocr_par' dir='ltr' id='par_1_80' title="bbox 404 4701 1978 4771">
     <span class='ocr_line' id='line_1_80' title="bbox 404 4701 1978 4771; baseline 0 -14"><span class='ocrx_word' id='word_1_553' title='bbox 404 4712 462 4758; x_wconf 92' lang='lat' dir='ltr'><strong>et</strong></span> <span class='ocrx_word' id='word_1_554' title='bbox 501 4701 618 4771; x_wconf 89' lang='lat' dir='ltr'><strong>ipse</strong></span> <span class='ocrx_word' id='word_1_555' title='bbox 661 4701 956 4771; x_wconf 86' lang='lat' dir='ltr'><strong>Pompeius</strong></span> <span class='ocrx_word' id='word_1_556' title='bbox 985 4702 1236 4767; x_wconf 90' lang='lat' dir='ltr'><strong>territus,</strong></span> <span class='ocrx_word' id='word_1_557' title='bbox 1264 4711 1321 4757; x_wconf 87' lang='lat' dir='ltr'><strong>et</strong></span> <span class='ocrx_word' id='word_1_558' title='bbox 1346 4703 1415 4757; x_wconf 92' lang='lat' dir='ltr'><strong>ab</strong></span> <span class='ocrx_word' id='word_1_559' title='bbox 1445 4703 1568 4758; x_wconf 87' lang='lat' dir='ltr'><strong>aliis</strong></span> <span class='ocrx_word' id='word_1_560' title='bbox 1603 4702 1828 4759; x_wconf 89' lang='lat' dir='ltr'><strong>aliunde</strong></span> <span class='ocrx_word' id='word_1_561' title='bbox 1861 4715 1978 4759; x_wconf 88' lang='lat' dir='ltr'><strong>tur-</strong></span> 
     </span>
    </p>
   </div>
   <div class='ocr_carea' id='block_1_81' title="bbox 405 4793 1976 4864">
    <p class='ocr_par' dir='ltr' id='par_1_81' title="bbox 405 4793 1976 4864">
     <span class='ocr_line' id='line_1_81' title="bbox 405 4793 1976 4864; baseline 0.002 -14"><span class='ocrx_word' id='word_1_562' title='bbox 405 4795 590 4858; x_wconf 81' lang='lat' dir='ltr'><strong>batus,</strong></span> <span class='ocrx_word' id='word_1_563' title='bbox 612 4793 976 4863; x_wconf 87' lang='lat' dir='ltr'><strong>querentibus</strong></span> <span class='ocrx_word' id='word_1_564' title='bbox 994 4835 1009 4859; x_wconf 96' lang='lat'><strong>,</strong></span> <span class='ocrx_word' id='word_1_565' title='bbox 1040 4809 1167 4847; x_wconf 92' lang='lat' dir='ltr'><strong>eum</strong></span> <span class='ocrx_word' id='word_1_566' title='bbox 1195 4793 1426 4849; x_wconf 72' lang='lat' dir='ltr'><strong>Cesaris</strong></span> <span class='ocrx_word' id='word_1_567' title='bbox 1455 4811 1590 4864; x_wconf 86' lang='lat' dir='ltr'><strong>opes</strong></span> <span class='ocrx_word' id='word_1_568' title='bbox 1613 4807 1808 4851; x_wconf 87' lang='lat' dir='ltr'><strong>contra</strong></span> <span class='ocrx_word' id='word_1_569' title='bbox 1853 4814 1976 4854; x_wconf 87' lang='lat' dir='ltr'><strong>sese</strong></span> 
     </span>
    </p>
   </div>
   <div class='ocr_carea' id='block_1_82' title="bbox 403 4885 1972 4959">
    <p class='ocr_par' dir='ltr' id='par_1_82' title="bbox 403 4885 1972 4959">
     <span class='ocr_line' id='line_1_82' title="bbox 403 4885 1972 4959; baseline 0.003 -18"><span class='ocrx_word' id='word_1_570' title='bbox 403 4895 461 4942; x_wconf 90' lang='lat' dir='ltr'><strong>et</strong></span> <span class='ocrx_word' id='word_1_571' title='bbox 503 4885 903 4955; x_wconf 84' lang='lat' dir='ltr'><strong>rempublicam</strong></span> <span class='ocrx_word' id='word_1_572' title='bbox 944 4887 1207 4940; x_wconf 88' lang='lat' dir='ltr'><strong>auxisse:</strong></span> <span class='ocrx_word' id='word_1_573' title='bbox 1259 4902 1437 4957; x_wconf 90' lang='lat' dir='ltr'><strong>neque</strong></span> <span class='ocrx_word' id='word_1_574' title='bbox 1483 4889 1774 4959; x_wconf 87' lang='lat' dir='ltr'><strong>quisquam</strong></span> <span class='ocrx_word' id='word_1_575' title='bbox 1819 4891 1972 4946; x_wconf 91' lang='lat' dir='ltr'><strong>illum</strong></span> 
     </span>
    </p>
   </div>
   <div class='ocr_carea' id='block_1_83' title="bbox 399 4977 1971 5046">
    <p class='ocr_par' dir='ltr' id='par_1_83' title="bbox 399 4977 1971 5046">
     <span class='ocr_line' id='line_1_83' title="bbox 399 4977 1971 5046; baseline 0.003 -11"><span class='ocrx_word' id='word_1_576' title='bbox 399 4980 521 5035; x_wconf 76' lang='lat' dir='ltr'><strong>suis</strong></span> <span class='ocrx_word' id='word_1_577' title='bbox 553 4977 630 5033; x_wconf 90' lang='lat' dir='ltr'><strong>uti</strong></span> <span class='ocrx_word' id='word_1_578' title='bbox 660 4977 907 5034; x_wconf 87' lang='lat' dir='ltr'><strong>consiliis</strong></span> <span class='ocrx_word' id='word_1_579' title='bbox 930 4979 1076 5034; x_wconf 89' lang='lat' dir='ltr'><strong>sivit.</strong></span> <span class='ocrx_word' id='word_1_580' title='bbox 1109 4979 1284 5045; x_wconf 84' lang='lat' dir='ltr'><strong>Quare</strong></span> <span class='ocrx_word' id='word_1_581' title='bbox 1305 4981 1442 5035; x_wconf 91' lang='lat' dir='ltr'><strong>urbe</strong></span> <span class='ocrx_word' id='word_1_582' title='bbox 1471 4983 1684 5046; x_wconf 90' lang='lat' dir='ltr'><strong>relicta,</strong></span> <span class='ocrx_word' id='word_1_583' title='bbox 1719 4993 1971 5039; x_wconf 84' lang='lat' dir='ltr'><strong>senatum</strong></span> 
     </span>
    </p>
   </div>
   <div class='ocr_carea' id='block_1_84' title="bbox 401 5071 1974 5149">
    <p class='ocr_par' dir='ltr' id='par_1_84' title="bbox 401 5071 1974 5149">
     <span class='ocr_line' id='line_1_84' title="bbox 401 5071 1974 5149; baseline 0.004 -23"><span class='ocrx_word' id='word_1_584' title='bbox 401 5071 561 5142; x_wconf 89' lang='lat' dir='ltr'><strong>sequi</strong></span> <span class='ocrx_word' id='word_1_585' title='bbox 591 5073 851 5142; x_wconf 86' lang='lat' dir='ltr'><strong>sejussit,</strong></span> <span class='ocrx_word' id='word_1_586' title='bbox 894 5081 951 5127; x_wconf 91' lang='lat' dir='ltr'><strong>et</strong></span> <span class='ocrx_word' id='word_1_587' title='bbox 977 5072 1227 5149; x_wconf 87' lang='lat' dir='ltr'><strong>plerique</strong></span> <span class='ocrx_word' id='word_1_588' title='bbox 1261 5089 1387 5127; x_wconf 89' lang='lat' dir='ltr'><strong>eum</strong></span> <span class='ocrx_word' id='word_1_589' title='bbox 1414 5073 1587 5128; x_wconf 89' lang='lat' dir='ltr'><strong>secuti</strong></span> <span class='ocrx_word' id='word_1_590' title='bbox 1625 5085 1792 5141; x_wconf 91' lang='lat' dir='ltr'><strong>sunt,</strong></span> <span class='ocrx_word' id='word_1_591' title='bbox 1830 5077 1974 5132; x_wconf 82' lang='lat' dir='ltr'><strong>exsi-</strong></span> 
     </span>
    </p>
   </div>
   <div class='ocr_carea' id='block_1_85' title="bbox 401 5165 1977 5237">
    <p class='ocr_par' dir='ltr' id='par_1_85' title="bbox 401 5165 1977 5237">
     <span class='ocr_line' id='line_1_85' title="bbox 401 5165 1977 5237; baseline 0.004 -18"><span class='ocrx_word' id='word_1_592' title='bbox 401 5165 537 5219; x_wconf 91' lang='lat' dir='ltr'><strong>lium</strong></span> <span class='ocrx_word' id='word_1_593' title='bbox 570 5180 670 5235; x_wconf 92' lang='lat' dir='ltr'><strong>pro</strong></span> <span class='ocrx_word' id='word_1_594' title='bbox 703 5165 879 5234; x_wconf 89' lang='lat' dir='ltr'><strong>patria</strong></span> <span class='ocrx_word' id='word_1_595' title='bbox 902 5165 1162 5236; x_wconf 84' lang='lat' dir='ltr'><strong>amplexi,</strong></span> <span class='ocrx_word' id='word_1_596' title='bbox 1205 5178 1427 5237; x_wconf 88' lang='lat' dir='ltr'><strong>propter</strong></span> <span class='ocrx_word' id='word_1_597' title='bbox 1458 5169 1780 5237; x_wconf 81' lang='lat' dir='ltr'><strong>Pompeium</strong></span> <span class='ocrx_word' id='word_1_598' title='bbox 1819 5187 1833 5223; x_wconf 92' lang='lat'><strong>:</strong></span> <span class='ocrx_word' id='word_1_599' title='bbox 1866 5172 1977 5225; x_wconf 81' lang='lat' dir='ltr'><strong>Ro-</strong></span> 
     </span>
    </p>
   </div>
   <div class='ocr_carea' id='block_1_86' title="bbox 400 5257 1974 5329">
    <p class='ocr_par' dir='ltr' id='par_1_86' title="bbox 400 5257 1974 5329">
     <span class='ocr_line' id='line_1_86' title="bbox 400 5257 1974 5329; baseline 0.004 -19"><span class='ocrx_word' id='word_1_600' title='bbox 400 5272 545 5311; x_wconf 87' lang='lat' dir='ltr'><strong>mam</strong></span> <span class='ocrx_word' id='word_1_601' title='bbox 585 5272 719 5312; x_wconf 85' lang='lat' dir='ltr'><strong>vero</strong></span> <span class='ocrx_word' id='word_1_602' title='bbox 753 5257 984 5326; x_wconf 87' lang='lat' dir='ltr'><strong>perinde</strong></span> <span class='ocrx_word' id='word_1_603' title='bbox 1008 5267 1070 5310; x_wconf 90' lang='lat' dir='ltr'><strong>ut</strong></span> <span class='ocrx_word' id='word_1_604' title='bbox 1099 5269 1277 5312; x_wconf 90' lang='lat' dir='ltr'><strong>castra</strong></span> <span class='ocrx_word' id='word_1_605' title='bbox 1299 5257 1530 5314; x_wconf 74' lang='lat' dir='ltr'><strong>Czesaris</strong></span> <span class='ocrx_word' id='word_1_606' title='bbox 1560 5259 1850 5329; x_wconf 81' lang='lat' dir='ltr'><strong>fugientes.</strong></span> <span class='ocrx_word' id='word_1_607' title='bbox 1886 5264 1974 5317; x_wconf 77' lang='lat' dir='ltr'><strong>Eo</strong></span> 
     </span>
    </p>
   </div>
   <div class='ocr_carea' id='block_1_87' title="bbox 399 5347 1970 5418">
    <p class='ocr_par' dir='ltr' id='par_1_87' title="bbox 399 5347 1970 5418">
     <span class='ocr_line' id='line_1_87' title="bbox 399 5347 1970 5418; baseline 0.003 -15"><span class='ocrx_word' id='word_1_608' title='bbox 399 5359 650 5418; x_wconf 85' lang='lat' dir='ltr'><strong>tempore</strong></span> <span class='ocrx_word' id='word_1_609' title='bbox 681 5347 959 5402; x_wconf 90' lang='lat' dir='ltr'><strong>Labienus</strong></span> <span class='ocrx_word' id='word_1_610' title='bbox 987 5350 1154 5404; x_wconf 88' lang='lat' dir='ltr'><strong>etiam</strong></span> <span class='ocrx_word' id='word_1_611' title='bbox 1182 5349 1416 5404; x_wconf 65' lang='lat' dir='ltr'><strong>Caesaris</strong></span> <span class='ocrx_word' id='word_1_612' title='bbox 1449 5351 1683 5409; x_wconf 87' lang='lat' dir='ltr'><strong>amicus.</strong></span> <span class='ocrx_word' id='word_1_613' title='bbox 1711 5351 1800 5406; x_wconf 91' lang='lat' dir='ltr'><strong>cui</strong></span> <span class='ocrx_word' id='word_1_614' title='bbox 1827 5363 1970 5408; x_wconf 90' lang='lat' dir='ltr'><strong>stre-</strong></span> 
     </span>
    </p>
   </div>
   <div class='ocr_carea' id='block_1_88' title="bbox 400 5441 1973 5510">
    <p class='ocr_par' dir='ltr' id='par_1_88' title="bbox 400 5441 1973 5510">
     <span class='ocr_line' id='line_1_88' title="bbox 400 5441 1973 5510; baseline 0.005 -18"><span class='ocrx_word' id='word_1_615' title='bbox 400 5455 564 5495; x_wconf 89' lang='lat' dir='ltr'><strong>nuam</strong></span> <span class='ocrx_word' id='word_1_616' title='bbox 607 5442 659 5495; x_wconf 91' lang='lat' dir='ltr'><strong>in</strong></span> <span class='ocrx_word' id='word_1_617' title='bbox 709 5441 870 5495; x_wconf 86' lang='lat' dir='ltr'><strong>bellis</strong></span> <span class='ocrx_word' id='word_1_618' title='bbox 903 5457 1127 5510; x_wconf 89' lang='lat' dir='ltr'><strong>operam</strong></span> <span class='ocrx_word' id='word_1_619' title='bbox 1169 5453 1418 5504; x_wconf 80' lang='lat' dir='ltr'><strong>navarat,</strong></span> <span class='ocrx_word' id='word_1_620' title='bbox 1471 5459 1537 5496; x_wconf 89' lang='lat' dir='ltr'><strong>eo</strong></span> <span class='ocrx_word' id='word_1_621' title='bbox 1592 5444 1783 5498; x_wconf 90' lang='lat' dir='ltr'><strong>relicto</strong></span> <span class='ocrx_word' id='word_1_622' title='bbox 1815 5447 1973 5500; x_wconf 86' lang='lat' dir='ltr'><strong>Pom-</strong></span> 
     </span>
    </p>
   </div>
   <div class='ocr_carea' id='block_1_89' title="bbox 402 5526 1970 5603">
    <p class='ocr_par' dir='ltr' id='par_1_89' title="bbox 402 5526 1970 5603">
     <span class='ocr_line' id='line_1_89' title="bbox 402 5526 1970 5603; baseline 0.01 -30"><span class='ocrx_word' id='word_1_623' title='bbox 402 5526 581 5593; x_wconf 72' lang='lat' dir='ltr'><strong>peium</strong></span> <span class='ocrx_word' id='word_1_624' title='bbox 605 5539 689 5583; x_wconf 88' lang='lat' dir='ltr'><strong>est</strong></span> <span class='ocrx_word' id='word_1_625' title='bbox 713 5537 959 5585; x_wconf 89' lang='lat' dir='ltr'><strong>secutus.</strong></span> <span class='ocrx_word' id='word_1_626' title='bbox 991 5530 1195 5584; x_wconf 87' lang='lat' dir='ltr'><strong>Tamen</strong></span> <span class='ocrx_word' id='word_1_627' title='bbox 1221 5532 1469 5586; x_wconf 65' lang='lat' dir='ltr'><strong>Ctesarci</strong></span> <span class='ocrx_word' id='word_1_628' title='bbox 1509 5546 1560 5586; x_wconf 81' lang='lat' dir='ltr'><strong>et</strong></span> <span class='ocrx_word' id='word_1_629' title='bbox 1591 5535 1880 5603; x_wconf 85' lang='lat' dir='ltr'><strong>pecuniam</strong></span> <span class='ocrx_word' id='word_1_630' title='bbox 1915 5545 1970 5591; x_wconf 92' lang='lat' dir='ltr'><strong>et</strong></span> 
     </span>
    </p>
   </div>
   <div class='ocr_carea' id='block_1_90' title="bbox 2096 3224 3662 3301">
    <p class='ocr_par' dir='ltr' id='par_1_90' title="bbox 2096 3224 3662 3301">
     <span class='ocr_line' id='line_1_90' title="bbox 2096 3224 3662 3301; baseline -0.007 -15"><span class='ocrx_word' id='word_1_631' title='bbox 2096 3233 2250 3286; x_wconf 75' lang='grc' dir='ltr'>Ἐπεὶ</span> <span class='ocrx_word' id='word_1_632' title='bbox 2275 3233 2329 3284; x_wconf 80' lang='grc' dir='ltr'>δὲ</span> <span class='ocrx_word' id='word_1_633' title='bbox 2370 3231 2521 3300; x_wconf 76' lang='grc' dir='ltr'>παρὰ</span> <span class='ocrx_word' id='word_1_634' title='bbox 2567 3231 2847 3300; x_wconf 83' lang='grc' dir='ltr'>Καίσαρος</span> <span class='ocrx_word' id='word_1_635' title='bbox 2895 3224 3030 3301; x_wconf 85' lang='grc' dir='ltr'>ἧκον</span> <span class='ocrx_word' id='word_1_636' title='bbox 3076 3225 3358 3279; x_wconf 80' lang='grc' dir='ltr'>ἐπιστολαὶ</span> <span class='ocrx_word' id='word_1_637' title='bbox 3403 3227 3515 3277; x_wconf 86' lang='grc' dir='ltr'><strong>τῶν</strong></span> <span class='ocrx_word' id='word_1_638' title='bbox 3563 3225 3662 3292; x_wconf 73' lang='grc' dir='ltr'><strong>μὲν</strong></span> 
     </span>
    </p>
   </div>
   <div class='ocr_carea' id='block_1_91' title="bbox 2084 3319 3662 3394">
    <p class='ocr_par' dir='ltr' id='par_1_91' title="bbox 2084 3319 3662 3394">
     <span class='ocr_line' id='line_1_91' title="bbox 2084 3319 3662 3394; baseline -0.008 -15"><span class='ocrx_word' id='word_1_639' title='bbox 2084 3325 2262 3379; x_wconf 84' lang='grc' dir='ltr'>ἄλλων</span> <span class='ocrx_word' id='word_1_640' title='bbox 2293 3323 2674 3390; x_wconf 77' lang='grc' dir='ltr'>ἐξισταμένου,</span> <span class='ocrx_word' id='word_1_641' title='bbox 2709 3321 2808 3394; x_wconf 78' lang='grc' dir='ltr'><strong>τὴν</strong></span> <span class='ocrx_word' id='word_1_642' title='bbox 2831 3321 2876 3373; x_wconf 85' lang='grc' dir='ltr'>δ’</span> <span class='ocrx_word' id='word_1_643' title='bbox 2909 3322 3062 3383; x_wconf 80' lang='grc' dir='ltr'>ἐντὸς</span> <span class='ocrx_word' id='word_1_644' title='bbox 3107 3319 3357 3373; x_wconf 70' lang='grc' dir='ltr'>Ἄλπεων</span> <span class='ocrx_word' id='word_1_645' title='bbox 3388 3319 3662 3386; x_wconf 80' lang='grc' dir='ltr'>ἐπαρχίαν</span> 
     </span>
    </p>
   </div>
   <div class='ocr_carea' id='block_1_92' title="bbox 2081 3409 3660 3485">
    <p class='ocr_par' dir='ltr' id='par_1_92' title="bbox 2081 3409 3660 3485">
     <span class='ocr_line' id='line_1_92' title="bbox 2081 3409 3660 3485; baseline -0.007 -15"><span class='ocrx_word' id='word_1_646' title='bbox 2081 3417 2178 3470; x_wconf 74' lang='grc' dir='ltr'><strong>καὶ</strong></span> <span class='ocrx_word' id='word_1_647' title='bbox 2224 3416 2284 3468; x_wconf 74' lang='grc' dir='ltr'><strong>τὸ</strong></span> <span class='ocrx_word' id='word_1_648' title='bbox 2346 3415 2640 3485; x_wconf 66' lang='grc' dir='ltr'>Ἰλλυρικὸν</span> <span class='ocrx_word' id='word_1_649' title='bbox 2704 3413 2982 3480; x_wconf 79' lang='grc' dir='ltr'>ἀξιοῦντος</span> <span class='ocrx_word' id='word_1_650' title='bbox 3037 3411 3187 3480; x_wconf 83' lang='grc' dir='ltr'>αὐτῷ</span> <span class='ocrx_word' id='word_1_651' title='bbox 3239 3409 3461 3477; x_wconf 75' lang='grc' dir='ltr'>δοθῆναι</span> <span class='ocrx_word' id='word_1_652' title='bbox 3518 3409 3660 3476; x_wconf 72' lang='grc' dir='ltr'>μετὰ</span> 
     </span>
    </p>
   </div>
   <div class='ocr_carea' id='block_1_93' title="bbox 2082 3501 3660 3577">
    <p class='ocr_par' dir='ltr' id='par_1_93' title="bbox 2082 3501 3660 3577">
     <span class='ocr_line' id='line_1_93' title="bbox 2082 3501 3660 3577; baseline -0.007 -16"><span class='ocrx_word' id='word_1_653' title='bbox 2082 3510 2228 3561; x_wconf 77' lang='grc' dir='ltr'>δυοῖν</span> <span class='ocrx_word' id='word_1_654' title='bbox 2251 3507 2574 3577; x_wconf 83' lang='grc' dir='ltr'>ταγμάτων,</span> <span class='ocrx_word' id='word_1_655' title='bbox 2597 3504 2767 3559; x_wconf 82' lang='grc' dir='ltr'>τᾶλλα</span> <span class='ocrx_word' id='word_1_656' title='bbox 2804 3505 2905 3573; x_wconf 76' lang='grc' dir='ltr'>μὲν</span> <span class='ocrx_word' id='word_1_657' title='bbox 2933 3503 3107 3556; x_wconf 81' lang='grc' dir='ltr'>ἐδίδου</span> <span class='ocrx_word' id='word_1_658' title='bbox 3170 3502 3480 3570; x_wconf 79' lang='grc' dir='ltr'>Πομπήῖος,</span> <span class='ocrx_word' id='word_1_659' title='bbox 3531 3501 3660 3563; x_wconf 72' lang='grc' dir='ltr'>τοὺς</span> 
     </span>
    </p>
   </div>
   <div class='ocr_carea' id='block_1_94' title="bbox 2083 3592 3659 3668">
    <p class='ocr_par' dir='ltr' id='par_1_94' title="bbox 2083 3592 3659 3668">
     <span class='ocr_line' id='line_1_94' title="bbox 2083 3592 3659 3668; baseline -0.008 -14"><span class='ocrx_word' id='word_1_660' title='bbox 2083 3602 2138 3654; x_wconf 73' lang='grc' dir='ltr'>δέ</span> <span class='ocrx_word' id='word_1_661' title='bbox 2159 3618 2222 3667; x_wconf 90' lang='grc' dir='ltr'><strong>γε</strong></span> <span class='ocrx_word' id='word_1_662' title='bbox 2253 3601 2591 3668; x_wconf 79' lang='grc' dir='ltr'>στρατιώτας</span> <span class='ocrx_word' id='word_1_663' title='bbox 2615 3597 2838 3667; x_wconf 78' lang='grc' dir='ltr'>ἀφῄρει.</span> <span class='ocrx_word' id='word_1_664' title='bbox 2873 3598 2934 3649; x_wconf 84' lang='grc' dir='ltr'><strong>Οἱ</strong></span> <span class='ocrx_word' id='word_1_665' title='bbox 2956 3595 3001 3647; x_wconf 82' lang='grc' dir='ltr'>δ’</span> <span class='ocrx_word' id='word_1_666' title='bbox 3033 3593 3404 3654; x_wconf 87' lang='grc' dir='ltr'>ὑπατεύοντες</span> <span class='ocrx_word' id='word_1_667' title='bbox 3431 3592 3526 3644; x_wconf 75' lang='grc' dir='ltr'><strong>καὶ</strong></span> <span class='ocrx_word' id='word_1_668' title='bbox 3555 3592 3659 3659; x_wconf 84' lang='grc' dir='ltr'>τῆς</span> 
     </span>
    </p>
   </div>
   <div class='ocr_carea' id='block_1_95' title="bbox 2085 3683 3658 3762">
    <p class='ocr_par' dir='ltr' id='par_1_95' title="bbox 2085 3683 3658 3762">
     <span class='ocr_line' id='line_1_95' title="bbox 2085 3683 3658 3762; baseline -0.006 -17"><span class='ocrx_word' id='word_1_669' title='bbox 2085 3693 2280 3762; x_wconf 77' lang='grc' dir='ltr'>βουλῆς</span> <span class='ocrx_word' id='word_1_670' title='bbox 2306 3692 2576 3760; x_wconf 76' lang='grc' dir='ltr'>ἐξήλασαν</span> <span class='ocrx_word' id='word_1_671' title='bbox 2615 3690 2702 3742; x_wconf 77' lang='grc' dir='ltr'>τὸν</span> <span class='ocrx_word' id='word_1_672' title='bbox 2727 3687 3018 3742; x_wconf 82' lang='grc' dir='ltr'>’Λντώνιον</span> <span class='ocrx_word' id='word_1_673' title='bbox 3056 3688 3150 3739; x_wconf 72' lang='grc' dir='ltr'><strong>καὶ</strong></span> <span class='ocrx_word' id='word_1_674' title='bbox 3181 3686 3306 3747; x_wconf 77' lang='grc' dir='ltr'>τοὺς</span> <span class='ocrx_word' id='word_1_675' title='bbox 3340 3686 3437 3737; x_wconf 77' lang='grc' dir='ltr'><strong>σὺν</strong></span> <span class='ocrx_word' id='word_1_676' title='bbox 3486 3683 3658 3751; x_wconf 79' lang='grc' dir='ltr'>αὐτῷ.</span> 
     </span>
    </p>
   </div>
   <div class='ocr_carea' id='block_1_96' title="bbox 2083 3778 3658 3850">
    <p class='ocr_par' dir='ltr' id='par_1_96' title="bbox 2083 3778 3658 3850">
     <span class='ocr_line' id='line_1_96' title="bbox 2083 3778 3658 3850; baseline -0.004 -15"><span class='ocrx_word' id='word_1_677' title='bbox 2083 3785 2145 3836; x_wconf 74' lang='grc' dir='ltr'><strong>Οἱ</strong></span> <span class='ocrx_word' id='word_1_678' title='bbox 2178 3785 2231 3835; x_wconf 75' lang='grc' dir='ltr'><strong>δὲ</strong></span> <span class='ocrx_word' id='word_1_679' title='bbox 2259 3783 2345 3834; x_wconf 68' lang='grc' dir='ltr'>διὰ</span> <span class='ocrx_word' id='word_1_680' title='bbox 2374 3782 2540 3850; x_wconf 74' lang='grc' dir='ltr'>φόϐον</span> <span class='ocrx_word' id='word_1_681' title='bbox 2568 3783 2626 3832; x_wconf 92' lang='grc' dir='ltr'><strong>ἐν</strong></span> <span class='ocrx_word' id='word_1_682' title='bbox 2648 3780 2920 3841; x_wconf 78' lang='grc' dir='ltr'>δουλικαῖς</span> <span class='ocrx_word' id='word_1_683' title='bbox 2942 3779 3136 3848; x_wconf 83' lang='grc' dir='ltr'>ἐσθῆσι</span> <span class='ocrx_word' id='word_1_684' title='bbox 3155 3778 3658 3848; x_wconf 79' lang='grc' dir='ltr'>μετημφιασμένοι,</span> 
     </span>
    </p>
   </div>
   <div class='ocr_carea' id='block_1_97' title="bbox 2076 3872 3656 3944">
    <p class='ocr_par' dir='ltr' id='par_1_97' title="bbox 2076 3872 3656 3944">
     <span class='ocr_line' id='line_1_97' title="bbox 2076 3872 3656 3944; baseline -0.007 -13"><span class='ocrx_word' id='word_1_685' title='bbox 2076 3878 2176 3932; x_wconf 74' lang='grc' dir='ltr'>ἐπὶ</span> <span class='ocrx_word' id='word_1_686' title='bbox 2202 3877 2410 3941; x_wconf 80' lang='grc' dir='ltr'>ζευγῶν</span> <span class='ocrx_word' id='word_1_687' title='bbox 2453 3874 2684 3944; x_wconf 79' lang='grc' dir='ltr'>μισθίων</span> <span class='ocrx_word' id='word_1_688' title='bbox 2715 3874 2814 3942; x_wconf 81' lang='grc' dir='ltr'>τῆς</span> <span class='ocrx_word' id='word_1_689' title='bbox 2861 3873 3081 3942; x_wconf 78' lang='grc' dir='ltr'>Ῥώμης</span> <span class='ocrx_word' id='word_1_690' title='bbox 3131 3873 3385 3943; x_wconf 80' lang='grc' dir='ltr'>ἐξῄεσαν.</span> <span class='ocrx_word' id='word_1_691' title='bbox 3429 3872 3499 3924; x_wconf 89' lang='grc' dir='ltr'>Ὃ</span> <span class='ocrx_word' id='word_1_692' title='bbox 3531 3872 3656 3932; x_wconf 76' lang='grc' dir='ltr'>τοὺς</span> 
     </span>
    </p>
   </div>
   <div class='ocr_carea' id='block_1_98' title="bbox 2087 3966 3656 4042">
    <p class='ocr_par' dir='ltr' id='par_1_98' title="bbox 2087 3966 3656 4042">
     <span class='ocr_line' id='line_1_98' title="bbox 2087 3966 3656 4042; baseline -0.006 -17"><span class='ocrx_word' id='word_1_693' title='bbox 2087 3971 2421 4042; x_wconf 87' lang='grc' dir='ltr'>στρατιώτας</span> <span class='ocrx_word' id='word_1_694' title='bbox 2447 3967 2787 4037; x_wconf 83' lang='grc' dir='ltr'>παρώξυνεν,</span> <span class='ocrx_word' id='word_1_695' title='bbox 2817 3968 3019 4038; x_wconf 82' lang='grc' dir='ltr'>ἄνδρας</span> <span class='ocrx_word' id='word_1_696' title='bbox 3071 3967 3389 4036; x_wconf 81' lang='grc' dir='ltr'>ἐλλογίμους</span> <span class='ocrx_word' id='word_1_697' title='bbox 3417 3966 3531 4033; x_wconf 68' lang='grc'>(64)</span> <span class='ocrx_word' id='word_1_698' title='bbox 3567 3966 3656 4016; x_wconf 78' lang='grc' dir='ltr'>καὶ</span> 
     </span>
    </p>
   </div>
   <div class='ocr_carea' id='block_1_99' title="bbox 2083 4062 3655 4136">
    <p class='ocr_par' dir='ltr' id='par_1_99' title="bbox 2083 4062 3655 4136">
     <span class='ocr_line' id='line_1_99' title="bbox 2083 4062 3655 4136; baseline -0.006 -15"><span class='ocrx_word' id='word_1_699' title='bbox 2083 4068 2350 4136; x_wconf 74' lang='grc' dir='ltr'>ἄρχοντας</span> <span class='ocrx_word' id='word_1_700' title='bbox 2413 4065 2908 4135; x_wconf 76' lang='grc' dir='ltr'>περιυϐρισμένους</span> <span class='ocrx_word' id='word_1_701' title='bbox 2975 4065 3237 4133; x_wconf 79' lang='grc' dir='ltr'>ὁρῶντας.</span> <span class='ocrx_word' id='word_1_702' title='bbox 3301 4065 3517 4131; x_wconf 81' lang='grc' dir='ltr'>Καῖσαρ</span> <span class='ocrx_word' id='word_1_703' title='bbox 3577 4062 3655 4129; x_wconf 76' lang='grc' dir='ltr'><strong>δέ,</strong></span> 
     </span>
    </p>
   </div>
   <div class='ocr_carea' id='block_1_100' title="bbox 2085 4154 3654 4228">
    <p class='ocr_par' dir='ltr' id='par_1_100' title="bbox 2085 4154 3654 4228">
     <span class='ocr_line' id='line_1_100' title="bbox 2085 4154 3654 4228; baseline -0.003 -18"><span class='ocrx_word' id='word_1_704' title='bbox 2085 4158 2316 4221; x_wconf 49' lang='grc' dir='ltr'>πολλοὺς</span> <span class='ocrx_word' id='word_1_705' title='bbox 2344 4157 2643 4228; x_wconf 72' lang='grc' dir='ltr'>λογισμοὺς</span> <span class='ocrx_word' id='word_1_706' title='bbox 2675 4160 2906 4227; x_wconf 83' lang='grc' dir='ltr'>κινήσας</span> <span class='ocrx_word' id='word_1_707' title='bbox 2950 4157 3044 4209; x_wconf 71' lang='grc' dir='ltr'>καὶ</span> <span class='ocrx_word' id='word_1_708' title='bbox 3096 4156 3371 4227; x_wconf 73' lang='grc' dir='ltr'>διαφόρων</span> <span class='ocrx_word' id='word_1_709' title='bbox 3419 4154 3654 4223; x_wconf 83' lang='grc' dir='ltr'>γνωμῶν</span> 
     </span>
    </p>
   </div>
   <div class='ocr_carea' id='block_1_101' title="bbox 2079 4247 3655 4320">
    <p class='ocr_par' dir='ltr' id='par_1_101' title="bbox 2079 4247 3655 4320">
     <span class='ocr_line' id='line_1_101' title="bbox 2079 4247 3655 4320; baseline -0.017 0"><span class='ocrx_word' id='word_1_710' title='bbox 2079 4250 2352 4319; x_wconf 72' lang='grc' dir='ltr'>γεγονὼς.</span> <span class='ocrx_word' id='word_1_711' title='bbox 2397 4251 2551 4312; x_wconf 72' lang='grc' dir='ltr'>τέλθς</span> <span class='ocrx_word' id='word_1_712' title='bbox 2576 4249 2736 4302; x_wconf 78' lang='grc' dir='ltr'>τοῦτο</span> <span class='ocrx_word' id='word_1_713' title='bbox 2763 4250 2826 4320; x_wconf 82' lang='grc' dir='ltr'><strong>δὴ</strong></span> <span class='ocrx_word' id='word_1_714' title='bbox 2857 4249 2918 4302; x_wconf 83' lang='grc' dir='ltr'><strong>τὸ</strong></span> <span class='ocrx_word' id='word_1_715' title='bbox 2945 4249 3122 4302; x_wconf 78' lang='grc' dir='ltr'>κοινὸν</span> <span class='ocrx_word' id='word_1_716' title='bbox 3159 4247 3423 4307; x_wconf 83' lang='grc' dir='ltr'>ὑπειπὼν,</span> <span class='ocrx_word' id='word_1_717' title='bbox 3469 4248 3655 4315; x_wconf 79' lang='grc' dir='ltr'><strong>Ἓρῤί-</strong></span> 
     </span>
    </p>
   </div>
   <div class='ocr_carea' id='block_1_102' title="bbox 2083 4340 3654 4412">
    <p class='ocr_par' dir='ltr' id='par_1_102' title="bbox 2083 4340 3654 4412">
     <span class='ocr_line' id='line_1_102' title="bbox 2083 4340 3654 4412; baseline -0.003 -17"><span class='ocrx_word' id='word_1_718' title='bbox 2083 4346 2210 4411; x_wconf 66' lang='grc' dir='ltr'>φθω</span> <span class='ocrx_word' id='word_1_719' title='bbox 2232 4341 2716 4412; x_wconf 80' lang='grc' dir='ltr'>κύϐος,ώρμησε.</span> <span class='ocrx_word' id='word_1_720' title='bbox 2769 4343 2878 4394; x_wconf 69' lang='grc' dir='ltr'>Καὶ</span> <span class='ocrx_word' id='word_1_721' title='bbox 2912 4340 3003 4394; x_wconf 74' lang='grc' dir='ltr'>τὸν</span> <span class='ocrx_word' id='word_1_722' title='bbox 3073 4343 3318 4408; x_wconf 83' lang='grc' dir='ltr'>ποταμὸν</span> <span class='ocrx_word' id='word_1_723' title='bbox 3373 4341 3654 4392; x_wconf 74' lang='grc' dir='ltr'>Ῥουΰίκον</span> 
     </span>
    </p>
   </div>
   <div class='ocr_carea' id='block_1_103' title="bbox 2083 4431 3652 4505">
    <p class='ocr_par' dir='ltr' id='par_1_103' title="bbox 2083 4431 3652 4505">
     <span class='ocr_line' id='line_1_103' title="bbox 2083 4431 3652 4505; baseline -0.003 -17"><span class='ocrx_word' id='word_1_724' title='bbox 2083 4435 2256 4505; x_wconf 76' lang='grc' dir='ltr'>διέϐη,</span> <span class='ocrx_word' id='word_1_725' title='bbox 2293 4435 2387 4488; x_wconf 70' lang='grc' dir='ltr'>καὶ</span> <span class='ocrx_word' id='word_1_726' title='bbox 2435 4435 2496 4486; x_wconf 64' lang='grc' dir='ltr'><strong>τδ</strong></span> <span class='ocrx_word' id='word_1_727' title='bbox 2540 4433 2824 4504; x_wconf 78' lang='grc' dir='ltr'>Ἃρίμινον</span> <span class='ocrx_word' id='word_1_728' title='bbox 2884 4432 3142 4503; x_wconf 76' lang='grc' dir='ltr'>κατέσχε,</span> <span class='ocrx_word' id='word_1_729' title='bbox 3201 4431 3444 4502; x_wconf 82' lang='grc' dir='ltr'>μεγάλην</span> <span class='ocrx_word' id='word_1_730' title='bbox 3498 4433 3652 4484; x_wconf 86' lang='grc' dir='ltr'>πόλιν</span> 
     </span>
    </p>
   </div>
   <div class='ocr_carea' id='block_1_104' title="bbox 2083 4525 3654 4595">
    <p class='ocr_par' dir='ltr' id='par_1_104' title="bbox 2083 4525 3654 4595">
     <span class='ocr_line' id='line_1_104' title="bbox 2083 4525 3654 4595; baseline -0.003 -14"><span class='ocrx_word' id='word_1_731' title='bbox 2083 4529 2182 4595; x_wconf 76' lang='grc' dir='ltr'>τῆς</span> <span class='ocrx_word' id='word_1_732' title='bbox 2239 4526 2529 4594; x_wconf 75' lang='grc' dir='ltr'>Κελτικῆς.</span> <span class='ocrx_word' id='word_1_733' title='bbox 2561 4526 2882 4592; x_wconf 83' lang='grc' dir='ltr'>Λέγεταιδέ</span> <span class='ocrx_word' id='word_1_734' title='bbox 2933 4529 2998 4594; x_wconf 79' lang='grc' dir='ltr'>τῇ</span> <span class='ocrx_word' id='word_1_735' title='bbox 3049 4525 3155 4595; x_wconf 79' lang='grc' dir='ltr'><strong>πρὸ</strong></span> <span class='ocrx_word' id='word_1_736' title='bbox 3197 4525 3299 4593; x_wconf 78' lang='grc' dir='ltr'><strong>τῆς</strong></span> <span class='ocrx_word' id='word_1_737' title='bbox 3355 4525 3654 4588; x_wconf 68' lang='grc' dir='ltr'>διαϐάσεως</span> 
     </span>
    </p>
   </div>
   <div class='ocr_carea' id='block_1_105' title="bbox 2085 4616 3651 4688">
    <p class='ocr_par' dir='ltr' id='par_1_105' title="bbox 2085 4616 3651 4688">
     <span class='ocr_line' id='line_1_105' title="bbox 2085 4616 3651 4688; baseline 0.001 -19"><span class='ocrx_word' id='word_1_738' title='bbox 2085 4617 2238 4670; x_wconf 75' lang='grc' dir='ltr'>νυκτὶ</span> <span class='ocrx_word' id='word_1_739' title='bbox 2265 4618 2400 4688; x_wconf 79' lang='grc' dir='ltr'>δναρ</span> <span class='ocrx_word' id='word_1_740' title='bbox 2436 4618 2565 4670; x_wconf 75' lang='grc' dir='ltr'>ἰδεῖν</span> <span class='ocrx_word' id='word_1_741' title='bbox 2617 4617 2905 4684; x_wconf 73' lang='grc' dir='ltr'>ἔκθεσμον.</span> <span class='ocrx_word' id='word_1_742' title='bbox 2975 4616 3182 4670; x_wconf 82' lang='grc' dir='ltr'>Ἐδόκει</span> <span class='ocrx_word' id='word_1_743' title='bbox 3236 4619 3344 4686; x_wconf 84' lang='grc' dir='ltr'>γὰρ</span> <span class='ocrx_word' id='word_1_744' title='bbox 3391 4618 3559 4678; x_wconf 84' lang='grc' dir='ltr'>αύτὺς</span> <span class='ocrx_word' id='word_1_745' title='bbox 3586 4620 3651 4688; x_wconf 85' lang='grc' dir='ltr'><strong>τῇ</strong></span> 
     </span>
    </p>
   </div>
   <div class='ocr_carea' id='block_1_106' title="bbox 2083 4706 3654 4778">
    <p class='ocr_par' dir='ltr' id='par_1_106' title="bbox 2083 4706 3654 4778">
     <span class='ocr_line' id='line_1_106' title="bbox 2083 4706 3654 4778; baseline -0.001 -18"><span class='ocrx_word' id='word_1_746' title='bbox 2083 4707 2280 4760; x_wconf 81' lang='grc' dir='ltr'>ἐαυτοῦ</span> <span class='ocrx_word' id='word_1_747' title='bbox 2315 4709 2485 4778; x_wconf 75' lang='grc' dir='ltr'>μητρὶ</span> <span class='ocrx_word' id='word_1_748' title='bbox 2513 4707 2808 4777; x_wconf 83' lang='grc' dir='ltr'>μίγνυσθαι</span> <span class='ocrx_word' id='word_1_749' title='bbox 2836 4707 2934 4776; x_wconf 75' lang='grc' dir='ltr'><strong>τὴν</strong></span> <span class='ocrx_word' id='word_1_750' title='bbox 2987 4709 3225 4777; x_wconf 76' lang='grc' dir='ltr'>ἄρρητον</span> <span class='ocrx_word' id='word_1_751' title='bbox 3272 4706 3440 4775; x_wconf 77' lang='grc' dir='ltr'>μίξιν.</span> <span class='ocrx_word' id='word_1_752' title='bbox 3505 4709 3654 4760; x_wconf 76' lang='grc' dir='ltr'>Ἐπεὶ</span> 
     </span>
    </p>
   </div>
   <div class='ocr_carea' id='block_1_107' title="bbox 2086 4799 3653 4872">
    <p class='ocr_par' dir='ltr' id='par_1_107' title="bbox 2086 4799 3653 4872">
     <span class='ocr_line' id='line_1_107' title="bbox 2086 4799 3653 4872; baseline -0.001 -18"><span class='ocrx_word' id='word_1_753' title='bbox 2086 4802 2226 4855; x_wconf 84' lang='grc' dir='ltr'>δὲτὸ</span> <span class='ocrx_word' id='word_1_754' title='bbox 2272 4803 2551 4872; x_wconf 81' lang='grc' dir='ltr'>Ἀρίμινον</span> <span class='ocrx_word' id='word_1_755' title='bbox 2603 4801 2940 4871; x_wconf 76' lang='grc' dir='ltr'>κατελήφθη,</span> <span class='ocrx_word' id='word_1_756' title='bbox 2981 4799 3057 4861; x_wconf 84' lang='grc' dir='ltr'>ὡς</span> <span class='ocrx_word' id='word_1_757' title='bbox 3108 4800 3214 4853; x_wconf 77' lang='grc' dir='ltr'><strong>ὑπὸ</strong></span> <span class='ocrx_word' id='word_1_758' title='bbox 3264 4801 3653 4871; x_wconf 81' lang='grc' dir='ltr'>πνευμάτωνή</span> 
     </span>
    </p>
   </div>
   <div class='ocr_carea' id='block_1_108' title="bbox 2095 4891 3653 4964">
    <p class='ocr_par' dir='ltr' id='par_1_108' title="bbox 2095 4891 3653 4964">
     <span class='ocr_line' id='line_1_108' title="bbox 2095 4891 3653 4964; baseline -0.001 -17"><span class='ocrx_word' id='word_1_759' title='bbox 2095 4893 2280 4964; x_wconf 85' lang='grc' dir='ltr'>Ῥώμη</span> <span class='ocrx_word' id='word_1_760' title='bbox 2342 4893 2705 4963; x_wconf 81' lang='grc' dir='ltr'>πιμπλαμένη</span> <span class='ocrx_word' id='word_1_761' title='bbox 2763 4895 2926 4947; x_wconf 84' lang='grc' dir='ltr'>σάλου</span> <span class='ocrx_word' id='word_1_762' title='bbox 2980 4895 3076 4946; x_wconf 76' lang='grc' dir='ltr'>καὶ</span> <span class='ocrx_word' id='word_1_763' title='bbox 3122 4894 3410 4957; x_wconf 84' lang='grc' dir='ltr'>κλύδωνος,</span> <span class='ocrx_word' id='word_1_764' title='bbox 3455 4891 3653 4964; x_wconf 80' lang='grc' dir='ltr'>μικροῦ</span> 
     </span>
    </p>
   </div>
   <div class='ocr_carea' id='block_1_109' title="bbox 2083 4985 3654 5056">
    <p class='ocr_par' dir='ltr' id='par_1_109' title="bbox 2083 4985 3654 5056">
     <span class='ocr_line' id='line_1_109' title="bbox 2083 4985 3654 5056; baseline -0.001 -18"><span class='ocrx_word' id='word_1_765' title='bbox 2083 4985 2223 5052; x_wconf 78' lang='grc' dir='ltr'><strong>αὐτὴ</strong></span> <span class='ocrx_word' id='word_1_766' title='bbox 2257 4985 2348 5053; x_wconf 65' lang='grc' dir='ltr'><strong>ύψ⁹</strong></span> <span class='ocrx_word' id='word_1_767' title='bbox 2395 4987 2599 5054; x_wconf 79' lang='grc' dir='ltr'>ἑαυτῆς</span> <span class='ocrx_word' id='word_1_768' title='bbox 2648 4985 3037 5056; x_wconf 76' lang='grc' dir='ltr'>ἀνετέτραπτο.</span> <span class='ocrx_word' id='word_1_769' title='bbox 3083 4986 3151 5039; x_wconf 82' lang='grc' dir='ltr'><strong>Οἵ</strong></span> <span class='ocrx_word' id='word_1_770' title='bbox 3186 5003 3246 5038; x_wconf 90' lang='grc' dir='ltr'><strong>τε</strong></span> <span class='ocrx_word' id='word_1_771' title='bbox 3294 4985 3400 5056; x_wconf 86' lang='grc' dir='ltr'><strong>γὰρ</strong></span> <span class='ocrx_word' id='word_1_772' title='bbox 3457 4985 3654 5037; x_wconf 78' lang='grc' dir='ltr'>ὕπατοι</span> 
     </span>
    </p>
   </div>
   <div class='ocr_carea' id='block_1_110' title="bbox 2083 5075 3652 5145">
    <p class='ocr_par' dir='ltr' id='par_1_110' title="bbox 2083 5075 3652 5145">
     <span class='ocr_line' id='line_1_110' title="bbox 2083 5075 3652 5145; baseline 0 -16"><span class='ocrx_word' id='word_1_773' title='bbox 2083 5077 2180 5129; x_wconf 74' lang='grc' dir='ltr'><strong>καὶ</strong></span> <span class='ocrx_word' id='word_1_774' title='bbox 2211 5076 2260 5127; x_wconf 89' lang='grc' dir='ltr'><strong>οί</strong></span> <span class='ocrx_word' id='word_1_775' title='bbox 2294 5075 2510 5138; x_wconf 88' lang='grc' dir='ltr'>πλείους</span> <span class='ocrx_word' id='word_1_776' title='bbox 2543 5075 2654 5128; x_wconf 82' lang='grc' dir='ltr'><strong>τῶν</strong></span> <span class='ocrx_word' id='word_1_777' title='bbox 2687 5076 2988 5145; x_wconf 82' lang='grc' dir='ltr'>βουλευτῶν</span> <span class='ocrx_word' id='word_1_778' title='bbox 3011 5076 3263 5145; x_wconf 77' lang='grc' dir='ltr'>ἔφευγον,</span> <span class='ocrx_word' id='word_1_779' title='bbox 3291 5079 3384 5131; x_wconf 78' lang='grc' dir='ltr'>καὶ</span> <span class='ocrx_word' id='word_1_780' title='bbox 3415 5077 3578 5129; x_wconf 78' lang='grc' dir='ltr'>αὐτὸν</span> <span class='ocrx_word' id='word_1_781' title='bbox 3597 5076 3652 5129; x_wconf 65' lang='grc' dir='ltr'>(ἐ</span> 
     </span>
    </p>
   </div>
   <div class='ocr_carea' id='block_1_111' title="bbox 2085 5167 3652 5238">
    <p class='ocr_par' dir='ltr' id='par_1_111' title="bbox 2085 5167 3652 5238">
     <span class='ocr_line' id='line_1_111' title="bbox 2085 5167 3652 5238; baseline 0 -18"><span class='ocrx_word' id='word_1_782' title='bbox 2085 5168 2371 5236; x_wconf 86' lang='grc' dir='ltr'>Πομπήϊον</span> <span class='ocrx_word' id='word_1_783' title='bbox 2404 5167 2669 5238; x_wconf 76' lang='grc' dir='ltr'>ἔκπληξις</span> <span class='ocrx_word' id='word_1_784' title='bbox 2698 5167 2832 5238; x_wconf 83' lang='grc' dir='ltr'>εἶχε,</span> <span class='ocrx_word' id='word_1_785' title='bbox 2866 5167 2960 5220; x_wconf 80' lang='grc' dir='ltr'>καὶ</span> <span class='ocrx_word' id='word_1_786' title='bbox 3011 5167 3185 5231; x_wconf 79' lang='grc' dir='ltr'>ἄλλως</span> <span class='ocrx_word' id='word_1_787' title='bbox 3218 5168 3516 5238; x_wconf 79' lang='grc' dir='ltr'>ἀλλαχόθεν</span> <span class='ocrx_word' id='word_1_788' title='bbox 3564 5169 3652 5221; x_wconf 72' lang='grc' dir='ltr'>τὸν</span> 
     </span>
    </p>
   </div>
   <div class='ocr_carea' id='block_1_112' title="bbox 2084 5259 3651 5330">
    <p class='ocr_par' dir='ltr' id='par_1_112' title="bbox 2084 5259 3651 5330">
     <span class='ocr_line' id='line_1_112' title="bbox 2084 5259 3651 5330; baseline -0.001 -16"><span class='ocrx_word' id='word_1_789' title='bbox 2084 5262 2254 5330; x_wconf 84' lang='grc' dir='ltr'>ἄνδρα</span> <span class='ocrx_word' id='word_1_790' title='bbox 2281 5260 2602 5330; x_wconf 80' lang='grc' dir='ltr'>ἐτάραττον,</span> <span class='ocrx_word' id='word_1_791' title='bbox 2647 5261 2959 5330; x_wconf 80' lang='grc' dir='ltr'>αἰτιώμενοι</span> <span class='ocrx_word' id='word_1_792' title='bbox 2988 5260 3064 5324; x_wconf 86' lang='grc' dir='ltr'>ὡς</span> <span class='ocrx_word' id='word_1_793' title='bbox 3085 5260 3209 5313; x_wconf 85' lang='grc' dir='ltr'>καθ’</span> <span class='ocrx_word' id='word_1_794' title='bbox 3237 5259 3430 5312; x_wconf 81' lang='grc' dir='ltr'>ἑαυτοῦ</span> <span class='ocrx_word' id='word_1_795' title='bbox 3445 5261 3540 5312; x_wconf 70' lang='grc' dir='ltr'><strong>καὶ</strong></span> <span class='ocrx_word' id='word_1_796' title='bbox 3555 5259 3651 5326; x_wconf 82' lang='grc' dir='ltr'>τῆς</span> 
     </span>
    </p>
   </div>
   <div class='ocr_carea' id='block_1_113' title="bbox 2082 5347 3648 5419">
    <p class='ocr_par' dir='ltr' id='par_1_113' title="bbox 2082 5347 3648 5419">
     <span class='ocr_line' id='line_1_113' title="bbox 2082 5347 3648 5419; baseline -0.001 -18"><span class='ocrx_word' id='word_1_797' title='bbox 2082 5348 2358 5411; x_wconf 84' lang='grc' dir='ltr'>πολιτείας</span> <span class='ocrx_word' id='word_1_798' title='bbox 2392 5347 2704 5416; x_wconf 80' lang='grc' dir='ltr'>αὐξήσαντα</span> <span class='ocrx_word' id='word_1_799' title='bbox 2739 5349 2996 5419; x_wconf 74' lang='grc' dir='ltr'>Καίσαρα</span> <span class='ocrx_word' id='word_1_800' title='bbox 3017 5364 3030 5376; x_wconf 83' lang='lat'><strong><em>°</em></strong></span> <span class='ocrx_word' id='word_1_801' title='bbox 3061 5349 3157 5402; x_wconf 77' lang='grc' dir='ltr'>καὶ</span> <span class='ocrx_word' id='word_1_802' title='bbox 3183 5349 3360 5411; x_wconf 77' lang='grc' dir='ltr'>οὐδεὶς</span> <span class='ocrx_word' id='word_1_803' title='bbox 3387 5349 3474 5401; x_wconf 80' lang='grc' dir='ltr'>εἶα</span> <span class='ocrx_word' id='word_1_804' title='bbox 3490 5348 3648 5401; x_wconf 72' lang='grc' dir='ltr'>αὑτὸν</span> 
     </span>
    </p>
   </div>
   <div class='ocr_carea' id='block_1_114' title="bbox 2081 5441 3646 5512">
    <p class='ocr_par' dir='ltr' id='par_1_114' title="bbox 2081 5441 3646 5512">
     <span class='ocr_line' id='line_1_114' title="bbox 2081 5441 3646 5512; baseline 0.002 -20"><span class='ocrx_word' id='word_1_805' title='bbox 2081 5443 2195 5502; x_wconf 84' lang='grc' dir='ltr'>τοῖς</span> <span class='ocrx_word' id='word_1_806' title='bbox 2229 5441 2450 5503; x_wconf 78' lang='grc' dir='ltr'>οἰκείοις</span> <span class='ocrx_word' id='word_1_807' title='bbox 2478 5441 2784 5511; x_wconf 82' lang='grc' dir='ltr'>χρήσασθαι</span> <span class='ocrx_word' id='word_1_808' title='bbox 2820 5444 3122 5510; x_wconf 79' lang='grc' dir='ltr'>λογισμοῖς.</span> <span class='ocrx_word' id='word_1_809' title='bbox 3145 5443 3236 5494; x_wconf 84' lang='grc' dir='ltr'>Διὸ</span> <span class='ocrx_word' id='word_1_810' title='bbox 3255 5441 3348 5495; x_wconf 75' lang='grc' dir='ltr'>καὶ</span> <span class='ocrx_word' id='word_1_811' title='bbox 3377 5443 3474 5512; x_wconf 79' lang='grc' dir='ltr'>τὴν</span> <span class='ocrx_word' id='word_1_812' title='bbox 3496 5441 3646 5495; x_wconf 81' lang='grc' dir='ltr'>πόλιν</span> 
     </span>
    </p>
   </div>
   <div class='ocr_carea' id='block_1_115' title="bbox 2077 5534 3644 5608">
    <p class='ocr_par' dir='ltr' id='par_1_115' title="bbox 2077 5534 3644 5608">
     <span class='ocr_line' id='line_1_115' title="bbox 2077 5534 3644 5608; baseline 0.001 -24"><span class='ocrx_word' id='word_1_813' title='bbox 2077 5534 2348 5599; x_wconf 75' lang='grc' dir='ltr'>ἐξέλιπεν,</span> <span class='ocrx_word' id='word_1_814' title='bbox 2391 5535 2619 5590; x_wconf 77' lang='grc' dir='ltr'>ἔπεσθαι</span> <span class='ocrx_word' id='word_1_815' title='bbox 2655 5534 2758 5606; x_wconf 80' lang='grc' dir='ltr'>τὴν</span> <span class='ocrx_word' id='word_1_816' title='bbox 2777 5535 3074 5608; x_wconf 84' lang='grc' dir='ltr'>γερουσίαν</span> <span class='ocrx_word' id='word_1_817' title='bbox 3103 5536 3390 5602; x_wconf 81' lang='grc' dir='ltr'>κελεύσας.</span> <span class='ocrx_word' id='word_1_818' title='bbox 3418 5534 3644 5588; x_wconf 79' lang='grc' dir='ltr'>Εἶποντο</span> 
     </span>
    </p>
   </div>
   <div class='ocr_carea' id='block_1_116' title="bbox 1579 5690 2448 5754">
    <p class='ocr_par' dir='ltr' id='par_1_116' title="bbox 1579 5690 2448 5754">
     <span class='ocr_line' id='line_1_116' title="bbox 1579 5690 2448 5754; baseline 0.003 -4"><span class='ocrx_word' id='word_1_819' title='bbox 1579 5690 1774 5751; x_wconf 61' lang='lat' dir='ltr'><strong>Varia)</strong></span> <span class='ocrx_word' id='word_1_820' title='bbox 1805 5690 2114 5752; x_wconf 84' lang='lat' dir='ltr'><strong>lectiones</strong></span> <span class='ocrx_word' id='word_1_821' title='bbox 2158 5700 2218 5752; x_wconf 90' lang='lat' dir='ltr'><strong>et</strong></span> <span class='ocrx_word' id='word_1_822' title='bbox 2259 5703 2448 5754; x_wconf 70' lang='lat' dir='ltr'><strong>uotte.</strong></span> 
     </span>
    </p>
   </div>
   <div class='ocr_carea' id='block_1_117' title="bbox 474 5827 1980 5906">
    <p class='ocr_par' dir='ltr' id='par_1_117' title="bbox 474 5827 1976 5903">
     <span class='ocr_line' id='line_1_117' title="bbox 474 5827 1976 5903; baseline 0.006 -23"><span class='ocrx_word' id='word_1_823' title='bbox 474 5827 584 5899; x_wconf 74' lang='grc' dir='ltr'><strong>(δι)</strong></span> <span class='ocrx_word' id='word_1_824' title='bbox 623 5831 1036 5903; x_wconf 64' lang='grc' dir='ltr'>Ἐλλογίμοινς.</span> <span class='ocrx_word' id='word_1_825' title='bbox 1069 5834 1148 5890; x_wconf 85' lang='lat' dir='ltr'><strong>Ita</strong></span> <span class='ocrx_word' id='word_1_826' title='bbox 1174 5850 1303 5892; x_wconf 82' lang='lat' dir='ltr'><strong>mss.</strong></span> <span class='ocrx_word' id='word_1_827' title='bbox 1331 5835 1561 5893; x_wconf 75' lang='lat' dir='ltr'><strong>Wellius</strong></span> <span class='ocrx_word' id='word_1_828' title='bbox 1604 5837 1850 5894; x_wconf 83' lang='lat' dir='ltr'><strong>ediderat</strong></span> <span class='ocrx_word' id='word_1_829' title='bbox 1888 5837 1976 5892; x_wconf 80' lang='grc' dir='ltr'><strong>ἐλλ</strong></span> 
     </span>
    </p>
   </div>
   <div class='ocr_carea' id='block_1_118' title="bbox 2085 5827 2829 5906">
    <p class='ocr_par' dir='ltr' id='par_1_118' title="bbox 2085 5837 2829 5906">
     <span class='ocr_line' id='line_1_118' title="bbox 2085 5837 2829 5906; baseline 0.004 -16"><span class='ocrx_word' id='word_1_830' title='bbox 2085 5839 2263 5906; x_wconf 63' lang='grc' dir='ltr'>εμοὺς,</span> <span class='ocrx_word' id='word_1_831' title='bbox 2297 5837 2585 5894; x_wconf 70' lang='lat' dir='ltr'><strong>manifesto</strong></span> <span class='ocrx_word' id='word_1_832' title='bbox 2617 5851 2829 5894; x_wconf 84' lang='lat' dir='ltr'><strong>crrorc.</strong></span> 
     </span>
    </p>
   </div>
  </div>
