4050 6210
390 237 492 299 823

1688 233 2006 292 ΙΟᾹΝΝΙΞ
2047 231 2371 292 ΖΟΝᾹῐῖινΕ

3553 233 3672 296 824

384 343 639 410 tentavit,
697 360 763 400 ac
812 345 1197 416 percussisset,
1240 344 1346 400 nisi
1387 343 1625 414 armiger
1653 345 1775 413 ejus
1845 343 1948 397 hue

2066 343 2217 405 ιύτδς
2246 343 2303 396 δέ
2351 342 2504 413 παρὰ
2539 359 2738 412 μικρον
2788 336 2957 410 ἦλθεν
2998 341 3316 396 ἀποθανεῖν.
3390 343 3672 412 Φεύγοντι

383 451 597 492 merum
645 437 796 492 illius
833 446 1188 508 amputasset.
1235 437 1371 491 Cum
1422 445 1607 489 autem
1653 435 1951 504 Pompeius

383 545 580 600 magno
610 529 839 584 facinori
873 529 1180 598 col0phone
1209 543 1319 581 non
1349 526 1582 594 adiecto,
1611 526 1952 596 fugientibus

382 623 438 676 in
471 623 674 677 vallum
714 621 1014 691 compulsis
1038 620 1378 684 recessisset,
1408 619 1591 674 Caesar
1643 620 1782 676 dixit
1815 636 1831 675 :
1872 618 1950 673 Eo

381 714 466 767 die
490 714 762 766 rictoriam
790 729 943 780 penes
970 713 1138 766 hostes
1155 711 1334 780 fuisse.
1357 713 1404 766 si
1439 714 1608 766 virum
1625 712 1949 776 habuissent,

381 805 474 874 qui
495 805 654 857 sciret
693 803 857 874 485
887 806 1110 858 vincere.
1138 803 1270 858 lude
1308 804 1610 874 digressus,
1645 805 1950 859 exercitum

381 897 437 949 in
489 895 864 950 Macedoniam
909 903 1101 950 contra
1152 893 1467 965 Scipionem
1522 897 1821 966 promovit.
1875 897 1950 952 Ea

382 1001 472 1041 res
512 985 759 1058 Pompeii
786 987 1094 1042 exercitum
1124 995 1180 1041 et
1208 987 1411 1042 ducum
1447 989 1661 1044 animos
1689 1005 1828 1044 vana
1854 1003 1953 1059 spe

383 1076 615 1138 inflavit,
662 1085 724 1131 ut
761 1076 1033 1132 Cmsarem
1091 1077 1244 1132 velut
1286 1078 1491 1132 vietum
1538 1087 1594 1132 et
1651 1077 1952 1148 fugientem

383 1171 638 1239 persequi
691 1177 983 1238 cuperent.
1024 1170 1067 1223 Α
1095 1185 1204 1240 quo
1233 1171 1467 1226 consilio
1510 1170 1806 1240 Pompeius
1855 1170 1955 1224 ab-

382 1259 634 1323 horrens,
678 1258 881 1314 bellum
937 1259 1165 1323 ducere,
1217 1270 1269 1315 et
1306 1277 1459 1315 mora
1503 1261 1620 1330 ipsa
1655 1262 1800 1316 vires
1858 1261 1956 1315 ho-

381 1349 546 1404 stium
590 1359 880 1404 attenuare
926 1351 1236 1422 consultius
1281 1367 1403 1406 esse
1455 1351 1664 1406 duxit;
1718 1367 1954 1422 eamque

380 1442 708 1495 sententiam
749 1442 849 1495 soli
891 1442 1085 1498 Catoni
1137 1443 1428 1513 probavit,
1472 1445 1688 1499 civibus
1724 1459 1952 1513 parcere

381 1534 650 1604 cupienti,
681 1535 772 1603 qui
801 1551 926 1589 cum
957 1535 1197 1588 hostium
1227 1536 1451 1590 circiter
1475 1537 1624 1590 mille
1660 1552 1830 1591 czesos
1870 1538 1954 1590 vi-

381 1626 576 1690 disset,
621 1626 878 1680 obvoluta
927 1626 1102 1689 facie,
1155 1627 1278 1682 illos
1339 1626 1671 1698 deploravit.
1727 1627 1956 1683 Caeteris

381 1733 516 1774 vero
557 1719 818 1773 omnibus
859 1735 1056 1789 pugnat-
1100 1718 1554 1775 detrectationem
1592 1721 1957 1790 vituperanti.

382 1809 508 1874 bus,
528 1811 825 1879 Pompeius
854 1811 938 1865 vel
972 1811 1177 1865 invitus
1211 1811 1479 1866 Caesarem
1503 1820 1587 1866 est
1611 1820 1956 1881 persecutus.

386 1899 456 1956 Ut
502 1917 637 1956 vero
681 1901 843 1955 ambo
888 1901 944 1956 in
984 1901 1265 1956 Pharsalia
1313 1911 1492 1955 castra
1531 1910 1869 1971 posuerunt,
1902 1900 1956 1953 in

384 1992 620 2064 pristina
651 1994 920 2048 sententia
952 1994 1255 2063 permansit
1276 2035 1289 2057 ,
1323 1993 1394 2048 ob
1433 1992 1618 2046 omina
1650 2007 1838 2061 parum
1863 2007 1961 2044 au-

382 2085 618 2156 spicata,
655 2095 710 2139 et
754 2087 930 2140 visum
974 2095 1332 2139 nocturnum.
1373 2102 1485 2152 quo
1518 2084 1573 2138 in
1612 2083 1827 2137 theatro
1857 2097 1959 2136 suo

384 2176 643 2244 plausum
681 2174 802 2229 dari
854 2174 961 2229 sibi
1006 2175 1254 2244 putabat.
1313 2175 1446 2243 Ejus
1484 2188 1616 2226 vero
1663 2171 1960 2226 familiares

387 2267 628 2322 audaces
682 2274 879 2332 erant,
936 2281 1034 2336 spe
1098 2266 1344 2321 victoria:
1412 2274 1704 2336 praecepta.
1776 2263 1958 2318 Cmsar

388 2375 516 2415 cum
564 2372 698 2413 suos
743 2359 950 2414 milites
1002 2367 1279 2428 rOgasset,
1325 2366 1511 2411 utrum
1563 2356 1666 2410 soli
1711 2370 1960 2424 pugnare

389 2451 638 2511 mallent.
673 2466 741 2504 an
769 2451 1015 2521 reliquos
1039 2459 1382 2518 exspectare,
1423 2448 1518 2518 qui
1555 2447 1610 2500 iu
1649 2445 1962 2516 propinquo

382 2552 572 2600 essent
591 2559 604 2594 :
624 2541 694 2596 ab
714 2540 782 2596 iis
804 2551 994 2596 oratus
1013 2550 1118 2604 est,
1146 2553 1215 2594 ne
1247 2548 1611 2608 exspectaret.
1633 2538 1838 2591 llostiis
1860 2553 1962 2592 ca:-

387 2636 466 2691 sis
499 2648 731 2702 aruspex
773 2631 932 2697 dixit,
967 2631 1111 2685 intra
1151 2629 1392 2684 triduum
1423 2638 1796 2700 pugnaturum
1837 2643 1963 2682 cum

385 2726 659 2782 hostibus.
681 2727 749 2781 Et
794 2724 1017 2787 Caesari,
1045 2723 1263 2792 qualem
1303 2737 1497 2792 pugna:
1531 2720 1740 2775 exitum
1768 2719 1964 2790 pragvi-

385 2823 566 2885 deret,
605 2817 950 2890 percontanti
994 2813 1327 2885 respondit:
1378 2813 1626 2883 Magnam
1674 2811 1791 2866 fore
1841 2827 1964 2865 mu-

385 2916 653 2970 tationem
686 2915 740 2968 in
768 2910 1109 2968 contrarium
1136 2924 1152 2962 :
1181 2907 1326 2979 quod
1355 2908 1398 2963 si
1425 2908 1478 2961 in
1506 2907 1796 2978 prmsentia
1823 2906 1964 2961 bene

383 3025 510 3063 eum
556 3022 624 3062 eo
660 3015 939 3078 ageretur,
1000 3002 1336 3058 deteriorem
1377 2999 1658 3055 fortunam
1700 3014 1821 3055 esse
1858 3015 1960 3054 ex-

385 3099 740 3170 spectandam
767 3115 782 3164 ;
813 3097 898 3152 sin
929 3094 1094 3156 male,
1128 3093 1437 3148 meliorem.

2054 434 2164 505 γὰρ
2195 434 2353 506 ἀνδρὶ
2384 435 2612 505 μεγάλῳ
2653 435 2748 486 καὶ
2789 435 3067 507 ῥωμαλέῳ
3113 436 3214 505 τὴν
3266 438 3429 506 χεῖρα
3463 439 3672 490 ἐπιεαο

2053 525 2186 592 λὼν,
2251 527 2436 596 μένειν
2500 525 2726 578 ἐκέλευε
2791 525 2890 580 καὶ
2944 526 3285 594 στρέφεσθαι
3331 528 3476 594 πρὸς
3527 529 3667 592 τοὺς

2055 618 2377 687 πολεμίους.
2439 618 2500 672 Ὀ
2553 618 2610 671 δέ
2665 617 2868 687 μεστὸς
2916 617 2993 670 ὢν
3045 623 3298 688 ταραχῆς
3342 621 3523 690 ἐπῆρε
3557 623 3670 689 τήν

2055 711 2217 780 χεῖρα
2246 695 2574 779 ὡς’πλήξων
2632 709 2822 763 αύτόνο
2880 711 2976 762 καὶ
3027 709 3266 778 ἕπληξεν
3308 711 3395 774 ἂν,
3427 713 3476 763 εἰ
3512 712 3594 783 μὴ
3639 715 3669 765 ό

2055 799 2152 852 τοῦ
2182 799 2464 868 Καίσαρος
2497 800 2861 869 ὑπασπιστὴς
2888 801 2981 852 τὸν
3011 794 3165 870 ὦμον
3195 801 3410 856 ἐκείνου
3436 804 3669 871 φθάσας

2057 888 2359 958 ἀπέκοψεν.
2390 887 2549 943 Οὖτω
2586 889 2632 942 δ’
2677 888 2909 952 ἀπέγνω
2954 889 3078 942 τότε
3134 891 3368 962 Καῖσαρ
3408 892 3479 944 τά
3533 893 3670 945 καθ’

2058 979 2275 1043 ἐαυτὸν,
2331 979 2476 1032 ὥστε
2515 979 2611 1032 τοῦ
2687 981 2988 1050 Πομπηΐου
3061 981 3215 1054 ἔργῳ
3285 985 3516 1054 μεγάλῳ
3585 986 3671 1056 μὴ

2056 1071 2344 1134 ἐπιθέντος
2373 1071 2554 1138 τέλος,
2593 1072 2736 1125 ἀλλὰ
2763 1071 3163 1142 καθείρξαντος
3192 1076 3323 1139 τοὺς
3348 1077 3669 1145 φεύγοντας

2058 1167 2140 1227 εἰς
2183 1165 2276 1218 τὸν
2303 1166 2525 1235 χάρακα
2555 1166 2654 1219 καὶ
2685 1167 3180 1239 ἀναχωρήσαντος,
3234 1166 3394 1223 εἶπεν
3437 1173 3467 1223 ὁ
3513 1174 3670 1226 Καῖ-

2060 1273 2184 1326 σαρ⁸
2212 1257 2483 1325 Σήμερον
2515 1259 2550 1326 ἡ
2583 1259 2724 1324 νίκη
2760 1259 2926 1326 παρὰ
2979 1261 3109 1326 τοῖς
3155 1264 3478 1330 πολεμίοις
3524 1263 3668 1332 ἑγέο

2055 1365 2194 1402 νετο
2227 1348 2325 1411 ἂν,
2355 1351 2408 1403 εί
2439 1349 2547 1402 τεν
2582 1349 2849 1404 νικῶντα
2889 1346 3084 1419 εἶχον.
3123 1353 3373 1405 Ἐκεῖθεν
3395 1354 3450 1406 δὲ
3483 1372 3667 1423 μετα-

2059 1441 2213 1504 στὰς,
2238 1440 2328 1492 τὸν
2359 1442 2592 1512 στρατὸν
2624 1442 2706 1504 εἰς
2739 1443 3089 1497 Μακεδονίαν
3122 1446 3370 1514 προῆγεν
3399 1447 3494 1498 ἐπὶ
3522 1448 3666 1498 Σκι-

2059 1531 2256 1584 πίωνα.
2293 1531 2464 1585 Τοῦτο
2505 1531 2601 1602 τὴν
2657 1533 2951 1603 Πομπηΐου
3005 1537 3271 1606 στρατιάν
3317 1539 3493 1607 ἐπῆρε
3564 1540 3670 1592 καὶ

2059 1625 2186 1685 τοὺς
2216 1623 2349 1694 περῖ⁵
2379 1624 2544 1677 αύτδν
2572 1626 2874 1694 ἡγεμόνας,
2910 1627 2986 1689 ὡς
3018 1629 3334 1698 ἡττημένου
3358 1632 3454 1682 καὶ
3522 1631 3670 1698 φεύ-

2061 1732 2252 1784 γον-τος
2292 1716 2577 1786 Καίσαρος
2637 1717 2940 1782 διώκοντας
2995 1720 3256 1774 ἕπεσθαι.
3316 1722 3585 1785 Εύλαϐώς
3621 1725 3670 1775 δ’

2061 1803 2174 1878 εἶχε
2207 1808 2343 1877 πρὶς
2400 1810 2560 1861 τοῦτο
2607 1810 2925 1880 Πομπήϊος,
2959 1813 3056 1865 καὶ
3105 1813 3261 1883 ἠξίου
3317 1815 3531 1884 τρίϐειν
3565 1818 3670 1870 καὶ

2065 1897 2353 1968 μαραίνειν
2377 1898 2476 1968 τὴν
2510 1899 2618 1951 τῶν
2649 1901 2929 1968 πολεμίων
2956 1904 3166 1971 ἀκμήν.
3203 1905 3313 1974 Τὴν
3335 1905 3391 1957 δὲ
3422 1905 3670 1974 γνώμην

2065 1988 2223 2054 μόνος
2250 1987 2435 2057 ἐπῄνει
2462 1989 2656 2040 Κάτων
2706 1991 2885 2058 φειδοῖ
2912 1990 3022 2043 τῶν
3056 1992 3312 2044 πολιτῶν.
3343 1994 3442 2054 "0;
3471 2011 3534 2060 γε
3563 1995 3672 2047 καὶ

2061 2078 2188 2141 τοὺς
2224 2080 2494 2142 πεσόντας
2544 2081 2654 2132 τῶν
2691 2081 2982 2152 πολεμίων
3012 2083 3089 2146 ὡς
3124 2086 3207 2148 είς
3245 2085 3454 2154 χιλίους
3490 2087 3668 2150 ὄντας

2067 2170 2208 2232 ίδὼν,
2251 2171 2498 2242 ἀπῆλθεν
2555 2173 3018 2244 ἐγκαλυψάμενος
3068 2177 3164 2230 καὶ
3199 2177 3664 2248 καταδακρύσας.

2063 2263 2124 2315 Oi
2153 2262 2198 2315 δ’
2224 2262 2374 2316 ἄλλοι
2403 2265 2601 2326 πάντες
2632 2264 2894 2329 ἐκάκιζον
2927 2267 3364 2338 φυγομαχοῦντα
3394 2269 3669 2338 Πομπήῖ-

2063 2372 2142 2408 ον’
2182 2354 2433 2408 ἐντεῦθεν
2469 2357 2562 2408 καὶ
2599 2357 2750 2411 ἄκων
2805 2357 2888 2422 είς
2946 2360 3130 2430 μάχην
3185 2359 3410 2431 ἐχώρει,
3439 2362 3666 2414 διώκων

2062 2447 2154 2500 τὸν
2185 2448 2458 2518 Καίσαρα.
2508 2449 2595 2512 Ὠς
2640 2449 2721 2516 δέ,
2753 2449 2834 2514 είς
2865 2455 2968 2520 τὴν
3005 2452 3322 2523 Φαρσαλίαν
3383 2452 3668 2522 ἐμϐαλόν-

2063 2554 2176 2600 τες,
2203 2538 2504 2609 ἀμφότεροι
2551 2541 3148 2610 ἐστρατοπεδεύσαντο,
3173 2547 3201 2598 ό
3229 2545 3330 2614 μὲν
3365 2546 3662 2617 Πομπήϊος

2067 2629 2224 2693 αὖθις
2255 2630 2356 2700 τῆς
2411 2631 2606 2702 πρώην
2662 2635 2842 2703 εἴχετο
2879 2635 3133 2706 γνώμης,
3195 2620 3509 2707 φασμάτων
3560 2641 3666 2691 ούκ

2065 2727 2256 2779 αίσίων
2293 2727 2442 2799 αύτῷ
2472 2730 2800 2798 γενομένων,
2837 2733 2930 2786 καὶ
2958 2734 3080 2787 καθ’
3110 2733 3279 2787 ὕπνον
3311 2735 3490 2804 ὄψεώς
3512 2754 3663 2800 τινος

2071 2817 2270 2889 (ἐδόκει
2318 2819 2429 2889 γὰρ
2476 2821 2670 2874 ἑαυτὸν
2717 2818 2849 2894 όρᾷν
2881 2826 2938 2876 ἐν
2995 2824 3072 2894 τῷ
3104 2825 3323 2896 θεάτρῳ
3371 2828 3478 2879 ὑπὸ
3523 2828 3668 2880 Ῥω-

2069 2908 2246 2980 μαίων
2297 2911 2724 2982 κροτούμενον)·
2787 2916 2837 2967 οἱ
2883 2915 2939 2967 δὲ
3000 2918 3128 2986 περὶ
3188 2919 3353 2971 αὑτὸν
3432 2920 3666 2988 θρασεῖς

2067 2996 2232 3072 ἦσαν,
2282 3003 2378 3056 καὶ
2407 3003 2508 3075 τὴν
2543 3004 2704 3074 νίκην
2752 3009 2873 3070 ταῖς
2906 3007 3092 3062 ἐλπίσι
3124 3011 3552 3081 προειληφότες.
3602 3013 3664 3065 '0

2073 3094 2128 3147 δέ
2158 3096 2377 3169 Καῖσαρ
2412 3097 2602 3168 ἠρώτα
2633 3100 2761 3164 τοὺς
2793 3101 3027 3166 οἰκείους
3057 3104 3422 3174 στρατιώτας,
3461 3110 3508 3160 εἰ
3535 3106 3662 3159 καθ’

387 3195 613 3256 ἑαυτοὺς
653 3191 934 3262 αἱροῦνται
988 3185 1332 3260 μαχέσασθαι
1379 3185 1413 3256 ἦ
1454 3183 1773 3254 περιμένειν
1801 3183 1895 3236 καὶ
1935 3185 2156 3256 ἐτέρους
2205 3188 2304 3258 ἤδη
2348 3191 2515 3258 ἐγγὺς
2553 3191 2733 3256 ὄντας·
2793 3194 2844 3246 οἱ
2873 3195 2927 3248 δὲ
2961 3196 3038 3266 μὴ
3067 3200 3392 3268 περιμένειν
3423 3199 3662 3254 ἐδέοντο.

390 3291 628 3345 Θύσαντι
675 3290 734 3345 δὲ
792 3289 871 3359 τῷ
911 3287 1152 3356 Καίσαρι
1177 3286 1205 3339 ὁ
1242 3285 1436 3356 μάντις
1495 3283 1757 3354 ἐσήμαινε
1812 3283 1981 3354 τριῶν
2021 3285 2242 3355 ἡμερῶν
2271 3286 2410 3358 πρὸς
2445 3290 2572 3352 τοὺς
2609 3292 2900 3362 πολεμίους
2929 3295 3309 3365 κριθήσεσθαι.
3362 3297 3661 3367 Ἐρομένου

388 3387 449 3440 δὲ
480 3386 758 3453 Καίσαρος
798 3381 928 3452 περὶ
958 3380 1050 3434 τοῦ
1101 3378 1288 3442 τέλους
1327 3377 1382 3430 τί
1429 3377 1666 3448 προορᾷ,
1709 3375 1992 3446 Μεγάλην,
2031 3373 2206 3442 εἶπεν,
2241 3380 2334 3433 ἐπὶ
2378 3383 2446 3436 τά
2476 3383 2696 3437 ἐναντία
2725 3386 3021 3456 δηλοῦσθαι
3051 3391 3358 3461 μεταϐολὴν
3429 3395 3526 3446 καὶ
3559 3411 3661 3461 με·

385 3478 687 3532 τάπτωσιν.
713 3474 776 3527 Ei
814 3474 912 3544 μὲν
935 3466 1031 3526 οὖν
1057 3468 1117 3524 εὖ
1146 3469 1408 3542 πράττεις
1441 3469 1502 3521 ἐν
1532 3467 1609 3538 τῷ
1631 3468 1879 3537 παρόντι,
1919 3469 2016 3538 τὴν
2034 3469 2250 3541 χείρονα
2288 3475 2560 3543 προσδόκα
2588 3478 2783 3548 τύχην,
2829 3480 2878 3532 εί
2907 3481 2964 3534 δέ
2997 3483 3210 3550 κακῶς,
3235 3483 3332 3553 τὴν
3367 3485 3654 3554 ἀμείνονα.

463 3574 554 3630 IX.
605 3571 790 3629 Pridie
815 3586 978 3642 quam
1006 3577 1307 3640 pugnatum
1339 3575 1445 3628 est,
1492 3580 1522 3618 a
1552 3562 1770 3621 Ctesare
1799 3579 1962 3618 excu-

2141 3567 2219 3619 6'.
2251 3569 2328 3642 Τῇ
2363 3570 2418 3624 δὲ
2453 3573 2560 3641 πρὸ
2593 3575 2694 3644 τῆς
2719 3577 2898 3647 μάχης
2931 3579 3093 3631 νυκτὶ
3122 3580 3222 3642 τὰς
3255 3580 3510 3648 φυλακάς
3555 3597 3658 3634 πε-

389 3667 510 3721 bias
558 3663 664 3720 sub
699 3661 936 3716 mediam
977 3668 1196 3714 noctem
1241 3656 1508 3718 obeuntc,
1537 3665 1833 3724 conspecta
1878 3661 1964 3709 est

387 3759 479 3814 fax
511 3756 750 3815 caelestis
789 3753 949 3825 ignis,
977 3765 1141 3822 quam
1174 3763 1341 3819 supra
1366 3762 1464 3803 sua
1496 3757 1678 3802 castra
1700 3745 1960 3812 delatam,

389 3849 835 3920 resplendentem
880 3853 939 3901 et
984 3843 1359 3898 ﬂammantem
1393 3842 1447 3894 in
1488 3847 1668 3893 castra
1716 3837 1964 3908 Pompeii

387 3943 588 3999 cadere
632 3939 868 4012 putavit.
910 3936 1166 3992 Diluculo
1196 3949 1319 3989 cum
1363 3931 1739 4003 speculatores
1774 3946 1969 3985 narra-

388 4041 539 4099 rent,
588 4034 777 4090 hostes
821 4030 888 4084 ad
936 4042 1174 4100 pugnam
1221 4023 1558 4080 descendere
1593 4039 1607 4077 :
1637 4022 1830 4078 laetitia
1867 4037 1967 4077 ex-

389 4127 605 4185 sultans
645 4122 897 4198 praelium
950 4119 1096 4183 iniit,
1145 4127 1204 4174 et
1243 4115 1490 4186 Pompeii
1529 4116 1836 4170 exercitum
1877 4129 1968 4184 pe-

389 4222 552 4294 pulit.
585 4220 838 4287 Quicum
881 4231 1011 4271 suos
1046 4213 1262 4284 equites
1299 4210 1426 4280 fuga
1468 4208 1764 4277 dissipatos
1794 4206 1967 4260 vidis-

389 4330 496 4388 set,
543 4336 656 4377 nou
698 4315 939 4387 amplius
972 4313 1119 4367 idem
1155 4309 1284 4375 fuit,
1325 4322 1506 4378 neque
1546 4322 1604 4361 se
1641 4304 1964 4374 Pompeium

389 4417 642 4486 Magnum
669 4428 793 4468 esse
827 4407 1079 4464 meminit
1105 4423 1120 4460 :
1150 4404 1246 4460 sed
1271 4403 1512 4459 attonito
1531 4400 1752 4462 similis,
1778 4409 1968 4453 mutus

392 4506 812 4564 tabernaculum
839 4504 1138 4573 ingressus,
1159 4507 1416 4554 eventum
1449 4494 1652 4551 sedens
1688 4501 1970 4561 exspecta-

391 4601 490 4653 vit.
540 4595 804 4650 llostibus
839 4609 972 4647 vero
1024 4592 1226 4646 vallum
1279 4587 1715 4649 iuvadentibus,
1771 4583 1966 4637 habitu

393 4689 625 4762 fugienti
668 4695 796 4757 apto
824 4696 1066 4754 sumpto,
1123 4699 1182 4738 se
1215 4681 1500 4738 subduxit.
1551 4679 1733 4734 Caesar
1801 4675 1982 4736 etiam

392 4781 592 4840 castris
621 4779 854 4851 potitus,
891 4786 1081 4846 captos
1108 4776 1162 4829 in
1195 4790 1320 4830 suas
1350 4774 1598 4846 legiones
1626 4770 1883 4830 inseruit,
1913 4777 1970 4824 ct

396 4881 586 4939 multis
619 4880 782 4934 claris
817 4879 953 4932 viris
984 4876 1312 4945 impunitate
1339 4889 1626 4941 concessa,
1667 4889 1697 4928 e
1725 4885 1962 4941 quorum
2003 4917 2044 4969 Β

396 4988 631 5030 umncro
659 4972 858 5026 Brutus
885 4984 1104 5039 quoque
1137 4967 1262 5033 fuit,
1301 4968 1395 5037 qui
1429 4982 1555 5021 eum
1583 4974 1705 5036 post
1741 4962 1968 5027 occidit,

393 5068 717 5138 Pompeium
744 5077 827 5122 est
850 5066 1016 5138 486
1045 5074 1384 5135 persecutus.
1422 5063 1470 5116 ls
1506 5076 1638 5114 vero
1674 5058 1801 5112 navi
1839 5073 1971 5112 one-

393 5163 540 5218 raria
580 5175 881 5215 conscensa
926 5155 1333 5227 Amphipolim,
1376 5163 1541 5222 atque
1589 5151 1715 5204 inde
1758 5151 1972 5220 Mityle-

396 5269 522 5308 ucm
563 5259 648 5306 est
678 5249 984 5320 profectus.
1021 5257 1080 5301 ut
1117 5246 1284 5300 lilium
1312 5255 1369 5299 et
1398 5258 1622 5298 uxorem
1655 5241 1966 5294 Corneliam

395 5341 674 5412 Scipionis
711 5341 910 5396 Metelli
962 5339 1158 5400 filiam,
1219 5337 1344 5391 inde
1400 5350 1588 5390 secum
1642 5333 1965 5389 abduceret.

391 5436 524 5500 Qua:
555 5449 680 5489 cum
707 5434 859 5503 virgo
884 5431 1078 5488 Publio
1109 5429 1292 5486 Crassi
1323 5427 1436 5482 ﬁlio
1460 5437 1630 5496 nupta
1662 5426 1877 5490 fuisset,
1901 5441 1969 5480 eo

396 5546 426 5581 ιι
486 5529 701 5582 Parthis
747 5528 1058 5590 interfecto,
1121 5524 1384 5593 Pompeio
1433 5523 1700 5591 desponsa
1767 5522 1968 5584 fuerat,

391 5620 573 5687 pucila
605 5629 659 5674 et
696 5621 932 5689 eleganti
962 5619 1160 5682 forma,
1201 5628 1257 5670 ct
1309 5617 1360 5669 in
1405 5614 1606 5669 litteris
1634 5615 1805 5684 probe
1839 5630 1968 5669 cru-

394 5710 529 5776 dita,
559 5727 659 5767 nec
678 5713 889 5780 fidium,
921 5729 1023 5768 nec
1043 5710 1359 5785 geometria:
1396 5709 1604 5780 ignara,
1634 5715 1689 5763 et
1721 5707 1960 5777 philoso-

2071 3660 2303 3732 ριιόντος
2333 3666 2462 3735 περὶ
2493 3666 2554 3719 τὸ
2590 3669 2948 3738 μεσονύκτιον
2990 3672 3272 3744 Καίσαρος
3311 3672 3473 3744 ὤφθη
3512 3676 3657 3745 λαμ-

2067 3752 2178 3818 τιὰς
2224 3755 2481 3827 οὐρανίου
2532 3759 2726 3830 πυρός,
2781 3763 2849 3832 ἣν
2888 3763 2949 3816 τὸ
2989 3763 3157 3817 αὑτοῦ
3194 3766 3657 3838 ὑπερενεχθεῖσαν

2068 3847 2428 3916 στρατόπεδον
2455 3848 2622 3916 ἔῑοξε,
2651 3853 2914 3923 λαμπράν
2941 3855 3035 3908 καὶ
3058 3854 3307 3928 φλογώδη
3332 3861 3655 3932 γενομένην.

2067 3939 2146 4000 εἰς
2178 3939 2238 3992 τὸ
2271 3941 2561 4012 Πομπηίου
2597 3947 2811 4000 πεσεῖν.
2838 3946 2982 4018 Ἤδη
3012 3946 3069 4000 δέ
3099 3947 3491 4022 διαλαμψάσης
3521 3956 3655 4024 ἠμέ-

2073 4047 2194 4103 ρας,
2241 4031 2292 4085 οί
2342 4035 2538 4086 σκοποὶ
2578 4035 2930 4092 καταῦαίνειν
2959 4039 3305 4108 ἀπήγγελλον
3369 4045 3463 4096 ἐπὶ
3509 4047 3655 4118 μάχῃ

2068 4123 2195 4187 τοὺς
2233 4123 2547 4194 πολεμίους.
2599 4127 2910 4198 Περιχαρὴς
2942 4129 2999 4183 δὲ
3039 4131 3334 4202 γενόμενος
3393 4137 3654 4206 ὥρμησεν

2068 4216 2149 4278 εἰς
2183 4217 2386 4289 μάχην,
2427 4218 2524 4271 καὶ
2572 4219 2862 4290 συμϐαλὼν
2895 4225 3007 4287 τοῖς
3048 4223 3142 4276 τοῦ
3191 4226 3485 4298 Πομπηΐου
3534 4232 3653 4301 τρέο

2070 4327 2232 4363 πεται
2279 4309 2512 4374 τούτοις.
2575 4312 2860 4384 Πομπήϊος
2899 4315 2958 4368 δὲ
3010 4316 3246 4371 κατιδὼν
3290 4320 3422 4384 τοὺς
3470 4322 3653 4387 ἱππεῖς

2070 4406 2216 4473 φυγῇ
2243 4403 2660 4470 σκεδασθέντας,
2687 4406 2874 4460 οὐκέτι
2897 4403 2964 4478 ἦν
2982 4408 3008 4460 ὁ
3032 4409 3217 4474 αὐτὸς,
3237 4410 3349 4462 οὐδ’
3375 4412 3653 4484 ἐμέμνητο

2070 4495 2355 4570 Πομπήϊος
2385 4493 2460 4548 ὢν
2496 4497 2738 4563 Μάγνος,
2769 4497 2885 4550 ἀλλ’
2921 4499 2998 4562 ὡς
3034 4499 3140 4553 ὑπὸ
3167 4500 3303 4555 Θεοῦ
3343 4502 3652 4574 βλαπτόμε-

2070 4605 2158 4652 νος
2190 4587 2384 4659 ῷχετο,
2414 4589 2689 4658 ἄφθογγος
2723 4590 2902 4644 ἀπιὼν
2936 4592 3030 4646 ἐπὶ
3071 4595 3300 4664 σκηνὴν,
3350 4600 3446 4652 καὶ
3476 4600 3651 4670 καθή-

2073 4699 2232 4752 μενος
2276 4683 2602 4752 ἐκαραδόκει
2653 4685 2714 4738 τὸ
2771 4685 2992 4754 μέλλον.
3058 4687 3145 4752 Ὦς
3185 4689 3242 4742 δὲ
3274 4689 3371 4742 τοῦ
3411 4691 3652 4763 χάρακος

2071 4775 2360 4828 ἐπέϐαινον
2398 4775 2448 4828 οἱ
2486 4773 2762 4846 πολέμιοι,
2796 4777 3057 4846 φεύγοντι
3091 4780 3414 4850 πρέπουσαν
3460 4783 3653 4854 στολὴν

2073 4868 2246 4932 ἐνῖὺς,
2291 4867 2612 4938 ὑπεξῆλθεν.
2663 4869 2720 4921 Ὀ
2759 4869 2816 4923 δὲ
2871 4872 3092 4940 Καῖσαρ
3129 4873 3225 4926 καὶ
3264 4873 3361 4926 τοῦ
3411 4875 3652 4944 χάρακος

2077 4961 2185 5016 τῶν
2236 4963 2516 5032 πολεμίων
2569 4965 2864 5034 ἐκράτησε,
2910 4964 3003 5016 καὶ
3035 4967 3164 5026 τοὺς
3221 4966 3454 5031 ἁλόντας
3481 4969 3652 5032 ζωοὺς

2079 5055 2190 5116 τοῖς
2234 5053 2431 5106 ἑαυτοῦ
2467 5054 2726 5122 κατέμιξε
2766 5055 3032 5124 τάγμασι.
3065 5055 3290 5118 Πολλοῖς
3329 5057 3386 5110 δὲ
3419 5061 3513 5110 καὶ
3546 5059 3651 5112 τῶν

2078 5147 2358 5215 ἐπιφανῶν
2414 5146 2597 5200 ἄδειαν
2655 5147 2875 5211 ἔδωκεν,
2928 5141 3003 5201 ὧν
3056 5148 3150 5200 καὶ
3183 5152 3209 5200 ό
3245 5149 3481 5219 Βροῦτος
3513 5147 3580 5221 ἦν
3624 5153 3651 5204 ό

2077 5239 2292 5303 κτείνας
2321 5239 2486 5291 αὑτὸν
2515 5237 2764 5308 ὕστερον.
2818 5239 3042 5293 Ἐδίωκε
3090 5240 3147 5292 δὲ
3179 5239 3272 5294 τὸν
3331 5243 3643 5312 Πομπήϊον.

2090 5331 2150 5388 ’0
2178 5331 2260 5399 δὲ,
2289 5329 2474 5384 πλοίου
2509 5331 2706 5394 ἐπιϐὰς
2763 5329 3040 5401 φορτηγοῦ
3101 5331 3196 5384 καὶ
3257 5332 3647 5400 παραπλεύσας

2080 5425 2168 5477 ἐπ’
2216 5423 2622 5493 ’Λμφιπόλεω;,
2664 5425 2741 5484 εἰς
2765 5421 3081 5492 Μιτυλήνην
3142 5422 3418 5493 κατήχθη,
3461 5423 3640 5492 βουλό-

2080 5535 2238 5588 μενος
2264 5517 2362 5585 τὴν
2391 5518 2622 5584 γυναῖκα
2661 5517 2970 5588 Κορνηλίαν
3000 5517 3314 5582 ἁναλαῦέῖν,
3351 5519 3444 5570 καὶ
3467 5518 3522 5570 δὲ
3562 5517 3645 5570 τὸν

2075 5611 2210 5664 υίὸν.
2255 5611 2324 5662 Ἢ
2359 5605 2427 5680 ἦν
2473 5609 2720 5678 θυγάτηρ
2767 5607 3041 5661 Μετέλλου
3085 5607 3412 5672 Σκιπίωνος,
3469 5625 3641 5660 συνοι-

2072 5706 2290 5776 ιιξσασα
2347 5703 2445 5774 μὲν
2487 5705 2548 5757 ἐκ
2606 5699 2903 5772 παρθενίας
2970 5698 3225 5773 Πουπλίῳ
3263 5699 3344 5771 τῷ
3390 5701 3638 5772 Κράσσου
