4050 6210
499 339 612 407 827

1796 338 2119 399 JOANNIS
2154 339 2476 401 ZONARE

3671 336 3790 406 823

504 452 759 526 cymbam
788 448 1075 522 ingressus
1101 454 1207 505 est.
1243 446 1308 502 Et
1338 460 1463 502 cum
1488 460 1517 499 a
1547 450 1694 499 terra
1724 446 1886 515 longe
1917 445 2099 501 adhuc

2216 450 2383 504 Γαῦτα
2420 448 2796 520 φθεγξάμενος
2823 447 3009 520 ἐνέϐη.
3036 446 3148 500 Καὶ
3176 444 3372 517 συχνοῦ
3401 444 3793 517 διαστήματος

509 548 751 609 abesset,
806 541 1116 597 orationem
1165 553 1332 610 quam
1382 538 1437 591 in
1480 552 1648 607 parvo
1688 535 1873 592 libello
1901 536 2092 593 Crmce

509 638 832 707 scripserat,
868 642 932 687 ut
976 646 1098 686 eam
1129 629 1275 700 apud
1313 644 1497 699 regem
1549 628 1798 692 haberet,
1833 628 1990 697 legit.
2022 627 2094 683 Ut

508 730 581 785 ad
613 738 813 782 terram
847 724 1198 794 appulerant,
1221 720 1475 776 Cornelia
1507 729 1564 774 et
1594 720 1756 774 amici
1787 736 1817 775 e
1849 720 2091 783 triremi,

489 819 645 889 .qnid
668 817 920 871 futurum
947 822 1112 877 esset,
1136 812 1358 869 solliciti
1390 811 1842 882 speculabantur.
1874 812 2093 867 Interea

488 909 856 980 Pompeium,
887 907 983 977 qui
1014 904 1250 974 Philippi
1299 904 1461 959 amici
1522 918 1744 958 manum
1784 903 2095 973 prehende—

511 1012 620 1064 rat,
658 1008 721 1055 ut
754 1006 1026 1070 surgeret,
1060 996 1364 1067 Septimius
1384 996 1596 1065 primus
1616 1009 1646 1048 a
1672 1005 1822 1065 tergo
1854 993 2094 1066 trajicit:

496 1095 718 1150 deinde
772 1091 1041 1156 Achillas,
1099 1099 1158 1145 et
1209 1089 1417 1145 caeteri.
1447 1087 1517 1143 At
1549 1088 1637 1143 ille
1671 1097 1794 1158 toga
1825 1088 1963 1142 facie
1992 1085 2096 1140 ob—

512 1190 703 1249 ducta,
744 1193 957 1241 tantum
990 1181 1298 1254 ingemuit:
1332 1197 1514 1252 neque
1542 1181 1844 1251 quidquam
1871 1195 1931 1234 se
1954 1177 2100 1232 indi-

513 1295 686 1353 gnum
735 1279 981 1340 locutus,
1017 1292 1085 1332 ex
1130 1274 1453 1331 vulneribus
1499 1282 1748 1328 mortuus
1790 1280 1897 1334 est,
1952 1285 2099 1325 anno

514 1372 695 1427 astatis
722 1368 1234 1438 undesexagesimo.
1265 1367 1368 1433 Qui
1394 1366 1446 1420 in
1481 1366 1715 1420 navibus
1742 1373 1920 1428 erant,
1948 1363 2099 1419 czrde

510 1463 637 1534 ejus
666 1461 806 1526 visa,
841 1474 968 1515 cum
997 1465 1152 1513 tanto
1204 1458 1414 1529 ejulatu
1447 1466 1509 1513 ut
1542 1458 1598 1511 in
1629 1466 1775 1512 terra
1807 1455 2099 1511 exaudire-

515 1562 630 1618 tur,
669 1552 955 1623 fugerunt.
990 1550 1169 1607 Caedis
1209 1565 1342 1606 vero
1394 1549 1637 1605 ministri
1677 1549 1858 1619 capite
1907 1562 2104 1617 ampu-

521 1655 658 1710 tato,
709 1655 970 1700 truncum
1023 1642 1233 1699 nudum
1280 1658 1313 1698 e
1351 1642 1542 1714 cymba
1596 1641 1652 1695 in
1688 1641 1845 1696 littus
1888 1639 2104 1711 abiece-

515 1745 668 1801 runt,
697 1746 758 1792 ut
800 1737 1118 1808 spectaculo
1153 1736 1444 1805 quibusvis
1488 1743 1657 1790 esset.
1688 1734 1808 1799 Quo
1835 1738 1966 1786 dum
2000 1745 2102 1800 po-

2195 542 2346 605 δντος
2381 543 2473 596 ἐπὶ
2510 542 2608 612 τὴν
2652 540 2779 610 γῆν,
2815 541 2844 594 ὁ
2875 540 3163 611 Πομπήϊος
3193 539 3334 608 ἔχων
3376 540 3435 592 ἐν
3461 536 3661 607 βιϐλίῳ
3697 556 3794 603 μι⁸

2198 635 2318 705 κρῷ
2362 634 2520 700 λόγον
2566 634 2659 687 ὑπ’
2698 631 2861 686 αὑτοῦ
2910 632 3303 701 γεγραμμένον
3348 629 3693 701 Ἐλληνικδν,
3748 623 3798 697 ᾦ

2197 724 2613 796 παρεσκεύαστο
2636 722 2943 795 χρήσασθαι
2976 722 3113 793 πρὸς
3143 723 3236 775 τὸν
3267 721 3628 791 Πτολεμαῖον,
3659 722 3795 773 ἀνε-

2196 815 2486 885 γίνωσκεν.
2527 815 2616 878 Ὠς
2655 815 2710 868 δὲ
2755 817 2821 885 τῇ
2852 816 2922 884 γῇ
2959 812 3392 881 προσεπέλαζον,
3430 814 3464 885 ή
3507 812 3611 883 μὲν
3642 813 3800 881 Κορ-

2196 908 2357 979 νηλία
2396 908 2536 978 μετά
2579 907 2688 961 τῶν
2734 907 2907 977 φίλων
2948 909 3014 960 ἐκ
3036 905 3137 975 τῆς
3168 905 3430 982 τριήρους
3464 903 3797 975 περιπαθὴς

2195 997 2332 1057 οὖσα
2366 1002 2427 1055 τὸ
2485 1000 2677 1072 μέλλον
2710 999 3042 1054 ἀπεσκόπει.
3086 996 3176 1053 Ἐν
3214 997 3391 1068 τούτῳ
3420 998 3477 1051 δέ
3507 997 3600 1051 τὸν
3640 997 3802 1065 Πομ-

2200 1096 2362 1165 πήῖον
2400 1094 2500 1166 τῆς
2535 1095 2630 1148 τοῦ
2658 1094 2814 1164 φίλου
2842 1091 3109 1147 Φιλίππου
3141 1091 3448 1160 λαϐόμενον
3495 1088 3686 1161 χειρὸς
3718 1088 3800 1150 ὡς

2200 1186 2553 1257 ἐξανασταίη,
2586 1185 2881 1256 Σεπτίμιος
2921 1183 3149 1238 δπισθεν
3196 1183 3274 1253 τῷ
3318 1180 3460 1252 ξίιρει
3514 1180 3800 1235 διελαύνει

2201 1275 2448 1347 πρῶτοςο
2479 1268 2599 1328 εἶτα
2656 1274 2752 1328 καὶ
2794 1273 3065 1343 Ἀχιλλᾶς,
3097 1273 3191 1326 καὶ
3233 1272 3434 1344 ἕτεροι.
3473 1272 3534 1325 '0
3562 1272 3623 1326 δὲ
3664 1273 3803 1334 ταῖς

2202 1366 2364 1439 χερσὶ
2386 1366 2485 1439 τὴν
2511 1366 2768 1437 τήϐεννον
2801 1366 3245 1437 ἐφελκυσάμενος
3274 1365 3417 1419 κατά
3448 1364 3542 1419 τοῦ
3573 1362 3804 1436 προσώ-

2202 1475 2329 1527 που,
2366 1458 2527 1527 μόνον
2553 1459 2834 1523 στενάξας,
2872 1459 3038 1529 μηδὲν
3060 1459 3106 1512 δ’
3128 1456 3297 1511 εἰπὼν
3322 1457 3543 1524 ἀνάξιον
3565 1457 3799 1517 ἑαυτοῦ,

2203 1551 2603 1621 ἐνεκαρτέρησε
2651 1552 2774 1613 ταῖς
2820 1550 3080 1621 πληγαῖς,
3118 1548 3386 1621 ἐξήκοντα
3427 1547 3546 1612 ἐνὸς
3600 1549 3804 1601 δέοντα

2206 1641 2487 1715 βεϐιωκὼς
2519 1642 2637 1712 ἐτη.
2660 1643 2723 1695 Οἱ
2745 1642 2792 1695 δ’
2817 1643 2926 1696 ἀπὸ
2951 1641 3061 1695 τῶν
3079 1641 3245 1708 νεῶν,
3281 1640 3357 1706 ὡς
3383 1640 3683 1696 ἐθεάσαντο
3699 1641 3803 1712 τὴν

2207 1732 2443 1803 σφαγὴν,
2476 1731 2678 1803 θρῆνον
2709 1733 3034 1799 ἐξάκουστον
3084 1732 3212 1804 ἄχρι
3238 1734 3337 1804 τῆς
3365 1733 3467 1802 γῆς
3496 1733 3803 1802 ἐκχέαντες

517 1799 683 1899 pulus
709 1799 1027 1893 satiaretur,
1058 1799 1346 1897 Philippus
1378 1826 1452 1881 ibi
1475 1826 1697 1880 mansit.
1724 1824 1931 1879 Deinde
1963 1799 2100 1878 mari

2216 1799 2421 1895 Ξιρυγον.
2452 1799 2583 1878 Τοῦή
2606 1825 2662 1878 δὲ
2700 1825 2987 1896 Πομπηΐου
3030 1799 3804 1894 τὴν-Ἶμὲν-κεξραλὴνῂᾶτεητέ-

516 1917 769 1970 ablutum
799 1931 1024 1987 corpus,
1060 1927 1119 1971 et
1148 1932 1246 1970 sua
1280 1917 1522 1971 tunicula
1553 1916 1883 1982 involutum,
1923 1929 2105 1986 parva:

2216 1932 2416 1987 μνουσι,
2445 1919 2506 1970 τὺ
2538 1917 2593 1970 δὲ
2624 1917 2752 1972 ἄλλο
2785 1919 2945 1988 σῶμα
2980 1918 3188 1987 γυμνὴν
3225 1917 3548 1980 ἐκϐαλόντες
3567 1917 3682 1969 ἀπὸ
3696 1918 3802 1984 τῆς

519 2005 733 2078 cymba:
773 2007 1024 2077 reliquiis
1073 2008 1373 2063 cremavit:
1414 2016 1471 2063 ct
1526 2022 1658 2063 sene
1705 2006 1943 2076 quodam
1991 2007 2106 2061 Ro-

2216 2007 2444 2072 ὶλιάδος,
2475 2010 2588 2071 τοῖς
2616 2008 2892 2078 δεομένοις
2920 2009 3190 2062 ἀπέλιπον
3225 2008 3469 2062 τοιούτου
3494 2008 3800 2077 θεάματος.

525 2114 712 2164 niano,
756 2098 852 2169 qui
901 2100 1080 2169 prima
1116 2099 1394 2166 stipendia
1441 2100 1544 2154 sub
1608 2100 1870 2169 Pompeio
1918 2098 2109 2153 adole-

516 2200 708 2245 scente
741 2201 1044 2256 meruerat,
1074 2193 1350 2262 adiutore,
1378 2192 1615 2262 sepeliit.
1648 2191 1748 2246 Cui
1793 2192 2108 2262 Philippus,

519 2291 872 2353 percontato,
900 2285 1013 2354 quis
1038 2295 1191 2349 esset,
1222 2285 1310 2355 qui
1342 2284 1649 2355 Pompeium
1680 2283 1936 2354 Magnum
1959 2300 2109 2353 sepe-

522 2374 622 2427 lire
670 2375 1020 2431 institueret?
1063 2375 1366 2445 respondit,
1407 2376 1476 2430 Se
1526 2376 1764 2429 libertum
1794 2375 1941 2429 illius
1972 2390 2104 2429 esse.

522 2465 666 2519 Tum
714 2482 924 2522 senex:
986 2466 1162 2536 Istud,
1220 2468 1420 2538 inquit,
1472 2469 1628 2522 decus
1679 2486 1784 2522 non
1830 2470 1909 2522 tui
1954 2472 2108 2522 unius

516 2556 643 2612 erit.
686 2556 773 2611 Me
804 2575 1008 2629 quoque
1039 2569 1149 2614 tam
1190 2561 1264 2630 pii
1314 2560 1467 2629 ofﬁcii
1498 2561 1693 2614 socium
1736 2560 2024 2623 admittito,
2052 2571 2109 2613 ut

525 2649 654 2702 meis
679 2658 728 2702 et
759 2651 869 2719 ipse
898 2652 1141 2704 manibus
1176 2661 1418 2721 tangant,
1447 2661 1497 2703 et
1535 2667 1713 2705 ornem
1750 2651 2108 2705 Romanorum

521 2742 903 2810 imperatorem
937 2745 1251 2801 maximum.
1285 2742 1376 2799 lla:
1407 2744 1653 2815 Pompeii
1699 2745 1928 2800 fuerunt
1952 2760 2109 2800 exse-

525 2847 693 2900 quite.

2210 2100 2519 2170 Παρέμεινε
2544 2101 2600 2154 δέ
2626 2099 2775 2170 αὖτῷ
2795 2100 3059 2164 Φίλιππος
3085 2101 3188 2162 ἕως
3210 2101 3458 2169 ἐγένοντο
3480 2100 3675 2171 μεστοὶ
3698 2098 3805 2165 τῆς

2208 2188 2405 2257 ὅψεως.
2441 2184 2575 2243 Εἶτα
2610 2188 2940 2261 περιλούσας
2987 2194 3054 2260 τῇ
3104 2189 3351 2263 Θαλάσσῃ
3389 2191 3451 2243 τὸ
3497 2189 3661 2259 σῶμα
3706 2192 3805 2240 καὶ

2210 2280 2448 2350 χιτωνίῳ
2479 2279 2588 2333 τινὶ
2615 2280 2723 2334 τῶν
2756 2280 2954 2335 ἑαυτοῦ
2988 2282 3366 2353 περιστείλας,
3404 2282 3614 2352 μικρᾶς
3648 2281 3808 2333 ἀ).ιά-

2207 2374 2295 2436 δος
2326 2372 2504 2444 εὑρὼν
2536 2372 2788 2443 λείψανα,
2823 2373 3033 2437 τούτοις
3057 2374 3189 2426 αὐτὸ
3217 2374 3551 2438 κατέκαυσε,
3584 2373 3685 2426 καί
3718 2390 3804 2425 τι·

2208 2483 2299 2530 νος
2339 2465 2533 2535 ἀνδρὸς
2571 2466 2846 2535 Ῥωμαίου
2879 2468 3117 2537 γηραιοῦ
3167 2466 3289 2538 ἥδη,
3333 2466 3432 2530 τὰς
3468 2465 3527 2518 δέ
3573 2466 3807 2536 πρώτας

2211 2558 2501 2629 στρατείας
2526 2558 2605 2611 ἔτι
2635 2558 2742 2629 νέῳ
2769 2558 3039 2630 Πομπηΐῳ
3070 2557 3646 2629 συστρατευσαμένου,
3677 2574 3807 2609 συν-

2212 2651 2612 2722 επιλαϐομένου
2639 2653 2808 2720 αὐτῷ.
2846 2642 2942 2716 Ὃς
2973 2652 3202 2716 ἐπιστὰς
3228 2653 3307 2722 τῷ
3328 2652 3581 2721 Φιλίππῳ
3606 2647 3767 2703 εἶπεν
3786 2665 3800 2677 '

2220 2744 2316 2806 Τίς
2374 2741 2482 2808 ὢν,
2537 2739 2586 2800 ὦ
2641 2743 2937 2813 ἄνθρωπε,
2998 2744 3248 2800 θάπτειν
3290 2743 3505 2812 διανοῇ
3556 2744 3806 2813 Μάγνον

2214 2835 2570 2905 ΠομπήίὉν;
2620 2837 2861 2890 Ἐκείνου
2892 2838 2949 2890 δὲ
2987 2839 3260 2909 φήσαντος
3324 2839 3404 2904 ὡς
3463 2840 3804 2892 ἀπελεύθε-

521 2942 658 2996 ρος·
700 2928 863 2982 Ἀλλ’
894 2930 967 2983 οὐ
994 2929 1161 2998 μόνῳ
1189 2928 1312 2993 σοι,
1335 2929 1463 2999 ἔφη,
1499 2930 1677 2984 τοῦτο
1704 2928 1770 2983 τὸ
1796 2928 1993 2984 καλὸν
2021 2926 2300 2997 ὑπάρξει,
2361 2927 2515 2998 κάμὲ
2566 2929 2638 2983 δὲ
2669 2931 3007 2999 εὑρήματος
3063 2931 3356 2998 εὐσεϐοῦς
3390 2929 3563 2997 δέξαι
3592 2948 3802 2984 κοινω-

527 3019 661 3084 νὸν,
718 3018 993 3089 ἅψασθαι
1023 3020 1122 3074 καὶ
1186 3020 1556 3089 περιστεῖλαι
1590 3019 1719 3087 ταῖς
1761 3019 1934 3091 ἐμαῖς
2006 3019 2180 3089 χερσί
2223 3019 2331 3073 τὸν
2376 3018 2671 3092 μέγιστον
2700 3021 3112 3091 αὐτοκράτορα
3143 3020 3468 3094 Ῥωμαίων.
3508 3022 3673 3078 Οὕτω
3706 3023 3805 3093 μὲν

527 3111 802 3182 ἐκηδεύθη
825 3113 1133 3182 Πομπήϊος.

600 3203 670 3258 Χ.
707 3203 892 3259 Caesar
929 3213 1113 3258 autem
1157 3219 1267 3259 non
1326 3204 1500 3259 multo
1549 3214 1675 3276 post
1724 3205 1776 3259 in
1820 3203 2113 3276 Egyptum

2291 3203 2348 3258 I'.
2388 3203 2461 3256 Οὐ
2500 3202 2680 3273 πολλῷ
2704 3202 2747 3255 δ’
2778 3201 3006 3273 ὕστερον
3033 3203 3277 3274 Καῖσαρ,
3315 3203 3489 3256 ἐλθὼν
3514 3207 3595 3267 εἰς
3630 3206 3801 3274 Δίγυ-

530 3313 660 3355 cutn
690 3296 952 3360 venisset,
986 3311 1115 3351 eum
1144 3312 1175 3350 a
1215 3312 1327 3366 quo
1357 3299 1410 3353 ei
1442 3306 1608 3369 caput
1637 3297 1883 3368 Pompeii
1909 3299 2111 3353 atl‘ere-

535 3390 725 3453 batur,
761 3397 1026 3457 tanquam
1080 3388 1406 3459 parricidam
1453 3398 1538 3444 est
1569 3389 1739 3461 488
1784 3397 2110 3443 aversatus:

535 3494 596 3538 ct
620 3481 828 3538 annulo
865 3482 987 3551 ejus
1017 3491 1266 3551 accepto,
1315 3480 1677 3553 illacrymavit
1705 3499 1718 3535 :
1756 3480 2028 3535 Achillam
2059 3489 2116 3534 et

536 3575 836 3630 Photinum
880 3573 1177 3628 interfecit.
1234 3572 1356 3642 Ipse
1405 3588 1502 3627 rex
1550 3573 1877 3627 Ptolemaeus
1923 3571 2115 3642 praelio

538 3676 753 3737 captus,
789 3674 847 3722 et
884 3665 953 3720 ad
991 3666 1194 3719 ﬂumen
1227 3663 1478 3719 sublatus
1505 3672 1608 3719 cst.
1638 3663 1960 3718 Theodotus
1987 3677 2117 3718 vero

537 3760 756 3826 rhetor,
793 3768 907 3814 tum
937 3758 1162 3829 quidem
1193 3757 1425 3813 Caesaris
1448 3758 1716 3812 ultionem
1746 3758 1942 3823 evasit,
1973 3757 2113 3811 clam

536 3866 608 3907 ex
647 3850 884 3922 Aigypto
915 3850 1157 3919 elapsus,
1194 3857 1251 3905 et
1291 3849 1345 3903 in
1379 3848 1576 3903 humili
1626 3847 1849 3903 fortuna
1904 3849 2118 3905 invisus

539 3944 820 4000 omnibus.
849 3940 956 3998 Sed
988 3951 1114 4012 post
1142 3956 1173 3997 a
1217 3941 1291 3997 Μ.
1324 3941 1494 3997 Bruto
1525 3939 1758 3996 Caesaris
1792 3940 2119 4011 percusso’re

539 4037 599 4094 in
631 4035 759 4091 Asia
802 4035 1257 4105 comprehensus,
1290 4042 1348 4090 et
1384 4035 1535 4088 omni
1594 4033 1995 4104 suppliciorum
2025 4048 2120 4105 ge-

538 4143 676 4186 nere
705 4127 1053 4183 excruciatus
1074 4126 1306 4182 interiit.
1350 4126 1634 4196 Quotquot
1667 4135 1852 4182 autem
1872 4126 2121 4197 Pompeii

541 4222 705 4276 amici
737 4220 805 4275 ab
828 4219 1046 4291 Egypti
1088 4228 1321 4292 tyranno
1348 4220 1504 4290 capti
1531 4220 1774 4283 fuerant,
1799 4235 1897 4276 eos
1929 4234 2123 4276 omnes

541 4312 728 4369 Caesar
771 4312 1056 4367 beneﬁciis
1085 4312 1190 4367 sibi
1225 4312 1517 4383 adiunxit:
1554 4322 1612 4368 et
1642 4312 1717 4367 ibi
1747 4328 1970 4382 quoque
2000 4313 2121 4367 bel-

542 4403 657 4457 lum
692 4402 884 4473 gessit,
934 4401 1226 4472 Cleopatra
1269 4416 1337 4455 ex
1385 4402 1607 4471 regione
1650 4403 1792 4480 clam
1829 4402 2121 4464 accersita,

2216 3312 2369 3362 πτον,
2385 3295 2478 3350 τὸν
2502 3296 2600 3365 μὲν
2627 3295 3005 3367 προσφέροντα
3034 3293 3135 3366 τὴν
3154 3294 3395 3366 κεφαλὴν
3422 3297 3712 3367 Πομπηΐου
3729 3297 3805 3361 t'u;

2216 3390 2562 3458 παλαμναῖον
2604 3386 2969 3458 ἀπεστράφη*
3003 3387 3102 3457 τὴν
3138 3387 3196 3441 δὲ
3244 3389 3523 3457 σφραγῖδα
3564 3388 3661 3443 τοῦ
3704 3393 3798 3443 ἀν-

2217 3480 2343 3552 δρὸς
2378 3480 2700 3549 δεξάμενος,
2731 3479 3033 3548 ἐδάκρυσεν
3060 3496 3076 3512 ο
3122 3479 3372 3552 ’Δχιλλᾶν
3399 3479 3456 3532 δὲ
3488 3481 3581 3533 καὶ
3613 3482 3808 3534 Ποθει-

2220 3574 2311 3627 νὸν
2342 3574 2607 3627 ἔκτεινεν.
2637 3571 2806 3636 Αὐτὸς
2831 3572 2888 3626 δὲ
2913 3572 2940 3624 ὁ
2969 3572 3227 3644 βασιλεὺς
3263 3571 3628 3640 Πτολεμαῖος,
3656 3575 3806 3644 μάχῃ

2218 3664 2469 3733 ληφθεὶς,
2500 3664 2651 3735 παρὰ
2677 3662 2767 3717 τὸν
2793 3663 3039 3734 ποταμὸν
3067 3662 3365 3732 ἠφανίσθη.
3394 3662 3657 3725 Θεόδοτος
3695 3664 3753 3715 δέ
3778 3667 3807 3717 ὁ

2222 3757 2485 3830 σοφιστὴς
2536 3757 2636 3829 τὴν
2702 3757 2804 3829 μὲν
2860 3758 2926 3810 ἐκ
2976 3756 3259 3828 Καίσαρος
3306 3756 3465 3827 δίκην
3518 3755 3805 3826 διέφυγεν,

2220 3849 2534 3917 ὑπεξελθὼν
2567 3850 2845 3919 Αἴγυπτον
2888 3849 2986 3902 καὶ⁵
3016 3847 3252 3902 ταπεινά
3286 3850 3544 3919 πράττων
3580 3849 3679 3902 καὶ
3715 3868 3802 3919 μι-

2224 3943 2487 4014 σούμενος
2510 3957 2526 3972 ο
2560 3941 2782 4013 Βρούτῳ
2801 3941 2858 3995 δέ
2890 3942 3104 4012 Μάρκῳ
3133 3939 3210 4010 τῷ
3239 3940 3496 4012 Καίσαρα
3526 3939 3805 3994 κτείναντι

2202 4034 2544 4107 περιπεσὼν
2590 4034 2647 4086 ἐν
2686 4032 2866 4105 Ἀσίᾳ,
2899 4035 2995 4086 καὶ
3041 4033 3221 4086 πᾶσαν
3268 4032 3453 4085 αἰκίαν
3493 4032 3594 4085 ὑπ’
3640 4032 3806 4086 αὐτοῦ

2224 4129 2515 4192 αἰκισθεὶς,
2543 4126 2881 4197 ἀπεκτάνθη.
2908 4128 3064 4180 Ὅσοι
3095 4126 3153 4179 δὲ
3182 4126 3290 4179 τῶν
3315 4127 3609 4196 Πομπηΐου
3634 4128 3807 4196 φίλων

2225 4226 2536 4281 ἑαλώκεσαν
2559 4225 2663 4276 ὑπὸ
2693 4220 2788 4275 τοῦ
2820 4221 2920 4289 τῆς
2958 4220 3238 4289 Αἰγύπτου
3271 4220 3633 4291 κρατοῦντος,
3666 4222 3806 4274 πᾶν-

2202 4328 2322 4381 ’τας
2354 4317 2725 4387 εὐηργέτησεν
2757 4313 2786 4365 ὁ
2818 4314 3037 4381 Καῖσαρ
3068 4313 3166 4366 καὶ
3192 4309 3603 4383 προσηγάγετο.
3632 4312 3809 4364 Κάκεῖ

2225 4410 2282 4462 δὲ
2308 4407 2542 4476 πόλεμον
2568 4405 2961 4475 συνεστήσατο,
2988 4402 3083 4455 καὶ
3110 4401 3296 4469 κρύφα
3319 4401 3418 4473 τὴν
3438 4402 3807 4473 Κλεοπάτραν

541 4508 667 4564 qua:
697 4507 730 4547 a
783 4492 1018 4548 Photino
1077 4492 1336 4547 eunucho
1389 4502 1447 4547 et
1496 4507 1665 4562 regno
1708 4503 1765 4547 et
1809 4492 1947 4546 urbe
2010 4490 2113 4562 jam

2228 4495 2336 4548 ἀπὸ
2366 4493 2468 4563 τῆς
2497 4492 2681 4565 χώρας
2721 4492 3130 4563 μετεπέμπετο,
3178 4489 3543 4561 ἐκϐληθεῖσαν
3574 4491 3676 4561 ἤδη
3713 4492 3809 4562 τῆς

543 4545 719 4656 eiecta
750 4594 890 4639 erat.
926 4582 1059 4650 Quae
1089 4599 1215 4639 cum
1247 4584 1370 4639 solo
1436 4582 1777 4653 Apollodoro
1808 4580 1998 4637 Siculo
2026 4595 2113 4636 co-

2229 4582 2505 4651 βασιλείας
2528 4596 2589 4634 τε
2618 4581 2711 4634 καὶ
2739 4580 2838 4650 τῆς
2872 4579 3082 4642 πόλεως
3114 4579 3264 4651 παρὰ
3294 4583 3386 4634 τοῦ
3416 4581 3684 4651 εὐνούχου
3709 4582 3811 4634 llo-

547 4676 680 4731 mite
709 4692 873 4745 parva
905 4679 1100 4747 cymba
1126 4690 1430 4732 conscensa
1453 4675 1521 4730 ad
1559 4676 1762 4746 regiam
1797 4673 2122 4742 appulisset,

545 4777 604 4823 ct
630 4767 875 4822 involuta
925 4767 1168 4837 stragulo
1200 4783 1367 4837 quam
1411 4766 1573 4838 longa
1601 4777 1741 4829 erat,
1790 4773 1847 4820 et
1874 4764 2126 4835 colligata

547 4858 619 4913 ab
638 4857 831 4912 eodem
860 4873 958 4927 per
984 4856 1133 4912 fores
1159 4857 1229 4912 ad
1255 4857 1525 4914 Caesarem
1555 4857 1761 4927 perlata
1788 4862 1975 4911 esset:
2012 4864 2125 4910 tum

550 4949 698 5005 illius
747 4954 1046 5004 commenti
1089 4949 1370 5005 solertiam
1417 4949 1745 5013 admiratus,
1785 4959 1899 5004 tum
1945 4948 2129 5002 suavi-

553 5049 664 5096 tate
695 5057 911 5095 morum
960 5050 1018 5096 et
1056 5042 1242 5111 lepore
1289 5043 1410 5113 ejus
1459 5051 1673 5112 captus,
1731 5056 1853 5096 eam
1884 5049 1943 5096 ut
1970 5042 2126 5112 regni

552 5141 699 5188 esset
726 5133 1021 5203 particeps,
1053 5148 1178 5187 cum
1218 5132 1388 5188 fratre
1431 5134 1829 5189 reconciliavit.
1862 5132 1999 5189 Cum
2030 5148 2130 5187 au-

554 5234 667 5280 tem
704 5225 759 5279 in
789 5225 1045 5280 convivio
1067 5236 1291 5295 propter
1322 5225 1830 5281 reconciliationem
1885 5240 2006 5280 eam
2045 5226 2127 5280 itt-

554 5316 770 5380 stituto,
802 5315 872 5371 ab
902 5316 1112 5372 Achilla
1136 5318 1277 5374 duce
1305 5318 1585 5374 exercitus
1609 5327 1666 5372 et
1693 5316 1926 5373 Photino
1952 5335 2131 5373 eunu-

555 5407 661 5462 cho
690 5406 919 5463 insidias
946 5408 1050 5463 sibi
1078 5409 1259 5478 parari
1289 5408 1794 5475 animadvertisset,
1832 5410 2129 5465 Photinum

558 5499 872 5555 interfecit:
930 5499 1173 5556 Achillas
1216 5515 1345 5555 vero
1383 5499 1512 5571 fuga
1542 5501 1785 5570 elapsus,
1821 5516 1984 5572 grave
2018 5501 2134 5555 bel-

560 5593 674 5646 lum
723 5592 775 5646 ei
824 5592 1028 5647 intulit.
1083 5591 1204 5659 Quo
1252 5601 1497 5663 tempore
1549 5608 1674 5647 cum
1728 5592 1909 5649 Ctesar
1953 5592 2132 5663 ignem

565 5682 723 5738 classi
775 5684 1071 5753 iniecisset,
1125 5699 1319 5756 magna
1370 5700 1589 5755 quoque
1642 5685 1731 5739 illa
1796 5684 2135 5738 Bibliotheca

573 5776 941 5846 conﬂagravit.
988 5776 1291 5834 Commisso
1344 5777 1550 5849 pret-lio,
1583 5777 1650 5833 ab
1682 5793 1876 5847 aggere
1911 5776 1966 5831 in
2000 5776 2132 5832 lem-

2226 4673 2427 4730 θεινοῦ.
2462 4675 2556 4742 Ἦ,
2593 4676 2689 4729 σὺν
2710 4675 2856 4744 μόνῳ
2872 4673 2951 4744 τῷ
2977 4674 3278 4745 Σικελιώτῃ
3310 4672 3707 4746 Ἀπολλοδώρῳ
3734 4677 3809 4738 εἰς

2229 4768 2456 4823 ἀκάτιον
2493 4767 2689 4838 μικρὸν
2737 4766 2981 4837 ἐμϐᾶσα,
3018 4768 3133 4831 τοῖς
3172 4765 3466 4837 βασιλείοις
3512 4769 3809 4838 προσέσχε,

2229 4860 2326 4913 καὶ
2356 4862 2439 4923 είς
2478 4858 2973 4930 στρωματόδεσμον
3003 4858 3225 4920 ἐνδῦσα,
3261 4859 3542 4929 προτείνει
3589 4862 3809 4931 μακρὰν

2231 4955 2449 5024 ἑαυτήν.
2508 4952 2570 5005 '0
2624 4950 2682 5004 δὲ
2748 4948 3170 5020 Ἀπολλόδωρος,
3193 4951 3381 5020 ἱμάντι
3428 4952 3707 5022 συνδήσας
3751 4953 3810 5006 τὸ

2231 5043 2750 5115 στρωματόδεσμον,
2794 5040 3101 5113 εἰσκομίζει
3162 5042 3255 5095 διά
3305 5042 3495 5111 θυρῶν
3536 5044 3679 5115 πρὸς
3721 5045 3808 5097 τὸν

2233 5131 2511 5202 Καίσαρα.
2538 5131 2648 5186 Καὶ
2670 5130 2761 5184 διὰ
2779 5130 3025 5202 τοῦτοκτὸ
3048 5131 3297 5202 τέχνημα
3331 5132 3590 5204 λαμυρᾶς
3627 5135 3810 5203 φανεί-

2237 5239 2358 5292 σης.
2399 5223 2496 5276 καὶ
2526 5222 2624 5291 τῆς
2662 5222 2829 5293 ἄλλης
2859 5222 3075 5293 ὁμιλίας
3110 5224 3205 5275 καὶ⁵
3239 5224 3463 5294 χάριτος
3507 5224 3685 5293 αὐτῆς
3715 5229 3810 5295 ητ-

2234 5312 2445 5383 τηθεὶς,
2475 5312 2725 5384 διήλλαξε
2769 5312 2906 5383 πρὸς
2938 5312 3031 5366 τὸν
3059 5312 3288 5381 ἀδελφὸν
3327 5313 3405 5377 ὡς
3443 5314 3814 5385 συμϐασιλεύ-

2241 5422 2464 5461 σουσαν.
2547 5404 2930 5475 Ἐστιωμένων
3000 5405 3046 5460 δ’
3128 5407 3225 5461 ἐπὶ
3309 5409 3426 5469 ταῖς
3474 5407 3812 5477 διαλλαγαῖς,

2241 5496 2540 5567 ἐπιϐουλὴν
2599 5496 2864 5566 φωράσας
2912 5498 2942 5551 ὁ
3000 5498 3223 5569 Καῖσαρ
3285 5498 3673 5569 τυρευομένην
3724 5498 3814 5550 ὑπ’

2253 5590 2471 5660 Ἀχιλλᾶ
2499 5588 2592 5641 τοῦ
2628 5587 2938 5657 στρατηγοῦ
2965 5589 3058 5641 καὶ
3102 5586 3363 5642 Ποθεινοῦ
3393 5587 3488 5640 τοῦ
3523 5588 3810 5657 εὐνούχου,

2240 5684 2332 5736 τὸν
2369 5681 2468 5753 μὲν
2495 5678 2751 5734 Ποθεινὸν
2781 5679 3014 5733 ἀνεῖλεν
3057 5680 3311 5751 nixam;
3336 5679 3389 5733 δὲ
3420 5682 3609 5749 φυγὼν
3640 5682 3722 5740 είς
3759 5680 3818 5731 τὸ

2246 5773 2609 5845 στρατόπεδον
2655 5772 2825 5843 βαρὺν
2855 5770 3003 5841 αὐτῷ
3038 5772 3351 5843 περιίστησι
3387 5772 3648 5842 πόλεμοειη
3680 5771 3812 5825 Ὅτε
