4050 6210
280 334 397 399 829
1557 343 1865 406 ANNALII

1999 349 2145 412 LIB.
2190 354 2266 413 Χ.
3425 361 3530 425 830

274 445 396 517 πῦρ
448 431 908 518 insumunt;
944 444 1114 517 στόλῳ
1143 447 1275 519 (67),
1312 449 1405 503 καὶ
1452 451 1485 521 ἡ
1527 452 1739 523 μεγάλη
1773 452 1856 522 βι·

1967 456 2093 513 bum
2128 462 2372 520 desiluit.
2409 466 2516 522 Sed
2548 483 2672 523 cum
2700 469 2768 524 ab
2808 467 3075 541 Egyptiis
3109 441 3341 526 navibus
3366 476 3532 529 undi-

268 536 549 608 ϐλιοθήκη
580 537 966 607 ὶμπέπρηστο.
993 538 1188 610 Μάχης
1216 539 1274 592 δὲ
1311 540 1678 612 συνεστώσης,
1702 558 1865 596 κατε-

1967 568 2072 622 que
2101 557 2437 625 cingeretur,
2482 560 2618 614 mari
2655 577 2713 616 se
2747 563 3038 631 commisit,
3091 572 3147 617 et
3178 579 3322 634 :cgrc
3345 576 3537 618 enata-

276 631 498 702 πήδησε
544 629 647 698 μὲν
702 630 815 684 ἀπὸ
863 629 960 683 τοῦ
1008 630 1267 701 χώματος
1299 632 1381 693 εἰς
1422 632 1667 688 ἀκάτιον.
1711 634 1864 687 Ἐπι-

1967 647 2061 702 vit.
2096 646 2294 704 Fertur
2322 659 2506 705 autent
2539 652 2756 707 libellos
2807 655 3011 708 mullos
3052 669 3215 709 manu
3267 655 3412 709 inter
3441 671 3538 709 na—

272 720 558 774 ικλεόντων
579 719 636 772 δὲ
659 718 995 791 πολλαχόθεν
1016 719 1170 790 αὐτῷ
1193 721 1303 773 τῶν
1336 722 1669 791 Αἰγυπτίων,
1702 722 1864 794 ῥίψας

275 812 480 865 ἑαυτὸν
508 812 591 875 είς
612 811 710 881 τὴν
733 810 1032 878 θάλασσαν,
1061 812 1372 882 ἀπενήξατο
1400 816 1576 885 μόλις.
1612 816 1742 868 ὐτε
1777 815 1866 868 λέ-

272 920 443 972 γεται
472 903 571 957 καὶ
606 902 843 973 βιϐλίδια
871 903 1093 974 κρατῶν
1126 903 1299 959 πολλὰ
1364 906 1438 975 μὴ
1475 905 1735 975 προέσθαι
1768 922 1863 976 νη-

273 998 541 1066 χόμενος,
566 993 679 1048 ἀλλ’
717 994 938 1064 ἀνέχειν
981 993 1122 1048 αὐτὰ
1168 995 1309 1065 ὑπὲρ
1337 995 1436 1066 τῆς
1468 994 1752 1066 θαλάσσης
1792 999 1861 1067 τῇ

276 1087 457 1157 ἑτέρᾳ
489 1087 656 1157 χειρὶ,
709 1087 808 1140 καὶ
844 1085 1023 1139 ταῦτα
1069 1084 1421 1157 βαλλόμενος.
1447 1086 1613 1151 Τέλος
1645 1087 1725 1152 δὲ,
1764 1087 1864 1141 τοῦ

282 1177 562 1250 βασιλέως
619 1177 758 1248 πρὸς
819 1177 951 1239 τοὺς
1011 1177 1310 1248 πολεμίους
1378 1179 1864 1250 ἀποχωρήσαντος,

279 1268 538 1322 ἐπελθὼν
567 1269 667 1322 καὶ
694 1267 936 1338 συνάψας
967 1267 1209 1337 πόλεμον
1247 1267 1491 1338 ἐνίκησε,
1523 1267 1737 1321 πολλῶν
1766 1285 1864 1321 πε-

279 1362 496 1415 σόντων
522 1362 618 1414 καὶ
642 1359 739 1414 τοῦ
769 1358 1038 1429 βασιλέως
1062 1358 1306 1428 ἀφανοῦς
1334 1359 1656 1429 γενομένου.
1687 1359 1865 1413 Κατα-

276 1448 464 1504 λιπὼν
504 1449 562 1503 δὲ
593 1449 697 1520 τὴν
736 1449 1097 1521 Κλεοπάτραν
1137 1448 1533 1520 βασιλεύουσαν
1558 1447 1861 1519 Αἰγύπτου.

277 1542 389 1596 καὶ
446 1541 647 1613 μικρὸν
707 1540 940 1614 ὕστερον
987 1541 1049 1607 ἑξ
1106 1541 1275 1596 αὐτοῦ
1321 1541 1591 1597 τεκοῦσαν
1632 1542 1770 1608 υἱὸν,
1803 1542 1864 1596 όν

289 1635 672 1707 Ἀλεξανδρεῖς
721 1637 1115 1707 Καισαρείωνα
1157 1636 1431 1703 ἐκάλουν,¹
1457 1635 1719 1710 ὥρμησεν
1769 1637 1864 1691 ἐπὶ

272 1727 488 1797 Συρίαν
542 1728 641 1781 καὶ
662 1727 925 1801 1ιιιρνάκῃ
961 1728 1039 1798 τῷ
1068 1728 1406 1800 Μιθριδάτου
1438 1730 1589 1783 παιδὶ
1618 1729 1862 1800 πολεμή-

274 1835 411 1885 σας,
442 1817 607 1872 αὑτὸν
640 1818 741 1889 μὲν
768 1819 863 1873 τοῦ
909 1820 1114 1874 Πόντου
1146 1822 1391 1890 ἐξέϐαλε,
1454 1823 1557 1893 τὴν
1602 1824 1660 1878 δὲ
1692 1841 1864 1895 στρα-

271 1912 410 1965 τιὶν
441 1910 612 1981 ἄρδην
635 1913 839 1967 ἀνεῖλε.
868 1914 983 1967 Καὶ
1010 1915 1110 1983 τῆς
1147 1916 1328 1986 μάχης
1370 1915 1572 1987 ταύτης
1608 1917 1671 1970 τὸ
1695 1916 1861 1988 τάχος

277 2004 381 2057 καὶ
403 2003 505 2074 τὴν
529 2003 767 2076 ὀξύτητα
791 2004 966 2077 δηλῶν
997 2009 1109 2071 τοῖς
1142 2010 1200 2062 ὲν
1232 2008 1444 2079 Ῥώμη,
1472 2008 1683 2080 ἔγραψε
1712 2012 1863 2082 τρεῖς

272 2094 497 2160 λέξεις·
553 2092 810 2161 Ἦλθον,
863 2095 1052 2159 εἶδον,
1115 2100 1391 2169 ἐνίκησα.
1436 2101 1732 2156 Ἐντεῦθεν
1781 2104 1863 2167 είς

287 2188 536 2243 Ἰταλίαν
591 2190 847 2246 ἀπελθὼν
909 2192 990 2255 είς
1032 2191 1258 2264 Ῥώμην
1306 2194 1581 2257 ἀνέϐαινε,
1619 2195 1714 2249 τοῦ
1762 2195 1862 2266 μὲν

272 2279 539 2335 ἐνιαυτοῦ
572 2284 1070 2353 καταστρέφοντος,
1098 2286 1177 2348 είς
1205 2285 1265 2337 ὃν
1305 2286 1478 2357 ᾕρητο
1499 2286 1774 2358 δικτάτωρ
1801 2287 1864 2341 τὸ

274 2370 567 2444 δεύτερον,
599 2374 857 2431 οὐδέποτε
894 2376 1161 2445 πρότερον
1183 2377 1286 2446 τῆς
1317 2379 1492 2449 ἀρχῆς
1534 2378 1741 2449 ταύτης
1773 2395 1864 2446 γε-

277 2466 525 2537 νομένης
553 2467 824 2521 ἐνιαυσίου
846 2485 861 2500 ο
889 2471 972 2531 εἰς
992 2469 1049 2522 δὲ
1077 2470 1140 2522 τὸ
1165 2470 1316 2523 ἐπιὸν
1350 2470 1470 2533 έτος
1503 2470 1715 2535 ὕπατος
1739 2473 1863 2524 ἁνε-

274 2556 501 2628 δείχθη.
543 2558 667 2612 Τῶν
699 2559 757 2613 δὲ
795 2560 923 2630 περὶ
967 2562 1204 2616 Κάτωνα
1249 2561 1345 2614 καὶ
1390 2563 1669 2616 Σκιπίωνα
1726 2563 1864 2632 μετά

275 2649 385 2718 τήν
444 2652 506 2703 ἐν
550 2651 818 2723 Φαρσάλῳ
867 2651 1047 2723 μάχην
1089 2655 1169 2715 εἰς
1201 2653 1410 2722 Λιϐύην
1445 2656 1732 2724 φυγόντων
1771 2656 1865 2710 καὶ

278 2742 548 2813 δυνάμεις
587 2743 927 2815 ἡθροικότων
957 2747 1298 2814 ἀξιολόγους,
1325 2747 1415 2801 ἐπ’
1443 2747 1640 2811 αὐτοὺς
1666 2750 1695 2800 ό
1727 2751 1866 2803 Καῖ-

282 2849 397 2903 σαρ
447 2835 821 2906 ἐστράτευσε,
872 2838 969 2890 καὶ
1032 2837 1218 2910 μικρῷ
1272 2837 1429 2908 μέρει
1476 2840 1608 2907 μιᾶς
1646 2840 1865 2909 ἡμέρας

278 2926 461 2997 τριῶν
494 2930 873 2999 στρατοπέδων
903 2931 1178 3002 ἐκράτησε
1196 2946 1214 2962 ·
1246 2930 1343 2984 καὶ
1367 2931 1867 3001 πεντακισμυρίους

278 3020 401 3078 τῶν
423 3018 702 3091 πολεμίων
727 3021 1041 3094 ἀνῃρηκὼς.
1073 3022 1196 3075 οὐδὲ
1218 3023 1561 3093 πεντήκοντα
1587 3023 1696 3076 τῶν
1722 3024 1868 3078 ίδέων

1964 740 2190 795 tandum
2213 740 2268 795 in
2298 741 2529 798 sublime
2551 743 2746 811 elatas,
2774 760 2883 799 non
2906 745 3195 817 abjecisse,
3220 761 3533 816 quanquam

1961 833 2087 888 telis
2134 842 2437 902 peteretur.
2470 833 2713 890 Tandem
2763 851 2887 891 cum
2922 851 3015 890 rex
3046 837 3112 891 ad
3145 836 3332 892 hostes
3372 837 3538 892 abiis-

1963 934 2067 989 set,
2101 938 2379 988 reversus,
2413 926 2707 980 commisso
2733 927 2919 996 praelio
2952 928 3103 992 vicit,
3136 927 3323 982 multis
3355 928 3534 989 caesis.

1964 1014 2197 1085 ipsoque
2227 1031 2355 1087 rege
2385 1015 2716 1083 desiderato,
2752 1033 2815 1072 ac
2844 1017 3149 1089 Cleopatra:
3177 1017 3398 1089 Egypti
3449 1034 3538 1072 rc-

1963 1121 2071 1177 gno
2100 1106 2295 1162 relicto
2321 1124 2335 1161 :
2375 1122 2496 1175 qua:
2527 1122 2639 1162 non
2675 1108 2848 1163 multo
2882 1120 3004 1179 post
3029 1108 3199 1163 lilium
3223 1109 3273 1164 ei
3301 1109 3537 1180 peperit,

1963 1198 2033 1254 ab
2068 1197 2339 1271 Egyptiis
2364 1200 2727 1257 Caesarionem
2772 1211 3051 1265 vocatum,
3106 1202 3270 1272 inque
3324 1200 3537 1271 Syriam

1963 1294 2283 1350 contendit:
2341 1304 2398 1351 et
2450 1293 2733 1350 Pharnace
2783 1294 3116 1350 Mithridatis
3192 1293 3303 1348 lilio
3359 1294 3537 1348 Ponto

1963 1387 2161 1457 cjecto,
2198 1388 2318 1458 ejus
2348 1402 2482 1442 vero
2538 1387 2784 1443 exercitu
2820 1403 3047 1458 prorsus
3078 1387 3279 1451 deleto,
3314 1400 3373 1440 ut
3407 1385 3540 1440 belli

1963 1476 2201 1533 confecti
2231 1477 2568 1533 celeritatem
2619 1478 3044 1542 demonstraret,
3096 1479 3197 1533 tria
3233 1478 3397 1532 verba
3431 1477 3539 1531 llo-

1963 1582 2107 1623 mam
2134 1568 2357 1639 scripsit
2385 1585 2401 1623 :
2435 1569 2585 1634 Veni,
2612 1570 2745 1632 vidi,
2775 1571 2897 1625 vici.
2926 1569 3057 1625 Inde
3088 1569 3142 1625 in
3180 1569 3383 1625 italiam
3416 1586 3540 1639 pro-

1963 1658 2160 1724 fectus,
2194 1661 2421 1716 Romam
2461 1663 2708 1718 ascendit
2736 1663 2839 1718 sub
2873 1664 3001 1717 anni
3043 1662 3271 1727 exitum,
3306 1676 3415 1733 quo
3453 1676 3541 1716 se-

1965 1751 2207 1808 cundum
2247 1752 2485 1809 dictator
2518 1764 2737 1809 creatus
2769 1755 2967 1818 fuerat,
3029 1770 3153 1810 cum
3193 1770 3257 1809 ea
3293 1762 3537 1823 potestas

1960 1850 2123 1898 antea
2164 1857 2444 1912 nunquam
2480 1843 2648 1915 489
2685 1859 2868 1898 annua
2916 1840 3136 1898 fuisSct.
3191 1843 3245 1896 In
3297 1857 3537 1910 sequen-

1960 1946 2071 1990 tem
2102 1948 2307 1989 annum
2336 1937 2529 1991 consul
2556 1946 2642 1991 cst
2673 1935 3001 1991 declaratus.
3033 1935 3168 1992 Cum
3196 1945 3378 1989 autem
3401 1934 3538 1988 Cato

1960 2034 2019 2081 et
2044 2026 2231 2097 Scipio
2258 2036 2385 2097 post
2413 2028 2786 2083 Pharsalicam
2823 2029 3033 2084 cladem
3075 2029 3127 2082 in
3161 2026 3336 2082 Africa
3364 2027 3541 2097 justas

1962 2120 2151 2191 c0pias
2180 2121 2510 2191 coegissent.
2545 2120 2730 2177 Czesar
2764 2131 2953 2177 contra
2976 2136 3071 2176 eos
3101 2121 3399 2191 profectus,
3428 2119 3542 2171 cxi.

1961 2226 2067 2283 gua
2121 2211 2289 2267 unius
2325 2211 2435 2267 diei
2470 2222 2624 2282 parte
2658 2222 2770 2267 tres
2799 2212 3078 2267 exercitus
3110 2209 3393 2280 superavit
3422 2227 3435 2262 :
3485 2218 3543 2262 et

1954 2317 1995 2356 ·ι.
2027 2300 2271 2356 millibus
2305 2302 2547 2356 hostium
2605 2303 2825 2367 occisis,
2869 2316 3097 2356 suorum
3130 2316 3238 2354 non
3273 2315 3303 2353 ι.
3334 2298 3537 2352 amisit.

1962 2394 2080 2451 Viri
2112 2394 2430 2449 consulares
2467 2404 2524 2450 et
2552 2396 2791 2462 prattorii
2830 2399 2922 2464 qui
2950 2410 2980 2450 e
3020 2409 3199 2464 pugna
3230 2400 3536 2451 evaserant.

1963 2500 2087 2541 cum
2119 2495 2470 2556 caperentur,
2504 2485 2700 2555 partim
2740 2486 2841 2556 ipsi
2885 2501 3075 2541 necem
3114 2483 3219 2539 sibi
3252 2481 3541 2537 conscive-

1964 2585 2115 2639 runt,
2149 2577 2347 2646 partim
2388 2586 2579 2646 captos
2622 2575 2805 2631 Caesar
2852 2575 3139 2645 suppliciis
3181 2573 3385 2627 all‘ecit.
3439 2570 3541 2627 Ca.

1966 2666 2115 2721 tonis
2141 2681 2353 2733 necem,
2382 2666 2474 2736 qui
2507 2666 2609 2721 sibi
2661 2667 2777 2736 ipse
2827 2680 3022 2719 manus
3048 2662 3327 2729 attulerat,
3364 2662 3541 2731 palam

1948 2772 2107 2829 ’.πει-ο
2144 2759 2308 2813 tulit:
2349 2774 2449 2813 cur
2477 2768 2684 2823 autem,
2744 2758 3016 2811 incertum
3070 2765 3175 2812 est.
3227 2754 3365 2809 Illud
3413 2753 3543 2823 qui-

1967 2849 2092 2904 dem
2124 2849 2296 2903 dixit:
2338 2849 2554 2903 Invideo
2583 2849 2675 2903 tibi
2728 2856 2951 2902 mortem
3006 2848 3183 2910 istam,
3216 2845 3368 2907 Cato,
3413 2861 3545 2914 quo-

1968 2946 2114 2996 niam
2146 2950 2201 2995 tu
2235 2941 2363 2995 mihi
2405 2940 2631 2994 salutem
2666 2940 2922 2995 invidisti.
2962 2938 3037 2992 Ex
3085 2938 3270 2993 Africa
3308 2939 3537 2991 Romam

1954 3022 2248 3098 reversus,
2281 3032 2665 3103 triumphavit,
2694 3030 3083 3101 etspcctacula
3114 3028 3319 3084 navalis
3348 3042 3543 3099 pugna:

279 3112 560 3167 ἀπέϐαλε.
595 3112 716 3167 Τῶν
744 3115 799 3168 δὲ
868 3115 1224 3182 πεφευγότων
1250 3116 1315 3168 ὲκ
1335 3116 1434 3183 τῆς
1457 3114 1639 3186 μάχης
1669 3117 1865 3171 ὑπατι-

1967 3134 2024 3181 et
2067 3124 2435 3196 gladiatorum
2487 3124 2681 3181 edidit.
2729 3123 2866 3180 Cum
2910 3139 3109 3180 census
3160 3132 3435 3191 ageretur,
3480 3135 3544 3175 et.

289 3204 410 3258 κῶν
439 3205 536 3259 καὶ
562 3207 946 3276 στρατηγικῶν
1002 3206 1214 3277 ἀνδρῶν
1246 3207 1299 3260 οἱ
1342 3207 1441 3276 μὲν
1481 3208 1712 3272 ἑαυτοὺς
1756 3208 1867 3261 διέ-

284 3298 529 3367 φθειραν
558 3297 931 3370 ἁλισκόμενοι,
993 3299 1225 3368 συχνοὺς
1277 3298 1334 3353 δὲ
1384 3300 1604 3370 Καῖσαρ
1636 3299 1865 3364 ἁλόντας

282 3390 605 3444 ἀπέκτεινε.
634 3390 889 3454 Κάτωνος
915 3391 972 3445 δὲ
1003 3391 1679 3461 ὲαυτδντδιεργασαμένου,
1707 3391 1866 3462 δῆλος

284 3478 358 3551 ἦν
402 3481 624 3553 δηχθείς
650 3500 664 3513 ’
708 3478 769 3538 οὗ
797 3482 844 3537 δ’
883 3482 1044 3537 ἕνεκα
1074 3483 1346 3553 λελύπητο
1377 3484 1593 3555 ἄδηλον.
1642 3480 1779 3539 Eine
1820 3484 1867 3537 δ’

285 3570 410 3627 οὖν*
438 3566 507 3625 Ὦ
542 3570 771 3637 Κάτων,
800 3570 1002 3642 φθονῶ
1046 3572 1154 3627 τοῦ
1183 3572 1467 3628 θανάτοψ
1500 3576 1600 3627 καὶ
1629 3574 1739 3644 γὰρ
1785 3575 1866 3630 σύ

281 3681 394 3733 μοι
447 3662 556 3729 τῆς
614 3664 919 3734 σωτηρίας
963 3664 1310 3734 ἐφθόνησας
1360 3665 1496 3735 (68).
1559 3667 1720 3723 Ἀλλά
1758 3670 1867 3740 γὰρ

230 3830 235 3835 ⁸
286 3754 609 3811 ἐπανελθὼν
629 3757 710 3819 είς
746 3755 968 3827 Ῥώμην
997 3757 1106 3810 ἀπὸ
1133 3757 1340 3829 Λιϐύης
1365 3758 1667 3829 θριάμϐους
1697 3761 1872 3832 κατή-

289 3865 463 3918 γαγε,
492 3849 586 3903 καὶ
624 3847 754 3912 θέας
796 3848 1007 3902 ὲτέ).ευε
1048 3850 1343 3921 ναυμάχων
1398 3852 1496 3904 καὶ
1540 3852 1869 3923 μονομάχων

289 3940 530 4009 ἀνδρῶν.
560 3940 851 4012 Τιμήσεων
882 3940 938 3995 δὲ
966 3941 1276 4010 γενομένων
1306 3941 1428 3994 ἀντὶ
1454 3942 1562 3994 τῶν
1587 3943 1871 4014 προτέρων

287 4032 445 4086 δυεῖν
469 4035 563 4086 καὶ
590 4025 888 4103 τριάκοντα
925 4033 1206 4103 μυριάδων
1232 4035 1288 4086 αἱ
1321 4034 1495 4087 πᾶσαι
1524 4035 1872 4088 πεντεκαίδε-

287 4141 371 4178 κα
399 4123 792 4195 περισωθεῖσαι
818 4123 1120 4194 εὑρέθησαν
1139 4139 1154 4154 ⁸
1183 4122 1524 4195 τηλικαύτην
1547 4125 1754 4198 φθορὰν
1776 4126 1872 4179 τοῦ

288 4217 471 4287 δήμου
515 4217 545 4269 ὁ
584 4216 850 4288 ἐμφύλιος
886 4218 1184 4289 είργάσατο
1213 4218 1471 4288 πόλεμος.
1512 4214 1642 4272 Εἶτα
1664 4218 1871 4283 ὕπατος

288 4309 357 4362 τὸ
374 4310 636 4380 τέταρτον
674 4310 940 4380 αἱρεθεὶς,
979 4310 1059 4372 εἰς
1089 4307 1333 4380 Ἰϐηρίαν
1371 4310 1742 4379 ἐστράτευσεν
1774 4312 1871 4365 ἐπὶ

1970 3218 2142 3273 millia
2172 3219 2402 3286 civium,
2453 3218 2522 3275 de
2552 3234 2718 3275 cccxx
2775 3218 3022 3273 millibus
3076 3231 3198 3286 quae
3227 3224 3352 3269 aute
3381 3227 3542 3267 censa

1969 3312 2207 3377 fuerant,
2238 3321 2369 3368 sunt
2403 3312 2646 3367 inventa.
2674 3311 2903 3367 Tantam
2938 3310 3124 3381 populi
3161 3318 3395 3377 stragem
3430 3304 3546 3359 bel-

1954 3403 2086 3458 ‘lum
2121 3401 2282 3456 civile
2320 3403 2597 3458 attulerat.
2657 3402 2866 3457 Deinde
2921 3409 3177 3470 quartum
3211 3397 3400 3453 consul
3432 3396 3546 3450 l'ac-

1974 3501 2085 3558 tus,
2114 3492 2169 3547 in
2201 3491 2518 3564 Hispaniam
2551 3492 2687 3547 abiit
2717 3500 2907 3547 contra
2943 3490 3185 3560 Pompeii
3228 3489 3388 3553 lilios,
3416 3486 3547 3541 ado-

1971 3586 2248 3642 lescentes
2283 3585 2508 3656 quidem
2556 3584 2679 3640 illos
2724 3584 2926 3645 adhuc,
2963 3583 3058 3637 sed
3086 3578 3313 3636 audacia
3343 3577 3548 3648 princi-

1973 3690 2105 3748 patu
2153 3677 2319 3748 digna
2367 3676 2669 3746 praeditos:
2721 3674 2815 3730 ubi
2867 3676 2924 3729 in
2976 3681 3187 3728 tantum
3240 3669 3546 3740 periculum

1973 3768 2146 3833 venit,
2206 3777 2267 3822 ut
2305 3783 2404 3837 per
2450 3766 2621 3822 aciem
2674 3766 3013 3829 discurrens,
3069 3761 3414 3818 clamitaret:
3469 3759 3547 3813 An

1974 3861 2168 3915 milites
2199 3874 2303 3912 non
2338 3858 2574 3930 puderet,
2609 3872 2666 3911 se
2693 3866 2903 3926 captum
2937 3856 3109 3925 pueris
3137 3854 3191 3906 in
3224 3866 3412 3905 manus
3436 3858 3541 3903 tra-

1975 3951 2140 4005 dere?
2179 3950 2307 4005 Post
2335 3963 2572 4020 pugnam
2602 3956 2787 4002 autem
2815 3946 3008 4000 amicis
3041 3943 3218 3999 dixit:
3284 3939 3355 3996 Se
3379 3940 3443 3994 de
3473 3938 3550 3993 vi-

1975 4044 2142 4097 ctoria
2169 4057 2328 4113 swpe,
2371 4054 2483 4096 tum
2511 4054 2632 4094 vero
2660 4040 2892 4109 primum
2912 4038 2977 4092 de
3001 4039 3108 4092 vita
3138 4044 3385 4091 certasse.
3428 4031 3549 4088 Ca:-

1975 4147 2100 4188 sare
2148 4132 2381 4196 victore,
2416 4131 2605 4203 junior
2638 4129 2883 4200 Pompeii
2933 4128 3080 4183 ﬁlius
3137 4127 3264 4197 fuga
3310 4134 3396 4179 est
3435 4124 3549 4179 ela-

1974 4238 2110 4293 psus
2137 4240 2152 4276 :
2192 4231 2318 4294 post
2350 4223 2469 4280 dies
2496 4222 2728 4294 aliquot,
2757 4229 2886 4277 natu
2914 4219 3137 4292 majoris
3166 4215 3548 4289 caputCmsari

1975 4315 2226 4369 allatum.

291 4408 427 4471 τοὺς
462 4404 752 4475 Πομπηΐου
788 4403 958 4466 υἱοὺς.
998 4402 1153 4467 νέους
1197 4404 1296 4473 μὲν
1335 4402 1501 4467 ὄντας
1528 4403 1632 4471 ἔτι,
1665 4407 1872 4476 τόλμαν
1911 4409 1955 4463 δ’
1988 4409 2473 4480 ἐπιδεικνυμένους
2504 4410 2803 4482 ἀξιόχρεων
2867 4408 3003 4479 πρὸς
3069 4404 3388 4478 ἠγεμονίαν.
3417 4403 3550 4457 ’Ὅτε

290 4503 397 4559 καὶ
425 4504 506 4565 εἰς
536 4499 783 4555 κίνδυνον
810 4496 1095 4568 περιέστη,
1123 4498 1199 4561 ὡς
1222 4498 1351 4570 βοᾷν
1388 4498 1477 4553 διὰ
1504 4499 1615 4553 τῶν
1655 4500 1863 4568 τάξεων
1905 4502 2177 4574 περιθέων
2244 4504 2355 4557 τῶν
2418 4505 2635 4559 ἑαυτοῦο
2666 4505 2737 4558 Εὶ
2769 4502 2858 4571 μὴ
2900 4501 3209 4556 αἰδοῦνται
3250 4498 3549 4563 λαϐόντας

290 4595 487 4652 αὐτὸν
515 4596 844 4665 ἐγχειρίσαι
877 4599 1004 4665 τοῖς
1036 4597 1374 4665 παιδαρίοις
1395 4611 1418 4661 ;
1460 4596 1605 4667 Πρὸς
1644 4596 1701 4650 δὲ
1743 4600 1873 4663 τοὺς
1912 4600 2102 4670 φίλους
2143 4602 2281 4670 μετὰ
2321 4602 2423 4672 τὴν
2498 4602 2679 4672 μάχην
2726 4597 2900 4663 εἶπεν,
2949 4599 3033 4665 Ως
3074 4594 3370 4661 πολλάκις
3432 4592 3551 4663 μὲν

289 4691 660 4759 ἀγωνίσαιτο
692 4691 825 4757 περὶ
856 4692 1056 4759 νίκης,
1091 4691 1209 4746 νῦν
1241 4691 1310 4745 δὲ
1342 4687 1580 4758 πρῶτον
1628 4693 1760 4757 περὶ
1791 4694 2023 4763 ⁸ψυχῆς.
2088 4695 2434 4765 Νικήσαντος
2497 4695 2556 4748 δὲ
2621 4693 2922 4762 Καίσαρος,
2958 4691 2987 4743 δ
3022 4690 3121 4760 μὲν
3146 4688 3410 4757 νεώτερος
3438 4684 3551 4738 τῶν

293 4783 594 4854 Πομπηΐου
622 4782 756 4837 υἱῶν
782 4782 1024 4856 ἀπέδρα·
1046 4782 1249 4854 ἠνέχθη
1277 4782 1324 4838 δ’
1342 4782 1495 4856 αὐτῷ
1555 4784 1676 4855 μεθ’
1733 4785 1952 4858 ἡμέρας
1987 4786 2082 4840 τοῦ
2112 4786 2481 4858 πρεσϐυτέρου
2507 4789 2542 4857 η
2574 4784 2806 4854 κεφαλή.
2843 4783 3046 4838 Τοῦτον
3078 4782 3305 4854 ἔσχατον
3333 4781 3549 4851 Καῖσαρ

290 4877 608 4948 ἐπολέμησε
637 4875 896 4947 πόλεμον.

1494 5018 1692 5081 νοτία)
1724 5018 2032 5107 lectiones
2055 5023 2327 5082 etnotae.

371 5151 487 5222 (67)
517 5150 658 5222 Ὅτε
685 5147 808 5215 πῦρ
844 5145 1213 5222 ἐμϐαίίόττος
1233 5143 1314 5208 τῷ
1332 5144 1559 5222 στόλῳ.
1592 5146 1866 5222 incertum

293 5216 487 5278 utrum
517 5220 833 5288 Καίσαρος,
844 5232 917 5288 an
960 5217 1183 5288 ζΔχιλλᾶ
1202 5230 1231 5288 ςΔ
1252 5216 1346 5288 sed
1372 5216 1875 5288 Plutarchusscru-

339 5293 489 5346 ulum
538 5289 682 5345 tollit
703 5283 766 5342 'in
794 5285 912 5340 Vita
944 5283 1195 5346 CaeSaris.
1218 5283 1306 5339 bis
1330 5286 1512 5339 verbis
1548 5302 1562 5338 :
1609 5285 1872 5347 Δεύτερον

326 5363 355 5414 ὲ
385 5359 856 5432 περικοπτόμενος
875 5357 978 5432 τὸν
1001 5357 1204 5432 στόλρν,
1239 5354 1563 5426 ἠναγκάσθη
1584 5354 1673 5409 διὰ
1704 5356 1875 5427 πυρὸς

294 5426 628 5486 ἀπώσασθαι
652 5430 745 5481 τὸν
781 5426 1044 5481 κίνδυνον.
1074 5426 1162 5481 W.

376 5500 484 5572 (68)
521 5499 631 5555 Kal
654 5497 877 5572 γὰρ-σιξ
915 5514 1017 5572 μοι
1043 5498 1388 5564 ἐφθόνησας
1412 5496 1870 5572 τῆς-σωτηρίας.

294 5565 581 5640 Plerique,
618 5570 699 5640 ait
721 5565 1479 5640 Νοίίίιιεηίη-ῑοιίπθιαιιιυτ,⁷
1501 5567 1589 5640 _Tu
1618 5568 1757 5640 mihi
1777 5584 1869 5621 sa-

297 5636 481 5697 lutem'
503 5646 652 5693 tuam
683 5636 936 5692 invidisti.
966 5636 1073 5691 Sed
1105 5651 1229 5690 cum
1278 5636 1605 5693 Plutarchus
1633 5636 1858 5702 scribat,

299 5713 603 5767 obscurum
631 5707 818 5767 fuisse.
858 5723 957 5761 cur
977 5706 1158 5761 CtBSur
1181 5705 1407 5761 Catonis
1434 5707 1716 5762 interitum
1736 5708 1855 5761 do-

302 5782 493 5848 luerit,
552 5789 609 5836 et
635 5778 936 5848 ὲφθόνησάς
967 5794 1056 5847 μοι
1090 5775 1187 5845 τῆς
1235 5779 1526 5845 σωτηρίας,
1571 5777 1734 5835 etiam
1764 5777 1852 5833 in-

1981 5146 2147 5215 telligi
2183 5144 2378 5214 possit,
2405 5141 2671 5215 catonem
2701 5154 2811 5195 non
2834 5136 3158 5215 dignitatem
3187 5142 3427 5197 tantum,
3454 5130 3551 5213 sed

1978 5205 2212 5272 salutem
2247 5205 2411 5269 etiam
2439 5211 2669 5268 Caesaris
2702 5205 3084 5278 oppugnasse,
3135 5205 3355 5278 (neque
3404 5205 3550 5278 enim

1978 5270 2219 5349 additur,
2251 5284 2350 5351 τῆς
2383 5280 2659 5351 σωτηρίας
2705 5270 2824 5351 σου,
2854 5270 2913 5333 ξι
2964 5270 3204 5351 ἐμαυτοῦ
3238 5270 3393 5343 tique
3426 5270 3554 5351 sub-‘-

1978 5339 2218 5426 intclligi'
2243 5339 2463 5426 potest,
2491 5339 2558 5405 n'é
2587 5339 2864 5426 sententia
2894 5339 3551 5426 q‘uidemnrcpuzgnante)

1978 5415 2185 5487 malui:
2202 5415 2385 5478 subdit
2410 5423 2524 5485 ille,
2560 5420 2886 5489 particulam
2901 5415 2937 5489 ξ(
2960 5427 3107 5470 tuam
3127 5415 3423 5489 )‘omittere
3441 5446 3457 5471 ,
3474 5416 3553 5487 out

1979 5495 2031 5548 in
2061 5494 2256 5549 Latino
2283 5494 2449 5548 etiam
2476 5488 2731 5546 sermone
2766 5488 3026 5558 ambigua
3058 5492 3210 5557 esset
3248 5488 3545 5557 sententia,

1976 5576 2159 5618 utrum
2197 5564 2377 5618 Caesar
2422 5561 2731 5616 clementiae
2771 5557 2993 5629 laudem
3020 5570 3087 5608 ex
3129 5558 3550 5629 conservatione

1974 5635 2199 5689 Catonis
2230 5643 2487 5702 captare,
2518 5646 2590 5702 an
2625 5645 2756 5684 vero
2786 5641 2943 5702 suam
2983 5626 3037 5702 in
3069 5637 3136 5676 eo
3166 5618 3396 5702 explere
3432 5618 3549 5702 ira-

1972 5688 2229 5762 cundiam
2254 5688 2513 5768 volucrii,
2548 5701 2595 5755 si
2632 5713 2759 5755 eum
2787 5697 2841 5752 in
2866 5701 3190 5765 potestatem
3214 5688 3542 5759 redegisset.
