4050 6210
502 287 606 354 831

1787 283 2118 350 JOANNIS
2158 283 2476 345 ZONARzE

3651 273 3767 339 832

564 406 660 462 Xl.
702 405 965 462 Extremo
1008 406 1115 464 hoc
1163 407 1314 466 bello
1366 419 1522 482 gesto
1556 411 1785 465 Romam
1821 419 2080 462 reversus

2249 401 2354 458 lA'.
2391 396 2736 454 Ἐπανελθὼν
2772 396 2820 450 δ’
2849 396 2931 459 εἰς
2968 392 3187 464 Ῥώμην
3210 392 3491 464 δικτάτωρ
3522 391 3613 446 διὰ
3641 391 3767 463 βίου

493 499 702 562 Caesar.
733 499 974 556 dictator
1002 512 1306 571 perpetuus
1334 512 1420 557 est
1449 511 1671 557 creatus
1699 519 1712 554 :
1754 517 1877 571 qua:
1902 500 2082 554 mani-

497 587 638 642 festa
689 589 939 659 tyrannis
991 587 1117 654 fuit,
1176 599 1372 660 prater
1419 591 1753 646 monarchia:
1806 606 2078 646 summam

496 687 829 747 potestatem
863 693 1186 734 successore
1215 695 1433 749 quoque
1461 696 1674 734 carens.
1704 681 1864 736 Solus
1892 697 2077 736 rerum

498 769 730 837 potitus,
767 769 971 824 multos
1003 771 1097 838 qui
1135 787 1286 826 arma
1334 781 1527 826 contra
1570 774 1833 832 tulerant.
1892 773 2080 827 absol-

494 855 594 907 vit.
627 854 920 911 Nonnullis
950 857 1304 928 magistratus
1333 870 1387 915 et
1442 861 1682 917 honores
1714 863 1906 918 dedit:
1946 879 2083 933 quo-

498 958 623 997 rnm
653 961 684 997 e
719 960 952 1000 numero
987 946 1213 1002 fuerunt
1242 948 1443 1003 Brutus
1471 960 1527 1004 et
1555 950 1797 1007 Cassius.
1833 950 2079 1020 Pompeii

500 1047 718 1091 statuas
767 1039 1010 1110 dejectas
1065 1041 1329 1096 restituit.
1376 1043 1614 1098 hinnitus
1666 1043 1735 1098 ab
1776 1043 1989 1104 amicis,
2023 1053 2083 1098 ut

501 1129 772 1184 satellites
807 1130 873 1184 ad
923 1132 1232 1186 custodiam
1265 1136 1517 1204 corporis
1575 1135 1885 1200 adhiberet,
1917 1151 2081 1190 recu-

501 1220 643 1273 savit
671 1240 685 1276 :
730 1221 922 1276 Melius
953 1225 1091 1278 enim
1122 1241 1231 1278 esse
1260 1237 1482 1280 mortem
1512 1228 1672 1281 semel
1704 1239 1968 1297 appetere,
2001 1228 2084 1282 di-

497 1327 652 1375 cens,
683 1329 843 1381 quam
873 1324 1120 1384 perpetuo
1154 1318 1466 1386 formidare.
1498 1319 1556 1374 In
1598 1321 1866 1388 majorum
1896 1335 2080 1374 rerum

501 1403 688 1456 studio
714 1412 771 1457 et
797 1419 952 1460 nova:
978 1404 1164 1475 gloriae
1191 1409 1551 1477 appetitione,
1587 1410 1640 1464 in
1680 1411 1864 1464 animo
1890 1410 2084 1464 habuit

505 1495 721 1548 Parthis
753 1494 957 1551 inferre
991 1497 1218 1564 bellum,
1256 1510 1314 1554 et
1347 1517 1443 1570 per
1484 1500 1807 1571 Hyrcaniam
1863 1503 1915 1556 in
1953 1502 2085 1575 Scy-

502 1584 677 1639 thiam
709 1585 892 1641 l'acere
922 1587 1364 1659 impressionem.
1398 1590 1598 1646 Odium
1628 1594 1815 1663 populi
1847 1593 2080 1649 Romani

504 1692 632 1730 enm
681 1677 829 1732 aliis'
859 1677 928 1733 de
963 1681 1168 1747 causis,
1223 1691 1338 1736 tum
1389 1683 1461 1739 ob
1517 1685 1670 1756 regni
1701 1701 1947 1742 amorem
1996 1688 2082 1742 vel

504 1769 672 1841 490
702 1772 938 1827 maxime
991 1774 1254 1844 suscepit.
1285 1776 1440 1832 Unde
1488 1777 1787 1834 familiares
1839 1780 1961 1848 ejus
1989 1795 2082 1833 ru-

505 1877 716 1919 morem
759 1864 814 1918 in
844 1865 1043 1936 vulgus
1075 1880 1419 1936 sparserunt.
1453 1870 1734 1942 Sibyllinis
1763 1873 1924 1928 libris
1953 1890 2088 1928 con-

504 1956 691 2019 tineri.
719 1961 950 2017 Parthos
975 1979 1084 2017 non
1117 1963 1222 2018 nisi
1247 1979 1372 2035 rege
1401 1965 1544 2020 duce
1579 1982 1608 2019 a
1637 1967 1897 2022 Romanis
1926 1981 2086 2036 posse

506 2049 674 2103 vinci.
705 2049 772 2104 Et
803 2049 939 2106 Alba
974 2053 1202 2107 Romam
1258 2055 1632 2124 proﬁciscens,
1680 2073 1710 2111 a
1756 2057 2084 2127 quibusdam

507 2154 604 2192 rex
652 2142 976 2210 appellatus,
1029 2159 1153 2198 cum
1188 2161 1252 2200 ea
1305 2161 1362 2200 re
1407 2148 1665 2215 populum
1701 2149 2085 2217 perturbatum

505 2229 758 2298 vidisset,
830 2248 888 2288 sc
921 2250 1028 2288 non
1067 2252 1273 2307 regem,
1326 2239 1420 2294 sed
1454 2238 1723 2294 Caesarem
1775 2256 1897 2296 esse
1926 2241 2084 2296 dixit.

506 2320 740 2377 Caesaris
789 2335 972 2379 autem
1009 2343 1210 2382 nomen
1255 2331 1340 2397 (ut
1377 2329 1602 2400 quidam
1640 2331 1958 2402 opinantur)
1992 2334 2090 2388 ha-

510 2411 652 2477 buit,
704 2416 848 2485 quod
903 2426 1076 2473 matre
1129 2431 1344 2476 mortua
1392 2438 1458 2476 ex
1495 2433 1653 2476 utero
1696 2438 1870 2478 caesus
1899 2435 2084 2486 esset;

509 2508 659 2572 quod
705 2506 899 2562 falsum
934 2521 1018 2565 est
1047 2525 1061 2562 :
1105 2521 1338 2570 matrem
1388 2515 1536 2569 enim
1571 2515 1637 2570 ad
1668 2515 1879 2570 virilem
1916 2532 2088 2586 usque

508 2605 727 2652 aetatem
760 2599 1016 2656 habuisse
1057 2602 1337 2658 scribitur.
1367 2605 1580 2675 Aliquis
1609 2615 1792 2662 autem
1822 2623 1888 2662 cx
1921 2609 2091 2677 majo-

510 2688 666 2744 ribus
695 2693 814 2762 ejus
846 2709 914 2750 eo
950 2694 1113 2750 modo
1147 2707 1333 2762 natus,
1383 2709 1811 2768 cognomentum
1845 2699 1900 2753 id
1929 2701 1983 2755 in
2011 2699 2091 2754 fa-

510 2784 720 2839 miliam
769 2789 1110 2858 propagavit.
1165 2790 1300 2845 Cum
1353 2791 1644 2862 aliquando
1687 2793 2008 2848 consulibus
2033 2803 2090 2850 et

509 2878 843 2945 prmtoribus
868 2879 937 2934 ad
971 2896 1030 2936 se
1059 2883 1472 2952 accedentibus,
1521 2895 1636 2941 toto
1660 2895 1854 2942 senatu
1913 2889 2091 2944 comi-

512 2977 684 3031 tante,
721 2984 828 3025 non
863 2975 1278 3040 assurrexisset,
1303 2993 1413 3032 non
1439 2988 1692 3034 senatum
1723 2988 1959 3045 tantum,
1990 2982 2087 3037 sed

2180 494 2472 564 ἐψήφιστο,
2509 491 2538 545 ὃ
2565 490 2824 561 τυραννὶς
2868 487 3169 558 ἐτύγχανεν
3197 487 3492 557 ἄντικρυς,
3523 484 3607 554 τῷ
3628 486 3768 539 ἀνυ-

2179 586 2434 654 πευθύνῳ
2463 586 2564 652 τῆς
2589 582 2890 653 μοναρχίας
2917 579 3308 653 προσλαϐοῦσα
3357 579 3420 631 τὸ
3449 577 3770 646 άδιὰδοχον.

2180 675 2337 730 Οὕτω
2358 675 2415 728 δὲ
2451 673 2729 738 καταστὰς
2774 676 2856 736 είς
2896 672 3224 744 μοναρχίαν,
3293 671 3532 733 πολλοὺς
3574 668 3766 737 ἀφῆκε

2180 767 2289 819 τῶν
2320 765 2785 837 πεπολεμηκότων
2807 763 2979 834 αὐτῷ.
3015 764 3208 824 Ἐνίοις
3235 763 3294 816 δὲ
3327 762 3420 814 καλ⁵
3456 762 3636 830 ἀρχὶς
3666 761 3771 812 καὶ

2179 858 2344 928 τιμὰς
2370 857 2593 922 ἔδωκεν,
2625 851 2699 910 ὧν
2747 852 2887 925 ἦσαν
2920 856 3016 909 καὶ
3052 854 3295 926 Βροῦτος
3341 854 3437 906 καὶ
3490 854 3769 914 Κάσσιος.

2183 952 2292 1004 Καὶ
2322 950 2420 1013 τὰς
2448 949 2738 1019 Πομπηΐου
2777 949 2834 1002 δὲ
2866 951 3070 1018 στήλας
3102 946 3603 1014 καταϐεϐλημένας
3636 944 3773 998 ἀνέη

2185 1057 2403 1109 στησεν.
2454 1039 2774 1104 Ἀξιούντων
2838 1040 2896 1093 δὲ
2958 1039 3069 1093 τῶν
3102 1039 3276 1108 φίλων
3337 1036 3774 1107 δορυφορεῖσθαι

2183 1135 2767 1204 αὖτδν,παρητήσατο,
2818 1131 3071 1186 Βέλτιόν
3105 1131 3300 1192 ἐστιν,
3349 1128 3544 1193 εἰπὼν,
3597 1127 3772 1189 ἅπαξ

2181 1224 2529 1287 ἀποθανεῖν,
2561 1223 2599 1292 ἦ
2639 1223 2733 1278 ἀεὶ
2791 1219 3162 1290 προσδοκᾷν.
3209 1220 3494 1284 Μειζόνων
3537 1219 3587 1271 δ’
3622 1218 3776 1288 ἐρῶν

2184 1317 2530 1388 πραγμάτων
2549 1317 2642 1368 καὶ
2659 1315 2985 1384 καινοτέρας
2999 1313 3180 1383 δόξης,
3201 1311 3430 1382 γνώμην
3449 1312 3582 1382 ἔσχε
3607 1328 3775 1380 στρα·

2181 1411 2363 1464 τεύειν
2383 1411 2475 1462 ὲπὶ
2500 1408 2772 1479 Πάρθους,
2799 1408 2894 1462 καὶ
2927 1407 2997 1461 δι’
3036 1405 3336 1474 ’Υρκανίας
3366 1407 3444 1468 εἰς
3483 1405 3590 1474 τὴν
3621 1405 3774 1456 Exu-

2184 1503 2342 1572 θικὴν
2370 1499 2651 1569 ὲμϐαλείν.
2681 1500 2854 1556 Miro;
2888 1497 3077 1566 μέντοι
3126 1497 3241 1557 τοῖς
3275 1492 3595 1562 ἀνθρώποις
3642 1493 3775 1545 κατ’

2183 1593 2353 1648 αὑτοῦ
2384 1592 2483 1647 καὶ
2514 1592 2680 1661 ἕτερα
2710 1590 3064 1658 ἐνεποίησαν,
3093 1587 3155 1640 τὸ
3178 1586 3238 1640 δέ
3262 1602 3326 1653 γε
3386 1585 3578 1654 μεῖζον
3609 1586 3640 1637 δ
3669 1585 3772 1654 τῆς

2186 1686 2468 1757 βασιλείας
2498 1685 2638 1755 ἔρως
2669 1684 2989 1754 εἰργάσατο,
3029 1680 3097 1734 δι’
3127 1681 3190 1735 δν
3227 1681 3278 1732 oi
3305 1680 3436 1747 περὶ
3465 1678 3640 1732 αὑτὸν
3669 1680 3772 1732 καὶ

2185 1782 2344 1850 λόγον
2372 1782 2510 1852 πρὸς
2541 1780 2636 1834 τὸν
2667 1779 2840 1848 δῆμον
2887 1777 3235 1846 ὲνέσπειραν,
3274 1774 3350 1838 ὡς
3380 1775 3446 1826 ὲκ
3495 1771 3778 1842 γραμμάο

2185 1896 2293 1930 των
2323 1872 2650 1928 Σιϐυλλείων
2681 1872 2948 1940 φαίνοιτο,
2988 1869 3063 1940 μὴ
3083 1868 3259 1931 ἄλλως
3277 1865 3507 1920 ἔσεσθαι
3531 1867 3604 1918 τὰ
3631 1866 3777 1935 Πάρ-

2186 1975 2296 2026 θων
2344 1969 2639 2038 Ῥωμαίοις
2663 1966 2941 2033 ἁλώσιμα,
2972 1965 3021 2017 εἰ
3057 1961 3132 2033 μὴ
3157 1961 3413 2031 βασιλεὺς
3439 1961 3630 2022 αὐτοῖς
3680 1977 3779 2013 συ-

2189 2062 2600 2130 στρατεύσοιτο.
2634 2057 2746 2113 Καὶ
2775 2059 2840 2110 ὲκ
2877 2055 2981 2125 τῆς
3013 2054 3219 2123 Ἄλϐης
3257 2053 3313 2106 δὲ
3358 2053 3500 2124 πρὸς
3539 2052 3775 2123 Ῥώμην

2190 2154 2338 2207 ἰόντα
2365 2156 2456 2204 τὸν
2477 2152 2732 2220 Καίσαρα
2761 2147 3076 2217 ἐτόλμησάν
3118 2163 3264 2208 τινες
3304 2148 3636 2215 προσειπεῖν
3670 2147 3781 2213 βα-

2189 2245 2364 2298 σιλέα.
2405 2244 2513 2296 Τοῦ
2544 2242 2601 2295 δὲ
2629 2241 2808 2310 δήμου
2863 2237 3286 2309 θορυὸηοέντος,
3327 2239 3541 2298 ἐκεῖνος
3569 2239 3635 2290 οὐ
3672 2240 3777 2307 βα-

2189 2337 2370 2399 σιλεὺς
2389 2335 2526 2388 ἀλλὰ
2557 2334 2774 2403 Καῖσαρ
2797 2331 2902 2402 ἔφη
2935 2329 3244 2384 καλεῖσθαι.
3269 2330 3522 2397 Ἐλέγετο
3544 2330 3601 2382 δὲ
3635 2332 3780 2383 Καῖ-

2189 2447 2296 2500 σαρ
2328 2428 2423 2496 (ὥς
2453 2443 2596 2490 τινες
2626 2423 2854 2494 οἴονται)
2880 2420 2968 2477 οἷα
2993 2422 3058 2493 δὴ
3084 2422 3227 2491 τάχα
3272 2423 3374 2492 τῆς
3426 2423 3642 2491 μητρὸς
3672 2424 3780 2475 αὖ·

2185 2520 2285 2574 τοῦ
2316 2522 2375 2572 ἐν
2411 2518 2491 2587 τῷ
2517 2517 2722 2570 τίκτειν
2742 2513 3034 2583 θανούσης,
3058 2512 3154 2566 καὶ
3188 2513 3354 2566 αὐτοῦ
3385 2514 3455 2566 δι’
3487 2514 3778 2582 ἀνατομῆς

2188 2611 2556 2683 προαχθέντος
2584 2611 2664 2670 εἰς
2699 2607 2834 2676 φῶς.
2856 2606 2970 2660 Οὐκ
2995 2606 3194 2677 ἀληθὲς
3222 2605 3278 2658 δὲ
3301 2605 3460 2658 τοῦτό
3485 2607 3627 2658 ἐστι.
3661 2606 3776 2676 Τὴν

2188 2705 2298 2775 γὰρ
2328 2703 2537 2774 μητέρα
2555 2699 2722 2756 αὐτοῦ
2767 2699 2868 2770 ζῇν
2903 2700 2954 2752 οἱ
3021 2699 3152 2768 περὶ
3189 2699 3356 2752 αὑτοῦ
3420 2699 3777 2769 γεγράφασιν

2191 2797 2580 2867 ἱστορήσαντες
2617 2793 2710 2847 καὶ
2760 2792 2929 2846 αὑτοῦ
2957 2791 3348 2861 ἀνδρωθέντος.
3372 2793 3447 2844 Τὸ
3472 2791 3519 2843 δ’
3549 2793 3613 2856 ἐξ
3643 2793 3778 2845 ἀνα-

2189 2891 2371 2962 τομῆς
2401 2888 2695 2959 παρελθεῖν
2719 2888 2800 2950 είς
2825 2887 2918 2940 τὸν
2953 2885 3068 2956 βίον
3093 2885 3194 2938 οὐκ
3224 2883 3312 2937 ἐπ’
3345 2883 3493 2952 αὐτῷ
3519 2885 3768 2953 γέγονεν,

2191 2983 2307 3037 ἀλλ’
2335 2981 2431 3034 ἐπί
2459 2998 2568 3034 τινι
2601 2978 2710 3032 τῶν
2769 2977 3054 3047 προγόνων
3108 2972 3301 3040 αὑτοῦ,
3334 2974 3428 3028 καὶ
3463 2972 3526 3038 ἐξ
3556 2975 3773 3027 ἐκεῖνον

514 3063 778 3130 populum
811 3066 973 3120 etiam
1011 3067 1276 3124 oll‘endit:
1319 3073 1472 3139 quasi
1508 3088 1604 3142 per
1630 3086 1882 3128 senatum
1924 3084 2089 3130 totam

2195 3075 2293 3144 τὴν
2323 3073 2518 3143 κλῆσιν
2547 3070 2706 3142 ἔσχον
2739 3071 2788 3123 ot
2840 3070 3054 3122 ἐκείνου
3098 3067 3382 3135 ἀπόγονοι.
3423 3068 3775 3141 Προσιόντων

515 3157 908 3224 rempublicam
963 3159 1204 3215 ludibrio
1237 3161 1484 3229 haberet,
1529 3179 1594 3220 ac
1624 3164 1872 3234 plerique
1903 3168 2089 3223 statim

516 3247 699 3300 nthti
749 3259 1120 3304 recesserunt.
1177 3251 1259 3307 Ad
1294 3252 1394 3308 bas
1435 3254 1675 3312 ollcnsas
1720 3258 1886 3312 etiam
1918 3259 2096 3314 tribu-

516 3352 712 3392 norum
762 3339 936 3408 plebis
985 3344 1218 3398 accessit
1273 3347 1632 3403 contumelia.
1680 3349 1816 3404 Nam
1873 3366 1997 3406 cum
2037 3353 2092 3408 in

518 3427 682 3492 festo,
715 3428 770 3483 in
791 3431 922 3485 sella
947 3448 1110 3488 aurea
1145 3435 1464 3506 triumphali
1493 3439 1683 3495 habitu
1713 3441 1949 3506 sederet,
1981 3444 2096 3499 An-

519 3520 708 3578 tonius
735 3525 925 3579 consul
960 3525 1012 3579 in
1043 3527 1222 3582 forum
1270 3528 1490 3600 irrupit,
1531 3532 1780 3589 diadema
1811 3535 1969 3590 lauro
1997 3536 2098 3592 im-

515 3615 737 3687 plexnm
769 3617 970 3674 Caesari
1000 3621 1258 3680 offerens.
1292 3624 1372 3681 Ob
1403 3640 1523 3681 eam
1552 3643 1666 3682 rem
1693 3630 1917 3698 plausus
1945 3631 2092 3686 haud

518 3723 651 3764 sane
681 3707 911 3765 illustris
954 3712 1114 3767 datus
1154 3724 1258 3780 est,
1291 3731 1323 3770 a
1356 3717 1672 3774 subornatis
1731 3721 2092 3778 hominibus:

517 3797 612 3852 sed
641 3814 765 3853 cum
794 3801 846 3854 id
873 3800 1052 3857 Caesar
1079 3817 1408 3873 recusasset,
1440 3811 1609 3865 totius
1632 3813 1819 3882 populi
1843 3812 2092 3881 plausum

519 3889 666 3944 tulit.
697 3891 774 3945 lta
807 3893 890 3948 his
924 3897 1113 3966 populi
1146 3902 1363 3954 animos
1393 3911 1676 3971 expertus,
1714 3909 1979 3962 surrexit.
2011 3909 2092 3963 Ad

521 3979 639 4036 haec
688 3987 864 4055 regias
901 3987 1106 4045 facsias
1131 3993 1330 4048 statuis
1377 3995 1500 4065 ejus
1549 3993 1837 4065 impositas
1889 3999 2092 4056 tribuni

520 4073 698 4143 plebis
731 4078 1112 4150 detraxerunt,
1141 4095 1198 4139 et
1227 4102 1324 4142 eos
1353 4087 1448 4157 qni
1495 4104 1679 4158 regem
1713 4091 1867 4147 illum
1893 4095 2096 4150 saluta—

521 4177 668 4230 rant,
708 4170 762 4224 in
795 4187 1074 4230 carcerem
1112 4176 1429 4236 duxerunt:
1470 4181 1836 4250 applaudente
1870 4188 2094 4256 populo,

521 4267 579 4313 et
609 4260 807 4318 Brutos
833 4280 928 4320 cos
956 4269 1281 4338 appellante.
1335 4271 1403 4328 Ut
1436 4273 1583 4328 enim
1616 4289 1780 4341 supra
1813 4287 1900 4332 est
1928 4294 2097 4349 expo-

520 4351 712 4418 situm,
743 4355 944 4412 Brutus
993 4360 1168 4430 pulsis
1197 4362 1514 4434 Tarquiniis
1548 4368 1882 4426 monarchiae
1941 4381 2089 4440 pote-

521 4454 722 4504 statem
754 4449 820 4502 ad
853 4452 1117 4521 populum
1148 4457 1448 4513 transtulit.
1489 4457 1702 4524 Quibus
1723 4463 1890 4517 rebus
1916 4462 2089 4519 Caesar

2197 4363 2370 4434 δῆμος
2399 4362 2735 4430 ἀνεκρότησε
2769 4375 2784 4390 ·
2851 4359 2946 4412 καὶ
2981 4358 3176 4413 τούτου
3241 4359 3324 4423 δἰς
3372 4362 3688 4430 γεγονότος,
3739 4365 3772 4434 η

2201 4456 2365 4527 πεῖρα
2392 4454 2716 4524 ἐξηλέγχετο
2745 4451 2884 4522 (69),
2909 4453 3004 4505 καλ
3037 4453 3066 4504 δ
3092 4453 3313 4523 Καῖσαρ
3363 4451 3590 4524 ἀνέστη.
3619 4455 3775 4509 Ἐπεὶ

2245 4472 2365 4524 ειρα
2392 4472 2716 4524 εςηλεγχετο
2745 4472 2884 4522 tua),
2909 4472 3004 4505 και
3037 4472 3066 4504 ο
3093 4472 3313 4523 ηαισαρ
3363 4472 3590 4524 ανεστη.
3625 4472 3703 4508 ιτ

521 4454 722 4504 Statem
754 4449 820 4502 ad
853 4452 1117 4521 populum
1148 4457 1448 4513 transtulit.
1489 4457 1702 4524 Quibus
1723 4463 1890 4517 rebus
1916 4462 2098 4519 Caesar

525 4536 792 4604 irritatus,
823 4543 1075 4600 tribunos
1095 4555 1364 4615 potestate
1385 4550 1657 4619 privavit:
1691 4562 1746 4608 et
1773 4554 1839 4608 iis
1859 4556 2100 4624 graviter

524 4630 833 4703 increpitis,
874 4640 1140 4709 populum
1183 4645 1348 4698 etiam
1372 4661 1470 4714 per
1487 4647 1875 4702 contumeliam
1899 4649 2099 4707 Brutos

523 4725 836 4792 appellavit.
879 4730 958 4784 Ex
980 4746 1047 4786 eo
1068 4735 1298 4804 populus
1327 4737 1394 4791 ad
1428 4738 1500 4792 Μ.
1540 4738 1766 4793 Brutum
1804 4744 2096 4811 spectavit,

526 4815 620 4882 qui
650 4833 678 4870 a
707 4828 889 4875 vetere
914 4823 1082 4879 Bruto
1104 4841 1278 4896 genus
1311 4827 1512 4884 ducere
1541 4831 1869 4899 putabatur:
1913 4834 1982 4887 ab
2005 4850 2099 4889 eo-

528 4923 637 4976 que
653 4911 770 4965 solo
787 4914 871 4968 vel
898 4915 1072 4984 primo
1095 4919 1426 4988 pendebant,
1449 4923 1542 4992 qui
1568 4924 1924 4979 mutationem
1950 4927 2095 4983 desi-

529 5000 816 5057 derabant.
845 5005 981 5071 Quia
1000 5025 1133 5063 vero
1169 5011 1347 5080 ipsum
1395 5014 1597 5083 alloqui
1649 5030 1758 5069 non
1794 5017 2093 5084 audebant,

528 5100 695 5147 noctu
737 5095 951 5152 litteras
973 5099 1118 5156 circa
1152 5104 1386 5159 trilmnal
1420 5117 1474 5160 et
1500 5107 1714 5171 sellam,
1752 5108 1806 5162 in
1831 5125 1936 5179 qua
1958 5126 2096 5180 prmo

527 5191 616 5238 tor
638 5185 727 5255 jus
754 5187 993 5257 dicebat,
1025 5196 1381 5261 Spargehant:
1426 5197 1478 5251 in
1509 5198 1710 5266 quibus
1738 5201 2005 5271 scriptum
2037 5218 2096 5258 e-

529 5285 636 5340 rat,
667 5275 850 5345 Brute,
879 5281 1122 5337 dormis?
1153 5295 1228 5348 ct,
1263 5289 1382 5341 Non
1421 5305 1473 5342 es
1495 5288 1687 5343 Brutus
1707 5291 1732 5343 Ρ
1762 5291 2098 5350 lncitabatur

2191 3168 2248 3222 δέ
2269 3183 2400 3220 ποτε
2423 3164 2533 3218 τῶν
2566 3163 2792 3217 ὑπάτων
2849 3160 2998 3230 αὐτῷ
3021 3160 3116 3212 καὶ
3153 3162 3261 3213 τῶν
3311 3161 3641 3229 στρατηγῶν
3676 3161 3776 3214 καὶ

2191 3258 2290 3327 τῆς
2324 3254 2522 3326 βουλῆς
2548 3254 2765 3324 ἁπάσης
2799 3253 3096 3321 ἑπομένης,
3123 3251 3208 3305 ὅτι
3264 3251 3338 3321 μὴ
3370 3251 3643 3320 ἐξανέστη
3671 3269 3778 3303 και

2196 3348 2453 3418 θήμενος,
2484 3347 2546 3400 οὐ
2581 3346 2742 3413 μόνον
2767 3342 3006 3412 ἐλύπησε
3025 3341 3125 3411 τὴν
3149 3339 3366 3409 βουλὴν,
3397 3341 3540 3394 ἀλλὰ
3568 3343 3664 3394 καὶ
3686 3341 3777 3395 τὸν

2193 3439 2389 3509 δῆμον,
2417 3437 2492 3500 ὡς
2521 3439 2581 3490 έν
2614 3439 2681 3507 τῇ
2722 3436 2885 3507 βουλῇ
2946 3434 3506 3504 προπηλακιζομένης
3535 3437 3643 3504 τῆς
3677 3436 3776 3490 πό-

2193 3532 2352 3594 λεως,
2397 3530 2492 3584 καὶ
2521 3528 2660 3600 μετὰ
2687 3529 2997 3599 κατηφείας
3051 3529 3101 3580 οἱ
3131 3526 3351 3590 πλείους
3405 3527 3659 3600 ἀπῆλθον
3683 3531 3778 3582 εὑ-

2194 3621 2313 3682 θύς.
2357 3621 2700 3688 Ἐπιγίνεται
2729 3620 2788 3673 δὲ
2812 3621 2925 3682 τοῖς
2952 3620 3412 3690 προσκρούσμασι
3433 3623 3654 3682 τούτοις
3683 3623 3777 3674 καὶ

2193 3719 2223 3770 ὸ
2246 3715 2353 3768 τῶν
2383 3715 2683 3785 δημάρχων
2711 3712 3195 3782 προπηλακισμός.
3239 3713 3504 3767 Ἐτελείτο
3540 3713 3644 3783 μὲν
3668 3714 3776 3783 γὰρ

2194 3810 2260 3877 τῇ
2295 3805 2447 3860 πόλει
2478 3806 2661 3874 ἑορτήο
2705 3807 2928 3874 Καῖσαρ
2959 3805 3006 3857 δ’
3033 3807 3129 3858 ἐπὶ
3153 3806 3347 3877 δίφρου
3384 3806 3650 3877 χρυσέου·
3669 3824 3776 3860 και

2197 3899 2454 3970 θήμενος,
2497 3897 2690 3968 κόσμῳ
2745 3899 3141 3965 κατεκοσμεῖτο
3183 3897 3522 3967 θριαμδικῷ.
3573 3897 3777 3951 ’Δντώ⁸

2197 4010 2308 4056 νιος
2335 3991 2392 4044 δὲ
2411 3989 2694 4046 ὑπατεύων
2724 3992 2807 4052 είς
2826 3990 3032 4059 ἀγορὰν
3061 3989 3304 4056 ἐνέϐαλε,
3325 3990 3508 4060 φέρων
3531 3989 3775 4060 διάδημα

2198 4087 2450 4156 στεφάνῳ
2478 4083 2686 4152 δάφνης
2721 4081 3262 4153 περιπεπλεγμένον,
3312 4082 3409 4137 καὶ
3467 4082 3646 4136 ἐδίδου
3695 4081 3774 4152 τῷ

2197 4177 2459 4247 Καίσαρι,
2493 4174 2590 4227 καὶ
2620 4171 2833 4240 γίνεται
2881 4172 3076 4240 κρότος
3103 4173 3167 4226 οὐ
3187 4171 3444 4242 λαμπρὸς
3469 4175 3536 4226 ἐκ
3590 4189 3776 4245 παρα-

2200 4267 2426 4338 σκευῆς.
2471 4265 2862 4336 Ἀπωσαμένου
2910 4266 2969 4319 δὲ
3027 4265 3124 4319 τοῦ
3176 4266 3476 4337 Καίσαρος,
3539 4268 3692 4331 ἄπας
3743 4267 3775 4320 δ

2197 4363 2370 4434 δῆμος
2399 4362 2735 4430 ἀνεκρότησε
2769 4375 2784 4390 ·
2851 4359 2946 4412 καὶ
2981 4358 3176 4413 τούτου
3241 4359 3324 4423 δἰς
3372 4362 3688 4430 γεγονότος,
3739 4365 3772 4434 η

2199 4549 2256 4602 δὲ
2284 4549 2381 4602 καὶ
2414 4546 2734 4617 ἀνδριάντες
2773 4542 2942 4599 αὑτοῦ
2966 4543 3293 4614 διαδήμασιν
3341 4543 3606 4614 ὤφθησαν
3639 4547 3773 4600 ἀνα.

2197 4637 2475 4709 δεδεμένοι
2499 4635 2822 4708 βασιλικοῖς,
2852 4635 3181 4689 ἀπέσπασαν
3198 4635 3376 4689 ταῦτα
3395 4636 3446 4688 οί
3468 4635 3770 4706 δήμαρχοι,

2203 4732 2450 4794 καὶτοὺς
2485 4727 2889 4799 προσειπόντας
2944 4725 3111 4781 αὑτὸν
3157 4725 3385 4797 βασιλέα
3433 4727 3657 4797 ἀπῆγον
3694 4730 3774 4789 εἰς

2200 4825 2594 4895 δεσμωτήριον.
2623 4821 2731 4873 Kal.
2759 4822 2786 4874 ό
2804 4819 2976 4889 δῆμος
3015 4819 3108 4871 ἐπὶ
3135 4818 3350 4883 τούτοις
3395 4821 3637 4890 ἐκρότει,
3675 4822 3771 4874 καὶ

2199 4916 2471 4987 Βρούτους
2500 4913 2683 4968 ἐκάλει
2721 4912 2847 4976 τοὺς
2891 4910 3112 4980 ἄνδρας.
3144 4910 3381 4982 Βροῦτος
3430 4912 3541 4982 γὰρ
3573 4907 3665 4984 ἦν,
3697 4913 3771 4976 ώς

2198 5010 2487 5078 ἱστόρηται
2537 5003 2730 5070 ἄνωοι,
2772 5003 2801 5056 ὁ
2843 5003 3158 5066 καταλύσας
3208 5004 3522 5074 Ταρκύνιον
3589 5005 3686 5057 καὶ
3711 5003 3772 5056 τὸ

2197 5104 2402 5173 κράτος
2435 5101 2514 5163 είς
2557 5099 2620 5153 τὸ
2672 5096 2852 5150 κοινὸν
2917 5099 3262 5168 περιστήσας
3311 5099 3376 5150 ἐκ
3441 5099 3767 5168 μοναρχίας,

2211 5198 2332 5251 Ἐπὶ
2365 5193 2577 5254 τούτοις
2609 5193 2638 5243 ὁ
2661 5191 2879 5259 Καῖσαρ
2910 5187 3294 5259 παροξυνθεὶς,
3326 5191 3426 5262 τὴν
3457 5191 3558 5261 μὲν
3597 5193 3770 5262 ἀρχὴν

2201 5293 2328 5356 τοὺς
2359 5286 2674 5360 δημάρχους
2703 5282 2955 5354 ἀφείλετο
2975 5294 2991 5312 ⁶
3016 5281 3076 5336 ὲν
3105 5282 3162 5336 δὲ
3199 5282 3277 5354 τῷ
3311 5286 3644 5356 κατηγορεῖν
3672 5286 3770 5337 αῠρ

1673 5407 1873 5469 νηπίω
1900 5409 2206 5473 lectiones
2247 5420 2306 5470 et
2353 5411 2542 5466 notae.

609 5518 725 5586 (69)
753 5519 868 5605 Eat
899 5523 1118 5605 τοιξτοι)
1151 5525 1246 5605 δίς
1269 5529 1586 5605 γεχονζιξτος
1610 5529 1646 5596 ὴ
1667 5531 1852 5605 στεῖρα
1869 5531 2089 5605 siquis

2206 5534 2506 5605 (Iazsarem_
2543 5524 2840 5605 periclitari
2901 5523 3148 5579 voluisse
3180 5593 3194 5605 ‘
3215 5524 3477 5594 populum
3506 5565 3521 5586 ,
3588 5531 3768 5605 utrum

535 5606 696 5671 zsro.
750 5589 1037 5661 Converti,
1091 5589 1286 5671 inquit:
1330 5589 1607 5671 Wolﬁus:
1633 5589 1742 5654 Ἰιη
1768 5589 1783 5596 ’
1805 5601 1879 5654 bis
1914 5589 2109 5670 populi
2207 5601 2382 5671 requis
2419 5589 2618 5671 animis
2657 5595 2867 5671 regium
2901 5605 3152 5647 ornatum
3180 5589 3392 5648 laturus
3424 5606 3573 5648 esset
3607 5595 3766 5671 :_ve_l,

535 5661 1330 5739 animosAexpertusLsurrexit.
1366 5669 1473 5723 Sed
1505 5671 1564 5720 τὸ
1584 5710 1598 5732 ,
1628 5671 1725 5739 τὴν
1757 5661 1954 5739 πεῖραν
1993 5661 2109 5736 ἑξε-

539 5727 857 5799 λέγχεσθαι,
895 5727 1126 5808 intelligi
1156 5747 1356 5808 potest,
1387 5739 1471 5795 vel
1495 5727 1940 5797 animadversum
1969 5727 2112 5804 esse,

2211 5665 2478 5727 Caésarem
2508 5666 2980 5724 animadvertisse,
3009 5674 3267 5718 conatum
3302 5680 3460 5716 suum
3487 5680 3611 5719 esse
3646 5665 3767 5718 irri-

2217 5755 2358 5809 tum,
2395 5739 2598 5809 populo
2630 5753 2661 5790 a
2697 5736 2842 5807 regia
2877 5751 3074 5806 pmnpa
3109 5735 3464 5792 abhorrente.
