4050 6210
223 258 335 322 833

1493 265 1835 326 ANNALIU
1853 268 1900 325 λι
1947 267 2023 325 Ll
2041 270 2101 328 ll.
2139 269 2214 328 X.

3395 284 3502 346 834

217 371 331 428 τῶν
387 373 505 446 ἅμα
541 372 743 426 mith
773 373 948 444 δῆμον
970 375 1302 446 ἐφυόρίζων,
1341 378 1600 442 πνλλὰκις
1637 381 1791 452 8906-

1912 379 2054 433 idcm
2082 380 2250 435 etiam
2275 398 2306 437 a
2330 382 2540 440 Cassio.
2562 385 2668 442 Sed
2691 387 2893 443 Czesari
2917 389 3099 447 futura
3125 394 3302 450 caules
3327 397 3504 466 pluri-

213 481 347 528 τους
368 465 638 518 ἀπεκάλει
671 467 801 528 τοὺς
827 465 1046 536 ἄνδρας.
1088 467 1375 522 Ἐντεῦθεν
1400 471 1537 542 πρδς
1583 473 1812 541 Μάρκον

217 553 460 622 Βροῦτον
493 555 793 626 τρέπονται
817 557 864 608 oi
893 558 1102 619 πολλοὶ,
1137 560 1201 611 ἐκ
1235 561 1474 632 Βρούτου
1506 565 1600 616 τοῦ
1639 565 1810 618 πάλαι

212 644 482 698 δοκοῦντα
513 647 573 699 τὸ
600 647 758 714 γένος
800 647 1006 713 ἕλκειν,
1041 651 1132 702 καὶ
1163 651 1301 723 πρός
1339 655 1508 722 μόνον
1537 657 1747 708 ἐκεῖνον
1773 655 1807 726 ἦ

215 737 440 808 πρῶτον
471 740 522 790 οί
553 739 865 810 μεταϐολῆς
901 741 1182 812 ἐφιέμενοι
1207 744 1633 811 ἀποϐλέποντες,
1658 748 1809 820 αὐτῷ

219 831 327 900 μὲν
381 831 482 884 οὐκ
540 833 788 902 ἐτόλμων
838 835 1195 905 προσομιλεῖν
1225 852 1240 867 ο
1269 837 1486 908 νύκτωρ
1536 841 1592 893 δὲ
1627 844 1809 912 γράμς-

210 940 369 992 ματα
395 925 528 994 περὶ
553 925 615 977 τὸ
651 926 804 996 βῆμα
831 928 927 980 καί⁵
954 929 1048 982 τὸν
1086 930 1274 1000 δίφρον
1320 932 1603 1004 ἔρριπτον,
1633 938 1718 1004 ἐφ’
1744 930 1806 990 οὗ

207 1017 548 1087 στρατηγῶν
611 1021 976 1090 ἐχρημάτιζε,
1032 1022 1301 1091 λέγοντα·
1364 1027 1708 1094 Καθεύδεις,
1759 1025 1808 1084 ὦ

208 1108 477 1174 Βροῦτε;
503 1110 622 1176 καὶ,
659 1115 781 1165 Οὐκ
795 1109 856 1166 εἷ
880 1115 1178 1182 Βροῦτος;
1211 1119 1304 1170 καὶ
1335 1119 1574 1184 Κάσσιος
1604 1122 1662 1175 δὲ
1699 1141 1804 1176 παο

209 1199 460 1270 ρώξυνεν
493 1203 675 1256 αὐτόν.
707 1205 818 1272 Καὶ
859 1206 938 1276 τῷ
975 1207 1222 1279 Καίσαρι
1257 1210 1314 1263 δὲ
1354 1213 1524 1265 πολλὰ
1578 1215 1802 1284 λέγεται

207 1296 421 1362 σημεῖα
450 1294 709 1362 γενέσθαι
760 1297 1026 1368 δηλοῦντα
1065 1301 1158 1354 τὸν
1211 1301 1459 1375 ὄλεθρον,
1495 1298 1570 1358 ὧν
1611 1306 1668 1360 ἒν
1707 1309 1802 1362 καὶ

201 1385 372 1438 τοῦτό
401 1387 543 1443 ἐστι.
578 1388 868 1459 Περιαύων
903 1391 1016 1462 (70)
1076 1396 1144 1464 τῇ
1177 1397 1424 1463 γυναικὶ,
1455 1399 1639 1467 φωνὰς
1667 1401 1802 1452 ἀσα-

202 1479 336 1545 φεῖς
377 1479 474 1531 καὶ
521 1483 868 1553 στεναγμοὺς
912 1485 1226 1557 ἀνάρθρους
1278 1489 1500 1562 ἐκείνην
1549 1493 1798 1562 ἀναπέμ-

203 1585 430 1624 πουσαν
463 1571 681 1643 ᾔσθετο.
737 1575 942 1630 Ἐδόκει
971 1577 1028 1631 δὲ
1066 1577 1275 1634 κλαίειν
1294 1583 1525 1649 ἐκεῖνον,
1556 1585 1648 1637 ἐπὶ
1677 1587 1800 1648 ταῖς

198 1661 488 1728 ἀγκάλαις
521 1664 722 1736 ἔχουσα
753 1671 1246 1742 κατεσφαγμένον·
1280 1673 1315 1743 ἢ
1364 1669 1460 1727 καὶ
1489 1675 1610 1746 μεθ’
1658 1679 1797 1748 ἠμέ-

202 1771 313 1823 ραν
343 1756 515 1810 ἐδεῖτο
542 1760 640 1812 τοῦ
665 1761 860 1832 ἀνδρὸς
891 1763 968 1836 μὴ
1000 1766 1288 1835 προελθεῖν
1319 1769 1400 1832 είς
1422 1769 1523 1841 τὴν
1551 1770 1796 1843 σύγκλη-

195 1867 319 1904 τον.
363 1852 454 1915 Ὦς
481 1852 538 1905 δὲ
567 1855 663 1932 καὶ
704 1854 972 1920 θύσαντες
1009 1860 1058 1911 οί
1105 1863 1336 1929 μάντεις
1362 1861 1636 1932 δυσιερεῖν
1673 1866 1796 1919 ἐλε-

192 1961 326 2012 γον,
357 1944 500 2014 ἔγνω
537 1927 603 1998 πε
615 1947 762 2018 μψας
779 1948 1072 2003 ’Λντώνιον
1088 1927 1313 2021 άφεῖναι
1339 1953 1440 2026 τὴν
1465 1927 1789 2030 σύγκλητον.

192 2035 449 2106 Βροῦτος
506 2039 694 2108 μέντοι
761 2041 1028 2105 Ἀλϐῖνος,
1081 2045 1480 2116 πιστευόμενος
1531 2049 1631 2120 μὲν
1688 2053 1796 2104 ὑπὸ

192 2129 508 2201 Καίσαρος,
545 2135 657 2195 τοῖς
690 2133 746 2186 δέ
799 2135 929 2205 περὶ
983 2136 1216 2207 Μάρκον
1245 2138 1483 2210 Βροῦτον
1514 2145 1608 2194 καὶ
1642 2143 1796 2196 Κάσο

189 2234 320 2271 σιον
348 2221 596 2289 μετέχων
627 2223 729 2290 τῆς
763 2226 1136 2294 συνωμοσίας,
1176 2227 1305 2292 τούς
1351 2246 1410 2282 τε
1461 2231 1691 2301 μάντεις
1742 2236 1796 2288 ἐ-

188 2310 463 2378 χλεύαζε,
523 2316 620 2367 καὶ
673 2316 989 2387 καθήπτετο
1042 2319 1347 2391 Καίσαρος,
1404 2323 1482 2387 ώς
1537 2324 1793 2392 διαϐολὰς

189 2404 378 2474 ἐαυτῷ
402 2407 832 2479 προπρίόοντος
865 2416 1336 2485 καταφρονήσεως
1375 2417 1513 2487 πρὸς
1531 2418 1630 2491 τὴν
1661 2422 1793 2490 σύγ-

189 2497 426 2567 κλητον.
459 2500 658 2554 Ἰίκειν
679 2503 787 2572 γὰρ
813 2503 987 2575 αὐτὴν
1017 2506 1232 2562 ἐκείνου
1273 2509 1659 2579 κελεύσαντος,
1693 2518 1812 2572 καὶ,

189 2589 418 2651 πάντας
450 2592 715 2661 ἑτοίμους
749 2590 889 2649 εἶναι
919 2596 1274 2670 ψηφίζεσθαι,
1301 2601 1443 2656 ὥστε
1485 2604 1595 2656 τῶν
1630 2607 1790 2671 ἐκτὸς

186 2681 432 2746 Ἰταλίας
461 2687 742 2756 ἐπαρχιῶν
774 2687 1208 2762 ἀναγορεύεσθαι
1260 2691 1512 2763 βασιλέα,
1545 2697 1639 2750 καὶ
1686 2698 1788 2768 τὴν

189 2776 366 2845 ἄλλην
399 2779 628 2833 ἐπιόντα
654 2782 759 2852 γῆν
783 2800 842 2835 τε
880 2784 977 2837 καὶ
1027 2784 1304 2840 θάλασσαν
1343 2789 1521 2860 ἐαυτῷ
1572 2809 1786 2863 περιτι-

187 2868 348 2921 θέναι
370 2869 632 2941 διάδημα.
666 2873 833 2927 Ταῦθ’
868 2877 988 2947 ἅμα
1015 2877 1239 2946 λέγωνό
1276 2880 1532 2951 Βροῦτος,
1566 2879 1668 2954 ἦγε
1697 2885 1789 2939 τὸν

189 2961 456 3031 Καίσαρα
485 2963 786 3033 λαϐόμενος
825 2969 922 3039 τῆς
967 2970 1171 3041 χειρός.
1212 2972 1450 3042 Οίκέτης
1475 2973 1534 3025 δέ
1585 2992 1668 3038 τις
1695 2977 1781 3028 ἀλ-

1915 469 2019 526 bus
2044 472 2312 543 prodigiis
2336 475 2660 534 denuntiata
2688 497 2809 536 esse
2839 481 3034 548 fertur,
3059 500 3089 538 e
3110 487 3312 555 quibus
3337 491 3502 544 etiam

1915 562 2048 618 illud
2079 574 2183 620 est.
2212 567 2447 623 Uxorem
2470 572 2830 628 accubantem
2859 591 3025 630 voces
3048 577 3208 648 49],
3237 580 3509 636 obseruas

1911 662 1967 709 et
1983 670 2085 709 con
2103 657 2254 712 fusas
2278 660 2446 716 edere
2473 663 2884 721 animadvertit.
2915 670 2988 723 Ea
3009 687 3140 724 vero
3158 673 3261 726 sibi
3284 673 3500 729 lamen-

1915 747 2014 801 tari
2047 749 2162 804 visa
2188 761 2326 816 erat,
2363 763 2418 808 et
2443 770 2568 810 eum
2622 759 2864 814 occisum
2901 763 2952 815 in
2991 764 3136 819 ulnis
3165 774 3354 822 tenere
3384 786 3396 820 :
3445 778 3505 822 et

1911 855 2071 896 mane
2103 846 2301 908 oravit,
2351 861 2420 901 ne
2469 848 2523 901 in
2567 862 2821 905 senatum
2874 855 3104 909 veniret.
3160 858 3296 912 Cum
3328 862 3500 915 etiam

1910 947 2148 1001 augures
2190 951 2345 990 sacra
2402 953 2596 1006 parum
2650 944 2930 1010 auspicata
2993 947 3164 1003 fuisse
3221 952 3496 1017 dicerent,

1908 1024 2186 1082 abstinere
2225 1030 2376 1084 curia
2423 1033 2636 1098 statuit,
2677 1045 2730 1089 et
2781 1053 2879 1105 per
2909 1039 3207 1095 Antonium
3241 1056 3499 1100 senatum

1908 1119 2215 1179 dimittere.
2271 1122 2379 1178 Sed
2433 1125 2637 1181 Brutus
2681 1129 2937 1196 Albinus,
2995 1135 3083 1186 cui
3119 1135 3301 1191 Carsar
3329 1140 3494 1194 fidem

1908 1209 2167 1276 habebat,
2220 1215 2622 1285 conjurationis
2673 1235 2798 1273 cum
2851 1221 2921 1278 Μ.
2983 1223 3152 1280 Bruto
3206 1238 3263 1282 et
3306 1229 3504 1285 Cassio

1905 1304 2186 1373 particeps
2217 1316 2268 1360 et
2305 1323 2544 1377 augures
2575 1309 2881 1376 deridebat,
2915 1324 2971 1369 et
3005 1316 3277 1373 Ctesarem
3310 1337 3500 1392 reprc-

1902 1393 2201 1464 hendebal,
2238 1409 2298 1454 ut
2344 1403 2439 1470 qui
2487 1404 2695 1458 crimen
2727 1410 3032 1477 contempti
3082 1424 3308 1467 senatus
3344 1415 3396 1468 in
3436 1431 3500 1470 se

1902 1487 2262 1545 admitteret:
2324 1495 2418 1562 qui
2463 1495 2574 1566 jam
2627 1497 2822 1552 aderat
2871 1501 2997 1570 ejus
3046 1503 3225 1574 jussu.
3266 1506 3496 1563 Paralos

1901 1580 2067 1634 etiam
2099 1597 2222 1637 esse
2246 1599 2438 1640 omnes
2466 1587 2789 1654 decernere,
2830 1603 2889 1646 ut
2917 1595 3164 1649 omnium
3199 1608 3354 1652 extra
3385 1600 3494 1655 Ita-

1902 1673 2031 1729 liam
2071 1678 2486 1746 provinciarum
2535 1698 2632 1736 rex
2688 1686 3084 1755 appellarctur,
3145 1699 3315 1760 utque
3365 1710 3491 1747 cum

1907 1766 2162 1822 nationes
2199 1778 2422 1826 exteras
2456 1786 2796 1843 peragraret,
2848 1787 2943 1833 aut
2999 1796 3148 1836 mare
3187 1784 3492 1853 lrajicerct,

1905 1857 2157 1916 diadema
2196 1872 2457 1931 gestaret.
2517 1867 2642 1923 lisse
2697 1870 2890 1926 dicens
2949 1873 3175 1941 Brotus,
3216 1875 3492 1932 Caesarem

1903 1965 2068 2005 manu
2103 1955 2438 2022 prehensum
2467 1957 2725 2015 ducebat.
2754 1963 3090 2032 Abeuntem,
3125 1982 3323 2022 servus
3356 1970 3494 2024 alie-

1903 2059 2008 2099 nus
2045 2045 2166 2117 ejus
2195 2047 2512 2119 alloquendi
2541 2054 2799 2122 cupidus,
2857 2072 2982 2111 cum
3043 2061 3344 2116 convenire
3378 2078 3519 2136 non.

1903 2148 2109 2207 posset,
2173 2155 2233 2195 se
2269 2143 2428 2196 uxori
2456 2146 2577 2214 ejus
2603 2148 3029 2203 custodiendum
3067 2152 3312 2217 tradidit,
3342 2157 3492 2224 quod

1902 2245 2126 2300 magnas
2154 2248 2246 2287 res
2298 2234 2528 2290 haberet
2598 2252 2823 2294 reverso
2872 2240 3073 2296 Czcsari
3133 2245 3492 2301 nuntiandas.

1898 2324 2287 2382 Artemidorus
2317 2327 2447 2383 item
2483 2329 2671 2385 rhetor
2696 2331 2929 2388 Cnidius
2982 2335 3226 2390 libellqu
3254 2338 3321 2391 de
3353 2356 3490 2393 con-

1895 2418 2176 2488 iuratione
2206 2435 2236 2474 a
2270 2437 2330 2476 se
2360 2423 2628 2492 scriptum
2676 2423 2726 2479 ei
2772 2427 3023 2494 porrexit
3078 2437 3155 2490 et,
3191 2428 3368 2494 llune,
3406 2431 3494 2484 in-

1898 2511 2037 2580 quit,
2080 2509 2283 2576 Caasar,
2337 2513 2490 2568 solus
2559 2524 2615 2569 et
2661 2515 2916 2570 celeriter
2968 2517 3174 2587 legito;
3217 2537 3302 2574 res
3341 2523 3490 2576 enim

1900 2616 2124 2671 magnas
2171 2603 2268 2657 tibi
2317 2604 2642 2670 declarabit,
2677 2622 2912 2678 qumque
2956 2609 3258 2665 intersunt.
3300 2613 3494 2668 Libel-

1896 2695 2010 2749 lum
2039 2708 2330 2765 acceptum
2355 2697 2539 2752 Caesar
2588 2699 2858 2764 lceturus,
2897 2716 3019 2754 cum
3055 2716 3084 2755 a
3117 2704 3495 2760 salutantibus

1898 2788 2290 2857 impediretur,
2352 2805 2519 2844 manu
2551 2791 2749 2857 tenuit,
2791 2792 2977 2862 itaque
3020 2795 3073 2848 in
3109 2807 3360 2850 senatum
3389 2815 3490 2852 vc-

1895 2879 1999 2935 nit.
2030 2881 2134 2946 Qui
2165 2895 2289 2935 cum
2324 2882 2374 2936 ei
2410 2885 2828 2949 assurrexissct,
2864 2885 3019 2942 Bruti
3053 2890 3324 2960 conjurati
3361 2908 3491 2960 par-

1898 2974 2058 3050 lima
2095 2984 2246 3045 tergo
2304 2977 2492 3030 sellam
2540 2979 2661 3047 ejus
2713 2979 3224 3048 circumsteterunt,
3285 2986 3485 3053 partim

187 3054 411 3125 λότριος
458 3057 705 3128 ἐντυχεῖν
748 3060 897 3133 αύτῷ
954 3063 1407 3135 προθυμούμενος
1441 3067 1680 3134 ἀπιόντι,
1710 3069 1785 3140 μὴ

1898 3065 1961 3118 ad
2009 3080 2135 3120 eum
2183 3077 2562 3132 accesserunt,
2614 3078 2874 3139 tanquam
2902 3071 3078 3126 exsuli
3114 3073 3334 3128 cuidam
3386 3092 3488 3130 ve-

186 3147 468 3222 δυνηθεὶς,
503 3152 832 3216 παρέδωκεν
881 3155 1079 3208 ἑαυτὸν
1128 3159 1194 3228 τῇ
1235 3156 1330 3210 τοῦ
1363 3158 1648 3231 Καίσαρος
1688 3178 1787 3228 γυ·-

186 3242 339 3292 ναικ)⁸
366 3242 686 3309 φυλάττειν,
709 3244 882 3299 εἰπὼν
912 3247 1058 3317 ἔχειν
1084 3247 1296 3319 μεγάλα
1321 3249 1622 3322 πράγματα
1643 3254 1783 3306 ἐπα-

185 3333 363 3385 νιόντι
422 3335 764 3404 ἀπαγγείλαι
817 3338 894 3407 τῷ
959 3339 1221 3411 Καίσαρι.
1276 3342 1547 3415 Σοφιστὴς
1606 3345 1660 3400 δέ
1698 3365 1782 3412 τις

189 3426 601 3497 Ἀρτεμίδωρος
624 3430 838 3493 Κνίδιος
857 3472 874 3498 ,
911 3429 1118 3502 βιϐλίον
1159 3435 1286 3505 περὶ
1313 3435 1412 3506 τῆς
1436 3436 1780 3507 συνωμοσίας

186 3519 436 3588 γράψας,
471 3521 569 3574 καὶ
603 3522 834 3590 ἐγγίσας
882 3525 1054 3594 αὐτῷ,
1121 3524 1316 3591 Τοῦτο,
1367 3528 1496 3598 ἔφη,
1535 3529 1779 3599 Καῖσαρ,

187 3611 359 3680 μόνος
388 3613 480 3664 καὶ
508 3615 718 3685 ταχέως
751 3615 1052 3684 ἀνάγνωθι·
1087 3619 1300 3688 μεγάλα
1325 3619 1433 3690 γάρ
1458 3637 1539 3672 σοι
1568 3637 1779 3688 καταγ-

188 3706 346 3772 γελεῖ
393 3707 490 3760 καί
561 3725 647 3761 σοι
701 3709 1060 3782 διαφέροντα.
1103 3714 1170 3783 ’ρ
1213 3712 1508 3783 δεξάμενος
1547 3713 1780 3777 ἐκεῖνος,

184 3797 426 3869 ὥρμησε
458 3800 558 3870 μὲν
592 3803 923 3870 ἀναγνῶναι,
945 3805 1019 3875 μὴ
1046 3805 1232 3875 μέντοι
1255 3805 1505 3877 δυνηθεὶς
1541 3805 1649 3859 ὑπὸ
1671 3805 1782 3858 τῶν

185 3891 663 3960 ἐντυγχανόντων,
729 3896 950 3965 κατεῖχε
996 3897 1061 3967 τῇ
1117 3896 1286 3966 χειρὶ,
1348 3894 1446 3948 καὶ
1499 3894 1780 3966 παρῆλθεν

183 3981 336 4036 οὕτω
362 3985 504 4052 πρὸς
540 3983 640 4056 τὴν
671 3987 997 4058 σύγκλητον.
1044 3989 1109 4041 Ἦ
1153 3988 1211 4042 δὲ
1245 3989 1614 4060 ὑπεξανέστη.
1657 3987 1780 4043 Τῶν

182 4071 242 4124 δὲ
278 4072 418 4143 περὶ
452 4074 690 4143 Βροῦτον
718 4079 766 4130 οί
803 4078 904 4148 μὲν
926 4077 1213 4145 ἐξόπισθεν
1242 4078 1339 4132 τοῦ
1374 4079 1569 4150 δίφρου
1607 4078 1777 4133 αὑτοῦ

1899 3153 2044 3210 niam
2098 3157 2346 3226 petituri.
2399 3157 2704 3212 Antonium
2747 3176 2880 3216 vero
2914 3161 3116 3217 Catsari
3163 3165 3378 3220 fidelem
3428 3177 3486 3221 et

1896 3247 2188 3302 robustum
2254 3247 2457 3302 Brutus
2487 3248 2716 3304 Albinus
2747 3249 2880 3305 foris
2921 3252 3118 3306 tenuit.
3149 3253 3252 3308 Ubi
3292 3270 3488 3309 conse-

1891 3340 1974 3393 dit
2003 3339 2208 3406 Caesar,
2247 3348 2303 3393 et
2334 3340 2766 3396 intercessiones
2801 3343 3015 3413 rejceit,
3054 3344 3269 3414 primus
3314 3345 3484 3402 Casca

1886 3432 2138 3502 jugulum
2165 3432 2214 3486 ci
2245 3431 2370 3487 ferit
2397 3433 2505 3488 ictu
2532 3450 2642 3487 non
2668 3434 2946 3490 lethifero.
2979 3436 3048 3493 Ut
3073 3446 3259 3492 autem
3288 3455 3485 3493 omnes

1895 3524 2167 3592 conjurati
2199 3524 2469 3596 pugiones
2505 3525 2873 3592 strinxerunt,
2910 3537 3102 3582 contra
3142 3541 3372 3584 caeteros
3423 3533 3483 3584 sd

1892 3612 2208 3667 defendisse
2263 3612 2440 3668 fertur
2473 3626 2624 3668 veste
2677 3616 2995 3677 convoluta,
3040 3625 3097 3671 ct
3133 3618 3481 3672 vociferans:

1891 3703 1988 3758 scd
2019 3719 2145 3758 cum
2180 3719 2208 3756 a
2256 3703 2430 3758 Bruto
2458 3704 2624 3758 etiam
2661 3706 2856 3760 stricto
2887 3723 3022 3762 ense
3055 3709 3166 3777 peti
3216 3724 3274 3762 se
3311 3709 3479 3762 vidis‘

1891 3806 1998 3856 set,
2041 3803 2162 3864 toga
2215 3795 2396 3865 capite
2441 3795 2724 3863 obvoluto,
2779 3813 2887 3852 non
2918 3799 3155 3868 amplius
3184 3801 3476 3855 restitisse.

1889 3889 1967 3943 lta
1991 3887 2168 3942 tribus
2189 3895 2245 3941 et
2270 3887 2466 3958 viginti
2500 3888 2824 3944 vulneribus
2856 3890 3167 3956 confossus,
3201 3893 3268 3946 ad
3304 3893 3482 3948 basim

1888 3991 2083 4038 statum
2133 3981 2382 4052 Pompeii
2426 3981 2707 4048 concidit,
2757 3999 2991 4054 eamque
3032 3985 3365 4052 cruentaxit,
3421 3995 3479 4041 ut

1889 4080 2005 4150 ipse
2034 4077 2333 4148 Pompeius
2361 4076 2495 4132 czedi
2531 4077 2744 4133 inimici
2781 4087 2964 4134 astare
3002 4079 3306 4134 videretur.

185 4168 590 4239 περιέστησαν,
625 4172 674 4224 οἱ
702 4171 757 4223 δὲ
792 4173 1121 4244 ἀπήντησαν
1161 4173 1238 4236 ὡς
1269 4171 1398 4241 περί
1432 4191 1578 4238 τινος
1634 4172 1877 4244 φυγάδος
1935 4173 2204 4242 δεόμενοι.
2269 4172 2374 4226 Τὸν
2440 4171 2496 4224 δὲ
2528 4170 2819 4227 ’Λντώνιον
2854 4174 3046 4228 πιστὸν
3083 4175 3212 4229 ὄντα
3237 4177 3481 4249 Καίσαρι

187 4260 290 4314 καὶ
321 4261 612 4329 ῥωμαλέον
672 4262 779 4328 ἔξω
809 4267 1190 4336 παρακατεῖχε
1230 4265 1470 4335 Βροῦτος
1502 4266 1772 4331 Ἀλϐῖνος.
1819 4267 1911 4329 Ὦς
1934 4265 1992 4320 δὲ
2043 4264 2282 4329 καθίσας
2329 4267 2356 4319 ό
2400 4266 2628 4336 Καῖσαρ
2692 4265 3015 4338 διεκρούετο
3063 4267 3166 4332 τὰς
3240 4270 3474 4344 δεήσεις,

185 4357 340 4425 ξίφει
369 4357 525 4428 παρὰ
549 4358 645 4411 τοῦ
678 4361 876 4414 Κάσκα
897 4362 1118 4431 πρώτου
1172 4364 1483 4436 πλήττεται
1533 4365 1628 4418 τὸν
1704 4364 1930 4435 αὐχένα,
1999 4361 2219 4433 πληγὴν
2285 4363 2348 4415 ού
2382 4361 2784 4433 θανατηφόρον.
2827 4363 2916 4427 Ὠς
2960 4363 3017 4416 δὲ
3061 4367 3158 4418 καὶ
3194 4367 3303 4420 τῶν
3351 4385 3479 4430 συν-

185 4447 428 4520 ωμοτῶν
451 4449 682 4516 ἕκαστος
707 4456 768 4506 τὸ
797 4454 951 4523 ξίφος
981 4457 1293 4526 ἐγύμνωσε,
1324 4456 1550 4526 λέγεται
1595 4457 1731 4529 πρὸς
1774 4457 1873 4528 μὲν
1933 4459 2061 4522 τοὺς
2121 4457 2345 4519 λοιποὺς
2389 4454 2775 4526 ἀπομάχεσθαι
2831 4455 3208 4528 ὲνειλούμενος
3250 4460 3345 4514 καὶ
3379 4479 3478 4514 κε-

185 4548 419 4619 κραγώς
443 4565 457 4580 ·
493 4549 580 4602 ὅτε
609 4549 664 4602 δὲ
691 4553 786 4605 καὶ
820 4552 1058 4624 Βροῦτον
1112 4549 1256 4608 εἶδεν
1307 4555 1660 4625 ἐσπασμένον
1714 4554 1779 4608 τὸ
1818 4554 1995 4623 ξίφος,
2072 4551 2482 4624 ἐφελκύσασθαι
2523 4555 2667 4607 κατᾶ
2726 4552 2828 4622 τῆς
2859 4553 3105 4624 κεφαλῆς
3135 4552 3194 4606 τδ
3234 4555 3475 4625 ἱμάτιον.

188 4648 882 4720 μηκέτιάπομαχόμενος.
910 4651 1100 4705 Εἴκοσι
1175 4652 1361 4724 μέντοι
1439 4653 1537 4706 καὶ⁹
1617 4653 1748 4724 τρία
1810 4652 1995 4706 λαϐὼν
2046 4651 2367 4724 τραύματα,
2416 4650 2739 4723 ἀνδριάντος
2783 4651 2938 4714 ὄντος
2986 4653 3106 4705 ἐκεῖ
3155 4654 3475 4724 Πομπηΐου,

186 4745 322 4810 περὶ
343 4746 446 4815 τὴν
485 4747 643 4814 βάσιν
695 4745 894 4818 εὑρέθη
945 4747 1225 4818 κείμενος,
1266 4751 1362 4804 καὶ
1417 4749 1768 4819 καθαιμάξις
1808 4752 1994 4817 αὐτὸν,
2061 4751 2135 4813 ὡς
2195 4751 2376 4804 δοκεῖν
2435 4749 2600 4805 αὑτὸν
2623 4749 3018 4821 ἐφεστάναιτῷ
3053 4750 3200 4821 φόνῳ
3231 4751 3326 4806 τοῦ
3377 4770 3474 4807 πο⁸

183 4842 244 4895 λε
254 4840 386 4912 μίσυ
430 4843 739 4914 Πομπήϊον.

263 4939 370 4994 ΙΒ’.
419 4940 481 4992 '0
527 4939 628 5008 μὲν
687 4933 782 4992 οὖν
821 4937 980 5000 Γάϊος
1043 4937 1264 5004 Ἰούλιος
1323 4941 1542 5008 Καῖσαρ
1598 4939 1777 5002 οὕτως

187 5035 300 5089 ὑπὸ
327 5031 648 5104 φιλοτιμίας
681 5031 778 5084 καὶ
812 5030 1110 5103 φιλαρχίας
1139 5029 1413 5086 ἀπώλετο.
1439 5033 1634 5102 Οίγὰρ
1668 5033 1779 5084 Οω.

186 5127 457 5188 πεύοντες
480 5125 665 5192 αὑτὸν,
700 5124 761 5178 τὸ
794 5125 1139 5197 φιλόπρωτον
1175 5125 1341 5178 αύτοῦ
1376 5127 1470 5179 καὶ
1501 5125 1778 5193 φιλόδοξον

187 5216 620 5285 κατανοιῦντες,
652 5219 751 5272 οὐκ
789 5216 1060 5272 ἐπαύοντο
1091 5217 1224 5270 ἄλλα
1266 5217 1354 5268 ἐπ’
1385 5216 1569 5280 ἄλλοις
1626 5215 1778 5285 αὐτῷ

185 5311 593 5384 ψηφιζόμενοι·
618 5305 761 5382 ἦσαν
813 5310 872 5364 δέ
906 5309 1135 5364 τοιαῦτα
1175 5309 1213 5364 ὃ.
1257 5307 1624 5381 ἐψηφίζοντο·
1675 5307 1775 5378 τὴν

187 5407 464 5460 ἐπινίκιον
494 5405 688 5476 στολὴν
719 5405 805 5458 ἀεὶ
829 5405 1040 5474 φορεῖν,
1086 5403 1182 5456 καὶ
1235 5402 1330 5455 ἐπὶ
1390 5399 1484 5454 τοῦ
1536 5399 1772 5471 ἀρχικοῦ

184 5496 383 5569 δίφρου
413 5497 751 5563 καθέζεσθαι
777 5513 794 5530 ⁸
838 5499 955 5561 τοῖς
1001 5511 1062 5550 τε
1112 5494 1441 5566 ῥαϐδούχοις
1486 5491 1770 5562 δαφνηφο-

1959 4938 2074 4994 Xll.
2113 4937 2204 4993 Sic
2241 4935 2422 4992 Caesar
2447 4951 2515 4991 ex
2542 4936 2845 4992 ambitione
2869 4945 2926 4993 et
2947 4939 3286 5009 appetitione
3319 4944 3473 5014 prin-

1886 5031 2103 5101 cipatus
2143 5029 2374 5085 interiit.
2409 5029 2742 5085 Adnlatores
2764 5031 2913 5086 enim
2945 5033 3066 5103 ejus
3090 5034 3382 5092 ambitioni
3411 5050 3468 5096 et

1885 5124 2127 5194 gloriola:
2159 5123 2346 5179 studio
2397 5122 2809 5189 inservientes,
2847 5125 2988 5180 alios
3031 5135 3198 5198 atque
3249 5130 3386 5185 alios
3414 5133 3468 5187 ei

1888 5217 2129 5270 honores
2199 5215 2503 5270 decernere
2550 5214 2714 5287 492
2763 5232 2872 5271 non
2919 5218 3256 5276 destiterunt
3317 5243 3330 5278 :
3370 5226 3468 5294 qui

1884 5307 2205 5378 hujusmodi
2235 5307 2482 5372 fuerunt,
2528 5319 2589 5362 ut
2621 5309 3017 5378 triumphalem
3072 5323 3284 5369 vestem
3338 5333 3464 5385 pcr-

1880 5411 2050 5469 petuo
2082 5397 2273 5462 ferret,
2298 5407 2356 5453 et
2385 5397 2441 5452 in
2472 5398 2603 5453 sella
2627 5401 2805 5454 curuli
2834 5401 3054 5458 sederet
3086 5421 3099 5456 :
3135 5414 3195 5458 ut
3219 5406 3461 5460 fascibus
3551 5475 3556 5480 ι

1880 5491 2146 5548 laureatis
2201 5502 2474 5563 perpetuo
2513 5501 2791 5561 uteretur,
2823 5503 2880 5550 et
2912 5495 3076 5551 Pater
3127 5497 3317 5568 patria:
3358 5514 3463 5566 ap-

1389 5609 1590 5674 Variae
1618 5608 1928 5672 lectiones
1977 5616 2040 5675 et
2073 5615 2268 5672 notae.

261 5744 374 5818 (70)
408 5743 736 5812 Περιαύων.
798 5743 876 5798 lta
915 5755 1047 5798 mss.
1092 5739 1326 5798 Wolfius
1353 5737 1640 5812 παριαύων
1675 5735 1948 5794 ediderat.
