4050 6210
467 226 473 231 ’
501 250 611 315 835

1805 238 2137 303 JOANNIS
2176 237 2498 297 ZONMLE

3666 221 3785 291 836

502 357 805 427 pellaretur
838 373 853 410 :
886 363 947 412 ut
981 356 1104 427 ejus
1136 355 1315 426 imago
1346 354 1402 407 in
1447 351 1693 408 nummis
1726 349 2081 418 exsculpere-

2208 345 2371 398 >οῧσιν
2397 347 2483 398 ἀεὶ
2514 344 2862 417 κεχρῆσθαι,
2898 342 3109 414 πατέρα
3155 358 3214 395 τε
3254 341 3418 395 αὐτὸν
3440 341 3539 412 τῆς
3573 342 3785 413 πατρι-

506 458 622 512 tur,
664 456 722 500 ct
757 447 957 504 natalis
991 446 1208 516 publice
1236 444 1621 499 celebraretur
1651 458 1668 495 :
1700 450 1761 496 ut
1790 445 1845 494 in
1881 440 2085 493 Roma-

509 540 597 595 nis
633 540 777 593 fanis
835 549 893 593 et
931 539 1190 594 omnibus
1213 538 1447 592 urbibus
1471 537 1593 607 ejus
1619 544 1818 591 statum
1845 534 2088 588 colloca-

509 640 732 686 rentur.
790 632 897 685 Pro
948 633 1072 700 ejus
1136 641 1317 684 autem
1370 627 1637 683 tribunali
1691 626 1830 683 duas
1880 635 2093 681 statuas

508 727 857 782 collocarunt
897 725 1177 779 :altcram
1208 723 1280 777 ob
1325 724 1481 778 cives
1527 733 1801 785 servatos,
1853 719 2087 774 alteram

511 819 585 872 ob
620 815 813 871 urbem
843 815 1135 870 obsidione
1184 814 1501 878 liberatam,
1560 827 1764 868 corona
1812 811 1987 865 civica
2035 819 2094 866 et

511 906 848 963 obsidionali
900 913 1146 961 ornatas.
1204 906 1273 960 Et
1320 920 1522 960 novam
1568 904 1777 959 curiam
1827 902 2093 959 aedificari

509 1003 820 1071 jusserunt,
852 1015 973 1070 qua:
991 999 1211 1055 Juliana
1237 998 1307 1053 de
1335 998 1509 1067 ipsius
1536 998 1761 1052 nomine
1787 996 2093 1051 diceretur.

514 1094 925 1163 Censoremque
964 1107 1088 1145 eum
1121 1092 1302 1146 solum
1333 1098 1391 1145 et
1430 1100 1759 1161 perpetuum
1787 1097 2095 1153 crearunt;

518 1187 808 1259 privilegia
840 1185 1188 1239 tribunorum
1219 1184 1270 1239 ei
1315 1182 1596 1238 dederunt
1626 1200 1640 1249 ;
1670 1183 1718 1237 si
1750 1196 1780 1236 a
1813 1196 2096 1251 quoquam

517 1279 667 1333 dicto
699 1277 912 1331 factove
947 1275 1198 1329 oiIensus
1227 1282 1395 1339 esset,
1432 1283 1496 1335 ut
1521 1284 1690 1345 caput
1719 1275 1842 1345 ejus
1871 1289 2096 1330 sacrum

518 1381 669 1424 esset
710 1383 773 1422 ac
810 1367 1030 1435 piaculo
1063 1366 1388 1437 obligatum.
1449 1366 1591 1432 Quid
1643 1376 1829 1420 autem
1874 1381 2097 1421 sacrum

519 1477 642 1515 esse
672 1460 971 1527 significet,
1002 1460 1113 1529 jam
1146 1469 1232 1513 est
1262 1476 1289 1510 ιι
1331 1474 1415 1513 me
1441 1458 1780 1528 expositum.
1815 1458 1934 1513 Jam
1965 1460 2096 1528 quia

521 1553 725 1607 talibus
748 1566 875 1605 eum
910 1550 1078 1605 rebus
1103 1549 1350 1619 gaudere
1383 1548 1714 1614 cernebant,
1760 1560 2010 1604 auratam
2043 1550 2095 1605 ei

522 1644 715 1700 sellam
762 1651 1183 1703 concesserunt,
1230 1648 1287 1695 et
1321 1653 1529 1696 vestem
1584 1656 1692 1711 qua
1760 1642 1894 1696 olim
1941 1656 2099 1712 reges

524 1736 611 1792 usi
646 1735 885 1798 fuerant,
931 1742 986 1789 et
1016 1734 1322 1788 custodiam
1361 1749 1429 1788 ex
1459 1734 1703 1803 equestri
1737 1743 1792 1789 et
1820 1734 2101 1789 senatorio

524 1830 741 1892 ordine,
777 1838 944 1897 utque
968 1827 1191 1897 publice
1221 1842 1321 1896 pro
1336 1841 1403 1881 eo
1420 1826 1854 1897 supplicationes
1880 1827 2103 1892 flerent,

524 1933 582 1979 et
618 1938 717 1993 per
751 1922 874 1993 ejus
909 1921 1189 1976 fortunam
1217 1922 1524 1989 juraretur,
1574 1929 1633 1975 et
1662 1931 1786 1976 acta
1827 1921 1949 1991 ejus
1983 1930 2103 1976 rata

526 2025 737 2078 essent,
763 2022 1095 2077 sanxerunt,
1122 2022 1179 2068 et
1204 2011 1466 2079 Quintilis
1486 2012 1696 2068 mensis
1730 2013 1800 2067 ab
1830 2028 1898 2068 eo
1925 2013 2105 2069 Julius

534 2108 933 2178 appellaretur.
970 2107 1098 2159 Hme
1129 2114 1187 2159 et
1216 2104 1323 2158 alia
1355 2106 1538 2174 plura,
1574 2120 1643 2159 ne
1683 2104 1918 2175 singulis
1953 2120 2105 2160 eom-

531 2197 908 2254 memorandis
966 2197 1231 2253 lectorem
1289 2195 1687 2258 obtundamus.
1737 2196 1791 2250 ei
1845 2196 2105 2253 decreve-

531 2298 684 2341 runt.
719 2286 935 2353 Quibus
958 2286 1127 2341 rebus
1159 2285 1422 2340 invidiam
1449 2285 1760 2349 hominum,
1797 2285 1881 2340 vel
1919 2286 2108 2355 potius

531 2381 669 2435 iram
702 2380 934 2434 deorum
959 2378 1227 2448 suscepit,
1254 2378 1566 2448 multosque
1589 2378 1644 2432 in
1681 2393 1739 2432 se
1765 2380 2106 2447 provocavit,

532 2473 712 2528 donec
743 2487 869 2525 eum
909 2471 1123 2526 exitum
1174 2486 1287 2540 quo
1318 2480 1545 2539 repente
1570 2471 1835 2534 concidit,
1866 2480 1954 2528 est
1990 2486 2111 2526 sor-

535 2564 693 2618 titus.
730 2561 877 2631 Cum
903 2563 978 2617 ita
1011 2562 1339 2618 interfectus
1393 2564 1622 2634 jaceret,
1665 2580 1860 2619 omnes
1906 2566 2002 2635 qui
2032 2564 2107 2619 ibi

533 2653 787 2716 aderant,
825 2653 1056 2719 turbati,
1101 2664 1159 2709 et
1187 2652 1408 2709 consilii
1461 2670 1856 2723 percussorum
1909 2657 2110 2728 ignari,

531 2744 690 2814 quasi
717 2752 774 2796 et
806 2741 913 2811 ipsi
944 2742 1191 2812 periculo
1224 2742 1464 2813 proximi
1497 2742 1778 2815 fugerunt,
1810 2752 1866 2800 et
1894 2754 2111 2799 terren-

534 2835 623 2889 dis
652 2834 834 2889 obviis
870 2834 1063 2887 urbem
1100 2834 1252 2889 luctu
1313 2833 1704 2904 impleverunt.
1761 2834 1998 2891 Civitate
2031 2836 2113 2891 sic

531 2920 748 2985 atlccta,
772 2936 1125 2991 percussores
1148 2922 1257 2977 vim
1283 2924 1563 2991 timentes,
1590 2925 1799 2981 strictis
1823 2935 1879 2981 et
1909 2942 2113 2981 cruen-

537 3015 606 3069 tis
642 3014 840 3083 gladiis
874 3029 974 3084 per
1011 3014 1192 3068 forum
1221 3016 1278 3071 in
1329 3014 1661 3086 Capitolium
1723 3027 2109 3082 occurrerunt,

532 3105 720 3173 ibique
752 3105 902 3158 diem
944 3113 1001 3159 et
1029 3114 1250 3160 noctem
1296 3115 1625 3174 exegerunt.
1671 3106 1743 3161 At
1776 3106 2015 3177 Lepidus
2044 3122 2110 3162 eo

532 3197 779 3252 facinore
804 3197 860 3251 in
897 3197 1098 3252 castris
1125 3198 1341 3266 audito,
1372 3200 1510 3255 urbe
1542 3215 1668 3254 cum
1708 3201 1983 3256 militibus
2010 3215 2108 3255 oc-

535 3298 756 3355 cupata,
794 3302 895 3357 pro
932 3289 1207 3343 concione
1242 3289 1294 3342 in
1331 3306 1691 3358 percussores
1722 3302 1808 3347 est
1836 3293 2109 3349 invectus.

536 3377 811 3434 Antonius
842 3390 1026 3435 autem
1054 3397 1167 3451 prae
1196 3391 1347 3437 metu
1398 3382 1641 3450 latilans,
1676 3400 1803 3439 cum
1837 3385 1986 3440 illius
2012 3386 2111 3441 ad-

536 3480 704 3532 ventu
739 3472 984 3541 cognito,
1010 3483 1065 3527 et
1094 3489 1486 3543 percussorum
1523 3474 1647 3545 fuga
1673 3476 1726 3529 in
1754 3475 2111 3545 Capitolium,

538 3573 817 3633 resumpta
853 3563 1054 3619 ﬁducia
1096 3566 1418 3635 prodiisset,
1472 3577 1529 3622 et
1567 3577 1761 3623 senatu
1808 3577 2114 3624 convocato

539 3654 845 3708 sententias
890 3665 1110 3725 rogaret
1146 3673 1159 3709 :
1200 3656 1394 3712 Cicero
1425 3659 1687 3713 omnibus
1740 3668 1935 3713 auctor
1982 3660 2110 3725 fuit,

541 3754 602 3799 ut
643 3743 853 3798 mutuis
886 3746 1031 3800 odiis
1059 3746 1316 3812 abolitis,
1351 3749 1630 3819 utrinque,
1671 3750 1715 3804 si
1743 3749 1874 3819 quid
1914 3765 2105 3820 pecca-

541 3848 659 3890 tum
689 3847 857 3903 esset,
894 3839 1297 3907 condonarent,
1345 3857 1414 3895 ne
1467 3842 1630 3896 civile
1688 3842 1896 3897 bellum
1949 3842 2114 3914 493

538 3928 977 3994 recrudesccret,
1005 3939 1061 3983 et
1094 3931 1247 3986 cives
1292 3947 1320 3985 a
1350 3932 1568 3989 civibus
1600 3934 1936 3991 interirent:
1976 3951 2114 3990 con-

538 4021 818 4076 sentirent
867 4024 1077 4092 potius,
1114 4033 1172 4078 ut
1213 4024 1509 4093 populares
1559 4035 1616 4081 et
1658 4028 1811 4083 cives
1865 4029 2112 4085 deceret.

538 4113 757 4183 Adjecit
792 4116 985 4179 etiam,
1032 4129 1149 4171 acta
1186 4118 1441 4183 (λίθεοι-ξε,
1495 4119 1613 4175 sive
1661 4120 1728 4175 ad
1765 4121 2113 4188 donationes,

540 4207 658 4262 sive
689 4208 757 4262 ad
783 4207 1048 4273 honores,
1100 4209 1216 4264 sive
1245 4208 1333 4269 ,ad
1363 4213 1717 4283 magistratus
1743 4216 2111 4284 pertinerent,

541 4311 658 4355 rata
695 4316 820 4355 csse
857 4312 1138 4371 oportere,
1190 4317 1295 4358 nec
1327 4304 1654 4375 exagitanda
1688 4307 1989 4374 curiosius,
2019 4318 2116 4363 aut

2186 436 2274 500 δος
2305 436 2691 507 ὀνομάζεσθαι,
2722 435 2820 488 καὶ
2852 436 2912 498 ἐς
2932 434 2993 486 τὸ
3013 433 3266 502 νόμισμα
3303 431 3781 501 ἐγχαράττεσθαι,

2186 527 2425 597 δημοσία
2461 545 2522 580 τε
2564 528 2852 596 ἑορτάζειν
2900 524 3070 578 αὑτοῦ
3104 523 3175 577 τὰ
3211 524 3467 593 γενέθλια
3493 541 3507 554 ·
3565 524 3627 576 ἐν
3653 524 3788 586 τοῖς

2189 622 2339 682 ναοῖς
2362 636 2421 672 τε
2459 620 2560 688 τῆς
2606 618 2832 688 Ῥώμης
2881 618 2980 670 καὶ
3019 619 3078 670 ἐν
3136 619 3345 680 πάσαις
3380 618 3503 679 ταῖς
3541 615 3788 670 πόλεσιν

2190 710 2512 779 ἀνδριάντας
2538 709 2704 762 αὐτοῦ
2734 708 3013 763 ἵστασθαι.
3054 709 3180 762 Ἐπὶ
3216 708 3274 761 δέ
3303 724 3366 776 γε
3402 708 3499 761 τοῦ
3524 708 3787 780 βήματος

2189 802 2284 856 δύο
2312 801 2479 855 αὑτοῦ
2506 802 2834 869 ἀνδριάντας
2869 800 3185 871 ἱδρύσαντο,
3252 800 3345 852 τὸν
3384 800 3484 870 μὲν
3513 800 3594 863 ὡς
3640 800 3789 861 τοὺς

2193 892 2416 955 πολίτας
2450 891 2776 954 σεσωκότας,
2816 890 2911 943 τὸν
2939 889 2987 941 δ’
3016 889 3092 951 ὡς
3122 888 3189 942 ἐκ
3222 886 3547 954 πολιορκίας
3595 889 3789 957 ῥυσια

2198 984 2360 1053 μένου
2393 983 2493 1053 τὴν
2517 983 2694 1038 πόλιν.
2736 981 3148 1050 Ἐστεφάνωντο
3170 980 3229 1033 δέ
3249 980 3343 1032 καὶ
3371 978 3541 1049 ἄμφω
3566 978 3790 1048 στεφά-

2193 1094 2309 1140 νοις
2335 1079 2449 1139 τοῖς
2470 1076 2563 1129 ἐπὶ
2593 1074 2860 1137 τοιούτοις
2896 1072 3338 1143 νενομισμένοις.
3368 1071 3790 1142 Βουλευτήρ.όι

2195 1185 2256 1221 τε
2291 1167 2481 1220 καινὸν
2530 1163 2964 1235 οἰκοδομηθῆναι
3018 1163 3317 1229 ἐπέταξαν,
3371 1162 3439 1216 ἵν’
3480 1161 3800 1215 Ἱουλιανδπι

2198 1262 2290 1313 ἐπὶ
2314 1259 2393 1331 τῷ
2417 1258 2585 1313 αὐτοῦ
2638 1257 2864 1328 κληθείη
2917 1257 3166 1325 ὀνόματι.
3197 1254 3450 1325 Τιμητήν
3477 1271 3537 1307 τε
3565 1252 3670 1307 καὶ
3694 1252 3794 1306 δια

2202 1349 2319 1420 βίου
2351 1350 2447 1403 καὶ
2473 1349 2635 1419 μόνον
2655 1347 2817 1402 αὐτὸν
2850 1345 3187 1416 ἐψηφίσαντο
3209 1343 3353 1398 εῖναι
3377 1361 3393 1377 ’
3426 1344 3576 1414 ἔχειν
3601 1343 3661 1397 δὲ
3686 1341 3799 1397 καὶ

2199 1444 2269 1495 τὰ
2297 1441 2406 1494 τῶν
2434 1440 2735 1511 δημάρχων
2762 1440 3039 1511 προνόμια
3062 1455 3077 1469 ο
3101 1440 3199 1493 καὶ
3228 1438 3284 1491 εἴ
3308 1455 3393 1502 τις
3437 1437 3608 1491 αὐτὸν
3635 1436 3799 1508 Em

2200 1533 2727 1604 ῆλόγῳύὸρίσειεν,
2783 1532 2929 1603 ἱερὸν
2992 1526 3135 1586 εἶναι
3184 1531 3509 1596 ἐθέσπισαν,
3565 1532 3667 1586 καὶ
3705 1529 3797 1600 τῷ

2202 1630 2325 1698 ἄγει
2355 1628 2663 1700 ἐνέχεσθαι.
2698 1629 2764 1683 Τί
2797 1629 2854 1682 δὲ
2885 1629 2946 1682 τὸ
2978 1629 3125 1700 ἱερὸν
3157 1624 3300 1682 εἶναι
3333 1628 3649 1698 νενόμιστο,
3674 1627 3788 1699 ἤδη

2135 1719 2176 1774 Β
2208 1737 2301 1790 μοι
2340 1722 2753 1791 προαφήγηται.
2791 1720 3068 1790 Χαὲροντα
3098 1719 3156 1773 δὲ
3192 1719 3407 1784 τούτοις
3425 1719 3669 1791 ὁρῶντες
3692 1719 3805 1772 αὒ-

2206 1814 2320 1877 τδν,
2345 1812 2651 1884 ἐπίχρυσόν
2678 1830 2739 1866 τε
2773 1812 2964 1885 δίφρον
3004 1812 3152 1884 αὐτῷ
3184 1812 3394 1877 ἔδοσαν,
3435 1813 3534 1866 καὶ
3588 1810 3800 1881 στολὴν

2206 1899 2239 1980 ᾖ
2268 1905 2435 1960 πάλαι
2462 1905 2702 1976 ἐχρῶντο
2730 1905 2779 1959 οἱ
2813 1903 3265 1975 βασιλεύσαντες,
3302 1905 3396 1957 καὶ
3427 1902 3682 1974 φρουρὰν
3724 1904 3797 1955 ἐκ

2205 1996 2316 2048 τῶν
2352 1995 2564 2049 ἱππέων
2592 1996 2687 2049 καὶ
2714 1998 2780 2050 ἐκ
2817 1996 2925 2050 τῶν
2954 1996 3278 2067 βουλευτῶν,
3311 1994 3570 2066 εὔχεσθαί
3611 2011 3674 2047 τε
3696 1994 3805 2065 δη-

2211 2087 2376 2160 μοσίᾳ
2433 2089 2573 2159 ὑπὲρ
2620 2087 2814 2151 αὑτοῦ,
2878 2089 2976 2142 καὶ
3020 2087 3120 2158 τὴν
3172 2090 3345 2157 τύχην
3393 2087 3561 2140 αὑτοῦ
3615 2086 3801 2156 ὀμνύο

2207 2199 2296 2236 ναι
2336 2181 2469 2252 (71),
2506 2184 2600 2234 καί
2636 2182 2705 2234 τὰ
2736 2179 3174 2252 πραχθησόμενα.
3229 2180 3363 2251 παρ’
3396 2179 3566 2233 αὑτοῦ
3622 2180 3799 2249 κύρια

2206 2276 2505 2346 τυγχάνειν
2540 2274 2973 2347 ἐνομοθέτησαν,
3002 2275 3095 2329 διά
3123 2291 3184 2328 τε
3214 2273 3380 2328 αὐτὸν
3415 2273 3647 2328 Ἰούλιον
3669 2272 3793 2342 (τε)

2208 2369 2684 2439 προσηγόρευσαν,
2736 2368 2835 2421 καὶ
2886 2367 3023 2423 ἄλλα
3080 2366 3302 2420 πλείονα
3335 2366 3444 2438 (ἵνα
3469 2366 3528 2420 δὲ
3575 2366 3637 2419 τὸ
3668 2365 3800 2419 καθ’

2206 2461 2438 2514 ἕκαστον
2466 2457 2907 2531 ἁπαριθμοῦντες
2932 2459 3026 2513 τὸν
3050 2459 3331 2528 ἀκροατὴν
3361 2460 3439 2530 μὴ
3463 2458 3798 2512 ἁποκναὶωο

2212 2552 2334 2622 μεν)
2371 2550 2521 2622 αύτῷ
2569 2550 2933 2622 ἐψηφίσαντο.
2972 2550 3065 2615 Ἐξ
3088 2546 3162 2603 ὧν
3202 2549 3492 2619 ἐπίφθονος
3543 2550 3731 2615 ἔδοξεν
3764 2550 3801 2620 ἦ

2214 2645 2419 2714 μᾶλλον
2448 2645 2776 2715 νεμεσητὸς,
2811 2646 2906 2700 καὶ
2929 2645 3053 2697 καθ’
3085 2643 3283 2698 ἑαυτοῦ
3318 2644 3555 2705 πολλοὺς
3604 2644 3801 2714 διηρέ-

2212 2739 2353 2803 θισε,
2388 2740 2584 2811 μέχρις
2636 2739 2704 2793 ἂν
2754 2741 2837 2800 είς
2888 2736 2953 2790 τὸ
3001 2737 3228 2790 ἐπελθὸν
3276 2734 3425 2805 αὐτῷ
3456 2738 3800 2805 κατηντήκει

2211 2833 2386 2895 τέλος.
2420 2834 2528 2887 Καὶ
2552 2834 2581 2887 ὁ
2629 2834 2731 2904 μὲν
2761 2831 2907 2887 οὕτω
2943 2833 3179 2901 σφαγεὶς
3232 2830 3436 2885 ἔκειτο.
3487 2829 3557 2886 0i
3590 2831 3651 2884 δὲ
3682 2831 3803 2884 ἐκεῖ

2212 2928 2483 2996 παρόντες
2507 2925 2789 2997 ἄνθρωποι
2826 2927 3074 2991 ἅπαντες
3132 2926 3517 2996 ἐταράττοντο,
3555 2925 3659 2992 τὴν
3690 2923 3802 2977 τῶν

2184 3084 2185 3087 η
2217 3020 2471 3089 σφαγέων
2494 3020 2818 3089 ἀγνοοῦντες
2838 3020 3105 3087 διάνοιαν,
3135 3021 3231 3072 καὶ
3258 3018 3334 3082 ώς
3377 3019 3586 3072 αὐτίκα
3615 3018 3805 3071 κινδυ-

2213 3112 2498 3177 νεύσοντες
2529 3113 2789 3183 ἔφευγον,
2821 3114 2918 3167 καὶ
2949 3114 3076 3176 τοὺς
3114 3112 3500 3174 συναντῶντας
3523 3110 3804 3183 ἐξέπλησα

2215 3222 2331 3270 σον,
2368 3208 2466 3260 καὶ
2500 3206 2717 3278 θρήνων
2767 3208 2868 3278 τὴν
2917 3206 3078 3259 πόλιν
3125 3205 3420 3276 ἐπλήρουν.
3460 3207 3576 3259 Kal.
3623 3208 3659 3276 ἠ
3701 3207 3805 3275 μὲν

2214 3296 2369 3360 πόλις
2399 3295 2543 3350 οὕτω
2572 3296 2826 3360 διέκειτο,
2860 3298 2909 3350 ὀί
2932 3296 2990 3350 δὲ
3029 3300 3282 3366 σφαγεῖς,
3327 3295 3566 3360 δεδιότες
3608 3297 3803 3367 μήτις

2216 3389 2402 3457 σφίσιν
2451 3389 2735 3459 ἐπίθηται,
2794 3393 3024 3460 γυμνοῖς
3058 3391 3150 3443 καὶ
3184 3389 3533 3461 ᾑμαγμένοες
3574 3393 3695 3454 τοῖς
3727 3390 3809 3455 El-

2215 3499 2344 3553 φεσι
2377 3481 2466 3535 διὰ
2512 3482 2616 3551 τῆς
2674 3484 2882 3554 ἀγορᾶς
2924 3483 3233 3546 διελθόντες
3282 3484 3603 3554 ἀνέδραμον
3632 3485 3719 3547 εἰς
3745 3485 3811 3537 τὸ

2214 3575 2583 3639 Καπιτώλιον,
2646 3577 2766 3630 ἐκεῖ
2820 3592 2878 3627 τε
2920 3575 3020 3646 τὴν
3064 3576 3282 3647 ἡμέραν
3327 3583 3424 3631 καὶ
3482 3576 3587 3646 τὴν
3629 3576 3807 3632 νύκτα

2213 3668 2493 3738 διήγαγον.
2546 3667 2603 3720 '0
2633 3666 2689 3720 δέ
2720 3665 2976 3730 Λέπιδος,
3010 3667 3069 3720 ἐν
3096 3667 3175 3738 τῷ
3220 3669 3575 3738 στρατοπέδῳ
3610 3669 3805 3739 μαθὼν

2214 3761 2283 3814 τὰ
2313 3760 2683 3831 γεγενημένα,
2710 3753 2907 3823 νυκτὸς
2939 3761 3039 3813 σὺν
3064 3763 3179 3824 τοῖς
3210 3761 3581 3832 στρατιώταις
3639 3763 3809 3817 κατέ-

2214 3852 2373 3917 λαϐε,
2398 3854 2496 3906 καὶ
2518 3854 2660 3907 κατὰ
2688 3852 2798 3905 τῶν
2832 3852 3093 3921 σφαγέων
3118 3853 3477 3926 ἐδημηγόρει.
3515 3855 3804 3918 Ἀντώνιος

2214 3945 2405 4011 δὲ,τοΰ
2428 3945 2705 4016 Καίσαρος
2733 3945 3134 4017 ἀναιρεθέντος,
3155 3946 3416 4015 φοϐηθεὶς
3446 3947 3686 4019 ἐκρύδηο
3714 3951 3806 4004 τὶν

2215 4040 2273 4093 δέ
2288 4037 2517 4093 Λέπιδον
2536 4037 2761 4092 ἐλθόντα
2789 4038 2977 4108 μαθὼν
3006 4041 3098 4093 καὶ
3121 4040 3251 4103 τοὺς
3279 4041 3465 4109 (posci;
3487 4042 3573 4106 είς
3593 4046 3658 4096 τὸ
3687 4044 3805 4097 Ka-

2216 4130 2474 4185 πιτώλιον
2493 4131 2676 4196 ὄντας,
2698 4129 2983 4202 θαρρήσας
3004 4130 3223 4201 ἐξῆλθε,
3254 4134 3348 4186 καὶ
3373 4134 3477 4205 τὴν
3507 4139 3806 4207 γερουσίαν

2216 4226 2483 4298 ἁθροίσας
2511 4226 2710 4297 ὡμίλει
2753 4227 2915 4298 αὐτῇ,
2939 4228 3035 4281 καὶ
3055 4227 3284 4298 γνώμας
3317 4228 3509 4299 εἰσῆγε
3552 4233 3699 4301 πρὸς
3731 4235 3801 4287 τὰ

2216 4321 2509 4391 γενόμενα.
2554 4322 2614 4376 ὐ
2634 4321 2694 4397 δέ
2725 4321 2983 4392 Κικέρων
3006 4322 3408 4393 δημηγορήσας
3451 4324 3648 4379 ἔπεισε
3673 4327 3810 4379 πάνυ

539 4392 928 4448 rescindenda.
960 4394 1055 4449 llis
1089 4394 1408 4450 rationibus
1434 4396 1677 4464 adducti,
1698 4399 1945 4454 omnium
1971 4398 2107 4471 inju-

2219 4432 2319 4479 τας
2356 4414 2433 4485 μὴ
2460 4392 2827 4485 μνησικακεῖν
2852 4392 3129 4483 ἀλλήλοις,
3158 4415 3297 4468 ἀλλὰ
3319 4415 3422 4469 κᾶν
3446 4433 3600 4470 τισιν
3623 4420 3810 4491 ἡμάρ-

542 4484 751 4539 riarum
778 4485 1115 4541 oblivionem
1152 4487 1545 4544 decreverunt.
1583 4491 1947 4549 Percnssores
1977 4509 2108 4550 vero

542 4572 612 4627 de
643 4574 916 4645 Capitolio
962 4578 1131 4633 verba
1184 4579 1476 4645 facientes,
1534 4583 1805 4641 militibus
1857 4588 2123 4655 promise-

544 4672 698 4731 runt,
729 4681 789 4721 se
814 4669 964 4722 nulla
992 4667 1230 4726 Czesaris
1261 4682 1382 4728 acta
1423 4675 1774 4741 rescissuros,
1798 4693 1979 4748 neque
2000 4680 2123 4734 cui-

546 4771 711 4825 quam
759 4758 1059 4827 quidquam
1111 4762 1181 4817 ab
1232 4763 1330 4818 illo
1364 4765 1552 4819 datum
1591 4777 1902 4837 crcpturos.
1963 4769 2124 4837 Sedi-

549 4848 698 4901 tione
729 4848 834 4903 hoc
868 4850 1031 4907 modo
1065 4856 1396 4923 compOsita,
1450 4872 1558 4911 non
1597 4858 1751 4927 prius
1784 4873 1815 4913 ο
1849 4859 2124 4929 Capitolio

547 4940 974 5008 descenderunt,
1003 4960 1165 5014 quam
1200 4946 1371 5000 illium
1404 4947 1595 5017 Lepidi
1621 4959 1677 5004 ct
1713 4951 1935 5007 Antonii
1966 4954 2120 5010 obsi-

546 5029 649 5084 des
677 5032 1039 5101 accepissent.
1072 5036 1284 5093 Deinde
1330 5054 1455 5093 cum
1496 5041 1639 5095 lecto
1670 5041 1903 5099 Caesaris
1951 5055 2119 5102 testa-

550 5130 743 5177 mento
813 5126 1053 5196 populus
1118 5131 1512 5199 cognovisset,
1570 5131 1858 5189 Octavium
1922 5136 1996 5191 ab
2052 5154 2121 5194 eo

549 5213 865 5284 adoptatum
898 5226 1041 5285 esse,
1075 5231 1132 5276 et
1163 5221 1480 5291 reipublicae
1509 5238 1758 5289 munera,
1810 5235 1867 5281 et
1903 5228 2114 5286 viritim

2219 4510 2381 4579 τηταί
2409 4524 2487 4573 τι,
2514 4506 2860 4577 παρόψεσθαι
2900 4505 3084 4570 τοῦτο,
3112 4506 3202 4560 ἵνα
3231 4507 3307 4579 μὴ
3359 4508 3626 4577 ἐμφύλιος
3652 4507 3810 4575 αὖθις

2218 4599 2449 4669 γένηται
2485 4596 2721 4666 πόλεμος
2766 4597 2861 4650 καὶ
2899 4595 3010 4649 τῶν
3045 4596 3279 4668 πολιτῶν
3309 4597 3534 4669 ὄλεθρος
3582 4602 3680 4655 ὑπ’
3708 4603 3805 4656 ἁλ-

2222 4688 2403 4759 λήλων
2463 4687 2794 4757 ὀλλυμένων,
2823 4686 3123 4757 ὁμονοῆσαι
3184 4687 3241 4741 δὲ
3290 4688 3601 4761 ὁμοφύλους
3645 4691 3811 4756 ὄντας

2227 4782 2322 4834 καὶ
2356 4782 2662 4849 συγγενεῖς.
2692 4779 2801 4832 Kal
2831 4778 3129 4850 προσέθετο
3166 4779 3278 4833 δεῖν
3306 4782 3499 4849 καὶτὰ
3528 4788 3686 4853 παρα
3716 4785 3810 4838 τοῦ

2228 4872 2509 4943 Καίσαρος
2569 4871 2881 4942 πραχθέντα
2909 4870 3021 4925 εἴτε
3055 4873 3112 4924 ἐν
3149 4873 3381 4943 δωρεαῖς
3412 4873 3447 4946 ἢ
3480 4877 3672 4944 τιμαῖς
3702 4870 3812 4928 εἶεν

2230 4964 2261 5033 ἢ
2287 4965 2344 5017 ἐν
2371 4965 2564 5035 ἀρχαῖς
2614 4965 2865 5032 φυλάξαι,
2891 4963 2986 5017 καὶ
3012 4966 3087 5035 μή
3113 4984 3165 5019 τι
3191 4965 3395 5021 τούτων
3419 4967 3812 5039 πολυπραγμο·

2228 5057 2391 5125 νησαι
2449 5055 2481 5125 ἣ
2534 5056 2858 5127 ἀνατρέψαι.
2901 5057 3223 5121 Πεισθέντες
3272 5056 3366 5111 οὖν
3411 5058 3564 5131 αὐτῷ
3622 5058 3810 5128 μηδενὶ

2233 5144 2598 5214 μνησικακεῖν
2652 5144 3008 5215 ἐψηφίσαντο.
3066 5147 3179 5200 Καὶ
3231 5148 3280 5201 οἱ
3338 5149 3659 5218 σφαγεῖςδέ
3700 5151 3811 5210 τοῖς

2228 5231 2587 5303 στρατιώταις
2642 5234 2959 5303 ὁμιλοῦντες
3009 5236 3073 5290 ἐκ
3110 5236 3203 5291 τοῦ
3244 5240 3605 5295 Καπιτωλίου
3644 5241 3809 5313 μηδὲν

1695 5339 1900 5404 Varia;
1941 5343 2251 5409 lectiones
2295 5355 2355 5409 et
2403 5356 2594 5409 nota).

623 5448 702 5517 (7|
718 5453 747 5531 ).
771 5450 901 5532 Tim
919 5453 1115 5532 τύχην
1167 5453 1354 5532 ηιξτοῦ
1380 5457 1655 5532 (inferat.
1716 5461 1821 5516 Per
1848 5463 2121 5532 fortunam

550 5521 800 5605 (ᾔθεοι-ἥδ.
835 5520 1068 5605 ξνοΙίίιιε
1098 5525 1260 5579 vertit
1292 5544 1313 5605 ι·
1363 5520 1560 5605 melius
1592 5530 1731 5586 forte
1764 5520 1858 5598 per"
1891 5520 2128 5605 genium,

553 5591 621 5669 de
670 5605 779 5669 qua
837 5592 1076 5669 formula
1124 5596 1499 5669 consulendus
1560 5617 1670 5669 [me
1703 5591 1917 5657 caeteris
1963 5591 2121 5662 Joan:

557 5657 712 5727 Bapt'.
737 5661 1116 5718 llanscniusin
1144 5666 1242 5721 lib.
1282 5668 1359 5720 De
1393 5657 1777 5741 jurejurando,
1811 5692 1928 5739 cap.
1966 5657 2049 5733 l3.

2303 5467 2415 5534 (Ἱέ)
2448 5466 2549 5520 Διά
2596 5485 2659 5522 τε
2702 5469 2891 5523 αὐτόν
2952 5472 3229 5529 Ἰούλιον.
3264 5475 3355 5533 Sic
3401 5493 3534 5536 mss.
3577 5481 3808 5536 Wolfius

2234 5535 2526 5607 legendum
2567 5549 2775 5601 censet,
2809 5541 2898 5593 διά
2923 5558 2981 5594 τε
3017 5545 3180 5596 αὑτὸν
3228 5547 3319 5599 τὸν
3351 5550 3688 5604 Κουϊντίλιον
3718 5558 3806 5604 τον

2238 5611 2382 5676 μῆνα
2417 5609 2637 5661 Ἰούλιον
2666 5611 3142 5681 προσηγόρευσαν.
3168 5616 3346 5685 Atque
3380 5620 3450 5674 ita
3479 5629 3660 5677 vertit.

2257 5789 2285 5805 ά.
