3890 6196
249 261 348 325 869

1525 273 1926 334 ANNAIJUM
1968 273 2112 333 LIB.
2153 275 2225 334 X.

3371 276 3489 342 870

252 371 643 443 ρυκεύσασθαιο
709 372 803 426 καὶ
843 373 1060 444 πρῶτον
1121 376 1223 446 μὲν
1275 376 1366 430 διὰ
1415 377 1524 429 τῶν
1575 375 1811 445 ἑταίρων

1923 373 2227 443 transfugas
2253 374 2435 430 nullus
2465 375 2868 444 suscipiendos,
2915 378 3074 432 classi
3105 380 3289 437 nullas
3312 398 3492 440 rnaves

251 462 390 532 αὐτῷ
435 462 816 534 διελέχθησαν,
879 465 1072 528 ἔπειτα
1126 467 1218 522 καὶ
1277 468 1434 520 αὐτοὶ
1506 468 1564 527 ἐς
1619 465 1810 534 λόγους

246 548 418 630 ἦλθον,
472 555 565 607 καὶ
623 556 948 610 ἐσπείσαντο
998 559 1094 610 ἐπὶ
1141 559 1462 629 συνθήκαις,
1490 557 1633 611 ὥστε
1681 559 1812 613 τοὺς

247 646 718 717 αὐτομολήσαντας
765 649 875 700 τῶν
909 648 1111 702 δούλων
1161 650 1480 718 ἐλευθέρους
1523 645 1686 713 εἶναι,
1721 649 1814 701 καὶ

246 739 368 798 τοὺς
417 737 754 800 ἐκπεσόντας
785 738 926 808 πλὴν
956 740 1065 790 τῶν
1092 741 1347 807 σφαγέων
1372 740 1672 803 κατελθεῖν,
1722 738 1813 792 καί

245 845 378 880 τισιν
431 829 611 881 αὐτῶν
671 829 982 899 δημαρχίας
1037 847 1098 882 τε
1153 831 1248 882 καὶ
1297 830 1665 899 στρατηγίας.
1718 831 1814 882 καὶ

244 919 534 987 ίερωσύνας
596 921 760 983 εὐθὺς
808 921 1058 991 δοθῆναι.
1121 923 1295 976 Αὐτὸν
1353 922 1410 974 δὲ
1473 924 1564 974 τὸν
1611 921 1811 986 Σέξτον

241 1011 446 1068 ὕπατόν
494 1029 552 1064 τε
586 1013 874 1081 αἱρεθῆναι
926 1016 1020 1066 καὶ
1073 1013 1356 1083 οἰωνιστὴν
1400 1014 1813 1084 ἀποδειχθῆναι,

238 1106 342 1155 κάκ
368 1107 466 1174 τῆς
503 1105 762 1174 πατρῴας
789 1105 977 1167 οὐσίας
1012 1106 1186 1176 χιλίας
1221 1107 1579 1166 πεντακοσίας
1614 1107 1812 1176 πεντή-

237 1212 397 1246 κοντα
431 1197 698 1264 μυριάδας
731 1197 995 1266 δραχμῶν
1029 1197 1383 1266 κομίσασθαι,
1433 1198 1528 1249 καὶ
1555 1195 1810 1258 Σικελίας

234 1291 332 1342 καὶ
384 1289 624 1358 Σαρδοῦς
656 1289 842 1358 τῆςτε
888 1290 1111 1359 ’Δχαῖας
1154 1291 1246 1341 ἐπὶ
1292 1290 1453 1342 πέντε
1501 1288 1595 1354 ἐτη
1625 1286 1810 1356 ἄρξαι,

236 1383 314 1449 μὴ
346 1383 683 1450 αὐυμόλους
737 1381 1050 1451 δεχόμενον,
1100 1381 1174 1452 μὴ
1231 1381 1360 1444 ναῦς
1413 1377 1810 1450 ὲπικτὼμενον,

235 1473 461 1540 μήτινα
515 1473 574 1524 ἐν
611 1475 679 1542 τῇ
729 1471 930 1542 Ἰταλίᾳ
962 1471 1157 1540 ἔχοντα
1197 1470 1433 1542 φρούρια
1463 1487 1476 1500 ·
1528 1469 1665 1524 ἀλλὰ
1713 1470 1811 1540 τήν

230 1581 292 1623 τε
327 1567 553 1635 εἰρήνην
583 1562 683 1633 τὴν
711 1567 768 1616 ὲν
791 1566 857 1633 τῇ
896 1562 1145 1634 θαλάσσῃ
1176 1563 1318 1630 αὐτῇ
1365 1559 1802 1630 πρυτανεύοντα,

232 1658 332 1708 καὶ
384 1657 528 1709 σῖτον
579 1657 692 1720 τοῖς
741 1657 800 1710 ἐν
828 1657 896 1726 τῇ
938 1654 1091 1708 πόλει
1129 1655 1326 1706 τακτὸν
1352 1652 1662 1721 πέμποντα.
1696 1652 1807 1711 Τὰς

1917 466 2312 534 adjungeudas,
2364 468 2512 521 nulla
2561 468 2616 520 in
2668 469 2818 522 Italia
2869 471 3121 538 praesidia
3187 472 3487 530 habenda:

1914 558 2010 610 sed
2039 566 2095 611 et
2132 574 2278 612 mare
2317 560 2640 627 paeandum,
2672 569 2728 614 et
2767 572 2976 616 certum
3006 562 3267 619 frumenti
3294 580 3484 619 mune-

1915 664 2034 711 rum
2068 649 2120 701 in
2147 649 2336 703 urbem
2377 651 2704 715 mittendum
2731 668 2870 707 esse.
2901 653 3006 719 llas
3030 655 3380 711 conditiones
3410 666 3491 710 ta-

1913 739 2058 805 bulis
2109 741 2402 810 inscriptas
2454 743 2594 810 apud
2640 743 2886 800 Vestales
2931 745 3172 814 virgines
3223 746 3494 818 deposue-

1915 840 2062 894 runt,
2095 833 2478 901 porrectisque
2522 835 2766 889 dexteris
2803 837 2944 890 inter
2973 853 3031 896 se
3057 839 3289 901 osculati
3338 850 3489 894 sunt.

1913 921 2046 975 Inde
2071 924 2278 976 clamor
2304 923 2500 994 ingens
2534 936 2640 980 tam
2675 928 2728 980 in
2761 930 3080 988 continente
3111 945 3274 999 quam
3304 932 3357 984 in
3396 947 3494 984 na-

1913 1014 2072 1067 vibus
2106 1023 2191 1068 est
2226 1015 2497 1082 sublatus,
2550 1028 2610 1071 ut
2649 1031 2864 1074 montes
2904 1033 3249 1082 resonareut.
3297 1025 3488 1078 Postea

1915 1118 2039 1157 cum
2070 1104 2160 1158 alii
2200 1106 2451 1160 convivia
2499 1108 2643 1162 inter
2678 1123 2738 1162 se
2772 1110 3072 1177 agitavere,
3103 1120 3215 1163 tum
3246 1111 3320 1181 illi
3359 1112 3486 1181 ipsi,

1913 1213 1976 1251 ac
2000 1197 2236 1267 primum
2266 1198 2466 1254 Sextus
2495 1200 2547 1253 in
2586 1202 2732 1259 navi.
2781 1211 2966 1270 postea
3007 1201 3187 1257 Caesar
3218 1215 3274 1258 et
3309 1206 3487 1260 Anto-

1913 1289 2041 1344 nius
2083 1291 2138 1342 in
2189 1289 2397 1344 litt0re.
2445 1289 2550 1345 Ubi
2598 1307 2720 1344 cum
2767 1300 3064 1360 utrumque
3112 1293 3310 1348 Sextus
3360 1310 3485 1348 cum

1911 1385 2102 1452 paucis
2161 1382 2332 1437 Mena:
2379 1383 2561 1438 liberti
2626 1399 2792 1442 suasu
2852 1385 3107 1446 occidere
3179 1388 3489 1458 potuisset,

1911 1475 2025 1551 qui,
2057 1475 2100 1528 si
2136 1476 2333 1537 vellet,
2367 1491 2424 1530 se
2467 1476 2794 1529 rudentibus
2826 1478 3054 1531 resectis
3101 1478 3487 1548 navigaturum

1913 1561 2171 1617 diccbat:
2210 1564 2404 1627 uoluit,
2440 1565 2535 1618 sed
2572 1564 2739 1618 filiam
2782 1579 2932 1618 suam
2973 1565 3041 1618 Μ.
3084 1565 3337 1621 Marcello
3367 1568 3489 1622 Ca:-

1913 1653 2055 1706 saris
2087 1653 2424 1708 consobrino
2447 1655 2767 1724 despondit.

230 1753 366 1822 γοῦν
428 1753 706 1822 συνθήκας
777 1751 984 1814 ταύτας
1053 1749 1530 1820 συγγραψάμενοι,
1589 1749 1682 1799 καὶ
1739 1748 1806 1799 τὰ
1849 1751 2207 1818 γραμματεῖα
2242 1753 2357 1812 ταῖς
2395 1753 2623 1820 ἱερείαις
2652 1757 2769 1816 ταῖς
2834 1754 3220 1824 ἀειπαρθένοις
3247 1752 3493 1824 παραθέο

235 1863 412 1918 μενοι,
447 1845 627 1910 δεξιάς
654 1861 712 1897 τε
745 1845 932 1914 σφίσιν
961 1844 1150 1905 ιδοσαν
1180 1844 1277 1908 καὶ
1316 1842 1575 1912 ἀλλήλους
1611 1841 1877 1911 ἐφίλησαν
1902 1857 1918 1872 ο
1990 1844 2082 1895 καὶ
2115 1844 2207 1895 ἐπὶ
2269 1845 2480 1910 τούτοις
2531 1845 2767 1908 ἄπλετος
2810 1848 3018 1918 ἠγέρθη
3094 1848 3190 1918 βοὴ
3218 1851 3328 1902 κάκ
3396 1850 3490 1919 τῆς

228 1941 466 2010 ⁴ιζπιςίριω
503 1940 612 1991 κάκ
635 1938 743 1992 τῶν
771 1939 931 2003 νεῶν,
960 1937 1104 1990 ὥστε
1129 1939 1222 1999 καὶ
1249 1939 1318 1990 τὰ
1345 1938 1447 2007 δρη
1482 1936 1802 2004 συνηχῆσαι.
1845 1936 1998 1988 Μετὰ
2064 1937 2234 1991 ταῦτα
2269 1940 2454 2007 μέντοι
2485 1941 2538 1992 οἶ
2563 1957 2623 1992 τε
2653 1939 2804 1994 ἄλλοι
2834 1942 3160 2011 ὑπεδέχοντο
3221 1940 3490 2012 ἀλλήλους

229 2037 328 2093 καί
361 2031 700 2096 ἀνθειστίων,
734 2030 830 2084 καὶ
879 2030 1035 2083 αὐτοὶ
1085 2031 1310 2094 ἐκεῖνοι,
1343 2029 1608 2099 πρότερος
1646 2025 1746 2095 μὲν
1783 2028 1810 2078 6
1850 2026 2044 2105 Σέξτος
2087 2031 2144 2082 ὲν
2210 2034 2274 2100 τῇ
2344 2032 2456 2100 νηῒ,
2492 2033 2680 2088 ἔπειτα
2707 2031 2803 2086 καὶ
2840 2033 2868 2084 ὁ
2905 2033 3123 2102 Καῖσαρ
3148 2033 3176 2086 ὅ
3200 2050 3258 2086 τε
3295 2035 3491 2087 Ἀντώ-

229 2145 342 2190 νιος
367 2128 432 2201 ὲνΔ
453 2128 517 2196 τῇ
549 2123 784 2194 ἠπείρῳ.
813 2121 1072 2192 Δυνηθε“ις
1099 2123 1156 2174 δὲ
1183 2123 1210 2176 6
1240 2121 1433 2188 Σέξτος
1460 2120 1627 2189 ἄμφω
1646 2119 1704 2170 ὲν
1727 2117 1805 2201 τῷ
1849 2118 2046 2186 σκάφει
2113 2121 2210 2174 σὺν
2235 2122 2435 2191 ὀλίγοις
2461 2124 2620 2189 ὄντας
2661 2128 2906 2192 κτανεῖν,
2939 2127 3016 2189 ὡς
3056 2127 3150 2178 καὶ
3214 2125 3243 2178 ὁ
3275 2125 3488 2190 ὲξελεύ-

230 2220 390 2289 θερος
429 2216 579 2285 αύτῷ
603 2216 797 2285 Μηνᾶς
827 2212 1235 2281 συνεϐούλευσε,
1267 2213 1485 2283 Τεμεῖν,
1527 2210 1718 2270 εἰπὼν,
1757 2209 1804 2260 εί
1845 2208 2087 2278 βούλοιτο
2141 2214 2202 2265 τὸ
2251 2218 2616 2285 πρυμνήσιον,
2648 2219 2744 2270 καὶ
2791 2218 3160 2286 ἀποπλεῦσαι,
3200 2214 3302 2274 ὁύκ
3359 2220 3491 2288 ἠθέ-

225 2315 420 2381 λησεν,
479 2306 616 2363 ἀλλὰ
661 2307 754 2361 καὶ
799 2308 900 2377 τήν
967 2307 1246 2379 θυγατέρα
1315 2307 1531 2376 Μάρκῳ
1585 2300 1894 2373 Μαρκέλλῳ
1931 2304 2007 2374 τῷ
2057 2304 2152 2358 τοῦ
2207 2306 2485 2378 Καίσαρος
2534 2310 2802 2382 ἀδελφιδῷ
2847 2312 3172 2383 ἐνηγγύησε.
3211 2315 3318 2368 Καὶ
3349 2313 3492 2368 οὓτω

236 2405 338 2476 μὲν
369 2404 398 2454 6
429 2397 666 2471 πόλεμος
699 2397 1053 2470 ὰνεδέδλητο.

312 2492 438 2549 ΚΓ.
479 2493 571 2555 Ἐς
619 2491 718 2562 τὴν
773 2490 1000 2545 Ἐλλάδα
1057 2491 1113 2543 δὲ
1167 2493 1196 2544 6
1233 2489 1518 2551 Ἀντώνιος
1564 2488 1674 2556 ἀπὸ
1711 2488 1809 2558 τῆς

1981 2484 2173 2539 XXIII.
2230 2485 2308 2540 Eo
2341 2485 2486 2540 bello
2524 2487 2716 2550 dila'o,
2775 2479 3050 2544 Antonius
3095 2504 3160 2544 ex
3213 2490 3368 2544 Italia
3435 2493 3490 2547 in

241 2586 483 2646 Ἰταλίας
517 2580 832 2635 ἐπανελθὼν
862 2583 952 2634 ἐπὶ
971 2581 1224 2634 πλεῖστον
1253 2581 1310 2633 ὲν
1335 2579 1507 2649 ταύτῃ
1538 2577 1805 2647 διέτριψε,

232 2679 338 2741 τάς
377 2694 436 2729 τε
469 2674 766 2744 ἐπιθυμίας
795 2673 1186 2743 ἀποπιμπλὰς,
1223 2672 1436 2735 καὶτὰς
1489 2673 1674 2734 πόλεις
1707 2688 1810 2722 κα-

231 2771 373 2835 κῶν,
407 2769 482 2830 ὡς
507 2767 900 2821 ἀσθενέσταται
933 2766 1011 2836 τῷ
1063 2766 1244 2835 Σέξτῳ
1296 2763 1643 2833 παραδοθῶσι
1677 2779 1693 2794 ο
1720 2763 1812 2815 καλ⁴

229 2863 371 2916 ἄλλα
415 2861 474 2914 δὲ
503 2859 680 2913 πολλὰ
738 2858 1058 2929 ὲξεδιῃτήθη
1121 2856 1274 2926 παρὰ
1321 2858 1389 2909 τὰ
1445 2856 1684 2926 πάτρια·
1723 2855 1814 2908 καὶ

233 2955 497 3018 Διόνυσον
520 2953 640 3005 νέον
670 2952 860 3005 ἑαυτὸν
892 2950 1075 3003 ἐκάλει
1127 2952 1221 3002 καὶ
1264 2949 1417 3019 παρὰ
1474 2949 1579 3000 τῶν
1641 2947 1814 3002 ἄλλων

234 3042 608 3114 ὀνομάζεσθαι
638 3040 818 3110 ἤθελε.
867 3040 977 3094 Καὶ
1023 3037 1320 3108 Ἀθηναίων
1358 3037 1446 3088 διὰ
1483 3034 1658 3088 ταῦτα
1714 3039 1815 3102 τὴν

229 3137 478 3205 Ἀθηνᾶν
507 3132 656 3202 αύτῷ
683 3129 1180 3200 κατεγγυωμένων,
1209 3128 1466 3198 δέχεσθαί
1491 3143 1549 3180 τε
1597 3127 1689 3178 τὸν
1717 3125 1815 3192 γά-

233 3245 340 3298 μον
391 3226 522 3294 ἐφη,
578 3223 676 3276 καὶ
715 3225 917 3290 προῖκα
971 3221 1236 3290 μυριάδας
1295 3219 1489 3272 ἑκατὸν
1539 3217 1815 3288 ἐπράξατο

231 3315 370 3386 παρ’
395 3313 598 3367 αὐτῶν.
637 3313 904 3373 Κάκεῖνος
939 3309 1038 3379 μὲν
1069 3308 1198 3377 περὶ
1233 3307 1404 3360 ταῦτα
1439 3303 1574 3375 εἶχε,
1621 3307 1711 3359 τὸν
1759 3306 1815 3357 δὲ

230 3404 512 3461 Βεντίδιον
536 3405 626 3455 τὸν
681 3401 951 3454 Πούπλιον
979 3401 1056 3458 είς
1087 3397 1186 3469 τὴν
1221 3399 1405 3465 Ἀσίαν
1439 3396 1811 3466 προέπεμψεν,

228 3498 295 3559 ὃς
316 3495 397 3561 τῷ
427 3492 682 3564 Δαδιηνῷ
721 3491 1000 3561 συμμίξας
1039 3490 1178 3558 μετά
1219 3505 1280 3540 τε
1318 3489 1426 3540 τῶν
1476 3489 1606 3557 περὶ
1654 3485 1816 3547 αὐτὸν

245 3587 541 3657 Ῥωμαίων
557 3586 650 3639 καὶ
679 3584 786 3637 τῶν
816 3582 1046 3651 Πάρθων
1078 3579 1526 3650 παραταξαμένῳ
1549 3580 1814 3648 τρέπεται

235 3681 492 3740 τούτους.
545 3678 653 3730 Καὶ
691 3675 878 3727 πολλοὶ
927 3675 1025 3742 μὲν
1063 3674 1190 3724 τῶν
1249 3671 1477 3740 Πάρθων
1512 3671 1663 3738 παρὰ
1708 3668 1816 3720 τῶν

234 3768 519 3838 πολεμίων
544 3767 884 3835 ἐσφάγησαν,
905 3763 1124 3824 πλείους
1154 3763 1210 3816 δὲ
1252 3761 1344 3816 ὑπ’
1365 3761 1610 3832 ἀλλήλων
1641 3761 1816 3829 ἐφθά-

1919 2577 2181 2633 (ἰηεοὶοηι
2222 2592 2511 2641 reversus,
2565 2579 2724 2650 513
2781 2581 3106 2651 longissimo
3144 2589 3386 2650 tempore
3416 2581 3490 2636 Ibi

1918 2679 1971 2723 et
2001 2670 2162 2739 genio
2200 2669 2448 2734 indulsit,
2493 2671 2820 2737 etcivitates
2857 2671 3069 2738 afﬂixit,
3120 2681 3179 2726 ut
3215 2688 3376 2741 quam
3403 2672 3490 2727 in-

1922 2758 2248 2814 firmissimae
2326 2760 2491 2813 Sexto
2569 2762 2967 2816 traderentur:
3011 2771 3066 2816 et
3141 2775 3334 2833 praeter
3388 2765 3491 2819 alia

1924 2849 2092 2901 multa
2124 2864 2150 2900 a
2181 2847 2377 2916 patriis
2422 2849 2668 2904 moribus
2715 2850 3090 2916 abhorrentia,
3128 2867 3186 2907 se
3216 2853 3489 2923 Bacchum

1917 2939 2192 3008 juniorem
2219 2939 2560 3007 nominabat,
2595 2951 2651 2996 et
2683 2941 2753 2996 ab
2782 2942 2904 2997 aliis
2938 2944 3200 3013 appellari
3239 2945 3486 3014 jubebat.

1921 3032 2035 3092 Oua
2081 3031 2148 3085 de
2185 3046 2348 3086 causa
2379 3047 2503 3086 cum
2551 3034 2600 3088 ei
2643 3034 3009 3090 Athenienses
3044 3035 3344 3091 Minervam
3393 3037 3492 3092 de-

1921 3122 2289 3192 sponderent,
2336 3124 2588 3194 accipere
2637 3141 2696 3181 se
2727 3126 3098 3181 conditionem
3135 3129 3282 3183 illam
3317 3131 3486 3195 dixit,

1921 3214 2066 3268 etab
2097 3215 2178 3270 eis
2202 3216 2345 3270 dotis
2373 3219 2594 3273 nomine
2625 3219 2808 3275 decies
2840 3229 3069 3274 centena
3092 3221 3260 3275 millia
3291 3221 3490 3275 drach-

1923 3323 2138 3361 marum
2173 3309 2374 3379 exegit.
2398 3309 2496 3365 His
2525 3310 2690 3366 rebus
2725 3321 3044 3381 occupatus.
3079 3313 3136 3366 Ρ.
3170 3313 3486 3368 Ventidium

1923 3398 1977 3451 in
2015 3397 2197 3453 Asiam
2227 3400 2486 3468 praemisit
2516 3417 2530 3452 :
2572 3401 2663 3469 qui
2705 3401 2930 3455 Labieni
2969 3404 3240 3456 Romanas
3271 3413 3324 3455 et
3357 3406 3486 3457 Par—

1925 3489 2098 3544 thicas
2137 3490 2322 3558 copias
2353 3491 2469 3544 acie
2499 3491 2628 3545 vicit
2659 3504 2672 3547 :
2704 3507 2766 3544 ac
2791 3493 2976 3546 Parthi
3013 3493 3169 3546 multi
3209 3494 3276 3546 ab
3313 3494 3383 3545 hu
3420 3495 3489 3548 ti-

1926 3581 2024 3635 bus
2062 3582 2184 3635 caesi
2231 3591 2382 3641 sunt.
2433 3583 2614 3650 plures
2648 3599 2675 3635 a
2710 3599 2768 3637 se
2801 3585 3033 3638 invicem
3082 3587 3134 3636 in
3188 3589 3307 3653 fuga
3358 3602 3493 3638 con-

1924 3669 2159 3729 culcati,
2226 3671 2423 3739 reliqui
2479 3673 2533 3724 in
2595 3672 2842 3727 Ciliciam
2910 3675 3184 3744 fugerunt.
3252 3676 3492 3729 Labieno

1925 3759 2174 3828 praelium
2234 3761 2702 3830 redintegratur-0,
2760 3778 2882 3816 cum
2945 3763 3234 3819 Ventidius
3290 3767 3492 3836 milites

233 3879 416 3933 ρησαν
479 3860 537 3912 ὲν
570 3861 634 3929 τῇ
669 3859 816 3927 φυγῇ
874 3854 1350 3925 συμπατούμενοι,
1383 3855 1436 3908 οἰ
1481 3871 1540 3906 τε
1581 3855 1815 3924 περιλει-

1923 3853 2044 3920 cjus
2077 3851 2150 3904 ob
2197 3850 2380 3921 fugam
2434 3851 2795 3906 barbarorum
2845 3854 3025 3910 minus
3057 3855 3283 3922 alacres,
3328 3867 3490 3927 noctu

233 3955 470 4025 φθέντες
500 3955 582 4015 είς
609 3952 865 4004 Κιλικίαν
898 3950 1120 4017 έφυγον.
1169 3949 1228 4000 '0
1255 3947 1526 4018 Λαϐιηνὸς
1563 3947 1621 4000 δὲ
1663 3946 1818 4009 αὖθις

234 4044 577 4118 ήτοιμάζετο
608 4043 760 4113 ἥξειν
794 4043 851 4104 ἐς
875 4044 1073 4111 χεῖρας
1094 4041 1263 4109 αὐτῷ.
1305 4039 1369 4091 Ui.
1403 4039 1458 4091 δὲ
1486 4039 1819 4108 στρατιῶται

233 4133 582 4202 ἀθυμοῦντες
616 4131 702 4192 διὰ
735 4131 834 4200 τήν
863 4129 972 4182 τῶν
1017 4128 1318 4200 βαρϐάρων
1349 4128 1547 4196 φυγὴν,
1579 4126 1790 4196 ἁποδρᾶ

231 4243 324 4278 ναι
359 4223 552 4285 νυκτὸς
599 4219 985 4290 ἐπεχείρησαν.
1038 4220 1150 4273 Καὶ
1210 4218 1366 4270 τοῦ.ο
1426 4215 1485 4280 ἐξ
1520 4216 1817 4286 αύτομόλῖυ

233 4320 460 4396 γνοὺςδ
490 4316 782 4380 Βεντίδιος,
827 4314 1054 4375 πολλοὺς
1089 4313 1187 4382 μὲν
1241 4313 1300 4391 ἐν
1349 4313 1416 4381 τῇ
1468 4311 1818 4380 ἀποχωρήσει

232 4415 482 4484 λοχήσας
510 4408 822 4473 ἀπέκτεινε,
854 4407 981 4469 τοὺς
1004 4407 1060 4459 δὲ
1086 4404 1308 4468 λοιποὺς
1339 4406 1415 4468 εἰς
1450 4404 1642 4456 ἑαυτὸν
1689 4405 1818 4458 ὲκε-

236 4505 530 4560 σπὰσατο·
569 4500 774 4560 ἐκεῖνος
810 4496 866 4560 δὲ
891 4496 1013 4547 τότε
1049 4495 1146 4564 μὲν
1201 4491 1485 4561 διέφυγεν,
1515 4490 1819 4560 ὕστερονδὲ

234 4599 348 4652 ὑπὸ
379 4595 476 4648 τοῦ
509 4593 824 4662 Δημητρίου
860 4592 1021 4653 ἑάλω,
1053 4590 1112 4653 δς
1143 4589 1236 4642 τοῦ
1276 4592 1546 4659 προτέρου
1607 4589 1818 4639 Καίσα-

236 4707 337 4760 ρος
380 4685 726 4754 ἐξελεύθερος
765 4683 862 4749 ὢν,
902 4683 1023 4734 τότε
1053 4682 1204 4750 παρὰ
1258 4681 1352 4734 τοῦ
1395 4681 1686 4732 Ἀντωνίου
1745 4679 1822 4740 εἰς

237 4779 479 4844 Κύπρον
512 4773 842 4827 ἀπέσταλτο.
871 4771 1139 4832 Βεντίδιος
1167 4769 1224 4822 δὲ
1247 4769 1345 4839 τὴν
1385 4769 1638 4821 Κιλικίαν
1699 4768 1822 4817 ἐκο-

241 4870 451 4940 μίσατο
487 4869 578 4920 καὶ
625 4867 835 4920 Σίλωνα
887 4863 1004 4935 μεθ’
1057 4863 1268 4914 ἱππέων
1315 4863 1395 4924 είς
1458 4860 1550 4912 τὸν
1590 4857 1822 4927 Ἀμανὸν

235 4960 609 5035 προέπεμψεν
647 4959 792 5029 (ὅρος
817 4956 873 5008 δὲ
900 4952 1058 5018 τοῦτό
1085 4954 1235 5016 ἐστιν
1265 4955 1324 5005 ὲν
1357 4950 1596 5029 μεθορίῳ
1631 4949 1816 5018 κείμεο

241 5073 340 5108 νον
382 5051 584 5122 Συρίας
615 5051 710 5104 καὶ
737 5047 1011 5115 Κιλικίας,
1057 5045 1254 5116 κομιδῆ
1307 5045 1501 5113 στενὴν
1563 5041 1686 5112 ἕχον
1729 5041 1825 5111 τὴν

239 5147 482 5214 δίοδον),
509 5142 638 5196 ἔνθα
661 5142 756 5198 καὶ
785 5139 1159 5194 ἐκινδύνευσεν
1177 5138 1244 5191 ἂν
1276 5137 1378 5189 ὑπὸ
1404 5135 1512 5188 τῶν
1541 5135 1688 5202 παρὰ
1731 5133 1824 5185 τοῦ

1926 3943 2185 4012 aufugere
2225 3945 2364 3998 velle
2418 3960 2482 3999 ex
2525 3943 2802 4012 transfuga
2843 3949 3229 4016 cognovisset,
3288 3949 3492 4018 multos

1926 4033 1980 4087 in
2015 4035 2260 4090 discessu
2293 4050 2392 4104 per
2423 4036 2649 4091 insidias
2690 4045 2949 4105 exceptos
2994 4038 3227 4104 occidit,
3264 4049 3494 4112 ceteros
3595 4103 3602 4109 _

1925 4124 1992 4179 ad
2032 4141 2090 4180 se
2136 4127 2394 4181 attraxit:
2440 4142 2504 4181 ac
2540 4137 2652 4182 tum
2699 4128 2920 4197 quidem
2974 4130 3250 4188 Labienus
3294 4133 3492 4196 evasit,

1927 4217 2019 4272 sed
2052 4226 2173 4286 post
2207 4235 2237 4272 a
2274 4219 2547 4274 Demetrio
2587 4219 2821 4276 Cmsaris
2861 4222 3033 4290 patris
3067 4223 3289 4289 liberto,
3323 4239 3490 4298 queui

1929 4319 2042 4362 tum
2111 4309 2381 4364 Antonius
2439 4311 2492 4364 in
2539 4311 2776 4383 Cyprum
2844 4313 3086 4378 miserat,
3133 4325 3327 4384 captus
3387 4327 3490 4393 est,

1929 4399 2214 4454 Ventidius
2238 4400 2426 4455 Cilicia
2461 4411 2682 4471 recepta
2705 4441 2717 4465 ,
2762 4401 3006 4457 Silonem
3048 4419 3172 4458 cum
3212 4405 3495 4477 equitibus

1928 4491 1994 4545 ad
2043 4492 2308 4553 Amanum
2336 4494 2622 4561 praemisit,
2650 4501 2888 4548 montem
2931 4495 2984 4548 in
3010 4495 3249 4550 confinio
3289 4497 3495 4568 Ciliciae

1929 4593 1985 4637 et
2017 4583 2186 4653 Syriae
2218 4584 2407 4651 situm,
2440 4585 2596 4654 cujus
2636 4586 2954 4656 perangusti
2991 4597 3122 4641 sunt
3158 4587 3360 4641 aditus.
3392 4588 3495 4665 Ubi

1927 4675 2228 4730 discrimen
2258 4676 2486 4730 adiisset
2516 4692 2545 4728 a
2576 4677 2792 4730 Parthis
2822 4692 2959 4746 quos
2989 4679 3230 4733 Pacorus
3255 4679 3494 4755 praesidii

1930 4779 2090 4835 causa
2155 4762 2226 4816 ibi
2281 4764 2610 4832 reliquerat,
2659 4766 2762 4819 nisi
2801 4766 2851 4819 ei
2900 4767 3161 4835 pugnanti
3214 4766 3498 4833 Ventidius

1931 4855 2155 4910 fortuito
2195 4866 2526 4924 superventu
2575 4871 2734 4924 opem
2777 4857 3008 4911 tulisset.
3064 4855 3154 4912 Sic
3196 4858 3358 4911 etiam
3401 4858 3496 4927 Sy-_

1932 4949 2066 5001 riam
2118 4947 2346 5016 recepit,
2395 4958 2594 5018 praeter
2648 4948 2903 5005 Aradios.
2951 4949 3162 5004 Deinde
3213 4951 3494 5016 Palaestina

1933 5054 2151 5108 quoque
2196 5041 2400 5108 potitus
2426 5050 2530 5094 est.
2572 5040 2748 5110 Appio
2780 5040 3010 5096 Claudio
3039 5052 3094 5096 et
3126 5041 3188 5097 C.
3236 5043 3495 5113 Norbano

1933 5130 2250 5184 consulibus
2280 5131 2594 5196 multitudo,
2647 5134 3068 5201 publicanorum
3117 5135 3497 5188 exactionibus

236 5194 900 5304 Edistipduitstaypévwv
943 5227 1235 5295 φυλάττειν
1253 5224 1405 5288 αὐτὸ,
1434 5225 1482 5276 εί
1542 5194 1636 5293 μή.
1684 5223 1815 5275 κατά

1933 5230 2180 5284 onerata,
2213 5237 2308 5290 per
2335 5222 2664 5277 seditionem
2697 5241 2819 5279 cum
2851 5225 2962 5291 eis,
3005 5226 3274 5279 ministris
3315 5232 3367 5277 et
3401 5222 3496 5274 mi-

234 5325 427 5396 τύχην
465 5325 494 5376 6
530 5323 794 5387 Βεντίδιος
842 5319 1132 5393 μαχομένῳ
1172 5317 1322 5385 αύτῷ
1382 5318 1608 5378 ἐπιστὰς
1665 5315 1826 5384 ἐϐοή-

235 5417 410 5486 θησε.
444 5415 554 5470 Καὶ
576 5414 717 5468 οὕτω
749 5415 850 5486 τήν
907 5431 965 5467 τε
999 5412 1198 5483 Συρίαν
1224 5409 1387 5480 πλὴν
1426 5409 1534 5462 τῶν
1560 5405 1826 5477 Ἀραδίων

233 5507 591 5576 παρέλαϐεν,
630 5501 750 5559 εἶτα
804 5506 900 5558 καὶ
954 5504 1053 5574 τὴν
1109 5500 1476 5571 Παλαιστίνην
1538 5499 1825 5568 κατέσχεν.

234 5599 493 5654 ’Δππίου
523 5599 580 5652 δὲ
614 5598 877 5650 Κλαυδίου
918 5597 1013 5650 καὶ
1060 5596 1221 5649 Γαΐου
1255 5592 1536 5664 Νορϐανοῦ
1585 5591 1826 5643 ὑπατευ-

231 5695 428 5747 όντων
460 5693 524 5744 τδ
552 5691 753 5761 πλῆθος
808 5691 942 5762 πρὸς
970 5689 1098 5753 τοὺς
1145 5689 1387 5748 τελώνας
1462 5685 1830 5754 βαρυνόμενον

1934 5312 2124 5367 litibus
2153 5327 2364 5378 eorum,
2407 5316 2757 5384 vectigalium
2799 5318 3187 5388 exigendorum
3233 5313 3496 5383 adjutori-

1937 5404 2040 5458 bus
2086 5402 2384 5458 dimicavit.
2431 5404 2613 5460 Cresar
2649 5407 2880 5473 Liviam,
2923 5408 3060 5462 Livii
3105 5405 3260 5460 Drusi
3306 5403 3494 5470 tiliam,

1934 5494 2028 5562 qui
2081 5502 2202 5561 post
2237 5507 2471 5562 pugnam
2513 5494 2876 5563 Philippicam
2911 5495 3012 5547 sibi
3055 5506 3248 5545 manus
3297 5489 3496 5542 attule-

1933 5595 2040 5651 rat,
2084 5583 2286 5638 Neroni
2332 5591 2580 5651 nuptam,
2611 5599 2833 5638 uxorem
2870 5583 3042 5636 duxit.
3083 5581 3212 5645 Quae
3259 5593 3383 5631 cum
3433 5593 3496 5632 ex

1933 5677 2118 5748 priore
2155 5672 2349 5727 marito
2389 5675 2724 5743 scxtumj-tm
2762 5686 3003 5727 mensem
3027 5673 3194 5724 ferret
3247 5677 3497 5743 uterum,
