3890 6196
221 241 322 306 873
1523 243 1775 307 ANNAL

1881 246 1937 306 Μ
1981 247 2128 307 LIB.
2184 251 2255 309 X.
2782 308 2783 311 η
3379 258 3486 321 8ῗ4

221 355 339 420 σίας
365 352 600 426 ήπείρου
632 353 732 424 τὴν
756 353 1008 424 φυλακὴν
1058 354 1326 409 ποιεῖσθαι
1348 355 1668 426 ἀγαπητῶς.
1730 355 1788 408 '0
1827 357 2022 423 Σέξτος
2077 359 2124 415 δ’
2185 359 2268 414 ἐτι
2306 361 2509 430 μᾶλλον
2539 363 2705 434 ήρθη,
2743 367 2836 420 καί
2864 367 3027 430 αὐτὸς
3061 368 3162 437 μὲν
3205 369 3306 440 τὴν
3335 371 3481 425 Ὶταο

215 447 332 504 λίαν
357 448 580 511 ἐκάκου,
618 449 698 510 είς
733 445 790 500 δὲ
841 445 942 517 τὴν
984 446 1194 518 Λιϐύην
1232 447 1326 501 τὸν
1387 447 1796 518 Ἀπολλοφάνην
1837 450 2152 508 ἀπέστειλε.
2228 454 2448 524 Καῖσαρ
2483 454 2670 525 μέντοι
2726 458 2889 514 πλοῖά
2919 475 2982 512 τε
3027 461 3200 514 πολλὰ
3237 464 3485 535 ἐναυπήά

223 558 330 611 γει,
361 539 457 594 καὶ
483 541 680 611 ἐρέτας
721 539 871 608 παρά
899 556 962 592 τε
1015 539 1126 594 τῶν
1181 539 1486 610 βουλευτῶν
1516 540 1611 594 καὶ
1659 540 1770 594 τῶν
1806 541 2017 596 ίππέων
2048 544 2142 597 καὶ
2171 544 2280 596 τῶν
2299 545 2552 614 δημοτῶν
2584 549 2897 618 συνέλεγεν.
2943 550 3205 616 Ὁπλίτας
3253 571 3313 608 τε
3346 573 3484 609 κατ-

211 639 429 708 ελέγετο
494 637 590 690 καὶ
631 635 892 706 χρήματα
925 637 1268 708 πανταχόθεν
1346 636 1689 708 συνήθροιζε·
1737 637 1830 700 καὶ
1869 637 2032 702 αὐτὸς
2059 638 2161 708 μὲν
2200 641 2267 694 τά
2297 657 2355 693 τε
2394 641 2454 694 ἐν
2485 645 2551 713 τῇ
2601 645 2803 718 Ἰταλίᾳ
2851 647 2945 702 καὶ
2990 651 3058 720 τῇ
3100 649 3336 722 Γαλατίᾳ
3378 652 3491 708 διε⁴

210 751 390 800 ταττε,
416 732 495 801 τῷ
525 731 584 784 δέ
609 729 892 802 ’Δγρίππᾳ
921 731 1021 802 τὴν
1043 729 1138 783 τοῦ
1181 731 1440 785 ναυτικοῦ
1500 731 1854 801 παρασκευήν
1897 731 2241 802 ἐγχειρίσας,
2277 736 2574 805 ἐκπονῆσαι
2628 739 2725 791 καὶ
2772 739 3075 810 ἐξασκῆσαι
3138 743 3301 796 τοῦτο
3348 747 3478 800 ἐκέ-

209 829 389 883 λευσε.
429 828 542 882 Καὶ
558 826 618 890 ὃς
657 824 758 885 τάς
778 841 839 876 τε
865 823 999 888 ναῦς
1033 824 1128 878 καὶ
1157 825 1287 888 τοὺς
1313 823 1504 894 ἐρέτας
1538 825 1789 894 ἤθροισε,
1833 823 1927 877 καὶ
1989 823 2088 888 ea;
2121 824 2222 894 μὲν
2263 828 2634 900 κατέφραττε,
2666 835 2794 894 τοὺς
2845 833 2889 886 δ’
2909 834 2996 886 ἐπ’
3025 836 3215 908 ἰκρίων
3237 837 3481 908 ἐρέττειν

206 924 388 994 ήσκει.
430 921 494 973 Ol
536 918 582 971 δ’
603 919 661 972 ἐν
697 920 764 989 τῇ
812 915 1003 988 Ῥώμῃ
1025 917 1389 987 ἐταράττοντο
1421 915 1521 986 μὲν
1559 915 1655 968 καὶ
1679 917 1804 979 ταῖς
1841 915 1952 970 τῶν
1979 918 2264 988 ἀρχόντων
2330 921 2466 992 πρὸς
2528 923 2794 996 ἀλλήλους
2830 927 3106 994 στάσεσιν,
3136 929 3396 1000 ἒθραττον
3419 932 3478 985 δὲ

206 1017 404 1081 αὐτοὺς
449 1017 544 1069 καὶ
574 1016 781 1086 σημεῖα
836 1012 972 1068 ἄλλα
1021 1028 1083 1065 τε
1141 1013 1237 1065 καὶ
1299 1012 1382 1064 ὅτι
1432 1010 1630 1080 λευκὴν
1678 1011 1833 1081 ὄρνιν
1871 1012 2103 1066 κλωνίον
2130 1015 2341 1086 δάφνης
2361 1017 2646 1087 ἐγκάρπου
2687 1021 2962 1092 φέρουσαν
2995 1025 3153 1088 ἀετὸς
3219 1027 3481 1098 ἁρπάσας

205 1113 280 1172 είς
303 1107 404 1162 τὸν
442 1106 643 1160 κόλπον
709 1105 813 1174 τῆς
863 1103 1060 1166 Λιϐίας
1116 1102 1392 1156 ἐνέϐαλεν·
1451 1101 1480 1153 ὃ
1519 1101 1583 1154 ού
1665 1099 1863 1172 μικρὸν
1899 1106 2132 1173 σημεῖον
2197 1106 2397 1161 ἐδόκει.
2438 1109 2503 1162 Ἦ
2547 1110 2604 1163 δὲ
2642 1112 2741 1180 τῆς
2779 1128 2838 1164 τε
2899 1113 3113 1182 ὄρνιθος
3158 1116 3480 1188 ἐπεμελήθη

204 1203 292 1257 καὶ
311 1203 416 1272 τὴν
439 1200 647 1269 δάφνην
671 1195 960 1266 ἐφύτευσε,
992 1196 1088 1249 καὶ
1117 1196 1148 1265 ή
1175 1195 1273 1265 μέν
1303 1194 1600 1264 ῥιζωθεῖσα
1626 1192 1890 1263 ηῦξησεν,
1930 1196 1962 1265 ή
2029 1196 2088 1250 δὲ
2155 1199 2319 1253 Λιϐία
2373 1199 2831 1268 ἐγκολπὼσασθαι
2897 1204 2994 1275 τὴν
3047 1206 3142 1259 τοῦ
3197 1208 3486 1280 Κάπρος

205 1293 380 1366 ἰσχὺν,
410 1292 507 1346 καὶ
549 1293 608 1345 ἐν
637 1291 804 1344 πᾶσιν
834 1287 1004 1344 αὐτοῦ
1031 1289 1329 1360 κρατήσειν
1365 1286 1613 1357 ἔμελλεν.

264 1409 401 1465 KA'.
426 1407 518 1460 Ἑν
543 1405 600 1459 δέ
626 1403 802 1476 τούτῳ
833 1403 911 1474 τῷ
939 1403 1117 1475 χρόνῳ
1149 1399 1284 1475 ἦλθε
1318 1403 1416 1474 μὲν
1445 1405 1473 1457 δ
1505 1401 1768 1456 Ἀντώνιο

1976 1402 2166 1459 XXIV.
2206 1405 2424 1461 Interea
2470 1409 2732 1477 temporis
2778 1408 3047 1464 Antonius
3100 1427 3167 1464 ex
3221 1411 3373 1483 Syria
3429 1414 3484 1469 in

199 1505 258 1556 ἐκ
283 1500 388 1571 τῆς
417 1497 618 1570 Συρίας
640 1497 720 1550 είς
747 1495 1004 1560 Ἰταλίαν,
1057 1495 1133 1559 ὡς
1175 1496 1253 1561 τῷ
1289 1494 1533 1564 Καίσαρι
1593 1494 1683 1548 διά
1727 1494 1775 1547 τε

1899 1493 2110 1548 Italiam
2152 1497 2435 1566 profectus
2458 1541 2472 1564 ,
2524 1510 2583 1553 ut
2619 1499 2819 1556 Caesari
2852 1517 3045 1572 parum
3090 1503 3326 1558 feliciter
3359 1523 3484 1561 cum

201 1591 592 1664 συμϐεϐηκότα
638 1587 787 1656 αὑτῷ
829 1587 925 1641 τοῦ
976 1587 1116 1659 πρδς
1176 1587 1269 1639 τὸν
1309 1585 1504 1651 Σέξτον
1551 1586 1775 1657 μεθέξωπ

1899 1581 2063 1638 Sexto
2093 1583 2440 1655 belligeranti
2465 1604 2624 1658 opem
2657 1590 2846 1656 ferret,
2870 1607 2981 1645 non
3013 1595 3352 1663 permansit:
3386 1597 3483 1651 sed

197 1683 464 1755 πολέμου,
493 1679 555 1734 οὐ
588 1679 774 1751 μέντοι
798 1678 1140 1750 παρέμεινεν
1160 1694 1174 1710 ο
1217 1678 1355 1732 ἀλλὰ
1383 1675 1520 1742 ναῦς
1546 1678 1668 1742 δοὺς
1699 1679 1796 1731 αύ-

193 1779 268 1847 τῷ
299 1779 399 1832 καὶ
430 1775 626 1846 ἐτέρας
649 1773 889 1844 πέμψειν
914 1772 1414 1843 ἐπαγγειλάμενος,
1447 1771 1792 1840 στρατιώτας

193 1869 548 1938 ἀντείληφεν.
582 1865 841 1928 Αὐτὸς.δέ
866 1865 942 1928 ὼς
983 1865 1079 1918 ἐπὶ
1133 1866 1385 1935 Πάρθους
1441 1862 1790 1936 στρατεύσων

193 1959 402 2030 ἀπῆρε.
458 1957 595 2029 Πρὶν
635 1956 692 2009 δὲ
721 1955 947 2009 ἀπιέναι
970 1956 1132 2008 αύτδν
1161 1956 1458 2026 ᾐτιάσαντο
1495 1956 1786 2026 ἀλλήλους’

193 2049 311 2108 εἶτα
336 2053 434 2105 καὶ
455 2050 851 2122 διηλλάγησαν,
901 2052 998 2120 τῆς
1040 2049 1337 2113 Ὀκταϐίας
1361 2051 1460 2114 τὰς
1491 2049 1788 2117 διαλλαγὰς

194 2141 573 2214 πραττούσης.
611 2140 680 2192 Ἥ
712 2139 769 2192 δὲ
808 2137 1080 2192 Ὀκταϐία
1113 2137 1206 2190 τοῦ
1236 2139 1516 2209 Καίσαρος
1536 2135 1605 2210 ’ἦν
1631 2139 1787 2192 ἁδελ-

191 2233 287 2304 φὴ,
319 2233 357 2302 ἢ
396 2232 538 2300 μετά
567 2230 800 2283 θάνατον
821 2232 922 2300 τῆς
952 2228 1218 2293 Φουλϐίας
1249 2230 1327 2300 τῷ
1362 2230 1635 2302 Ἀντωνίῳ
1662 2247 1784 2282 συν-

190 2325 337 2396 ήφθη
367 2325 521 2395 παρὰ
549 2320 644 2375 τοῦ
677 2321 934 2392 ἀδελφοῦ,
962 2320 1057 2376 τοῦ
1083 2321 1276 2391 ἀνδρὸς
1331 2321 1502 2392 αὐτῆς
1538 2317 1582 2390 ᾧ
1615 2322 1786 2393 συνῴ-

189 2432 269 2468 κει
286 2414 566 2484 πρότερον
579 2412 1030 2483 τελευτήσαντος.
1060 2411 1172 2466 Καὶ
1202 2411 1388 2482 ἐπειδὴ
1415 2410 1568 2466 οὔπω
1599 2413 1785 2483 παρῆ-

189 2525 283 2563 κεν
313 2507 344 2560 ό
379 2506 648 2575 πένθιμος
681 2505 898 2576 χρόνος,
929 2503 1096 2577 ψήφῳ
1122 2505 1223 2576 τῆς
1273 2503 1581 2576 συγκλήτου
1615 2505 1780 2577 ἐλύθη

187 2601 244 2653 τὸ
274 2599 589 2670 ἐπιτίμιον.
621 2598 734 2653 Καὶ
751 2598 874 2652 τότε
919 2597 996 2663 δὲ,
1056 2597 1143 2650 ἵνα
1201 2596 1406 2651 πλείων
1475 2598 1658 2661 αὐτοίς
1717 2600 1783 2651 ἐκ

190 2691 520 2761 συγγενείας
583 2690 883 2760 σύνδεσμος
933 2689 1166 2759 γένοιτο,
1243 2689 1486 2760 ’Δντύλῳ
1535 2689 1616 2760 τῷ
1668 2689 1778 2743 -τοῦ

1896 1675 2131 1730 navibus
2163 1678 2362 1746 partim
2403 1680 2454 1734 ei
2484 1680 2655 1745 datis,
2704 1682 2905 1751 partim
2940 1685 3252 1753 promissis,
3280 1687 3480 1742 milites

1895 1765 2138 1820 vicissim
2205 1769 2440 1838 accepit.
2514 1770 2843 1841 Priusquam
2909 1784 3094 1829 autem
3157 1779 3222 1830 ad
3273 1777 3478 1833 bellum

1893 1857 2214 1913 Parthicum
2234 1871 2631 1924 reverteretur,
2657 1867 3034 1920 controversia
3056 1869 3200 1923 inter
3223 1884 3318 1924 eos
3333 1880 3477 1932 orta,

1892 1967 1992 2021 per
2023 1951 2308 2008 Octaviam
2333 1953 2568 2009 Caesaris
2592 1971 2837 2012 sororem
2875 1961 3178 2029 composita
3205 1969 3288 2015 est
3309 2001 3323 2025 ,
3356 1977 3477 2031 qua:

1891 2059 2018 2099 cum
2055 2044 2297 2100 Antonio
2341 2057 2461 2115 post
2506 2047 2711 2103 Fulvize
2745 2049 2958 2105 obitum
2981 2092 2996 2117 ,
3027 2051 3179 2106 luctu
3214 2053 3286 2106 ob
3327 2053 3478 2123 prio-

1892 2150 2006 2189 rem
2035 2136 2294 2192 maritum
2330 2137 2575 2192 nondum
2626 2138 2803 2205 ﬁnito,
2851 2142 3132 2211 nupsisset
3165 2163 3179 2198 ι
3214 2144 3478 2200 Senatus-

1889 2229 2144 2285 consulto
2176 2231 2348 2285 multa
2382 2230 2474 2285 illa
2514 2232 2727 2288 sublata
2771 2243 2876 2288 est.
2907 2233 3045 2290 Tum
3071 2236 3258 2304 etiam,
3291 2246 3351 2292 ut
3380 2255 3481 2310 per

1887 2321 2208 2378 aﬂinitatem
2260 2325 2500 2380 arctiore
2541 2328 2976 2384 necessitudinis
3019 2331 3242 2386 vinculo
3275 2334 3478 2388 astrin-

1897 2422 2182 2483 gerentur,
2230 2417 2450 2488 Antyllo
2494 2417 2678 2472 Caesar
2715 2420 2936 2474 Antonii
2974 2420 3084 2476 tilio
3118 2438 3272 2478 suam
3309 2426 3474 2481 filiani

1886 2504 2202 2575 despondit.
2253 2506 2376 2562 llaec
2401 2519 2711 2580 temporum
2742 2526 2905 2567 causa
2945 2524 3176 2585 uterque
3203 2518 3433 2588 tingebat
3457 2563 3472 2586 ,

1884 2606 1942 2652 et
1985 2598 2286 2653 simulabat
2333 2601 2540 2656 omnia.
2591 2601 2762 2657 Sexto
2802 2613 2986 2678 autem
3017 2615 3074 2661 et
3118 2611 3470 2666 consulatum

1884 2699 1941 2745 et
1978 2700 2306 2760 auguratum
2356 2693 2705 2764 eripuerunt,
2748 2696 2966 2766 sibique
3006 2700 3374 2770 principatum
3414 2705 3469 2760 in

198 2783 493 2838 ’Δντωνίου
522 2782 627 2854 υίῷ
658 2782 759 2854 τήν
792 2781 1065 2854 θυγατέρα
1105 2783 1134 2834 ὀ
1171 2782 1391 2852 Καῖσαρ
1435 2782 1536 2851 τὴν
1577 2780 1774 2834 ἐαυτοῦ

1882 2782 2482 2858 aliud‘quinquennium
2501 2784 2874 2854 vindicarunt,
2896 2789 3077 2858 priore
3095 2793 3476 2862 quinquennio

185 2874 601 2946 κατηγγύησεν.
621 2873 987 2928 Ἑπλάττοντο
1016 2874 1071 2928 δέ
1099 2873 1275 2928 ταῦτα
1301 2875 1396 2929 καὶ
1423 2872 1778 2943 ὑπεκρίνοντο

183 2969 270 3023 διὰ
297 2970 374 3022 τὰ
403 2968 528 3021 τότε
565 2967 750 3037 σφίσιν
807 2967 1128 3038 ὑπάρχοντα
1184 2966 1508 3038 πράγματα.
1563 2965 1668 3020 Τὸν
1720 2967 1778 3021 δέ

188 3065 391 3129 Σέξτον
416 3063 518 3135 τῆς
544 3080 605 3116 τε
641 3063 943 3134 ἱερωσύνης
965 3063 1214 3117 ἔπαυσαν
1245 3064 1457 3134 καὶτῆς
1485 3063 1776 3132 ὑπατείας,

184 3159 412 3221 ἑαυτοῖς
445 3156 506 3211 δὲ
537 3156 636 3228 τὴν
671 3156 969 3228 ἡγεμονίαν
995 3159 1076 3219 είς
1111 3155 1278 3227 ἀλλην
1300 3156 1626 3209 πενταετίαν
1652 3154 1778 3208 ἐπέ-

183 3249 418 3320 τρεψανο
453 3249 488 3318 ή
527 3247 636 3318 γὰρ
677 3247 920 3319 προτέρα
945 3247 1328 3318 ἐκμμέτρητο
1357 3246 1480 3318 ήδη.
1514 3247 1625 3300 Καὶ
1653 3247 1777 3300 Ἀν-

184 3341 384 3403 stimo;
414 3341 516 3411 μὲν
545 3342 624 3402 είς
654 3339 858 3412 Συρίαν
888 3339 1171 3409 ἠπείγετο,
1207 3340 1432 3408 Καῖσαρ
1471 3337 1526 3390 δέ
1555 3339 1637 3402 είς
1685 3338 1777 3392 τὸν

184 3434 325 3506 πρὸς
354 3431 556 3498 Σέξτον
589 3433 827 3504 πόλεμον
846 3431 1199 3504 ἡτοιμάζετο.
1235 3431 1297 3483 '0
1338 3430 1396 3482 δὲ
1421 3429 1614 3499 Μηνᾶς
1639 3427 1777 3500 πρὸς

181 3528 275 3581 τδν
315 3525 516 3592 Σέξτον
549 3525 705 3590 αὖθις
749 3523 1229 3596 ἀπηυτομόλησεν,
1262 3523 1491 3585 ἄπιστος
1521 3519 1618 3585 ὢν,
1681 3519 1776 3573 καὶ

183 3617 513 3690 θεραπεύων
543 3618 629 3671 ἀεὶ
658 3617 726 3670 τά
747 3615 841 3669 τοῦ
870 3615 1201 3685 κρείττονος.
1261 3613 1484 3683 Καίσαρ
1548 3610 1595 3665 δ’
1645 3612 1772 3664 ἐπι-

186 3715 425 3775 στάντος
461 3711 556 3766 τοῦ
577 3712 738 3781 ἐαρος
772 3709 1004 3781 ὥρμησε
1033 3707 1176 3760 κατά
1202 3707 1302 3775 τῆς
1333 3705 1615 3771 Σικελίας,
1675 3721 1773 3758 πε-

187 3805 406 3876 ρισχεῖν
436 3803 666 3868 ἐλπίσας
698 3802 775 3873 τῷ
803 3802 978 3872 στόλῳ
1015 3799 1211 3870 αὐτὴν,
1249 3800 1342 3852 καὶ
1360 3798 1442 3868 τῷ
1471 3814 1533 3851 τε
1576 3796 1774 3869 πλήθει

180 3898 550 3970 τεθαρρηκὼς
571 3899 679 3954 τῶν
705 3897 932 3966 σκαφῶν
993 3897 1089 3950 καὶ
1115 3894 1193 3966 τῷ
1223 3893 1466 3964 μεγέθει,
1513 3893 1610 3946 καὶ
1660 3893 1774 3956 τοῖς

180 3990 423 4061 ⁴πύργοις
451 3990 545 4052 οῦς
571 3990 789 4061 ἔφερον,
831 3991 898 4042 ἶν’
931 3988 991 4054 ἐξ
1024 3987 1206 4042 αὐτῶν
1237 3987 1314 4051 ὡς
1341 3987 1450 4040 ἀπὸ
1475 3986 1686 4056 τείχους
1713 3984 1772 4052 ἐξ

181 4083 527 4154 ὑπερδεξίων
559 4081 1062 4152 ἀνταγωνίζωνται.
1085 4080 1328 4134 Ἀπιόντι
1351 4079 1406 4133 δὲ
1424 4076 1632 4149 χειμὼν
1652 4093 1773 4130 συν-

180 4179 284 4246 έϐη
316 4177 621 4248 βαρύτατος
643 4178 737 4230 καὶ
768 4175 968 4237 πολλὰς
1029 4174 1247 4244 ἔφθειρε
1281 4171 1390 4225 τῶν
1425 4170 1583 4237 νεῶν,
1624 4171 1719 4224 καὶ
1747 4171 1776 4222 ὁ

179 4269 385 4340 Μηνᾶς
410 4269 529 4330 ταῖς
555 4266 772 4331 λοιπαῖς
802 4265 1246 4336 τεταραγμέναις
1278 4263 1617 4334 ἐπενεχθεὶς,
1686 4279 1777 4315 au-

181 4363 326 4432 χνὰς
365 4362 466 4430 μὲν
493 4361 714 4425 ἔκαυσε,
745 4359 847 4422 τὰς
880 4359 925 4412 δ’
951 4358 1265 4428 ἀνεδήσατο.
1300 4356 1408 4410 Καὶ
1431 4358 1478 4410 εί
1511 4357 1587 4426 μὴ
1620 4351 1776 4420 αὖθις

176 4455 259 4526 τῷ
295 4453 542 4523 Καίσαρι
571 4451 969 4524 προσεχώρησε
1002 4449 1191 4504 καὶτὸ
1235 4448 1491 4502 ναυτικὸν
1534 4440 1595 4500 οὗ
1633 4443 1774 4519 ἦρχε

176 4547 528 4616 παρέδωκεν,
557 4547 637 4606 είς
665 4544 821 4597 κενὸν
855 4543 918 4596 ἂν
950 4541 1046 4596 καὶ
1071 4542 1196 4595 τότε
1219 4541 1298 4612 τῷ
1321 4541 1565 4612 Καίσαρι
1589 4545 1617 4595 ὸ
1649 4541 1772 4594 ἐπί-

174 4640 355 4700 πλους
389 4638 626 4705 ἐγένετο.
672 4635 1027 4706 Ηῦτομὸλησε
1059 4634 1106 4687 δ’
1134 4637 1162 4688 ὁ
1209 4635 1404 4704 Μηνᾶς
1441 4634 1580 4705 πρὸς
1625 4632 1772 4688 ἅπαν

171 4729 338 4799 παρὰ
368 4726 467 4780 τοῦ
490 4726 682 4791 Σέξτου
715 4727 1156 4794 ὑποπτευόμενος
1189 4739 1207 4756 ⁸
1265 4725 1383 4779 ἀλλ’
1414 4724 1524 4776 οὐδ’
1567 4726 1595 4778 ὀ
1634 4727 1773 4778 Καῖ-

173 4839 290 4892 σαρ
327 4819 410 4872 ἔτι
439 4817 589 4889 αῦτῷ
625 4817 933 4872 ἐπίστευεν.
977 4817 1132 4870 Ἐπεὶ
1159 4816 1216 4869 δέ
1243 4817 1336 4870 τὸν
1388 4817 1574 4870 στόλον
1613 4813 1771 4882 αὖθις

168 4917 202 4968 δ
244 4915 472 4981 Καῖσαρ
499 4912 860 4982 ἀνεκτήσατο,
891 4910 972 4973 εἰς
1003 4908 1104 4980 τὴν
1131 4910 1360 4980 ήπειρον
1409 4909 1768 4982 ἀνεκομίσθη,

167 5005 249 5069 ὡς
280 5005 347 5056 τὸ
379 5005 543 5067 πεζὸν
569 5001 666 5055 τοῦ
705 5000 1115 5071 στρατεύματος
1146 5001 1223 5063 εἰς
1239 5002 1338 5070 τὴν
1360 5001 1633 5069 Σικελίαν,
1680 5003 1769 5056 ὅτε

167 5099 397 5168 καιρὸς,
464 5095 809 5166 περαιώσων.
858 5095 917 5148 '0
953 5094 1009 5146 δέ
1069 5093 1260 5158 Σέξτος
1313 5095 1369 5146 ἐν
1412 5096 1639 5166 Μεσήνῃ
1676 5094 1769 5147 τὸν

165 5189 348 5244 αὐτοῦ
379 5188 636 5241 διάπλουν
680 5188 889 5257 ἐτήρει.
919 5186 1008 5257 Τῷ
1027 5185 1072 5238 δ’
1100 5186 1383 5257 Ἀγρίππα
1407 5187 1488 5251 εἰς
1513 5187 1768 5258 Λιπάραν

163 5284 274 5336 σὺν
305 5279 922 5348 ναυσὶ-καταλειφθέντι
954 5277 1106 5348 παρὰ
1143 5276 1237 5330 τοῦ
1305 5279 1610 5350 Καίσαρος.
1664 5283 1769 5351 Δη-

164 5373 418 5442 μόχαριν
453 5369 785 5441 ἀνθορμίσαι
829 5370 890 5421 ἐν
925 5369 1138 5431 Μύλαις
1175 5367 1453 5436 ἐκέλευσε,
1502 5372 1596 5423 καὶ
1650 5369 1764 5424 διέ-

155 5463 379 5532 τριψαν
417 5465 594 5516 ἐκεῖσε
631 5461 824 5530 χρόνον
847 5459 1170 5531 ὑπόσυχνον.
1205 5460 1370 5522 Τέλος
1392 5461 1448 5513 δὲ
1482 5463 1510 5514 ὁ
1533 5461 1763 5532 ’Δγρίπο

158 5574 282 5620 πας
311 5555 412 5608 σὺν
432 5558 554 5618 ταῖς
580 5554 833 5624 ἀρίσταις
857 5552 965 5606 τῶν
993 5555 1129 5606 νεῶν
1151 5554 1246 5606 ἐπὶ
1269 5554 1624 5626 κατασκοπὴν
1649 5553 1760 5609 τῶν

157 5644 440 5702 ἐναντίων
478 5644 809 5718 ἀπελήλυθε.
861 5645 972 5699 Καὶ
995 5645 1070 5707 ὡς
1102 5643 1225 5698 οὔτε
1255 5647 1461 5710 πάντας
1492 5645 1756 5716 κατεῖδεν,

402 5738 680 5801 ΡΑτιιοι..
718 5739 837 5801 Gn.
892 5738 1239 5802 CXXXIV.

1875 2882 1986 2951 jam
2025 2881 2235 2950 elapso.
2275 2876 2522 2933 Antonio
2555 2879 2610 2934 in
2644 2879 2856 2952 Syriam
2893 2894 3254 2952 properante,
3291 2886 3473 2944 Caesar

1878 2971 2024 3029 bello
2039 2987 2163 3029 cum
2184 2973 2351 3030 Sexto
2373 2971 2638 3043 gerendo,
2661 2971 2727 3026 ad
2752 2986 2912 3042 quem
2939 2973 3124 3030 Menas
3149 2976 3315 3036 homo
3341 2995 3471 3050 per-

1882 3062 2046 3130 ﬁdus,
2084 3081 2412 3139 semperque
2437 3067 2780 3136 potentiores
2830 3065 3012 3122 colere
3032 3069 3250 3136 solitus,
3286 3073 3470 3129 denuo

1880 3156 2533 3228 transfugerat,intentus
2566 3157 2746 3227 primo
2795 3171 2923 3213 vere
2950 3158 3004 3212 in
3038 3159 3278 3215 Siciliam
3308 3164 3469 3234 traje-

1878 3246 1973 3310 cit,
1995 3257 2051 3302 et
2083 3249 2438 3304 multitudine
2466 3264 2531 3304 ac
2567 3250 2948 3321 magnitudine
2991 3251 3210 3306 navium
3259 3252 3463 3321 fretus,

1881 3338 2128 3395 turribus
2144 3342 2452 3411 praesertim
2476 3358 2614 3412 quas
2636 3344 2923 3414 gerebant,
2943 3345 3087 3400 unde
3107 3355 3362 3416 tanquam
3401 3347 3470 3403 de

1879 3437 2040 3486 muro
2063 3446 2130 3485 ex
2161 3433 2451 3502 superiore
2475 3433 2597 3490 loco
2627 3447 3126 3506 pugnarenl,spem
3145 3450 3470 3508 conceperat

1879 3522 2070 3577 insula:
2091 3523 2264 3579 classe
2288 3528 2641 3595 occupandae.
2667 3526 2774 3582 Sed
2804 3528 2949 3582 inter
2990 3529 3232 3584 eundum
3260 3533 3470 3600 gravis-

1877 3617 2014 3670 sima
2051 3625 2374 3686 tempestate
2405 3620 2722 3688 complures
2761 3635 2928 3674 naves
2960 3621 3163 3682 amisit.
3197 3632 3252 3676 et
3280 3622 3468 3679 Menas

1881 3706 1934 3760 in
1963 3691 2469 3776 reliquasturbatas
2496 3709 2771 3774 invectus,
2793 3711 2996 3765 multas
3026 3714 3309 3776 cremavit,
3329 3729 3465 3772 non.

1879 3798 2062 3854 nullas
2100 3801 2353 3855 attraxit.
2394 3800 2471 3854 Ac
2504 3801 2610 3856 nisi
2653 3818 2848 3857 rursus
2894 3803 2962 3856 ad
2993 3801 3258 3858 Caesarem
3308 3803 3463 3859 delc-

1878 3891 2065 3957 cisset,
2088 3897 2145 3944 et
2175 3890 2406 3946 classem
2441 3890 2516 3945 illi
2547 3907 2702 3946 suam
2743 3893 3104 3949 tradidisset:
3145 3904 3256 3949 tum
3294 3895 3460 3951 etiam

1879 3980 2034 4036 irrita
2097 3980 2296 4038 fuisset
2365 3983 2516 4038 illius
2578 3984 2885 4054 expeditio.
2939 3985 3110 4042 Mente
3170 3987 3459 4059 transfugii

1801 4097 1844 4152 ο
1879 4089 2044 4129 causa
2075 4073 2199 4140 fuit,
2233 4074 2327 4145 qui
2363 4075 2419 4129 in
2447 4076 2705 4131 omnibus
2728 4087 3046 4148 suSpectum
3081 4095 3139 4135 se
3165 4096 3284 4136 esse
3307 4083 3463 4137 vide-

1883 4169 1972 4223 bat
2006 4167 2195 4224 Sexto.
2225 4168 2333 4224 Sed
2372 4186 2439 4224 ne
2473 4168 2656 4225 Caesar
2683 4169 2906 4240 quidem
2941 4173 3177 4240 amplius
3211 4175 3260 4228 ei
3295 4174 3459 4229 ﬁdem

1880 4260 2096 4330 habuit,
2126 4272 2182 4317 et
2222 4262 2396 4317 classe
2451 4270 2673 4333 recepta
2723 4263 2780 4317 in
2828 4263 3204 4320 continentem
3270 4267 3454 4341 rediit,

1877 4353 2181 4423 peditatum
2207 4369 2305 4423 per
2335 4353 2683 4409 occasionem
2726 4362 3225 4424 transportatur-us.
3255 4357 3455 4416 Sextus

1877 4459 2010 4498 vero
2054 4445 2174 4516 ejus
2227 4445 2517 4514 trajectum
2575 4445 2836 4500 Messanae
2881 4446 3218 4513 observans,
3294 4449 3459 4523 516

1876 4537 2271 4592 Democharem
2319 4537 2373 4591 in
2409 4538 2568 4609 Mylis
2629 4548 2821 4595 contra
2858 4541 3190 4611 Agrippam,
3253 4558 3284 4596 a
3335 4543 3455 4599 Cae-

1876 4644 1996 4683 sare
2035 4643 2161 4683 cum
2217 4630 2454 4684 navibus
2481 4631 2692 4702 Liparae
2735 4632 3010 4696 relictum,
3061 4634 3114 4688 in
3160 4637 3451 4704 procinctu

1873 4736 1994 4776 esse
2031 4721 2214 4789 jussit.
2273 4721 2375 4778 Ubi
2421 4737 2547 4777 cum
2608 4724 2817 4779 diutius
2873 4727 3197 4781 commorati
3244 4737 3450 4790 essent,

1877 4813 2096 4868 tandem
2149 4813 2390 4884 Agrippa
2428 4830 2552 4869 cum
2588 4818 2813 4886 optimis
2863 4820 3097 4874 navibus
3141 4819 3210 4875 ad
3257 4836 3451 4892 specu-

1873 4902 2096 4957 landam
2135 4903 2394 4958 hostilem
2441 4906 2672 4960 classem
2721 4907 3026 4977 profectus,
3053 4926 3180 4965 cum
3208 4925 3310 4967 nec
3336 4928 3450 4967 om-

1873 5011 1999 5051 nem
2037 4997 2436 5066 conspexisset,
2486 5007 2543 5053 et
2585 5014 2748 5054 nemo
2778 5011 2966 5056 contra
2998 5002 3132 5066 iret,
3168 5019 3450 5067 reversus,

1871 5106 1930 5145 se
1987 5103 2048 5144 ut
2097 5090 2335 5161 postidie
2374 5090 2740 5148 dimicaturus
2790 5095 3022 5164 paravit.
3064 5096 3214 5152 Idem
3253 5105 3311 5153 et
3347 5097 3449 5153 De-

1871 5181 2120 5236 mochari
2161 5181 2388 5245 accidit,
2419 5183 2514 5252 qui
2551 5193 2608 5238 et
2637 5185 2773 5254 ipse,
2810 5195 2867 5239 ut
2909 5185 2962 5239 in
3001 5185 3215 5242 hostem
3244 5201 3452 5257 pugna-

1871 5282 2052 5337 turus,
2109 5273 2337 5330 Sextum
2377 5277 2689 5331 accersivit.
2733 5277 2987 5333 Diiuculo
3027 5281 3201 5340 ambae
3245 5281 3452 5335 classes

1868 5367 2150 5436 productae
2177 5409 2192 5430 .
2238 5368 2564 5439 longissimo
2597 5379 2842 5442 tempore
2879 5388 3036 5440 :rquo
3075 5381 3248 5427 marte
3277 5373 3446 5426 dimi-

1871 5469 2107 5513 carunt:
2155 5461 2376 5515 tandem
2418 5461 2521 5516 sub
2561 5473 2776 5517 noctem
2829 5462 3124 5518 Caesariani
3172 5464 3446 5528 vicerunt,

1871 5551 1964 5608 sed
1991 5553 2168 5609 victos
2207 5569 2315 5608 non
2348 5555 2625 5623 persecuti
2673 5565 2818 5610 sunt.
2855 5554 3058 5619 Caesar,
3094 5571 3218 5610 cum
3249 5557 3448 5612 Sextus

1871 5657 2098 5718 propter
2157 5646 2404 5701 navalem
2458 5662 2694 5716 pugnant
2763 5646 3006 5702 Messana
3078 5648 3446 5720 decessisset,

3044 5740 3120 5802 28
