3976 6204
457 223 560 282 375

1689 221 2016 284 IOANNIS
2053 224 2379 287 ZONARIE
3572 246 3659 310 876

454 335 594 387 citra
646 334 957 405 periculum
1014 333 1438 389 Taurominium
1501 335 1739 405 trajecit.
1807 335 2036 392 Pcracto

2145 337 2249 394 οὒτ’
2276 340 2578 414 ἀναχθῆναι
2620 360 2703 407 τις
2740 341 3032 415 ἠθέλησεν,
3069 342 3350 416 ἐπανῆλθε,
3396 351 3482 408 καὶ
3518 371 3662 425 παρε.

454 424 649 495 pratia
690 424 894 481 Sextus
952 426 1256 482 Messanam
1301 426 1561 482 celeriter
1616 442 1891 492 reversus,
1943 442 2039 482 co-

454 518 612 589 gnito
634 516 866 575 Cesaris
899 520 1128 590 trajectu
1159 558 1175 584 ,
1211 525 1357 572 terra
1404 533 1532 574 eum
1561 534 1853 590 aggressus
1899 532 1983 576 est
2020 537 2033 574 :

456 610 554 681 qui
602 611 799 666 classis
840 611 1078 665 maxima
1137 618 1292 681 parte
1352 612 1571 677 amissa,
1630 614 2035 682 propemodum

459 701 580 771 ipse
612 716 834 770 quoque
886 701 1182 770 periisset,
1236 700 1333 755 sed
1399 709 1516 755 tum
1563 708 1717 755 terra
1788 702 1969 756 evasit
2020 717 2036 756 :

453 804 714 862 agreque
738 792 924 847 ferens
956 792 1264 846 exercitum
1294 791 1351 844 in
1385 790 1568 845 insula
1598 792 2037 847 circumventum

457 897 603 948 esse,
676 897 788 938 non
844 884 1005 953 prius
1046 883 1257 953 recepit
1324 883 1593 948 animum,
1652 898 1814 952 quam
1871 883 2040 953 piscis

450 976 602 1031 saltu
636 989 670 1030 e
702 975 843 1031 mari
890 975 946 1030 in
996 985 1200 1030 terram
1234 974 1416 1043 facto,
1460 983 1657 1044 sponte
1700 982 1829 1030 ante
1872 974 2040 1043 pedes

438 1067 586 1135 'ejus
633 1065 904 1122 concidit.
961 1066 1022 1122 Id
1088 1067 1238 1121 enim
1289 1072 1446 1120 vates
1504 1065 2039 1135 interpretabantur,

440 1160 581 1213 fore
612 1166 674 1211 ut
704 1160 842 1214 mari
870 1159 1164 1228 potiretur.
1200 1158 1334 1229 Ejus
1364 1174 1496 1213 vero
1523 1158 1804 1212 exercitus
1826 1172 1952 1211 cum
1983 1165 2041 1211 et

459 1250 833 1317 obsideretur,
890 1261 949 1306 et
996 1250 1257 1304 alimenta
1310 1265 1420 1304 non
1475 1249 1727 1315 haberet,
1771 1257 1829 1302 et
1873 1262 2031 1318 opem

460 1343 635 1399 ferret
665 1359 864 1408 nemo,
896 1342 1221 1399 Corniﬁcius
1253 1341 1363 1396 dux
1395 1343 1516 1413 ejus
1549 1341 1781 1397 navibus
1803 1355 1835 1397 ο
1858 1355 2039 1411 pugna

439 1435 687 1505 reliquis
722 1434 954 1497 exustis,
982 1434 1099 1503 ipse
1128 1448 1349 1503 quoque
1379 1433 1446 1487 ad
1474 1432 1640 1503 Mylas
1669 1431 1903 1487 abduxit
1928 1446 2021 1485 co-

459 1527 601 1597 pias,
632 1541 697 1582 ac
723 1526 780 1581 in
809 1527 1007 1582 itinere
1043 1527 1245 1581 multas
1273 1526 1456 1581 clades
1480 1524 1723 1593 accepit,
1768 1523 1824 1579 in
1853 1522 2038 1577 ﬂumi-

457 1633 589 1672 num
643 1619 881 1674 transitu
929 1619 1299 1689 potissimutn,
1341 1618 1596 1673 hostibus
1644 1626 1801 1687 tergo
1857 1615 2034 1669 initae-

2142 429 2442 495 σκευάζετο
2478 432 2555 496 ὡς
2601 431 2933 505 πολεμήσων
2966 434 3031 504 τῇ
3088 433 3330 507 ἐπιούσῃ.
3361 438 3434 493 τὰ
3469 440 3506 494 δ
3552 446 3667 499 αύτέ

2138 519 2235 572 καὶ
2271 519 2350 590 τῷ
2379 520 2693 592 Δημοχάρει
2736 520 3082 590 συμσέδηκε,
3120 520 3212 575 καὶ
3236 525 3545 596 ,ἡτοιμάζετο
3583 536 3666 588 κά.

2140 611 2337 676 κεῖνος,
2371 611 2446 675 ὡς
2475 612 2587 675 τοῖς
2629 610 2916 682 πολεμίοις
2977 610 3421 683 ἐπελευσόμενος,
3470 621 3556 675 καὶ
3594 626 3669 679 τὸν

2139 698 2337 765 Σέξτον
2367 702 2423 755 δὲ
2449 700 2865 771 μετεπέμψατο.
2917 700 3135 772 Ἦμέρα
3160 718 3222 754 τε
3252 702 3348 773 ἤδη
3398 705 3666 779 ὑπέλαμπε,

2140 790 2237 843 καὶ
2281 789 2450 860 ἄμφω
2483 791 2553 843 τά
2581 794 2814 844 ναυτικὰ
2846 792 2936 844 ἐπ’
2979 791 3187 861 ἄλληλα
3231 792 3436 857 ἐπλεον,
3467 801 3551 852 καὶ
3586 801 3671 871 τῆς

2141 882 2449 953 ναυμαχίας
2482 884 2825 953 ἀπήρξαντο,
2858 885 2957 937 καὶ
2985 884 3081 936 ἐπὶ
3111 884 3359 939 πλεῖστον
3398 887 3491 956 μιν
3518 892 3672 962 ἀγχω-

2145 973 2335 1043 μάλως
2362 974 2724 1052 ὴγωνίσαγτο.
2769 975 2898 1046 ’0ψέ
2915 977 2961 1030 δ’
2983 971 3080 1030 οὖν
3097 992 3229 1030 ποτε
3265 980 3356 1032 καὶ
3384 980 3508 1051 πρὸς
3529 982 3615 1037 νύκ
3640 1002 3671 1038 a

2139 1064 2244 1136 ἠδη
2275 1067 2327 1117 οε
2357 1065 2449 1119 τοῦ
2481 1065 2759 1137 Καίσαρος
2799 1068 3137 1139 ἐκράτησαν.
3169 1068 3233 1121 ού
3267 1069 3441 1139 μέντοι
3468 1076 3672 1126 atatim-

2139 1156 2356 1222 δίωξαν.
2384 1158 2601 1229 Καῖσαρ
2639 1158 2727 1224 δέ,
2760 1158 2857 1213 τοῦ
2885 1158 3084 1226 Σέξτου
3107 1160 3173 1212 ἐκ
3202 1160 3301 1231 τῆς
3323 1161 3559 1233 Πετήνης
3601 1165 3672 1220 διὰ

2139 1247 2240 1318 τὴν
2294 1249 2603 1320 ναυμαχίαν
2652 1249 2995 1320 ἀπάραντος,
3045 1250 3349 1315 ἀκινδύνως
3407 1254 3669 1326 ἐπεραιώθη

2142 1340 2278 1408 πρὸς
2304 1338 2700 1410 Ταυρομένιον.
2740 1338 2882 1410 Ἤδη
2916 1340 2975 1394 δέ
3019 1338 3123 1409 τῆς
3156 1341 3457 1411 ναυμαχίας
3485 1343 3672 1400 naues!-

2144 1444 2243 1498 σης
2277 1428 2482 1499 σπουδῇ
2512 1429 2650 1500 πρὸς
2680 1429 2779 1502 τὴν
2794 1431 3057 1503 Μεσήνην
3087 1433 3117 1485 6
3141 1430 3332 1497 Σέξτος
3350 1434 3576 1502 ἀφίκετο,
3596 1439 3673 1491 καὶ

2146 1519 2331 1591 μαθὼν
2368 1520 2747 1591 περαιωθέντα
2780 1521 2872 1576 τὸν
2901 1524 3187 1596 Καῖσαρα,
3218 1525 3530 1594 προσέμιξεν
3552 1528 3671 1602 αὐτῷ

2143 1614 2284 1667 κατά
2329 1614 2451 1685 γῆν.
2477 1614 2587 1668 Kal
2613 1616 2642 1666 6
2683 1616 2907 1687 Καῖσαρ
2940 1616 3035 1669 τοῦ
3069 1635 3133 1669 τε
3164 1619 3419 1673 ναυτικοῦ
3446 1620 3499 1672 τὸ
3525 1621 3670 1675 πλεῖον

458 1710 757 1766 rentibus:
796 1711 963 1781 idque
1011 1727 1111 1781 per
1173 1711 1416 1766 triduum
1475 1709 1715 1764 duravit.
1778 1708 2039 1762 Extremo

2145 1704 2378 1759 ἀπέϐαλε
2408 1706 2505 1761 καὶ
2550 1706 2711 1770 αὐτὸς
2757 1708 2940 1776 ὀλίγου
2978 1697 3430 1780 προσδιεφθάρη·
3478 1711 3597 1776 τέως
3636 1712 3671 1766 δ’

457 1816 593 1857 vero
646 1803 734 1859 die
769 1818 894 1858 cum
942 1803 1142 1859 Sextus
1176 1804 1343 1858 etiam
1385 1802 1722 1864 advenisset,
1780 1799 2028 1868 undique

458 1893 640 1948 vexati
689 1909 884 1951 omnes
937 1895 1269 1966 periissem,
1327 1894 1434 1950 nisi
1478 1891 1800 1964 Pompeiani
1863 1890 2042 1947 coacti

459 1994 645 2041 essent
698 1987 1065 2042 retrocedere.
1112 1986 1348 2058 Aggripa
1410 1986 1559 2041 enim
1616 1984 1798 2040 navali
1858 2000 2041 2055 pugna

458 2076 659 2138 victor,
693 2076 939 2132 Siciliam
974 2078 1293 2149 ingressus,
1322 2077 1592 2133 exercitui
1618 2075 1958 2132 frumentum
1985 2083 2043 2130 et

457 2167 660 2221 auxilia
706 2169 860 2222 misit
910 2186 926 2222 :
984 2170 1142 2239 cujus
1187 2168 1485 2223 adventum
1530 2176 1783 2222 metuens
1825 2164 2043 2229 Sextus,

458 2266 609 2313 tanta
650 2260 1005 2317 festinatione
1040 2263 1292 2327 recessit,
1347 2270 1407 2316 ut
1454 2259 1853 2330 impedimenta
1896 2273 2045 2329 quae-

459 2349 586 2404 dam
642 2358 700 2404 et
770 2362 1142 2407 commeatum
1188 2352 1243 2407 in
1313 2351 1624 2407 munitione
1687 2350 2045 2419 relinqueret,

458 2456 571 2508 quo
638 2443 937 2498 sustentati
995 2443 1380 2508 Cornificiani,
1436 2443 1531 2500 ubi
1609 2442 1678 2496 ad
1744 2442 2040 2513 Agrippam

455 2545 857 2599 pervenerunt,
893 2548 925 2588 a
955 2532 1168 2591 Caesare
1198 2533 1454 2592 laudibus
1486 2543 1546 2590 et
1589 2534 1914 2590 muneribus
1947 2546 2034 2587 re-

458 2623 627 2677 creati
664 2632 817 2680 sunt.

2138 1794 2235 1853 οὖν
2270 1800 2352 1862 εἰς
2400 1799 2500 1870 την
2558 1799 2791 1870 ἤπειρον
2838 1801 3217 1855 διασέσωστο·
3275 1803 3462 1873 ήχθετο
3503 1804 3552 1858 δέ
3597 1806 3672 1859 τοῦ

2140 1887 2552 1959 στρατεύματος
2579 1891 2639 1943 ἐν
2666 1893 2732 1961 τῇ
2761 1892 2909 1961 νήσῳ
2931 1892 3377 1964 ἀπειλημμένου,
3403 1897 3551 1949 καὶού
3572 1898 3673 1967 πρὶν

2139 1978 2519 2049 ἀνεθάρσησεν
2542 1978 2647 2043 ἐως
2675 1979 2829 2050 ἰχθὺς
2867 1980 3163 2052 ἀναθορὼν
3197 1983 3263 2036 ἐκ
3292 1984 3389 2054 τῆς
3441 1984 3673 2054 θαλάσσης

2141 2070 2457 2141 αὐτόματος
2517 2070 2655 2143 πρὸς
2682 2071 2812 2136 τοὺς
2834 2073 3002 2138 πόδας
3023 2073 3198 2127 αὑτοῦ
3220 2075 3397 2132 ἔπεσε.
3420 2076 3570 2130 Τοῦτο
3587 2077 3670 2147 γὰρ

2142 2165 2194 2219 οἱ
2228 2163 2456 2234 μάντεις
2476 2164 2677 2235 δηλοῦν
2708 2164 3075 2235 ἐξηγήσαντο,
3113 2168 3202 2220 ὅτι
3246 2167 3552 2222 δουλώσεται
3595 2171 3671 2238 τὴν

2139 2253 2438 2310 θάλασσαν.
2459 2254 2525 2308 Ἦ
2544 2254 2602 2308 δέ
2632 2254 2728 2309 τοῦ
2749 2256 3029 2327 Καίσαρος
3059 2257 3297 2328 στρατιά
3333 2258 3671 2327 ἐπολιορκεῖτο,

2138 2348 2237 2401 καὶ
2263 2348 2387 2401 ἐπεὶ
2413 2346 2485 2401 τά
2523 2347 2814 2418 ἐπιτήδεια
2841 2349 3107 2405 ἐπέλιπον
3161 2352 3322 2420 σφᾶς,
3357 2353 3446 2406 καὶ
3465 2355 3491 2407 6
3513 2352 3672 2423 βοηθή-

2150 2456 2263 2493 σων
2294 2438 2397 2493 οὐκ
2427 2434 2518 2508 ἦν,
2575 2439 2605 2491 6
2654 2438 2861 2511 ταύτης
2913 2440 3101 2511 ἄρχων
3155 2442 3675 2514 Κουρνοφίκιοςτάτε

2133 2531 2320 2603 σκάφη
2340 2532 2446 2585 ὅσα
2465 2533 2531 2586 ἐκ
2558 2532 2657 2602 τῆς
2679 2532 2990 2603 ναυμαχίας
3002 2534 3384 2605 περισέσωστο
3410 2534 3585 2588 ἐκαυσε
3601 2534 3674 2587 καὶ

2133 2622 2299 2686 αὐτὸς
2332 2622 2471 2693 πρὸς
2505 2621 2604 2687 τάς
2664 2623 2858 2688 Μύλας
2923 2624 3110 2694 ἀπῆγε
3143 2627 3248 2694 τὴν
3294 2624 3551 2698 στρατιάν·
3603 2627 3675 2676 καὶ

457 2714 624 2769 πολλὰ
650 2716 1010 2789 ἐκακώθησαν
1043 2719 1194 2790 παρά
1222 2718 1329 2772 τῶν
1364 2717 1623 2771 ἐναντίων
1674 2714 2031 2785 ἐφεπομένων
2072 2713 2261 2776 αὐτοῖς
2320 2713 2378 2767 έν
2409 2731 2469 2767 τε
2498 2716 2567 2785 τῇ
2631 2713 2771 2786 άλλη
2794 2716 2992 2787 πορείᾳ
3019 2718 3119 2770 καὶ⁷
3160 2717 3363 2788 μᾶλλον
3387 2717 3439 2770 ἐν
3466 2718 3569 2780 ταῖς
3592 2716 3674 2769 τῶν

457 2813 719 2883 ποταμῶν
752 2814 1059 2883 διαϐάσεσι,
1105 2817 1199 2869 καὶ
1232 2814 1327 2868 ἐπὶ
1362 2816 1509 2885 τρεῖς
1552 2813 1770 2885 ἡμέρας
1835 2812 2077 2882 ἔπασχον
2139 2810 2335 2873 οὕτως.
2371 2811 2452 2879 Τῇ
2493 2810 2550 2864 δέ
2582 2827 2649 2879 γε
2692 2811 2981 2882 τελευταία⁵
3010 2814 3199 2883 πάντη
3230 2814 3421 2876 αὐτοὺς
3444 2814 3675 2866 ἐκάκωσαν

457 2906 896 2977 προσγενομένου
944 2905 1128 2969 αὐτοῖς
1160 2905 1255 2959 καὶ
1294 2904 1388 2958 τοῦ
1435 2903 1650 2968 Σέξτου.
1691 2904 1801 2958 Καὶ
1839 2902 2043 2966 πάντες
2085 2902 2153 2955 ἂν
2217 2899 2618 2971 διεφθάρησαν,
2652 2900 2702 2953 εί
2731 2901 2807 2971 μὴ
2861 2901 3012 2971 σφῶν
3043 2901 3145 2956 καὶ
3176 2902 3397 2966 ἄκοντες
3425 2902 3677 2972 ἀπέσχοντο

457 2998 508 3052 oi
540 2996 815 3065 πολέμιοι.
869 2996 931 3050 ’0
990 2995 1096 3065 γὰρ
1151 2996 1466 3065 Ἀγρίππας
1518 2995 1751 3064 νικήσας
1808 2994 1908 3065 τὴν
1965 2991 2300 3063 ναυμαχίαν,
2367 2992 2423 3056 ἐς
2497 2990 2752 3046 Σικελίαν
2814 2991 3162 3069 ἐπεραιώθη,
3209 2994 3308 3048 καὶ
3349 2994 3484 3048 σίιόν
3533 3010 3582 3046 τε
3617 2992 3675 3064 τῷ

462 3086 679 3158 στρατῷ
708 3088 806 3139 καὶ
830 3085 1092 3157 βοήθειαν
1124 3085 1363 3157 έπεμψε.
1412 3085 1524 3139 Kal
1563 3085 1591 3136 6
1644 3081 1862 3148 Σέξτος,
1888 3082 2053 3136 αὑτὸν
2094 3082 2185 3135 τὸν
2251 3081 2567 3152 Ἀγρίππαν
2595 3081 2747 3153 ἥξειν
2773 3083 2892 3136 ἐκεῖ
2912 3083 3302 3155 προσδοκήσας
3324 3084 3415 3143 καὶ
3446 3083 3674 3155 φοϐηθεὶς,

462 3177 669 3249 σπουδῇ
694 3178 1069 3248 ἀνεχώρησεν,
1097 3176 1240 3229 ὥστε
1276 3176 1447 3248 σκεύη
1485 3175 1608 3230 τινὰ
1636 3177 1733 3228 καὶ
1759 3175 2045 3247 ἐπιτήδεια
2081 3173 2413 3244 καταλεῖψαι
2446 3176 2505 3227 ἐν
2559 3174 2637 3244 τῷ
2662 3175 2919 3247 ἐρύματι,
2955 3174 3015 3240 ἐξ
3042 3168 3120 3229 ὧν
3154 3180 3449 3249 τραφέντες
3476 3178 3520 3230 οξ
3578 3191 3679 3245 περι

457 3262 553 3325 τον
582 3268 981 3341 Κουρνοφίκιον
1009 3269 1145 3337 πρὸς
1196 3268 1288 3321 τὸν
1312 3268 1628 3337 Ἀγρίππαν
1652 3270 1923 3341 ἀπῄεσαν
1955 3267 2048 3333 οὓς
2087 3269 2116 3321 6
2151 3270 2373 3339 Καῖσαρ
2403 3268 2650 3332 ἐπαίνοις
2673 3271 2769 3323 κα)⁸
2796 3269 3030 3340 δωρεαῖς
3056 3268 3421 3343 ἀνεκτήσατο.

537 3363 704 3418 XXV.
745 3363 876 3418 Post
912 3362 1030 3418 haec
1056 3377 1181 3418 cum
1208 3362 1407 3418 Sextus
1429 3363 1484 3418 in
1511 3363 1754 3418 Siciliam
1781 3365 2042 3429 venisset,

2224 3360 2355 3418 κε’.
2391 3364 2546 3418 Μετά
2572 3360 2735 3417 τοῦτο
2761 3362 2807 3416 δ’
2834 3365 2893 3427 ἐς
2922 3362 3183 3418 Σικελίαν
3217 3365 3419 3420 ἐλθόντι
3464 3365 3532 3436 τῷ
3569 3364 3679 3417 Kai-

462 3449 532 3505 ad
556 3449 912 3503 Artemisium
941 3457 1122 3503 castra
1151 3450 1334 3519 posuit
1365 3467 1380 3504 :
1417 3451 1507 3506 ubi
1536 3466 1661 3505 cum
1688 3451 1833 3507 inter
1855 3466 1914 3507 se
1946 3467 2044 3506 ve-

462 3546 778 3606 litarentur,
810 3541 1002 3600 Gallus
1032 3558 1162 3598 suas
1202 3545 1390 3615 copias
1417 3559 1543 3599 cum
1568 3543 1769 3610 Sexto,
1803 3544 2045 3621 Lepidus

465 3652 590 3691 cum
654 3635 871 3692 Caesare
925 3635 1255 3706 conjunxit;
1309 3652 1373 3690 ac
1413 3635 1502 3690 ille
1543 3636 1765 3706 quidem
1816 3636 2042 3691 Sextum

464 3727 832 3791 conﬁrmavit,
870 3727 961 3782 ltic
992 3736 1176 3782 autem
1205 3742 1330 3782 cum
1361 3726 1574 3783 Cmsare
1606 3726 1767 3799 517
1812 3736 2047 3783 conten-

464 3822 586 3887 dit;
621 3836 746 3876 nam
770 3836 835 3876 ex
873 3835 1031 3890 aquo
1062 3835 1186 3874 cum
1221 3835 1288 3874 eo
1311 3819 1701 3877 administrare
1729 3819 1903 3875 voluit
1928 3835 2047 3875 om-

464 3914 588 3981 nia;
611 3912 793 3968 Caesar
813 3926 944 3966 vero
966 3926 1033 3967 eo
1054 3926 1154 3981 pro
1176 3910 1355 3981 legato
1382 3911 1435 3963 in
1455 3911 1710 3965 omnibus
1737 3910 1812 3964 uti
1832 3911 2005 3965 voluit
2030 3929 2044 3967 :

463 4020 636 4077 quare
703 4003 772 4058 ad
822 4002 1046 4059 Senum
1098 4002 1401 4067 inclinaxit,
1464 4009 1520 4057 et
1583 4002 1723 4057 clam
1782 4017 1907 4058 cum
1979 4017 2046 4058 eo

463 4098 629 4153 verba
686 4096 958 4161 contulit;
1018 4109 1128 4165 quo
1178 4094 1353 4149 C:csar
1404 4093 1820 4160 animadverso,
1870 4094 2046 4164 primo

465 4203 687 4259 quoque
713 4195 956 4257 tempore
987 4187 1309 4256 priusquam
1358 4184 1564 4254 aliquid
1595 4194 1911 4251 novaretur,
1947 4184 2045 4239 dc-

466 4293 694 4334 eernerc
730 4292 854 4333 cum
882 4274 1048 4343 Sexto
1081 4275 1334 4329 instituit.
1365 4273 1501 4329 Cum
1535 4275 1785 4344 praelium
1822 4274 1875 4329 in
1908 4274 2044 4329 mari

465 4370 821 4426 commissum
862 4366 1182 4438 longissimo
1213 4378 1486 4437 tempore,
1519 4367 1753 4422 victoria
1793 4374 2045 4422 neutram

470 4461 529 4515 in
573 4471 787 4531 partem
826 4459 1123 4515 inclinante
1164 4459 1413 4523 duraret,
1477 4460 1697 4528 utrique
1760 4458 2045 4529 pedestres

466 4555 747 4608 exercitus
776 4551 832 4607 in
880 4552 1162 4625 procinctu
1204 4560 1347 4606 terra
1379 4558 1610 4616 stantes,
1650 4559 1909 4605 eventum
1944 4547 2047 4602 sol-

458 4646 662 4700 licitati
699 4646 1144 4714 speculabantur.
1175 4643 1345 4699 Sexto
1381 4642 1601 4699 tandem
1633 4642 1939 4713 profligato,
1969 4641 2046 4695 al-

449 4737 575 4791 .teri
628 4728 856 4807 paeanes
894 4736 1190 4797 canebant,
1231 4735 1390 4789 atteri
1444 4734 1887 4790 lamentabantur
1930 4751 1943 4787 :
1981 4748 2047 4787 ac

470 4828 620 4886 Sexti
652 4828 873 4901 pedites
904 4867 919 4892 ,
950 4831 1107 4899 quasi
1144 4837 1203 4884 ct
1235 4827 1339 4897 ipsi
1382 4843 1487 4882 una
1529 4844 1654 4883 cum
1697 4827 1873 4881 classe
1916 4825 2049 4880 victi

448 4927 677 4983 essent,
732 4917 1040 4973 Messanam
1096 4916 1415 4973 tendebaut.
1462 4917 1644 4974 Caesar
1694 4933 1824 4971 vero
1873 4916 2048 4969 victos

470 5010 567 5080 qui
597 5010 652 5065 in
677 5017 879 5063 terram
904 5009 1225 5073 enatabant,
1257 5008 1573 5080 excipiebat
1600 5026 1615 5069 ;
1650 5017 1705 5063 et
1732 5022 1899 5061 naves
1926 5021 2049 5076 quae

473 5111 635 5155 terra:
676 5100 1073 5166 allidebantur,
1111 5099 1467 5155 incendebat.
1498 5100 1716 5165 Interea
1749 5096 2051 5152 Democha-

468 5208 557 5249 res
595 5191 701 5247 sibi
738 5191 839 5262 ipsi
873 5207 1066 5246 manus
1093 5191 1278 5245 attulit
1313 5207 1329 5245 :
1377 5189 1747 5260 Apollodorus
1775 5188 1842 5243 ad
1874 5186 2050 5243 Caesa-

471 5300 587 5341 rem
626 5282 852 5340 defecit.
881 5281 1041 5339 idem
1082 5293 1282 5354 praeter
1314 5282 1452 5337 alios
1486 5289 1541 5337 et
1580 5281 1770 5336 Gallus
1792 5322 1805 5346 ,
1842 5291 1898 5336 et
1924 5281 2044 5351 ejus

469 5378 685 5448 equites
732 5391 967 5442 omnes,
1015 5384 1073 5431 et
1102 5375 1323 5447 quidem
1370 5370 1585 5442 pedites
1636 5371 1832 5425 imitati
1895 5379 2046 5425 sunt.

392 5466 401 5479 “
470 5470 662 5539 itaque
708 5451 932 5533 Sextus,
980 5466 1288 5538 desperatis
1323 5463 1488 5519 rebus
1516 5461 1625 5517 ﬁlia
1663 5478 1787 5517 cum
1827 5462 1951 5516 aliis
1993 5469 2052 5517 et

471 5557 707 5630 pecunia
759 5568 815 5613 et
869 5555 1291 5630 ptetiosissitnis
1356 5554 1672 5626 quibusque
1731 5552 1900 5608 rebus
1962 5551 2053 5604 fir—

470 5652 735 5708 missimis
776 5653 1010 5707 navibus
1054 5648 1365 5738 impositis,
1414 5658 1581 5703 noctu
1628 5646 1807 5714 abiit,
1858 5661 2055 5715 perse-

2150 3469 2277 3525 σαρι
2336 3455 2466 3527 περὶ
2491 3456 2920 3527 τδἊρτεμίσιον
2974 3455 3003 3508 6
3047 3454 3250 3520 Σέξτος
3297 3458 3677 3526 ἀντεστρατοπεο

2146 3546 2395 3603 δεύσατο.
2429 3547 2910 3618 Ἀντικαθημένων
2931 3545 2976 3599 δ’
3007 3545 3268 3618 ἀλλήλοις
3308 3551 3401 3602 καὶ
3440 3543 3678 3617 ἀκροὸὼν

2147 3637 2395 3709 ζομένων
2427 3639 2507 3705 τῷ
2532 3640 2632 3710 μὲν
2658 3640 2839 3711 Σέξτῳ
2887 3641 2915 3695 6
2964 3641 3197 3707 Γάλλος,
3252 3642 3328 3713 τῷ
3383 3641 3438 3695 δέ
3485 3640 3681 3710 Καίσαρι

2145 3730 2174 3782 6
2192 3729 2426 3794 Λέπιδος
2447 3731 2544 3784 σὺν
2575 3734 2698 3796 ταῖς
2727 3731 2994 3803 δυνάμεσι
3022 3736 3401 3804 προσήνωντο.
3439 3733 3577 3785 Καὶὸ
3599 3729 3679 3800 μὲν

2147 3820 2351 3884 Γάλλος
2385 3821 2671 3895 ἐπέρρωσε
2695 3822 2787 3876 τδν
2818 3823 3034 3890 Σέξτον,
3067 3825 3094 3876 6
3121 3824 3181 3876 δέ
3211 3823 3434 3886 Λέπιδος
3462 3819 3679 3893 διηνέχθη

2147 3910 2227 3981 τῷ
2262 3911 2531 3984 Καίσαρι,
2555 3913 2718 3977 αὐτὸς
2758 3914 2859 3985 μὲν
2888 3916 2953 3969 ἐκ
2984 3932 3081 3968 του
3126 3915 3251 3972 ἴσου
3293 3914 3586 3969 συνδιοικεῖν
3608 3910 3681 3962 αύ-

2148 4000 2227 4073 τῷ
2262 4003 2331 4056 τά
2356 4004 2537 4058 πάντα
2568 4003 2914 4074 βουλόμενος,
2938 4006 3153 4059 ἐκείνου
3213 4007 3272 4061 δὲ
3330 4005 3403 4069 ὡς
3444 4003 3676 4071 ὑποστρα-

2148 4095 2304 4167 τήγῳ
2338 4095 2487 4165 αὐτῷ
2522 4097 2810 4166 χρωμένου
2856 4099 2913 4150 ἐν
2952 4099 3145 4152 ἅπασι.
3214 4101 3306 4152 Διὸ
3346 4098 3433 4151 καὶ
3465 4094 3586 4165 πρὸς
3609 4091 3682 4143 τὸν

2150 4187 2343 4253 Σέξτον
2377 4186 2661 4252 ἀπέκλινε,
2697 4190 2792 4242 καὶ
2837 4189 3236 4258 ἐκοινολογεῖτο
3291 4191 3359 4245 δι’
3402 4185 3679 4258 ἀπορρήτων

2148 4277 2320 4348 αύτῷ.
2386 4277 2451 4331 Ὃ
2503 4278 2813 4348 ὑπονοήσας
2853 4280 2880 4330 6
2932 4281 3157 4349 Καῖσαρ
3211 4281 3443 4334 ἔσπευσε
3493 4271 3603 4345 πρίν
3642 4286 3682 4320 τι

2148 4368 2532 4440 νεοχμωθῆναι
2563 4369 2651 4422 διὰ
2692 4370 2884 4441 μάχης
2948 4370 3025 4441 τῷ
3079 4372 3265 4443 Σέξτῳ
3312 4372 3559 4442 χωρῆσαι.
3595 4359 3683 4416 Καὶ

2150 4460 2457 4532 ναυμαχίας
2484 4478 2542 4513 τε
2574 4462 2717 4514 κατά
2748 4463 3029 4518 θάλασσαν
3061 4463 3448 4535 συρῤαγείσης,
3477 4450 3682 4511 καὶκατὰ

2149 4552 2254 4621 γῆν
2282 4550 2391 4603 τῶν
2430 4550 2612 4615 πεζῶν
2652 4553 2856 4623 ἀμφοῖν
2890 4555 3396 4625 παρατεταγμένων
3440 4550 3523 4603 ἐπὶ
3570 4545 3677 4596 πολὺ

2153 4644 2253 4714 τῆς
2275 4644 2589 4715 ναυμαχίας
2619 4646 2917 4715 γινομένης
2952 4647 3259 4718 ἰσορρόπου
3290 4663 3346 4698 τε
3380 4643 3466 4698 καὶ
3526 4640 3679 4692 laom-

2086 4715 2129 4770 D
2155 4730 2304 4797 λοῦς,
2340 4730 2408 4784 τὰ
2437 4731 2579 4796 πεζά
2607 4732 2704 4786 καὶ
2729 4733 2899 4803 ἄμφω
2928 4715 3324 4806 στρατεύματα
3376 4727 3587 4785 ἐθεῶντο
3608 4720 3681 4776 καὶ

2156 4822 2429 4891 ἠγωνίων.
2473 4821 2635 4877 Ἐπεὶ
2662 4822 2707 4876 δ’
2732 4825 2785 4877 οἱ
2827 4823 2925 4879 τοῦ
2957 4823 3153 4891 Σέξτου
3175 4826 3486 4896 ἐτράποντο,
3509 4820 3552 4871 ol
3599 4812 3679 4884 μὲν

2155 4915 2508 4978 ἐπαιάνισαν,
2544 4917 2593 4968 oi
2617 4914 2662 4967 δ’
2698 4915 3059 4986 ὠλοφύροντο.
3104 4918 3215 4971 Kal
3252 4918 3304 4970 οἱ
3343 4917 3441 4986 μὲν
3462 4910 3545 4966 τοῦ
3568 4903 3673 4969 Σέξ·

2156 5026 2251 5062 του
2319 5008 2480 5073 πεζοὶ
2528 5011 2663 5081 πρὸς
2703 5010 2802 5081 τὴν
2859 5012 3121 5084 Μεσήνην
3171 5010 3431 5085 ἐχώρουν,
3488 5008 3570 5061 ἅτε
3605 4997 3677 5052 καὶ

2164 5102 2322 5155 αὐτοὶ
2383 5098 2811 5172 συνηττηθέντες
2858 5101 2938 5173 τῷ
2989 5103 3251 5174 ναυτικῷ.
3314 5100 3371 5157 ’0
3400 5100 3452 5154 δέ
3500 5094 3675 5159 Καῖσαρ

2156 5194 2284 5261 τοὺς
2314 5193 2683 5257 ἐκπίπτοντας
2713 5193 2825 5247 τῶν
2853 5196 3183 5266 ἡττωμένων
3210 5196 3291 5257 είς
3315 5192 3409 5262 τὴν
3444 5188 3538 5258 γῆν
3583 5180 3675 5245 ἔξεο

2152 5284 2341 5354 δέχετο
2366 5282 2592 5336 καὶτῶν
2612 5283 2842 5353 σκαφῶν
2863 5285 2966 5339 ὃσα
2988 5282 3358 5355 προσώκειλον
3383 5276 3668 5344 ἐνεπίμπραο

2160 5375 2280 5428 Κάν
2316 5372 2493 5443 τούτῳ
2527 5375 2555 5428 6
2580 5373 2680 5444 μὲν
2709 5375 3023 5446 Δημὸχαρις
3068 5374 3256 5428 ἐαυτδν
3314 5365 3614 5438 ἀπέσφαξεν.
3649 5355 3670 5407 ά

2157 5466 2202 5519 δ’
2243 5462 2647 5536 Ἀπολλόδωρος
2689 5462 2766 5536 τῷ
2804 5466 3047 5539 Καίσαρι
3094 5465 3489 5538 προσεχώρησε.
3535 5452 3669 5539 Τοῦτ-τ

2161 5555 2219 5609 δὲ
2260 5555 2411 5608 ἄλλοι
2438 5572 2497 5608 τε
2532 5534 2627 5607 καὶ
2654 5555 2682 5607 ὁ
2708 5534 2912 5619 Γάλλος
2938 5534 3033 5610 καὶ
3063 5558 3114 5609 oi
3142 5534 3321 5618 ίππεΐς
3350 5534 3395 5605 at
3421 5549 3508 5603 σὺν
3548 5534 3665 5607 αὐτῷ

2162 5645 2361 5709 πάντες
2395 5645 2487 5699 καί
2533 5661 2677 5709 τινες
2723 5645 2831 5700 τῶν
2861 5645 3046 5710 πεζῶν
3076 5626 3455 5715 πεποιήκασιν.
3491 5637 3540 5691 ’0
3563 5626 3662 5691 Σέξ⁰
