3890 6196
471 315 547 379 79
1705 309 2024 371 JOANNIS

2126 309 2382 374 )NABﬁ
3497 321 3577 384 330

427 430 740 502 provinCtas
770 441 1165 503 occupaturus.
1208 429 1335 496 Quo
1375 435 1577 483 conatu
1622 423 1896 479 Antonius
1924 437 2012 476 eo-

2126 426 2178 478 ιδ
2214 423 2580 496 στρατηγικὸν
2607 424 3020 497 ἀποδυσάμενος
3041 425 3246 498 ἔνδυμα,
3273 429 3388 484 ἄλλα
3415 446 3462 484 τε
3483 429 3578 486 εἷπε

427 528 616 595 εηίιον
657 540 783 581 cum
834 526 888 581 ei
931 535 986 581 et
1036 525 1420 594 impunitatem
1461 531 1516 572 rt
1566 517 2006 572 benevolentiam

428 633 583 672 suam
619 620 1007 688 promisisset,
1051 618 1094 670 si
1142 631 1290 669 arma
1327 621 1560 683 poneret
1594 629 1607 665 :
1663 609 1859 664 annuit
1916 607 2008 660 ille

429 709 678 779 quidem,
723 710 817 764 sed
865 725 965 763 nec
1003 723 1066 762 ea
1092 723 1214 776 quae
1254 704 1583 776 promiserat
1633 701 1909 771 praestitit,
1953 707 2008 751 et

433 803 599 856 rebus
631 802 890 871 gerendis
924 817 1079 870 atque
1117 811 1176 854 ut
1220 802 1372 868 prius
1402 798 1650 851 intentus
1671 835 1684 858 ,
1720 810 1818 863 per
1839 791 2009 845 cadu-

431 902 677 946 ceatores
723 890 1053 946 Parthorum
1099 891 1398 944 amicitiam
1460 888 1637 957 petiit.
1695 884 1858 954 519
1903 883 2007 936 Sed

432 998 557 1036 cum
597 984 870 1037 Antonius
905 982 976 1037 Μ.
1010 982 1215 1035 'l‘itium
1263 997 1388 1035 cum
1437 981 1612 1034 classe
1647 985 1840 1030 contra
1881 990 2008 1028 eum

434 1073 694 1136 misisset,
731 1072 977 1136 territus,
1023 1087 1120 1140 per
1154 1072 1363 1140 legatos
1402 1069 1471 1122 ab
1501 1066 1745 1122 Antonio
1793 1066 2008 1118 veniam

437 1167 640 1217 oravit.
692 1163 796 1228 Qui
842 1179 966 1217 cum
1023 1177 1212 1232 pacem
1255 1161 1653 1222 detrectasset,
1687 1157 1795 1211 nisi
1841 1171 2010 1210 naves

437 1256 557 1323 ejus
609 1265 945 1321 caeterasque
976 1253 1162 1321 copias
1208 1249 1552 1318 accepisset:
1600 1246 2012 1318 impedimentis

435 1345 789 1413 gravioribus
843 1345 895 1398 in
948 1359 1116 1396 naves
1165 1341 1454 1410 conjectis,
1492 1346 1551 1392 et
1597 1337 1732 1407 ipsis
1778 1335 2013 1390 navibus

440 1435 721 1497 crematis,
776 1435 832 1489 in
887 1433 1289 1488 mediterranea
1343 1445 1404 1484 se
1447 1429 1701 1483 contulit.
1737 1427 2011 1482 Caeterum

438 1527 766 1581 Antonianis
813 1525 1152 1595 persecutis,
1188 1525 1346 1578 vivus
1377 1524 1432 1578 in
1456 1530 1786 1592 potestatem
1818 1535 2013 1574 eorum

2109 520 2204 572 καὶ
2232 520 2314 572 δτι
2349 519 2538 588 ἀθρόοι
2564 519 2666 589 μὲν
2703 519 2852 582 ὄντες
2882 520 2941 574 ού
2987 517 3218 589 λήσουσι’
3270 522 3584 586 σκεδασθέντες

2109 611 2166 664 δὲ
2204 612 2322 681 ράῳ
2359 612 2682 679 ποιήσονται
2704 611 2805 680 τὴν
2834 610 3133 679 διάφευξιν.
3167 613 3436 666 Κάντεῦθεν
3453 615 3589 668 ἄλλων

2107 704 2300 758 ἄλλοσε
2329 703 2809 774 ἀποχωρησάντων
2849 704 3015 767 αὐτὸς
3037 705 3091 767 ἐς
3137 706 3228 776 τὴν
3290 706 3448 759 Ἀσίαν
3490 710 3588 759 ἐπει

2115 793 2342 866 ραιώθη,
2366 795 2590 864 γνώμης
2613 794 2694 852 ὣν.
2714 796 2954 866 ὁρμῆσαι
2990 796 3120 867 πρὸς
3138 797 3220 848 τὸν
3252 795 3592 851 ’Δντώνιον.Ἔν

2112 886 2302 952 Λέσϐῳ
2355 885 2412 939 δὲ
2453 886 2640 955 μαθὼν
2671 888 2880 942 ἐκεῖνον
2925 887 3022 957 μὲν
3050 891 3104 951 ἐς
3144 889 3342 959 Μήδους
3381 889 3592 960 στρατεῦ·

2114 993 2226 1040 σαι,
2255 977 2686 1047 πεπολεμῶσθαι
2711 979 2767 1030 δὲ
2795 978 2888 1031 τὸν
2912 979 3161 1050 Καίσαρα
3194 981 3280 1032 καὶ
3298 981 3376 1033 τὸν
3394 981 3592 1043 Λέπιδον,

2113 1070 2207 1120 καὶ⁸
2231 1069 2456 1130 ἐλπίσας
2486 1068 2586 1140 τὴν
2609 1068 2706 1123 τοῦ
2755 1070 3045 1123 Ἀντωνίου
3083 1070 3251 1141 ἀρχὴν
3295 1069 3596 1135 διαδέξασθαι,

2111 1161 2174 1213 τό
2201 1178 2261 1213 τε
2301 1161 2672 1231 στρατηγικὸν
2700 1160 2932 1215 άνέλασε
2965 1162 3166 1231 σχῆμα,
3191 1161 3279 1214 καὶ
3319 1164 3596 1232 παρεσκευὰ·

2113 1252 2237 1316 ζετο
2257 1253 2333 1314 ὡς
2363 1253 2459 1305 καὶ
2507 1253 2609 1324 τὴν
2644 1252 2883 1322 περαίαν
2915 1253 3362 1322 καταληψόμενες.
3407 1253 3600 1306 Ramb-

2114 1342 2205 1395 θεν
2228 1343 2320 1394 τοῦ
2361 1343 2649 1396 Ἀντωνίου
2682 1343 2749 1397 τά
2785 1345 3135 1414 πραττόμενα
3166 1345 3251 1398 ὑπ’
3297 1346 3440 1398 αὑτοῦ
3487 1345 3602 1412 γνόνο

2113 1451 2225 1498 τος,
2252 1435 2438 1488 ἄδειάν
2467 1452 2525 1487 τε
2551 1436 2700 1506 αύτῷ
2736 1439 2832 1489 καὶ
2865 1435 3105 1500 εὔνοιαν,
3132 1438 3193 1490 ἂν
3223 1437 3286 1490 τά
3315 1437 3437 1490 δπλα
3473 1437 3603 1490 xari-

2115 1524 2301 1594 θηται,
2337 1526 2740 1596 ὑποσχομένου,
2773 1528 3071 1582 κατένευσε
3103 1531 3218 1598 μὲν,
3244 1529 3335 1581 ούκ
3363 1529 3601 1598 έποίησεδέ

443 1623 610 1680 venit.
659 1622 798 1675 Eum
831 1619 1107 1674 Antonius
1147 1618 1224 1671 ira
1259 1615 1501 1686 percitus
1544 1615 1729 1669 statim
1779 1629 1878 1683 per
1922 1614 2014 1666 lit-

2126 1632 2178 1683 γε
2209 1614 2283 1678 ὡς
2313 1617 2706 1685 ἐπηγγείλατο,
2733 1616 2868 1671 ἀλλὰ
2902 1621 2995 1672 καὶ
3059 1621 3161 1672 τῶν
3219 1619 3518 1689 πραγμάτων
3552 1617 3605 1680 ὡς

443 1723 592 1766 teras
647 1710 848 1777 occidi,
895 1719 1019 1779 post
1068 1712 1276 1760 mutata
1333 1703 1608 1758 sententia
1636 1743 1651 1767 ,
1695 1697 2014 1754 conservari

2126 1707 2312 1778 πρώην
2358 1709 2560 1778 εἴχετο,
2591 1709 2687 1762 καὶ
2719 1710 2856 1781 πρὸς
2885 1713 3011 1773 τοὺς
3049 1710 3287 1781 Πάρθους
3315 1709 3606 1779 διεκηρυκεύ-

436 1804 625 1873 jussit.
661 1802 775 1858 Sed
805 1817 930 1856 cum
961 1800 1100 1853 alter
1124 1795 1442 1852 tabellarius
1471 1792 1645 1862 priori
1677 1800 1839 1845 antev
1853 1792 2014 1845 ertis-

2126 1815 2272 1852 σατο·
2305 1800 2479 1853 ταῦτα
2519 1800 2709 1870 μαθὼν
2742 1802 2770 1854 6
2813 1802 3119 1867 Ἀντώνιος,
3168 1803 3227 1855 τὸ
3255 1802 3477 1855 ναυτικὸν
3508 1801 3610 1870 μετὰ

443 1905 549 1960 set,
600 1894 647 1948 is
678 1894 771 1962 qui
803 1908 930 1948 cum
967 1895 1205 1960 ceperat,
1243 1887 1453 1941 litteras
1499 1884 1568 1938 de
1601 1897 1668 1937 eo
1707 1882 2012 1937 occidendo

2126 1889 2350 1960 Μάρκου
2377 1889 2564 1943 Τιτίου
2601 1892 2690 1944 ἐπ’
2717 1891 2880 1946 αὑτὸν
2905 1893 3143 1962 έπεμψε,
3187 1897 3276 1946 καὶ
3309 1893 3363 1956 δς
3411 1892 3612 1961 φυσηθεὶς

441 1991 716 2060 posterius
758 1995 1030 2055 acceptas,
1074 1998 1173 2038 seu
1211 1996 1340 2035 vere
1373 1977 1708 2049 posteriores
1752 1990 1875 2032 esse
1924 1991 2015 2030 ra-

2126 1981 2591 2052 διεπρεσϐεύσατο
2626 1983 2763 2052 πρὸς
2804 1984 3118 2039 Ἄντώνιον.
3162 1985 3243 2046 '0,-
3268 1984 3310 2038 δ’
3333 1985 3509 2046 ἐκεῖνος
3540 1983 3614 2034 οὐκ

445 2093 554 2146 tus,
609 2096 708 2134 seu
759 2077 1007 2133 veritatis
1049 2073 1358 2146 ignorantia
1419 2069 1718 2136 simulata,
1783 2068 2010 2125 Sextum

2126 2072 2226 2143 Ιφη
2250 2075 2596 2139 σπείσασθαι,
2623 2077 2671 2128 εί
2693 2078 2768 2147 μὴ
2793 2078 2890 2140 τάς
2910 2095 2967 2130 τε
2997 2077 3129 2142 ναῦς
3153 2077 3244 2131 καὶ
3258 2079 3350 2147 τὴν
3364 2076 3524 2144 λοιπὴν
3545 2076 3614 2126 αὑ-

442 2175 766 2242 Pompeium
790 2171 1025 2227 necavit.

2126 2166 2215 2219 τοῦ
2248 2168 2628 2238 παραλήψοιτο
2663 2168 2918 2238 δύναμιν,
2947 2171 3015 2224 τά
3047 2169 3314 2241 βαρύτερα
3337 2169 3433 2220 τῶν
3456 2165 3615 2219 σκευῶν

445 2276 646 2337 εἰςτὰς
674 2271 807 2334 ναῦς
835 2267 1091 2340 ῑμσαλὼν
1117 2265 1289 2329 αὑτάς
1328 2281 1387 2319 τε
1413 2261 1750 2329 κατέκαυσε,
1797 2262 1896 2317 καὶ
1937 2262 2016 2326 είς
2057 2261 2158 2332 τὴν
2197 2265 2487 2338 μεσόγειον
2550 2264 2800 2336 ὥρμησε,
2835 2265 2930 2318 καὶ⁸
2993 2266 3046 2318 οί
3077 2265 3172 2318 τοῦ
3237 2263 3496 2318 Ἀντωνίου
3530 2265 3617 2314 ἑπι-

445 2362 928 2430 διώξαντεςαύτδν
961 2358 1264 2414 κατέλαὸον
1294 2358 1390 2411 καὶ
1453 2355 1798 2426 ἐζώγρησαν.
1867 2355 1933 2406 Ὃ
1991 2353 2180 2424 μαθὼν
2244 2357 2274 2408 ό
2318 2354 2606 2418 Ἀντώνιος
2675 2357 2839 2419 εὐθὺς
2898 2357 3000 2427 μὲν
3056 2357 3146 2410 ὑπ’
3204 2356 3362 2426 ὀργῆς
3403 2349 3617 2406 ἐπέστειλε

447 2455 953 2527 κτανθῆναιαύτόν·
985 2449 1302 2522 ὕστερονδὲ
1362 2448 1762 2520 μεταμεληθεὶς
1811 2445 2020 2516 ἔγραψε
2097 2446 2338 2516 σωθῆναι
2377 2449 2562 2503 αὐτόν.
2628 2449 2733 2502 Τοῦ
2780 2445 2873 2502 οὖν
2912 2449 3169 2520 δευτέρου
3228 2447 3620 2521 γραμματοφόρου

447 2555 538 2610 τὸν
569 2554 786 2625 πρῶτον
817 2550 1258 2621 προςθάσαντος,
1298 2545 1528 2616 ὕστερον
1555 2545 1623 2596 τὰ
1647 2543 1778 2614 περὶ
1845 2541 1940 2595 τοῦ
1998 2542 2182 2596 θανεῖν
2247 2546 2276 2596 ὁ
2338 2546 2590 2614 κατέχων
2621 2543 2785 2597 αὑτὸν
2815 2545 3208 2614 κομισάμενος,
3240 2544 3326 2596 καὶ
3350 2542 3542 2608 νομίσας
3559 2541 3622 2592 δν-

447 2665 555 2712 τως
586 2645 816 2714 δεύτερα
850 2637 1082 2710 εῐναι,ἢ
1143 2640 1372 2707 ἄγνοιαν
1403 2636 1500 2690 τοῦ
1532 2637 1688 2698 sm;
1747 2633 2211 2705 ὑποκρινάμενος,
2269 2636 2363 2689 τὺν
2438 2637 2636 2701 Σέξτον
2697 2636 2790 2690 τὸν
2850 2639 3139 2707 Πομπήϊον
3193 2635 3495 2690 ἐθανάτωσε.
3546 2632 3624 2684 Καὶ

448 2741 527 2812 τῷ
569 2740 668 2811 μὲν
694 2737 940 2791 τοιοῦτον
969 2735 1032 2788 τὸ
1056 2733 1210 2796 τέλος
1243 2732 1485 2800 ἐγένετο.

521 2832 706 2888 XXVI.
763 2830 840 2884 Eo
883 2827 1032 2882 hunc
1075 2827 1284 2880 exitum
1337 2823 1556 2890 sortito,
1605 2821 1876 2877 Antonius
1922 2836 2022 2891 per

450 2925 764 2984 Ventidium
806 2921 1038 2976 Partlms
1067 2918 1219 2973 vicit.
1248 2917 1383 2972 Nam
1413 2925 1470 2971 et
1495 2931 1592 2971 rex
1622 2931 1812 2970 eorum
1846 2915 2018 2969 Paeo-

452 3032 547 3073 rus
575 3017 628 3070 in
661 3013 804 3069 bello
835 3008 1074 3073 cecidit;
1119 3015 1175 3062 et
1209 3005 1456 3059 barbaris
1502 3003 1701 3072 partim
1748 3002 1804 3056 in
1835 2999 2022 3070 praelio

453 3108 630 3170 caesis,
662 3104 862 3176 partim
891 3101 1111 3171 fugatis,
1141 3097 1428 3154 Ventidius
1453 3094 1707 3166 Syriacas
1743 3093 1907 3147 urbes
1932 3107 2020 3146 re-

454 3201 620 3270 cepit.
663 3194 870 3251 Deinde
898 3189 1174 3247 Antiocho
1213 3188 1554 3258 Comagenes
1590 3186 1703 3256 regi
1741 3200 1892 3239 arma
1944 3185 2029 3238 in-

457 3296 601 3351 tulit.
629 3291 733 3348 Ubi
759 3287 1029 3344 Antonius
1074 3300 1139 3339 ex
1190 3283 1489 3352 improviso
1520 3296 1643 3335 cum
1676 3294 1744 3334 eo
1769 3292 2026 3349 congres-

457 3401 574 3449 sus,
602 3398 711 3438 non
739 3381 902 3435 modo
925 3376 1274 3432 successibus
1299 3375 1417 3444 ejus
1444 3373 1744 3442 gratulatus
1782 3386 1891 3424 non
1921 3379 2025 3433 est,

459 3477 554 3532 sed
582 3474 749 3531 etiam
792 3486 860 3526 ex
908 3469 1110 3524 invidia
1161 3467 1482 3536 magistratu
1515 3464 1565 3519 ei
1599 3463 1882 3533 abrogato,
1911 3461 2028 3530 ipse

460 3580 584 3622 cum
633 3559 904 3616 Antiocho
959 3570 1308 3626 congressus,
1340 3554 1622 3609 Samosata
1663 3563 1842 3620 regem
1879 3563 2030 3602 com-

459 3657 622 3728 pulit.
664 3655 770 3708 Sed
823 3666 948 3706 cum
1003 3647 1293 3702 obsidione
1344 3644 1480 3698 nihil
1535 3641 1847 3714 proﬁceret,
1896 3653 2029 3709 pace

462 3751 624 3809 tacta,
676 3745 729 3798 in
773 3743 984 3797 Italiam
1037 3749 1122 3794 est
1181 3737 1483 3807 profectus.
1515 3732 1724 3789 Orodes
1753 3746 1884 3787 vero
1908 3730 2032 3784 Par-

465 3843 682 3894 thorum
725 3852 835 3890 .re-x
884 3833 1107 3903 grandis
1141 3829 1435 3884 admodum
1496 3837 1650 3894 natu,
1707 3825 1778 3878 ob
1819 3825 2031 3879 luctum

463 3934 654 3989 Pacori
706 3930 957 3985 abdicato
1008 3925 1257 3995 itnperio,
1306 3921 1525 3976 Phraati
1575 3935 1606 3973 e
1650 3918 1864 3973 cmteris
1905 3915 2032 3970 ﬁliis

463 4036 593 4082 natu
623 4023 864 4077 maximo
921 4035 1148 4089 regnum
1179 4016 1444 4070 tradidit:
1486 4014 1578 4082 qui
1625 4029 1719 4082 per
1752 4025 2029 4066 summum

463 4118 642 4173 scelus
675 4116 868 4168 fratres
917 4111 1043 4165 dolo
1094 4111 1334 4173 sustulit,
1390 4108 1680 4177 ipsumque
1725 4115 1932 4174 patrem
1963 4105 2032 4158 ob

466 4209 668 4264 caedem
705 4203 1343 4271 illorum-indignantem,
1374 4208 1431 4252 et
1457 4214 1523 4251 ex
1547 4196 1759 4251 caeteris
1791 4197 2032 4266 optimos

464 4313 709 4368 quosque
759 4293 1074 4350 trucidavit.
1135 4289 1408 4345 Antonius
1444 4287 1634 4357 legatis
1683 4288 1751 4340 ad
1802 4287 2032 4340 Parthos

463 4396 531 4447 de
566 4405 697 4462 pace
733 4390 933 4450 missis,
966 4387 1185 4441 interim
1226 4383 1368 4438 bello
1397 4396 1458 4437 se
1494 4385 1724 4450 paravit,
1756 4391 1813 4434 ut
1845 4394 1940 4434 eos
1963 4377 2032 4432 ob

2200 2816 2346 2884 κεῖν.
2375 2814 2660 2879 Ἀντώνιος
2686 2815 2742 2870 δὲ
2770 2816 2856 2870 διά
2881 2817 2976 2870 τοῦ
3002 2818 3273 2873 Βεντιδίου
3296 2819 3409 2881 τοὺς
3435 2817 3626 2886 Πάρθους

2127 2907 2406 2978 ἐνίκησεν.
2434 2908 2503 2960 ὐ
2532 2925 2590 2960 τε
2623 2909 2731 2979 γάρ
2788 2909 3051 2979 βασιλεὺς
3109 2911 3328 2964 ἐκείνων
3371 2913 3396 2964 ό
3437 2910 3625 2978 Πάκορος

2127 3002 2185 3054 ἑν
2219 2999 2298 3070 τῷ
2328 3001 2550 3070 πολέμῳ
2578 3001 2764 3065 ἔπεσε,
2799 3004 2892 3054 καὶ
2924 3003 2973 3055 οί
2999 3001 3270 3074 βάρϐαροι
3301 3003 3348 3055 oi
3375 3003 3460 3072 μὲν
3488 3001 3630 3053 ἐκτάν-

2048 3121 2095 3183 C
2127 3094 2300 3165 θησαν
2336 3095 2395 3146 ἐν
2423 3097 2490 3165 τῇ
2529 3095 2700 3164 μάχῃ,
2724 3095 2772 3147 oi
2805 3094 2862 3147 δὲ
2892 3095 3119 3165 ἔφυγον,
3148 3098 3239 3149 καὶ
3268 3097 3460 3163 τὰςτῆς
3480 3090 3628 3160 Συρίας

2128 3186 2316 3249 πόλεις
2345 3189 2374 3240 ό
2403 3185 2667 3251 Βεντίδιος
2693 3187 3031 3256 ὑπηγάγετο.
3073 3183 3208 3241 Εἶτα
3252 3187 3387 3240 κατὰ
3427 3183 3505 3238 τοῦ
3548 3183 3631 3234 ’Δνο

2127 3280 2310 3347 τιόχου
2335 3279 2427 3331 τοῦ
2460 3281 2558 3349 τῆς
2608 3279 2947 3350 Κομαγηνῆς
2994 3279 3376 3349 βασιλεύοντος
3422 3274 3628 3341 ἐπεπράο

2126 3388 2342 3427 τευσεν.
2379 3372 2646 3426 Ἐνταῦθα
2686 3374 2741 3426 δὲ
2773 3375 2888 3426 δντι
2940 3374 3144 3446 ἀθρόον
3177 3377 3206 3429 ὁ
3270 3371 3522 3433 ’Δντώνιος
3547 3369 3632 3419 ‘27::-

2130 3464 2262 3527 στάς
2301 3464 2359 3515 ού
2395 3464 2557 3534 μόνον
2585 3467 2678 3517 ἐπὶ
2736 3465 2852 3528 τοῖς
2895 3467 3320 3538 κατορθώμασιν
3378 3465 3465 3532 οὐχ
3513 3461 3630 3530 ἥσθην

2127 3558 2383 3610 ἀλλὰκαὶ
2415 3559 2684 3629 ἐφθόνησε
2725 3561 2952 3630 καὶτῆς
2995 3562 3178 3631 ἀρχῆς
3235 3559 3388 3612 αὑτὸν
3434 3557 3632 3609 ἑκαυσεν.

2127 3649 2300 3713 Αὐτὸς
2325 3650 2381 3735 δὲ
2403 3651 2480 3720 τῷ
2533 3650 2791 3722 Ἀντιόχῳ
2842 3655 3181 3722 προσέϐαλε,
3220 3655 3312 3707 καὶ
3351 3649 3633 3704 κατέκλεισεν

2131 3742 2298 3796 αὑτὸν
2323 3733 2402 3804 είς
2437 3742 2756 3812 Σαμόσατα.
2803 3744 2891 3808 Ὠς
2921 3744 2968 3797 δ’
3016 3741 3177 3798 οὐδὲν
3230 3745 3354 3814 ⁸ιινυε
3398 3733 3633 3807 πολιορκῶν

2131 3834 2318 3900 αύτδν,
2393 3835 2670 3904 συνθήκας
2723 3837 2969 3890 σπονδῶν
3019 3839 3322 3908 ἐποιήσατο
3373 3833 3531 3892 nisi;
3568 3829 3635 3892 τὴν

2143 3927 2379 3980 Ἰταλίαν
2413 3927 2772 3998 ἀφώρμησεν.
2854 3928 3101 3999 ὐρώδης
3157 3930 3339 3999 μέντοι
3387 3928 3413 3978 ό
3461 3918 3634 3990 Πάρθων

2134 4018 2386 4087 βασιλεὺς
2414 4021 2744 4090 ὑπέργηρως
2775 4017 3016 4088 γεγονὼς
3043 4022 3143 4074 καὶ
3188 4021 3266 4092 τῷ
3313 4019 3400 4072 τοῦ
3449 4015 3636 4082 Πακόρου

2134 4111 2321 4165 πένθει
2375 4113 2473 4182 τὴν
2536 4112 2815 4182 βασιλείαν
2874 4113 3292 4184 ἀπαγορεύσας,
3357 4112 3544 4183 Φραάτῃ
3582 4103 3638 4170 τῷ

2133 4203 2496 4274 πρεσϐυτέρῳ
2524 4203 2630 4256 τῶν
2656 4203 2859 4256 λοιπῶν
2886 4204 3058 4255 αὑτοῦ
3117 4206 3322 4258 παίδων
3380 4204 3468 4271 τὴν
3506 4196 3637 4268 ἀρχὴν

2133 4296 2480 4368 ἐνεχείρισεν.
2503 4297 2559 4350 ὐ
2591 4295 2668 4360 δὲ,
2701 4297 3066 4360 ἀνοσιώτατος
3104 4297 3360 4365 γεγονὼς,
3385 4295 3493 4356 τοὺς
3525 4287 3639 4342 ἁδελ-

2136 4389 2268 4457 φοὺς
2305 4387 2473 4442 αὑτοῦ
2505 4388 2878 4457 ἐδολοφόνησε,
2905 4389 2998 4442 καὶ
3024 4389 3196 4442 αὐτὸν
3218 4391 3307 4442 τὸν
3352 4387 3535 4453 πατέρα
3550 4382 3644 4432 δυσ-

463 4500 614 4554 spem
663 4481 1053 4536 transactionis
1107 4479 1404 4546 imparatos
1451 4472 1858 4544 aggrederetur.
1919 4470 2024 4524 Sed

2136 4479 2536 4549 ανασχετοῠντα
2593 4481 2660 4534 δι’
2718 4480 2961 4544 ἐκείνους
3011 4481 3329 4544 ἀπέκτεινε,
3361 4474 3553 4530 καὶτῶν
3572 4469 3642 4523 άλ-

464 4595 586 4633 cum
617 4577 830 4630 Medum
863 4575 1066 4628 auxilio
1091 4575 1277 4627 venire
1307 4571 1508 4624 Partho
1535 4568 1837 4628 didicisset,
1865 4565 2032 4632 impe-

463 4670 726 4723 diluentis
748 4677 802 4720 et
837 4681 1030 4734 magna
1061 4665 1334 4719 exercitus
1382 4671 1536 4730 parte
1569 4661 1841 4713 Stratiano
1906 4655 2034 4709 reli-

463 4763 585 4820 ctis,
620 4769 680 4812 ut
702 4768 1023 4826 sequeretur
1053 4771 1065 4808 :
1100 4755 1213 4823 ipse
1239 4769 1362 4807 cum
1386 4750 1664 4821 equitibus
1693 4758 1748 4803 et
1777 4748 2033 4817 expedito

465 4853 710 4922 peditatu
769 4847 1100 4918 properavit,
1152 4847 1308 4914 quasi
1364 4843 1548 4897 Medos
1595 4843 1778 4895 statim
1808 4854 2033 4908 supera-

466 4954 624 4998 turus
676 4950 842 4995 esset.
877 4940 1147 4994 (laterum
1202 4935 1434 4990 Parthus
1489 4944 1544 4989 et
1583 4934 1770 4988 Medus
1801 4932 2034 4986 Stralia-

465 5051 596 5090 num
627 5035 809 5088 Subito
839 5034 1038 5092 adorti,
1071 5045 1195 5084 cum
1229 5028 1379 5082 omni
1411 5027 1657 5080 exercitu
1693 5026 2030 5079 ceciderunt.

462 5129 598 5184 Nam
655 5126 926 5180 Antonius
971 5121 1249 5192 suppetias
1292 5121 1373 5174 eis
1402 5119 1613 5173 laturus
1649 5117 1827 5171 serius
1865 5115 2031 5180 venit,

465 5235 642 5289 neque
665 5217 962 5289 quidquam
993 5224 1188 5284 praeter
1219 5212 1484 5267 cadavera
1519 5223 1742 5263 suorum
1779 5206 1990 5260 invenit
2017 5219 2031 5257 :

465 5330 567 5369 nec
597 5313 770 5366 multo
812 5319 931 5380 post
966 5310 1226 5362 barbarus
1268 5304 1596 5376 proﬂigavit,
1631 5301 1725 5356 sed
1760 5317 1867 5354 non
1897 5299 2036 5352 mul-

467 5415 583 5461 tum
613 5406 695 5461 eis
741 5403 953 5458 nocuit.
1006 5401 1253 5471 Dumque
1315 5397 1519 5467 regiam
1555 5395 1716 5465 520
1752 5394 2034 5448 Medorum

465 5499 704 5562 obsidet,
757 5497 928 5565 magis
977 5494 1092 5564 ipse
1144 5492 1452 5555 obsidetur,
1505 5493 1751 5543 exercitu
1808 5487 2038 5556 penuria

465 5596 804 5644 commeatus
842 5589 1165 5642 laborante:
1223 5599 1386 5654 quem
1440 5581 1568 5635 dum
1623 5597 1688 5634 ex
1721 5579 1863 5648 agris
1888 5591 2040 5651 pete-

464 5689 570 5736 ret,
601 5693 630 5729 a
670 5678 887 5732 Part-his
913 5693 979 5730 ex
1014 5675 1230 5733 insidiis
1258 5673 1681 5743 erumpentibus
1719 5673 1859 5727 male
1893 5674 2040 5727 acci-

453 5762 741 5834 piebatur.
780 5769 890 5823 lluc
920 5769 1142 5824 Antonii
1173 5776 1318 5824 statu
1368 5768 1604 5826 Parthus
1633 5783 1732 5837 per
1764 5766 2035 5822 suborna-

2139 4573 2246 4624 λων
2275 4573 2400 4635 τοὺς
2428 4573 2684 4644 ἀρίστους
2705 4571 3036 4642 διέφθειρεν.
3057 4571 3346 4637 ’Λντώνιος
3371 4572 3422 4624 δὲ
3444 4563 3644 4638 πρέπόεις

2139 4665 2239 4732 μὲν
2273 4663 2410 4733 πρὸς
2437 4665 2561 4726 τοὺς
2598 4663 2847 4734 Πάρθους
2902 4664 3034 4733 περὶ
3089 4666 3320 4734 εἰρήνης
3357 4660 3642 4722 ἐκπέπομέεν

2137 4755 2274 4824 πρὸς
2304 4755 2360 4806 δὲ
2388 4755 2482 4807 τὸν
2513 4755 2749 4826 πόλεμον
2781 4755 3134 4826 ἡτοιμάζετο,
3185 4757 3275 4810 ἵνα
3305 4746 3644 4823 ἀπαρασκεύοις

2137 4845 2322 4907 αὐτοῖς
2353 4845 2551 4919 ἐντύχῃ
2579 4846 2667 4901 διὰ
2688 4846 2783 4916 τὴν
2815 4845 3007 4899 ἐλπίδα
3037 4848 3138 4917 τῆς
3192 4847 3515 4916 συμύάσεως.
3564 4837 3642 4887 Καὶ

2140 4938 2329 5008 μαθὼν
2359 4938 2451 4992 τδν
2476 4940 2658 5008 Μῆδον
2682 4941 2776 4994 ἐπὶ
2806 4942 3138 5010 συμμαχίαν
3193 4938 3289 4994 τοῦ
3331 4935 3522 5004 Πάρθου
3567 4943 3646 4998 ἴθ’

2141 5029 2404 5100 ρήσαντκ,
2445 5031 2515 5083 τά
2553 5032 2652 5100 μὲν
2682 5034 2987 5102 σκευοφόρα
3017 5030 3114 5083 καὶ
3142 5029 3280 5083 πολὺ
3326 5028 3418 5096 τῆς
3444 5015 3644 5092 στρατιάς

2137 5122 2466 5176 ὑπελείπετο
2502 5125 2640 5194 μετὰ
2675 5124 2768 5178 τοῦ
2801 5124 3139 5196 Στρατιανοῦ
3173 5123 3240 5178 ἵν’
3274 5123 3503 5176 ἓποιντο”
3527 5109 3645 5168 αὺτδς

2135 5214 2192 5266 δὲ
2223 5217 2318 5268 σὺν
2343 5220 2457 5279 τοῖς
2491 5214 2717 5270 ἱππεῦσι
2767 5217 2858 5272 καὶ
2890 5217 2995 5270 τῶν
3049 5218 3234 5281 πεζῶν
3283 5217 3392 5276 τοῖς
3445 5205 3645 5269 εὐζώνοις

2138 5307 2402 5375 ⁴ὴπείγετο
2441 5308 2516 5371 ὡς
2555 5307 2758 5362 αὐτίκα.
2791 5309 2860 5361 τὰ
2894 5306 3026 5360 .τῶν
3081 5307 3284 5376 Μήδων
3338 5289 3646 5364 καταστρεψίέ·

2141 5415 2324 5468 μενος.
2371 5399 2431 5450 Ὀ
2465 5398 2652 5468 μέντοι
2692 5399 2904 5470 Πάρθος
2934 5399 3029 5452 καὶ
3085 5400 3114 5449 ὀ
3169 5396 3351 5466 Μῆδος
3397 5391 3467 5459 τῷ
3517 5386 3643 5450 Σῖριν

2138 5490 2310 5562 τιανῷ
2343 5493 2771 5563 ἀπροσδοκήτως
2804 5493 3160 5556 ἐπιπεσόντες
3196 5490 3292 5544 καὶ
3340 5490 3404 5558 τῇ
3442 5479 3539 5554 μετ’
3575 5472 3644 5526 (ιδ’

2138 5583 2232 5636 τοῦ
2294 5587 2544 5656 στρατιᾷ,
2610 5588 2818 5648 πάντας
2874 5587 3196 5654 ἐφόνευσαν,
3262 5580 3354 5634 τοῦ
3416 5565 3642 5634 Ἀντωνίου

2143 5675 2478 5739 σπεύσαντος
2511 5677 2608 5746 μὲν
2647 5673 2913 5746 βοηθῆσαι
2955 5676 3162 5739 αὐτοῖς,
3201 5672 3338 5742 πλὴν
3382 5661 3642 5731 ὑστερέων·

2143 5786 2254 5836 τος,
2281 5770 2373 5822 καὶ
2417 5769 2612 5840 μόνους
2671 5768 2797 5832 τοὺς
2858 5769 3081 5839 νεκροὺς
3126 5763 3434 5836 εύρηκότος.
3480 5758 3557 5813 ὀἱ
3595 5745 3642 5796 ο)
