3976 6204
471 283 576 346 987
1777 284 2105 348 JOANNIS
2145 286 2468 350 ZONARE
3599 297 3688 363 888

473 405 658 452 mente
691 403 886 466 captus
920 397 1238 468 putabatur.
1279 397 1472 468 Neque
1518 411 1651 452 vero
1685 413 1812 453 eum
1854 399 2052 464 solum,

2180 401 2455 471 εἰσεφοίτα,
2482 399 2577 455 καὶ
2593 397 2692 464 τὶς
2713 395 3049 472 πανηγύρεις
3071 399 3435 464 συνδιετίθετο.
3457 404 3545 471 τὰς
3559 409 3688 477 δίκας

473 490 571 544 sed
601 498 657 544 et
689 503 950 559 proceres
980 489 1100 559 ejus
1131 503 1199 543 eo
1224 487 1434 558 redegit
1468 489 1794 558 imposturis
1832 489 1969 553 suis,
1999 499 2061 544 ut

477 581 742 636 Romanis
772 579 1008 650 quisque
1035 594 1095 634 se
1124 579 1522 648 imperaturum
1555 589 1842 649 speraret:
1884 589 1941 637 et
2001 583 2058 636 in

472 673 746 742 Capitolio
770 674 862 742 jus
897 671 1106 737 dicere,
1163 682 1353 727 votum
1384 681 1439 726 et
1460 673 1848 742 jusjurandum
1881 675 2058 729 maxi-

475 781 624 820 mum
664 764 916 817 duceret.
958 761 1233 816 Antonius
1268 777 1403 815 vero
1449 761 1746 831 aliquando
1772 763 2054 818 acinacem

473 855 816 926 acciugebat,
863 867 920 910 et
975 855 1267 925 peregrina
1315 862 1470 908 veste
1502 854 1782 908 utebatur.
1818 854 1975 921 Quod
2011 856 2057 910 si

474 948 574 1014 illi,
608 948 986 1002 Romanorum
1033 947 1248 1001 consuli
1284 955 1341 1002 et
1376 947 1526 1008 duci,
1578 945 1796 1000 crimini
1824 947 2059 1001 dabatur

477 1055 768 1111 peregrina
792 1039 996 1094 vestis:
1021 1040 1194 1094 nostri
1227 1040 1488 1107 temporis
1511 1038 1674 1110 524
1701 1039 2059 1109 imperatores

479 1134 608 1202 quis
635 1131 1069 1202 reprehensione
1100 1131 1322 1199 eximat,
1349 1133 1440 1202 qui
1469 1148 1498 1185 a
1533 1131 1712 1199 patrio
1738 1131 1939 1186 vestitu
1968 1147 2058 1187 re-

477 1225 704 1290 cedunt,
757 1234 813 1281 et
854 1241 966 1281 non
1018 1225 1322 1293 interdum,
1369 1225 1462 1279 sed
1495 1225 1731 1280 subinde
1763 1225 2056 1280 barbarica

479 1329 634 1374 veste
684 1320 964 1373 utuntur?
1013 1317 1129 1374 Hoc
1178 1335 1360 1373 rerum
1393 1329 1536 1374 statu
1587 1318 1770 1373 Caesar
1798 1327 1853 1372 et
1892 1321 2060 1372 Anto-

480 1411 608 1466 nius
641 1411 706 1465 ad
758 1410 961 1466 bellum
992 1425 1050 1466 se
1089 1410 1375 1480 parabant,
1404 1420 1634 1479 uterque
1682 1411 1872 1464 multis
1894 1409 2060 1464 sociis

481 1505 769 1560 munitus:
803 1519 867 1558 ac
899 1504 1072 1557 multa
1102 1503 1266 1572 vulgo
1290 1501 1664 1572 iactabantur,
1697 1511 1753 1555 et
1775 1501 1929 1571 signa
1965 1501 2060 1556 ﬁe-

483 1598 636 1652 bant.
668 1596 800 1651 Nam
835 1596 890 1650 in
923 1593 1196 1649 sacriﬁcio
1222 1593 1458 1663 quodam
1498 1593 1693 1648 simius
1730 1594 1916 1646 fanum
1952 1592 2056 1648 Ce-

2159 508 2220 546 τε
2247 489 2597 561 συνεξήταζε,
2644 494 2740 545 καὶ
2781 493 3106 556 συνίππενε,
3164 493 3254 546 καὶ
3287 495 3344 547 ἐν
3371 498 3480 560 ταῖς
3505 499 3689 558 πόλεσιν

2171 586 2354 656 ἐκείνη
2413 586 2510 655 μὲν
2542 586 2600 638 ἐν
2621 576 2796 654 δίφρῳ
2852 584 3109 656 ἐφέρετο,
3151 585 3244 638 ὁδ’
3287 586 3550 654 Ἀντώνιος
3576 594 3688 665 πεζῇ

2167 677 2312 747 μετὰ
2344 679 2452 730 τῶν
2483 677 2757 746 εὐνούχων
2795 677 2964 746 αὐτῆς
3001 677 3304 746 ἠκολούθει·
3369 684 3690 754 συνεγράφετό

2161 781 2221 819 τε
2250 767 2413 834 αὐτῇ,
2457 766 2547 818 καὶ
2585 765 3008 829 συνεπλάττετο,
3047 765 3210 828 αὐτὸς
3247 767 3454 839 Ὄσιρις
3482 773 3568 826 καὶ
3592 777 3692 828 Διό.

2163 875 2325 921 νυσος
2357 857 2670 932 λεγόμενος,
2712 858 2896 928 ἐκείνη
2930 857 2988 910 δὲ
3019 856 3225 929 Σελήνη
3297 861 3389 913 καὶ
3430 857 3575 927 Ἶσις.
3615 865 3694 920 '0.

2161 951 2253 1003 θεν
2284 951 2504 1022 ἔκφρων
2533 952 2626 1004 ὑπ’
2651 951 2824 1020 αὐτῆς
2866 952 2932 1004 ἐκ
3015 952 3353 1020 μαγγανείας
3398 953 3694 1026 ἐδοξε,γεγο.

2160 1043 2331 1100 νέναι.
2365 1045 2472 1097 Καὶ
2509 1045 2610 1097 οὐκ
2660 1045 2865 1098 ἐκεῖνον
2908 1044 3094 1114 μόνον,
3141 1043 3280 1098 ἀλλὰ
3315 1047 3408 1099 καὶ
3450 1049 3562 1110 τοὺς
3587 1054 3694 1121 παρ’

2165 1134 2314 1203 αὑτῷ
2358 1135 2693 1205 δυναμένους
2729 1138 3133 1207 κατεγοήτευσε
3189 1139 3287 1191 καὶ
3317 1137 3605 1211 κατέδησεν,
3636 1143 3696 1207 ὡς

2162 1227 2384 1282 ἐλπίσαι
2421 1227 2645 1281 καὶτῶν
2689 1227 2976 1299 Ῥωμαίων
3001 1229 3211 1299 ἄρξειν,
3263 1230 3427 1300 εὐχήν
3458 1249 3511 1284 τε
3556 1237 3696 1288 ποιεί-

2164 1317 2290 1372 σθαι
2321 1320 2586 1390 μεγίστην
2616 1320 2712 1374 καὶ
2744 1321 2909 1391 ὅρκον
2941 1320 3000 1374 τὸ
3029 1322 3087 1374 ἐν
3109 1321 3190 1391 τῷ
3239 1323 3552 1391 Καπιτωλίῳ
3577 1325 3696 1380 δικά-

2162 1426 2276 1464 σαι.
2307 1412 2367 1465 Ὀ
2383 1411 2439 1466 δὲ
2467 1411 2750 1476 Ἀντώνιος
2775 1413 3044 1484 ἀκινάκην
3063 1430 3123 1466 τε
3147 1414 3324 1468 ἐνίοτε
3345 1416 3692 1486 παρεζώννυτο,

2164 1502 2261 1556 καὶ
2290 1503 2476 1573 ἐσθῆτι
2510 1505 2709 1575 ἐχρῆτο
2746 1505 2896 1576 παρὰ
2921 1505 2991 1560 τὰ
3015 1506 3249 1576 πάτρια.
3311 1507 3494 1578 Τούτῳ
3520 1510 3603 1578 μὲν
3625 1509 3696 1563 οὖν

2176 1595 2368 1664 ὑπάτῳ
2409 1595 2525 1648 ὄντι
2585 1597 2681 1650 καὶ
2743 1597 3036 1668 στρατηγῷ
3081 1597 3373 1669 Ῥωμαίων
3413 1601 3487 1662 είς
3512 1602 3696 1671 αίτίαμα

483 1689 624 1745 reris
667 1688 967 1760 ingressus,
1015 1686 1370 1742 conturbavit
1423 1686 1631 1740 omnia.
1692 1683 1844 1739 Multi
1896 1684 2053 1755 pueri

2180 1688 2422 1760 ἐλογίσθη
2473 1690 2507 1758 ἡ
2539 1687 2644 1755 ἔξω
2681 1688 2790 1741 τῶν
2823 1688 3072 1760 πατρίων
3129 1688 3336 1762 στολή·
3401 1693 3517 1755 τοὺς
3546 1693 3594 1746 δέ
3628 1694 3698 1747 νῦν

484 1779 671 1834 Romae
695 1779 1032 1849 congregati,
1073 1785 1130 1831 et
1171 1777 1226 1830 in
1268 1775 1562 1830 factionem
1603 1775 1968 1830 Antonianam
2001 1783 2057 1830 et

2180 1781 2402 1844 ίασιλεῖς
2435 1779 2726 1852 Ῥωμαίων
2773 1781 2934 1851 (85“)
2991 1781 3111 1845 πῶς
3180 1782 3252 1837 ἄν
3296 1799 3380 1846 τις
3405 1782 3698 1856 ἐξαιρήσαιτο

483 1870 848 1925 Caesarianam
882 1869 1068 1928 divisi.
1126 1867 1346 1921 nemine
1375 1866 1605 1938 jubente
1638 1866 1780 1919 inter
1813 1881 1933 1921 sese
1960 1867 2062 1922 de-

485 1968 801 2016 curtarunt:
857 1968 913 2014 et
963 1959 1057 2030 qui
1120 1960 1345 2013 Antonii
1408 1974 1605 2012 nomen
1670 1958 2058 2027 praeferebant,

485 2053 618 2108 victi
670 2062 818 2106 sunt.
876 2050 1134 2122 Ejusdem
1192 2060 1369 2103 statua
1436 2067 1743 2105 marmorea
1798 2052 2062 2122 sanguine

493 2144 756 2198 manavit.
812 2143 958 2213 Ignis
991 2143 1178 2196 fanum
1215 2142 1437 2197 Cereris
1487 2152 1544 2197 et
1581 2143 1706 2213 Spei
1734 2142 2060 2214 absumpsit.

489 2235 827 2291 Acciderunt
879 2242 935 2290 et
987 2235 1125 2289 alias
1187 2234 1350 2305 hujus
1378 2235 1617 2303 generis,
1663 2250 1898 2304 quorum
1932 2235 2062 2289 nihil

490 2343 589 2384 eos
621 2327 835 2383 terruit.
875 2327 1147 2382 Antonios
1178 2327 1324 2380 enim
1375 2327 1676 2392 lestiuarit,
1715 2337 1773 2381 ut
1803 2343 1900 2383 eos
1946 2328 2066 2382 ino-

492 2421 747 2490 pinantes
778 2421 833 2476 in
891 2419 1044 2475 Italia
1094 2419 1451 2488 opprimeret.
1482 2418 1586 2473 Sed
1617 2434 1742 2473 cum
1763 2420 2063 2490 Corcyram

491 2511 812 2581 appulisset,
838 2520 1004 2580 atque
1035 2510 1162 2564 inde
1194 2509 1248 2562 in
1275 2509 1709 2578 Peloponnesum
1739 2511 2066 2579 navigasset,

493 2603 674 2659 Patris
721 2601 1056 2665 hibernavit,
1111 2608 1165 2656 ct
1224 2597 1427 2654 milites
1482 2603 1684 2669 passim
1743 2602 2067 2658 distribuit:

491 2693 674 2746 Caesar
721 2706 852 2746 vero
888 2689 1204 2744 Brundusio
1237 2690 1477 2754 solvens,
1513 2700 1842 2762 tempestate
1875 2693 2072 2764 fatiga-

495 2795 587 2838 tus
624 2784 874 2839 recessit.

2170 1871 2378 1944 μώμων
2430 1871 2526 1925 καὶ¹
2589 1871 2902 1937 αίτιάσεως,
2956 1874 3532 1944 μεταμφιεννυμένους
3585 1879 3700 1946 παρὰ

2165 1964 2232 2018 τὰ
2247 1965 2474 2034 πάτρια,
2502 1965 2598 2018 καὶ
2623 1964 2721 2017 οὐκ
2751 1964 2944 2027 ἐνίοτε,
2969 1964 3060 2018 ἀεὶ
3087 1964 3144 2018 δέ
3181 1965 3544 2036 κεχρημένους
3557 1967 3701 2036 ἐσθῆτι

2169 2055 2510 2126 βαρϐαρικῇ;
2543 2053 2700 2108 Οὕτω
2753 2055 2852 2123 μὲν
2878 2053 2978 2108 οὖν
3027 2052 3108 2123 τῷ
3158 2071 3228 2107 τε
3297 2055 3526 2126 Καίσαρι
3550 2048 3700 2125 καὶτῷ

2179 2145 2447 2215 ’Δντωνίῳ
2483 2144 2785 2215 συνηνέχθη
2807 2147 2876 2198 τὰ
2901 2145 3235 2216 πράγματα,
3257 2145 3318 2197 Οί
3345 2144 3399 2198 δὲ
3416 2146 3699 2215 παρεσκευάο

2167 2236 2323 2303 ζοντο
2356 2237 2494 2308 πρὸς
2535 2237 2628 2290 τὸν
2663 2237 2925 2306 πόλεμον,
2973 2237 3222 2300 ἕκαστος
3276 2237 3496 2299 πολλοὺς
3525 2235 3700 2305 συμμά-

2167 2347 2294 2400 χους
2332 2329 2714 2401 προσειληφώς
2734 2345 2750 2362 ’
2788 2331 2884 2383 καὶ
2917 2329 3093 2384 πολλὰ
3128 2331 3292 2400 παρὰ
3321 2329 3426 2384 τῶν
3455 2328 3700 2399 ἀνθρώπων

2167 2421 2496 2492 ἐθρυλλεῐτο,
2533 2421 2705 2475 πολλὰ
2751 2421 2808 2475 δὲ
2871 2421 2968 2476 καὶ
3010 2425 3228 2492 σημεῖα
3268 2421 3525 2492 γεγόνασι.
3572 2421 3701 2489 Ilion-

2176 2514 2270 2577 κός
2293 2530 2354 2566 τε
2377 2513 2486 2584 γὰρ
2523 2515 2583 2577 ἐς
2615 2512 2675 2568 τὸ
2695 2516 3014 2585 Δημήτριον
3039 2515 3096 2569 ἐν
3141 2515 3434 2586 ἱερουργίᾳ
3454 2513 3548 2567 τινὶ
3570 2512 3704 2566 ttul-

2178 2604 2313 2669 θὼν,
2345 2604 2525 2658 πάντα
2588 2605 2658 2658 τὰ
2705 2605 2854 2658 ἔνδον
2902 2605 3149 2676 συνέχεε.
3219 2605 3328 2659 Καὶ
3387 2605 3556 2666 παῖδες
3583 2604 3630 2657 ἐν
3653 2604 3702 2670 τῇ

2195 2695 2384 2769 Ῥώμῃ
2413 2696 2604 2750 πολλοὶ
2634 2697 3043 2768 ἀθροισθέντες,
3097 2697 3463 2760 κελεύσαντος
3511 2692 3703 2766 μηδενὸς.

2197 2788 2492 2856 συνέμιξαν
2520 2789 2790 2862 ἀλλήλοις,
2811 2791 2861 2842 οί
2895 2790 2996 2861 μὲν
3033 2789 3110 2853 ὡς
3144 2790 3493 2860 Καισάρειοι,
3519 2789 3564 2840 oi
3582 2786 3628 2838 δὲ
3649 2783 3705 2846 ὡς

492 2876 590 2930 τοῦ
653 2877 942 2930 ’Λντωνίου
991 2877 1311 2947 μαχόμενοι,
1357 2877 1447 2931 καὶ
1479 2879 1791 2949 ἡττήθησαν
1828 2880 1876 2932 oi
1910 2881 1970 2933 τὸ
2005 2879 2098 2932 τοῦ
2145 2880 2430 2937 ’Δντωνίου
2482 2884 2655 2954 ὄνομα
2700 2886 2981 2956 φέροντες.
3031 2883 3224 2938 Είκιῖιν
3267 2900 3327 2936 τε
3379 2879 3529 2936 αὑτοῦ
3571 2877 3707 2953 λιθίνη

494 2964 635 3039 αἷμα
657 2969 845 3037 ἀνῆκε,
872 2968 964 3022 καὶ
997 2968 1105 3039 πῦρ
1132 2968 1193 3022 τό
1218 2985 1278 3022 τε
1321 2970 1635 3040 Δημήτριον
1663 2971 1757 3023 καὶ
1820 2971 1947 3024 ναὸν
2012 2970 2208 3043 ἕτερον
2282 2973 2529 3038 Ἐλπίδος
2557 2975 2854 3047 διέφθειρε,
2886 2976 2980 3029 καὶ
3042 2973 3192 3028 ἄλλα
3241 2973 3456 3028 τοιαῦτα
3485 2969 3706 3039 συμσίόη·

496 3085 614 3120 κεν.
646 3068 811 3120 Οὐδὲν
843 3065 899 3119 δέ
937 3064 1144 3119 τούτων
1175 3064 1372 3128 αὐτοὺς
1417 3066 1718 3133 ἐφόϐησενο
1770 3066 1886 3119 ἀλλ’
1914 3067 1943 3118 ὁ
2015 3067 2117 3137 μὲν
2161 3067 2442 3134 ’Δντώνιος
2501 3070 2784 3143 ὥρμησεν,
2843 3071 2921 3136 ὡς
2966 3071 3025 3124 δν
3079 3073 3152 3142 τῇ
3229 3068 3422 3140 Ἰταλίᾳ
3488 3065 3704 3133 ἀδοκήτως

495 3161 680 3221 αὐτοῖς
732 3157 824 3210 τὲν
877 3157 1116 3226 πόλεμον
1175 3155 1556 3225 ποιησόμενος.
1601 3155 1802 3209 Ἐλθὼν
1856 3157 1914 3210 δέ
1967 3159 2048 3222 είς
2087 3157 2382 3233 Κέρκυραν
2421 3163 2676 3218 κάκεῖθεν
2701 3165 2782 3227 είς
2814 3163 2912 3232 τὴν
2971 3162 3352 3234 Πελοπὸνησον
3383 3157 3703 3217 ἀναπλεύσας.

498 3255 660 3317 αὖτις
703 3254 800 3324 μὲν
835 3253 894 3304 ἐν
945 3252 1188 3320 Πάτραις
1222 3250 1624 3322 παρεχείμασε,
1676 3253 1803 3314 τοὺς
1867 3251 1925 3304 δὲ
1989 3255 2328 3324 στρατιώτας
2368 3259 2674 3330 πανταχόσε
2726 3257 3047 3329 διέπεμψεν·
3116 3257 3148 3311 6
3178 3256 3236 3312 δὲ
3291 3257 3495 3326 Καῖσαρ
3541 3248 3706 3335 ἀνήχθη

501 3350 600 3418 μὲν
648 3347 711 3398 ἐκ
757 3344 851 3398 τοῦ
883 3345 1222 3414 Βρεντεσίου,
1267 3344 1496 3414 χειμῶνι
1521 3343 1577 3398 δὲ
1611 3343 1925 3416 περιπεσὼν
1963 3347 2060 3399 καὶ
2099 3349 2357 3420 πονηθεὶς
2382 3351 2755 3422 ἀνεχώρησεν.

568 3437 762 3493 XXIX.
800 3438 941 3491 Vere
971 3436 1268 3506 incipiente
1297 3437 1570 3491 Antonius
1591 3451 1650 3491 se
1678 3452 1788 3490 non
1827 3450 2070 3492 commo-

2247 3443 2377 3496 KG’.
2441 3442 2754 3513 Ἦργμένου
2805 3441 2862 3496 δέ
2918 3441 3081 3512 ἔαρος
3120 3443 3151 3495 ό
3195 3440 3298 3513 μὲν
3363 3432 3703 3497 ’Λντώνιοςοῦ-

499 3532 599 3587 vit.
623 3530 760 3586 Nam
789 3529 908 3600 ejus
942 3528 1210 3583 classiarii
1243 3543 1309 3583 ex
1359 3528 1595 3591 diversis
1622 3529 1880 3597 gentibus
1908 3530 2076 3585 colle-

501 3625 598 3688 cti,
646 3638 770 3676 cum
821 3621 1015 3691 procul
1071 3619 1139 3674 ab
1185 3635 1253 3676 eo
1306 3621 1702 3675 hibernarent:
1747 3637 1925 3691 neque
1957 3637 2078 3678 sese

500 3715 852 3777 exercebant,
886 3725 941 3769 et
976 3713 1170 3768 morbo
1205 3729 1269 3768 ac
1298 3713 1616 3783 transfugiis
1665 3714 2074 3770 minuebantur.

501 3805 742 3876 Agrippa
796 3817 1016 3874 quoque
1065 3802 1319 3858 Methone
1367 3805 1576 3872 impetu
1618 3815 1799 3873 capta,
1855 3805 2078 3859 navium

504 3895 884 3950 onerariarum
911 3895 1175 3964 appulsus
1202 3893 1572 3960 observando,
1595 3903 1652 3948 et
1680 3896 1733 3949 in
1767 3896 1890 3950 aliis
1915 3903 2082 3966 atque

505 3988 628 4042 aliis
654 3987 877 4043 Graeciae
912 3987 1049 4040 locis
1078 4001 1378 4042 exsccusus
1435 3986 1722 4052 faciendo,
1784 3988 2081 4043 admodum

506 4093 634 4133 eum
665 4077 1041 4146 perturbabat.
1082 4076 1265 4132 Caesar
1297 4091 1428 4131 vero
1459 4087 1651 4132 omnes
1686 4079 1906 4144 milites,
1965 4094 2085 4133 om-

507 4179 606 4219 nes
635 4172 944 4227 senatores,
979 4179 1174 4218 omnes
1226 4165 1461 4233 equites,
1498 4180 1732 4234 quorum
1758 4157 1937 4235 aliqua
1967 4175 2087 4222 erat

507 4255 846 4321 auctoritas,
907 4256 1204 4311 Brundusii
1275 4259 1571 4314 convenire
1638 4260 1844 4329 jussit,
1906 4263 2084 4325 alios,

510 4355 571 4402 ut
619 4346 824 4417 aliquid
865 4347 1218 4419 adjutarent,
1274 4351 1454 4415 alios,
1515 4367 1585 4406 ne
1646 4353 1875 4406 seorsim
1924 4352 2090 4407 rebus

510 4438 667 4492 novis
736 4438 1022 4494 studerent
1073 4457 1088 4493 :
1143 4448 1311 4510 utque
1357 4442 1676 4497 ostenderet
1730 4458 1790 4497 se
1841 4442 2092 4497 maxima:

511 4529 1086 4600 prastantissimaaque
1147 4533 1318 4600 partis
1378 4533 1752 4589 Romanorum
1819 4549 2090 4588 consensu

513 4619 639 4672 niti.
692 4619 828 4676 Cum
887 4621 1063 4690 iisque
1120 4623 1271 4678 Ionio
1335 4623 1678 4689 transmisso,
1724 4635 1780 4680 et
1835 4626 2090 4696 Corcyra,

514 4723 680 4777 quam
739 4710 1063 4779 praesidiarii
1119 4714 1492 4782 reliquerant,
1551 4725 1748 4785 capta.
1814 4714 1867 4769 in
1927 4725 2089 4785 portu

2177 3531 2324 3600 δαμῆ
2377 3532 2623 3602 ἐκινήθη.
2695 3531 3003 3602 Σύμμικτοι
3042 3531 3156 3603 γὰρ
3216 3535 3280 3586 ἐκ
3332 3528 3527 3583 πολλῶν
3568 3521 3698 3578 ἐθνῶν

2178 3622 2330 3687 ὅντες
2353 3624 2400 3676 oi
2438 3627 2721 3694 τριῃρῖται
2770 3623 2938 3676 αὑτοῦ
2999 3624 3096 3676 καὶ
3165 3625 3356 3695 πόρρω
3411 3619 3705 3691 χειμάζονῑες

2177 3712 2274 3764 ἀπ’
2291 3712 2482 3779 αὐτοῦ,
2502 3714 2561 3767 οὗ
2569 3713 2615 3767 τ’
2635 3712 3028 3783 ἐγυμνάζοντο,
3049 3713 3146 3767 καὶ
3163 3713 3303 3785 νόσῳ
3318 3712 3409 3766 καὶ
3425 3705 3705 3777 αὐτομολίαις

2178 3803 2507 3873 ὴλάττωντο.
2536 3805 2644 3857 Καὶ
2667 3809 2694 3859 ὁ
2729 3806 3040 3875 ’Δγρίπττας
3074 3807 3177 3876 τὴν
3197 3805 3454 3874 Μεθώνην
3479 3794 3705 3866 κατασχὼν

2181 3893 2241 3958 ἐξ
2268 3893 2481 3963 ἐφόδου,
2510 3895 2604 3948 καὶ
2625 3895 2722 3957 τὰς
2755 3897 3058 3965 κατάρσεις
3079 3896 3196 3949 τῶν
3221 3896 3452 3950 ὁλκάδων
3469 3885 3705 3960 ἐπιτηρῶν,

2183 3985 2276 4038 καὶ
2311 3986 2610 4048 ἀποϐάσεις
2639 3986 2828 4040 ἄλλοτε
2852 3986 2990 4058 ἄλλῃ
3013 3987 3113 4056 τῆς
3157 3987 3404 4048 Ἑλλάδος
3427 3981 3705 4049 ποιούμενος.

2187 4075 2422 4146 ἰσχυρῶς
2459 4074 2622 4128 αὑτὸν
2651 4075 2923 4146 ἐθορύὸει.
2979 4076 3038 4129 'U
3061 4076 3120 4129 δὲ
3156 4080 3374 4147 Καῖσαρ
3407 4076 3594 4133 πάντας
3635 4064 3707 4136 μὲν

2183 4168 2310 4231 τοὺς
2340 4164 2699 4236 στρατιώτας,
2734 4167 2945 4230 πάντας
2969 4168 3026 4222 δέ
3061 4169 3192 4232 τοὺς
3227 4168 3539 4238 δυναμένους
3564 4157 3709 4212 τιτῶν

2189 4255 2496 4327 βουλευτῶν
2527 4257 2626 4311 καὶ
2656 4259 2867 4310 ίππέων
2910 4259 2990 4321 είς
3023 4258 3082 4310 τὸ
3107 4259 3424 4330 Βρεντέσιον
3469 4253 3708 4320 συνήγαγε.

2186 4348 2314 4412 τοὺς
2367 4347 2469 4416 μέν
2493 4349 2646 4412 ὅπως
2687 4349 2838 4418 αύτῷ
2869 4366 2922 4404 τι
2958 4350 3348 4420 συμπράξωσι,
3381 4347 3496 4408 τοὺς
3522 4344 3560 4396 δ’
3595 4342 3708 4400 δπφς

2194 4440 2271 4510 μὴ
2307 4441 2641 4508 μονωθέντες
2681 4458 2734 4493 τι
2762 4440 3148 4512 νεοχμώσωσι·
3205 4442 3302 4496 καὶ
3340 4439 3407 4494 ἵν’
3449 4432 3701 4499 ἐνδείξηται

2192 4533 2275 4586 ὅτι
2303 4531 2365 4585 τὸ
2397 4531 2647 4584 πλεῖστον
2682 4532 2776 4586 καὶ
2805 4532 3166 4602 κρατιστεῦον
3193 4532 3302 4586 τῶν
3331 4526 3591 4597 Ῥωμαίων
3610 4516 3709 4586 ὁμόο

2196 4642 2412 4695 γνωμον
2451 4625 2713 4695 κέκτηται
2734 4641 2749 4657 ·
2781 4627 2880 4678 καὶ
2903 4626 3003 4679 σὺν
3036 4626 3222 4689 αὐτοῖς
3249 4625 3341 4678 τδν
3378 4619 3546 4676 Ἰόνιον
3562 4608 3705 4668 διασέ·

2197 4716 2358 4786 δηκε,
2424 4717 2520 4768 καὶ
2570 4715 2669 4787 τὴν
2713 4716 3010 4788 Κέρκυραν
3063 4716 3440 4785 ἐκλειφθεῖσαν
3495 4707 3583 4762 ὑπὸ
3625 4698 3708 4753 τῶν

513 4796 682 4869 Glyce
729 4801 978 4870 appulit,
1035 4803 1128 4873 qui
1195 4819 1224 4857 a
1276 4803 1563 4861 dulcedine
1647 4805 1796 4860 ﬂuvii
1852 4806 1905 4860 in
1961 4820 2076 4860 eum

2199 4807 2578 4878 φρουρούντων
2598 4807 2799 4876 λαϐὼν,
2831 4810 2912 4873 είς
2930 4808 3022 4863 τὸν
3059 4809 3258 4878 λιμένα
3279 4807 3370 4860 τὸν
3398 4799 3584 4857 Γλυκὺν
3607 4805 3706 4846 κατ’

520 4892 807 4952 inﬂuentis
836 4912 1038 4954 nomen
1080 4899 1286 4954 habet:
1347 4900 1475 4956 inde
1520 4902 1736 4957 Actium
1793 4901 2092 4972 navigavit.

2201 4899 2322 4970 ἦρε.
2379 4901 2645 4955 Καλεῖται
2695 4901 2752 4955 δέ
2811 4900 2986 4964 οὕτως
3027 4902 3230 4956 ὅτι’ἐκ
3271 4898 3363 4953 τοῦ
3400 4878 3705 4962 ποταμοίῐτοὗ

1706 5014 1906 5076 Varitn
1959 5014 2270 5077 lectiones
2313 5021 2377 5078 et
2415 5021 2607 5078 notae.

495 5127 500 5132 ‘
591 5113 746 5183 (85“)
786 5112 932 5177 Τοὺς
978 5112 1046 5165 δὲ
1101 5113 1218 5167 νῦν
1279 5115 1561 5181 ,βασιλεῖς
1623 5114 1942 5183 Ῥωμαίων.
1995 5114 2096 5169 Hic

518 5197 686 5252 porro
739 5183 918 5251 carpit
956 5183 1194 5238 Zonaras
1240 5184 1602 5253 imperatores
1643 5194 1699 5238 et
1750 5182 1967 5240 Graecos
2011 5186 2096 5238 sui

521 5253 643 5310 aevi.
684 5255 775 5322 qui
813 5253 1041 5307 dimisso
1068 5255 1248 5323 patrio
1277 5253 1502 5313 veStitn,
1531 5253 1826 5308 barbarico
1867 5269 1961 5310 seu
1998 5268 2097 5308 ex-

523 5333 717 5378 traneo
743 5324 820 5376 uti
860 5323 1136 5393 amabant.
1167 5323 1375 5376 Scribit
1418 5323 1761 5392 Nicephorus
1802 5323 2097 5393 Gregoras,

522 5393 622 5446 lib.
671 5410 706 5448 ιι
747 5393 1012 5448 Joannem
1061 5392 1338 5447 Vatatzem
1386 5393 1518 5461 imp.
1559 5408 1684 5447 cum
1732 5392 1944 5448 videret
1990 5393 2102 5448 Ro-

524 5477 714 5518 manas
743 5462 1042 5532 divitiasin
1078 5462 1394 5532 peregrinas
1426 5471 1482 5516 et
1513 5473 1864 5532 sumptuosas
1889 5472 2096 5526 vestes,

529 5532 769 5596 Sericas,
799 5531 1073 5602 Assyrias,
1104 5531 1448 5600 Babylonius,
1477 5531 1652 5602 atque
1675 5533 1909 5596 Italicas,
1943 5533 2100 5586 vario

525 5616 588 5654 ac
618 5602 803 5657 solerti
855 5601 1089 5656 artiﬁcio
1124 5602 1403 5656 confectas
1442 5601 1651 5658 edundi
1679 5644 1694 5665 ,
1739 5602 1924 5656 edicto
1969 5616 2100 5656 san-

526 5670 708 5731 xisse,
757 5687 826 5727 ne
862 5671 987 5740 quis
1034 5671 1382 5737 subditorum
1439 5671 1508 5727 iis
1566 5681 1835 5735 uteretur.
1887 5671 2101 5740 sedriis

530 5741 773 5798 contenti
821 5739 1026 5812 esSent,
1059 5757 1194 5813 quas
1238 5742 1494 5803 Romana:
1546 5743 1844 5813 provincia:
1888 5739 2101 5810 pracbe-

2206 5123 2354 5186 rent.
2403 5114 2552 5186 Idem
2585 5117 2685 5170 lib.
2728 5133 2781 5170 XI
2811 5123 3127 5186 extraeum
3160 5113 3329 5186 etiam
3376 5120 3561 5186 morem
3592 5103 3704 5186 ἰητξς

2199 5185 2371 5239 luisse
2400 5185 2566 5260 tradit
2589 5187 2703 5260 _sub
2737 5185 3054 5260 Andronico
3087 5183 3388 5249 Palaaologo
3411 5171 3703 5260 Juniqt‘eLf‘

2202 5269 2397 5309 omnes
2443 5256 2627 5319 simul,
2653 5264 2723 5327 et
2747 5256 3122 5327 adolescentes
3149 5262 3208 5306 et
3248 5248 3404 5327 senes
3439 5248 3703 5327 Ρί,¹θίξ,ξ¹,¹ξζ

2203 5332 2417 5387 rentur,
2453 5340 2560 5380 non
2589 5315 2774 5380 minus
2798 5327 2852 5380 in
2886 5326 3088 5392 palatio
3115 5337 3281 5392 qutun
3311 5321 3367 5392 in
3388 5315 3539 5388 agris,
3569 5315 3701 5392 iis'qtte

2201 5373 3083 5469 saiiaiajnnjp‘fnii‘raganiger
3103 5373 3406 5469 agi-agam;
3474 5373 3697 5469 auara;

2205 5463 2334 5538 Liris
2368 5463 2494 5538 alii,
2525 5465 2618 5518 alii
2653 5449 2834 5534 Mysiis
2863 5475 2919 5519 et
2967 5449 3317 5538 ττίξιέιιιὲοῖεο
3362 5449 3447 5538 διὶί
3487 5449 3698 5538 stili-.33

2201 5514 2502 5603 asinina
2528 5514 2839 5594 aiat-exii}:
2868 5514 3117 5603 aqua
3139 5514 3390 5603 denique
3425 5527 3476 5579 in
3505 5514 3698 5603 readings

2201 5580 2562 5674 ohérvassve:
2593 5580 2851 5674 ὶάρό
2870 5580 3001 5674 “pi-ﬁ
3009 5580 3317 5658 (lentiores?
3332 5580 3696 5674 ειοῖιιὲὶεξᾨ,

2202 5681 2451 5748 quamAet
2492 5661 2706 5746 imperii
2748 5661 3192 5748 destructionem
3217 5708 3234 5732 ,
3266 5665 3363 5748 sed
3396 5661 3704 5748 otius-limiti"

2203 5737 2328 5802 rum
2361 5740 2524 5800 ﬁnem
2565 5737 2628 5801 ac
2656 5758 2874 5802 morum
2907 5743 3035 5802 inde
3063 5740 3224 5800 male
3252 5737 3606 5796 ominarcntur.
