3976 6204
341 283 450 347 839

1638 287 2042 348 ANNALIUM
2081 287 2157 349 LI
2169 288 2232 352 Β.
2271 289 2344 352 Χ.

3490 302 3600 365 890

344 393 427 456 είς
459 391 626 446 αύτὺν
653 389 1019 461 ἐμϐάλλοντος
1063 389 1432 459 γλυκαίνεται.
1463 390 1731 447 Κάκεῖθεν
1760 395 1840 457 είς
1868 394 1928 446 τδ

2033 393 2168 450 Cum
2198 411 2362 452 nemo
2401 405 2590 453 contra
2639 397 2867 453 classem
2901 399 3182 470 educeret,
3216 421 3395 477 neque
3443 413 3605 480 quid-

349 487 576 539 Ἄκτιον
605 483 777 538 ἔπλει.
828 483 913 545 '0;
942 483 988 534 δ’
1027 483 1200 546 οὐδεὶς
1230 482 1353 536 οὔτε
1401 483 1673 546 ἀντέπλει,
1708 483 1830 538 οὗτε
1861 488 1918 550 ἐς

346 579 541 648 λόγους
577 576 666 647 ᾔει
723 575 896 646 αὐτῷ,
933 575 964 647 ἢ
995 577 1132 646 πρδς
1165 575 1346 646 μάχην
1375 575 1406 644 ἢ
1440 575 1577 646 πρὸς
1627 575 1918 645 ὁμολογίαν

343 670 742 738 ἐκκαλουμένῳ
771 667 897 731 τοὺς
957 667 1256 730 ἐναντίους,
1305 667 1568 720 κατέλαϐε
1619 669 1678 720 τὸ
1721 668 1921 737 χωρίον

345 765 508 818 τοῦτο
539 765 598 816 ἐν
627 755 671 830 ᾧ
703 758 799 813 νῦν
819 765 966 814 ἐστιν
995 763 1029 830 ἡ
1071 760 1390 822 Νικόπολις,
1425 761 1534 812 κάκ
1562 759 1755 812 τούτου
1784 760 1921 828 ἐφή-

345 858 509 927 δρευε
536 854 615 925 τῷ
657 853 858 924 Ἀκτίῳ
891 852 1033 905 κατὰ
1062 855 1168 921 γῆν
1195 868 1254 903 τε
1285 853 1380 904 καὶ
1420 851 1717 905 θάλασσαν.
1770 851 1842 902 Τὸ
1865 849 1923 902 δέ

347 950 572 1000 ’Ἄκτιον
622 947 673 998 οί
743 944 840 997 τοῦ
911 943 1208 996 ’Δντωνίου
1274 941 1783 1014 προκατελάϐοντο,
1831 942 1926 994 καὶ

345 1038 582 1110 πύργοις
631 1036 935 1108 ὠχύρωσαν
973 1034 1334 1104 ἑκατέρωθεν.
1394 1035 1550 1087 Ἐπεὶ
1590 1033 1648 1086 δὲ
1701 1033 1802 1105 τὴν
1830 1034 1924 1087 τοῦ

346 1129 631 1198 Καίσαρος
689 1125 873 1194 ἄφιξιν
928 1125 1160 1178 ἐπύθετο
1213 1126 1242 1178 6
1308 1127 1630 1190 Ἀντώνιος,
1685 1125 1924 1195 ἠπείχθη

351 1219 493 1289 μετὰ
541 1219 650 1272 τῶν
686 1218 814 1288 περὶ
851 1217 1018 1270 αὐτὸν
1072 1219 1152 1281 είς
1182 1217 1244 1270 τὸ
1298 1217 1554 1270 Ἀκτιονο
1619 1217 1720 1269 οὐκ
1767 1217 1930 1279 εὐθὺς

351 1311 536 1380 μέντοι
565 1311 661 1364 καὶ
692 1309 1021 1379 ἠγωνίσατο,
1061 1308 1242 1361 καίτοι
1300 1306 1395 1362 τοῦ
1443 1307 1719 1377 Καίσαρος
1765 1307 1930 1360 παντὶ

344 1403 500 1472 τόπῳ
527 1405 604 1464 είς
636 1402 822 1470 ἀγῶνα
846 1399 1035 1454 τοῦτον
1062 1398 1362 1468 ἐνάγοντος
1383 1415 1396 1427 ο
1444 1397 1860 1470 ἀκροϐολισμοῖς
1884 1397 1929 1449 δ’

347 1497 440 1549 ἐπὶ
473 1497 690 1559 πλείους
715 1495 930 1567 ἡμέρας
955 1495 1265 1565 ἐχρήσατο,
1301 1494 1463 1563 μέχρι
1511 1492 1831 1562 συνήθροισε
1864 1492 1932 1544 τά

350 1587 756 1660 στρατεύματα.
796 1588 854 1640 '0
885 1587 943 1641 δὲ
971 1589 1187 1656 Καῖσαρ
1229 1588 1309 1648 εἰς
1341 1585 1442 1654 τὴν
1477 1584 1705 1638 Ἐλλάδα
1737 1585 1839 1652 τήν
1870 1599 1929 1635 τε

350 1679 691 1734 Μακεδονίαν
744 1679 961 1750 ἔπεμψε
1001 1679 1286 1750 στρατιὰν,
1342 1680 1493 1740 ὅπως
1551 1678 1687 1748 πρὸς
1746 1677 1930 1728 ἐκεῖνα

2031 503 2197 557 quam
2233 491 2315 542 vel
2373 491 2440 544 ad
2489 505 2724 560 pugnam
2784 492 2867 546 vel
2920 494 2986 548 ad
3045 494 3380 552 deditionem
3417 501 3603 561 hostes

2027 579 2351 646 provocanti
2401 582 2841 650 responderent:
2883 599 3009 639 eum
3061 589 3351 658 occupavit
3393 591 3599 660 locum,

2023 668 2078 722 in
2117 685 2226 739 quo
2279 686 2426 726 nunc
2477 681 2562 726 est
2608 673 2901 744 Nicopolis,
2958 677 3144 747 ibique
3188 679 3333 735 circa
3382 682 3598 741 Aetium

2025 768 2171 813 terra
2201 762 2448 831 marique
2474 764 2738 818 stationes
2763 766 2975 822 habuit.
3009 769 3143 823 Nam
3174 770 3349 839 ipsum
3382 773 3598 831 Actium

2024 851 2322 907 Antoniani
2352 866 2788 924 prmoccnpatum
2823 860 3070 914 turribus
3095 863 3353 933 utrinque
3386 868 3603 923 munie-

2025 952 2171 997 rant.
2209 945 2480 1002 Antonius
2511 947 2752 1002 adventu
2790 949 3020 1007 Caesaris
3051 955 3289 1023 cognito.
3323 972 3448 1010 eum
3487 961 3602 1016 suis

2027 1036 2244 1091 Actium
2276 1039 2630 1108 properavit:
2689 1039 2847 1110 525
2883 1045 2978 1098 sed
3012 1060 3122 1099 non
3153 1047 3338 1100 statim
3394 1065 3605 1120 pugna-

2031 1128 2127 1193 vit,
2165 1130 2414 1198 quamvis
2461 1145 2490 1183 a
2534 1130 2745 1186 Caasare
2783 1135 2958 1190 modis
3010 1138 3269 1193 omnibus
3300 1139 3604 1198 lacessere-

2029 1227 2158 1277 tur:
2199 1221 2573 1275 tumultuariis
2606 1233 2788 1278 tamen
2839 1228 3037 1295 pugnis
3075 1243 3172 1296 per
3203 1230 3322 1284 dies
3355 1234 3606 1303 complu-

2029 1325 2121 1365 res
2146 1313 2400 1376 certavit,
2435 1313 2615 1368 donec
2655 1315 3010 1371 conduxisset
3041 1334 3172 1373 suos
3203 1322 3501 1376 exercitus.
3536 1324 3606 1378 At

2028 1401 2210 1457 Caesar
2241 1404 2294 1457 in
2325 1404 2586 1459 Graciam
2621 1417 2675 1460 et
2710 1406 3082 1462 Macedoniam
3113 1411 3262 1465 misit
3307 1414 3517 1482 capias,
3546 1423 3606 1468 ut

2031 1495 2330 1549 Antonium
2367 1497 2452 1550 vel
2485 1497 2714 1551 invitum
2768 1498 2898 1552 illuc
2947 1502 3310 1568 pertraheret.
3365 1505 3605 1575 Agrippa

2033 1585 2216 1640 subito
2255 1601 2476 1640 accessu
2503 1586 2754 1642 Leucade
2787 1597 2842 1642 et
2867 1591 3098 1644 navibus
3151 1593 3298 1648 illius
3327 1595 3432 1648 loci
3467 1599 3610 1664 poti-

2036 1683 2126 1730 tus
2149 1685 2254 1735 est,
2309 1677 2500 1731 Patras
2552 1679 2720 1746 cepit,
2771 1679 3100 1736 Corinthum
3150 1684 3217 1737 ad
3270 1685 3604 1742 deditionem

353 1771 658 1844 μενετὲγκῃ
691 1771 785 1824 καὶ
811 1771 1016 1824 ἄκοντα
1038 1772 1130 1825 τὸν
1152 1770 1461 1824 Ἀντώνιον.
1493 1769 1604 1822 Καὶ
1641 1769 1670 1820 6
1694 1768 1931 1835 Ἀγρίπ-

2034 1767 2318 1836 compulit.
2354 1768 2513 1823 Titus
2557 1769 2771 1826 Marcus
2816 1781 2872 1826 et
2902 1772 3116 1829 Taurus
3144 1774 3410 1842 Statilius,
3449 1780 3605 1846 equi-

351 1879 460 1924 πας
483 1861 583 1931 τῆς
613 1878 672 1914 τε
694 1862 965 1925 Λευκάδος
993 1863 1088 1915 καὶ
1114 1862 1224 1914 τῶν
1254 1863 1313 1915 ἐν
1361 1860 1534 1932 ταύτῃ
1580 1859 1805 1927 σκαφῶν
1841 1860 1927 1912 al-

350 1955 575 2022 φνιδίως
597 1953 934 2017 ἐπιπλεύσας
964 1953 1258 2024 ἐκράτησε,
1297 1953 1392 2006 καὶ
1421 1954 1643 2022 Πάτρας
1687 1945 1801 2004 εἷλε
1835 1951 1931 2004 καὶ

347 2044 450 2108 τὴν
483 2043 745 2113 Κόρινθον
779 2047 1180 2114 παρεστήσατο.
1215 2045 1325 2098 Kal
1357 2045 1386 2095 6
1427 2044 1592 2106 Τῖτος
1626 2045 1652 2096 ὁ
1683 2044 1929 2114 Μάρκος,

350 2134 566 2206 Ταῦρός
625 2153 682 2188 τε
714 2138 742 2188 6
770 2135 1049 2197 Στατίλιος
1105 2135 1167 2188 τὸ
1215 2135 1442 2189 ἱππικὸν
1485 2133 1581 2188 τοῦ
1645 2133 1930 2188 Ἀντωνίου

349 2226 549 2296 ἁθρόον
587 2224 953 2296 ἐκδραμόντες
986 2225 1268 2295 συνέσχον,
1300 2227 1396 2280 καὶ
1417 2226 1745 2294 Φιλάδελφον
1775 2225 1932 2295 βασι-

352 2319 450 2371 λέα
480 2318 866 2389 Παφλαγονίας
892 2319 1384 2389 προσεποιήσαντο.
1421 2318 1533 2371 K-al
1556 2319 1584 2372 6
1613 2315 1865 2387 Δομίτιος
1899 2315 1930 2368 6

353 2411 542 2474 Γναῖος
562 2414 656 2464 καὶ
685 2410 837 2466 ἄλλοι
859 2410 939 2480 τῷ
981 2411 1222 2480 Καίσαρι
1251 2409 1707 2481 προσεχώρησαν.
1756 2407 1932 2476 Φοϐηο

353 2502 469 2566 θεὶς
495 2503 592 2557 οῦν
620 2505 650 2556 6
680 2503 992 2569 Ἀντώνιος,
1026 2503 1101 2575 μὴ
1155 2504 1266 2557 ὅσοι
1323 2505 1380 2566 ἐς
1433 2503 1536 2573 τὴν
1591 2499 1934 2555 Μακεδονίαν

357 2595 453 2648 καὶ
475 2594 573 2664 τὴν
587 2594 805 2666 Θρᾴκην
838 2595 1197 2665 ἐπέμφθησαν
1220 2593 1352 2664 παρ’
1382 2591 1571 2660 αὐτοῦ,
1598 2592 1674 2662 τῷ
1694 2591 1933 2660 Καίσαρι

359 2687 725 2759 πρόσθωνται,
751 2688 980 2758 ὥρμησε
1014 2686 1151 2758 πρὸς
1182 2683 1414 2748 αύτούς.
1464 2685 1582 2737 Κάν
1603 2682 1782 2753 τούτῳ
1807 2699 1937 2734 ναυ-

358 2779 533 2849 μαχία
559 2796 644 2842 τις
677 2779 932 2847 συνέστη,
979 2779 1075 2831 καὶ
1124 2777 1275 2846 παρὰ
1305 2775 1402 2846 μὲν
1432 2777 1499 2846 τῇ
1537 2772 1733 2844 πρώτῃ
1768 2788 1936 2842 προσ·

354 2870 484 2942 ϐολῇ
529 2869 827 2941 ἐτρέψαντο
868 2872 917 2924 oi
960 2870 1052 2923 τοῦ
1120 2867 1409 2922 ’Δντωνίου
1475 2869 1602 2930 τοὺς
1653 2864 1934 2934 Καίσαρος

354 2961 575 3030 ὀλίγους
635 2961 820 3022 ὄντας.
875 2959 984 3013 Τοῦ
1043 2959 1101 3013 δέ
1144 2958 1477 3031 ’Δγρίππου,
1526 2950 1570 3026 ᾧ
1605 2958 1714 3010 πᾶν
1755 2957 1936 3010 ἀνεῖτο

301 3064 307 3069 ’
357 3054 424 3108 se
443 3053 541 3107 τοῦ
573 3053 848 3123 Καίσαρος
884 3053 1156 3118 ναυτικὸν,
1199 3051 1342 3106 κατὰ
1366 3054 1536 3122 τύχην
1561 3050 1935 3121 ἐπιδημήσαν-
1961 3093 2002 3152 C

352 3157 468 3206 τος,
492 3143 552 3196 ού
579 3144 737 3212 μόνον
759 3143 910 3196 ούδέν
935 3143 1036 3213 τῆς
1055 3143 1214 3215 νίκης
1240 3145 1289 3196 οἱ
1315 3141 1410 3197 τοῦ
1453 3143 1741 3196 Ἀντωνίου
1774 3141 1930 3197 ἀπώ-

353 3251 539 3300 ναντο,
566 3235 700 3288 ἀλλὰ
736 3237 830 3289 καὶ
851 3236 1150 3290 ἀπώλοντο.
1189 3235 1299 3290 Καὶ
1321 3235 1408 3289 διὰ
1436 3236 1596 3290 τοῦτο
1621 3235 1933 3290 ἐπανελθὼν

354 3324 385 3376 6
426 3323 710 3387 ’Δντώνιος
745 3324 1060 3396 ἱππομαχίᾳ
1090 3327 1201 3378 τινί
1221 3327 1360 3397 πρὸς
1393 3327 1494 3397 τὴν
1523 3325 1620 3379 τοῦ
1651 3327 1934 3396 Καίσαρος

353 3411 713 3482 προφυλακὴν
741 3412 975 3482 ἡττήθη.
1007 3413 1117 3466 Καὶ
1152 3413 1277 3465 ἐπεὶ
1316 3413 1384 3465 τά
1434 3411 1722 3482 ἐπιτήδεια
1771 3412 1934 3464 αὐτὸν

354 3504 597 3574 ἤρξαντο
617 3505 942 3568 ἐπιλείπειν,
971 3504 1170 3576 βουλὴν
1193 3505 1498 3575 ἐποιήσατο
1534 3503 1764 3574 πότερον
1790 3500 1935 3555 κατὰ

354 3595 544 3667 χώραν
579 3597 867 3666 μείναντες
896 3595 1450 3662 διακινδυνεύσουσιν,
1495 3595 1528 3664 ἢ
1568 3593 1935 3664 μεταστάντες

355 3693 535 3762 χρόνῳ
558 3690 652 3745 τὸν
690 3690 929 3760 πόλεμον
951 3691 1294 3758 διενέγκωσι.
1331 3688 1444 3743 Kal
1469 3687 1626 3742 ἄλλοι
1662 3688 1761 3757 μὲν
1796 3686 1933 3741 ἄλλα

356 3781 806 3847 συνεϐούλευσαν,
857 3784 892 3853 ή
927 3782 984 3835 δέ
1029 3799 1093 3849 γε
1138 3780 1488 3852 Κλεοπάτρα,
1522 3779 1592 3832 τὰ
1644 3776 1933 3846 ἐπικαιρό-

353 3892 495 3931 τατα
529 3875 640 3928 τῶν
671 3873 885 3946 χωρίων
915 3875 1182 3950 φρουραῖς
1253 3870 1650 3942 παραδοθῆναι,
1683 3872 1778 3922 καὶ
1809 3869 1935 3930 τοὺς

353 3965 578 4028 λοιποὺς
606 3965 913 4033 συναπᾶραι
943 3965 1127 4026 αὐτοῖς
1154 3964 1235 4026 είς
1268 3961 1371 4032 τὴν
1396 3963 1671 4029 Αιγυπτον
1699 3958 1934 4029 συμϐου-

355 4058 624 4124 λεύσασα,
650 4057 921 4128 ἐνίκησεν
950 4057 1043 4120 Εἰς
1077 4055 1136 4107 δὲ
1163 4055 1367 4124 ταύτην
1399 4047 1530 4118 ἦλθε
1559 4053 1658 4120 τὴν
1708 4050 1936 4119 γνώμην

357 4151 468 4205 ὑπὸ
498 4150 741 4222 σημείων
791 4147 1178 4220 θορυϐηθεῖσα,
1205 4145 1299 4200 καὶ
1326 4146 1392 4199 ἐκ
1423 4143 1524 4213 τῆς
1551 4143 1644 4196 τοῦ
1675 4141 1936 4212 στρατεύ-

355 4261 527 4316 ματος
551 4243 790 4314 ἀθυμίας
834 4243 931 4296 καὶ
958 4238 1273 4312 ἀρρωστίας
1298 4236 1542 4300 δείσασα,
1565 4239 1658 4288 καὶ
1685 4233 1775 4286 τὸν
1816 4233 1935 4286 ’Λν-

285 4405 308 4419 ⁴
354 4337 549 4392 τώνιον
601 4335 950 4404 ἐξεφόϐησεν.
997 4333 1073 4386 Ού
1135 4331 1321 4401 μέντοι
1376 4329 1576 4398 λάθρα,
1644 4325 1767 4378 οὐδὲ
1827 4324 1934 4394 μὴν

2033 1862 2205 1910 tatum
2231 1859 2456 1912 Antonii
2508 1859 2689 1915 subita
2718 1865 3046 1920 excursione
3083 1879 3368 1935 ceperunt,
3401 1879 3455 1924 et
3480 1869 3606 1924 Phi-

2032 1948 2346 2018 ladelphum
2383 1949 2764 2021 Paphlagonia:
2802 1969 2984 2023 regem
3034 1955 3086 2011 in
3118 1972 3245 2012 suas
3281 1967 3462 2026 partes
3493 1967 3606 2014 tra-

2031 2039 2328 2095 duxerunt.
2360 2039 2461 2096 Cn.
2496 2043 2625 2097 item
2653 2044 2923 2100 Domitius
2953 2055 3010 2101 et
3038 2047 3127 2100 alii
3153 2047 3220 2102 ad
3255 2047 3521 2105 Caesarem
3546 2066 3606 2104 se

2031 2133 2406 2188 contulerunt.
2457 2135 2680 2190 Veritus
2727 2136 2896 2206 igitur
2945 2138 3238 2205 Antonius,
3294 2155 3363 2194 ne
3399 2141 3434 2194 ii
3465 2157 3606 2210 quos

2033 2224 2090 2278 in
2137 2225 2508 2280 Macedoniam
2553 2235 2608 2280 et
2653 2227 2946 2282 Thraciam
2988 2228 3248 2290 misisset,
3287 2229 3429 2282 idem
3457 2229 3606 2285 face-

2032 2325 2176 2382 rent,
2203 2317 2272 2371 ad
2302 2331 2398 2372 eos
2423 2319 2760 2388 properavit.
2793 2319 3010 2374 Interea
3047 2319 3341 2375 conﬂictus
3380 2323 3606 2391 quidam

2034 2411 2170 2464 mari
2218 2411 2395 2467 factus
2429 2421 2557 2467 est:
2605 2421 2661 2466 et
2691 2411 3012 2478 Czesariani,
3061 2415 3223 2483 pauci
3256 2429 3508 2479 numero,
3537 2413 3606 2468 ab

2030 2499 2361 2555 Antonianis
2407 2501 2681 2572 principio
2721 2502 2886 2570 pulsi.
2938 2501 3042 2556 Sed
3099 2503 3330 2558 fortuito
3357 2504 3608 2573 Agrippa:

2033 2601 2392 2660 superventu.
2427 2593 2520 2662 qui
2547 2594 2644 2648 toti
2671 2592 2993 2648 Casariana:
3019 2595 3177 2649 classi
3213 2605 3467 2664 praeerat.
3533 2593 3611 2648 fa-

2033 2690 2182 2738 ctum
2199 2691 2306 2748 est,
2329 2692 2388 2738 ut
2416 2683 2494 2738 illi
2524 2699 2630 2736 non
2664 2682 2827 2738 modo
2859 2685 3072 2738 nullum
3106 2685 3344 2740 victoriae
3370 2685 3607 2740 fructum

2034 2785 2316 2843 caperent,
2341 2774 2436 2829 sed
2459 2775 2626 2829 etiam
2657 2773 2972 2830 interirent.
2999 2777 3117 2840 Qua
3144 2774 3213 2829 de
3234 2789 3400 2829 causa
3423 2787 3610 2829 rever-

2034 2880 2128 2921 sus
2157 2864 2450 2931 Antonius,
2479 2865 2718 2935 equestri
2763 2865 3064 2920 certamine
3104 2881 3230 2920 cum
3271 2864 3464 2934 primis
3486 2863 3609 2920 Cae-

2035 2961 2173 3015 saris
2198 2959 2446 3015 excubiis
2470 2975 2816 3031 congressus,
2846 2959 3158 3015 succubuit.
3200 2959 3267 3012 Et
3303 2963 3429 3028 quia
3453 2973 3610 3013 com-

2037 3059 2246 3106 meatus
2291 3052 2522 3120 penuria
2581 3051 2832 3106 laborare
2884 3050 3199 3120 incipiebat,
3245 3049 3479 3104 concilio
3521 3049 3607 3104 in-

2036 3146 2202 3202 ducto
2245 3146 2592 3208 deliberavit,
2649 3161 2718 3199 an
2775 3143 3130 3209 manendum,
3185 3151 3241 3197 et
3272 3141 3461 3196 martis
3489 3140 3606 3194 alea

2034 3237 2434 3306 perielitanda:
2487 3252 2554 3290 an
2607 3250 2740 3288 vero
2784 3234 2894 3288 alio
2945 3234 3284 3300 abeundum,
3313 3241 3370 3286 et
3400 3231 3605 3286 bellum

2036 3327 2344 3382 ducendum
2375 3336 2541 3382 esset.
2593 3326 2732 3381 Aliis
2758 3325 2909 3379 aliud
2961 3323 3334 3386 censentibus,
3373 3323 3606 3392 Cleopa-

2035 3427 2132 3479 trre
2171 3419 2442 3474 sententia
2486 3417 2637 3480 vicit,
2674 3426 2735 3471 ut
2781 3414 3266 3486 Opportunissimis
3294 3414 3430 3468 locis
3462 3428 3606 3484 pra:-

2035 3511 2173 3565 sidia
2207 3512 2644 3579 imponerentur,
2671 3508 2856 3564 caeteri
2883 3523 3071 3562 secum
3103 3507 3156 3560 in
3186 3505 3478 3576 Egyptum
3505 3520 3610 3558 na-

2036 3602 2306 3671 vigarent.
2335 3602 2393 3655 ω
2422 3611 2603 3655 autem
2638 3600 2855 3655 consilii
2892 3599 3059 3668 cepit,
3095 3607 3208 3651 tum
3238 3597 3386 3666 quod
3419 3595 3609 3665 prodi-

2034 3693 2138 3763 giis
2165 3692 2495 3762 quibusdam
2527 3693 2860 3754 terrebatur,
2884 3700 2998 3743 tum
3025 3690 3152 3759 quia
3202 3689 3480 3754 exercitus
3505 3688 3605 3742 de-

2036 3785 2410 3854 sperationem
2442 3793 2498 3836 et
2530 3783 2781 3837 morbum
2813 3783 3038 3837 timebat
3064 3799 3078 3834 :
3115 3780 3355 3834 Antonio
3386 3794 3606 3848 quoque

2037 3884 2305 3931 terrorem
2357 3874 2609 3928 incussit.
2665 3873 2770 3928 Sed
2802 3873 2930 3942 quia
2980 3887 3160 3942 neque
3207 3870 3370 3931 clam,
3428 3885 3606 3938 neque

2035 3967 2201 4021 etiam
2235 3973 2424 4035 aperte
2450 3974 2709 4034 tanquam
2745 3964 3016 4034 fugientes
3045 3963 3196 4017 abire
3224 3962 3501 4026 volebant,
3537 3975 3606 4014 ne

2035 4057 2207 4113 sociis
2239 4065 2508 4112 terrorem
2557 4058 2891 4121 incuterent,
2942 4056 3039 4110 sed
3099 4064 3357 4123 tanquam
3403 4053 3468 4106 ad
3503 4068 3604 4122 pu-

2036 4164 2198 4219 gnam
2253 4149 2429 4219 parati
2484 4149 2717 4204 navibus
2775 4148 2999 4217 optimis
3047 4145 3307 4208 delectis.
3365 4153 3421 4199 et
3476 4143 3605 4210 quia

2036 4242 2233 4297 morbo
2264 4252 2321 4297 et
2355 4242 2667 4312 transfugiis
2689 4241 2958 4310 remigum
2992 4238 3314 4293 imminutus
3347 4245 3465 4290 erat
3499 4251 3605 4289 nu-

2037 4350 2248 4398 merus,
2299 4334 2530 4403 reliquis
2580 4333 2860 4397 crematis,
2912 4341 2968 4386 et
2997 4340 3159 4384 noctu
3192 4326 3608 4398 pretiosissimis

361 4429 613 4500 φανερῶς
639 4427 938 4481 ἐκπλεῦσαι
969 4425 1046 4487 ὡς
1077 4423 1371 4493 φεύγοντες
1408 4417 1823 4481 ἐϐουλεύσαντο,
1843 4415 1931 4467 ἴνα

2039 4426 2353 4498 quibusque
2406 4427 2576 4482 rebus
2619 4425 2758 4479 clam
2813 4423 2999 4486 illatis,
3052 4422 3120 4477 ad
3159 4421 3607 4488 navigandumse

359 4524 440 4594 μὴ
467 4525 548 4586 είς
601 4521 720 4586 δέος
769 4521 898 4582 τοὺς
946 4517 1271 4587 συμμάχους
1313 4509 1667 4583 ἐμϐάλωσιν·
1703 4507 1818 4560 ἀλλ’
1855 4505 1933 4567 ib;

353 4616 450 4670 ἐπὶ
503 4612 810 4682 ναυμαχίαν
873 4607 1441 4680 παρασκευαζόμενοι,
1506 4600 1800 4656 κάντεῦθεν
1865 4597 1934 4651 τὰ

353 4711 553 4780 ἄριστα
583 4706 689 4759 τῶν
713 4703 935 4771 σκαφῶν
955 4697 1436 4778 ἐκλεξάμενοι,δτι
1480 4695 1544 4747 ἐκ
1595 4693 1695 4762 τῆς
1728 4690 1936 4761 φθορᾶς

351 4819 415 4854 τε
449 4803 544 4855 καὶ
573 4801 670 4870 τῆς
693 4795 1024 4866 αὐτομολίας
1068 4795 1116 4846 oi
1161 4792 1352 4861 ἐρέται
1383 4787 1720 4858 ὴλάττωντο,
1765 4781 1928 4836 κατέ-

361 4907 588 4963 πρησαν
614 4890 682 4943 τὰ
706 4887 891 4952 λοιπὰ,
922 4886 1018 4940 καὶ
1054 4883 1272 4952 νύκτωρ
1311 4881 1491 4934 πάντα
1521 4879 1590 4932 τὰ
1622 4875 1936 4947 τιμιώτατα

353 4985 634 5058 λαθραίως
673 4981 1008 5053 ἐμϐαλόντες
1071 4978 1279 5040 αὐτοῖς,
1336 4973 1534 5042 ῑτοιμα
1591 4972 1668 5032 είς
1702 4968 1935 5022 ἐκπλουν

355 5057 647 5148 ἐποίησαν.
675 5074 784 5128 Kal
814 5073 940 5134 τοὺς
987 5066 1324 5140 στρατιώτας
1377 5061 1761 5134 παρεθάρρυνε
1797 5057 1938 5129 πρὸς

353 5173 456 5240 τὴν
482 5167 817 5238 ναυμαχίαν,
849 5162 1158 5233 διαλεχθεὶς
1195 5159 1376 5222 αὐτοῖς
1413 5157 1444 5208 6
1484 5153 1793 5216 Ἀντώνιος.
1826 5154 1936 5206 Kal

353 5257 530 5321 οὕτως
561 5256 772 5315 πάντας
801 5254 901 5324 μὲν
923 5253 1049 5314 τοὺς
1075 5250 1327 5319 πρώτους
1356 5247 1464 5300 τῶν
1496 5245 1764 5298 συνόντων
1787 5241 1937 5312 αὑτῷ

353 5347 435 5410 είς
458 5346 560 5409 τὰς
585 5344 719 5408 ναῦς
743 5342 1080 5403 ἐνεϐίϐασεν,
1107 5340 1193 5392 ῐνα
1223 5338 1294 5408 μή
1321 5355 1372 5390 τι
1400 5336 1826 5406 νεωτερίσωσιν,
1851 5334 1932 5396 ώς

354 5441 384 5494 6
421 5439 638 5502 Λόλλιος
664 5440 758 5491 καὶ
782 5435 931 5490 ἄλλοι
965 5434 1108 5494 τινὲς
1137 5431 1612 5500 αὐτομολήσαντες
1636 5446 1652 5460 ο
1673 5429 1935 5495 παμπλη-

356 5532 470 5594 θεῖς
501 5531 558 5584 δὲ
589 5531 686 5584 καὶ
732 5527 956 5593 τοξότας
999 5527 1095 5579 καὶ
1145 5523 1516 5593 σφενδονήτας
1559 5520 1656 5574 καὶ
1706 5519 1934 5582 ὁπλίτας

354 5621 664 5675 ἐνεϐίϐασε.
731 5619 990 5689 Τριήρεις
1051 5615 1154 5686 μὲν
1205 5613 1316 5685 γὰρ
1349 5613 1538 5681 ὀλίγας
1573 5606 1741 5681 εἶχεν,
1790 5609 1848 5664 al
1877 5607 1935 5662 δὲ

354 5711 545 5786 λοιπαὶ
572 5712 859 5784 τετρήρεις
890 5707 984 5764 καὶ
1013 5707 1268 5778 δεκήρεις
1299 5700 1443 5778 ἦσαν
1476 5703 1648 5776 αὐτῷ.
1711 5703 1932 5773 Καίσαρ

2041 4514 2442 4569 instruxerunt.
2493 4513 2766 4568 Antonius
2810 4511 3016 4565 milites
3064 4525 3164 4579 pro
3224 4509 3488 4563 concione
3537 4507 3606 4562 ad

2037 4621 2276 4677 pugnam
2306 4605 2576 4669 incitavit,
2609 4614 2771 4674 atque
2816 4603 2889 4658 ita
2924 4601 3194 4672 primores
3223 4616 3416 4655 omnes
3444 4599 3606 4654 fatui-

2036 4700 2257 4754 liarium
2295 4713 2523 4754 suorum
2572 4697 2626 4751 in
2679 4710 2847 4751 naves
2879 4695 3162 4764 imposuit,
3195 4708 3266 4748 ne
3303 4693 3437 4762 quid
3475 4692 3606 4746 novi

2037 4790 2403 4846 molirentur:
2445 4797 2507 4842 ut
2549 4787 2757 4842 Dellius
2787 4795 2842 4840 et
2889 4785 2981 4840 alii
3017 4785 3308 4853 transfuga:
3341 4785 3604 4838 fecerant.

2036 4881 2208 4949 Quam
2240 4881 2510 4950 plurimos
2534 4878 2698 4934 etiam
2734 4876 3064 4940 funditores,
3094 4876 3407 4946 sagittarios
3439 4881 3495 4928 et
3516 4889 3606 4927 ar-

2036 4980 2214 5025 matos
2260 4967 2542 5038 imposuit.
2597 4964 2877 5020 Triremes
2902 4963 3065 5033 526
3091 4964 3238 5018 enim
3272 4977 3474 5033 paucas
3505 4962 3605 5016 ha-

2037 5060 2222 5124 bebat,
2277 5068 2489 5114 caetera:
2539 5054 2922 5126 quadriremes
2964 5061 3021 5106 et
3075 5051 3379 5106 deciremes
3425 5059 3604 5104 erant.

2035 5149 2216 5205 Casar
2241 5162 2432 5202 eorum
2468 5145 2836 5200 instruetione
2861 5143 2998 5204 visa.
3025 5151 3218 5196 contra
3250 5156 3308 5196 se
3340 5139 3604 5208 parabat:

2036 5239 2132 5295 sed
2161 5254 2352 5295 eorum
2383 5236 2616 5293 consilio
2646 5245 2758 5290 tum
2791 5250 2856 5288 ex
2887 5232 3032 5300 aliis,
3064 5241 3180 5286 tum
3211 5247 3276 5286 ex
3305 5228 3477 5284 Dellio
3511 5241 3607 5280 co-

2036 5334 2209 5405 gnito,
2243 5329 2547 5386 exercitum
2600 5325 2964 5383 convocavit:
3021 5338 3184 5393 quem
3239 5321 3366 5374 dum
3398 5318 3464 5372 ad
3502 5332 3606 5386 pu-

2035 5437 2196 5495 gnam
2231 5422 2574 5482 cohortatur,
2611 5419 2818 5490 ingenti
2849 5414 3012 5471 imbri
3043 5423 3100 5468 ει
3130 5411 3347 5468 turbine
3379 5409 3433 5462 in
3463 5408 3606 5463 clas-

2033 5532 2149 5573 sem
2197 5515 2421 5572 Antonii
2487 5515 2658 5576 illato.
2695 5517 2972 5579 resumpta
3003 5505 3226 5562 ﬁducia.
3262 5515 3455 5558 eorum
3487 5499 3609 5555 abi-

2037 5618 2152 5664 tum
2204 5603 2534 5662 observavit.
2589 5603 2838 5670 Cumque
2883 5594 3178 5653 Antoniaui
3222 5592 3278 5645 in
3318 5589 3605 5661 procinctu

2037 5706 2268 5766 starent,
2310 5712 2412 5754 nec
2457 5704 2636 5752 tamen
2683 5690 2989 5763 prodirent,
3045 5686 3101 5741 in
3149 5682 3336 5742 animo
3385 5679 3603 5744 habuit,
