3976 6204
437 273 538 334 891

1757 278 2082 346 JO-ANNIS
2119 252 2449 339 zemas

3596 281 3718 344 892'

439 396 536 434 cos
591 380 675 437 vel
729 390 939 439 stantes
983 385 1228 456 aggredi,
1265 389 1350 442 vel
1402 389 1694 458 repellere.
1747 386 1854 444 Sed
1884 387 2009 458 quia

2117 389 2456 459 δὲκαθεὼρα
2503 388 2602 458 μὲν
2654 388 2745 441 καὶ
2805 388 2904 459 τὴν
2961 388 3319 460 παρασκευὴν
3359 389 3546 444 αὐτῶν
3610 393 3708 444 καὶ

441 487 618 542 neque
653 473 970 544 prodibant,
1008 492 1185 545 neque
1215 493 1273 532 se
1303 477 1725 545 convertebant,
1763 477 1861 533 sed
1891 477 2016 532 loco

440 578 551 616 non
616 573 823 618 mutato
876 567 1049 618 aciem
1116 566 1552 632 condensahant,
1612 567 2014 638 aliquantulum

442 673 686 713 moratus
720 670 842 714 est:
885 661 1084 716 deinde
1112 663 1390 732 congressi
1430 672 1833 734 pugnaverunt.
1873 662 2010 718 Cum

442 750 535 803 diu
579 766 736 818 :equo
787 761 961 806 marte
992 765 1047 806 et
1079 754 1307 822 ancipiti
1337 755 1564 809 victoria
1609 755 1968 809 dimicaretur
1998 772 2014 809 :

440 841 742 908 Cleopatra:
771 857 836 895 ιι
869 858 1056 906 naves,
1089 844 1245 914 signo
1274 845 1344 898 ab
1372 861 1436 900 ea
1464 845 1612 912 dato,
1643 847 1778 900 velis
1808 846 1873 899 ad
1900 847 2014 900 dis-

440 948 653 986 erssnm
706 935 864 990 elatis
917 937 1107 1006 pelago
1164 952 1223 991 se
1274 939 1688 994 commiserunt.
1741 939 2017 994 Antonius

437 1042 568 1080 vero
599 1028 893 1084 abeuntem
945 1031 1250 1100 Cleopatrae
1290 1049 1480 1087 navem
1528 1033 1901 1102 conspicatus,
1959 1034 2012 1088 in

439 1118 875 1186 quinqueremen
911 1123 1288 1178 transcendit:
1327 1124 1639 1194 oblitusque
1676 1141 1860 1180 rerum
1895 1141 2016 1180 om-

439 1209 611 1273 nium,
645 1225 762 1264 cam
798 1216 1173 1282 persequitur,
1205 1232 1326 1284 quae
1358 1215 1538 1286 ipsum
1582 1217 1924 1287 perdiderat,
1958 1227 2015 1272 et

437 1303 674 1371 amplius
706 1303 988 1372 perditura
1013 1316 1150 1360 erat.
1184 1307 1279 1362 Illa
1311 1324 1442 1362 vero
1467 1310 1666 1379 agnitis
1695 1311 1854 1364 navis
1883 1310 2016 1366 insi-

437 1395 658 1462 gnibus,
684 1395 950 1450 substitit.
977 1398 1050 1451 Ita
1084 1399 1136 1452 in
1164 1399 1311 1454 illius
1335 1415 1528 1456 navem
1557 1412 1831 1470 receptus,
1855 1410 1912 1457 et
1933 1417 2016 1457 so-

436 1485 522 1538 lus
573 1486 625 1538 in
657 1501 874 1554 proram
898 1503 1246 1558 progressus,
1272 1490 1413 1544 sedit
1444 1493 1660 1547 tacitus.
1696 1493 2013 1562 Triduoque

435 1580 514 1630 s’c
545 1587 760 1643 exacto,
794 1595 918 1633 cum
949 1581 1238 1635 Tantarum
1278 1583 1538 1646 venisset,
1590 1599 1620 1637 a
1660 1584 2011 1639 familiarium

2120 482 2513 550 ηὑτρεπίζετο·
2574 481 2763 552 μαθὼν
2807 483 2860 535 δὲ
2899 481 2990 536 καὶ
3031 481 3130 552 τὴν
3179 482 3421 538 διάνοιαν
3456 483 3612 552 σφῶν
3648 482 3710 549 ἐξ

2117 574 2292 628 ἄλλων
2315 593 2375 628 τε
2400 577 2510 628 κάκ
2556 575 2650 627 τοῦ
2674 575 2917 637 Δελλίου,
2946 575 3226 645 συνήγαγε
3268 575 3330 629 τὸ
3360 575 3710 646 στράτευμα,

2119 670 2210 722 καὶ
2235 671 2315 732 εἰς
2348 669 2530 738 μάχην
2553 667 2620 721 δι’
2649 662 2722 721 ὧν
2754 669 2942 736 εἴρηκε
2979 671 3347 739 παρεκάλεσε.
3390 670 3505 721 Κάν
3526 668 3710 737 τούτῳ

2117 761 2277 813 ὑετοῦ
2317 761 2612 829 γενομένου
2658 759 2886 831 λαύρου,
2938 759 3032 813 καὶ
3072 761 3242 831 ζάλης
3295 759 3504 829 πολλῆς
3534 760 3619 821 εἰς
3651 758 3718 812 τδ

2114 852 2210 906 τοῦ
2247 853 2529 906 Ἀντωνίου
2557 853 2809 905 ναυτικὸν
2852 854 3232 923 ἐμπεσούσης,
3259 852 3648 922 ἀνεθάρσησεν
3683 851 3714 904 ό

2117 947 2359 1016 Καῖσαρ.
2394 943 2490 998 καὶ⁸
2543 944 2634 997 τὸν
2689 945 2926 998 ἔκπλουν
2957 945 3139 998 αὐτῶν
3187 945 3470 1015 ἐπετήρει.
3529 943 3623 1007 Ὦς
3653 943 3714 996 δὲ

2119 1034 2499 1104 παρετάξαντο
2544 1036 2644 1104 μὲν
2671 1036 2721 1088 oi
2749 1035 2846 1089 τοῦ
2899 1035 3216 1100 Ἀντωνίου,
3253 1036 3314 1088 οὐ
3353 1034 3544 1105 μέντοι
3575 1050 3717 1102 προ-

2115 1125 2305 1196 ῄεσαν,
2336 1125 2565 1198 ὥρμησε
2600 1126 2700 1197 μὲν
2733 1127 2808 1192 ὡς
2839 1129 2934 1182 καὶ
2960 1129 3160 1183 ἑστῶσι
3186 1129 3342 1196 σφίσι
3374 1126 3709 1196 προσμίξων

2114 1217 2148 1285 ἢ
2181 1217 2278 1270 καὶ
2308 1219 2660 1290 ἀναχωρῆσαι
2683 1219 2950 1289 ποιήσων.
2997 1219 3086 1282 Ὦς
3116 1219 3161 1272 δ’
3191 1217 3304 1273 οὔτ’
3337 1218 3708 1288 ἐξώρμησαν,

2115 1307 2228 1362 οὔτ’
2259 1310 2622 1380 ἀνέστρεψαν,
2661 1311 2797 1366 ἀλλά
2824 1311 2962 1366 κατὰ
2997 1311 3178 1382 χώραν
3231 1312 3425 1381 έμενον
3472 1314 3542 1380 τῇ
3584 1327 3716 1362 συν-

2115 1401 2268 1465 τάξει
2298 1420 2360 1456 τε
2411 1402 2822 1466 ὲπεπύκνωντο,
2888 1404 3082 1472 ἀνέσχε
3137 1404 3335 1474 χρόνον
3395 1403 3542 1466 τινὰ,
3584 1396 3710 1455 εἶτα

2116 1495 2496 1563 συμπεσόντες
2535 1497 2897 1566 ἐναυμάχουν.
2961 1496 3318 1564 ’Λγχωμάλου
3347 1495 3405 1547 δὲ
3437 1495 3538 1562 τῆς
3575 1511 3712 1546 ναυο

2119 1585 2321 1654 μαχίας
2353 1585 2521 1656 οῠσης
2551 1588 2644 1640 ἐπὶ
2682 1587 2818 1640 πολὺ
2846 1588 2939 1640 καὶ
2969 1586 3221 1657 ἀκρίτου.
3247 1588 3302 1639 αἱ
3336 1586 3711 1654 Κλεοπάτρας

2115 1677 2378 1745 ἐξήκοντα
2440 1679 2590 1747 νῆες,
2643 1679 2993 1748 συνθήματος
3024 1681 3157 1750 παρ’
3197 1678 3370 1747 αὐτῆς
3427 1678 3706 1740 δοθέντος,

437 1671 729 1725 mulierum
753 1681 895 1728 cmtn
920 1674 985 1728 ad
1004 1678 1476 1732 concmnationem
1496 1688 1551 1734 et
1570 1679 1635 1733 ad
1656 1681 2010 1735 concubitum
2047 1729 2085 1783 Β

433 1770 520 1817 est
547 1762 830 1819 invitatus.
856 1765 988 1834 Ejus
1007 1781 1137 1822 vero
1160 1769 1348 1823 classis
1373 1781 1490 1838 post
1515 1770 1816 1825 discessum
1841 1771 2009 1840 ipsius

2117 1769 2197 1830 είς
2231 1769 2508 1824 ἀπόπλουν
2535 1771 2737 1840 ἧρκασι
2798 1771 2862 1824 τὰ
2895 1771 3039 1824 ἱστία
3067 1771 3162 1824 καὶ
3197 1769 3332 1841 πρὸς
3371 1771 3432 1822 τὸ
3462 1770 3711 1836 πέλαγος

434 1868 558 1906 eum
585 1855 651 1908 ad
677 1855 863 1912 horam
889 1874 1062 1928 usque
1089 1861 1358 1915 decimam
1381 1863 1696 1928 restitisset,
1717 1865 1868 1933 jussu
1893 1863 2009 1918 Ca:-

2118 1861 2407 1932 ὤρμησαν.
2462 1862 2521 1915 '0
2551 1863 2598 1918 δ’
2643 1861 2958 1926 Ἀντώνιος.
2999 1863 3097 1932 τὴν
3157 1862 3522 1931 Κλεοπάτρας
3569 1859 3711 1912 ναῦν

434 1943 572 1996 siris
596 1943 703 2013 igni
735 1945 934 2015 injecto
959 1950 1158 2016 partim
1193 1960 1434 2004 cremata
1460 1960 1564 2014 est,
1592 1952 1792 2020 partim
1828 1963 2007 2022 capta.

2123 1955 2245 2007 ἰδὼν
2269 1955 2675 2020 ἀποπλέουσαν,
2694 1956 2912 2010 πάντων
2935 1955 3322 2025 ἐπιλαθόμενος
3356 1957 3433 2018 εἰς
3456 1957 3629 2022 πεντή
3641 1971 3708 2023 ρη

431 2031 699 2090 Dicuntur
725 2038 948 2092 circiter
978 2055 1069 2094 ccc
1109 2055 1275 2096 naves
1309 2057 1431 2096 esse
1461 2055 1652 2112 captaa.

2125 2047 2366 2116 μεταϐὰς
2395 2048 2584 2102 ἐδίωκε
2636 2049 2735 2118 τὴν
2783 2048 3193 2103 ἀπολωλεκυῖαν
3244 2049 3429 2114 αὑτὸν,
3466 2051 3563 2102 καὶ
3623 2047 3707 2099 ἔτι

431 2135 969 2199 προσαπολέσουσαν.
1051 2137 1268 2205 Ἐκείνη
1331 2138 1388 2191 δὲ
1448 2138 1774 2208 γνωρίσασα
1831 2141 1893 2194 τὸ
1942 2141 2045 2210 τῆς
2085 2141 2220 2204 νεὼς
2276 2147 2526 2212 σημεῖον,
2581 2145 2801 2214 ἀνέσχε.
2864 2143 2974 2197 Kal
3031 2144 3366 2213 ἀναληφθεὶς
3463 2146 3547 2207 εις
3605 2143 3708 2214 τὴν

431 2221 645 2291 ὲιείνης
681 2225 830 2290 ναῦν,
865 2229 1025 2294 μόνος
1072 2227 1359 2294 παρελθὼν
1387 2231 1442 2292 ἐς
1475 2229 1703 2302 πρῶραν
1761 2231 2005 2304 ἐκάθητο
2045 2234 2287 2295 σιωπῶν,
2329 2237 2428 2289 καὶ
2485 2239 2636 2304 τρεῖς
2673 2235 2775 2306 μὲν
2843 2235 3059 2306 ἡμέρας
3114 2234 3258 2288 οὕτω
3305 2235 3612 2304 διήγαγεν·
3647 2238 3708 2290 ιν

430 2316 486 2366 δὲ
515 2314 772 2386 Ταινάρῳ
831 2319 1158 2388 γενομένους
1195 2325 1250 2375 αἱ
1283 2323 1535 2395 συνήθεις
1581 2333 1840 2394 γυναίκες
1892 2329 1987 2382 καὶ
2029 2331 2357 2399 συνήγαγον,
2426 2333 2521 2386 καὶ⁵
2569 2331 2910 2386 συνδειπνεῖν
2960 2331 3056 2385 καὶ
3108 2331 3503 2398 συγκαθεύδειν
3566 2334 3708 2386 ἀνέ-

431 2425 647 2494 πεισαν.
698 2410 770 2463 Τὸ
809 2411 866 2465 δὲ
915 2413 1009 2466 τοῦ
1081 2415 1369 2471 Ἀντωνίου
1412 2423 1666 2474 ναυτικὸν
1720 2423 1860 2490 μετά
1905 2423 2006 2493 τὴν
2043 2424 2212 2477 αὑτοῦ
2248 2424 2601 2497 ὑποχώρησιν
2643 2426 2904 2496 ἀντισχδν
2982 2428 3177 2496 μέχρις
3213 2425 3365 2494 ὥρας
3439 2424 3706 2491 δεκάτης,

432 2468 602 2571 πυρὸς
632 2503 1021 2573 ἐπενεχθέντος
1048 2509 1162 2571 τοῖς
1193 2468 1829 2578 σκάςρεσι-κελεύσανττος
1854 2468 2158 2586 Καίσαρος,
2220 2516 2280 2571 τὸ
2344 2468 2470 2588 μὶν..
2496 2468 2867 2587 κατεφλέχθη,
2897 2517 2955 2570 τὸ
2981 2468 3037 2571 δὲ
3055 2468 3218 2571 Agilo)
3236 2468 3292 2582 ,Γ
3323 2516 3568 2586 Λέγεται
3595 2517 3708 2584 γὰρ

432 2595 560 2662 περὶ
589 2599 915 2664 τριακοσίας
953 2599 1089 2670 νῆας
1113 2602 1442 2661 ἑαλωκέναι.

504 2691 673 2746 XXX.
713 2693 813 2748 llic
859 2696 1067 2750 navalis
1102 2713 1296 2765 pugna:
1345 2700 1448 2756 fuit
1477 2702 1680 2767 exitus,
1736 2719 1789 2758 tv
1829 2703 2013 2760 Nonas

431 2781 789 2852 Septembris.
833 2800 896 2839 ac
925 2794 1040 2841 tum
1093 2788 1275 2844 thsar
1323 2792 1474 2846 solus
1528 2808 1714 2848 rerum
1764 2797 2012 2850 omnium

429 2874 593 2944 potiri
627 2877 816 2945 coepit,
850 2887 912 2932 ut
939 2878 1006 2931 ab
1039 2893 1108 2934 eo
1144 2890 1394 2950 tempore
1424 2883 1718 2953 imperium
1752 2888 1872 2955 ejus
1904 2903 2010 2941 nu-

429 2963 629 3018 merari
656 2965 902 3036 incipiat.
936 2968 995 3021 ln
1030 2979 1340 3025 castrorum
1398 2973 1519 3029 loco
1551 2976 1741 3029 urbem
1778 2976 2014 3047 Nicopo-

428 3051 525 3105 lim
557 3068 588 3107 a
638 3053 869 3109 victoria
904 3057 1128 3112 nomine
1181 3059 1360 3114 indito
1411 3063 1683 3126 condidit,
1716 3073 1770 3119 et
1801 3075 2011 3121 statuas

429 3159 600 3198 aereas
654 3145 902 3202 hominis
948 3157 1004 3202 et
1055 3150 1196 3203 asini
1243 3152 1553 3208 collocavit.
1605 3156 1804 3210 Fertur
1859 3160 2008 3212 enim

431 3243 706 3290 nocturno
730 3244 997 3305 tempore,
1030 3240 1207 3308 pridie
1236 3243 1355 3312 ejus
1385 3244 1492 3298 diei
1517 3262 1629 3315 quo
1655 3251 2010 3320 navaleprai-

430 3326 564 3379 lium
614 3328 970 3384 commissum
1013 3341 1122 3396 est,
1185 3333 1538 3390 tabernaculo
1573 3339 1641 3392 ad
1681 3356 1847 3396 naves
1878 3359 2012 3398 eon-

433 3417 775 3486 templandas
809 3433 1086 3488 egressus,
1127 3421 1182 3475 in
1218 3423 1494 3479 hominem
1529 3442 1823 3498 agasonem
1863 3433 2006 3487 inci-

430 3511 602 3573 disse,
656 3510 750 3579 qui
805 3520 1030 3580 rogatus
1074 3514 1200 3582 quis
1243 3518 1436 3570 esset?
1493 3521 1864 3588 responderit.
1911 3527 2010 3580 sibi

429 3603 708 3657 Fortunati
743 3620 851 3658 esse
881 3621 1091 3671 nomen,
1129 3609 1282 3660 asino
1330 3608 1604 3669 Victorini.
1664 3612 1754 3668 Eae
1811 3626 2008 3673 statua:

430 3706 554 3766 post
582 3696 905 3768 Byzantium
937 3700 1232 3765 translatae,
1266 3701 1321 3756 in
1354 3707 1599 3773 equestri
1651 3707 1867 3762 theatro
1890 3718 2006 3766 ste-

431 3795 634 3840 terunt.
663 3786 956 3844 Pedestres
986 3800 1167 3844 autem
1193 3801 1248 3846 et
1272 3804 1556 3861 equestres
1581 3798 1803 3852 Antonii
1836 3801 2008 3870 copim

429 3894 555 3933 cum
593 3895 666 3933 vn
697 3889 821 3949 post
853 3879 1001 3936 illius
1032 3881 1214 3952 fugam
1253 3885 1372 3939 dies
1421 3889 1874 3955 permansissent,
1911 3891 2010 3946 de—

431 3975 596 4042 nique
613 3973 679 4028 ad
699 3975 962 4028 victorem
989 3973 1149 4046 527
1177 3977 1569 4032 transiverunt.
1596 3979 1830 4046 Quidam
1850 3997 2005 4048 vero,

426 4080 492 4118 ex
534 4064 796 4120 Romanis
843 4067 1215 4136 potissimum,
1255 4069 1321 4123 ad
1377 4069 1701 4138 Antonium,
1734 4074 1873 4128 socii
1909 4074 2008 4130 do-

427 4173 576 4212 mum
611 4158 889 4214 ahierunt.
922 4157 1106 4214 Caesar
1163 4160 1216 4214 in
1256 4161 1464 4216 Italiam
1505 4179 1825 4234 properans,
1856 4168 2003 4222 veri-

429 4261 515 4306 tus
542 4266 612 4306 ne
651 4253 776 4320 quis
805 4250 860 4304 in
911 4266 976 4306 ea
1029 4261 1216 4307 motus
1273 4253 1588 4318 exsisteret,
1625 4255 2004 4313 Brundusium

426 4359 550 4396 enm
582 4343 843 4406 venisset,
881 4358 991 4397 non
1047 4343 1282 4413 amplius
1317 4353 1401 4398 est
1433 4361 1756 4415 progressus
1804 4368 1820 4400 :
1875 4365 2001 4406 nam

2178 2703 2259 2760 A'.
2296 2703 2551 2757 Τοιοῦτον
2589 2703 2686 2771 μὲν
2716 2705 2780 2772 τῇ
2806 2702 3089 2772 ναυμαχίᾳ
3117 2700 3272 2764 τέλος
3307 2700 3533 2768 ἐγένετο
3557 2701 3702 2756 κατά

2107 2793 2206 2864 τὴν
2235 2793 2495 2864 δευτέραν
2525 2792 2617 2846 τοῦ
2639 2790 3021 2860 Σεπτεμϐρίου
3053 2789 3243 2860 μηνός.
3275 2790 3381 2842 Kal
3403 2789 3527 2844 τότε
3558 2790 3707 2860 μόνῳ

2108 2886 2186 2955 τῷ
2221 2886 2464 2954 Καίσαρι
2495 2883 2554 2936 τὸ
2611 2883 2817 2952 κράτος
2862 2881 3010 2935 ἅπαν
3065 2880 3488 2951 περιελήλυθεν,
3525 2881 3602 2942 ὡς
3642 2883 3709 2934 ἑκ

2109 2974 2306 3028 τούτου
2336 2973 2399 3041 δὴ
2434 2973 2529 3025 τοῦ
2565 2971 2762 3042 καιροῦ
2801 2970 2897 3042 τὴν
2930 2969 3094 3024 αὐτοῦ
3132 2971 3435 3040 μοναρχίαν
3463 2971 3707 3040 ψηφίζε-

2114 3063 2261 3118 σθαι.
2295 3064 2456 3116 Πόλιν
2483 3062 2529 3115 δ¹
2557 3063 2614 3116 ὲν
2648 3061 2728 3130 τῷ
2756 3060 2850 3113 τοῦ
2879 3060 3244 3129 στρατοπέδου
3275 3061 3428 3130 τόπῳ
3461 3060 3704 3129 συνῴκι-

2115 3171 2196 3219 σε,
2222 3151 2520 3225 Νικόπολιν
2543 3150 2782 3213 καλέσας
2812 3149 3006 3218 αὐτήν.
3033 3147 3269 3219 Ἔστησε
3295 3148 3352 3201 δὲ
3375 3153 3471 3202 καὶ
3502 3152 3628 3219 στή)
3641 3167 3708 3213 ας

2110 3244 2323 3316 χαλκᾶς
2349 3241 2640 3312 ἀνθρώπου
2672 3240 2766 3294 καὶ
2799 3240 2945 3294 δνου.
2994 3239 3230 3307 Λέγεται
3251 3240 3360 3309 γὰρ
3391 3241 3591 3303 νυκτὸς
3623 3242 3706 3295 ἑτι

2113 3335 2282 3404 οὔσης
2305 3333 2429 3388 καθ’
2463 3335 2530 3404 ἢν
2553 3333 2769 3403 ἡμέραν
2801 3333 2833 3402 ἡ
2860 3331 3137 3401 ναυμαχία
3171 3330 3432 3400 συνέστη,
3469 3333 3580 3386 ἀπὸ
3607 3333 3708 3401 τῆς

2112 3429 2320 3494 σκηνῆς
2347 3422 2496 3493 αὺτῷ
2547 3423 2891 3494 προελθόντι,
2949 3424 3049 3476 καὶ
3109 3423 3376 3492 περιιόντι
3405 3425 3510 3486 τὰς
3568 3425 3706 3488 ναῦς

2108 3518 2396 3589 ἄνθρωπος
2445 3517 2778 3584 συναντῆσαι
2803 3515 2924 3568 δνον
2978 3515 3239 3568 ἐλαύνων.
3303 3516 3608 3586 Πυθομένῳ
3646 3519 3704 3570 δὲ

2107 3611 2365 3678 τοῦνομα,
2404 3611 2619 3662 εἰπεῖν·
2669 3607 2836 3675 Ἐμοὶ
2879 3607 2998 3676 μὲν
3056 3607 3334 3676 Εὔτυχος
3364 3607 3584 3676 ὄνομα,
3627 3609 3705 3673 τῷ

2108 3703 2161 3756 δ’
2195 3703 2313 3765 ὄνῳ
2333 3701 2550 3754 Νίκων.
2582 3699 2650 3750 Δί
2678 3698 2873 3768 στῆλαι
2903 3695 2949 3749 δ’
2975 3695 3137 3750 αὗται
3170 3696 3398 3766 ὕστερον
3433 3700 3706 3768 ἀνακομιο

2107 3793 2325 3847 σθεῖσαν.
2350 3793 2432 3853 είς
2466 3791 2528 3842 τὸ
2567 3789 2864 3853 Βυζάντιον
2889 3790 3127 3858 ἔστησαν
3163 3791 3221 3842 έν
3277 3789 3356 3858 τῷ
3402 3789 3502 3857 τῆς
3535 3791 3706 3858 ἱππη-

2107 3883 2298 3945 λασίας
2348 3883 2581 3952 θεάτρῳ.
2641 3882 2705 3934 Ἦ
2739 3881 2795 3934 δὲ
2819 3881 2955 3952 πεζή
2990 3897 3049 3934 τε
3097 3883 3192 3934 καὶ
3218 3882 3419 3951 ἱππικὴ
3453 3882 3694 3952 δύναμις

2105 3975 2200 4028 τοῦ
2221 3975 2512 4027 ’Δντωνίου
2549 3971 2688 4042 μετά
2716 3971 2815 4043 τὴν
2845 3974 3054 4025 ἐκείνου
3105 3972 3286 4043 φυγὴν
3316 3975 3536 4043 ἡμέρας
3561 3975 3705 4028 έπτά

2109 4066 2482 4136 συμμείνασα,
2545 4063 2701 4128 τέλος
2750 4063 2828 4132 τῷ
2857 4065 3197 4134 κρατήσαντι
3232 4067 3698 4136 προσεχώρησαν.

2107 4157 2263 4218 Τινὲς
2290 4155 2346 4207 δὲ
2392 4155 2488 4208 καὶ
2527 4156 2766 4225 μάλιστα
2795 4154 2904 4208 τῶν
2944 4155 3236 4224 Ῥωμαίων
3277 4156 3528 4226 ἀπῆλθον
3562 4159 3704 4238 πρδς

2101 4252 2194 4303 τὸν
2221 4246 2530 4312 Ἀντώνιον,
2564 4247 2614 4300 ol
2653 4246 2711 4300 δέ
2741 4263 2803 4315 γε
2836 4245 3122 4316 σῦμμαχοι
3149 4246 3355 4300 οἴκαδε.
3413 4247 3474 4301 '0
3509 4252 3701 4317 μέντοι

2105 4343 2325 4410 Καῖσαρ
2365 4341 2446 4402 είς
2475 4341 2576 4408 τὴν
2601 4339 2839 4394 Ἰταλίαν
2865 4339 3128 4409 ἠπείχθη,
3162 4341 3238 4409 μή
3271 4357 3320 4393 τι
3357 4344 3702 4396 στασιάσωσι

428 4436 502 4490 ibi
530 4451 654 4489 eum
683 4445 739 4490 et
763 4445 995 4491 senatus
1023 4446 1078 4490 et
1105 4437 1242 4491 ordo
1276 4446 1556 4507 equester,
1595 4448 1650 4494 et
1685 4441 1862 4510 plebis
1888 4458 2000 4498 ma-

2110 4431 2385 4503 φοϐηθείς.
2428 4429 2629 4484 Ἐλθὼν
2651 4431 2696 4484 δ’
2723 4431 2781 4494 ἐς
2803 4431 2862 4484 τὸ
2893 4430 3238 4504 Βρεντέσιον,
3266 4430 3454 4484 οὐκέτι
3480 4425 3722 4504 πορῤωέ

425 4527 573 4581 xima
600 4543 726 4596 pars
755 4541 1157 4584 convenerunt.
1193 4530 1296 4586 Ubi
1332 4533 1500 4588 rebus
1547 4535 1879 4604 quibusdam
1935 4554 2004 4593 ex

424 4619 696 4673 sententia
733 4605 1018 4682 confectis,
1057 4619 1258 4675 iterum
1312 4623 1364 4676 in
1415 4623 1678 4679 Graeciam
1729 4627 2004 4694 discessit,

422 4721 481 4765 et
518 4709 752 4764 navibus
790 4725 889 4779 per
943 4711 1210 4766 isthmum
1265 4714 1734 4784 Pcloponnensem
1763 4718 1836 4772 ob
1862 4728 2004 4774 tem-

425 4809 694 4871 pestatem
730 4802 1020 4864 traductis,
1051 4803 1309 4858 celeriter
1341 4805 1395 4859 in
1446 4805 1629 4862 Asiam
1662 4809 1900 4863 transiit.
1936 4811 2005 4864 At

420 4890 711 4960 Cleopatra
741 4891 1031 4963 Egyptum
1056 4908 1324 4962 occupare
1354 4898 1661 4961 contendit,
1696 4915 1766 4953 ne
1796 4901 1887 4969 qui
1913 4917 2004 4955 res

429 4993 596 5036 novas
619 4985 947 5038 molirentur
977 4996 1266 5039 metuens:
1308 5001 1419 5056 quo
1445 5004 1570 5043 eum
1603 4991 1864 5057 venisset,
1900 5005 2003 5046 un-

413 5074 594 5142 dique
633 5076 920 5143 pecnniam
953 5084 1008 5130 et
1035 5078 1224 5146 capias
1267 5081 1463 5150 coegit.
1497 5081 1767 5137 Antonius
1816 5083 1871 5137 in
1906 5077 2000 5138 Li-

427 5169 584 5238 hyam
638 5168 934 5238 navigavit.
977 5168 1116 5224 Cum
1149 5179 1330 5225 autem
1366 5172 1412 5226 is
1441 5186 1662 5241 quoque
1699 5176 1997 5238 exercitus,

426 5274 589 5328 quem
645 5260 718 5315 ibi
769 5259 1032 5324 habebat,
1088 5261 1406 5324 defecisset,
1438 5262 1766 5318 sibimanus
1798 5266 1998 5321 all‘erre

425 5351 631 5405 voluit:
669 5350 769 5406 sed
806 5350 875 5404 ab
905 5350 1097 5405 amicis
1126 5351 1462 5420 prohibitus,
1486 5353 1872 5409 Alexandriam
1901 5371 1997 5412 ve-

428 5443 526 5496 nit.
563 5442 642 5497 lbi
677 5441 744 5496 ad
774 5457 1007 5513 pugnam
1041 5457 1099 5496 se
1157 5442 1516 5508 instruentes,
1561 5452 1744 5499 tamen
1796 5447 2000 5516 legatos

427 5534 494 5587 de
526 5535 676 5604 pacis
697 5533 1107 5590 conditionibus
1126 5533 1195 5588 ad
1224 5534 1494 5589 Caesarem
1527 5535 1813 5591 miserunt.
1837 5540 1999 5593 Cleon

427 5636 583 5690 patra
616 5641 769 5687 vero,
799 5626 938 5682 clam
970 5627 1232 5692 Antonio,
1261 5627 1628 5682 familiaribus
1677 5629 1796 5698 ejus
1833 5645 2000 5698 pecu-

430 5717 571 5780 nias,
607 5715 707 5783 ipsi
740 5715 939 5772 Caesari
997 5732 1224 5772 aureum
1259 5727 1560 5786 sceptrum,
1599 5719 1846 5790 ejusdem
1878 5737 1995 5776 ma-

2107 4525 2250 4596 τέρω
2283 4521 2702 4593 προύχώρησεν.
2741 4522 2815 4574 Ἥ
2849 4538 2908 4575 τε
2961 4521 3072 4591 γὰρ
3101 4522 3362 4592 γερουσία
3415 4523 3510 4576 καὶ
3547 4526 3581 4592 η
3616 4525 3698 4576 ἱπ-

2106 4618 2213 4679 πά;
2238 4616 2332 4670 τοῦ
2363 4635 2422 4669 τε
2455 4617 2630 4686 δήμου
2679 4614 2739 4668 τὸ
2773 4615 3027 4669 πλεῖστον
3086 4619 3181 4668 καὶ
3217 4615 3394 4685 ἕτεροι
3427 4618 3701 4686 συνῆλθον

2104 4711 2239 4764 ἐκεῖ.
2266 4707 2436 4763 Ἔνθα
2458 4710 2524 4762 τά
2543 4707 2691 4778 αὑτῷ
2708 4707 2972 4761 δοκοῦντα
2994 4707 3494 4777 καταπραξέιμενος
3518 4712 3577 4773 ἐς
3600 4712 3698 4780 τὴν

2115 4801 2344 4856 Ἐλλάδα
2372 4797 2529 4864 αὖθις
2559 4799 2765 4868 ἀπῆρε.
2801 4799 2910 4853 Καὶ
2935 4799 3022 4852 διὰ
3056 4799 3160 4853 τοῦ
3200 4798 3405 4868 ίσθμοῦ
3441 4801 3543 4869 τῆς
3596 4803 3700 4856 Πε-

2102 4890 2397 4963 λοπονὴσου
2428 4891 2526 4952 τάς
2579 4887 2710 4951 ναῦς
2737 4888 2826 4943 διὰ
2856 4889 2948 4942 τὸν
2989 4890 3239 4958 χειμῶνα
3268 4889 3555 4959 διαγαγὼν
3597 4909 3694 4944 τα-

2101 4985 2241 5054 χέως
2271 4986 2352 5046 είς
2373 4983 2472 5053 τὴν
2509 4982 2692 5036 Ἀσίαν
2721 4981 3079 5051 ἀνεκομίσθη.
3113 4981 3448 5050 Κλεοπάτρα
3482 4981 3566 5049 δὲ,
3592 5001 3696 5052 φυ-

2100 5075 2293 5143 γοῦσα,
2324 5073 2654 5127 καταλαϐεῖν
2687 5074 2784 5140 τὴν
2813 5071 3094 5138 Αἴγυπτον
3128 5071 3387 5138 ἔσπευσε,
3419 5073 3698 5128 δεδοικυῖα

2105 5170 2178 5235 μή
2212 5182 2266 5218 τι
2294 5164 2682 5234 νεωτερίσωσι.
2710 5165 2822 5217 Kal
2852 5164 3119 5234 γενομένη
3153 5166 3212 5218 έν
3246 5165 3446 5236 ταύτῃ,
3482 5185 3692 5221 παντα-

2102 5259 2258 5329 χόθεν
2285 5257 2544 5323 συνέλεγε
2569 5256 2830 5325 χρήματα
2853 5255 3076 5326 ἦθροιζέ
3105 5273 3164 5308 τε
3189 5256 3472 5324 δυνάμεις.
3491 5259 3694 5312 Ἀντώο

2100 5349 2400 5412 νιοςδὲεὶς
2447 5346 2654 5416 Λιϐύην
2704 5347 3070 5404 ἀπέπλευσεν.
3123 5347 3279 5401 Ἐπεὶ
3300 5348 3358 5400 δὲ
3413 5352 3512 5402 καὶ
3548 5353 3687 5422 ὅπερ

2101 5440 2246 5513 εἶχεν
2274 5444 2392 5494 ἐκεῖ
2439 5439 2760 5510 στράτευμα
2810 5441 3022 5510 ἀπέστη
3077 5439 3272 5504 αὑτοῦ,
3332 5439 3566 5512 ὥρμησε
3591 5442 3688 5510 μὲν

2099 5533 2291 5586 ἑαυτὸν
2339 5531 2546 5585 ἀνελεῖν
2572 5547 2586 5562 ·
2649 5529 2754 5584 ὑπὸ
2780 5531 2836 5583 δὲ
2887 5530 2996 5584 τῶν
3052 5530 3224 5600 φίλων
3255 5531 3556 5593 κεκώλυτιῑ,
3595 5535 3687 5586 καὶ

2101 5622 2437 5692 ἀνεκομίσθη
2467 5622 2548 5683 είς
2588 5617 3030 5690 Ἀλεξάνδρειαν.
3059 5623 3167 5675 Καὶ
3210 5623 3684 5692 παρεσκευάζοντο

2107 5719 2207 5788 μὲν
2237 5717 2311 5779 ὡς
2370 5715 2465 5768 καὶ
2525 5711 2970 5782 πολεμήσοντες
3019 5711 3270 5770 ἔστειλαν
3299 5713 3356 5767 δέ
3409 5731 3554 5779 τινας
3594 5712 3685 5768 καὶ
