  <div class='ocr_page' id='page_1' title='image "/cluster/home/n/w/nwhite01/storage/ocr_20150623/134/hvd.32044073502510/454.png"; bbox 0 0 3976 6204; ppageno 0'>
   <div class='ocr_carea' id='block_1_1' title="bbox 248 235 371 300">
    <p class='ocr_par' dir='ltr' id='par_1_1' title="bbox 248 235 371 300">
     <span class='ocr_line' id='line_1_1' title="bbox 248 235 371 300; baseline 0.008 -1"><span class='ocrx_word' id='word_1_1' title='bbox 248 235 371 300; x_wconf 63' lang='grc'><strong>893</strong></span> 
     </span>
    </p>
   </div>
   <div class='ocr_carea' id='block_1_2' title="bbox 1507 247 2231 319">
    <p class='ocr_par' dir='ltr' id='par_1_2' title="bbox 1507 247 2231 319">
     <span class='ocr_line' id='line_1_2' title="bbox 1507 247 2231 319; baseline 0.012 -12"><span class='ocrx_word' id='word_1_2' title='bbox 1507 247 1914 312; x_wconf 70' lang='grc' dir='ltr'><strong>ᾹΝΝΑΙΛΠΜ</strong></span> <span class='ocrx_word' id='word_1_3' title='bbox 1955 253 2103 319; x_wconf 81' lang='lat' dir='ltr'><strong>LIB.</strong></span> <span class='ocrx_word' id='word_1_4' title='bbox 2137 256 2231 316; x_wconf 66' lang='lat' dir='ltr'><strong>X.‘</strong></span> 
     </span>
    </p>
   </div>
   <div class='ocr_carea' id='block_1_3' title="bbox 3389 268 3513 333">
    <p class='ocr_par' dir='ltr' id='par_1_3' title="bbox 3389 268 3513 333">
     <span class='ocr_line' id='line_1_3' title="bbox 3389 268 3513 333; baseline 0.008 -1"><span class='ocrx_word' id='word_1_5' title='bbox 3389 268 3513 333; x_wconf 61' lang='lat'><strong>891‘</strong></span> 
     </span>
    </p>
   </div>
   <div class='ocr_carea' id='block_1_4' title="bbox 240 349 1796 452">
    <p class='ocr_par' dir='ltr' id='par_1_4' title="bbox 240 349 1796 431">
     <span class='ocr_line' id='line_1_4' title="bbox 240 349 1796 431; baseline 0.01 -29"><span class='ocrx_word' id='word_1_6' title='bbox 240 352 379 420; x_wconf 55' lang='grc' dir='ltr'>προς</span> <span class='ocrx_word' id='word_1_7' title='bbox 406 349 660 423; x_wconf 75' lang='grc' dir='ltr'>Καίσαρι</span> <span class='ocrx_word' id='word_1_8' title='bbox 683 350 878 422; x_wconf 79' lang='grc' dir='ltr'>λόγους</span> <span class='ocrx_word' id='word_1_9' title='bbox 903 354 1046 427; x_wconf 69' lang='grc' dir='ltr'>ὑπὲρ</span> <span class='ocrx_word' id='word_1_10' title='bbox 1079 356 1311 429; x_wconf 81' lang='grc' dir='ltr'>είρήνης</span> <span class='ocrx_word' id='word_1_11' title='bbox 1337 359 1685 431; x_wconf 71' lang='grc' dir='ltr'>κομίζοντας,</span> <span class='ocrx_word' id='word_1_12' title='bbox 1707 366 1796 417; x_wconf 58' lang='lat' dir='ltr'><strong>soi?</strong></span> 
     </span>
    </p>
   </div>
   <div class='ocr_carea' id='block_1_5' title="bbox 1897 349 3492 452">
    <p class='ocr_par' dir='ltr' id='par_1_5' title="bbox 1925 368 3492 452">
     <span class='ocr_line' id='line_1_5' title="bbox 1925 368 3492 452; baseline 0.01 -30"><span class='ocrx_word' id='word_1_13' title='bbox 1925 368 2077 425; x_wconf 62' lang='lat' dir='ltr'><strong>terim</strong></span> <span class='ocrx_word' id='word_1_14' title='bbox 2101 380 2384 436; x_wconf 75' lang='lat' dir='ltr'><strong>coronam,</strong></span> <span class='ocrx_word' id='word_1_15' title='bbox 2419 382 2478 430; x_wconf 85' lang='lat' dir='ltr'><strong>et</strong></span> <span class='ocrx_word' id='word_1_16' title='bbox 2522 374 2710 431; x_wconf 78' lang='lat' dir='ltr'><strong>sellam</strong></span> <span class='ocrx_word' id='word_1_17' title='bbox 2754 374 2961 447; x_wconf 73' lang='lat' dir='ltr'><strong>regiam</strong></span> <span class='ocrx_word' id='word_1_18' title='bbox 3011 376 3181 443; x_wconf 76' lang='lat' dir='ltr'><strong>misit,</strong></span> <span class='ocrx_word' id='word_1_19' title='bbox 3233 387 3492 452; x_wconf 74' lang='lat' dir='ltr'><strong>tanquam</strong></span> 
     </span>
    </p>
   </div>
   <div class='ocr_carea' id='block_1_6' title="bbox 234 440 1817 523">
    <p class='ocr_par' dir='ltr' id='par_1_6' title="bbox 234 440 1817 523">
     <span class='ocr_line' id='line_1_6' title="bbox 234 440 1817 523; baseline 0.009 -30"><span class='ocrx_word' id='word_1_20' title='bbox 234 441 296 494; x_wconf 63' lang='grc' dir='ltr'>δὲ</span> <span class='ocrx_word' id='word_1_21' title='bbox 318 440 573 495; x_wconf 73' lang='grc' dir='ltr'><strong>συνοῦσιν</strong></span> <span class='ocrx_word' id='word_1_22' title='bbox 601 442 752 514; x_wconf 78' lang='grc' dir='ltr'><strong>αὐτῷ</strong></span> <span class='ocrx_word' id='word_1_23' title='bbox 774 445 1036 515; x_wconf 81' lang='grc' dir='ltr'>χρήματα</span> <span class='ocrx_word' id='word_1_24' title='bbox 1054 462 1068 477; x_wconf 76' lang='grc' dir='ltr'><strong>ο</strong></span> <span class='ocrx_word' id='word_1_25' title='bbox 1093 449 1189 502; x_wconf 76' lang='grc' dir='ltr'>καὶ</span> <span class='ocrx_word' id='word_1_26' title='bbox 1209 451 1244 519; x_wconf 79' lang='grc' dir='ltr'><strong>ἠ</strong></span> <span class='ocrx_word' id='word_1_27' title='bbox 1264 448 1591 520; x_wconf 79' lang='grc' dir='ltr'>Κλεοπάτρα</span> <span class='ocrx_word' id='word_1_28' title='bbox 1624 454 1817 523; x_wconf 75' lang='grc' dir='ltr'>κρύφα</span> 
     </span>
    </p>
   </div>
   <div class='ocr_carea' id='block_1_7' title="bbox 229 531 1820 614">
    <p class='ocr_par' dir='ltr' id='par_1_7' title="bbox 229 531 1820 614">
     <span class='ocr_line' id='line_1_7' title="bbox 229 531 1820 614; baseline 0.009 -29"><span class='ocrx_word' id='word_1_29' title='bbox 229 531 334 587; x_wconf 81' lang='grc' dir='ltr'>τοῦ</span> <span class='ocrx_word' id='word_1_30' title='bbox 376 534 664 588; x_wconf 80' lang='grc' dir='ltr'>Ἀντωνίου</span> <span class='ocrx_word' id='word_1_31' title='bbox 698 536 980 606; x_wconf 80' lang='grc' dir='ltr'>σκῆπτρον</span> <span class='ocrx_word' id='word_1_32' title='bbox 1014 539 1165 610; x_wconf 81' lang='grc' dir='ltr'>αὐτῷ</span> <span class='ocrx_word' id='word_1_33' title='bbox 1213 542 1459 613; x_wconf 78' lang='grc' dir='ltr'><strong>χρυσοῦν</strong></span> <span class='ocrx_word' id='word_1_34' title='bbox 1496 544 1594 598; x_wconf 72' lang='grc' dir='ltr'>καὶ</span> <span class='ocrx_word' id='word_1_35' title='bbox 1618 543 1820 614; x_wconf 69' lang='grc' dir='ltr'>στίφα·</span> 
     </span>
    </p>
   </div>
   <div class='ocr_carea' id='block_1_8' title="bbox 228 624 1819 703">
    <p class='ocr_par' dir='ltr' id='par_1_8' title="bbox 228 624 1819 703">
     <span class='ocr_line' id='line_1_8' title="bbox 228 624 1819 703; baseline 0.009 -28"><span class='ocrx_word' id='word_1_36' title='bbox 228 640 326 681; x_wconf 78' lang='grc' dir='ltr'><strong>νον</strong></span> <span class='ocrx_word' id='word_1_37' title='bbox 358 624 547 694; x_wconf 81' lang='grc' dir='ltr'>ὅμοιον</span> <span class='ocrx_word' id='word_1_38' title='bbox 604 626 700 680; x_wconf 77' lang='grc' dir='ltr'>καὶ</span> <span class='ocrx_word' id='word_1_39' title='bbox 745 627 938 697; x_wconf 78' lang='grc' dir='ltr'>δίφρον</span> <span class='ocrx_word' id='word_1_40' title='bbox 972 630 1249 700; x_wconf 78' lang='grc' dir='ltr'>βασίλειον</span> <span class='ocrx_word' id='word_1_41' title='bbox 1293 634 1565 703; x_wconf 77' lang='grc' dir='ltr'>ἐπεμψεν,</span> <span class='ocrx_word' id='word_1_42' title='bbox 1614 634 1691 699; x_wconf 81' lang='grc' dir='ltr'><strong>ὡς</strong></span> <span class='ocrx_word' id='word_1_43' title='bbox 1722 638 1819 691; x_wconf 80' lang='grc' dir='ltr'>καὶ</span> 
     </span>
    </p>
   </div>
   <div class='ocr_carea' id='block_1_9' title="bbox 224 715 1372 787">
    <p class='ocr_par' dir='ltr' id='par_1_9' title="bbox 224 715 1372 787">
     <span class='ocr_line' id='line_1_9' title="bbox 224 715 1372 787; baseline 0.012 -21"><span class='ocrx_word' id='word_1_44' title='bbox 224 715 337 786; x_wconf 73' lang='grc' dir='ltr'><strong>τὴν</strong></span> <span class='ocrx_word' id='word_1_45' title='bbox 368 715 544 786; x_wconf 82' lang='grc' dir='ltr'>ἀρχὴν</span> <span class='ocrx_word' id='word_1_46' title='bbox 586 717 738 787; x_wconf 80' lang='grc' dir='ltr'>αύτῷ</span> <span class='ocrx_word' id='word_1_47' title='bbox 786 719 854 774; x_wconf 82' lang='grc' dir='ltr'>δι’</span> <span class='ocrx_word' id='word_1_48' title='bbox 902 721 1088 777; x_wconf 82' lang='grc' dir='ltr'>αὐτῶν</span> <span class='ocrx_word' id='word_1_49' title='bbox 1132 723 1372 782; x_wconf 81' lang='grc' dir='ltr'>διδοῦσα.</span> 
     </span>
    </p>
   </div>
   <div class='ocr_carea' id='block_1_10' title="bbox 223 805 1819 888">
    <p class='ocr_par' dir='ltr' id='par_1_10' title="bbox 223 805 1819 888">
     <span class='ocr_line' id='line_1_10' title="bbox 223 805 1819 888; baseline 0.009 -29"><span class='ocrx_word' id='word_1_50' title='bbox 223 805 381 876; x_wconf 85' lang='grc' dir='ltr'>δῶρα</span> <span class='ocrx_word' id='word_1_51' title='bbox 409 808 623 869; x_wconf 64' lang='grc' dir='ltr'>ἔλασεν.</span> <span class='ocrx_word' id='word_1_52' title='bbox 649 810 842 865; x_wconf 72' lang='grc' dir='ltr'>οἰωνὸν</span> <span class='ocrx_word' id='word_1_53' title='bbox 871 813 1012 868; x_wconf 76' lang='grc' dir='ltr'>αὐτὰ</span> <span class='ocrx_word' id='word_1_54' title='bbox 1045 816 1440 886; x_wconf 80' lang='grc' dir='ltr'>ποιησάμενος,</span> <span class='ocrx_word' id='word_1_55' title='bbox 1482 819 1819 888; x_wconf 82' lang='grc' dir='ltr'>ἀπεκρίνατο</span> 
     </span>
    </p>
   </div>
   <div class='ocr_carea' id='block_1_11' title="bbox 219 895 1817 983">
    <p class='ocr_par' dir='ltr' id='par_1_11' title="bbox 219 895 1817 983">
     <span class='ocr_line' id='line_1_11' title="bbox 219 895 1817 983; baseline 0.009 -35"><span class='ocrx_word' id='word_1_56' title='bbox 219 895 284 948; x_wconf 81' lang='grc' dir='ltr'>δὲ</span> <span class='ocrx_word' id='word_1_57' title='bbox 312 896 390 967; x_wconf 81' lang='grc' dir='ltr'>τῷ</span> <span class='ocrx_word' id='word_1_58' title='bbox 419 896 520 964; x_wconf 79' lang='grc' dir='ltr'>μὲν</span> <span class='ocrx_word' id='word_1_59' title='bbox 553 898 824 971; x_wconf 79' lang='grc' dir='ltr'>’Δντωνίῳ</span> <span class='ocrx_word' id='word_1_60' title='bbox 864 900 1051 967; x_wconf 64' lang='grc' dir='ltr'>οὐδὲν,</span> <span class='ocrx_word' id='word_1_61' title='bbox 1091 903 1419 983; x_wconf 69' lang='grc' dir='ltr'>Κλεοπάτρᾳ</span> <span class='ocrx_word' id='word_1_62' title='bbox 1467 905 1521 959; x_wconf 82' lang='grc' dir='ltr'>δὲ</span> <span class='ocrx_word' id='word_1_63' title='bbox 1569 907 1651 960; x_wconf 85' lang='grc' dir='ltr'>ὅτι</span> <span class='ocrx_word' id='word_1_64' title='bbox 1684 907 1817 961; x_wconf 72' lang='grc' dir='ltr'>ἀπο-</span> 
     </span>
    </p>
   </div>
   <div class='ocr_carea' id='block_1_12' title="bbox 221 987 1813 1068">
    <p class='ocr_par' dir='ltr' id='par_1_12' title="bbox 221 987 1813 1068">
     <span class='ocr_line' id='line_1_12' title="bbox 221 987 1813 1068; baseline 0.004 -28"><span class='ocrx_word' id='word_1_65' title='bbox 221 987 493 1059; x_wconf 78' lang='grc' dir='ltr'>κτεινάσῃ</span> <span class='ocrx_word' id='word_1_66' title='bbox 523 987 616 1042; x_wconf 75' lang='grc' dir='ltr'>τὸν</span> <span class='ocrx_word' id='word_1_67' title='bbox 675 989 985 1054; x_wconf 82' lang='grc' dir='ltr'>Ἀντώνιον,</span> <span class='ocrx_word' id='word_1_68' title='bbox 1036 992 1068 1062; x_wconf 81' lang='grc' dir='ltr'><strong>ἢ</strong></span> <span class='ocrx_word' id='word_1_69' title='bbox 1100 993 1416 1068; x_wconf 78' lang='grc' dir='ltr'>ὲκϐαλούσῃ</span> <span class='ocrx_word' id='word_1_70' title='bbox 1447 996 1635 1051; x_wconf 83' lang='grc' dir='ltr'>ἄδειαν</span> <span class='ocrx_word' id='word_1_71' title='bbox 1674 998 1813 1067; x_wconf 80' lang='grc' dir='ltr'>αὐτῇ</span> 
     </span>
    </p>
   </div>
   <div class='ocr_carea' id='block_1_13' title="bbox 217 1075 1826 1159">
    <p class='ocr_par' dir='ltr' id='par_1_13' title="bbox 217 1075 1826 1159">
     <span class='ocr_line' id='line_1_13' title="bbox 217 1075 1826 1159; baseline 0.007 -29"><span class='ocrx_word' id='word_1_72' title='bbox 217 1075 413 1143; x_wconf 82' lang='grc' dir='ltr'>δώσει,</span> <span class='ocrx_word' id='word_1_73' title='bbox 466 1080 561 1135; x_wconf 76' lang='grc' dir='ltr'>καὶ</span> <span class='ocrx_word' id='word_1_74' title='bbox 613 1081 715 1150; x_wconf 77' lang='grc' dir='ltr'>τὴν</span> <span class='ocrx_word' id='word_1_75' title='bbox 766 1081 944 1152; x_wconf 79' lang='grc' dir='ltr'>ἀρχὴν</span> <span class='ocrx_word' id='word_1_76' title='bbox 997 1083 1680 1159; x_wconf 67' lang='grc' dir='ltr'>δάσειάπαρεγχείρητον.</span> <span class='ocrx_word' id='word_1_77' title='bbox 1726 1088 1826 1141; x_wconf 89' lang='grc' dir='ltr'><strong>Ἐν.</strong></span> 
     </span>
    </p>
   </div>
   <div class='ocr_carea' id='block_1_14' title="bbox 216 1168 1812 1249">
    <p class='ocr_par' dir='ltr' id='par_1_14' title="bbox 216 1168 1812 1249">
     <span class='ocr_line' id='line_1_14' title="bbox 216 1168 1812 1249; baseline 0.009 -31"><span class='ocrx_word' id='word_1_78' title='bbox 216 1168 468 1238; x_wconf 75' lang='grc' dir='ltr'>τοσούτῳ</span> <span class='ocrx_word' id='word_1_79' title='bbox 491 1168 546 1220; x_wconf 76' lang='grc' dir='ltr'>δὲ</span> <span class='ocrx_word' id='word_1_80' title='bbox 572 1169 669 1232; x_wconf 82' lang='grc' dir='ltr'><strong>τὰς</strong></span> <span class='ocrx_word' id='word_1_81' title='bbox 703 1172 760 1222; x_wconf 77' lang='grc' dir='ltr'>ὲν</span> <span class='ocrx_word' id='word_1_82' title='bbox 788 1171 865 1241; x_wconf 80' lang='grc' dir='ltr'>τῷ</span> <span class='ocrx_word' id='word_1_83' title='bbox 889 1172 1170 1243; x_wconf 77' lang='grc' dir='ltr'>Ἀραϐικῷ</span> <span class='ocrx_word' id='word_1_84' title='bbox 1221 1176 1406 1248; x_wconf 84' lang='grc' dir='ltr'>κόλπῳ</span> <span class='ocrx_word' id='word_1_85' title='bbox 1435 1180 1812 1249; x_wconf 82' lang='grc' dir='ltr'>ναυπηγηθεί-</span> 
     </span>
    </p>
   </div>
   <div class='ocr_carea' id='block_1_15' title="bbox 220 1260 1815 1340">
    <p class='ocr_par' dir='ltr' id='par_1_15' title="bbox 220 1260 1815 1340">
     <span class='ocr_line' id='line_1_15' title="bbox 220 1260 1815 1340; baseline 0.007 -29"><span class='ocrx_word' id='word_1_86' title='bbox 220 1275 331 1323; x_wconf 85' lang='grc' dir='ltr'><strong>σας</strong></span> <span class='ocrx_word' id='word_1_87' title='bbox 394 1262 458 1330; x_wconf 76' lang='grc' dir='ltr'>τῇ</span> <span class='ocrx_word' id='word_1_88' title='bbox 496 1260 825 1334; x_wconf 75' lang='grc' dir='ltr'><strong>Κλεοπάτρᾳ</strong></span> <span class='ocrx_word' id='word_1_89' title='bbox 878 1266 1127 1337; x_wconf 77' lang='grc' dir='ltr'><strong>τριήρεις</strong></span> <span class='ocrx_word' id='word_1_90' title='bbox 1177 1269 1525 1320; x_wconf 78' lang='grc' dir='ltr'><strong>κατέκαυσαν</strong></span> <span class='ocrx_word' id='word_1_91' title='bbox 1552 1270 1601 1321; x_wconf 80' lang='grc' dir='ltr'>οἱ</span> <span class='ocrx_word' id='word_1_92' title='bbox 1648 1269 1815 1340; x_wconf 80' lang='grc' dir='ltr'>Ἀρά-</span> 
     </span>
    </p>
   </div>
   <div class='ocr_carea' id='block_1_16' title="bbox 214 1350 1812 1427">
    <p class='ocr_par' dir='ltr' id='par_1_16' title="bbox 214 1350 1812 1427">
     <span class='ocr_line' id='line_1_16' title="bbox 214 1350 1812 1427; baseline 0.008 -26"><span class='ocrx_word' id='word_1_93' title='bbox 214 1350 354 1419; x_wconf 75' lang='grc' dir='ltr'>ϐιοι,</span> <span class='ocrx_word' id='word_1_94' title='bbox 379 1350 475 1404; x_wconf 73' lang='grc' dir='ltr'>καὶ</span> <span class='ocrx_word' id='word_1_95' title='bbox 507 1353 606 1414; x_wconf 69' lang='grc' dir='ltr'><strong>τὰς</strong></span> <span class='ocrx_word' id='word_1_96' title='bbox 632 1353 960 1425; x_wconf 75' lang='grc' dir='ltr'><strong>ἐπικουρίας</strong></span> <span class='ocrx_word' id='word_1_97' title='bbox 1017 1357 1068 1409; x_wconf 82' lang='grc' dir='ltr'>οἱ</span> <span class='ocrx_word' id='word_1_98' title='bbox 1106 1356 1272 1427; x_wconf 79' lang='grc' dir='ltr'>δῆμοι</span> <span class='ocrx_word' id='word_1_99' title='bbox 1306 1358 1402 1412; x_wconf 76' lang='grc' dir='ltr'>καὶ</span> <span class='ocrx_word' id='word_1_100' title='bbox 1453 1359 1501 1412; x_wconf 76' lang='grc' dir='ltr'>οἱ</span> <span class='ocrx_word' id='word_1_101' title='bbox 1553 1359 1812 1414; x_wconf 74' lang='grc' dir='ltr'><strong>δυνάσται</strong></span> 
     </span>
    </p>
   </div>
   <div class='ocr_carea' id='block_1_17' title="bbox 213 1440 1811 1522">
    <p class='ocr_par' dir='ltr' id='par_1_17' title="bbox 213 1440 1811 1522">
     <span class='ocr_line' id='line_1_17' title="bbox 213 1440 1811 1522; baseline 0.007 -29"><span class='ocrx_word' id='word_1_102' title='bbox 213 1440 543 1511; x_wconf 83' lang='grc' dir='ltr'>ξύμπαντες</span> <span class='ocrx_word' id='word_1_103' title='bbox 573 1443 989 1516; x_wconf 83' lang='grc' dir='ltr'>ἀπηρνήσαντο.</span> <span class='ocrx_word' id='word_1_104' title='bbox 1026 1447 1318 1513; x_wconf 80' lang='grc' dir='ltr'>Ἀντώνιος</span> <span class='ocrx_word' id='word_1_105' title='bbox 1354 1449 1411 1502; x_wconf 76' lang='grc' dir='ltr'>δὲ</span> <span class='ocrx_word' id='word_1_106' title='bbox 1439 1449 1534 1504; x_wconf 73' lang='grc' dir='ltr'><strong>καὶ</strong></span> <span class='ocrx_word' id='word_1_107' title='bbox 1573 1452 1607 1522; x_wconf 78' lang='grc' dir='ltr'><strong>ἡ</strong></span> <span class='ocrx_word' id='word_1_108' title='bbox 1642 1450 1811 1503; x_wconf 85' lang='grc' dir='ltr'>Κλεο-</span> 
     </span>
    </p>
   </div>
   <div class='ocr_carea' id='block_1_18' title="bbox 211 1530 1809 1612">
    <p class='ocr_par' dir='ltr' id='par_1_18' title="bbox 211 1530 1809 1612">
     <span class='ocr_line' id='line_1_18' title="bbox 211 1530 1809 1612; baseline 0.005 -27"><span class='ocrx_word' id='word_1_109' title='bbox 211 1530 431 1604; x_wconf 83' lang='grc' dir='ltr'>πάτρα,</span> <span class='ocrx_word' id='word_1_110' title='bbox 461 1534 795 1601; x_wconf 86' lang='grc' dir='ltr'>ἀκούσαντες</span> <span class='ocrx_word' id='word_1_111' title='bbox 845 1537 915 1591; x_wconf 85' lang='grc' dir='ltr'><strong>τὰ</strong></span> <span class='ocrx_word' id='word_1_112' title='bbox 947 1540 1097 1611; x_wconf 81' lang='grc' dir='ltr'><strong>παρά</strong></span> <span class='ocrx_word' id='word_1_113' title='bbox 1144 1539 1239 1593; x_wconf 82' lang='grc' dir='ltr'><strong>τοῦ</strong></span> <span class='ocrx_word' id='word_1_114' title='bbox 1289 1540 1570 1612; x_wconf 81' lang='grc' dir='ltr'>Καίσαρος</span> <span class='ocrx_word' id='word_1_115' title='bbox 1625 1541 1809 1606; x_wconf 77' lang='grc' dir='ltr'>αὐτοῖς</span> 
     </span>
    </p>
   </div>
   <div class='ocr_carea' id='block_1_19' title="bbox 208 1626 1808 1706">
    <p class='ocr_par' dir='ltr' id='par_1_19' title="bbox 208 1626 1808 1706">
     <span class='ocr_line' id='line_1_19' title="bbox 208 1626 1808 1706; baseline 0.005 -29"><span class='ocrx_word' id='word_1_116' title='bbox 208 1626 602 1696; x_wconf 67' lang='grc' dir='ltr'>ἐπεσταλμένα</span> <span class='ocrx_word' id='word_1_117' title='bbox 631 1628 887 1700; x_wconf 69' lang='grc' dir='ltr'>ἔπεμψαν</span> <span class='ocrx_word' id='word_1_118' title='bbox 915 1630 1099 1697; x_wconf 75' lang='grc' dir='ltr'>αὖθις,</span> <span class='ocrx_word' id='word_1_119' title='bbox 1144 1633 1178 1704; x_wconf 76' lang='grc' dir='ltr'><strong>η</strong></span> <span class='ocrx_word' id='word_1_120' title='bbox 1233 1632 1331 1704; x_wconf 84' lang='grc' dir='ltr'>μὲν</span> <span class='ocrx_word' id='word_1_121' title='bbox 1369 1635 1629 1706; x_wconf 77' lang='grc' dir='ltr'>χρήματα</span> <span class='ocrx_word' id='word_1_122' title='bbox 1661 1633 1808 1705; x_wconf 73' lang='grc' dir='ltr'>αὐτῷ</span> 
     </span>
    </p>
   </div>
   <div class='ocr_carea' id='block_1_20' title="bbox 209 1708 1886 1797">
    <p class='ocr_par' dir='ltr' id='par_1_20' title="bbox 209 1708 1886 1797">
     <span class='ocr_line' id='line_1_20' title="bbox 209 1708 1886 1797; baseline 0.007 -27"><span class='ocrx_word' id='word_1_123' title='bbox 209 1717 397 1771; x_wconf 77' lang='grc' dir='ltr'>πολλά</span> <span class='ocrx_word' id='word_1_124' title='bbox 428 1718 627 1774; x_wconf 80' lang='grc' dir='ltr'>δώσειν</span> <span class='ocrx_word' id='word_1_125' title='bbox 648 1720 1080 1796; x_wconf 78' lang='grc' dir='ltr'>ὑπισχνουμένη,</span> <span class='ocrx_word' id='word_1_126' title='bbox 1133 1728 1162 1779; x_wconf 80' lang='grc' dir='ltr'>ὁ</span> <span class='ocrx_word' id='word_1_127' title='bbox 1188 1726 1247 1779; x_wconf 72' lang='grc' dir='ltr'>δὲ</span> <span class='ocrx_word' id='word_1_128' title='bbox 1277 1726 1379 1796; x_wconf 77' lang='grc' dir='ltr'>τῆς</span> <span class='ocrx_word' id='word_1_129' title='bbox 1411 1745 1469 1780; x_wconf 90' lang='grc' dir='ltr'><strong>τε</strong></span> <span class='ocrx_word' id='word_1_130' title='bbox 1498 1726 1682 1797; x_wconf 80' lang='grc' dir='ltr'>φιλίας</span> <span class='ocrx_word' id='word_1_131' title='bbox 1712 1729 1807 1781; x_wconf 71' lang='grc' dir='ltr'><strong>καὶ</strong></span> <span class='ocrx_word' id='word_1_132' title='bbox 1843 1708 1886 1762; x_wconf 70' lang='grc' dir='ltr'><strong><em>Β</em></strong></span> 
     </span>
    </p>
   </div>
   <div class='ocr_carea' id='block_1_21' title="bbox 206 1810 1804 1888">
    <p class='ocr_par' dir='ltr' id='par_1_21' title="bbox 206 1810 1804 1888">
     <span class='ocr_line' id='line_1_21' title="bbox 206 1810 1804 1888; baseline 0.008 -28"><span class='ocrx_word' id='word_1_133' title='bbox 206 1810 315 1877; x_wconf 69' lang='grc' dir='ltr'>τῆς</span> <span class='ocrx_word' id='word_1_134' title='bbox 352 1810 673 1878; x_wconf 77' lang='grc' dir='ltr'>συγγενείας</span> <span class='ocrx_word' id='word_1_135' title='bbox 726 1812 889 1867; x_wconf 81' lang='grc' dir='ltr'>αὐτὸν</span> <span class='ocrx_word' id='word_1_136' title='bbox 934 1816 1412 1888; x_wconf 82' lang='grc' dir='ltr'>ἀναμιμνήσκων’</span> <span class='ocrx_word' id='word_1_137' title='bbox 1467 1820 1560 1873; x_wconf 82' lang='grc' dir='ltr'>καὶ</span> <span class='ocrx_word' id='word_1_138' title='bbox 1612 1820 1804 1873; x_wconf 78' lang='grc' dir='ltr'>ἑαυτὸν</span> 
     </span>
    </p>
   </div>
   <div class='ocr_carea' id='block_1_22' title="bbox 203 1901 1802 1981">
    <p class='ocr_par' dir='ltr' id='par_1_22' title="bbox 203 1901 1802 1981">
     <span class='ocr_line' id='line_1_22' title="bbox 203 1901 1802 1981; baseline 0.008 -28"><span class='ocrx_word' id='word_1_139' title='bbox 203 1901 656 1972; x_wconf 75' lang='grc' dir='ltr'>διαχειρίσασθαι</span> <span class='ocrx_word' id='word_1_140' title='bbox 679 1904 1074 1976; x_wconf 78' lang='grc' dir='ltr'>ἐπηγγέλλετο,</span> <span class='ocrx_word' id='word_1_141' title='bbox 1105 1908 1170 1962; x_wconf 80' lang='grc' dir='ltr'>ἂν</span> <span class='ocrx_word' id='word_1_142' title='bbox 1197 1908 1287 1962; x_wconf 83' lang='grc' dir='ltr'><strong>διὰ</strong></span> <span class='ocrx_word' id='word_1_143' title='bbox 1309 1909 1467 1964; x_wconf 81' lang='grc' dir='ltr'>τοῦτο</span> <span class='ocrx_word' id='word_1_144' title='bbox 1495 1914 1529 1981; x_wconf 78' lang='grc' dir='ltr'><strong>ἡ</strong></span> <span class='ocrx_word' id='word_1_145' title='bbox 1554 1911 1802 1966; x_wconf 85' lang='grc' dir='ltr'>Κλεοπά-</span> 
     </span>
    </p>
   </div>
   <div class='ocr_carea' id='block_1_23' title="bbox 205 1993 1802 2076">
    <p class='ocr_par' dir='ltr' id='par_1_23' title="bbox 205 1993 1802 2076">
     <span class='ocr_line' id='line_1_23' title="bbox 205 1993 1802 2076; baseline 0.008 -31"><span class='ocrx_word' id='word_1_146' title='bbox 205 2009 324 2062; x_wconf 84' lang='grc' dir='ltr'><strong>τρα</strong></span> <span class='ocrx_word' id='word_1_147' title='bbox 348 1993 519 2065; x_wconf 79' lang='grc' dir='ltr'>σωθῇ.</span> <span class='ocrx_word' id='word_1_148' title='bbox 549 1995 718 2049; x_wconf 78' lang='grc' dir='ltr'>Οὐδὲν</span> <span class='ocrx_word' id='word_1_149' title='bbox 749 1998 936 2067; x_wconf 77' lang='grc' dir='ltr'>μέντοι</span> <span class='ocrx_word' id='word_1_150' title='bbox 962 2000 1085 2053; x_wconf 70' lang='grc' dir='ltr'>οὐδὲ</span> <span class='ocrx_word' id='word_1_151' title='bbox 1113 2001 1234 2055; x_wconf 76' lang='grc' dir='ltr'>τότε</span> <span class='ocrx_word' id='word_1_152' title='bbox 1271 2002 1541 2074; x_wconf 79' lang='grc' dir='ltr'>Ἀντωνίῳ</span> <span class='ocrx_word' id='word_1_153' title='bbox 1566 2004 1802 2076; x_wconf 84' lang='grc' dir='ltr'>ἀπεκρί-</span> 
     </span>
    </p>
   </div>
   <div class='ocr_carea' id='block_1_24' title="bbox 205 2081 1802 2168">
    <p class='ocr_par' dir='ltr' id='par_1_24' title="bbox 205 2081 1802 2168">
     <span class='ocr_line' id='line_1_24' title="bbox 205 2081 1802 2168; baseline 0.01 -33"><span class='ocrx_word' id='word_1_154' title='bbox 205 2081 278 2152; x_wconf 80' lang='grc' dir='ltr'><strong>θη</strong></span> <span class='ocrx_word' id='word_1_155' title='bbox 310 2099 330 2115; x_wconf 73' lang='grc'><strong>⁸</strong></span> <span class='ocrx_word' id='word_1_156' title='bbox 361 2086 429 2155; x_wconf 74' lang='grc' dir='ltr'><strong>τῇ</strong></span> <span class='ocrx_word' id='word_1_157' title='bbox 454 2084 510 2137; x_wconf 68' lang='grc' dir='ltr'>δὲ</span> <span class='ocrx_word' id='word_1_158' title='bbox 540 2085 871 2160; x_wconf 71' lang='grc' dir='ltr'>Κλεοπάτρα</span> <span class='ocrx_word' id='word_1_159' title='bbox 900 2090 1074 2145; x_wconf 87' lang='grc' dir='ltr'>πολλά</span> <span class='ocrx_word' id='word_1_160' title='bbox 1109 2094 1202 2146; x_wconf 71' lang='grc' dir='ltr'>καὶ</span> <span class='ocrx_word' id='word_1_161' title='bbox 1233 2095 1354 2148; x_wconf 76' lang='grc' dir='ltr'>τότε</span> <span class='ocrx_word' id='word_1_162' title='bbox 1384 2096 1650 2168; x_wconf 67' lang='grc' dir='ltr'>ἠπείλησε</span> <span class='ocrx_word' id='word_1_163' title='bbox 1706 2098 1802 2151; x_wconf 69' lang='grc' dir='ltr'>καὶ</span> 
     </span>
    </p>
   </div>
   <div class='ocr_carea' id='block_1_25' title="bbox 204 2174 1800 2261">
    <p class='ocr_par' dir='ltr' id='par_1_25' title="bbox 204 2174 1800 2261">
     <span class='ocr_line' id='line_1_25' title="bbox 204 2174 1800 2261; baseline 0.01 -34"><span class='ocrx_word' id='word_1_164' title='bbox 204 2174 509 2246; x_wconf 77' lang='grc' dir='ltr'>ὑπέσχετο.</span> <span class='ocrx_word' id='word_1_165' title='bbox 542 2178 811 2250; x_wconf 70' lang='grc' dir='ltr'>Φοὸηθεὶς</span> <span class='ocrx_word' id='word_1_166' title='bbox 837 2180 895 2235; x_wconf 79' lang='grc' dir='ltr'>δὲ</span> <span class='ocrx_word' id='word_1_167' title='bbox 953 2181 1031 2254; x_wconf 81' lang='grc' dir='ltr'>μὴ</span> <span class='ocrx_word' id='word_1_168' title='bbox 1083 2185 1153 2236; x_wconf 76' lang='grc' dir='ltr'>τὰ</span> <span class='ocrx_word' id='word_1_169' title='bbox 1179 2189 1441 2257; x_wconf 73' lang='grc' dir='ltr'>χρήματα</span> <span class='ocrx_word' id='word_1_170' title='bbox 1491 2189 1800 2261; x_wconf 84' lang='grc' dir='ltr'>παμπληθῆ</span> 
     </span>
    </p>
   </div>
   <div class='ocr_carea' id='block_1_26' title="bbox 203 2265 1801 2349">
    <p class='ocr_par' dir='ltr' id='par_1_26' title="bbox 203 2265 1801 2349">
     <span class='ocr_line' id='line_1_26' title="bbox 203 2265 1801 2349; baseline 0.009 -30"><span class='ocrx_word' id='word_1_171' title='bbox 203 2265 348 2321; x_wconf 78' lang='grc' dir='ltr'>ὅντα</span> <span class='ocrx_word' id='word_1_172' title='bbox 366 2267 656 2342; x_wconf 78' lang='grc' dir='ltr'>διαφθείρῃ</span> <span class='ocrx_word' id='word_1_173' title='bbox 690 2273 721 2339; x_wconf 81' lang='grc' dir='ltr'>ἡ</span> <span class='ocrx_word' id='word_1_174' title='bbox 751 2270 1108 2344; x_wconf 80' lang='grc' dir='ltr'>Κλεοπάτρα,</span> <span class='ocrx_word' id='word_1_175' title='bbox 1134 2272 1170 2328; x_wconf 73' lang='grc' dir='ltr'>ἃ</span> <span class='ocrx_word' id='word_1_176' title='bbox 1192 2277 1269 2340; x_wconf 80' lang='grc' dir='ltr'><strong>είς</strong></span> <span class='ocrx_word' id='word_1_177' title='bbox 1294 2277 1352 2331; x_wconf 82' lang='grc' dir='ltr'>τὸ</span> <span class='ocrx_word' id='word_1_178' title='bbox 1382 2281 1671 2349; x_wconf 80' lang='grc' dir='ltr'>μνημεῖον,</span> <span class='ocrx_word' id='word_1_179' title='bbox 1692 2280 1720 2334; x_wconf 86' lang='grc' dir='ltr'><strong>ὃ</strong></span> <span class='ocrx_word' id='word_1_180' title='bbox 1741 2280 1801 2334; x_wconf 85' lang='grc' dir='ltr'>ὲν</span> 
     </span>
    </p>
   </div>
   <div class='ocr_carea' id='block_1_27' title="bbox 200 2359 1799 2448">
    <p class='ocr_par' dir='ltr' id='par_1_27' title="bbox 200 2359 1799 2448">
     <span class='ocr_line' id='line_1_27' title="bbox 200 2359 1799 2448; baseline 0.012 -38"><span class='ocrx_word' id='word_1_181' title='bbox 200 2359 331 2424; x_wconf 82' lang='grc' dir='ltr'>τοῖς</span> <span class='ocrx_word' id='word_1_182' title='bbox 385 2360 688 2431; x_wconf 81' lang='grc' dir='ltr'>βασιλείοις</span> <span class='ocrx_word' id='word_1_183' title='bbox 740 2368 1176 2433; x_wconf 73' lang='grc' dir='ltr'>κατεσκεύασεν,</span> <span class='ocrx_word' id='word_1_184' title='bbox 1234 2368 1455 2441; x_wconf 70' lang='grc' dir='ltr'>ἧθροισε</span> <span class='ocrx_word' id='word_1_185' title='bbox 1509 2371 1643 2444; x_wconf 71' lang='grc' dir='ltr'>(καὶ</span> <span class='ocrx_word' id='word_1_186' title='bbox 1690 2375 1799 2448; x_wconf 73' lang='grc' dir='ltr'>γὰρ</span> 
     </span>
    </p>
   </div>
   <div class='ocr_carea' id='block_1_28' title="bbox 204 2450 1797 2537">
    <p class='ocr_par' dir='ltr' id='par_1_28' title="bbox 204 2450 1797 2537">
     <span class='ocr_line' id='line_1_28' title="bbox 204 2450 1797 2537; baseline 0.011 -32"><span class='ocrx_word' id='word_1_187' title='bbox 204 2450 397 2505; x_wconf 77' lang='grc' dir='ltr'>πάντα</span> <span class='ocrx_word' id='word_1_188' title='bbox 443 2454 813 2510; x_wconf 77' lang='grc' dir='ltr'>κατακαύσειν</span> <span class='ocrx_word' id='word_1_189' title='bbox 836 2458 1051 2527; x_wconf 68' lang='grc' dir='ltr'>ἠπείλει</span> <span class='ocrx_word' id='word_1_190' title='bbox 1086 2460 1206 2530; x_wconf 88' lang='grc' dir='ltr'>μεθ’</span> <span class='ocrx_word' id='word_1_191' title='bbox 1246 2460 1468 2533; x_wconf 77' lang='grc' dir='ltr'>ἑαυτῆς,</span> <span class='ocrx_word' id='word_1_192' title='bbox 1496 2467 1544 2518; x_wconf 84' lang='grc' dir='ltr'>εἰ</span> <span class='ocrx_word' id='word_1_193' title='bbox 1570 2461 1644 2520; x_wconf 81' lang='grc' dir='ltr'>ὧν</span> <span class='ocrx_word' id='word_1_194' title='bbox 1669 2466 1797 2537; x_wconf 79' lang='grc' dir='ltr'>βού-</span> 
     </span>
    </p>
   </div>
   <div class='ocr_carea' id='block_1_29' title="bbox 203 2544 1798 2628">
    <p class='ocr_par' dir='ltr' id='par_1_29' title="bbox 203 2544 1798 2628">
     <span class='ocr_line' id='line_1_29' title="bbox 203 2544 1798 2628; baseline 0.013 -32"><span class='ocrx_word' id='word_1_195' title='bbox 203 2544 362 2598; x_wconf 83' lang='grc' dir='ltr'>λοιτο</span> <span class='ocrx_word' id='word_1_196' title='bbox 420 2545 760 2621; x_wconf 81' lang='grc' dir='ltr'>διαμάρτῃ),</span> <span class='ocrx_word' id='word_1_197' title='bbox 812 2550 1026 2623; x_wconf 83' lang='grc' dir='ltr'>Θύρσον</span> <span class='ocrx_word' id='word_1_198' title='bbox 1065 2554 1264 2608; x_wconf 81' lang='grc' dir='ltr'>οἰκεῖον</span> <span class='ocrx_word' id='word_1_199' title='bbox 1296 2548 1545 2628; x_wconf 78' lang='grc' dir='ltr'>ἐπεμψεν</span> <span class='ocrx_word' id='word_1_200' title='bbox 1579 2559 1798 2626; x_wconf 81' lang='grc' dir='ltr'>ἐξελεύ-</span> 
     </span>
    </p>
   </div>
   <div class='ocr_carea' id='block_1_30' title="bbox 205 2636 1796 2720">
    <p class='ocr_par' dir='ltr' id='par_1_30' title="bbox 205 2636 1796 2720">
     <span class='ocr_line' id='line_1_30' title="bbox 205 2636 1796 2720; baseline 0.009 -30"><span class='ocrx_word' id='word_1_201' title='bbox 205 2636 376 2708; x_wconf 81' lang='grc' dir='ltr'>θερον</span> <span class='ocrx_word' id='word_1_202' title='bbox 434 2639 606 2694; x_wconf 87' lang='grc' dir='ltr'>πολλά</span> <span class='ocrx_word' id='word_1_203' title='bbox 650 2641 884 2711; x_wconf 73' lang='grc' dir='ltr'>ἐροῦντα</span> <span class='ocrx_word' id='word_1_204' title='bbox 935 2645 1074 2715; x_wconf 83' lang='grc' dir='ltr'>αύτῇ</span> <span class='ocrx_word' id='word_1_205' title='bbox 1132 2646 1516 2720; x_wconf 81' lang='grc' dir='ltr'>φιλάνθρωπα,</span> <span class='ocrx_word' id='word_1_206' title='bbox 1566 2651 1662 2704; x_wconf 78' lang='grc' dir='ltr'>καὶ</span> <span class='ocrx_word' id='word_1_207' title='bbox 1713 2653 1796 2706; x_wconf 84' lang='grc' dir='ltr'>ὅτι</span> 
     </span>
    </p>
   </div>
   <div class='ocr_carea' id='block_1_31' title="bbox 202 2725 1796 2811">
    <p class='ocr_par' dir='ltr' id='par_1_31' title="bbox 202 2725 1796 2811">
     <span class='ocr_line' id='line_1_31' title="bbox 202 2725 1796 2811; baseline 0.009 -31"><span class='ocrx_word' id='word_1_208' title='bbox 202 2725 395 2800; x_wconf 77' lang='grc' dir='ltr'>ἔρωτα</span> <span class='ocrx_word' id='word_1_209' title='bbox 419 2729 610 2799; x_wconf 66' lang='grc' dir='ltr'>τρέφει</span> <span class='ocrx_word' id='word_1_210' title='bbox 644 2730 669 2784; x_wconf 73' lang='grc' dir='ltr'>ὁ</span> <span class='ocrx_word' id='word_1_211' title='bbox 700 2733 917 2806; x_wconf 83' lang='grc' dir='ltr'>Καῖσαρ</span> <span class='ocrx_word' id='word_1_212' title='bbox 949 2735 1144 2804; x_wconf 76' lang='grc' dir='ltr'>αὐτῆς.</span> <span class='ocrx_word' id='word_1_213' title='bbox 1177 2736 1344 2791; x_wconf 83' lang='grc' dir='ltr'>Ὅθεν</span> <span class='ocrx_word' id='word_1_214' title='bbox 1373 2738 1468 2793; x_wconf 70' lang='grc' dir='ltr'>καὶ</span> <span class='ocrx_word' id='word_1_215' title='bbox 1492 2739 1552 2794; x_wconf 80' lang='grc' dir='ltr'>τὸ</span> <span class='ocrx_word' id='word_1_216' title='bbox 1586 2740 1796 2811; x_wconf 86' lang='grc' dir='ltr'>Πηλού-</span> 
     </span>
    </p>
   </div>
   <div class='ocr_carea' id='block_1_32' title="bbox 202 2821 1793 2902">
    <p class='ocr_par' dir='ltr' id='par_1_32' title="bbox 202 2821 1793 2902">
     <span class='ocr_line' id='line_1_32' title="bbox 202 2821 1793 2902; baseline 0.012 -31"><span class='ocrx_word' id='word_1_217' title='bbox 202 2836 330 2875; x_wconf 83' lang='grc' dir='ltr'>σιον</span> <span class='ocrx_word' id='word_1_218' title='bbox 355 2821 625 2893; x_wconf 73' lang='grc' dir='ltr'>κατέσχεν</span> <span class='ocrx_word' id='word_1_219' title='bbox 659 2825 688 2877; x_wconf 80' lang='grc' dir='ltr'>ὁ</span> <span class='ocrx_word' id='word_1_220' title='bbox 717 2825 956 2898; x_wconf 83' lang='grc' dir='ltr'>Καῖσαρ,</span> <span class='ocrx_word' id='word_1_221' title='bbox 981 2827 1212 2898; x_wconf 78' lang='grc' dir='ltr'>δυνάμει</span> <span class='ocrx_word' id='word_1_222' title='bbox 1243 2829 1341 2900; x_wconf 86' lang='grc' dir='ltr'>μὲν</span> <span class='ocrx_word' id='word_1_223' title='bbox 1362 2829 1423 2883; x_wconf 78' lang='grc' dir='ltr'>τὸ</span> <span class='ocrx_word' id='word_1_224' title='bbox 1444 2831 1793 2902; x_wconf 79' lang='grc' dir='ltr'>φαινόμενον.</span> 
     </span>
    </p>
   </div>
   <div class='ocr_carea' id='block_1_33' title="bbox 200 2910 1793 2996">
    <p class='ocr_par' dir='ltr' id='par_1_33' title="bbox 200 2910 1793 2996">
     <span class='ocr_line' id='line_1_33' title="bbox 200 2910 1793 2996; baseline 0.012 -33"><span class='ocrx_word' id='word_1_225' title='bbox 200 2910 391 2984; x_wconf 66' lang='grc' dir='ltr'>λάθρα</span> <span class='ocrx_word' id='word_1_226' title='bbox 413 2914 468 2967; x_wconf 74' lang='grc' dir='ltr'>δὲ</span> <span class='ocrx_word' id='word_1_227' title='bbox 491 2915 754 2986; x_wconf 78' lang='grc' dir='ltr'>προδοθὲν</span> <span class='ocrx_word' id='word_1_228' title='bbox 786 2917 892 2972; x_wconf 80' lang='grc' dir='ltr'>ὑπὸ</span> <span class='ocrx_word' id='word_1_229' title='bbox 925 2920 1309 2993; x_wconf 77' lang='grc' dir='ltr'>Κλεοπάτρας.</span> <span class='ocrx_word' id='word_1_230' title='bbox 1360 2923 1525 2996; x_wconf 81' lang='grc' dir='ltr'>Ἐρᾷν</span> <span class='ocrx_word' id='word_1_231' title='bbox 1559 2925 1667 2996; x_wconf 79' lang='grc' dir='ltr'><strong>γὰρ</strong></span> <span class='ocrx_word' id='word_1_232' title='bbox 1696 2927 1793 2981; x_wconf 85' lang='grc' dir='ltr'>αύ-</span> 
     </span>
    </p>
   </div>
   <div class='ocr_carea' id='block_1_34' title="bbox 1447 727 1857 798">
    <p class='ocr_par' dir='ltr' id='par_1_34' title="bbox 1447 727 1857 798">
     <span class='ocr_line' id='line_1_34' title="bbox 1447 727 1857 798; baseline 0 -17"><span class='ocrx_word' id='word_1_233' title='bbox 1447 727 1857 798; x_wconf 69' lang='grc' dir='ltr'>ὀδδτάμὶν.</span> 
     </span>
    </p>
   </div>
   <div class='ocr_carea' id='block_1_35' title="bbox 1923 461 3497 533">
    <p class='ocr_par' dir='ltr' id='par_1_35' title="bbox 1923 461 3497 533">
     <span class='ocr_line' id='line_1_35' title="bbox 1923 461 3497 533; baseline 0.011 -21"><span class='ocrx_word' id='word_1_234' title='bbox 1923 474 2031 514; x_wconf 90' lang='lat' dir='ltr'><strong>una</strong></span> <span class='ocrx_word' id='word_1_235' title='bbox 2063 475 2187 514; x_wconf 89' lang='lat' dir='ltr'><strong>cum</strong></span> <span class='ocrx_word' id='word_1_236' title='bbox 2240 461 2326 516; x_wconf 89' lang='lat' dir='ltr'><strong>his</strong></span> <span class='ocrx_word' id='word_1_237' title='bbox 2376 462 2666 533; x_wconf 83' lang='lat' dir='ltr'><strong>imperium</strong></span> <span class='ocrx_word' id='word_1_238' title='bbox 2714 465 2883 525; x_wconf 78' lang='lat' dir='ltr'><strong>etiam</strong></span> <span class='ocrx_word' id='word_1_239' title='bbox 2928 465 2981 521; x_wconf 84' lang='lat' dir='ltr'><strong>ei</strong></span> <span class='ocrx_word' id='word_1_240' title='bbox 3018 467 3497 531; x_wconf 68' lang='lat' dir='ltr'><strong>lraderet.Caasar</strong></span> 
     </span>
    </p>
   </div>
   <div class='ocr_carea' id='block_1_36' title="bbox 1920 553 3500 629">
    <p class='ocr_par' dir='ltr' id='par_1_36' title="bbox 1920 553 3500 629">
     <span class='ocr_line' id='line_1_36' title="bbox 1920 553 3500 629; baseline 0.008 -23"><span class='ocrx_word' id='word_1_241' title='bbox 1920 553 2247 609; x_wconf 64' lang='lat' dir='ltr'><strong>muribus</strong></span> <span class='ocrx_word' id='word_1_242' title='bbox 2295 554 2427 611; x_wconf 85' lang='lat' dir='ltr'><strong>boni</strong></span> <span class='ocrx_word' id='word_1_243' title='bbox 2481 556 2680 615; x_wconf 68' lang='lat' dir='ltr'><strong>ominis</strong></span> <span class='ocrx_word' id='word_1_244' title='bbox 2726 571 2893 616; x_wconf 73' lang='lat' dir='ltr'><strong>causa</strong></span> <span class='ocrx_word' id='word_1_245' title='bbox 2941 560 3203 629; x_wconf 82' lang='lat' dir='ltr'><strong>acceptis,</strong></span> <span class='ocrx_word' id='word_1_246' title='bbox 3254 561 3500 618; x_wconf 76' lang='lat' dir='ltr'><strong>Antonio</strong></span> 
     </span>
    </p>
   </div>
   <div class='ocr_carea' id='block_1_37' title="bbox 1918 642 3491 724">
    <p class='ocr_par' dir='ltr' id='par_1_37' title="bbox 1918 642 3491 724">
     <span class='ocr_line' id='line_1_37' title="bbox 1918 642 3491 724; baseline 0.008 -26"><span class='ocrx_word' id='word_1_247' title='bbox 1918 642 2054 700; x_wconf 71' lang='lat' dir='ltr'><strong>nihil</strong></span> <span class='ocrx_word' id='word_1_248' title='bbox 2091 647 2415 716; x_wconf 73' lang='lat' dir='ltr'><strong>respondit:</strong></span> <span class='ocrx_word' id='word_1_249' title='bbox 2451 648 2757 719; x_wconf 67' lang='lat' dir='ltr'><strong>Cleonatraa</strong></span> <span class='ocrx_word' id='word_1_250' title='bbox 2790 653 3034 707; x_wconf 84' lang='lat' dir='ltr'><strong>nuntiari</strong></span> <span class='ocrx_word' id='word_1_251' title='bbox 3067 655 3257 724; x_wconf 73' lang='lat' dir='ltr'><strong>jussit,</strong></span> <span class='ocrx_word' id='word_1_252' title='bbox 3299 654 3491 709; x_wconf 69' lang='lat' dir='ltr'><strong>si&#39;An-</strong></span> 
     </span>
    </p>
   </div>
   <div class='ocr_carea' id='block_1_38' title="bbox 1920 736 3494 816">
    <p class='ocr_par' dir='ltr' id='par_1_38' title="bbox 1920 736 3494 816">
     <span class='ocr_line' id='line_1_38' title="bbox 1920 736 3494 816; baseline 0.007 -26"><span class='ocrx_word' id='word_1_253' title='bbox 1920 736 2133 791; x_wconf 80' lang='lat' dir='ltr'><strong>tonium</strong></span> <span class='ocrx_word' id='word_1_254' title='bbox 2179 739 2266 794; x_wconf 88' lang='lat' dir='ltr'><strong>vel</strong></span> <span class='ocrx_word' id='word_1_255' title='bbox 2312 741 2631 807; x_wconf 86' lang='lat' dir='ltr'><strong>occidisset,</strong></span> <span class='ocrx_word' id='word_1_256' title='bbox 2663 744 2749 797; x_wconf 89' lang='lat' dir='ltr'><strong>vel</strong></span> <span class='ocrx_word' id='word_1_257' title='bbox 2781 745 3050 814; x_wconf 70' lang='lat' dir='ltr'><strong>eiecisset,</strong></span> <span class='ocrx_word' id='word_1_258' title='bbox 3084 761 3143 800; x_wconf 87' lang='lat' dir='ltr'><strong>se</strong></span> <span class='ocrx_word' id='word_1_259' title='bbox 3196 745 3494 816; x_wconf 82' lang='lat' dir='ltr'><strong>impunita-</strong></span> 
     </span>
    </p>
   </div>
   <div class='ocr_carea' id='block_1_39' title="bbox 1910 830 3488 911">
    <p class='ocr_par' dir='ltr' id='par_1_39' title="bbox 1910 830 3488 911">
     <span class='ocr_line' id='line_1_39' title="bbox 1910 830 3488 911; baseline 0.006 -28"><span class='ocrx_word' id='word_1_260' title='bbox 1910 835 2029 911; x_wconf 68' lang='lat' dir='ltr'><strong>tem</strong></span> <span class='ocrx_word' id='word_1_261' title='bbox 2055 831 2104 885; x_wconf 91' lang='lat' dir='ltr'><strong>ei</strong></span> <span class='ocrx_word' id='word_1_262' title='bbox 2139 830 2422 898; x_wconf 87' lang='lat' dir='ltr'><strong>daturum,</strong></span> <span class='ocrx_word' id='word_1_263' title='bbox 2448 846 2505 889; x_wconf 88' lang='lat' dir='ltr'><strong>et</strong></span> <span class='ocrx_word' id='word_1_264' title='bbox 2531 849 2758 905; x_wconf 80' lang='lat' dir='ltr'><strong>regnum</strong></span> <span class='ocrx_word' id='word_1_265' title='bbox 2793 837 3114 891; x_wconf 78' lang='lat' dir='ltr'><strong>inviolatum</strong></span> <span class='ocrx_word' id='word_1_266' title='bbox 3145 838 3488 893; x_wconf 86' lang='lat' dir='ltr'><strong>relicturum.</strong></span> 
     </span>
    </p>
   </div>
   <div class='ocr_carea' id='block_1_40' title="bbox 1915 918 3490 995">
    <p class='ocr_par' dir='ltr' id='par_1_40' title="bbox 1915 918 3490 995">
     <span class='ocr_line' id='line_1_40' title="bbox 1915 918 3490 995; baseline 0.005 -19"><span class='ocrx_word' id='word_1_267' title='bbox 1915 918 2128 977; x_wconf 84' lang='lat' dir='ltr'><strong>Interea</strong></span> <span class='ocrx_word' id='word_1_268' title='bbox 2148 923 2451 981; x_wconf 65' lang='lat' dir='ltr'><strong>aediﬁcatae</strong></span> <span class='ocrx_word' id='word_1_269' title='bbox 2472 926 2772 995; x_wconf 66' lang='lat' dir='ltr'><strong>Cleopatrae</strong></span> <span class='ocrx_word' id='word_1_270' title='bbox 2794 928 2850 982; x_wconf 92' lang='lat' dir='ltr'><strong>in</strong></span> <span class='ocrx_word' id='word_1_271' title='bbox 2880 928 3004 983; x_wconf 85' lang='lat' dir='ltr'><strong>sinu</strong></span> <span class='ocrx_word' id='word_1_272' title='bbox 3035 928 3272 984; x_wconf 85' lang='lat' dir='ltr'><strong>Arabico</strong></span> <span class='ocrx_word' id='word_1_273' title='bbox 3297 944 3490 994; x_wconf 86' lang='lat' dir='ltr'><strong>naves,</strong></span> 
     </span>
    </p>
   </div>
   <div class='ocr_carea' id='block_1_41' title="bbox 1915 1012 3490 1088">
    <p class='ocr_par' dir='ltr' id='par_1_41' title="bbox 1915 1012 3490 1088">
     <span class='ocr_line' id='line_1_41' title="bbox 1915 1012 3490 1088; baseline 0.006 -25"><span class='ocrx_word' id='word_1_274' title='bbox 1915 1012 2128 1068; x_wconf 80' lang='lat' dir='ltr'><strong>Arabes</strong></span> <span class='ocrx_word' id='word_1_275' title='bbox 2188 1026 2596 1081; x_wconf 72' lang='lat' dir='ltr'><strong>cremaverunt,</strong></span> <span class='ocrx_word' id='word_1_276' title='bbox 2647 1017 2848 1071; x_wconf 85' lang='lat' dir='ltr'><strong>auxilia</strong></span> <span class='ocrx_word' id='word_1_277' title='bbox 2900 1019 3085 1088; x_wconf 88' lang='lat' dir='ltr'><strong>populi</strong></span> <span class='ocrx_word' id='word_1_278' title='bbox 3138 1019 3490 1088; x_wconf 81' lang='lat' dir='ltr'><strong>dynastaeque</strong></span> 
     </span>
    </p>
   </div>
   <div class='ocr_carea' id='block_1_42' title="bbox 1915 1106 3490 1179">
    <p class='ocr_par' dir='ltr' id='par_1_42' title="bbox 1915 1106 3490 1179">
     <span class='ocr_line' id='line_1_42' title="bbox 1915 1106 3490 1179; baseline 0.006 -24"><span class='ocrx_word' id='word_1_279' title='bbox 1915 1118 2106 1159; x_wconf 84' lang='lat' dir='ltr'><strong>omnes</strong></span> <span class='ocrx_word' id='word_1_280' title='bbox 2129 1116 2487 1176; x_wconf 88' lang='lat' dir='ltr'><strong>negaverunt.</strong></span> <span class='ocrx_word' id='word_1_281' title='bbox 2548 1106 2789 1177; x_wconf 73' lang='lat' dir='ltr'><strong>Accepto</strong></span> <span class='ocrx_word' id='word_1_282' title='bbox 2816 1107 3049 1165; x_wconf 61' lang='lat' dir='ltr'><strong>Caesaris</strong></span> <span class='ocrx_word' id='word_1_283' title='bbox 3075 1124 3363 1179; x_wconf 88' lang='lat' dir='ltr'><strong>responso,</strong></span> <span class='ocrx_word' id='word_1_284' title='bbox 3394 1109 3490 1164; x_wconf 81' lang='lat' dir='ltr'><strong>de-</strong></span> 
     </span>
    </p>
   </div>
   <div class='ocr_carea' id='block_1_43' title="bbox 1914 1197 3492 1272">
    <p class='ocr_par' dir='ltr' id='par_1_43' title="bbox 1914 1197 3492 1272">
     <span class='ocr_line' id='line_1_43' title="bbox 1914 1197 3492 1272; baseline 0.003 -21"><span class='ocrx_word' id='word_1_285' title='bbox 1914 1212 2026 1252; x_wconf 86' lang='lat' dir='ltr'><strong>nuo</strong></span> <span class='ocrx_word' id='word_1_286' title='bbox 2062 1197 2279 1268; x_wconf 72' lang='lat' dir='ltr'><strong>legatos</strong></span> <span class='ocrx_word' id='word_1_287' title='bbox 2322 1198 2630 1255; x_wconf 87' lang='lat' dir='ltr'><strong>miserunt:</strong></span> <span class='ocrx_word' id='word_1_288' title='bbox 2681 1200 2969 1272; x_wconf 79' lang='lat' dir='ltr'><strong>Cleopatra</strong></span> <span class='ocrx_word' id='word_1_289' title='bbox 3029 1216 3279 1272; x_wconf 76' lang='lat' dir='ltr'><strong>magnam</strong></span> <span class='ocrx_word' id='word_1_290' title='bbox 3318 1216 3492 1271; x_wconf 58' lang='lat' dir='ltr'><strong>pecu.</strong></span> 
     </span>
    </p>
   </div>
   <div class='ocr_carea' id='block_1_44' title="bbox 1914 1288 3489 1362">
    <p class='ocr_par' dir='ltr' id='par_1_44' title="bbox 1914 1288 3489 1362">
     <span class='ocr_line' id='line_1_44' title="bbox 1914 1288 3489 1362; baseline 0.004 -21"><span class='ocrx_word' id='word_1_291' title='bbox 1914 1288 2060 1344; x_wconf 90' lang='lat' dir='ltr'><strong>niam</strong></span> <span class='ocrx_word' id='word_1_292' title='bbox 2095 1288 2386 1358; x_wconf 83' lang='lat' dir='ltr'><strong>poliicens,</strong></span> <span class='ocrx_word' id='word_1_293' title='bbox 2432 1292 2710 1353; x_wconf 80' lang='lat' dir='ltr'><strong>Antonius</strong></span> <span class='ocrx_word' id='word_1_294' title='bbox 2752 1292 3097 1362; x_wconf 78' lang='lat' dir='ltr'><strong>cognationis</strong></span> <span class='ocrx_word' id='word_1_295' title='bbox 3150 1301 3207 1347; x_wconf 91' lang='lat' dir='ltr'><strong>et</strong></span> <span class='ocrx_word' id='word_1_296' title='bbox 3235 1293 3489 1348; x_wconf 63' lang='lat' dir='ltr'><strong>amicitiae</strong></span> 
     </span>
    </p>
   </div>
   <div class='ocr_carea' id='block_1_45' title="bbox 1911 1382 3485 1454">
    <p class='ocr_par' dir='ltr' id='par_1_45' title="bbox 1911 1382 3485 1454">
     <span class='ocr_line' id='line_1_45' title="bbox 1911 1382 3485 1454; baseline 0.003 -20"><span class='ocrx_word' id='word_1_297' title='bbox 1911 1394 2039 1437; x_wconf 84' lang='lat' dir='ltr'><strong>eum</strong></span> <span class='ocrx_word' id='word_1_298' title='bbox 2074 1382 2596 1447; x_wconf 81' lang='lat' dir='ltr'><strong>commonefaciens,</strong></span> <span class='ocrx_word' id='word_1_299' title='bbox 2635 1398 2804 1454; x_wconf 87' lang='lat' dir='ltr'><strong>seque</strong></span> <span class='ocrx_word' id='word_1_300' title='bbox 2839 1384 2943 1439; x_wconf 90' lang='lat' dir='ltr'><strong>sibi</strong></span> <span class='ocrx_word' id='word_1_301' title='bbox 2973 1399 3170 1439; x_wconf 89' lang='lat' dir='ltr'><strong>manus</strong></span> <span class='ocrx_word' id='word_1_302' title='bbox 3189 1384 3485 1439; x_wconf 83' lang='lat' dir='ltr'><strong>allaturum</strong></span> 
     </span>
    </p>
   </div>
   <div class='ocr_carea' id='block_1_46' title="bbox 1911 1471 3488 1545">
    <p class='ocr_par' dir='ltr' id='par_1_46' title="bbox 1911 1471 3488 1545">
     <span class='ocr_line' id='line_1_46' title="bbox 1911 1471 3488 1545; baseline 0.002 -19"><span class='ocrx_word' id='word_1_303' title='bbox 1911 1471 2214 1535; x_wconf 83' lang='lat' dir='ltr'><strong>allirmans,</strong></span> <span class='ocrx_word' id='word_1_304' title='bbox 2236 1475 2282 1529; x_wconf 90' lang='lat' dir='ltr'><strong>si</strong></span> <span class='ocrx_word' id='word_1_305' title='bbox 2312 1490 2446 1529; x_wconf 89' lang='lat' dir='ltr'><strong>suus</strong></span> <span class='ocrx_word' id='word_1_306' title='bbox 2476 1475 2736 1531; x_wconf 87' lang='lat' dir='ltr'><strong>interitus</strong></span> <span class='ocrx_word' id='word_1_307' title='bbox 2759 1475 3064 1545; x_wconf 78' lang='lat' dir='ltr'><strong>CleOpatrae</strong></span> <span class='ocrx_word' id='word_1_308' title='bbox 3097 1476 3331 1530; x_wconf 84' lang='lat' dir='ltr'><strong>salutem</strong></span> <span class='ocrx_word' id='word_1_309' title='bbox 3355 1476 3488 1529; x_wconf 86' lang='lat' dir='ltr'><strong>alla-</strong></span> 
     </span>
    </p>
   </div>
   <div class='ocr_carea' id='block_1_47' title="bbox 1912 1563 3489 1637">
    <p class='ocr_par' dir='ltr' id='par_1_47' title="bbox 1912 1563 3489 1637">
     <span class='ocr_line' id='line_1_47' title="bbox 1912 1563 3489 1637; baseline 0.002 -21"><span class='ocrx_word' id='word_1_310' title='bbox 1912 1570 2070 1618; x_wconf 87' lang='lat' dir='ltr'><strong>turus</strong></span> <span class='ocrx_word' id='word_1_311' title='bbox 2103 1574 2269 1619; x_wconf 84' lang='lat' dir='ltr'><strong>esset.</strong></span> <span class='ocrx_word' id='word_1_312' title='bbox 2305 1563 2486 1620; x_wconf 63' lang='lat' dir='ltr'><strong>Caesar</strong></span> <span class='ocrx_word' id='word_1_313' title='bbox 2518 1581 2651 1621; x_wconf 86' lang='lat' dir='ltr'><strong>vero</strong></span> <span class='ocrx_word' id='word_1_314' title='bbox 2693 1581 2761 1620; x_wconf 87' lang='lat' dir='ltr'><strong>ne</strong></span> <span class='ocrx_word' id='word_1_315' title='bbox 2813 1576 2928 1620; x_wconf 87' lang='lat' dir='ltr'><strong>tum</strong></span> <span class='ocrx_word' id='word_1_316' title='bbox 2975 1566 3197 1636; x_wconf 86' lang='lat' dir='ltr'><strong>quidem</strong></span> <span class='ocrx_word' id='word_1_317' title='bbox 3249 1565 3489 1637; x_wconf 81' lang='lat' dir='ltr'><strong>Antonio</strong></span> 
     </span>
    </p>
   </div>
   <div class='ocr_carea' id='block_1_48' title="bbox 1912 1655 3483 1727">
    <p class='ocr_par' dir='ltr' id='par_1_48' title="bbox 1912 1655 3483 1727">
     <span class='ocr_line' id='line_1_48' title="bbox 1912 1655 3483 1727; baseline 0.001 -19"><span class='ocrx_word' id='word_1_318' title='bbox 1912 1655 2213 1726; x_wconf 77' lang='lat' dir='ltr'><strong>quidquam</strong></span> <span class='ocrx_word' id='word_1_319' title='bbox 2244 1657 2548 1727; x_wconf 79' lang='lat' dir='ltr'><strong>respondit,</strong></span> <span class='ocrx_word' id='word_1_320' title='bbox 2580 1656 2880 1727; x_wconf 56' lang='lat' dir='ltr'><strong>Cleopatra;</strong></span> <span class='ocrx_word' id='word_1_321' title='bbox 2904 1673 3035 1712; x_wconf 84' lang='lat' dir='ltr'><strong>vero</strong></span> <span class='ocrx_word' id='word_1_322' title='bbox 3064 1658 3237 1711; x_wconf 88' lang='lat' dir='ltr'><strong>multa</strong></span> <span class='ocrx_word' id='word_1_323' title='bbox 3255 1666 3312 1712; x_wconf 89' lang='lat' dir='ltr'><strong>et</strong></span> <span class='ocrx_word' id='word_1_324' title='bbox 3335 1673 3483 1712; x_wconf 87' lang='lat' dir='ltr'><strong>com-</strong></span> 
     </span>
    </p>
   </div>
   <div class='ocr_carea' id='block_1_49' title="bbox 1909 1746 3484 1819">
    <p class='ocr_par' dir='ltr' id='par_1_49' title="bbox 1909 1746 3484 1819">
     <span class='ocr_line' id='line_1_49' title="bbox 1909 1746 3484 1819; baseline 0.003 -19"><span class='ocrx_word' id='word_1_325' title='bbox 1909 1746 2153 1803; x_wconf 84' lang='lat' dir='ltr'><strong>minatus</strong></span> <span class='ocrx_word' id='word_1_326' title='bbox 2197 1758 2251 1803; x_wconf 89' lang='lat' dir='ltr'><strong>et</strong></span> <span class='ocrx_word' id='word_1_327' title='bbox 2300 1749 2581 1818; x_wconf 81' lang='lat' dir='ltr'><strong>pollicitus</strong></span> <span class='ocrx_word' id='word_1_328' title='bbox 2632 1758 2756 1804; x_wconf 88' lang='lat' dir='ltr'><strong>est:</strong></span> <span class='ocrx_word' id='word_1_329' title='bbox 2808 1758 2864 1803; x_wconf 90' lang='lat' dir='ltr'><strong>et</strong></span> <span class='ocrx_word' id='word_1_330' title='bbox 2914 1750 3044 1819; x_wconf 85' lang='lat' dir='ltr'><strong>quia</strong></span> <span class='ocrx_word' id='word_1_331' title='bbox 3072 1750 3376 1814; x_wconf 86' lang='lat' dir='ltr'><strong>metuebat,</strong></span> <span class='ocrx_word' id='word_1_332' title='bbox 3415 1764 3484 1804; x_wconf 89' lang='lat' dir='ltr'><strong>ne</strong></span> 
     </span>
    </p>
   </div>
   <div class='ocr_carea' id='block_1_50' title="bbox 1906 1838 3485 1911">
    <p class='ocr_par' dir='ltr' id='par_1_50' title="bbox 1906 1838 3485 1911">
     <span class='ocr_line' id='line_1_50' title="bbox 1906 1838 3485 1911; baseline 0.001 -19"><span class='ocrx_word' id='word_1_333' title='bbox 1906 1838 2106 1894; x_wconf 84' lang='lat' dir='ltr'><strong>mulier</strong></span> <span class='ocrx_word' id='word_1_334' title='bbox 2140 1839 2418 1911; x_wconf 81' lang='lat' dir='ltr'><strong>ingentem</strong></span> <span class='ocrx_word' id='word_1_335' title='bbox 2476 1843 2787 1911; x_wconf 79' lang='lat' dir='ltr'><strong>pecuniam,</strong></span> <span class='ocrx_word' id='word_1_336' title='bbox 2840 1856 3002 1909; x_wconf 88' lang='lat' dir='ltr'><strong>quam</strong></span> <span class='ocrx_word' id='word_1_337' title='bbox 3053 1841 3111 1895; x_wconf 91' lang='lat' dir='ltr'><strong>in</strong></span> <span class='ocrx_word' id='word_1_338' title='bbox 3156 1857 3485 1897; x_wconf 86' lang='lat' dir='ltr'><strong>monumen-</strong></span> 
     </span>
    </p>
   </div>
   <div class='ocr_carea' id='block_1_51' title="bbox 1907 1928 3484 2003">
    <p class='ocr_par' dir='ltr' id='par_1_51' title="bbox 1907 1928 3484 2003">
     <span class='ocr_line' id='line_1_51' title="bbox 1907 1928 3484 2003; baseline 0.003 -20"><span class='ocrx_word' id='word_1_339' title='bbox 1907 1937 2022 1983; x_wconf 87' lang='lat' dir='ltr'><strong>tum</strong></span> <span class='ocrx_word' id='word_1_340' title='bbox 2053 1928 2108 1985; x_wconf 87' lang='lat' dir='ltr'><strong>iu</strong></span> <span class='ocrx_word' id='word_1_341' title='bbox 2140 1931 2286 1999; x_wconf 87' lang='lat' dir='ltr'><strong>regia</strong></span> <span class='ocrx_word' id='word_1_342' title='bbox 2316 1940 2565 2000; x_wconf 83' lang='lat' dir='ltr'><strong>paratum</strong></span> <span class='ocrx_word' id='word_1_343' title='bbox 2611 1930 2896 1996; x_wconf 81' lang='lat' dir='ltr'><strong>intulerat,</strong></span> <span class='ocrx_word' id='word_1_344' title='bbox 2949 1931 3197 1986; x_wconf 81' lang='lat' dir='ltr'><strong>aboleret</strong></span> <span class='ocrx_word' id='word_1_345' title='bbox 3255 1932 3484 2003; x_wconf 88' lang='lat' dir='ltr'><strong>(minata</strong></span> 
     </span>
    </p>
   </div>
   <div class='ocr_carea' id='block_1_52' title="bbox 1902 2021 3485 2091">
    <p class='ocr_par' dir='ltr' id='par_1_52' title="bbox 1902 2021 3485 2091">
     <span class='ocr_line' id='line_1_52' title="bbox 1902 2021 3485 2091; baseline 0.003 -16"><span class='ocrx_word' id='word_1_346' title='bbox 1902 2021 2049 2075; x_wconf 88' lang='lat' dir='ltr'><strong>enim</strong></span> <span class='ocrx_word' id='word_1_347' title='bbox 2092 2029 2235 2085; x_wconf 82' lang='lat' dir='ltr'><strong>erat,</strong></span> <span class='ocrx_word' id='word_1_348' title='bbox 2277 2022 2382 2077; x_wconf 83' lang='lat' dir='ltr'><strong>nisi</strong></span> <span class='ocrx_word' id='word_1_349' title='bbox 2437 2032 2691 2078; x_wconf 85' lang='lat' dir='ltr'><strong>votorum</strong></span> <span class='ocrx_word' id='word_1_350' title='bbox 2750 2038 2978 2091; x_wconf 88' lang='lat' dir='ltr'><strong>compos</strong></span> <span class='ocrx_word' id='word_1_351' title='bbox 3040 2023 3217 2088; x_wconf 81' lang='lat' dir='ltr'><strong>ﬁeret,</strong></span> <span class='ocrx_word' id='word_1_352' title='bbox 3270 2040 3391 2079; x_wconf 86' lang='lat' dir='ltr'><strong>eam</strong></span> <span class='ocrx_word' id='word_1_353' title='bbox 3424 2040 3485 2081; x_wconf 85' lang='lat' dir='ltr'><strong>se</strong></span> 
     </span>
    </p>
   </div>
   <div class='ocr_carea' id='block_1_53' title="bbox 1904 2116 3481 2187">
    <p class='ocr_par' dir='ltr' id='par_1_53' title="bbox 1904 2116 3481 2187">
     <span class='ocr_line' id='line_1_53' title="bbox 1904 2116 3481 2187; baseline 0.003 -21"><span class='ocrx_word' id='word_1_354' title='bbox 1904 2128 2013 2171; x_wconf 85' lang='lat' dir='ltr'><strong>una</strong></span> <span class='ocrx_word' id='word_1_355' title='bbox 2066 2128 2252 2169; x_wconf 88' lang='lat' dir='ltr'><strong>secum</strong></span> <span class='ocrx_word' id='word_1_356' title='bbox 2309 2117 2723 2181; x_wconf 86' lang='lat' dir='ltr'><strong>erematuram)</strong></span> <span class='ocrx_word' id='word_1_357' title='bbox 2773 2116 3046 2187; x_wconf 85' lang='lat' dir='ltr'><strong>Thyrsum</strong></span> <span class='ocrx_word' id='word_1_358' title='bbox 3097 2116 3358 2171; x_wconf 88' lang='lat' dir='ltr'><strong>libertum</strong></span> <span class='ocrx_word' id='word_1_359' title='bbox 3413 2117 3481 2171; x_wconf 87' lang='lat' dir='ltr'><strong>ad</strong></span> 
     </span>
    </p>
   </div>
   <div class='ocr_carea' id='block_1_54' title="bbox 1902 2203 3485 2275">
    <p class='ocr_par' dir='ltr' id='par_1_54' title="bbox 1902 2203 3485 2275">
     <span class='ocr_line' id='line_1_54' title="bbox 1902 2203 3485 2275; baseline 0.001 -16"><span class='ocrx_word' id='word_1_360' title='bbox 1902 2218 2023 2259; x_wconf 84' lang='lat' dir='ltr'><strong>eam</strong></span> <span class='ocrx_word' id='word_1_361' title='bbox 2061 2203 2231 2269; x_wconf 87' lang='lat' dir='ltr'><strong>misit,</strong></span> <span class='ocrx_word' id='word_1_362' title='bbox 2269 2204 2363 2274; x_wconf 90' lang='lat' dir='ltr'><strong>qui</strong></span> <span class='ocrx_word' id='word_1_363' title='bbox 2399 2214 2600 2274; x_wconf 67' lang='lat' dir='ltr'><strong>prmter</strong></span> <span class='ocrx_word' id='word_1_364' title='bbox 2637 2207 2743 2260; x_wconf 84' lang='lat' dir='ltr'><strong>alia</strong></span> <span class='ocrx_word' id='word_1_365' title='bbox 2777 2207 3137 2262; x_wconf 84' lang='lat' dir='ltr'><strong>humanitatis</strong></span> <span class='ocrx_word' id='word_1_366' title='bbox 3189 2207 3372 2275; x_wconf 87' lang='lat' dir='ltr'><strong>plena,</strong></span> <span class='ocrx_word' id='word_1_367' title='bbox 3420 2207 3485 2261; x_wconf 85' lang='lat' dir='ltr'><strong>il-</strong></span> 
     </span>
    </p>
   </div>
   <div class='ocr_carea' id='block_1_55' title="bbox 1900 2295 3483 2362">
    <p class='ocr_par' dir='ltr' id='par_1_55' title="bbox 1900 2295 3483 2362">
     <span class='ocr_line' id='line_1_55' title="bbox 1900 2295 3483 2362; baseline 0.003 -13"><span class='ocrx_word' id='word_1_368' title='bbox 1900 2295 1996 2350; x_wconf 80' lang='lat' dir='ltr'><strong>lud</strong></span> <span class='ocrx_word' id='word_1_369' title='bbox 2021 2296 2188 2351; x_wconf 88' lang='lat' dir='ltr'><strong>etiam</strong></span> <span class='ocrx_word' id='word_1_370' title='bbox 2223 2297 2275 2352; x_wconf 89' lang='lat' dir='ltr'><strong>ei</strong></span> <span class='ocrx_word' id='word_1_371' title='bbox 2333 2296 2565 2362; x_wconf 87' lang='lat' dir='ltr'><strong>diceret,</strong></span> <span class='ocrx_word' id='word_1_372' title='bbox 2610 2296 2881 2354; x_wconf 66' lang='lat' dir='ltr'><strong>Caesarem</strong></span> <span class='ocrx_word' id='word_1_373' title='bbox 2933 2314 3121 2353; x_wconf 87' lang='lat' dir='ltr'><strong>amore</strong></span> <span class='ocrx_word' id='word_1_374' title='bbox 3167 2298 3315 2353; x_wconf 88' lang='lat' dir='ltr'><strong>illius</strong></span> <span class='ocrx_word' id='word_1_375' title='bbox 3360 2313 3483 2354; x_wconf 90' lang='lat' dir='ltr'><strong>esse</strong></span> 
     </span>
    </p>
   </div>
   <div class='ocr_carea' id='block_1_56' title="bbox 1901 2387 3491 2462">
    <p class='ocr_par' dir='ltr' id='par_1_56' title="bbox 1901 2387 3491 2462">
     <span class='ocr_line' id='line_1_56' title="bbox 1901 2387 3491 2462; baseline 0.003 -22"><span class='ocrx_word' id='word_1_376' title='bbox 1901 2395 2143 2456; x_wconf 88' lang='lat' dir='ltr'><strong>captum.</strong></span> <span class='ocrx_word' id='word_1_377' title='bbox 2174 2387 2265 2442; x_wconf 88' lang='lat' dir='ltr'><strong>Sic</strong></span> <span class='ocrx_word' id='word_1_378' title='bbox 2292 2387 2511 2443; x_wconf 86' lang='lat' dir='ltr'><strong>Pelusio</strong></span> <span class='ocrx_word' id='word_1_379' title='bbox 2539 2389 2749 2459; x_wconf 87' lang='lat' dir='ltr'><strong>potitus</strong></span> <span class='ocrx_word' id='word_1_380' title='bbox 2775 2399 2881 2455; x_wconf 89' lang='lat' dir='ltr'><strong>est,</strong></span> <span class='ocrx_word' id='word_1_381' title='bbox 2907 2390 3062 2459; x_wconf 88' lang='lat' dir='ltr'><strong>quasi</strong></span> <span class='ocrx_word' id='word_1_382' title='bbox 3097 2389 3290 2445; x_wconf 86' lang='lat' dir='ltr'><strong>urbem</strong></span> <span class='ocrx_word' id='word_1_383' title='bbox 3318 2389 3491 2462; x_wconf 71' lang='lat'><strong>528</strong></span> 
     </span>
    </p>
   </div>
   <div class='ocr_carea' id='block_1_57' title="bbox 1899 2479 3482 2552">
    <p class='ocr_par' dir='ltr' id='par_1_57' title="bbox 1899 2479 3482 2552">
     <span class='ocr_line' id='line_1_57' title="bbox 1899 2479 3482 2552; baseline 0.004 -21"><span class='ocrx_word' id='word_1_384' title='bbox 1899 2479 1953 2534; x_wconf 90' lang='lat' dir='ltr'><strong>vi</strong></span> <span class='ocrx_word' id='word_1_385' title='bbox 1987 2489 2376 2551; x_wconf 79' lang='lat' dir='ltr'><strong>expugnasset,</strong></span> <span class='ocrx_word' id='word_1_386' title='bbox 2428 2496 2555 2536; x_wconf 90' lang='lat' dir='ltr'><strong>cum</strong></span> <span class='ocrx_word' id='word_1_387' title='bbox 2591 2497 2783 2537; x_wconf 85' lang='lat' dir='ltr'><strong>revera</strong></span> <span class='ocrx_word' id='word_1_388' title='bbox 2818 2483 3035 2552; x_wconf 88' lang='lat' dir='ltr'><strong>prodita</strong></span> <span class='ocrx_word' id='word_1_389' title='bbox 3088 2492 3236 2538; x_wconf 90' lang='lat' dir='ltr'><strong>esset</strong></span> <span class='ocrx_word' id='word_1_390' title='bbox 3262 2500 3291 2536; x_wconf 88' lang='lat' dir='ltr'><strong>a</strong></span> <span class='ocrx_word' id='word_1_391' title='bbox 3319 2481 3482 2538; x_wconf 89' lang='lat' dir='ltr'><strong>Cleo-</strong></span> 
     </span>
    </p>
   </div>
   <div class='ocr_carea' id='block_1_58' title="bbox 1900 2570 3481 2645">
    <p class='ocr_par' dir='ltr' id='par_1_58' title="bbox 1900 2570 3481 2645">
     <span class='ocr_line' id='line_1_58' title="bbox 1900 2570 3481 2645; baseline 0.003 -20"><span class='ocrx_word' id='word_1_392' title='bbox 1900 2580 2077 2639; x_wconf 87' lang='lat' dir='ltr'><strong>patra.</strong></span> <span class='ocrx_word' id='word_1_393' title='bbox 2114 2570 2249 2626; x_wconf 77' lang='lat' dir='ltr'><strong>Nam</strong></span> <span class='ocrx_word' id='word_1_394' title='bbox 2280 2586 2406 2627; x_wconf 90' lang='lat' dir='ltr'><strong>eum</strong></span> <span class='ocrx_word' id='word_1_395' title='bbox 2457 2588 2516 2628; x_wconf 88' lang='lat' dir='ltr'><strong>se</strong></span> <span class='ocrx_word' id='word_1_396' title='bbox 2558 2574 2626 2628; x_wconf 90' lang='lat' dir='ltr'><strong>ab</strong></span> <span class='ocrx_word' id='word_1_397' title='bbox 2662 2573 2760 2628; x_wconf 90' lang='lat' dir='ltr'><strong>illo</strong></span> <span class='ocrx_word' id='word_1_398' title='bbox 2809 2574 2980 2628; x_wconf 91' lang='lat' dir='ltr'><strong>amari</strong></span> <span class='ocrx_word' id='word_1_399' title='bbox 3014 2574 3280 2640; x_wconf 87' lang='lat' dir='ltr'><strong>audisset,</strong></span> <span class='ocrx_word' id='word_1_400' title='bbox 3313 2581 3481 2645; x_wconf 86' lang='lat' dir='ltr'><strong>atque</strong></span> 
     </span>
    </p>
   </div>
   <div class='ocr_carea' id='block_1_59' title="bbox 1896 2664 3475 2735">
    <p class='ocr_par' dir='ltr' id='par_1_59' title="bbox 1896 2664 3475 2735">
     <span class='ocr_line' id='line_1_59' title="bbox 1896 2664 3475 2735; baseline 0.002 -18"><span class='ocrx_word' id='word_1_401' title='bbox 1896 2664 2323 2735; x_wconf 84' lang='lat' dir='ltr'><strong>ejusdesiderio</strong></span> <span class='ocrx_word' id='word_1_402' title='bbox 2356 2674 2663 2731; x_wconf 87' lang='lat' dir='ltr'><strong>teneretur,</strong></span> <span class='ocrx_word' id='word_1_403' title='bbox 2700 2665 2885 2721; x_wconf 89' lang='lat' dir='ltr'><strong>statim</strong></span> <span class='ocrx_word' id='word_1_404' title='bbox 2913 2665 2962 2720; x_wconf 90' lang='lat' dir='ltr'><strong>ei</strong></span> <span class='ocrx_word' id='word_1_405' title='bbox 2997 2665 3475 2720; x_wconf 76' lang='lat' dir='ltr'><strong>Pelusiumdedi—</strong></span> 
     </span>
    </p>
   </div>
   <div class='ocr_carea' id='block_1_60' title="bbox 1897 2754 3476 2826">
    <p class='ocr_par' dir='ltr' id='par_1_60' title="bbox 1897 2754 3476 2826">
     <span class='ocr_line' id='line_1_60' title="bbox 1897 2754 3476 2826; baseline 0.001 -17"><span class='ocrx_word' id='word_1_406' title='bbox 1897 2754 1996 2811; x_wconf 91' lang='lat' dir='ltr'><strong>dit.</strong></span> <span class='ocrx_word' id='word_1_407' title='bbox 2046 2755 2319 2811; x_wconf 77' lang='lat' dir='ltr'><strong>Antonius</strong></span> <span class='ocrx_word' id='word_1_408' title='bbox 2383 2755 2552 2826; x_wconf 77' lang='lat' dir='ltr'><strong>igitur</strong></span> <span class='ocrx_word' id='word_1_409' title='bbox 2600 2756 2822 2821; x_wconf 87' lang='lat' dir='ltr'><strong>absens,</strong></span> <span class='ocrx_word' id='word_1_410' title='bbox 2879 2756 3082 2812; x_wconf 88' lang='lat' dir='ltr'><strong>Pelusii</strong></span> <span class='ocrx_word' id='word_1_411' title='bbox 3113 2756 3476 2824; x_wconf 83' lang='lat' dir='ltr'><strong>occupatione</strong></span> 
     </span>
    </p>
   </div>
   <div class='ocr_carea' id='block_1_61' title="bbox 1896 2845 3474 2918">
    <p class='ocr_par' dir='ltr' id='par_1_61' title="bbox 1896 2845 3474 2918">
     <span class='ocr_line' id='line_1_61' title="bbox 1896 2845 3474 2918; baseline -0.001 -16"><span class='ocrx_word' id='word_1_412' title='bbox 1896 2846 2136 2918; x_wconf 82' lang='lat' dir='ltr'><strong>cognita,</strong></span> <span class='ocrx_word' id='word_1_413' title='bbox 2164 2847 2219 2903; x_wconf 89' lang='lat' dir='ltr'><strong>in</strong></span> <span class='ocrx_word' id='word_1_414' title='bbox 2246 2847 2422 2903; x_wconf 87' lang='lat' dir='ltr'><strong>reditu</strong></span> <span class='ocrx_word' id='word_1_415' title='bbox 2454 2857 2581 2907; x_wconf 86' lang='lat' dir='ltr'><strong>ante</strong></span> <span class='ocrx_word' id='word_1_416' title='bbox 2604 2848 2991 2903; x_wconf 80' lang='lat' dir='ltr'><strong>Alexandriam</strong></span> <span class='ocrx_word' id='word_1_417' title='bbox 3020 2847 3325 2917; x_wconf 89' lang='lat' dir='ltr'><strong>equitatum</strong></span> <span class='ocrx_word' id='word_1_418' title='bbox 3354 2845 3474 2901; x_wconf 75' lang='lat' dir='ltr'><strong>Ca:-</strong></span> 
     </span>
    </p>
   </div>
   <div class='ocr_carea' id='block_1_62' title="bbox 1894 2938 3477 3009">
    <p class='ocr_par' dir='ltr' id='par_1_62' title="bbox 1894 2938 3477 3009">
     <span class='ocr_line' id='line_1_62' title="bbox 1894 2938 3477 3009; baseline -0.001 -14"><span class='ocrx_word' id='word_1_419' title='bbox 1894 2939 2037 2996; x_wconf 81' lang='lat' dir='ltr'><strong>saris</strong></span> <span class='ocrx_word' id='word_1_420' title='bbox 2069 2938 2268 2997; x_wconf 85' lang='lat' dir='ltr'><strong>itinere</strong></span> <span class='ocrx_word' id='word_1_421' title='bbox 2302 2939 2588 3006; x_wconf 83' lang='lat' dir='ltr'><strong>fatigatum</strong></span> <span class='ocrx_word' id='word_1_422' title='bbox 2621 2939 2772 2996; x_wconf 85' lang='lat' dir='ltr'><strong>vicit.</strong></span> <span class='ocrx_word' id='word_1_423' title='bbox 2823 2941 2954 2995; x_wconf 87' lang='lat' dir='ltr'><strong>lude</strong></span> <span class='ocrx_word' id='word_1_424' title='bbox 2985 2939 3223 3009; x_wconf 87' lang='lat' dir='ltr'><strong>receptis</strong></span> <span class='ocrx_word' id='word_1_425' title='bbox 3246 2938 3477 3005; x_wconf 82' lang='lat' dir='ltr'><strong>animis,</strong></span> 
     </span>
    </p>
   </div>
   <div class='ocr_carea' id='block_1_63' title="bbox 200 3006 1796 3103">
    <p class='ocr_par' dir='ltr' id='par_1_63' title="bbox 200 3006 1790 3090">
     <span class='ocr_line' id='line_1_63' title="bbox 200 3006 1790 3090; baseline 0.011 -32"><span class='ocrx_word' id='word_1_426' title='bbox 200 3006 313 3077; x_wconf 72' lang='grc' dir='ltr'>τῆς</span> <span class='ocrx_word' id='word_1_427' title='bbox 341 3007 552 3061; x_wconf 81' lang='grc' dir='ltr'>ἐκεῖνον</span> <span class='ocrx_word' id='word_1_428' title='bbox 572 3008 879 3078; x_wconf 79' lang='grc' dir='ltr'>ἀκούσασα,</span> <span class='ocrx_word' id='word_1_429' title='bbox 911 3013 1008 3066; x_wconf 74' lang='grc' dir='ltr'>καὶ</span> <span class='ocrx_word' id='word_1_430' title='bbox 1049 3016 1242 3067; x_wconf 88' lang='grc' dir='ltr'>τούτου</span> <span class='ocrx_word' id='word_1_431' title='bbox 1293 3017 1581 3090; x_wconf 62' lang='grc' dir='ltr'>ἀφιεμένη,</span> <span class='ocrx_word' id='word_1_432' title='bbox 1628 3019 1790 3084; x_wconf 69' lang='grc' dir='ltr'>εὐθὺς</span> 
     </span>
    </p>
   </div>
   <div class='ocr_carea' id='block_1_64' title="bbox 1897 3006 3475 3103">
    <p class='ocr_par' dir='ltr' id='par_1_64' title="bbox 1897 3006 3475 3103">
     <span class='ocr_line' id='line_1_64' title="bbox 1897 3006 3475 3103; baseline 0.001 -18"><span class='ocrx_word' id='word_1_433' title='bbox 1897 3039 1955 3085; x_wconf 83' lang='lat' dir='ltr'><strong>et</strong></span> <span class='ocrx_word' id='word_1_434' title='bbox 1981 3045 2051 3086; x_wconf 83' lang='lat' dir='ltr'><strong>eo</strong></span> <span class='ocrx_word' id='word_1_435' title='bbox 2074 3032 2271 3096; x_wconf 76' lang='lat' dir='ltr'><strong>fretus,</strong></span> <span class='ocrx_word' id='word_1_436' title='bbox 2307 3031 2452 3101; x_wconf 85' lang='lat' dir='ltr'><strong>quod</strong></span> <span class='ocrx_word' id='word_1_437' title='bbox 2488 3031 2702 3087; x_wconf 84' lang='lat' dir='ltr'><strong>litteras</strong></span> <span class='ocrx_word' id='word_1_438' title='bbox 2725 3032 2936 3103; x_wconf 81' lang='lat' dir='ltr'><strong>sagittis</strong></span> <span class='ocrx_word' id='word_1_439' title='bbox 2969 3006 3237 3102; x_wconf 82' lang='lat' dir='ltr'><strong>appensas</strong></span> <span class='ocrx_word' id='word_1_440' title='bbox 3280 3031 3332 3085; x_wconf 90' lang='lat' dir='ltr'><strong>in</strong></span> <span class='ocrx_word' id='word_1_441' title='bbox 3381 3045 3475 3087; x_wconf 85' lang='lat' dir='ltr'><strong>ca-</strong></span> 
     </span>
    </p>
   </div>
   <div class='ocr_carea' id='block_1_65' title="bbox 203 3095 1793 3176">
    <p class='ocr_par' dir='ltr' id='par_1_65' title="bbox 203 3095 1793 3176">
     <span class='ocr_line' id='line_1_65' title="bbox 203 3095 1793 3176; baseline 0.01 -27"><span class='ocrx_word' id='word_1_442' title='bbox 203 3095 365 3166; x_wconf 80' lang='grc' dir='ltr'>αὐτῷ</span> <span class='ocrx_word' id='word_1_443' title='bbox 397 3099 680 3169; x_wconf 76' lang='grc' dir='ltr'>προήκατο</span> <span class='ocrx_word' id='word_1_444' title='bbox 708 3100 773 3153; x_wconf 78' lang='grc' dir='ltr'>τὸ</span> <span class='ocrx_word' id='word_1_445' title='bbox 802 3102 1127 3174; x_wconf 84' lang='grc' dir='ltr'>Πηλούσιον.</span> <span class='ocrx_word' id='word_1_446' title='bbox 1188 3104 1249 3160; x_wconf 84' lang='lat'><strong>&#39;0</strong></span> <span class='ocrx_word' id='word_1_447' title='bbox 1283 3102 1328 3160; x_wconf 77' lang='grc' dir='ltr'>δ’</span> <span class='ocrx_word' id='word_1_448' title='bbox 1358 3106 1454 3162; x_wconf 77' lang='grc' dir='ltr'>οὖν</span> <span class='ocrx_word' id='word_1_449' title='bbox 1506 3107 1793 3176; x_wconf 78' lang='grc' dir='ltr'>’Δντὼνιος</span> 
     </span>
    </p>
   </div>
   <div class='ocr_carea' id='block_1_66' title="bbox 201 3186 1788 3272">
    <p class='ocr_par' dir='ltr' id='par_1_66' title="bbox 201 3186 1788 3272">
     <span class='ocr_line' id='line_1_66' title="bbox 201 3186 1788 3272; baseline 0.018 -33"><span class='ocrx_word' id='word_1_450' title='bbox 201 3186 393 3251; x_wconf 80' lang='grc' dir='ltr'>ἀπὼν,</span> <span class='ocrx_word' id='word_1_451' title='bbox 450 3187 547 3242; x_wconf 63' lang='grc' dir='ltr'><strong>καὶ⁵</strong></span> <span class='ocrx_word' id='word_1_452' title='bbox 596 3189 698 3260; x_wconf 74' lang='grc' dir='ltr'>τὴν</span> <span class='ocrx_word' id='word_1_453' title='bbox 748 3190 843 3245; x_wconf 84' lang='grc' dir='ltr'>τοῦ</span> <span class='ocrx_word' id='word_1_454' title='bbox 888 3193 1198 3263; x_wconf 82' lang='grc' dir='ltr'>Πηλουσίου</span> <span class='ocrx_word' id='word_1_455' title='bbox 1251 3198 1558 3270; x_wconf 75' lang='grc' dir='ltr'>κατάληψιν</span> <span class='ocrx_word' id='word_1_456' title='bbox 1606 3202 1788 3272; x_wconf 67' lang='grc' dir='ltr'>γντιὺς,</span> 
     </span>
    </p>
   </div>
   <div class='ocr_carea' id='block_1_67' title="bbox 200 3279 1791 3367">
    <p class='ocr_par' dir='ltr' id='par_1_67' title="bbox 200 3279 1791 3367">
     <span class='ocr_line' id='line_1_67' title="bbox 200 3279 1791 3367; baseline 0.011 -33"><span class='ocrx_word' id='word_1_457' title='bbox 200 3279 525 3335; x_wconf 74' lang='grc' dir='ltr'>ιπανελθὼν</span> <span class='ocrx_word' id='word_1_458' title='bbox 546 3282 653 3353; x_wconf 70' lang='grc' dir='ltr'><strong>πρὸ</strong></span> <span class='ocrx_word' id='word_1_459' title='bbox 669 3283 770 3353; x_wconf 82' lang='grc' dir='ltr'><strong>τῆς</strong></span> <span class='ocrx_word' id='word_1_460' title='bbox 794 3283 1200 3357; x_wconf 72' lang='grc' dir='ltr'>Ἀλεξανδρείας</span> <span class='ocrx_word' id='word_1_461' title='bbox 1220 3290 1299 3362; x_wconf 79' lang='grc' dir='ltr'><strong>τῷ</strong></span> <span class='ocrx_word' id='word_1_462' title='bbox 1317 3293 1557 3364; x_wconf 83' lang='grc' dir='ltr'>Καίσαρι</span> <span class='ocrx_word' id='word_1_463' title='bbox 1575 3298 1791 3367; x_wconf 84' lang='grc' dir='ltr'>προῦπ-</span> 
     </span>
    </p>
   </div>
   <div class='ocr_carea' id='block_1_68' title="bbox 200 3373 1790 3457">
    <p class='ocr_par' dir='ltr' id='par_1_68' title="bbox 200 3373 1790 3457">
     <span class='ocr_line' id='line_1_68' title="bbox 200 3373 1790 3457; baseline 0.011 -33"><span class='ocrx_word' id='word_1_464' title='bbox 200 3373 435 3444; x_wconf 75' lang='grc' dir='ltr'>ήντησε,</span> <span class='ocrx_word' id='word_1_465' title='bbox 472 3374 568 3428; x_wconf 76' lang='grc' dir='ltr'>καὶ</span> <span class='ocrx_word' id='word_1_466' title='bbox 614 3376 909 3447; x_wconf 80' lang='grc' dir='ltr'>συμϐαλὼν</span> <span class='ocrx_word' id='word_1_467' title='bbox 962 3382 1076 3445; x_wconf 83' lang='grc' dir='ltr'><strong>τοίς</strong></span> <span class='ocrx_word' id='word_1_468' title='bbox 1101 3380 1326 3437; x_wconf 73' lang='grc' dir='ltr'>ἱππεῦσι</span> <span class='ocrx_word' id='word_1_469' title='bbox 1357 3386 1694 3457; x_wconf 81' lang='grc' dir='ltr'>κεκμηκόσιν</span> <span class='ocrx_word' id='word_1_470' title='bbox 1724 3389 1790 3442; x_wconf 81' lang='grc' dir='ltr'>ὲκ</span> 
     </span>
    </p>
   </div>
   <div class='ocr_carea' id='block_1_69' title="bbox 198 3462 1789 3551">
    <p class='ocr_par' dir='ltr' id='par_1_69' title="bbox 198 3462 1789 3551">
     <span class='ocr_line' id='line_1_69' title="bbox 198 3462 1789 3551; baseline 0.013 -36"><span class='ocrx_word' id='word_1_471' title='bbox 198 3462 313 3532; x_wconf 77' lang='grc' dir='ltr'>τῆς</span> <span class='ocrx_word' id='word_1_472' title='bbox 356 3463 686 3535; x_wconf 79' lang='grc' dir='ltr'>ὁδοιπορίας,</span> <span class='ocrx_word' id='word_1_473' title='bbox 717 3467 957 3541; x_wconf 79' lang='grc' dir='ltr'>ἐνίκησε.</span> <span class='ocrx_word' id='word_1_474' title='bbox 990 3472 1117 3535; x_wconf 82' lang='grc' dir='ltr'><strong>Κάκ</strong></span> <span class='ocrx_word' id='word_1_475' title='bbox 1144 3474 1333 3529; x_wconf 83' lang='grc' dir='ltr'>τούτου</span> <span class='ocrx_word' id='word_1_476' title='bbox 1375 3476 1789 3551; x_wconf 84' lang='grc' dir='ltr'>ἀναθαρσήσας,</span> 
     </span>
    </p>
   </div>
   <div class='ocr_carea' id='block_1_70' title="bbox 200 3556 1791 3641">
    <p class='ocr_par' dir='ltr' id='par_1_70' title="bbox 200 3556 1791 3641">
     <span class='ocr_line' id='line_1_70' title="bbox 200 3556 1791 3641; baseline 0.011 -32"><span class='ocrx_word' id='word_1_477' title='bbox 200 3557 308 3609; x_wconf 72' lang='grc' dir='ltr'>καὶ</span> <span class='ocrx_word' id='word_1_478' title='bbox 333 3557 420 3610; x_wconf 80' lang='grc' dir='ltr'>ὅτι</span> <span class='ocrx_word' id='word_1_479' title='bbox 441 3556 774 3629; x_wconf 75' lang='grc' dir='ltr'>τοξεύμασιν</span> <span class='ocrx_word' id='word_1_480' title='bbox 808 3562 865 3622; x_wconf 72' lang='grc' dir='ltr'><strong>ες</strong></span> <span class='ocrx_word' id='word_1_481' title='bbox 894 3562 956 3615; x_wconf 85' lang='grc' dir='ltr'><strong>τὺ</strong></span> <span class='ocrx_word' id='word_1_482' title='bbox 982 3566 1345 3634; x_wconf 84' lang='grc' dir='ltr'>στρατόπεδον</span> <span class='ocrx_word' id='word_1_483' title='bbox 1368 3568 1464 3622; x_wconf 79' lang='grc' dir='ltr'>τοῦ</span> <span class='ocrx_word' id='word_1_484' title='bbox 1508 3570 1791 3641; x_wconf 75' lang='grc' dir='ltr'>Καίσαρος</span> 
     </span>
    </p>
   </div>
   <div class='ocr_carea' id='block_1_71' title="bbox 200 3649 1792 3732">
    <p class='ocr_par' dir='ltr' id='par_1_71' title="bbox 200 3649 1792 3732">
     <span class='ocr_line' id='line_1_71' title="bbox 200 3649 1792 3732; baseline 0.012 -33"><span class='ocrx_word' id='word_1_485' title='bbox 200 3649 542 3720; x_wconf 77' lang='grc' dir='ltr'>γραμμάτια</span> <span class='ocrx_word' id='word_1_486' title='bbox 568 3650 806 3723; x_wconf 76' lang='grc' dir='ltr'>ἔπεμψε,</span> <span class='ocrx_word' id='word_1_487' title='bbox 859 3654 1034 3708; x_wconf 85' lang='grc' dir='ltr'>πολλά</span> <span class='ocrx_word' id='word_1_488' title='bbox 1069 3659 1329 3728; x_wconf 77' lang='grc' dir='ltr'>χρήματα</span> <span class='ocrx_word' id='word_1_489' title='bbox 1375 3663 1489 3725; x_wconf 78' lang='grc' dir='ltr'>τοῖς</span> <span class='ocrx_word' id='word_1_490' title='bbox 1524 3664 1792 3732; x_wconf 84' lang='grc' dir='ltr'>στρατιώ-</span> 
     </span>
    </p>
   </div>
   <div class='ocr_carea' id='block_1_72' title="bbox 199 3741 1790 3822">
    <p class='ocr_par' dir='ltr' id='par_1_72' title="bbox 199 3741 1790 3822">
     <span class='ocr_line' id='line_1_72' title="bbox 199 3741 1790 3822; baseline 0.01 -31"><span class='ocrx_word' id='word_1_491' title='bbox 199 3755 334 3803; x_wconf 86' lang='grc' dir='ltr'>ταις</span> <span class='ocrx_word' id='word_1_492' title='bbox 362 3741 857 3813; x_wconf 72' lang='grc' dir='ltr'>ἐπαγγελλόμενος,</span> <span class='ocrx_word' id='word_1_493' title='bbox 890 3747 1188 3816; x_wconf 73' lang='grc' dir='ltr'>προσέμιξε</span> <span class='ocrx_word' id='word_1_494' title='bbox 1230 3749 1433 3819; x_wconf 79' lang='grc' dir='ltr'>καὶτῷ</span> <span class='ocrx_word' id='word_1_495' title='bbox 1470 3752 1644 3822; x_wconf 77' lang='grc' dir='ltr'>πεζῷ,</span> <span class='ocrx_word' id='word_1_496' title='bbox 1692 3753 1790 3807; x_wconf 79' lang='grc' dir='ltr'>καὶ</span> 
     </span>
    </p>
   </div>
   <div class='ocr_carea' id='block_1_73' title="bbox 201 3832 1790 3915">
    <p class='ocr_par' dir='ltr' id='par_1_73' title="bbox 201 3832 1790 3915">
     <span class='ocr_line' id='line_1_73' title="bbox 201 3832 1790 3915; baseline 0.01 -31"><span class='ocrx_word' id='word_1_497' title='bbox 201 3832 447 3904; x_wconf 68' lang='grc' dir='ltr'>ἡττήθη.</span> <span class='ocrx_word' id='word_1_498' title='bbox 489 3834 599 3887; x_wconf 79' lang='grc' dir='ltr'>Καὶ</span> <span class='ocrx_word' id='word_1_499' title='bbox 641 3835 670 3889; x_wconf 81' lang='grc' dir='ltr'><strong>ὁ</strong></span> <span class='ocrx_word' id='word_1_500' title='bbox 727 3836 828 3905; x_wconf 81' lang='grc' dir='ltr'>μὲν</span> <span class='ocrx_word' id='word_1_501' title='bbox 881 3836 1210 3903; x_wconf 75' lang='grc' dir='ltr'>ἐλαττωθεὶς</span> <span class='ocrx_word' id='word_1_502' title='bbox 1242 3842 1525 3900; x_wconf 78' lang='grc' dir='ltr'>,ἀπέκλινε</span> <span class='ocrx_word' id='word_1_503' title='bbox 1557 3845 1695 3915; x_wconf 82' lang='grc' dir='ltr'>πρὸς</span> <span class='ocrx_word' id='word_1_504' title='bbox 1726 3846 1790 3900; x_wconf 77' lang='grc' dir='ltr'>τὸ</span> 
     </span>
    </p>
   </div>
   <div class='ocr_carea' id='block_1_74' title="bbox 199 3922 1789 4005">
    <p class='ocr_par' dir='ltr' id='par_1_74' title="bbox 199 3922 1789 4005">
     <span class='ocr_line' id='line_1_74' title="bbox 199 3922 1789 4005; baseline 0.009 -31"><span class='ocrx_word' id='word_1_505' title='bbox 199 3922 466 3976; x_wconf 80' lang='grc' dir='ltr'>ναυτικὸν</span> <span class='ocrx_word' id='word_1_506' title='bbox 494 3924 591 3977; x_wconf 76' lang='grc' dir='ltr'>καὶ</span> <span class='ocrx_word' id='word_1_507' title='bbox 614 3923 693 3986; x_wconf 83' lang='grc' dir='ltr'>ὡς</span> <span class='ocrx_word' id='word_1_508' title='bbox 723 3930 1095 3997; x_wconf 82' lang='grc' dir='ltr'>ναυμαχήσων</span> <span class='ocrx_word' id='word_1_509' title='bbox 1126 3932 1569 4001; x_wconf 74' lang='grc' dir='ltr'>παρεσκευάζετο</span> <span class='ocrx_word' id='word_1_510' title='bbox 1593 3934 1625 4005; x_wconf 83' lang='grc' dir='ltr'>ἢ</span> <span class='ocrx_word' id='word_1_511' title='bbox 1650 3934 1789 4005; x_wconf 80' lang='grc' dir='ltr'>πρὸς</span> 
     </span>
    </p>
   </div>
   <div class='ocr_carea' id='block_1_75' title="bbox 199 4011 1785 4096">
    <p class='ocr_par' dir='ltr' id='par_1_75' title="bbox 199 4011 1785 4096">
     <span class='ocr_line' id='line_1_75' title="bbox 199 4011 1785 4096; baseline 0.009 -29"><span class='ocrx_word' id='word_1_512' title='bbox 199 4011 453 4084; x_wconf 73' lang='grc' dir='ltr'>Ἰϐηρίαν</span> <span class='ocrx_word' id='word_1_513' title='bbox 483 4013 911 4086; x_wconf 82' lang='grc' dir='ltr'>πλευσούμενος.</span> <span class='ocrx_word' id='word_1_514' title='bbox 943 4019 1155 4074; x_wconf 82' lang='grc' dir='ltr'>Γνοῦσα</span> <span class='ocrx_word' id='word_1_515' title='bbox 1183 4020 1240 4074; x_wconf 85' lang='grc' dir='ltr'>δὲ</span> <span class='ocrx_word' id='word_1_516' title='bbox 1289 4022 1448 4077; x_wconf 87' lang='grc' dir='ltr'>τοῦτο</span> <span class='ocrx_word' id='word_1_517' title='bbox 1472 4025 1504 4096; x_wconf 78' lang='grc' dir='ltr'>ἠ</span> <span class='ocrx_word' id='word_1_518' title='bbox 1531 4025 1785 4080; x_wconf 85' lang='grc' dir='ltr'>Κλεοπά-</span> 
     </span>
    </p>
   </div>
   <div class='ocr_carea' id='block_1_76' title="bbox 200 4102 1784 4189">
    <p class='ocr_par' dir='ltr' id='par_1_76' title="bbox 200 4102 1784 4189">
     <span class='ocr_line' id='line_1_76' title="bbox 200 4102 1784 4189; baseline 0.011 -34"><span class='ocrx_word' id='word_1_519' title='bbox 200 4120 317 4174; x_wconf 83' lang='grc' dir='ltr'><strong>τρα</strong></span> <span class='ocrx_word' id='word_1_520' title='bbox 367 4102 467 4168; x_wconf 82' lang='grc' dir='ltr'>τὰς</span> <span class='ocrx_word' id='word_1_521' title='bbox 520 4106 621 4176; x_wconf 75' lang='grc' dir='ltr'>μὲν</span> <span class='ocrx_word' id='word_1_522' title='bbox 668 4106 799 4170; x_wconf 81' lang='grc' dir='ltr'>ναῦς</span> <span class='ocrx_word' id='word_1_523' title='bbox 831 4108 1208 4180; x_wconf 83' lang='grc' dir='ltr'>αὐτομολῆσαι</span> <span class='ocrx_word' id='word_1_524' title='bbox 1252 4113 1532 4185; x_wconf 73' lang='grc' dir='ltr'>ἐποίησεν,</span> <span class='ocrx_word' id='word_1_525' title='bbox 1565 4116 1701 4189; x_wconf 79' lang='grc' dir='ltr'>αὑτὴ</span> <span class='ocrx_word' id='word_1_526' title='bbox 1726 4118 1784 4172; x_wconf 84' lang='grc' dir='ltr'>δὲ</span> 
     </span>
    </p>
   </div>
   <div class='ocr_carea' id='block_1_77' title="bbox 201 4195 1788 4274">
    <p class='ocr_par' dir='ltr' id='par_1_77' title="bbox 201 4195 1788 4274">
     <span class='ocr_line' id='line_1_77' title="bbox 201 4195 1788 4274; baseline 0.011 -28"><span class='ocrx_word' id='word_1_527' title='bbox 201 4195 289 4259; x_wconf 77' lang='grc' dir='ltr'>εἰς</span> <span class='ocrx_word' id='word_1_528' title='bbox 304 4196 368 4249; x_wconf 74' lang='grc' dir='ltr'><strong>το</strong></span> <span class='ocrx_word' id='word_1_529' title='bbox 396 4195 550 4266; x_wconf 70' lang='grc' dir='ltr'>ἠρίον</span> <span class='ocrx_word' id='word_1_530' title='bbox 572 4197 753 4252; x_wconf 71' lang='grc' dir='ltr'>είσὶδυ</span> <span class='ocrx_word' id='word_1_531' title='bbox 779 4199 1071 4269; x_wconf 72' lang='grc' dir='ltr'>αἰφνίδιον,</span> <span class='ocrx_word' id='word_1_532' title='bbox 1094 4202 1175 4267; x_wconf 84' lang='grc' dir='ltr'><strong>ὡς</strong></span> <span class='ocrx_word' id='word_1_533' title='bbox 1200 4204 1345 4274; x_wconf 83' lang='grc' dir='ltr'>τάχα</span> <span class='ocrx_word' id='word_1_534' title='bbox 1367 4204 1462 4261; x_wconf 80' lang='grc' dir='ltr'>τὸν</span> <span class='ocrx_word' id='word_1_535' title='bbox 1499 4207 1788 4264; x_wconf 69' lang='grc' dir='ltr'>’Λντώνιον</span> 
     </span>
    </p>
   </div>
   <div class='ocr_carea' id='block_1_78' title="bbox 200 4284 1787 4367">
    <p class='ocr_par' dir='ltr' id='par_1_78' title="bbox 200 4284 1787 4367">
     <span class='ocr_line' id='line_1_78' title="bbox 200 4284 1787 4367; baseline 0.009 -28"><span class='ocrx_word' id='word_1_536' title='bbox 200 4284 522 4357; x_wconf 75' lang='grc' dir='ltr'>φοόουμένη</span> <span class='ocrx_word' id='word_1_537' title='bbox 556 4287 895 4361; x_wconf 79' lang='grc' dir='ltr'>ὑπειληφότα</span> <span class='ocrx_word' id='word_1_538' title='bbox 925 4292 1273 4363; x_wconf 84' lang='grc' dir='ltr'>προδίδοσθαι</span> <span class='ocrx_word' id='word_1_539' title='bbox 1299 4294 1431 4366; x_wconf 79' lang='grc' dir='ltr'>παρ’</span> <span class='ocrx_word' id='word_1_540' title='bbox 1458 4297 1787 4367; x_wconf 82' lang='grc' dir='ltr'>αύτῆς.Δύω</span> 
     </span>
    </p>
   </div>
   <div class='ocr_carea' id='block_1_79' title="bbox 199 4373 1860 4463">
    <p class='ocr_par' dir='ltr' id='par_1_79' title="bbox 199 4373 1860 4463">
     <span class='ocr_line' id='line_1_79' title="bbox 199 4373 1860 4463; baseline 0.01 -33"><span class='ocrx_word' id='word_1_541' title='bbox 199 4377 257 4431; x_wconf 79' lang='grc' dir='ltr'>δὲ</span> <span class='ocrx_word' id='word_1_542' title='bbox 295 4373 439 4448; x_wconf 80' lang='grc' dir='ltr'>ἦσαν</span> <span class='ocrx_word' id='word_1_543' title='bbox 471 4380 590 4433; x_wconf 80' lang='grc' dir='ltr'>ἐκεῖ</span> <span class='ocrx_word' id='word_1_544' title='bbox 610 4383 708 4433; x_wconf 70' lang='grc' dir='ltr'><strong>σὺν</strong></span> <span class='ocrx_word' id='word_1_545' title='bbox 740 4381 877 4452; x_wconf 73' lang='grc' dir='ltr'>αὐτῇ</span> <span class='ocrx_word' id='word_1_546' title='bbox 910 4383 1239 4454; x_wconf 80' lang='grc' dir='ltr'>θεράπαιναι</span> <span class='ocrx_word' id='word_1_547' title='bbox 1267 4388 1361 4441; x_wconf 78' lang='grc' dir='ltr'>καὶ</span> <span class='ocrx_word' id='word_1_548' title='bbox 1391 4389 1645 4463; x_wconf 77' lang='grc' dir='ltr'>εὐνοῦχος</span> <span class='ocrx_word' id='word_1_549' title='bbox 1674 4388 1778 4453; x_wconf 78' lang='grc' dir='ltr'>εἷς.</span> <span class='ocrx_word' id='word_1_550' title='bbox 1814 4388 1860 4446; x_wconf 76' lang='lat' dir='ltr'><strong>D</strong></span> 
     </span>
    </p>
   </div>
   <div class='ocr_carea' id='block_1_80' title="bbox 202 4466 1784 4550">
    <p class='ocr_par' dir='ltr' id='par_1_80' title="bbox 202 4466 1784 4550">
     <span class='ocr_line' id='line_1_80' title="bbox 202 4466 1784 4550; baseline 0.013 -31"><span class='ocrx_word' id='word_1_551' title='bbox 202 4466 543 4525; x_wconf 73' lang='grc' dir='ltr'>Εἰσελθοῦσα</span> <span class='ocrx_word' id='word_1_552' title='bbox 578 4470 633 4524; x_wconf 78' lang='grc' dir='ltr'>δὲ</span> <span class='ocrx_word' id='word_1_553' title='bbox 658 4470 755 4534; x_wconf 76' lang='grc' dir='ltr'>τὰς</span> <span class='ocrx_word' id='word_1_554' title='bbox 787 4472 886 4543; x_wconf 79' lang='grc' dir='ltr'>μὲν</span> <span class='ocrx_word' id='word_1_555' title='bbox 909 4474 1081 4545; x_wconf 85' lang='grc' dir='ltr'>θύρας</span> <span class='ocrx_word' id='word_1_556' title='bbox 1112 4478 1466 4536; x_wconf 79' lang='grc' dir='ltr'>κατέκλεισεν</span> <span class='ocrx_word' id='word_1_557' title='bbox 1500 4481 1784 4550; x_wconf 81' lang='grc' dir='ltr'>ἀσφαλῶς,</span> 
     </span>
    </p>
   </div>
   <div class='ocr_carea' id='block_1_81' title="bbox 205 4559 1786 4646">
    <p class='ocr_par' dir='ltr' id='par_1_81' title="bbox 205 4559 1786 4646">
     <span class='ocr_line' id='line_1_81' title="bbox 205 4559 1786 4646; baseline 0.011 -34"><span class='ocrx_word' id='word_1_558' title='bbox 205 4559 344 4631; x_wconf 73' lang='grc' dir='ltr'>πρὸς</span> <span class='ocrx_word' id='word_1_559' title='bbox 372 4559 428 4614; x_wconf 80' lang='grc' dir='ltr'>δὲ</span> <span class='ocrx_word' id='word_1_560' title='bbox 458 4561 547 4615; x_wconf 73' lang='grc' dir='ltr'><strong>τὸν</strong></span> <span class='ocrx_word' id='word_1_561' title='bbox 575 4561 861 4618; x_wconf 73' lang='grc' dir='ltr'>’Λντώνιον</span> <span class='ocrx_word' id='word_1_562' title='bbox 889 4566 1010 4629; x_wconf 73' lang='grc' dir='ltr'>τοὺς</span> <span class='ocrx_word' id='word_1_563' title='bbox 1050 4569 1498 4640; x_wconf 79' lang='grc' dir='ltr'>ἀπαγγελοῦντας</span> <span class='ocrx_word' id='word_1_564' title='bbox 1538 4572 1786 4646; x_wconf 70' lang='grc' dir='ltr'>ἔπεμψεν</span> 
     </span>
    </p>
   </div>
   <div class='ocr_carea' id='block_1_82' title="bbox 202 4652 1784 4738">
    <p class='ocr_par' dir='ltr' id='par_1_82' title="bbox 202 4652 1784 4738">
     <span class='ocr_line' id='line_1_82' title="bbox 202 4652 1784 4738; baseline 0.009 -31"><span class='ocrx_word' id='word_1_565' title='bbox 202 4652 289 4707; x_wconf 79' lang='grc' dir='ltr'>ὅτι</span> <span class='ocrx_word' id='word_1_566' title='bbox 325 4652 612 4718; x_wconf 77' lang='grc' dir='ltr'>τέθνηκεν.</span> <span class='ocrx_word' id='word_1_567' title='bbox 637 4656 943 4723; x_wconf 84' lang='grc' dir='ltr'>Πιστεύσας</span> <span class='ocrx_word' id='word_1_568' title='bbox 962 4658 1007 4711; x_wconf 82' lang='grc' dir='ltr'>δ’</span> <span class='ocrx_word' id='word_1_569' title='bbox 1036 4662 1265 4728; x_wconf 71' lang='grc' dir='ltr'>ἐκεῖνος,</span> <span class='ocrx_word' id='word_1_570' title='bbox 1300 4665 1408 4718; x_wconf 75' lang='grc' dir='ltr'>τινὶ</span> <span class='ocrx_word' id='word_1_571' title='bbox 1444 4665 1552 4721; x_wconf 84' lang='grc' dir='ltr'><strong>τῶν</strong></span> <span class='ocrx_word' id='word_1_572' title='bbox 1578 4667 1784 4738; x_wconf 81' lang='grc' dir='ltr'>παρόν-</span> 
     </span>
    </p>
   </div>
   <div class='ocr_carea' id='block_1_83' title="bbox 202 4744 1783 4824">
    <p class='ocr_par' dir='ltr' id='par_1_83' title="bbox 202 4744 1783 4824">
     <span class='ocr_line' id='line_1_83' title="bbox 202 4744 1783 4824; baseline 0.01 -27"><span class='ocrx_word' id='word_1_573' title='bbox 202 4760 314 4797; x_wconf 83' lang='grc' dir='ltr'>των</span> <span class='ocrx_word' id='word_1_574' title='bbox 368 4744 672 4816; x_wconf 70' lang='grc' dir='ltr'>ἐπέτρεψεν</span> <span class='ocrx_word' id='word_1_575' title='bbox 734 4749 1057 4805; x_wconf 74' lang='grc' dir='ltr'>ἀποκτεῖναι</span> <span class='ocrx_word' id='word_1_576' title='bbox 1107 4753 1294 4809; x_wconf 67' lang='grc' dir='ltr'>αὐτόν.</span> <span class='ocrx_word' id='word_1_577' title='bbox 1359 4756 1448 4822; x_wconf 85' lang='grc' dir='ltr'>Ὧς</span> <span class='ocrx_word' id='word_1_578' title='bbox 1479 4758 1525 4810; x_wconf 88' lang='grc' dir='ltr'>δ’</span> <span class='ocrx_word' id='word_1_579' title='bbox 1575 4759 1783 4824; x_wconf 79' lang='grc' dir='ltr'>ἐκεῖνος</span> 
     </span>
    </p>
   </div>
   <div class='ocr_carea' id='block_1_84' title="bbox 206 4831 1780 4919">
    <p class='ocr_par' dir='ltr' id='par_1_84' title="bbox 206 4831 1780 4919">
     <span class='ocr_line' id='line_1_84' title="bbox 206 4831 1780 4919; baseline 0.013 -34"><span class='ocrx_word' id='word_1_580' title='bbox 206 4831 564 4919; x_wconf 75' lang='grc' dir='ltr'>σπασάμενος</span> <span class='ocrx_word' id='word_1_581' title='bbox 591 4834 652 4889; x_wconf 79' lang='grc' dir='ltr'>τὸ</span> <span class='ocrx_word' id='word_1_582' title='bbox 693 4834 848 4905; x_wconf 82' lang='grc' dir='ltr'>ξίφος</span> <span class='ocrx_word' id='word_1_583' title='bbox 898 4838 1094 4893; x_wconf 80' lang='grc' dir='ltr'>ἑαυτὸν</span> <span class='ocrx_word' id='word_1_584' title='bbox 1119 4845 1548 4914; x_wconf 85' lang='grc' dir='ltr'>κατειργάσατο,</span> <span class='ocrx_word' id='word_1_585' title='bbox 1597 4845 1780 4919; x_wconf 81' lang='grc' dir='ltr'>Εὖγε,</span> 
     </span>
    </p>
   </div>
   <div class='ocr_carea' id='block_1_85' title="bbox 203 4918 1779 5012">
    <p class='ocr_par' dir='ltr' id='par_1_85' title="bbox 203 4918 1779 5012">
     <span class='ocr_line' id='line_1_85' title="bbox 203 4918 1779 5012; baseline 0.013 -36"><span class='ocrx_word' id='word_1_586' title='bbox 203 4918 383 4992; x_wconf 78' lang='grc' dir='ltr'>εἶπεν,</span> <span class='ocrx_word' id='word_1_587' title='bbox 403 4918 451 4978; x_wconf 84' lang='grc' dir='ltr'><strong>ὦ</strong></span> <span class='ocrx_word' id='word_1_588' title='bbox 481 4927 691 4993; x_wconf 61' lang='grc' dir='ltr'>Ἔρως,</span> <span class='ocrx_word' id='word_1_589' title='bbox 728 4928 917 4999; x_wconf 75' lang='grc' dir='ltr'><strong>(τοῦτο</strong></span> <span class='ocrx_word' id='word_1_590' title='bbox 942 4930 1050 4999; x_wconf 82' lang='grc' dir='ltr'><strong>γὰρ</strong></span> <span class='ocrx_word' id='word_1_591' title='bbox 1074 4926 1139 5001; x_wconf 79' lang='grc' dir='ltr'>ἦν</span> <span class='ocrx_word' id='word_1_592' title='bbox 1163 4932 1333 5003; x_wconf 78' lang='grc' dir='ltr'>ὄνομα</span> <span class='ocrx_word' id='word_1_593' title='bbox 1362 4936 1440 5008; x_wconf 80' lang='grc' dir='ltr'>τῷ</span> <span class='ocrx_word' id='word_1_594' title='bbox 1470 4918 1779 5012; x_wconf 71' lang='grc' dir='ltr'>ἀνθρώπῳ)</span> 
     </span>
    </p>
   </div>
   <div class='ocr_carea' id='block_1_86' title="bbox 202 5015 1781 5099">
    <p class='ocr_par' dir='ltr' id='par_1_86' title="bbox 202 5015 1781 5099">
     <span class='ocr_line' id='line_1_86' title="bbox 202 5015 1781 5099; baseline 0.009 -27"><span class='ocrx_word' id='word_1_595' title='bbox 202 5015 292 5072; x_wconf 72' lang='grc' dir='ltr'>ὅτι</span> <span class='ocrx_word' id='word_1_596' title='bbox 312 5034 392 5087; x_wconf 82' lang='grc' dir='ltr'><strong>με</strong></span> <span class='ocrx_word' id='word_1_597' title='bbox 422 5017 475 5071; x_wconf 80' lang='grc' dir='ltr'><strong>τί</strong></span> <span class='ocrx_word' id='word_1_598' title='bbox 498 5020 613 5087; x_wconf 75' lang='grc' dir='ltr'><strong>χρὴ</strong></span> <span class='ocrx_word' id='word_1_599' title='bbox 643 5020 835 5077; x_wconf 78' lang='grc' dir='ltr'>ποιεῖν</span> <span class='ocrx_word' id='word_1_600' title='bbox 861 5021 1172 5099; x_wconf 71' lang='grc' dir='ltr'>διδάσκεις</span> <span class='ocrx_word' id='word_1_601' title='bbox 1192 5040 1205 5056; x_wconf 78' lang='grc' dir='ltr'><strong><em>ο</em></strong></span> <span class='ocrx_word' id='word_1_602' title='bbox 1232 5025 1327 5078; x_wconf 77' lang='grc' dir='ltr'><strong>καὶ</strong></span> <span class='ocrx_word' id='word_1_603' title='bbox 1349 5027 1559 5098; x_wconf 81' lang='grc' dir='ltr'>πλήξας</span> <span class='ocrx_word' id='word_1_604' title='bbox 1587 5031 1781 5086; x_wconf 79' lang='grc' dir='ltr'>ἑαυτὸν</span> 
     </span>
    </p>
   </div>
   <div class='ocr_carea' id='block_1_87' title="bbox 201 5109 1778 5188">
    <p class='ocr_par' dir='ltr' id='par_1_87' title="bbox 201 5109 1778 5188">
     <span class='ocr_line' id='line_1_87' title="bbox 201 5109 1778 5188; baseline 0.009 -23"><span class='ocrx_word' id='word_1_605' title='bbox 201 5110 290 5165; x_wconf 74' lang='grc' dir='ltr'><strong>διὰ</strong></span> <span class='ocrx_word' id='word_1_606' title='bbox 320 5109 424 5180; x_wconf 81' lang='grc' dir='ltr'>τῆς</span> <span class='ocrx_word' id='word_1_607' title='bbox 468 5112 677 5187; x_wconf 82' lang='grc' dir='ltr'>κοιλίας</span> <span class='ocrx_word' id='word_1_608' title='bbox 709 5115 789 5177; x_wconf 80' lang='grc' dir='ltr'><strong>είς</strong></span> <span class='ocrx_word' id='word_1_609' title='bbox 816 5114 915 5183; x_wconf 62' lang='grc' dir='ltr'>τὴν</span> <span class='ocrx_word' id='word_1_610' title='bbox 965 5114 1152 5186; x_wconf 85' lang='grc' dir='ltr'>κλίνην</span> <span class='ocrx_word' id='word_1_611' title='bbox 1179 5117 1412 5188; x_wconf 84' lang='grc' dir='ltr'>ἀφῆκεν.</span> <span class='ocrx_word' id='word_1_612' title='bbox 1440 5116 1547 5175; x_wconf 84' lang='grc' dir='ltr'>Ἦν</span> <span class='ocrx_word' id='word_1_613' title='bbox 1576 5124 1633 5178; x_wconf 78' lang='grc' dir='ltr'>δὲ</span> <span class='ocrx_word' id='word_1_614' title='bbox 1678 5125 1778 5179; x_wconf 80' lang='grc' dir='ltr'><strong>ούκ</strong></span> 
     </span>
    </p>
   </div>
   <div class='ocr_carea' id='block_1_88' title="bbox 200 5201 1778 5285">
    <p class='ocr_par' dir='ltr' id='par_1_88' title="bbox 200 5201 1778 5285">
     <span class='ocr_line' id='line_1_88' title="bbox 200 5201 1778 5285; baseline 0.009 -30"><span class='ocrx_word' id='word_1_615' title='bbox 200 5201 570 5267; x_wconf 69' lang='grc' dir='ltr'>εὐθυθάνατος</span> <span class='ocrx_word' id='word_1_616' title='bbox 595 5205 629 5274; x_wconf 77' lang='grc' dir='ltr'><strong>ἡ</strong></span> <span class='ocrx_word' id='word_1_617' title='bbox 647 5205 867 5279; x_wconf 55' lang='grc' dir='ltr'>πληγή,</span> <span class='ocrx_word' id='word_1_618' title='bbox 888 5205 1128 5278; x_wconf 70' lang='grc' dir='ltr'>θορύϐου</span> <span class='ocrx_word' id='word_1_619' title='bbox 1150 5208 1205 5262; x_wconf 82' lang='grc' dir='ltr'>δὲ</span> <span class='ocrx_word' id='word_1_620' title='bbox 1237 5211 1607 5285; x_wconf 62' lang='grc' dir='ltr'>γενομένου,ᾕ</span> <span class='ocrx_word' id='word_1_621' title='bbox 1622 5217 1778 5269; x_wconf 73' lang='grc' dir='ltr'>σθετο</span> 
     </span>
    </p>
   </div>
   <div class='ocr_carea' id='block_1_89' title="bbox 198 5293 1777 5374">
    <p class='ocr_par' dir='ltr' id='par_1_89' title="bbox 198 5293 1777 5374">
     <span class='ocr_line' id='line_1_89' title="bbox 198 5293 1777 5374; baseline 0.008 -26"><span class='ocrx_word' id='word_1_622' title='bbox 198 5295 237 5363; x_wconf 72' lang='grc' dir='ltr'><strong>ἡ</strong></span> <span class='ocrx_word' id='word_1_623' title='bbox 271 5293 625 5366; x_wconf 77' lang='grc' dir='ltr'>Κλεοπάτρα,</span> <span class='ocrx_word' id='word_1_624' title='bbox 658 5296 754 5350; x_wconf 82' lang='grc' dir='ltr'>καὶ</span> <span class='ocrx_word' id='word_1_625' title='bbox 787 5296 884 5360; x_wconf 83' lang='grc' dir='ltr'>τὰς</span> <span class='ocrx_word' id='word_1_626' title='bbox 909 5297 1007 5367; x_wconf 71' lang='grc' dir='ltr'>μὲν</span> <span class='ocrx_word' id='word_1_627' title='bbox 1031 5297 1202 5369; x_wconf 87' lang='grc' dir='ltr'>θύρας</span> <span class='ocrx_word' id='word_1_628' title='bbox 1225 5301 1326 5354; x_wconf 85' lang='grc' dir='ltr'>οὐκ</span> <span class='ocrx_word' id='word_1_629' title='bbox 1351 5303 1604 5374; x_wconf 85' lang='grc' dir='ltr'>ἀνέῳξεν,</span> <span class='ocrx_word' id='word_1_630' title='bbox 1638 5307 1777 5360; x_wconf 81' lang='grc' dir='ltr'><strong>ἄνω-</strong></span> 
     </span>
    </p>
   </div>
   <div class='ocr_carea' id='block_1_90' title="bbox 200 5384 1776 5473">
    <p class='ocr_par' dir='ltr' id='par_1_90' title="bbox 200 5384 1776 5473">
     <span class='ocr_line' id='line_1_90' title="bbox 200 5384 1776 5473; baseline 0.01 -36"><span class='ocrx_word' id='word_1_631' title='bbox 200 5384 295 5438; x_wconf 81' lang='grc' dir='ltr'><strong>θεν</strong></span> <span class='ocrx_word' id='word_1_632' title='bbox 308 5385 363 5438; x_wconf 83' lang='grc' dir='ltr'>δὲ</span> <span class='ocrx_word' id='word_1_633' title='bbox 391 5387 717 5458; x_wconf 77' lang='grc' dir='ltr'>προκύψασα</span> <span class='ocrx_word' id='word_1_634' title='bbox 743 5384 916 5459; x_wconf 75' lang='grc' dir='ltr'>(οὔπω</span> <span class='ocrx_word' id='word_1_635' title='bbox 944 5391 1050 5465; x_wconf 84' lang='grc' dir='ltr'>γὰρ</span> <span class='ocrx_word' id='word_1_636' title='bbox 1071 5392 1140 5446; x_wconf 82' lang='grc' dir='ltr'>τὰ</span> <span class='ocrx_word' id='word_1_637' title='bbox 1165 5392 1301 5463; x_wconf 84' lang='grc' dir='ltr'>πρὸς</span> <span class='ocrx_word' id='word_1_638' title='bbox 1321 5397 1385 5465; x_wconf 80' lang='grc' dir='ltr'>τῇ</span> <span class='ocrx_word' id='word_1_639' title='bbox 1411 5396 1582 5467; x_wconf 73' lang='grc' dir='ltr'>ὀροφῇ</span> <span class='ocrx_word' id='word_1_640' title='bbox 1602 5399 1776 5473; x_wconf 64' lang='grc' dir='ltr'>ἐξείρ-</span> 
     </span>
    </p>
   </div>
   <div class='ocr_carea' id='block_1_91' title="bbox 200 5476 1787 5561">
    <p class='ocr_par' dir='ltr' id='par_1_91' title="bbox 200 5476 1787 5561">
     <span class='ocr_line' id='line_1_91' title="bbox 200 5476 1787 5561; baseline 0.008 -31"><span class='ocrx_word' id='word_1_641' title='bbox 200 5476 393 5548; x_wconf 83' lang='grc' dir='ltr'>γαστο)</span> <span class='ocrx_word' id='word_1_642' title='bbox 429 5478 524 5534; x_wconf 74' lang='grc' dir='ltr'>καὶ</span> <span class='ocrx_word' id='word_1_643' title='bbox 559 5478 810 5550; x_wconf 76' lang='grc' dir='ltr'>μαθοῦσα</span> <span class='ocrx_word' id='word_1_644' title='bbox 853 5481 914 5536; x_wconf 83' lang='grc' dir='ltr'>τὸ</span> <span class='ocrx_word' id='word_1_645' title='bbox 943 5484 1188 5553; x_wconf 78' lang='grc' dir='ltr'>γεγονὸς,</span> <span class='ocrx_word' id='word_1_646' title='bbox 1235 5487 1484 5553; x_wconf 75' lang='grc' dir='ltr'>κομίζειν</span> <span class='ocrx_word' id='word_1_647' title='bbox 1514 5491 1676 5545; x_wconf 69' lang='grc' dir='ltr'>αὐτὸν</span> <span class='ocrx_word' id='word_1_648' title='bbox 1715 5492 1787 5561; x_wconf 72' lang='grc' dir='ltr'>ἐς.</span> 
     </span>
    </p>
   </div>
   <div class='ocr_carea' id='block_1_92' title="bbox 1897 3120 3472 3194">
    <p class='ocr_par' dir='ltr' id='par_1_92' title="bbox 1897 3120 3472 3194">
     <span class='ocr_line' id='line_1_92' title="bbox 1897 3120 3472 3194; baseline -0.001 -16"><span class='ocrx_word' id='word_1_649' title='bbox 1897 3133 2011 3178; x_wconf 86' lang='lat' dir='ltr'><strong>stra</strong></span> <span class='ocrx_word' id='word_1_650' title='bbox 2034 3120 2584 3194; x_wconf 61' lang='lat' dir='ltr'><strong>Caesarisejaculatus</strong></span> <span class='ocrx_word' id='word_1_651' title='bbox 2609 3132 2778 3187; x_wconf 75' lang='lat' dir='ltr'><strong>esset,</strong></span> <span class='ocrx_word' id='word_1_652' title='bbox 2805 3124 3006 3193; x_wconf 86' lang='lat' dir='ltr'><strong>quibus</strong></span> <span class='ocrx_word' id='word_1_653' title='bbox 3030 3137 3279 3193; x_wconf 86' lang='lat' dir='ltr'><strong>magnam</strong></span> <span class='ocrx_word' id='word_1_654' title='bbox 3304 3138 3472 3192; x_wconf 89' lang='lat' dir='ltr'><strong>pecu-</strong></span> 
     </span>
    </p>
   </div>
   <div class='ocr_carea' id='block_1_93' title="bbox 1895 3213 3476 3285">
    <p class='ocr_par' dir='ltr' id='par_1_93' title="bbox 1895 3213 3476 3285">
     <span class='ocr_line' id='line_1_93' title="bbox 1895 3213 3476 3285; baseline 0.001 -17"><span class='ocrx_word' id='word_1_655' title='bbox 1895 3213 2045 3269; x_wconf 82' lang='lat' dir='ltr'><strong>niatu</strong></span> <span class='ocrx_word' id='word_1_656' title='bbox 2077 3214 2349 3272; x_wconf 80' lang='lat' dir='ltr'><strong>militibus</strong></span> <span class='ocrx_word' id='word_1_657' title='bbox 2374 3214 2742 3284; x_wconf 85' lang='lat' dir='ltr'><strong>pollicebatur</strong></span> <span class='ocrx_word' id='word_1_658' title='bbox 2768 3233 2781 3270; x_wconf 93' lang='lat'><strong>:</strong></span> <span class='ocrx_word' id='word_1_659' title='bbox 2824 3215 2991 3270; x_wconf 85' lang='lat' dir='ltr'><strong>etiam</strong></span> <span class='ocrx_word' id='word_1_660' title='bbox 3015 3215 3228 3285; x_wconf 82' lang='lat' dir='ltr'><strong>pedites</strong></span> <span class='ocrx_word' id='word_1_661' title='bbox 3259 3229 3476 3285; x_wconf 86' lang='lat' dir='ltr'><strong>aggres-</strong></span> 
     </span>
    </p>
   </div>
   <div class='ocr_carea' id='block_1_94' title="bbox 1893 3305 3473 3376">
    <p class='ocr_par' dir='ltr' id='par_1_94' title="bbox 1893 3305 3473 3376">
     <span class='ocr_line' id='line_1_94' title="bbox 1893 3305 3473 3376; baseline -0.001 -16"><span class='ocrx_word' id='word_1_662' title='bbox 1893 3319 2009 3369; x_wconf 82' lang='lat' dir='ltr'><strong>sus,</strong></span> <span class='ocrx_word' id='word_1_663' title='bbox 2043 3313 2101 3360; x_wconf 87' lang='lat' dir='ltr'><strong>et</strong></span> <span class='ocrx_word' id='word_1_664' title='bbox 2126 3305 2326 3371; x_wconf 83' lang='lat' dir='ltr'><strong>victus,</strong></span> <span class='ocrx_word' id='word_1_665' title='bbox 2383 3322 2480 3376; x_wconf 87' lang='lat' dir='ltr'><strong>spe</strong></span> <span class='ocrx_word' id='word_1_666' title='bbox 2525 3307 2582 3361; x_wconf 92' lang='lat' dir='ltr'><strong>in</strong></span> <span class='ocrx_word' id='word_1_667' title='bbox 2617 3308 2845 3362; x_wconf 69' lang='lat' dir='ltr'><strong>t-lassem</strong></span> <span class='ocrx_word' id='word_1_668' title='bbox 2872 3307 3090 3367; x_wconf 84' lang='lat' dir='ltr'><strong>collata,</strong></span> <span class='ocrx_word' id='word_1_669' title='bbox 3128 3307 3201 3361; x_wconf 89' lang='lat' dir='ltr'><strong>ita</strong></span> <span class='ocrx_word' id='word_1_670' title='bbox 3225 3320 3286 3362; x_wconf 86' lang='lat' dir='ltr'><strong>se</strong></span> <span class='ocrx_word' id='word_1_671' title='bbox 3315 3320 3473 3375; x_wconf 82' lang='lat' dir='ltr'><strong>para-</strong></span> 
     </span>
    </p>
   </div>
   <div class='ocr_carea' id='block_1_95' title="bbox 1893 3396 3475 3469">
    <p class='ocr_par' dir='ltr' id='par_1_95' title="bbox 1893 3396 3475 3469">
     <span class='ocr_line' id='line_1_95' title="bbox 1893 3396 3475 3469; baseline -0.001 -16"><span class='ocrx_word' id='word_1_672' title='bbox 1893 3396 1996 3462; x_wconf 84' lang='lat' dir='ltr'><strong>vit,</strong></span> <span class='ocrx_word' id='word_1_673' title='bbox 2025 3397 2183 3468; x_wconf 88' lang='lat' dir='ltr'><strong>quasi</strong></span> <span class='ocrx_word' id='word_1_674' title='bbox 2214 3408 2311 3455; x_wconf 89' lang='lat' dir='ltr'><strong>aut</strong></span> <span class='ocrx_word' id='word_1_675' title='bbox 2352 3399 2490 3454; x_wconf 85' lang='lat' dir='ltr'><strong>mari</strong></span> <span class='ocrx_word' id='word_1_676' title='bbox 2520 3409 2884 3469; x_wconf 87' lang='lat' dir='ltr'><strong>pugnaturus,</strong></span> <span class='ocrx_word' id='word_1_677' title='bbox 2914 3407 3010 3454; x_wconf 87' lang='lat' dir='ltr'><strong>aut</strong></span> <span class='ocrx_word' id='word_1_678' title='bbox 3062 3398 3117 3453; x_wconf 90' lang='lat' dir='ltr'><strong>in</strong></span> <span class='ocrx_word' id='word_1_679' title='bbox 3152 3399 3475 3468; x_wconf 81' lang='lat' dir='ltr'><strong>Hispaniam</strong></span> 
     </span>
    </p>
   </div>
   <div class='ocr_carea' id='block_1_96' title="bbox 1891 3488 3479 3561">
    <p class='ocr_par' dir='ltr' id='par_1_96' title="bbox 1891 3488 3479 3561">
     <span class='ocr_line' id='line_1_96' title="bbox 1891 3488 3479 3561; baseline -0.001 -16"><span class='ocrx_word' id='word_1_680' title='bbox 1891 3489 2164 3545; x_wconf 84' lang='lat' dir='ltr'><strong>abiturus.</strong></span> <span class='ocrx_word' id='word_1_681' title='bbox 2198 3489 2280 3547; x_wconf 85' lang='lat' dir='ltr'><strong>Eo</strong></span> <span class='ocrx_word' id='word_1_682' title='bbox 2313 3489 2607 3561; x_wconf 87' lang='lat' dir='ltr'><strong>Cleopatra</strong></span> <span class='ocrx_word' id='word_1_683' title='bbox 2655 3488 2896 3560; x_wconf 86' lang='lat' dir='ltr'><strong>cognito,</strong></span> <span class='ocrx_word' id='word_1_684' title='bbox 2945 3489 3162 3546; x_wconf 86' lang='lat' dir='ltr'><strong>curavit</strong></span> <span class='ocrx_word' id='word_1_685' title='bbox 3214 3496 3276 3545; x_wconf 87' lang='lat' dir='ltr'><strong>ut</strong></span> <span class='ocrx_word' id='word_1_686' title='bbox 3304 3504 3479 3561; x_wconf 78' lang='lat' dir='ltr'><strong>naves</strong></span> 
     </span>
    </p>
   </div>
   <div class='ocr_carea' id='block_1_97' title="bbox 1890 3580 3470 3651">
    <p class='ocr_par' dir='ltr' id='par_1_97' title="bbox 1890 3580 3470 3651">
     <span class='ocr_line' id='line_1_97' title="bbox 1890 3580 3470 3651; baseline -0.002 -14"><span class='ocrx_word' id='word_1_687' title='bbox 1890 3581 1959 3637; x_wconf 83' lang='lat' dir='ltr'><strong>ad</strong></span> <span class='ocrx_word' id='word_1_688' title='bbox 1985 3580 2257 3641; x_wconf 66' lang='lat' dir='ltr'><strong>Caesarem</strong></span> <span class='ocrx_word' id='word_1_689' title='bbox 2287 3583 2611 3647; x_wconf 82' lang='lat' dir='ltr'><strong>transirent,</strong></span> <span class='ocrx_word' id='word_1_690' title='bbox 2639 3582 2754 3651; x_wconf 88' lang='lat' dir='ltr'><strong>ipsa</strong></span> <span class='ocrx_word' id='word_1_691' title='bbox 2788 3592 3206 3638; x_wconf 88' lang='lat' dir='ltr'><strong>monumentum</strong></span> <span class='ocrx_word' id='word_1_692' title='bbox 3245 3590 3470 3650; x_wconf 87' lang='lat' dir='ltr'><strong>repente</strong></span> 
     </span>
    </p>
   </div>
   <div class='ocr_carea' id='block_1_98' title="bbox 1890 3670 3470 3741">
    <p class='ocr_par' dir='ltr' id='par_1_98' title="bbox 1890 3670 3470 3741">
     <span class='ocr_line' id='line_1_98' title="bbox 1890 3670 3470 3741; baseline -0.001 -16"><span class='ocrx_word' id='word_1_693' title='bbox 1890 3685 2016 3726; x_wconf 88' lang='lat' dir='ltr'><strong>cum</strong></span> <span class='ocrx_word' id='word_1_694' title='bbox 2045 3671 2262 3727; x_wconf 83' lang='lat' dir='ltr'><strong>duabus</strong></span> <span class='ocrx_word' id='word_1_695' title='bbox 2286 3671 2505 3727; x_wconf 86' lang='lat' dir='ltr'><strong>ancillis</strong></span> <span class='ocrx_word' id='word_1_696' title='bbox 2556 3680 2614 3726; x_wconf 88' lang='lat' dir='ltr'><strong>et</strong></span> <span class='ocrx_word' id='word_1_697' title='bbox 2645 3688 2754 3727; x_wconf 90' lang='lat' dir='ltr'><strong>uno</strong></span> <span class='ocrx_word' id='word_1_698' title='bbox 2801 3673 3058 3727; x_wconf 84' lang='lat' dir='ltr'><strong>eunucho</strong></span> <span class='ocrx_word' id='word_1_699' title='bbox 3086 3671 3277 3732; x_wconf 83' lang='lat' dir='ltr'><strong>subiit,</strong></span> <span class='ocrx_word' id='word_1_700' title='bbox 3313 3670 3470 3741; x_wconf 89' lang='lat' dir='ltr'><strong>quasi</strong></span> 
     </span>
    </p>
   </div>
   <div class='ocr_carea' id='block_1_99' title="bbox 1888 3750 3467 3834">
    <p class='ocr_par' dir='ltr' id='par_1_99' title="bbox 1888 3750 3467 3834">
     <span class='ocr_line' id='line_1_99' title="bbox 1888 3750 3467 3834; baseline -0.002 -15"><span class='ocrx_word' id='word_1_701' title='bbox 1888 3762 2189 3829; x_wconf 79' lang='lat' dir='ltr'><strong>Antonium</strong></span> <span class='ocrx_word' id='word_1_702' title='bbox 2222 3763 2464 3829; x_wconf 85' lang='lat' dir='ltr'><strong>timeret,</strong></span> <span class='ocrx_word' id='word_1_703' title='bbox 2510 3750 2607 3834; x_wconf 78' lang='lat' dir='ltr'><strong>qlti</strong></span> <span class='ocrx_word' id='word_1_704' title='bbox 2637 3779 2699 3821; x_wconf 80' lang='lat' dir='ltr'><strong>se</strong></span> <span class='ocrx_word' id='word_1_705' title='bbox 2732 3765 2803 3819; x_wconf 87' lang='lat' dir='ltr'><strong>ab</strong></span> <span class='ocrx_word' id='word_1_706' title='bbox 2845 3766 2960 3834; x_wconf 90' lang='lat' dir='ltr'><strong>ipsa</strong></span> <span class='ocrx_word' id='word_1_707' title='bbox 3017 3763 3176 3832; x_wconf 90' lang='lat' dir='ltr'><strong>prodi</strong></span> <span class='ocrx_word' id='word_1_708' title='bbox 3209 3772 3467 3834; x_wconf 83' lang='lat' dir='ltr'><strong>putaret:</strong></span> 
     </span>
    </p>
   </div>
   <div class='ocr_carea' id='block_1_100' title="bbox 1889 3853 3467 3925">
    <p class='ocr_par' dir='ltr' id='par_1_100' title="bbox 1889 3853 3467 3925">
     <span class='ocr_line' id='line_1_100' title="bbox 1889 3853 3467 3925; baseline -0.001 -15"><span class='ocrx_word' id='word_1_709' title='bbox 1889 3863 1942 3910; x_wconf 91' lang='lat' dir='ltr'><strong>et</strong></span> <span class='ocrx_word' id='word_1_710' title='bbox 1969 3854 2138 3924; x_wconf 85' lang='lat' dir='ltr'><strong>janua</strong></span> <span class='ocrx_word' id='word_1_711' title='bbox 2168 3853 2464 3925; x_wconf 83' lang='lat' dir='ltr'><strong>diligenter</strong></span> <span class='ocrx_word' id='word_1_712' title='bbox 2494 3856 2702 3918; x_wconf 87' lang='lat' dir='ltr'><strong>clausa.</strong></span> <span class='ocrx_word' id='word_1_713' title='bbox 2756 3855 2824 3911; x_wconf 87' lang='lat' dir='ltr'><strong>ad</strong></span> <span class='ocrx_word' id='word_1_714' title='bbox 2880 3856 3035 3923; x_wconf 87' lang='lat' dir='ltr'><strong>illum</strong></span> <span class='ocrx_word' id='word_1_715' title='bbox 3085 3857 3254 3919; x_wconf 87' lang='lat' dir='ltr'><strong>misit,</strong></span> <span class='ocrx_word' id='word_1_716' title='bbox 3282 3855 3375 3924; x_wconf 84' lang='lat' dir='ltr'><strong>qui</strong></span> <span class='ocrx_word' id='word_1_717' title='bbox 3404 3855 3467 3909; x_wconf 76' lang='lat' dir='ltr'><strong>ei</strong></span> 
     </span>
    </p>
   </div>
   <div class='ocr_carea' id='block_1_101' title="bbox 1890 3945 3467 4015">
    <p class='ocr_par' dir='ltr' id='par_1_101' title="bbox 1890 3945 3467 4015">
     <span class='ocr_line' id='line_1_101' title="bbox 1890 3945 3467 4015; baseline 0.003 -16"><span class='ocrx_word' id='word_1_718' title='bbox 1890 3945 2214 4001; x_wconf 90' lang='lat' dir='ltr'><strong>nuntiarent</strong></span> <span class='ocrx_word' id='word_1_719' title='bbox 2262 3945 2437 4015; x_wconf 83' lang='lat' dir='ltr'><strong>ipsam</strong></span> <span class='ocrx_word' id='word_1_720' title='bbox 2499 3961 2622 4002; x_wconf 89' lang='lat' dir='ltr'><strong>esse</strong></span> <span class='ocrx_word' id='word_1_721' title='bbox 2657 3957 2954 4002; x_wconf 88' lang='lat' dir='ltr'><strong>mortuam.</strong></span> <span class='ocrx_word' id='word_1_722' title='bbox 2991 3946 3146 4012; x_wconf 85' lang='lat' dir='ltr'><strong>Quod</strong></span> <span class='ocrx_word' id='word_1_723' title='bbox 3180 3961 3309 4001; x_wconf 88' lang='lat' dir='ltr'><strong>cum</strong></span> <span class='ocrx_word' id='word_1_724' title='bbox 3338 3961 3467 4003; x_wconf 90' lang='lat' dir='ltr'><strong>crc-</strong></span> 
     </span>
    </p>
   </div>
   <div class='ocr_carea' id='block_1_102' title="bbox 1888 4034 3478 4107">
    <p class='ocr_par' dir='ltr' id='par_1_102' title="bbox 1888 4034 3478 4107">
     <span class='ocr_line' id='line_1_102' title="bbox 1888 4034 3478 4107; baseline 0.001 -17"><span class='ocrx_word' id='word_1_725' title='bbox 1888 4034 2047 4091; x_wconf 89' lang='lat' dir='ltr'><strong>deret</strong></span> <span class='ocrx_word' id='word_1_726' title='bbox 2074 4035 2373 4101; x_wconf 80' lang='lat' dir='ltr'><strong>Antonius,</strong></span> <span class='ocrx_word' id='word_1_727' title='bbox 2404 4051 2463 4092; x_wconf 89' lang='lat' dir='ltr'><strong>se</strong></span> <span class='ocrx_word' id='word_1_728' title='bbox 2496 4054 2528 4092; x_wconf 90' lang='lat' dir='ltr'><strong>a</strong></span> <span class='ocrx_word' id='word_1_729' title='bbox 2552 4038 2790 4107; x_wconf 78' lang='lat' dir='ltr'><strong>quodam</strong></span> <span class='ocrx_word' id='word_1_730' title='bbox 2823 4036 3205 4107; x_wconf 86' lang='lat' dir='ltr'><strong>occidijussit.</strong></span> <span class='ocrx_word' id='word_1_731' title='bbox 3238 4036 3307 4092; x_wconf 91' lang='lat' dir='ltr'><strong>Ut</strong></span> <span class='ocrx_word' id='word_1_732' title='bbox 3337 4052 3478 4091; x_wconf 85' lang='lat' dir='ltr'><strong>vero-</strong></span> 
     </span>
    </p>
   </div>
   <div class='ocr_carea' id='block_1_103' title="bbox 1888 4126 3466 4202">
    <p class='ocr_par' dir='ltr' id='par_1_103' title="bbox 1888 4126 3466 4202">
     <span class='ocr_line' id='line_1_103' title="bbox 1888 4126 3466 4202; baseline 0.001 -21"><span class='ocrx_word' id='word_1_733' title='bbox 1888 4126 1981 4183; x_wconf 91' lang='lat' dir='ltr'><strong>ille</strong></span> <span class='ocrx_word' id='word_1_734' title='bbox 2032 4129 2229 4184; x_wconf 89' lang='lat' dir='ltr'><strong>stricto</strong></span> <span class='ocrx_word' id='word_1_735' title='bbox 2287 4130 2471 4202; x_wconf 81' lang='lat' dir='ltr'><strong>gladio</strong></span> <span class='ocrx_word' id='word_1_736' title='bbox 2522 4132 2882 4201; x_wconf 85' lang='lat' dir='ltr'><strong>semetipsum</strong></span> <span class='ocrx_word' id='word_1_737' title='bbox 2928 4130 3261 4188; x_wconf 77' lang='lat' dir='ltr'><strong>interfecit:</strong></span> <span class='ocrx_word' id='word_1_738' title='bbox 3310 4130 3466 4185; x_wconf 79' lang='lat' dir='ltr'><strong>Recte</strong></span> 
     </span>
    </p>
   </div>
   <div class='ocr_carea' id='block_1_104' title="bbox 1886 4219 3465 4294">
    <p class='ocr_par' dir='ltr' id='par_1_104' title="bbox 1886 4219 3465 4294">
     <span class='ocr_line' id='line_1_104' title="bbox 1886 4219 3465 4294; baseline 0.003 -22"><span class='ocrx_word' id='word_1_739' title='bbox 1886 4234 2031 4283; x_wconf 76' lang='lat' dir='ltr'><strong>uero,</strong></span> <span class='ocrx_word' id='word_1_740' title='bbox 2076 4219 2280 4293; x_wconf 88' lang='lat' dir='ltr'><strong>inquit,</strong></span> <span class='ocrx_word' id='word_1_741' title='bbox 2326 4220 2464 4275; x_wconf 80' lang='lat' dir='ltr'><strong>Eros</strong></span> <span class='ocrx_word' id='word_1_742' title='bbox 2520 4220 2597 4294; x_wconf 90' lang='lat' dir='ltr'><strong>(id</strong></span> <span class='ocrx_word' id='word_1_743' title='bbox 2645 4223 2793 4278; x_wconf 90' lang='lat' dir='ltr'><strong>enim</strong></span> <span class='ocrx_word' id='word_1_744' title='bbox 2846 4221 3056 4277; x_wconf 77' lang='lat' dir='ltr'><strong>homini</strong></span> <span class='ocrx_word' id='word_1_745' title='bbox 3089 4231 3211 4277; x_wconf 89' lang='lat' dir='ltr'><strong>erat</strong></span> <span class='ocrx_word' id='word_1_746' title='bbox 3240 4237 3465 4289; x_wconf 82' lang='lat' dir='ltr'><strong>nomen,</strong></span> 
     </span>
    </p>
   </div>
   <div class='ocr_carea' id='block_1_105' title="bbox 1888 4312 3463 4385">
    <p class='ocr_par' dir='ltr' id='par_1_105' title="bbox 1888 4312 3463 4385">
     <span class='ocr_line' id='line_1_105' title="bbox 1888 4312 3463 4385; baseline 0.001 -19"><span class='ocrx_word' id='word_1_747' title='bbox 1888 4312 2034 4382; x_wconf 80' lang='lat' dir='ltr'><strong>quod</strong></span> <span class='ocrx_word' id='word_1_748' title='bbox 2084 4312 2298 4368; x_wconf 76' lang='lat' dir='ltr'><strong>Latinis</strong></span> <span class='ocrx_word' id='word_1_749' title='bbox 2349 4313 2609 4369; x_wconf 87' lang='lat' dir='ltr'><strong>Amorem</strong></span> <span class='ocrx_word' id='word_1_750' title='bbox 2654 4315 2773 4371; x_wconf 81' lang='lat' dir='ltr'><strong>sive</strong></span> <span class='ocrx_word' id='word_1_751' title='bbox 2811 4314 3137 4385; x_wconf 87' lang='lat' dir='ltr'><strong>Cupidinem</strong></span> <span class='ocrx_word' id='word_1_752' title='bbox 3166 4313 3463 4385; x_wconf 77' lang='lat' dir='ltr'><strong>signiﬁcat)</strong></span> 
     </span>
    </p>
   </div>
   <div class='ocr_carea' id='block_1_106' title="bbox 1886 4403 3462 4476">
    <p class='ocr_par' dir='ltr' id='par_1_106' title="bbox 1886 4403 3462 4476">
     <span class='ocr_line' id='line_1_106' title="bbox 1886 4403 3462 4476; baseline 0.001 -19"><span class='ocrx_word' id='word_1_753' title='bbox 1886 4404 2012 4474; x_wconf 79' lang='lat' dir='ltr'><strong>quid</strong></span> <span class='ocrx_word' id='word_1_754' title='bbox 2058 4405 2128 4458; x_wconf 77' lang='lat' dir='ltr'><strong>sit</strong></span> <span class='ocrx_word' id='word_1_755' title='bbox 2173 4405 2441 4475; x_wconf 79' lang='lat' dir='ltr'><strong>agendum</strong></span> <span class='ocrx_word' id='word_1_756' title='bbox 2476 4422 2560 4460; x_wconf 82' lang='lat' dir='ltr'><strong>me</strong></span> <span class='ocrx_word' id='word_1_757' title='bbox 2597 4408 2749 4461; x_wconf 76' lang='lat' dir='ltr'><strong>doces</strong></span> <span class='ocrx_word' id='word_1_758' title='bbox 2771 4423 2791 4462; x_wconf 92' lang='lat'><strong><em>:</em></strong></span> <span class='ocrx_word' id='word_1_759' title='bbox 2822 4407 3084 4476; x_wconf 83' lang='lat' dir='ltr'><strong>illatoque</strong></span> <span class='ocrx_word' id='word_1_760' title='bbox 3128 4407 3184 4463; x_wconf 90' lang='lat' dir='ltr'><strong>in</strong></span> <span class='ocrx_word' id='word_1_761' title='bbox 3217 4403 3462 4461; x_wconf 79' lang='lat' dir='ltr'><strong>ventrem</strong></span> 
     </span>
    </p>
   </div>
   <div class='ocr_carea' id='block_1_107' title="bbox 1890 4490 3464 4560">
    <p class='ocr_par' dir='ltr' id='par_1_107' title="bbox 1890 4490 3464 4560">
     <span class='ocr_line' id='line_1_107' title="bbox 1890 4490 3464 4560; baseline 0.002 -15"><span class='ocrx_word' id='word_1_762' title='bbox 1890 4490 2026 4556; x_wconf 90' lang='lat' dir='ltr'><strong>ictu,</strong></span> <span class='ocrx_word' id='word_1_763' title='bbox 2073 4508 2183 4547; x_wconf 90' lang='lat' dir='ltr'><strong>non</strong></span> <span class='ocrx_word' id='word_1_764' title='bbox 2215 4494 2401 4548; x_wconf 90' lang='lat' dir='ltr'><strong>statim</strong></span> <span class='ocrx_word' id='word_1_765' title='bbox 2447 4494 2725 4560; x_wconf 85' lang='lat' dir='ltr'><strong>letbifero,</strong></span> <span class='ocrx_word' id='word_1_766' title='bbox 2777 4495 2983 4551; x_wconf 87' lang='lat' dir='ltr'><strong>lectulo</strong></span> <span class='ocrx_word' id='word_1_767' title='bbox 3033 4493 3305 4550; x_wconf 88' lang='lat' dir='ltr'><strong>incubuit.</strong></span> <span class='ocrx_word' id='word_1_768' title='bbox 3354 4494 3464 4549; x_wconf 89' lang='lat' dir='ltr'><strong>Tu-</strong></span> 
     </span>
    </p>
   </div>
   <div class='ocr_carea' id='block_1_108' title="bbox 1888 4582 3465 4657">
    <p class='ocr_par' dir='ltr' id='par_1_108' title="bbox 1888 4582 3465 4657">
     <span class='ocr_line' id='line_1_108' title="bbox 1888 4582 3465 4657; baseline 0.004 -22"><span class='ocrx_word' id='word_1_769' title='bbox 1888 4582 2066 4638; x_wconf 89' lang='lat' dir='ltr'><strong>multu</strong></span> <span class='ocrx_word' id='word_1_770' title='bbox 2097 4593 2240 4647; x_wconf 87' lang='lat' dir='ltr'><strong>orto,</strong></span> <span class='ocrx_word' id='word_1_771' title='bbox 2291 4583 2580 4654; x_wconf 88' lang='lat' dir='ltr'><strong>Cleopatra</strong></span> <span class='ocrx_word' id='word_1_772' title='bbox 2626 4588 2773 4641; x_wconf 82' lang='lat' dir='ltr'><strong>fores</strong></span> <span class='ocrx_word' id='word_1_773' title='bbox 2822 4601 2933 4641; x_wconf 86' lang='lat' dir='ltr'><strong>non</strong></span> <span class='ocrx_word' id='word_1_774' title='bbox 2978 4587 3216 4657; x_wconf 83' lang='lat' dir='ltr'><strong>aperuit,</strong></span> <span class='ocrx_word' id='word_1_775' title='bbox 3241 4585 3338 4640; x_wconf 90' lang='lat' dir='ltr'><strong>sed</strong></span> <span class='ocrx_word' id='word_1_776' title='bbox 3369 4601 3465 4642; x_wconf 90' lang='lat' dir='ltr'><strong>su-</strong></span> 
     </span>
    </p>
   </div>
   <div class='ocr_carea' id='block_1_109' title="bbox 1887 4677 3464 4751">
    <p class='ocr_par' dir='ltr' id='par_1_109' title="bbox 1887 4677 3464 4751">
     <span class='ocr_line' id='line_1_109' title="bbox 1887 4677 3464 4751; baseline 0.004 -24"><span class='ocrx_word' id='word_1_777' title='bbox 1887 4689 2057 4745; x_wconf 89' lang='lat' dir='ltr'><strong>perne</strong></span> <span class='ocrx_word' id='word_1_778' title='bbox 2085 4687 2444 4745; x_wconf 84' lang='lat' dir='ltr'><strong>prospectans</strong></span> <span class='ocrx_word' id='word_1_779' title='bbox 2486 4677 2751 4751; x_wconf 86' lang='lat' dir='ltr'><strong>(necdum</strong></span> <span class='ocrx_word' id='word_1_780' title='bbox 2779 4678 2928 4734; x_wconf 85' lang='lat' dir='ltr'><strong>enim</strong></span> <span class='ocrx_word' id='word_1_781' title='bbox 2981 4686 3184 4734; x_wconf 86' lang='lat' dir='ltr'><strong>tectum</strong></span> <span class='ocrx_word' id='word_1_782' title='bbox 3233 4677 3464 4733; x_wconf 85' lang='lat' dir='ltr'><strong>absolu-</strong></span> 
     </span>
    </p>
   </div>
   <div class='ocr_carea' id='block_1_110' title="bbox 1886 4766 3461 4839">
    <p class='ocr_par' dir='ltr' id='par_1_110' title="bbox 1886 4766 3461 4839">
     <span class='ocr_line' id='line_1_110' title="bbox 1886 4766 3461 4839; baseline 0.006 -21"><span class='ocrx_word' id='word_1_783' title='bbox 1886 4773 2004 4821; x_wconf 86' lang='lat' dir='ltr'><strong>tum</strong></span> <span class='ocrx_word' id='word_1_784' title='bbox 2033 4766 2173 4837; x_wconf 89' lang='lat' dir='ltr'><strong>erat)</strong></span> <span class='ocrx_word' id='word_1_785' title='bbox 2203 4782 2269 4822; x_wconf 91' lang='lat' dir='ltr'><strong>eo</strong></span> <span class='ocrx_word' id='word_1_786' title='bbox 2300 4767 2545 4825; x_wconf 84' lang='lat' dir='ltr'><strong>facinore</strong></span> <span class='ocrx_word' id='word_1_787' title='bbox 2576 4770 2817 4839; x_wconf 83' lang='lat' dir='ltr'><strong>cognito,</strong></span> <span class='ocrx_word' id='word_1_788' title='bbox 2852 4769 3006 4827; x_wconf 85' lang='lat' dir='ltr'><strong>illum</strong></span> <span class='ocrx_word' id='word_1_789' title='bbox 3039 4769 3094 4825; x_wconf 87' lang='lat' dir='ltr'><strong>in</strong></span> <span class='ocrx_word' id='word_1_790' title='bbox 3130 4784 3461 4827; x_wconf 82' lang='lat' dir='ltr'><strong>monumen-</strong></span> 
     </span>
    </p>
   </div>
   <div class='ocr_carea' id='block_1_111' title="bbox 1886 4856 3465 4930">
    <p class='ocr_par' dir='ltr' id='par_1_111' title="bbox 1886 4856 3465 4930">
     <span class='ocr_line' id='line_1_111' title="bbox 1886 4856 3465 4930; baseline 0.004 -21"><span class='ocrx_word' id='word_1_791' title='bbox 1886 4864 2000 4911; x_wconf 87' lang='lat' dir='ltr'><strong>tum</strong></span> <span class='ocrx_word' id='word_1_792' title='bbox 2032 4856 2222 4912; x_wconf 80' lang='lat' dir='ltr'><strong>inferri</strong></span> <span class='ocrx_word' id='word_1_793' title='bbox 2245 4857 2411 4928; x_wconf 84' lang='lat' dir='ltr'><strong>jussit</strong></span> <span class='ocrx_word' id='word_1_794' title='bbox 2441 4876 2454 4912; x_wconf 90' lang='lat'><strong>:</strong></span> <span class='ocrx_word' id='word_1_795' title='bbox 2489 4859 2583 4929; x_wconf 92' lang='lat' dir='ltr'><strong>qui</strong></span> <span class='ocrx_word' id='word_1_796' title='bbox 2633 4874 2761 4917; x_wconf 82' lang='lat' dir='ltr'><strong>cum</strong></span> <span class='ocrx_word' id='word_1_797' title='bbox 2797 4874 2916 4917; x_wconf 87' lang='lat' dir='ltr'><strong>eam</strong></span> <span class='ocrx_word' id='word_1_798' title='bbox 2949 4859 3136 4919; x_wconf 81' lang='lat' dir='ltr'><strong>vivere</strong></span> <span class='ocrx_word' id='word_1_799' title='bbox 3176 4860 3465 4930; x_wconf 84' lang='lat' dir='ltr'><strong>cognovis-</strong></span> 
     </span>
    </p>
   </div>
   <div class='ocr_carea' id='block_1_112' title="bbox 1884 4948 3469 5019">
    <p class='ocr_par' dir='ltr' id='par_1_112' title="bbox 1884 4948 3469 5019">
     <span class='ocr_line' id='line_1_112' title="bbox 1884 4948 3469 5019; baseline 0.003 -17"><span class='ocrx_word' id='word_1_800' title='bbox 1884 4956 1991 5012; x_wconf 86' lang='lat' dir='ltr'><strong>set,</strong></span> <span class='ocrx_word' id='word_1_801' title='bbox 2022 4956 2081 5003; x_wconf 90' lang='lat' dir='ltr'><strong>ut</strong></span> <span class='ocrx_word' id='word_1_802' title='bbox 2104 4948 2169 5004; x_wconf 91' lang='lat' dir='ltr'><strong>ad</strong></span> <span class='ocrx_word' id='word_1_803' title='bbox 2206 4963 2326 5004; x_wconf 88' lang='lat' dir='ltr'><strong>eam</strong></span> <span class='ocrx_word' id='word_1_804' title='bbox 2354 4959 2688 5019; x_wconf 85' lang='lat' dir='ltr'><strong>portaretur,</strong></span> <span class='ocrx_word' id='word_1_805' title='bbox 2729 4950 2924 5013; x_wconf 85' lang='lat' dir='ltr'><strong>oravit.</strong></span> <span class='ocrx_word' id='word_1_806' title='bbox 2956 4950 3091 5009; x_wconf 86' lang='lat' dir='ltr'><strong>Cum</strong></span> <span class='ocrx_word' id='word_1_807' title='bbox 3140 4952 3339 5009; x_wconf 88' lang='lat' dir='ltr'><strong>allatus</strong></span> <span class='ocrx_word' id='word_1_808' title='bbox 3374 4967 3469 5006; x_wconf 78' lang='lat' dir='ltr'><strong>es—</strong></span> 
     </span>
    </p>
   </div>
   <div class='ocr_carea' id='block_1_113' title="bbox 1884 5038 3458 5107">
    <p class='ocr_par' dir='ltr' id='par_1_113' title="bbox 1884 5038 3458 5107">
     <span class='ocr_line' id='line_1_113' title="bbox 1884 5038 3458 5107; baseline 0.004 -16"><span class='ocrx_word' id='word_1_809' title='bbox 1884 5046 1989 5104; x_wconf 83' lang='lat' dir='ltr'><strong>set,</strong></span> <span class='ocrx_word' id='word_1_810' title='bbox 2021 5038 2231 5095; x_wconf 82' lang='lat' dir='ltr'><strong>catenis</strong></span> <span class='ocrx_word' id='word_1_811' title='bbox 2281 5047 2340 5095; x_wconf 90' lang='lat' dir='ltr'><strong>et</strong></span> <span class='ocrx_word' id='word_1_812' title='bbox 2386 5039 2612 5095; x_wconf 79' lang='lat' dir='ltr'><strong>funibus</strong></span> <span class='ocrx_word' id='word_1_813' title='bbox 2644 5041 2713 5107; x_wconf 85' lang='lat' dir='ltr'><strong>ab</strong></span> <span class='ocrx_word' id='word_1_814' title='bbox 2743 5050 2892 5103; x_wconf 71' lang='lat' dir='ltr'><strong>eaet</strong></span> <span class='ocrx_word' id='word_1_815' title='bbox 2937 5043 3208 5103; x_wconf 86' lang='lat' dir='ltr'><strong>ambabus</strong></span> <span class='ocrx_word' id='word_1_816' title='bbox 3240 5043 3458 5105; x_wconf 79' lang='lat' dir='ltr'><strong>ancillis</strong></span> 
     </span>
    </p>
   </div>
   <div class='ocr_carea' id='block_1_114' title="bbox 1881 5116 3454 5205">
    <p class='ocr_par' dir='ltr' id='par_1_114' title="bbox 1881 5116 3454 5205">
     <span class='ocr_line' id='line_1_114' title="bbox 1881 5116 3454 5205; baseline 0.004 -23"><span class='ocrx_word' id='word_1_817' title='bbox 1881 5128 2278 5199; x_wconf 84' lang='lat' dir='ltr'><strong>attrahebatur.</strong></span> <span class='ocrx_word' id='word_1_818' title='bbox 2328 5130 2500 5197; x_wconf 84' lang='lat' dir='ltr'><strong>Quctn</strong></span> <span class='ocrx_word' id='word_1_819' title='bbox 2546 5116 2643 5193; x_wconf 83' lang='lat' dir='ltr'><strong>ubi</strong></span> <span class='ocrx_word' id='word_1_820' title='bbox 2670 5141 3024 5205; x_wconf 64' lang='lat' dir='ltr'><strong>cruentatum</strong></span> <span class='ocrx_word' id='word_1_821' title='bbox 3076 5143 3133 5191; x_wconf 88' lang='lat' dir='ltr'><strong>et</strong></span> <span class='ocrx_word' id='word_1_822' title='bbox 3166 5134 3454 5191; x_wconf 87' lang='lat' dir='ltr'><strong>moribun-</strong></span> 
     </span>
    </p>
   </div>
   <div class='ocr_carea' id='block_1_115' title="bbox 1881 5220 3461 5299">
    <p class='ocr_par' dir='ltr' id='par_1_115' title="bbox 1881 5220 3461 5299">
     <span class='ocr_line' id='line_1_115' title="bbox 1881 5220 3461 5299; baseline 0.006 -27"><span class='ocrx_word' id='word_1_823' title='bbox 1881 5220 2008 5275; x_wconf 81' lang='lat' dir='ltr'><strong>dum</strong></span> <span class='ocrx_word' id='word_1_824' title='bbox 2035 5220 2271 5291; x_wconf 83' lang='lat' dir='ltr'><strong>accepit,</strong></span> <span class='ocrx_word' id='word_1_825' title='bbox 2299 5230 2483 5279; x_wconf 88' lang='lat' dir='ltr'><strong>vestes</strong></span> <span class='ocrx_word' id='word_1_826' title='bbox 2512 5239 2640 5297; x_wconf 77' lang='lat' dir='ltr'><strong>suas</strong></span> <span class='ocrx_word' id='word_1_827' title='bbox 2674 5225 2869 5299; x_wconf 69' lang='lat' dir='ltr'><strong>scidit,</strong></span> <span class='ocrx_word' id='word_1_828' title='bbox 2889 5233 2946 5295; x_wconf 86' lang='lat' dir='ltr'><strong>et</strong></span> <span class='ocrx_word' id='word_1_829' title='bbox 2976 5236 3172 5299; x_wconf 71' lang='lat' dir='ltr'><strong>pectus</strong></span> <span class='ocrx_word' id='word_1_830' title='bbox 3197 5226 3461 5282; x_wconf 80' lang='lat' dir='ltr'><strong>manibus</strong></span> 
     </span>
    </p>
   </div>
   <div class='ocr_carea' id='block_1_116' title="bbox 1880 5310 3449 5390">
    <p class='ocr_par' dir='ltr' id='par_1_116' title="bbox 1880 5310 3449 5390">
     <span class='ocr_line' id='line_1_116' title="bbox 1880 5310 3449 5390; baseline 0.005 -26"><span class='ocrx_word' id='word_1_831' title='bbox 1880 5310 2110 5381; x_wconf 79' lang='lat' dir='ltr'><strong>planxit,</strong></span> <span class='ocrx_word' id='word_1_832' title='bbox 2158 5328 2233 5387; x_wconf 76' lang='lat' dir='ltr'><strong>ac</strong></span> <span class='ocrx_word' id='word_1_833' title='bbox 2276 5329 2338 5369; x_wconf 86' lang='lat' dir='ltr'><strong>se</strong></span> <span class='ocrx_word' id='word_1_834' title='bbox 2392 5314 2678 5373; x_wconf 83' lang='lat' dir='ltr'><strong>laceravit.</strong></span> <span class='ocrx_word' id='word_1_835' title='bbox 2720 5317 2792 5375; x_wconf 85' lang='lat' dir='ltr'><strong>At</strong></span> <span class='ocrx_word' id='word_1_836' title='bbox 2841 5317 2934 5374; x_wconf 87' lang='lat' dir='ltr'><strong>ille</strong></span> <span class='ocrx_word' id='word_1_837' title='bbox 2987 5321 3115 5375; x_wconf 90' lang='lat' dir='ltr'><strong>vino</strong></span> <span class='ocrx_word' id='word_1_838' title='bbox 3150 5320 3449 5390; x_wconf 80' lang='lat' dir='ltr'><strong>postulato,</strong></span> 
     </span>
    </p>
   </div>
   <div class='ocr_carea' id='block_1_117' title="bbox 1879 5403 3448 5485">
    <p class='ocr_par' dir='ltr' id='par_1_117' title="bbox 1879 5403 3448 5485">
     <span class='ocr_line' id='line_1_117' title="bbox 1879 5403 3448 5485; baseline 0.006 -28"><span class='ocrx_word' id='word_1_839' title='bbox 1879 5403 2207 5474; x_wconf 86' lang='lat' dir='ltr'><strong>haustoque,</strong></span> <span class='ocrx_word' id='word_1_840' title='bbox 2251 5408 2517 5481; x_wconf 82' lang='lat' dir='ltr'><strong>nonnulla</strong></span> <span class='ocrx_word' id='word_1_841' title='bbox 2574 5424 2702 5469; x_wconf 85' lang='lat' dir='ltr'><strong>cum</strong></span> <span class='ocrx_word' id='word_1_842' title='bbox 2728 5412 3323 5485; x_wconf 57' lang='lat' dir='ltr'><strong>muliereﬁollocutus.</strong></span> <span class='ocrx_word' id='word_1_843' title='bbox 3351 5425 3448 5464; x_wconf 76' lang='lat' dir='ltr'><strong>ex-</strong></span> 
     </span>
    </p>
   </div>
   <div class='ocr_carea' id='block_1_118' title="bbox 1875 5492 3453 5571">
    <p class='ocr_par' dir='ltr' id='par_1_118' title="bbox 1875 5492 3453 5571">
     <span class='ocr_line' id='line_1_118' title="bbox 1875 5492 3453 5571; baseline 0.004 -26"><span class='ocrx_word' id='word_1_844' title='bbox 1875 5492 2125 5571; x_wconf 83' lang='lat' dir='ltr'><strong>spiravit.</strong></span> <span class='ocrx_word' id='word_1_845' title='bbox 2168 5496 2375 5562; x_wconf 74' lang='lat' dir='ltr'><strong>tZa-sar,</strong></span> <span class='ocrx_word' id='word_1_846' title='bbox 2415 5498 2646 5555; x_wconf 81' lang='lat' dir='ltr'><strong>Antonii</strong></span> <span class='ocrx_word' id='word_1_847' title='bbox 2697 5501 3163 5564; x_wconf 84' lang='lat' dir='ltr'><strong>mortenuntiata,</strong></span> <span class='ocrx_word' id='word_1_848' title='bbox 3216 5500 3453 5570; x_wconf 63' lang='lat' dir='ltr'><strong>illacry-</strong></span> 
     </span>
    </p>
   </div>
   <div class='ocr_carea' id='block_1_119' title="bbox 197 5565 1796 5662">
    <p class='ocr_par' dir='ltr' id='par_1_119' title="bbox 197 5565 1769 5657">
     <span class='ocr_line' id='line_1_119' title="bbox 197 5565 1769 5657; baseline 0.01 -37"><span class='ocrx_word' id='word_1_849' title='bbox 197 5565 293 5621; x_wconf 72' lang='grc' dir='ltr'><strong>τὸν</strong></span> <span class='ocrx_word' id='word_1_850' title='bbox 338 5567 505 5642; x_wconf 64' lang='grc' dir='ltr'>τάφον</span> <span class='ocrx_word' id='word_1_851' title='bbox 556 5570 829 5629; x_wconf 73' lang='grc' dir='ltr'>ἐκέλευσε.</span> <span class='ocrx_word' id='word_1_852' title='bbox 876 5573 1042 5638; x_wconf 76' lang='grc' dir='ltr'>Γνοὺς</span> <span class='ocrx_word' id='word_1_853' title='bbox 1083 5574 1139 5657; x_wconf 82' lang='grc' dir='ltr'>δὲ</span> <span class='ocrx_word' id='word_1_854' title='bbox 1186 5578 1437 5646; x_wconf 73' lang='grc' dir='ltr'>κάκεῖνος</span> <span class='ocrx_word' id='word_1_855' title='bbox 1480 5579 1559 5634; x_wconf 75' lang='grc' dir='ltr'>ἔτι</span> <span class='ocrx_word' id='word_1_856' title='bbox 1590 5580 1769 5647; x_wconf 74' lang='grc' dir='ltr'>ζῶσαν</span> 
     </span>
    </p>
   </div>
   <div class='ocr_carea' id='block_1_120' title="bbox 1897 5565 3453 5662">
    <p class='ocr_par' dir='ltr' id='par_1_120' title="bbox 1897 5565 3453 5662">
     <span class='ocr_line' id='line_1_120' title="bbox 1897 5565 3453 5662; baseline 0.004 -22"><span class='ocrx_word' id='word_1_857' title='bbox 1897 5566 2091 5659; x_wconf 80' lang='lat' dir='ltr'><strong>navit:</strong></span> <span class='ocrx_word' id='word_1_858' title='bbox 2142 5598 2201 5646; x_wconf 90' lang='lat' dir='ltr'><strong>ct</strong></span> <span class='ocrx_word' id='word_1_859' title='bbox 2246 5590 2473 5647; x_wconf 85' lang='lat' dir='ltr'><strong>litteras</strong></span> <span class='ocrx_word' id='word_1_860' title='bbox 2503 5592 2625 5662; x_wconf 73' lang='lat' dir='ltr'><strong>eius</strong></span> <span class='ocrx_word' id='word_1_861' title='bbox 2672 5594 2866 5651; x_wconf 81' lang='lat' dir='ltr'><strong>amicis</strong></span> <span class='ocrx_word' id='word_1_862' title='bbox 2902 5565 3453 5662; x_wconf 65' lang='lat' dir='ltr'><strong>recitaus,seipsuin</strong></span> 
     </span>
    </p>
   </div>
  </div>
