3976 6204
547 247 656 309 895
1822 237 2140 302 JOANNIS

2218 233 2504 298 ἱΟΝΑΡαΕ
3287 251 3292 258 ‘
3631 239 3712 298 896

547 365 850 430 damnavit,
878 365 1026 436 quod
1063 364 1140 420 illi
1169 379 1325 435 aequa
1360 362 1577 432 etjusta
1618 358 1943 432 postulanti,
1969 375 2123 414 arro-

2224 356 2420 427 αὒτὴν,
2465 351 2764 422 παρεκάλει
2814 349 3138 419 κομισθῆναι
3183 348 3316 412 ἐκεῖ,
3355 346 3441 400 καὶ
3479 348 3709 418 κομισθεὶς

547 471 746 532 ganter
769 469 824 514 et
861 459 1101 530 superbe
1129 470 1454 528 responsum
1484 461 1760 526 negasset.

2225 448 2435 518 σειραῖς
2466 446 2559 500 καὶ
2583 443 2868 506 καλωδίοις
2898 441 3174 495 άνείλκετο
3202 437 3328 509 παρ’
3355 439 3508 508 αὐτῆς
3525 441 3607 492 καὶ
3629 441 3712 494 τῶν

551 528 950 623 θεραπαινίδων
1005 553 1229 620 ἀμφοῖν.
1277 547 1557 616 Δεξαμένη
1605 544 1663 599 δὲ
1709 545 1876 599 αὑτὸν
1924 544 2122 614 αἵματι
2157 541 2511 612 πεφυρμένον
2575 535 2672 590 καὶ
2727 529 3183 595 δυσθανατοῦντα,
3215 530 3340 592 τοὺς
3384 528 3595 591 πέπλους
3635 548 3712 583 πε·

554 648 880 720 ριερρήξατο
909 649 998 700 ἔπ’
1035 646 1209 715 αὐτῷ,
1243 645 1338 699 καὶ
1391 643 1462 697 τὰ
1495 643 1695 714 στέρνα
1733 640 1964 694 ἔτυπτεο
2026 639 2120 693 καὶ
2157 636 2576 706 κατεσπάραττε
2641 634 2760 694 ταῖς
2821 631 3028 700 χερσίν.
3075 629 3134 680 '0
3160 626 3217 680 δὲ
3240 623 3374 680 οῖνον
3405 629 3533 678 πιεῖν
3561 625 3715 700 ᾔτησε,

550 749 643 796 καὶ
678 744 818 795 πιὼν
840 743 934 797 καί
968 760 1089 796 τινα
1120 742 1393 813 ὁμιλήσας
1423 743 1490 812 τῇ
1557 738 1886 808 Κλεοπάτρᾳ
1922 735 2159 802 ἐξέλιπε.
2197 733 2411 802 Καῖσαρ
2469 730 2525 784 δὲ
2557 727 2912 798 ἀγγελθέντος
2944 723 3092 792 αύτῷ
3138 721 3233 776 τοῦ
3269 720 3482 776 θανάτου
3520 721 3598 772 τοῦ
3623 721 3716 775 Ἂν.

548 839 762 905 τωνίου,
800 840 1186 912 ἀπεδάκρυσε,
1221 839 1441 902 καὶτὰς
1466 836 1755 899 ἐπιστολὰς
1793 833 2003 888 ἐκείνου
2041 835 2156 896 τοῖς
2193 831 2366 900 φίλοις
2419 825 2811 896 ἀναγινώσκων
2856 820 3263 889 κατεγίνωσκεν
3313 818 3512 881 ἑαυτοῦ,
3538 819 3601 881 ὡς
3654 821 3717 872 εὑ.

549 935 809 1004 γνώμονα
857 936 1136 998 αἰτοῦντος
1195 937 1406 989 ἐκείνου
1467 935 1566 989 καὶ
1615 934 1818 998 δίκαια,
1863 929 2031 986 αὒτοῦ
2099 928 2156 982 δὲ
2200 924 2475 999 φορτικῶς
2503 924 2598 978 καὶ
2654 919 3022 991 ὑπερηφάνως
3056 917 3305 988 πρὸς-τὰς
3334 917 3615 986 ἀποκρίσεις
3632 916 3718 968 δια-

485 1036 489 1039 ’
553 1029 828 1096 κειμένου.

623 1077 815 1177 ἱχχι.
847 1122 1192 1176 Proculeium
1229 1130 1410 1176 autem
1435 1120 1501 1175 ad
1529 1120 1875 1190 Cleopatram
1900 1118 2123 1188 capien-

2306 1114 2433 1167 AA'.
2466 1109 2563 1173 Είς
2591 1109 2646 1163 δὲ
2699 1106 2801 1178 τὴν
2833 1077 3194 1172 Κλεοπάτραν
3243 1099 3446 1169 ἔπεμψε
3497 1100 3575 1152 τὸν
3619 1102 3720 1174 Προ-

554 1213 703 1276 dam,
752 1222 810 1268 et
861 1212 916 1266 in
959 1212 1070 1267 vita
1112 1212 1452 1267 retinendam
1499 1210 1862 1281 misitzquod
1915 1223 2124 1280 magnae

2231 1206 2441 1277 κλήῖον,
2477 1201 2660 1270 ζώσης
2702 1198 2874 1266 αὐτῆς
2925 1197 3201 1268 κρατῆσαι
3229 1192 3414 1255 θέλων,
3477 1193 3598 1261 μέγα
3624 1195 3721 1266 apt;

556 1304 663 1357 sibi
696 1303 880 1372 gloriae
919 1303 1038 1358 fore
1072 1303 1318 1372 putabat,
1362 1303 1408 1357 si
1457 1317 1577 1357 eam
1623 1304 1678 1355 in
1711 1301 1990 1370 triumpho
2019 1299 2124 1354 du-

557 1402 726 1448 ceret.
761 1391 854 1448 llla
893 1408 1024 1447 vero
1057 1392 1203 1446 intra
1248 1392 1395 1447 fores
1435 1393 1654 1447 fortiter
1695 1393 1910 1446 clausas
1952 1403 2124 1454 stans,

556 1505 682 1543 cum
723 1505 790 1543 eo
831 1489 1098 1543 collocuta
1134 1497 1238 1544 est.
1272 1488 1453 1544 Caesar
1489 1488 1710 1559 cognito
1749 1488 1870 1542 loco
1921 1487 1974 1540 in
2020 1500 2139 1556 quo.

555 1591 726 1645 esset,
755 1581 970 1638 Gallum
999 1583 1150 1637 misit
1174 1584 1266 1652 qui
1295 1598 1418 1637 cum
1455 1599 1518 1638 ea
1547 1590 1753 1654 ageret.
1795 1581 1914 1648 Quo
1945 1581 2013 1635 de
2043 1580 2128 1634 in-

557 1675 768 1729 dustria
804 1691 1115 1730 sermonem
1148 1676 1214 1730 ad
1242 1676 1404 1746 529
1430 1675 1579 1730 fores
1607 1676 1859 1730 trahente
1880 1716 1894 1740 ,
1927 1674 2130 1729 Procu-

557 1766 698 1821 li-ius
748 1782 873 1821 cum
927 1766 1141 1821 duobus
1181 1767 1447 1822 ministris
1503 1765 1648 1823 scala
1700 1783 1796 1837 per
1831 1767 2124 1822 fenestram

557 1859 699 1913 clam
747 1857 982 1913 scandit.
1027 1857 1162 1911 Cum
1222 1873 1355 1912 vero
1403 1859 1573 1912 altera
1627 1874 1693 1911 ex
1740 1873 1848 1911 una
1902 1857 2130 1912 inclusis

559 1949 884 2003 mulieribus
909 1949 1298 2003 exclamasset:
1326 1949 1520 2002 Misera
1549 1948 1858 2018 Cleopatra,
1887 1951 2003 2002 viva
2044 1965 2132 2002 ca-

559 2041 718 2110 peris,
776 2041 1014 2110 pugione
1053 2057 1163 2109 quo
1195 2040 1442 2095 accincta
1476 2051 1626 2105 erat,
1663 2057 1721 2095 se
1764 2039 1929 2096 ferire
1968 2039 2131 2094 insti-

562 2132 688 2186 tuit.
743 2132 851 2186 Sed
910 2133 1230 2188 Proculeius
1288 2133 1541 2188 celeriter
1592 2133 1850 2195 accurrit,
1899 2147 2131 2202 eamque

561 2223 840 2278 continuit
876 2241 891 2277 :
919 2234 1226 2294 ereptoque
1277 2225 1535 2296 pugione,
1565 2225 1850 2295 inquisivit
1879 2239 1947 2278 ne
1982 2222 2130 2292 quod

564 2329 834 2368 venenum
885 2316 1208 2370 occultaret.
1260 2316 1443 2370 Caesar
1503 2315 1883 2385 Epaphrodito
1931 2314 2131 2368 liberto

564 2406 838 2459 mandavit
874 2415 934 2459 ut
991 2421 1112 2460 eam
1142 2406 1292 2460 omni
1328 2406 1615 2477 diligentia
1644 2407 1920 2462 viventem
1951 2419 2133 2459 asser-

563 2507 740 2556 varet.
771 2509 934 2566 atque
977 2498 1092 2567 ipse
1125 2499 1315 2552 urbem
1358 2499 1640 2568 ingressus
1678 2504 1783 2552 est.
1829 2496 2069 2551 Antonio
2102 2510 2132 2550 a

562 2586 852 2658 ClcOpatra
897 2589 1187 2660 magnifico
1234 2599 1289 2643 et
1332 2590 1484 2660 regio
1525 2599 1787 2659 apparatu
1841 2589 2135 2654 tumulato,

563 2695 690 2732 cum
722 2679 874 2734 febre
902 2679 1179 2733 laboraret
1217 2679 1361 2748 (nam
1394 2691 1588 2747 pectus
1610 2678 1729 2748 ejus
1754 2677 2131 2732 exulceratum

563 2777 684 2824 erat
705 2779 761 2824 et
791 2767 1405 2838 inﬂammatum)inedia
1440 2768 1544 2823 sibi
1573 2783 1763 2822 necem
1795 2766 2136 2822 consciscere

567 2859 826 2915 instituit.
852 2860 972 2926 Quo
993 2858 1175 2916 Caesar
1198 2861 1603 2924 animadverso,
1637 2859 1804 2913 minis
1833 2868 1889 2913 et
1925 2866 2135 2912 terrore

567 2950 636 3004 de
666 2949 857 3004 liberis
903 2951 1127 3021 injecto,
1181 2965 1302 3004 eam
1363 2949 1533 3005 veluti
1591 2947 1865 3001 machinis
1899 2943 2136 2998 admotis

2222 1297 2385 1362 δόξαν
2415 1294 2721 1365 ἡγούμενος
2751 1291 3040 1359 διαγαγεῖν
3073 1287 3247 1355 αὐτὴν
3276 1286 3354 1346 εἰς
3377 1283 3462 1338 τὸν
3494 1284 3718 1354 θρίαμὸον,

2235 1388 2300 1442 Ἠ
2329 1388 2386 1441 δὲ
2433 1386 2585 1450 ἐντὸς
2650 1385 2832 1455 θυρῶν
2882 1379 3290 1450 κεκλεισμένων
3345 1376 3560 1448 ἰσχυρῶς
3600 1380 3720 1431 στᾶσα

2222 1477 2473 1547 διελέχθη
2524 1474 2694 1545 αὐτῷ.
2733 1475 2822 1536 Ὠς
2853 1471 2912 1524 δὲ
2942 1467 3281 1538 καταμαθὼν
3314 1466 3400 1519 τὸν
3431 1466 3715 1534 τόπονάπήγι

2225 1569 2374 1639 γειλε
2407 1568 2670 1638 Καίσαρι,
2706 1566 2908 1628 Γάλλος
2939 1563 3040 1633 μὲν
3075 1558 3335 1630 ἐπέμφθη
3382 1557 3507 1628 αὐτῇ
3537 1557 3720 1621 ἐντευξόο

2233 1679 2415 1733 μενος,
2447 1661 2505 1724 ὃς
2543 1660 2786 1728 ἐμήκυνε
2835 1656 2974 1726 πρὸς
3010 1656 3135 1716 ταῖς
3167 1653 3358 1720 θύραις
3379 1651 3462 1703 τὸν
3488 1649 3618 1717 λόγον
3637 1651 3720 1702 ἐπί-

2161 1727 2202 1782 Β
2231 1727 2411 1824 τηδες,
2448 1727 2750 1821 Προκλήϊος
2799 1747 2856 1800 δὲ
2919 1746 3155 1815 κλίμακι
3205 1741 3295 1796 διὰ
3347 1741 3543 1813 θυρίδος
3565 1741 3721 1808 εἰσῆλθε

2231 1843 2411 1898 λαθὼν
2439 1842 2576 1912 μετὰ
2604 1841 2714 1894 δύω
2747 1837 3060 1909 ὑπηρετῶν.
3119 1837 3234 1904 Τῆς
3285 1834 3339 1888 δὲ
3372 1834 3492 1903 μιᾶς
3517 1833 3607 1884 τῶν
3628 1833 3722 1902 αὐτῇ

2237 1929 2757 2001 συγκαθειργμένων
2787 1926 3066 1996 γυναικῶν
3087 1922 3512 1992 ἀνακραγούσης,
3536 1921 3723 1976 Τὰλαινο

2233 2023 2605 2091 Κλεοπάτρα,
2641 2019 2850 2090 (an-pii,
2907 2017 3144 2088 ὥρμησε
3188 2018 3287 2086 μὲν
3343 2017 3522 2083 ἑαυτὴν
3550 2013 3723 2076 πατάξαι

2233 2119 2252 2188 (
2273 2116 2593 2186 παρέζωστο
2617 2115 2725 2184 γάρ
2748 2131 2801 2166 τι
2826 2111 3093 2181 ξιφίδιον)
3133 2107 3488 2177 προσδραμὼν
3509 2107 3555 2159 δὲ
3579 2107 3680 2175 αὐτῇ
3707 2108 3724 2158 ὁ

2233 2211 2558 2280 Προκλήϊος,
2576 2206 2834 2273 συνέσχεν
2858 2204 3048 2274 αὐτὴν,
3071 2203 3170 2255 καί¹
3196 2199 3437 2268 ἀφείλετο
3455 2197 3508 2251 τὸ
3539 2197 3722 2262 ξιφίδιον,

2234 2306 2322 2358 καὶ
2363 2304 2436 2373 μή
2471 2319 2522 2354 τι
2553 2298 2772 2371 κρύπτῃ
2799 2298 3092 2367 φάρμακον
3139 2293 3505 2364 έξηρεύνησεν.
3537 2289 3726 2358 Ἐδεμψε

2235 2397 2290 2450 δὲ
2354 2396 2570 2462 Καῖσαρ
2635 2389 3033 2461 Ἐπαφρόδιτον
3108 2385 3485 2454 ἀπελεύθερον,
3511 2381 3725 2440 -κελεύσας

2237 2487 2421 2550 ζῶσαν
2455 2485 2642 2553 τηρεῖν
2669 2482 2807 2534 πάνυ
2834 2477 3099 2547 ὲπιμελού
3111 2493 3296 2546 μενον,
3323 2475 3471 2535 αὐτὸς
3495 2471 3543 2524 δὲ
3569 2472 3724 2536 Καῖσαρ

2236 2577 2526 2648 εἰσήλασεν
2557 2575 2636 2636 εἰς
2657 2572 2758 2641 τὴν
2786 2571 2960 2624 πόλιν.
2999 2570 3112 2624 Καὶ
3134 2571 3164 2622 6
3203 2567 3478 2629 Ἀντώνιος
3505 2566 3628 2633 παρὰ
3655 2565 3725 2629 τῆς

2237 2667 2597 2737 Κλεοπάτρας
2631 2665 2809 2731 ἐτάφη
2859 2660 3178 2725 πολυτελῶς
3231 2660 3327 2713 καί
3358 2656 3624 2728 βασιλικῶς.
3651 2655 3725 2706 Πυ-

2241 2759 2414 2832 ρετῶν
2437 2759 2492 2812 δὲ
2524 2759 2664 2826 αὐτῇ
2689 2755 3002 2826 γενομένων
3039 2755 3058 2824 (
3083 2752 3394 2823 ἐφλέγμηνε
3412 2752 3508 2822 γὰρ
3534 2749 3666 2816 αὐτῆς
3680 2745 3723 2798 τὰ

2241 2851 2438 2922 στέρνα
2471 2848 2568 2903 καὶ
2615 2845 2860 2918 ἦλκωτο)
2886 2845 3097 2915 τροφῆς
3144 2843 3419 2913 ἀπείχετο,
3450 2841 3515 2903 ὡς
3542 2837 3724 2891 ἐντεῦθεν

2239 2941 2584 3014 λυθησομένη
2617 2938 2711 2992 τοῦ
2751 2937 2873 3009 ζῇν.
2912 2938 2977 2989 Ὃ
2999 2936 3313 3005 ὑπονοήσας
3345 2933 3371 2986 ὁ
3403 2933 3590 2999 Καίσαρ
3611 2929 3721 2980 inst-

565 3042 923 3112 expugnavit,
956 3016 1032 3097 'ut
1076 3043 1260 3097 cibum
1305 3053 1362 3096 et
1409 3041 1753 3096 curationem
1797 3036 2136 3100 admitteret,

2218 3029 2340 3094 ,M;
2371 3030 2507 3098 αὐτῇ
2531 3027 2628 3081 καὶ
2663 3026 2862 3096 φόϐους
2894 3025 3025 3096 περ)⁵
3057 3025 3174 3076 τῶν
3204 3023 3404 3076 τέκνων
3444 3016 3720 3090 προσέϐαλεν,

568 3108 824 3200 are-patulo
856 3141 978 3202 post
1003 3134 1118 3202 ipse
1150 3133 1216 3186 ad
1251 3149 1371 3186 eam
1411 3130 1795 3201 alloquendam
1824 3129 1997 3184 venit.
2040 3127 2136 3181 Illa

2240 3117 2322 3185 οἷς
2370 3121 2552 3191 ἑκείνη
2609 3117 2866 3188 καθάπερ
2917 3118 3315 3188 μηχανήμασιν
3336 3108 3723 3202 ὑπερείπετο,καί

570 3239 701 3277 vero
741 3225 795 3277 in
838 3225 991 3278 tenui
1042 3225 1287 3292 stragulo
1320 3225 1494 3278 instar
1526 3222 1870 3293 paupercula:
1913 3220 2139 3275 decum-

569 3314 730 3377 bens,
763 3315 967 3370 exsiliit
990 3333 1003 3368 :
1024 3325 1080 3370 et
1111 3330 1234 3369 cum
1258 3315 1325 3369 ad
1349 3317 1467 3385 ejus
1489 3330 1667 3386 genua
1702 3313 2014 3383 provoluta,
2047 3326 2139 3365 re-

572 3405 833 3459 cumbere
869 3405 1023 3474 jussa
1065 3413 1232 3468 esset,
1275 3420 1398 3460 eum
1432 3420 1566 3459 voce
1605 3403 1839 3458 tremula
1881 3409 1937 3456 et
1966 3401 2142 3456 oculis

574 3494 704 3548 fletu
751 3496 1018 3550 confectis
1073 3496 1408 3550 assidentem
1457 3495 1688 3564 perinde
1731 3494 1929 3558 oravit,
1981 3506 2045 3546 ac
2095 3491 2141 3544 si

573 3588 701 3643 vita:
735 3588 1089 3656 cupidissima
1119 3596 1285 3652 esset,
1328 3598 1606 3657 postremo
1653 3586 1902 3656 pecuniae
1934 3584 2145 3643 descri-

575 3681 817 3748 ptionem
848 3680 900 3734 ei
931 3679 1155 3735 obtulit.
1193 3678 1380 3734 Caesar
1408 3694 1528 3733 eam
1555 3679 1680 3732 vitae
1721 3679 1976 3745 cupidam
2021 3695 2142 3736 esse

576 3780 747 3833 ratus,
781 3773 1001 3841 gavisus
1027 3779 1113 3826 est
1142 3787 1243 3827 :ao
1285 3786 1343 3825 se
1370 3771 1520 3826 omni
1567 3787 1663 3841 spe
1701 3771 1850 3824 illam
1901 3772 2144 3841 splendi-

575 3863 701 3917 dius
726 3871 1087 3917 tractaturum
1121 3861 1432 3931 pollicendo
1461 3863 1747 3932 decepisse
1776 3867 1994 3931 putans,
2027 3866 2144 3934 ipse

579 3957 750 4025 magis
797 3967 882 4010 est
933 3956 1216 4026 deceptus.
1263 3954 1403 4011 Cum
1455 3957 1601 4011 enim
1657 3957 1748 4011 illa
1800 3959 2146 4027 cognovisset

576 4062 704 4100 cum
752 4055 899 4101 terra
950 4063 1049 4116 per
1095 4047 1308 4118 Syriam
1339 4049 1567 4111 iturum,
1618 4048 1788 4117 ipsam
1835 4063 1968 4102 vero
2023 4056 2147 4117 post

580 4136 823 4190 triduum
872 4137 1102 4191 Romam
1143 4138 1440 4192 missurum
1493 4155 1507 4192 :
1557 4139 1756 4202 oravit,
1802 4147 1863 4193 ut
1907 4137 2146 4192 Antonio

580 4238 872 4298 parentare
903 4231 1118 4285 liceret.
1150 4230 1270 4297 Quo
1302 4231 1591 4300 permisso,
1626 4231 1693 4284 ad
1727 4239 2145 4285 monumentum

579 4320 809 4388 perlata,
855 4336 1052 4391 magno
1096 4321 1246 4375 luctu
1288 4321 1459 4386 edito,
1506 4321 1797 4391 loculoque
1841 4322 2061 4377 coronis
2094 4330 2148 4376 et

2237 3213 2447 3283 τροφήν
2488 3229 2548 3264 τε
2604 3209 2700 3264 καίΙ
2739 3209 3044 3280 θεραπείαν
3077 3207 3363 3279 προσίετο.
3403 3198 3528 3257 Ἦκε
3551 3203 3596 3254 δὲ
3641 3199 3722 3269 μετ’

2237 3303 2417 3372 ὀλίγον
2440 3304 2535 3356 καὶ
2562 3301 2591 3354 6
2618 3303 2835 3373 Καῖσαρ
2853 3301 2988 3370 αὐτῇ
3019 3301 3424 3370 ἐντευξόμενος.
3443 3296 3502 3348 Ἦ
3524 3295 3589 3360 δὲ,
3610 3289 3724 3350 λιτῶς

2239 3397 2298 3449 έν
2326 3394 2535 3449 στιϐάδι
2559 3393 2937 3462 κατακειμένη
2961 3392 3160 3462 ὥσπερ
3189 3391 3491 3462 μονοχίτων,
3515 3383 3722 3454 ἀναπηδή-

2243 3505 2384 3542 σασα
2440 3488 2776 3558 προσπίπτει
2832 3485 3017 3556 αύτῷ,-
3056 3485 3456 3556 ὑπότρομοςτῇ
3506 3475 3723 3548 φωνῇ,καί

2243 3582 2604 3650 συντετηκυῖα
2629 3582 2753 3642 ταῖς
2783 3578 2961 3648 ὄψεσι.
2994 3577 3369 3639 Κελεύσαντος
3392 3575 3442 3628 δὲ
3469 3571 3550 3626 τοῦ
3575 3569 3721 3623 Καίσι-

2244 3688 2338 3743 ρος
2361 3671 2721 3748 ἀνακλιθῆναι
2755 3671 2853 3724 καὶ
2876 3668 3044 3722 αὐτοῦ
3069 3667 3587 3740 παρακαθισαμένον,
3606 3661 3723 3714 ἐδεῖτο

2241 3761 2407 3814 αὐτοῦ
2437 3761 2514 3825 ὡς
2569 3761 2808 3828 μάλιστα
2865 3759 2960 3814 τοῦ
2988 3757 3089 3830 ζῇν
3143 3758 3516 3828 περιεχομένην
3559 3747 3722 3810 τέλοςίί

2240 3853 2348 3906 τῶν
2376 3853 2676 3923 χρημάτων
2713 3851 3039 3921 ἀναγραφὴν
3069 3851 3225 3922 αύτῷ
3279 3849 3590 3919 ἕνεχείρισεν.
3623 3843 3665 3894 '0
3684 3837 3722 3891 ιι

2244 3943 2559 4012 φιλοψυχεῖν
2590 3943 2762 4012 αὐτὴν
2789 3941 3036 4006 οἰόμενος
3064 3940 3250 4010 ἥδετο,
3284 3940 3373 3991 καί
3397 3934 3546 3989 εἰπὼν
3568 3933 3630 3984 ὅτι
3655 3925 3723 3978 πά·

2246 4053 2347 4105 σης
2377 4033 2590 4095 ἐλπίδος
2615 4033 2752 4104 αὐτῇ
2779 4031 3167 4101 λαμπρότερον
3198 4029 3472 4101 χρήσεται,
3513 4015 3720 4094 qnam!!-

2244 4148 2332 4183 ναι
2383 4130 2482 4199 μὲν
2523 4129 2693 4199 αὐτὴν
2747 4129 2914 4200 ᾤετο·
2954 4125 3158 4196 μᾶλλον
3204 4127 3250 4179 δ’
3293 4126 3444 4186 αὐτὸς
3473 4117 3720 4187 ὲξηπάτητοι

2244 4221 2506 4277 Μαθοῦσα
2540 4223 2649 4292 γάρ
2679 4222 2753 4284 ὡς
2801 4223 2830 4274 ὁ
2861 4223 3080 4292 Καῖσαρ
3121 4222 3221 4292 μὲν
3277 4217 3410 4287 πεζῇ
3465 4213 3539 4266 διὰ
3581 4203 3722 4273 Συρίας

2247 4316 2484 4383 ἔγνωκεν
2543 4317 2787 4379 ἀπιέναι,
2842 4314 3013 4383 αὐτὴν
3046 4313 3090 4366 δ’
3122 4315 3180 4376 ἐς
3209 4310 3305 4380 τὴν
3345 4306 3538 4374 Ῥώμην
3575 4295 3722 4351 στέλλει

582 4413 796 4469 inferiis
849 4426 1064 4481 ornato,
1128 4416 1385 4471 balneum
1432 4417 1536 4471 sibi
1570 4419 1748 4486 parari
1777 4418 1957 4505 iussit.
2005 4419 2140 4471 Dum

2218 4409 2226 4449 ι
2259 4407 2393 4476 μετὰ
2419 4404 2610 4475 τρίτην
2637 4405 2871 4474 ἡμέραν,
2901 4401 3100 4474 ἐδεήθη
3127 4397 3561 4505 Καίσαροςιὸπωὶ
3582 4385 3721 4505 ἐνίγῖἓ

578 4507 692 4561 iota
722 4507 1018 4571 accumbit,
1063 4509 1463 4578 Splendideque
1497 4508 1729 4578 prandet
1764 4527 1778 4563 :
1816 4508 2038 4578 quidam
2079 4523 2146 4562 ex

579 4611 714 4663 agro
760 4613 856 4650 vas
907 4599 1130 4668 plenum
1181 4597 1394 4654 ﬁcubus
1439 4608 1696 4668 portans,
1744 4615 1773 4653 a
1822 4598 2147 4654 custodibus

581 4689 713 4757 quid
745 4689 913 4743 ferret
939 4700 1181 4758 rogatus,
1226 4692 1464 4746 ostensis
1488 4691 1703 4746 ﬂcubus
1734 4689 2148 4760 ingredijussus

531 4816 542 4827 .
587 4788 686 4833 est.
733 4778 867 4833 Post
910 4779 1201 4848 prandium
1253 4778 1544 4851 Cle0patra
1589 4781 1802 4834 litteras
1835 4779 2149 4848 obsignatas

588 4869 784 4925 Cmsari
819 4871 989 4935 misit,
1016 4871 1217 4941 quibus
1241 4872 1436 4927 orabat
1483 4882 1541 4927 ut
1565 4889 1689 4927 cum
1717 4872 1956 4924 Antonio
1987 4885 2146 4939 sepe-

583 4960 800 5017 liretur.
834 4959 990 5015 Unde
1021 4963 1113 5016 ille
1145 4963 1328 5017 statim
1363 4963 1634 5018 intellexit
1688 4961 1820 5031 quid
1849 4970 2031 5016 actum
2057 4976 2147 5015 cs-

585 5062 689 5117 sct,
713 5068 778 5107 ac
808 5068 921 5106 rem
957 5054 1234 5123 explorari
1264 5056 1448 5126 jussit.
1481 5056 1587 5122 Qui
1626 5055 1779 5111 missi
1811 5064 1990 5118 erant,
2023 5069 2146 5109 cum

587 5159 822 5212 propere
849 5146 1241 5210 accurrissent,
1273 5156 1543 5201 mortuam
1583 5161 1704 5200 eam
1736 5148 1788 5199 in
1821 5159 1989 5200 aureo
2009 5145 2151 5199 lecto

587 5235 844 5304 regaliter
881 5246 1127 5292 ornatam
1171 5239 1532 5302 invenerunt,
1582 5238 1754 5291 altera
1795 5239 1919 5305 ejus
1951 5236 2152 5291 ancilla

585 5327 742 5382 lrade
781 5328 849 5382 ad
881 5328 1049 5396 pedes
1074 5329 1222 5384 illius
1251 5329 1586 5399 exspirante,
1621 5330 1788 5384 altera
1814 5329 2152 5384 Charmonio

584 5435 649 5472 cx
681 5419 974 5490 gravedine
1014 5419 1212 5490 capitis
1241 5420 1355 5490 jam
1400 5419 1749 5483 labescente,
1799 5429 1856 5475 et
1901 5420 2152 5474 diadema

585 5510 892 5581 Cleopatra:
929 5523 1254 5568 exornante.
1303 5513 1402 5569 Cui
1452 5528 1576 5568 cum
1605 5511 1829 5581 quidam
1871 5510 2149 5567 dixisset:

594 5599 821 5656 Pulchra
857 5617 976 5656 vero
1018 5603 1122 5657 ista
1163 5610 1307 5669 sunt,
1357 5602 1516 5673 530
1549 5601 1972 5658 Chormom’um?
2019 5601 2150 5655 illa:

595 5689 984 5763 Pulcherrima,
1013 5694 1211 5766 inquit,
1240 5705 1288 5749 ει
1325 5695 1514 5752 decora
1541 5704 1616 5750 tot
1653 5694 1862 5766 regibus
1891 5693 2150 5748 oriunda’.

2248 4497 2327 4568 τῷ
2355 4496 2626 4566 Ἀντωνίῳ
2646 4496 2796 4565 χοάς.
2827 4494 2937 4548 Καὶ
2958 4492 3377 4563 ἐπιτρέψαντος,
3407 4485 3490 4537 ἐπὶ
3515 4483 3588 4532 τὸν
3605 4476 3723 4568 raw

2251 4564 2572 4660 κομισθεῖσα
2599 4564 2796 4640 πολλὰ
2849 4584 3195 4656 ὠλοφύρατο,
3253 4577 3369 4634 εἶτα
3419 4575 3618 4642 “iii/“3‘
3661 4564 3722 4660 ’ξι

2251 4652 2723 4750 κατασπασαμένη
2763 4678 2864 4747 τὴν
2896 4652 3078 4747 σορὸν,
3105 4675 3392 4728 ἐκέλευσεν
3418 4669 3538 4732 αὐτῇ
3561 4652 3721 4722 λουτρῦν

2249 4754 2524 4840 γενέσθαι.
2560 4768 2889 4838 Λουσαμένη
2917 4767 2974 4820 δὲ
3003 4767 3100 4820 καί
3128 4761 3534 4836 κατακλιθεῖσα,
3563 4752 3720 4840 ἄριῗξον

2249 4836 2450 4936 Ιᾗρίσια
2495 4836 2770 4932 λαμπρόν.
2835 4836 2945 4915 καί
2975 4877 3058 4922 τις
3083 4855 3216 4931 ἧκεν
3242 4853 3335 4908 ἀπ’
3368 4847 3520 4918 ἀγροῦ
3548 4836 3720 4936 κομίξων

2250 4927 2471 5026 im...
2495 4927 2677 5008 σύᾷςων
2707 4953 2925 5022 μεστόν.
2985 4927 3115 5004 τῶν
3151 4950 3206 5001 δὲ
3261 4943 3499 5016 φυλάκων
3523 4934 3566 4988 τί
3609 4927 3716 5026 etp?

2250 5012 2673 5119 ἀνάκρινόντων,
2707 5012 2952 5107 ’ἐκεῖνος
2996 5044 3067 5096 τὰ
3121 5012 3284 5096 σῦκα⁷
3319 5028 3585 5092 ὑπέδειξεν
3627 5012 3716 5119 νῐδξ

2252 5108 2492 5208 εἰσάγειν
2516 5108 2788 5191 ἐκέλευον.
2813 5136 2966 5190 Μετὰ
2990 5134 3048 5188 δὲ
3076 5136 3135 5187 τὸ
3161 5133 3379 5201 ἄριστον
3408 5127 3438 5193 ἡ
3475 5108 3718 5208 Mf“???

2250 5192 2432 5284 δέλτον
2460 5224 3035 5296 κατασεσημασμένην
3063 5221 3140 5292 τῷ
3163 5192 3392 5286 ἰξαίσαρι
3421 5192 3610 5264 ἔστειλε.
3627 5192 3719 5294 lia}-

2255 5339 2362 5394 σαρ
2385 5319 2465 5387 δὲ,
2497 5320 2574 5383 ὡς
2607 5321 2831 5388 ἐνέτυχε
2855 5317 3030 5379 λιταῖς
3059 5312 3312 5384 δεομένης
3343 5303 3495 5370 αὐτῆς
3519 5299 3718 5394 sumsit:

2252 5373 2351 5468 ναί
2367 5373 2934 5482 τῷδΑντωνιῳίὶαχὺ
2962 5373 3162 5478 συνῆκέ
3186 5403 3247 5456 τὺ
3280 5373 3717 5482 πεπρσιγμέντινχἀἱ

2253 5504 2392 5558 κατά
2409 5469 2572 5574 λάχος
2591 5469 2730 5566 τοὺς.
2750 5469 3120 5572 σκειίνομένους
3138 5495 3196 5550 τὺ
3216 5492 3491 5564 γενόμενον
3517 5469 3715 5574 IIS-Wire

2255 5597 2319 5652 Οἳ
2341 5559 2526 5668 8ρόμῦ
2555 5559 2960 5656 καταλαϐόντες
3015 5559 3170 5663 εὖρον
3195 5559 3362 5654 αὐτὴν
3384 5559 3717 5668 seei/ntulisti"

2254 5655 2616 5763 χρυᾶῇᾶλίνῃ
2647 5655 3395 5759 κεκοσμημένηννβασιλικῶς.
3423 5668 3527 5725 Τῶν
3545 5661 3588 5716 δὲ
3604 5655 3713 5721 θερασ
