3976 6204
286 285 392 350 891

1545 286 1953 351 ANNALIUM
1991 288 2064 350 LI
2073 288 2140 349 B.
2180 288 2254 348 Χ.

3445 293 3550 352 82⁸8

284 398 504 456 παινῶν
535 399 570 470 ἢ
604 399 705 470 μὲν
728 395 898 469 Εἰρὰς
931 396 1072 470 πρὸς
1105 400 1219 464 τοῖς
1240 401 1402 456 ποσὶν
1433 403 1805 476 ἀπέθνησκεν,
1839 406 1873 476 ἡ

1985 402 2072 458 His
2094 401 2283 469 dictis,
2317 409 2372 457 et
2403 401 2520 472 ipsa
2544 400 2701 473 juxta
2736 401 2946 458 lectum
2979 401 3252 458 exanimis
3280 405 3547 462 concidit.

282 496 342 549 δὲ
380 492 694 562 Χαρμόνιον
745 489 848 562 ἤδη
911 492 1312 564 καρηϐαροῦσα
1367 497 1462 550 καὶ
1521 497 1873 569 σφαλλομένη

284 582 626 650 κατεκόσμει
653 581 715 635 τὸ
749 581 881 650 περὶ
926 583 1173 652 κεφαλὴν
1207 585 1422 656 ἐκείνης
1453 587 1715 658 διάδημα.
1779 588 1874 640 El-

291 675 486 737 πόντος
514 673 571 726 δέ
607 690 773 736 τινος.
800 673 970 728 Καλὰ
1004 674 1213 740 ταῦτα,
1243 675 1580 746 Χαίρμόνιον·
1606 697 1626 744 ;
1657 679 1877 734 liti/Mt-

283 781 408 818 στα
453 764 572 840 μὲν
619 760 756 827 οὖν,
815 764 944 836 ἔφη,
991 767 1086 820 καὶ
1126 767 1435 835 πρέποντα
1459 769 1532 838 τῇ
1567 772 1876 825 τοσούτων

283 857 572 925 ἀπογόνῳ
596 853 936 919 βασιλέων.
966 857 1077 909 Καὶ
1104 859 1278 912 ταῦτα
1310 860 1542 914 εἰποῦσα
1589 862 1744 930 παρά
1775 861 1875 930 τὴν

284 950 482 1017 κλίνην
514 947 677 1000 ἔπεσε
709 947 802 999 καὶ
831 948 994 1019 αὐτή.
1024 950 1255 1017 Λέγεται
1290 951 1347 1003 δὲ
1380 953 1606 1016 ἀσπίδος
1634 954 1874 1024 δήγματι

287 1043 476 1095 θανεῖν
515 1039 876 1111 κομισθείσης
903 1043 1047 1110 μετὰ
1070 1041 1177 1093 τῶν
1208 1041 1410 1097 σύκων.
1455 1045 1518 1097 Ol
1549 1045 1592 1098 δ’
1626 1048 1683 1098 ἐν
1715 1046 1875 1118 ὑδρίᾳ

284 1134 583 1205 τηρεῖσθαι
613 1135 712 1202 τὴν
744 1133 946 1186 ἀσπίδα
975 1133 1162 1204 φασὶν,
1191 1134 1445 1210 ἠλακάτῃ
1468 1137 1523 1190 δὲ
1568 1141 1741 1209 χρυσῇ
1775 1142 1874 1211 τῆς

287 1226 656 1293 Κλεοπάτρας
684 1225 1100 1296 ἐκκαλουμένης
1137 1228 1312 1297 αὐτὴν
1356 1229 1452 1281 καὶ
1485 1230 1874 1300 ἀγριαινούσης

284 1320 620 1389 ὁρμήσασαν
652 1317 894 1388 ἐμφῦναι
930 1318 1100 1388 αὐτῆς
1133 1319 1211 1389 τῷ
1241 1320 1508 1391 βραχίονι.
1552 1324 1787 1391 Λέγεται
1817 1323 1872 1377 δὲ

288 1413 390 1463 καὶ
417 1410 713 1480 φάρμακον
767 1411 940 1478 αὐτὴν
990 1410 1137 1480 ἐχειν
1189 1411 1248 1464 ἐν
1289 1414 1536 1482 κνήστιδι
1569 1415 1745 1485 κοίλῃ,
1780 1415 1874 1468 καὶ

287 1501 393 1570 τὴν
421 1500 684 1571 κνήστιδα
714 1500 980 1570 κρύπτειν
1003 1503 1068 1570 τῇ
1102 1501 1268 1571 κόμῃ.
1309 1501 1365 1553 Ὀ
1391 1502 1448 1556 δέ
1493 1503 1630 1555 Δίων
1652 1503 1874 1574 βελόνην

288 1592 468 1661 αὐτὴν
495 1586 636 1643 εἷναί
669 1608 858 1660 φησιν,
953 1592 1050 1655 τὰς
1080 1593 1272 1662 τρίχας
1298 1594 1532 1664 ἀνεῖρεν,
1564 1595 1629 1664 ἰῷ
1651 1613 1716 1648 πε
1729 1613 1874 1666 ρικε-

288 1682 626 1753 χρισμένην,
679 1681 911 1751 δύναμιν
939 1681 1138 1752 ἔχοντι,
1170 1683 1236 1735 ἂν
1286 1683 1517 1753 αῖματος
1545 1685 1774 1755 ἅψηται,
1798 1687 1874 1749 ὡς

1975 495 2172 550 Fertur
2215 504 2400 549 autem
2443 493 2736 564 CleOpatra
2778 509 2964 550 morsu
3017 495 3226 564 aspidis
3276 499 3552 566 serpentia

1975 586 2242 656 periisse,
2278 601 2386 639 una
2437 601 2561 640 cum
2607 585 2822 642 licubus
2867 587 3076 641 allata:
3110 587 3204 641 alii
3256 589 3308 641 in
3359 588 3552 659 hydria

1973 683 2306 731 asservatam
2337 676 2565 730 tradunt
2601 677 2874 748 aspidem,
2903 687 2960 732 et
2987 678 3110 732 colu
3137 693 3304 732 aurea
3330 677 3554 733 lacessi-

1974 777 2085 822 tam
2118 778 2174 821 et
2231 767 2503 822 irritatam
2569 769 2689 839 ejus
2736 769 3023 824 brachium
3075 771 3356 825 mordicus
3410 773 3550 826 arri-

1973 856 2182 926 puisse.
2229 856 2442 911 Dicitur
2481 867 2538 912 et
2581 873 2854 912 venenum
2912 861 2967 912 in
3005 860 3228 916 cultello
3273 873 3410 916 cavo
3456 861 3552 915 ha-

1975 947 2184 1012 buisse,
2217 963 2380 1017 quem
2413 950 2613 1018 capillo
2646 951 3028 1006 occultaverit.
3068 953 3208 1006 Dion
3247 962 3432 1007 autem
3464 970 3547 1006 rc-

1972 1038 2079 1094 fert
2125 1054 2284 1094 acum
2337 1056 2442 1110 qua
2490 1041 2748 1112 capillum
2801 1043 3264 1109 discriminaret,
3338 1059 3550 1098 veneno

1975 1128 2256 1184 inunctam
2285 1129 2494 1186 fuisse:
2523 1135 2680 1202 cujus
2712 1134 2908 1187 veneni
2934 1149 3000 1188 ea
3024 1136 3108 1189 vis
3135 1143 3304 1199 esset,
3339 1142 3398 1188 ut
3423 1150 3548 1192 cum

1975 1223 2298 1293 sanguinem
2343 1224 2650 1294 attigisset,
2705 1226 2996 1281 celerrime
3042 1236 3097 1281 et
3151 1227 3378 1281 minima
3422 1242 3547 1281 cum

1976 1313 2227 1368 molestia
2259 1314 2485 1368 exitium
2513 1316 2756 1371 aﬂerret.
2783 1318 3074 1387 Utcunque
3097 1317 3187 1381 sit,
3215 1317 3305 1372 illa
3328 1319 3494 1386 periit
3531 1335 3546 1372 :

1973 1406 2180 1461 veritas
2220 1406 2525 1476 ignoratur,
2571 1409 2678 1462 nisi
2714 1411 2859 1479 quod
2898 1411 2952 1465 in
3003 1412 3124 1481 ejus
3171 1409 3398 1464 brachio
3426 1411 3550 1466 duae

1975 1497 2185 1551 vibices
2214 1506 2408 1552 tenues
2441 1508 2496 1552 et
2535 1499 2782 1555 obscurae
2808 1510 3200 1572 apparuerunt,
3236 1503 3290 1556 in
3314 1517 3548 1572 corpore

1975 1587 2126 1640 nulla
2187 1588 2385 1641 veneni
2445 1587 2647 1642 indicia
2700 1600 2827 1644 sunt
2884 1590 3262 1644 animadversa
3307 1607 3322 1643 :
3369 1605 3548 1658 neque

1977 1691 2206 1746 serpens
2238 1676 2352 1746 ipse
2388 1689 2641 1748 repertus
2673 1689 2782 1745 est,
2811 1682 2914 1735 nisi
2945 1681 3089 1750 quod
3121 1681 3374 1735 nonnulli
3401 1681 3551 1734 dixe-

288 1777 528 1847 τάχιστα
553 1776 649 1829 καὶ
676 1775 997 1828 ἀλυπότατα
1031 1775 1300 1846 φθείρειν.
1376 1779 1443 1830 Ἦ
1480 1779 1577 1848 μὲν
1603 1776 1697 1832 οὖν
1720 1779 1874 1832 ἀπώ-

1985 1776 2126 1832 runt,
2165 1783 2222 1822 se
2265 1777 2473 1824 tractus
2520 1771 2668 1826 illius
2697 1773 2966 1842 quosdam
3014 1773 3167 1843 juxta
3216 1787 3389 1836 mare,
3439 1787 3550 1839 quo

287 1867 452 1920 λετο’
516 1866 580 1918 τὸ
637 1866 682 1918 δ’
731 1865 932 1936 ἀληθὲς
986 1867 1087 1919 οὐκ
1116 1867 1390 1938 ἐγνώσθη,
1439 1869 1586 1940 ἥότι
1621 1872 1750 1939 περ)⁵
1782 1873 1874 1923 τὸν

287 1961 511 2029 ἐκείνης
543 1958 801 2030 βραχίονα
829 1959 923 2012 δύο
950 1960 1160 2030 νυγμαὶ
1186 1959 1453 2031 ὤφθησαν
1484 1962 1681 2016 λεπταί
1701 1981 1758 2016 τε
1782 1963 1876 2016 καὶ

286 2051 560 2123 ἀμυδραὶ,
591 2051 714 2104 ούδέ
740 2050 796 2103 δέ
815 2051 1112 2122 φαρμάκου
1142 2069 1193 2104 τι
1219 2057 1447 2121 σημεῖον
1468 2053 1599 2124 περὶ
1628 2055 1688 2107 τὸ
1714 2055 1876 2125 σῶμα

287 2143 512 2212 ἐκείνης
571 2142 889 2214 ἐξήνθησεν,
943 2141 1069 2196 οὔτε
1109 2143 1171 2196 τὸ
1201 2143 1390 2214 θηρίον
1451 2145 1672 2217 εὑρέθη,
1723 2148 1772 2200 εἰ
1800 2149 1873 2219 μή

287 2255 451 2300 τινας
490 2238 732 2307 συρμοὺς
755 2235 923 2290 αὖτοῦ
950 2237 1102 2307 παρὰ
1129 2237 1431 2302 θάλασσαν,
1514 2239 1573 2292 τὸ
1602 2241 1876 2310 δωμάτιον

290 2328 528 2398 ἀφεώρα
559 2335 654 2382 καὶ
691 2327 906 2398 θυρίδες
940 2323 1111 2398 ἦσαν,
1158 2329 1284 2382 ἰδεῖν
1315 2330 1575 2398 ἔφασκον.
1609 2332 1876 2386 Εῖκασται

290 2421 354 2474 δὲ
377 2421 438 2486 ἐξ
458 2420 682 2478 ἀσπίδος
708 2419 876 2490 αὐτὴν
900 2420 1108 2484 θανεῖν,
1138 2421 1218 2474 ὅτι
1250 2422 1424 2477 πολὶὰ
1458 2424 1649 2494 πρώην
1678 2426 1876 2495 συνῆγε

292 2510 579 2580 θανάσιμα
614 2511 913 2581 φάρμακα.
945 2512 1038 2564 καὶ
1073 2511 1248 2564 ταῦτα
1287 2516 1401 2575 τοῖς
1453 2514 1876 2585 κατεψηφισμέ-

291 2614 412 2663 νοις
443 2597 674 2675 θάνατον
703 2598 1043 2670 προῦϐαλλεο
1075 2602 1171 2654 καὶ
1205 2601 1274 2654 τὰ
1313 2602 1411 2670 μὲν
1443 2602 1708 2675 ὠκύμορα
1741 2621 1876 2658 κατ-

296 2671 634 2759 ελάμϐανεν,
690 2688 948 2759 ὀδυνηρὸν
993 2690 1037 2744 δ’
1103 2693 1379 2758 ἐπάγοντα
1429 2671 1684 2758 θάνατον,
1730 2698 1799 2748 τὰ
1819 2695 1878 2747 δέ

294 2783 583 2851 πραότερα
641 2780 764 2850 μὶν,
817 2781 906 2835 διὰ
953 2783 1144 2852 χρόνον
1197 2783 1253 2834 δέ
1288 2800 1352 2851 γε
1391 2786 1877 2856 κατεργαζόμενα·

297 2873 467 2944 μόνον
491 2873 536 2926 δ’
556 2873 778 2944 εὕρισκε
804 2874 860 2926 τὸ
884 2875 1070 2944 δῆγμα
1098 2875 1195 2944 τῆς
1220 2875 1444 2938 ἀσπίδος
1467 2877 1596 2930 ἄνευ
1623 2876 1878 2947 σπασμοῦ

295 2967 473 3037 κάρον
507 2965 728 3036 ὑπνώδη
754 2967 1120 3036 ἐφελκόμενον
1151 2967 1338 3037 ἱδρῶτι
1373 2967 1621 3038 μαλακῷ,
1647 2969 1743 3022 καὶ
1770 2969 1880 3022 τῶν

297 3056 678 3128 αἰσθητηρίων
706 3055 1034 3126 ἁμαυρώτει
1072 3056 1272 3126 ῥᾳδίως
1304 3058 1880 3128 ἀπονεκροῦν.Ἀκού-

1977 1863 2242 1917 conclave
2310 1861 2667 1930 aspectabat,
2725 1873 2781 1917 et
2835 1863 3094 1919 fenestrae
3151 1869 3348 1928 erant,
3413 1879 3548 1920 con-

1977 1957 2242 2026 spexisse.
2279 1956 2550 2012 Caeterum
2596 1957 2914 2026 conjectura
2965 1958 3090 2023 fuit,
3145 1977 3266 2016 eam
3339 1964 3549 2034 aspidis

1978 2063 2166 2103 morsu
2198 2049 2451 2118 periisse,
2477 2048 2623 2118 quod
2653 2049 2823 2103 multa
2847 2051 3074 2107 lethalia
3097 2068 3306 2108 venena
3331 2056 3548 2125 pridem

1977 2140 2320 2210 collegerat,
2375 2155 2552 2210 eaque
2600 2140 2874 2196 damnatis
2919 2143 3116 2212 capitis
3167 2149 3548 2216 preponebat,

1977 2245 2214 2299 quorum
2241 2231 2349 2285 alia
2386 2239 2618 2285 mortem
2650 2233 2887 2286 celerem
2917 2247 3042 2287 cum
3073 2249 3274 2304 magno
3299 2237 3548 2292 cruciatu

1981 2321 2282 2388 afferrent,
2339 2321 2447 2376 alia
2499 2323 2717 2378 mitiora
2757 2325 3078 2383 tardiorem.
3134 2326 3321 2382 Solum
3369 2338 3550 2384 autem

1980 2428 2224 2468 morsum
2254 2412 2461 2482 aspidis
2487 2413 2830 2480 observarat,
2859 2425 3150 2471 veternum
3181 2419 3550 2487 soporiferum

1981 2520 2107 2560 cum
2142 2504 2290 2559 molli
2324 2504 2526 2561 sudore
2555 2507 2696 2561 citra
2731 2508 3150 2564 convulsionem
3186 2509 3469 2574 inducere,
3495 2523 3552 2567 et

1981 2595 2241 2651 sensibus
2275 2595 2550 2651 hebetatis
2580 2596 2778 2651 leviter
2805 2597 3176 2667 exstinguere.
3211 2599 3394 2654 Casar
3431 2603 3553 2672 ejus

1983 2685 2211 2740 interitu
2244 2685 2436 2740 audito
2469 2687 2774 2755 obstupuit,
2807 2697 2864 2743 et
2903 2688 3158 2742 cadaveri
3211 2691 3454 2745 remedia
3496 2702 3553 2747 et

1980 2775 2186 2844 psyllos
2217 2775 2488 2831 adhibuit.
2517 2777 2681 2846 Psylli
2709 2786 2892 2832 autem
2918 2779 3024 2832 viri
3049 2786 3179 2834 sunt
3205 2781 3376 2850 (nulla
3399 2784 3547 2836 enim

1983 2864 2183 2919 mulier
2213 2880 2278 2920 ea
2323 2865 2378 2919 vi
2423 2865 2650 2934 praedita
2701 2867 2807 2936 est)
2851 2868 2947 2937 qui
2995 2870 3231 2939 quodvis
3276 2886 3550 2927 venenum

1981 2956 2227 3026 cujusvis
2276 2957 2576 3027 serpentis,
2610 2959 2930 3028 priusquam
2981 2961 3029 3014 is
3073 2961 3166 3030 qui
3209 2977 3425 3017 morsus
3456 2973 3552 3018 aut

1989 3050 2305 3104 vulneratus
2337 3059 2442 3116 est,
2473 3051 2759 3117 moriatur,
2795 3054 3130 3124 exsugendo,
3174 3071 3275 3110 nec
3318 3058 3418 3126 ipsi
3453 3059 3548 3112 la:-

299 3167 403 3211 σας
425 3110 482 3200 δέ
501 3110 774 3219 όηίςαῖσαρ
805 3110 904 3220 την
939 3110 1196 3219 τελευτὴν
1225 3110 1419 3218 αὐτῆς,
1449 3110 1877 3219 ἐξεπλάγηνκαὶ

1985 3140 2214 3205 duntur,
2251 3150 2308 3196 et
2329 3144 2560 3197 venenis
2589 3143 2794 3198 infecto
2827 3110 3061 3200 saluvtem
3109 3110 3372 3202 aﬂerunt.
3417 3150 3555 3204 Pro-

296 3241 580 3311 φάρμακα
604 3239 682 3308 τῷ
737 3238 952 3309 σώματι
988 3240 1082 3292 καὶ⁵
1111 3239 1342 3308 ψύλλους
1366 3242 1689 3310 ἐπήνεγκεν.
1722 3243 1786 3294 Οί
1820 3243 1877 3296 δὲ

1985 3243 2254 3302 pagantur
2300 3233 2390 3288 alii
2433 3249 2500 3288 ex
2535 3235 2677 3298 aliis,
2721 3245 2781 3289 et
2825 3237 2990 3292 {cetus
3022 3238 3328 3308 explorant,
3369 3241 3454 3295 vel
3498 3242 3550 3294 iu

295 3333 492 3399 ψύλλοι
532 3333 724 3404 ἄνδρες
759 3334 867 3385 eici.
898 3334 1071 3404 (γυνὴ
1109 3334 1218 3404 γὰρ
1247 3335 1348 3404 τὴν
1394 3333 1624 3404 δύναμιν
1671 3336 1877 3404 ταύτην

1985 3334 2273 3394 serpentes
2303 3327 2606 3396 conjectos,
2638 3328 2724 3382 vel
2759 3345 2952 3383 eorum
2980 3330 3164 3387 fasciis
3205 3333 3556 3402 serpentibus

298 3427 452 3495 ἔχειν
475 3425 536 3478 οὐ
567 3426 864 3495 πέφυκεν),
924 3426 1179 3480 δύνανται
1199 3425 1256 3479 δὲ
1315 3426 1496 3480 πάντα
1550 3427 1630 3480 ίὸν
1677 3429 1879 3492 παντὸς

1986 3417 2208 3486 injectis
2240 3435 2254 3472 :
2292 3420 2386 3488 qui
2416 3435 2519 3474 nec
2553 3435 2784 3489 puerum
2818 3422 3042 3487 laedunt,
3087 3433 3142 3478 et
3192 3425 3437 3480 vestibus
3487 3425 3554 3480 il-

303 3515 565 3589 ἑρπετοῦ,
600 3519 730 3587 πρὶν
754 3518 936 3570 θανεῖν
959 3516 1050 3570 τὸν
1078 3517 1408 3588 δεδηγμένον
1443 3517 1476 3588 ἢ
1512 3511 1878 3590 τετρωμένον,

304 3609 582 3680 ἐκμυζᾷν,
607 3611 704 3662 καὶ
733 3609 892 3662 αὐτοί
924 3625 985 3661 τε
1020 3608 1096 3680 μὴ
1128 3608 1488 3679 βλάπτεσθαι,
1515 3613 1612 3663 καὶ¹
1664 3612 1756 3662 τὸν
1778 3627 1880 3662 πε-

305 3701 708 3772 φαρμαγμένον
755 3699 1106 3770 θεραπεύειν.
1140 3700 1370 3756 Φύονται
1399 3701 1458 3755 δὲ
1507 3701 1568 3775 ἐξ
1609 3699 1878 3772 ἀλλήλων,

305 3793 408 3846 καὶ
445 3791 796 3863 δοκιμάζουσι
831 3793 899 3844 τὰ
928 3791 1286 3862 γεννηθέντα,
1320 3793 1352 3864 ἢ
1389 3791 1530 3862 μετὰ
1565 3791 1742 3861 ὄφεων
1781 3795 1884 3861 ἐμ-

307 3885 602 3956 ϐληθέντα,
639 3885 674 3954 ἢ
704 3885 799 3937 καὶ¹
850 3883 959 3936 τῶν
986 3883 1322 3954 σπαργάνων
1350 3883 1532 3937 αὐτῶν
1561 3881 1883 3952 ἐπιϐληθέν-

307 3998 420 4033 των
459 3978 686 4037 ἱοϐόλοις
714 3978 888 4030 τισίνο
921 3975 1043 4030 οὔτε
1077 3977 1186 4048 γὰρ
1224 3975 1302 4044 τῷ
1331 3975 1482 4029 παιδὶ
1505 3974 1880 4045 λυμαίνονται,

308 4073 408 4126 καὶ
460 4071 564 4124 ὑπὸ
610 4071 708 4140 τῆς
762 4069 986 4139 ἐσθῆτος
1015 4069 1214 4125 αὐτοῦ,
1245 4068 1539 4137 ναρκῶσιν.
1573 4066 1632 4119 Ὃ
1665 4066 1763 4136 μὲν
1789 4063 1884 4119 οὖν

311 4166 534 4232 Καῖσαρ
564 4161 657 4218 ἐπὶ
683 4164 748 4232 τῇ
775 4161 876 4230 τῆς
911 4159 1168 4229 γυναικὸς
1196 4159 1424 4230 τελευτῇ
1491 4157 1756 4229 ἠχθέσθη,
1789 4158 1886 4210 καὶ

313 4257 418 4326 τὴν
447 4253 662 4322 ἐκείνης
687 4252 967 4318 εὐγένειαν
992 4247 1294 4318 ἐθαύμαζε,
1320 4249 1416 4301 καὶ
1440 4247 1780 4317 συνυφῆναι
1809 4245 1886 4314 τῷ

327 4344 603 4415 Ἀντωνίῳ
629 4342 888 4395 ἐκέλευσε
917 4339 1228 4403 πολυτελῶς
1251 4339 1347 4393 καὶ
1371 4339 1685 4409 βασιλικῶς.
1716 4338 1889 4393 Ἐντί-

1984 3508 2093 3563 lius
2125 3509 2256 3565 tecti
2289 3518 2632 3580 torpescunt.
2663 3512 2849 3569 Caesar
2874 3515 3042 3585 igitur
3071 3516 3374 3586 Cleopatrae
3395 3518 3552 3572 obitu

1985 3599 2182 3667 doluit,
2213 3617 2538 3672 generosam
2563 3605 2684 3674 ejus
2704 3606 2946 3661 indolem
2973 3609 3296 3676 admiratus,
3322 3624 3554 3680 eamque

1986 3693 2277 3762 magniﬁce
2303 3696 2672 3765 regaliterque
2697 3712 2820 3753 cum
2844 3698 3083 3754 Antonio
3113 3703 3334 3769 sepeliri
3366 3703 3553 3772 jussit.

1988 3784 2128 3842 Sunt
2149 3794 2206 3842 et
2231 3787 2443 3842 ancillae
2467 3788 2622 3857 jussu
2650 3788 2798 3843 illius
2825 3789 3184 3845 honoriﬁcam
3214 3793 3553 3861 sepulturam

1987 3885 2274 3932 assecuta).
2318 3877 2470 3933 Obiit
2498 3877 2787 3948 Cieopatra
2827 3884 3002 3935 annos
3031 3882 3174 3937 unde
3223 3898 3289 3937 xt.
3333 3894 3480 3952 nata,
3522 3899 3556 3939 e

1989 3967 2192 4037 quibus
2218 3984 2257 4022 tt
2284 3977 2336 4023 et
2364 3985 2432 4022 xx
2485 3970 2756 4040 regnavit,
2791 3972 3030 4040 amplius
3057 3989 3144 4028 xiv
3168 3989 3292 4028 cum
3317 3975 3557 4030 Antonio

1990 4060 2304 4131 imperavit.
2327 4063 2629 4117 Antonium
2656 4079 2788 4120 vero
2811 4065 2902 4120 alii
2929 4079 3012 4130 Ill,
3037 4066 3129 4120 alii
3155 4082 3207 4120 vr
3224 4077 3282 4122 et
3303 4083 3334 4121 ι.
3356 4068 3558 4123 vixisse

1991 4166 2166 4207 annos
2197 4153 2440 4208 tradunt.
2471 4153 2626 4224 531
2660 4155 2790 4226 Ejus
2811 4171 2877 4210 ex
2906 4155 3094 4210 Fulvia
3138 4157 3309 4212 ﬁlium
3361 4159 3557 4231 Antyl-

1991 4242 2129 4308 lum,
2153 4253 2210 4298 et
2247 4243 2552 4313 Cleopatrae
2604 4245 2774 4300 illium
2809 4245 3201 4323 Caesarionem,
3249 4247 3432 4302 Caesar
3476 4233 3562 4302 in-

1994 4334 2229 4390 terfecit.
2262 4334 2552 4406 Cleopatra
2583 4347 2750 4408 atque
2781 4339 3020 4393 Antonio
3052 4340 3119 4395 ad
3151 4341 3298 4394 hunc
3334 4341 3558 4394 modum

314 4450 422 4504 μου
469 4431 525 4484 δέ
573 4431 667 4483 καὶ
715 4431 770 4483 αἱ
825 4427 1157 4499 θεράπαιναι
1207 4422 1386 4497 ταφῆξ
1439 4428 1653 4498 ἔτυχον,
1678 4429 1883 4482 ἐκείνου

1993 4425 2246 4490 sublatis,
2279 4427 2572 4482 Alexandri
2622 4432 2764 4499 regis
2793 4445 2993 4500 corpus
3035 4429 3171 4483 vidit
3214 4439 3268 4485 et
3299 4440 3561 4484 attrecta-

315 4524 746 4594 προστάξαντος.
771 4518 1131 4589 Ἐτελεύτησε
1180 4520 1236 4573 δὲ
1272 4519 1600 4590 Κλεοπάτρα
1649 4521 1749 4590 μὲν
1771 4537 1892 4574 τεσ-

319 4615 767 4685 σαρακοντοῦτις,
798 4613 917 4674 ἐνὸς
947 4612 1182 4676 δέοντος,
1211 4610 1418 4664 τούτων
1469 4610 1564 4664 δύο
1592 4611 1690 4664 καὶ
1720 4613 1895 4666 εἴκοσι

320 4705 716 4779 βασιλεύσασα,
742 4704 914 4757 πλείω
941 4703 1000 4756 δὲ
1028 4703 1137 4755 τῶν
1169 4703 1590 4774 δεκατεσσάρων
1625 4703 1896 4774 Ἀντωνίῳ

322 4799 657 4869 συνάρξασα.
718 4792 1006 4849 Ἀντώνιον
1062 4792 1121 4846 δὲ
1169 4793 1352 4862 οἱμὲν
1401 4793 1480 4860 ἐξ,
1533 4795 1582 4846 oi
1631 4794 1688 4873 δὲ
1717 4795 1898 4864 τρισὶν

321 4889 656 4958 ὑπερϐαλεῖν
678 4902 812 4957 φασι
847 4887 917 4940 τά
948 4887 1310 4955 πεντήκοντα.
1343 4885 1447 4936 Τὸν
1476 4884 1532 4937 δέ
1561 4884 1655 4938 τοῦ
1695 4884 1898 4937 Ἀντω-

322 4987 442 5041 νίου
472 4986 586 5037 υἱὸν
611 4983 870 5036 ’Δντυλον
895 4981 986 5034 τὸν
1014 4983 1078 5033 ἐκ
1103 4980 1202 5048 τῆς
1227 4979 1515 5045 Φουλϐίας,
1546 4981 1642 5033 καὶ
1683 4981 1774 5035 τὸν
1796 4980 1900 5048 τῆς

328 5079 692 5148 Κλεοπάτρας
724 5077 815 5129 τὸν
839 5074 1192 5144 Καισαρίωνα
1232 5073 1260 5125 ὁ
1299 5074 1518 5144 Καῖσαρ
1555 5073 1898 5126 ἀπέκτεινεν.

325 5175 613 5236 Ἀντώνιος
639 5171 739 5242 μὲν
760 5166 853 5224 οὖν
876 5168 972 5222 καὶ
997 5168 1328 5237 Κλεοπάτρα
1359 5165 1535 5230 οὕτως
1557 5165 1897 5238 ἀπήλλαξαν.

327 5269 554 5336 Καῖσαρ
583 5265 641 5318 δὲ
669 5263 760 5317 τὸν
785 5261 881 5314 τοῦ
911 5259 1262 5330 Ἀλεξάνδρου
1296 5258 1389 5312 τοῦ
1420 5258 1685 5329 βασιλέως
1710 5258 1902 5328 νεκρὸν

330 5358 442 5416 είδε
489 5360 582 5412 καὶ
627 5354 949 5428 προσήψατο
977 5351 1167 5406 αὐτοῦ.
1201 5351 1283 5403 Τὰ
1330 5349 1386 5402 δὲ
1415 5349 1524 5404 τῶν
1549 5349 1902 5420 Πτολεμαίων

331 5453 588 5523 σώματα,
637 5451 814 5503 καίτοι
866 5447 974 5500 τῶν
1013 5442 1410 5513 Ἀλεξανδρέων
1475 5441 1650 5507 δεῖξαί
1711 5442 1761 5494 oi
1806 5441 1903 5496 καὶ

330 5548 511 5604 ταῦτα
539 5542 930 5615 βουληθέντων,
965 5539 1092 5593 ἰδεῖν
1112 5538 1212 5590 οὐκ
1244 5535 1533 5606 ἠθέλησεν,
1595 5537 1766 5589 είπων
1820 5535 1903 5588 ὃτι

328 5636 622 5701 Βασιλέα,
649 5631 786 5689 ἀλλ’
808 5633 879 5685 οὑ
909 5626 1164 5695 νεκροὺς
1185 5625 1334 5680 ὶδεῖν
1358 5625 1728 5695 ἐπεθύμησα.
1768 5624 1904 5678 Οὐδέ

327 5729 412 5801 τῷ
440 5728 623 5782 Ἄπιδι
650 5727 895 5797 ἐντυχεῖν
923 5721 1174 5794 ἐπείσθη,
1212 5721 1387 5791 λέγων
1433 5721 1515 5775 ὅτι
1543 5720 1734 5789 Θεοὺς,
1789 5719 1905 5775 ἀλλ’

1996 4517 2094 4570 vit.
2143 4517 2564 4572 Ptolemzeorum
2621 4520 2787 4572 etiam
2830 4519 3216 4573 Alexandrinis
3265 4521 3560 4573 ostendere

1994 4607 2326 4675 volentibus,
2357 4610 2630 4664 recusavit
2656 4627 2670 4663 :
2695 4609 2762 4664 Se
2789 4612 2929 4665 enim
2983 4627 3156 4682 regem
3208 4611 3381 4664 videre
3418 4611 3562 4678 cupi-

1995 4699 2152 4763 visse,
2181 4715 2287 4753 non
2335 4700 2613 4754 cadavera.
2649 4701 2838 4770 Neque
2881 4703 3109 4771 Apidem
3143 4702 3294 4756 adire
3347 4703 3561 4755 voluit:

1998 4790 2144 4858 quod
2178 4790 2332 4856 deos,
2377 4807 2486 4845 non
2530 4792 2698 4848 boves
2733 4793 2966 4849 adorare
2991 4795 3384 4850 consuevisset.
3405 4792 3560 4864 Egy-

1996 4890 2152 4952 ptum
2190 4883 2532 4938 tributariam
2555 4883 2701 4950 fecit,
2731 4894 2789 4940 et
2814 4886 3099 4955 pecuniam
3127 4901 3365 4949 omnem,
3401 4900 3554 4954 quant

1999 4974 2076 5028 ibi
2127 4967 2417 5030 maximam
2474 4977 2701 5046 reperit,
2754 4991 2940 5031 secum
3003 4977 3204 5031 avexit.
3265 4977 3452 5032 Rebus
3510 4977 3564 5030 in

1997 5063 2229 5136 Egypto
2275 5082 2376 5121 suo
2424 5067 2694 5132 arbitratu
2755 5067 3043 5134 ordinatis,
3094 5083 3195 5136 per
3249 5067 3460 5139 Syriam
3509 5068 3563 5120 in

1999 5158 2183 5214 Asiam
2232 5158 2390 5222 abiit,
2436 5159 2621 5229 ibique
2668 5159 3004 5214 hibernavit.
3051 5158 3286 5214 Romani
3332 5173 3463 5214 vero
3509 5166 3567 5212 et

2005 5257 2141 5315 tum,
2173 5259 2230 5305 et
2272 5251 2429 5321 prius
2471 5253 2660 5318 etiam,
2700 5251 2977 5308 Actiacam
3022 5252 3310 5308 victoriam
3365 5250 3564 5319 adepto

2001 5341 2270 5412 plurimos
2323 5342 2560 5398 honores
2597 5343 2981 5400 decreverunt.
3043 5343 3158 5399 Sub
3216 5349 3455 5396 atstatcm
3507 5340 3564 5394 in

2001 5430 2264 5487 Greciam
2293 5442 2350 5488 et
2379 5433 2588 5488 Italiam
2627 5435 2858 5506 trajecit.
2906 5435 2986 5489 Eo
3024 5434 3251 5488 Romam
3293 5431 3562 5499 ingresso,

2003 5525 2240 5594 populus
2274 5527 2636 5590 sacriﬁcavit,
2670 5535 2726 5580 et
2753 5527 2943 5580 consul
2973 5525 3169 5580 bovem
3209 5519 3514 5575 immolavit
3544 5537 3561 5575 :

2004 5615 2151 5687 quod
2196 5616 2332 5670 nulli
2380 5617 2530 5685 prius
2577 5617 2872 5672 acciderat.
2914 5614 3276 5683 Triumphum
3327 5625 3424 5679 per
3467 5611 3566 5664 tri-

2005 5711 2176 5767 duum
2216 5710 2348 5781 egit,
2394 5725 2608 5781 pompae
2641 5725 2832 5767 omnes
2863 5706 3103 5764 illustres
3138 5707 3362 5761 fuerunt
3393 5722 3405 5760 :
3443 5713 3565 5758 tan-
