3976 6204
436 249 544 316 599
1686 242 2007 302 JOANNIS

2126 243 2358 304 lNAR/B
3580 239 3698 300 συθ

439 375 669 435 tumque
703 364 1085 418 manubiarum
1111 359 1312 424 adfuit,
1339 367 1399 412 ut
1424 358 1490 413 iis
1514 356 1772 412 omnibus
1796 357 2013 412 sullice-

2126 361 2236 429 ιῦχὶ
2266 360 2394 430 βοῦς
2449 364 2776 432 προσκυνεῖν
2835 361 3102 431 εἴθισμαι.
3145 359 3256 429 τὴν
3312 357 3358 410 δ’
3411 357 3703 425 Αιγυπτον

435 465 580 512 rent.
615 456 712 510 Est
757 465 815 510 et
857 453 1156 522 Cleopatra:
1205 461 1385 504 statua
1432 449 1488 503 in
1545 449 1687 503 lecto
1731 451 2004 514 traducta,

2126 453 2339 522 ,ποτελῆ
2375 454 2626 524 ἐποίησε,
2675 454 2938 525 χρήματά
2984 470 3042 506 τε
3076 453 3377 520 πάμπολλα
3439 445 3573 522 εὗρε
3600 452 3704 506 καὶ

434 547 558 617 ejus
587 542 814 601 brachio
832 545 1021 613 aspide
1047 544 1373 596 inhaerente.
1399 539 1547 594 Inter
1576 538 1712 592 alios
1739 539 2007 606 captivos,

2126 545 2278 597 ιάντα
2299 545 2579 615 ἀφείλετο.
2620 547 2730 600 Καὶ
2770 547 2842 599 τὰ
2874 549 2992 600 ἐκεῖ
3023 545 3100 611 ὡς
3135 545 3289 615 αὐτῷ
3350 545 3532 598 ἐὸοκει
3567 545 3705 597 διοι-

437 640 557 708 ejus
615 652 834 707 quoque
895 635 1057 690 liberi
1089 651 1102 689 :
1133 633 1460 695 Alexander,
1519 631 1612 700 qui
1669 639 1725 684 et
1777 631 1916 685 Sol:
1953 639 2009 685 et

2126 637 2444 705 ιησάμενος,
2480 639 2559 701 είς
2597 639 2695 710 τὴν
2739 639 2927 692 Ἀσίαν
2961 637 3052 691 διὰ
3081 639 3178 707 τῆς
3230 635 3432 706 Συρίας
3454 635 3706 703 ἀπῆλθε,

435 728 746 797 CleOpatra,
797 744 919 798 qua:
967 738 1022 782 et
1050 726 1200 780 Luna
1252 724 1562 786 dicebatur,
1624 723 1676 776 in
1730 722 2007 791 triumpho

2126 726 2200 779 ιαὶ
2222 730 2344 779 ἐκεῖ
2371 729 2800 799 παρεχείμασεν.
2833 730 2896 782 Oi
2921 729 2978 781 δὲ
3021 731 3286 798 Ῥωμαῖοι
3322 729 3419 780 καὶ
3448 725 3578 779 τότε
3603 727 3704 778 καὶ

439 815 590 868 ducti
615 823 766 868 sunt.
802 814 933 870 Post
967 815 1154 868 omnia
1187 812 1368 868 Caesar
1389 811 1665 876 invectus,
1699 811 2008 880 spectacula

2126 817 2394 886 τρότερον,
2453 819 2543 870 ὅτε
2596 822 2694 889 την
2745 819 3057 888 ναυμαχίαν
3112 817 3358 884 ἐνίκησε,
3417 813 3600 868 πολλὰ
3645 815 3708 873 ἐς

439 920 537 972 ρει·
568 908 766 959 inultos
791 905 908 960 dies
939 906 1132 960 edidit.

2126 908 2279 977 τιμὴν
2311 908 2459 978 αὐτῷ
2493 910 2853 980 ἐψηφίσαντο.
2911 910 3068 962 Κατὰ
3107 909 3166 962 δὲ
3197 908 3290 962 τὸν
3344 905 3441 960 τοῦ
3503 905 3709 980 θέρους

436 1000 628 1070 καιρδν
663 1001 720 1062 ἐς
750 997 848 1069 τὴν
894 998 1120 1051 Ἐλλάδα
1149 995 1244 1049 καὶ
1270 997 1325 1057 ἐς
1355 993 1452 1066 τὴν
1477 993 1707 1047 Ἰταλίαν
1741 995 2077 1065 ἐπεραιώθη.
2150 1001 2260 1052 Καὶ
2289 1000 2455 1053 αὐτοῦ
2528 979 2609 1065 είς
2635 1001 2735 1072 τὴν
2797 1001 2955 1055 πόλιν
3004 1001 3342 1062 είσελθὸντος
3389 1000 3608 1053 ἔθυσαν
3658 979 3710 1049 οί

449 1092 736 1159 Ῥωμαῖοι,
771 1094 864 1144 καὶ
892 1093 920 1143 6
953 1090 1164 1151 θπατος
1187 1087 1571 1156 ἐὸουθύτησεν,
1594 1086 1623 1138 6
1649 1088 1815 1156 μήπω
1881 1089 2149 1158 πρότερον
2209 1090 2298 1143 ἐπ’
2357 1091 2502 1162 ἄλλῳ
2554 1093 2790 1160 ἐγένετο.
2837 1092 3113 1163 Ἐὡρτασε
3143 1092 3197 1145 δὲ
3229 1092 3325 1145 καὶ
3373 1092 3470 1145 ἐπὶ
3519 1089 3712 1161 τρισὶν

437 1186 674 1254 ἡμέραις
724 1185 792 1237 τὰ
844 1184 1158 1252 νικητήρια,
1200 1181 1294 1234 καὶ
1327 1181 1614 1248 ἐπιφανεῖς
1675 1179 1733 1230 αἰ
1792 1179 2013 1249 πομπαὶ
2054 1183 2226 1236 πᾶσαι
2287 1184 2571 1252 γεγόνασι.
2609 1182 2862 1237 Τοσαῦτα
2887 1183 2999 1254 γὰρ
3061 1183 3437 1254 ἡθροίσθησαν
3483 1181 3714 1248 λάφυρα

440 1277 582 1330 ὥστε
619 1277 813 1336 πάσαις
845 1278 1174 1345 ἐπαρκέσαι.
1209 1271 1595 1342 Παρεκομίσθη
1632 1271 1690 1323 δὲ
1751 1272 1848 1325 καὶ
1915 1272 2082 1343 στήλη
2117 1275 2217 1343 τῆς
2269 1276 2631 1346 Κλεοπάτρας
2687 1277 2782 1329 ἐπὶ
2817 1277 3029 1345 κλίνης,
3063 1277 3268 1330 ἀσπίδα
3307 1275 3711 1346 ἐμπεφυκυῖαν

440 1369 640 1437 ἔχουσα
662 1368 739 1436 τῷ
771 1368 1039 1437 βραχίονι.
1090 1368 1195 1418 Καὶ
1227 1367 1364 1434 μετὰ
1388 1363 1497 1417 τῶν
1525 1363 1701 1416 ἄλλων
1729 1363 2096 1433 αἰχμαλώτων
2150 1367 2246 1420 καὶ
2300 1369 2350 1420 οί
2408 1369 2627 1440 ἐκείνης
2650 1369 2862 1432 παῖδες,
2889 1369 2916 1421 ὅ
2941 1385 2996 1421 τε
3027 1367 3433 1440 Ἀλέξανδροςὸ
3487 1367 3711 1426 Ἧλιο,ν

440 1468 537 1518 καὶ
574 1463 899 1530 Κλεοπάτρα
932 1465 963 1530 ὴ
996 1461 1089 1512 καὶ
1119 1459 1343 1529 Σελήνη.
1405 1455 1520 1524 Ἐφ’
1559 1457 1790 1510 ἆπασιδ⁹
1818 1460 1847 1511 6
1877 1459 2091 1528 Καῖσαρ
2162 1460 2404 1532 ἐπήλασε
2428 1502 2442 1527 ,
2512 1462 2604 1515 καὶ
2654 1460 2880 1533 θεωρίαι
2913 1462 3005 1514 ἐπὶ
3049 1460 3248 1524 πολλὰς
3306 1460 3527 1532 ἡμέρας
3591 1458 3715 1529 ἐγὲο

442 1573 614 1612 νοντο.

513 1647 730 1704 XXXII.
783 1644 897 1698 Sub
931 1644 1046 1700 haec
1077 1634 1326 1712 tempora
1357 1642 1428 1696 Μ.
1459 1640 1696 1697 Crassus
1743 1641 1796 1695 in
1833 1640 2011 1696 Mace-

2190 1639 2312 1696 AB'.
2344 1641 2453 1695 Καὶ
2485 1642 2512 1694 6
2541 1640 2797 1711 Κράσσος
2824 1642 2853 1694 ὁ
2883 1641 3112 1710 Μάρκος
3140 1641 3283 1694 κατὰ
3313 1641 3549 1706 τούτους
3579 1643 3714 1696 τοὶς

438 1743 684 1804 doniam,
743 1739 1029 1791 Thraciam
1073 1746 1130 1790 et
1178 1736 1444 1790 Graeciam
1507 1733 1728 1796 missus,
1781 1741 1838 1787 et
1884 1745 2008 1786 cum

2126 1733 2342 1804 χρόνους
2387 1734 2467 1796 είς
2521 1731 2620 1802 τὴν
2668 1732 3032 1800 Μακεδονίαν,
3075 1732 3169 1786 καὶ
3200 1735 3280 1794 είς
3313 1733 3415 1803 τὴν
3450 1732 3710 1805 Θρᾴκην,

443 1834 633 1888 multis
668 1830 926 1901 gentibus
962 1828 1102 1882 bella
1138 1842 1358 1896 gerens,
1407 1826 1544 1879 alias
1575 1825 1725 1888 vicit,
1771 1825 1910 1879 alias
1958 1824 2015 1878 in

2126 1825 2212 1878 καὶ
2244 1827 2324 1886 εἱς
2347 1825 2444 1892 τὴν
2490 1823 2714 1876 Ἐλλάδα
2757 1825 3051 1893 πεμφθεὶς,
3087 1823 3311 1887 πολλοῖς
3351 1824 3710 1897 ἐπολέμησεν

442 1926 726 1981 deditione
751 1921 986 1991 accepit.
1029 1920 1120 1976 Ea:
1170 1929 1364 1990 gentes
1404 1920 1535 1972 olim
1589 1918 1725 1990 Mysi
1769 1927 1826 1973 et
1867 1918 2018 1972 Geta:

2126 1914 2314 1980 ἔθνεσι,
2344 1917 2437 1968 καὶ
2466 1915 2533 1968 τὰ
2573 1915 2670 1985 μὲν
2701 1915 2947 1985 ἐνίκησε,
2991 1916 3058 1968 τὰ
3097 1915 3153 1968 δὲ
3180 1917 3602 1986 προσηγάγετο.
3635 1918 3716 1970 Τὰ

445 2017 808 2076 vocabantur,
841 2025 1060 2066 onmem
1107 2025 1234 2064 eum
1270 2018 1505 2063 tractum
1556 2009 1652 2077 qui
1697 2008 1843 2062 intra
1895 2007 2017 2061 Ilae-

446 2123 594 2162 tnum
627 2116 682 2160 ct
715 2106 917 2159 Istrum
951 2111 1056 2167 est,
1097 2102 1420 2156 incolentes.
1475 2101 1776 2170 Progressu
1810 2112 2020 2172 tempo-

449 2201 526 2255 ris
571 2209 777 2262 autem,
831 2194 1078 2265 quaedam
1125 2209 1312 2247 earum
1362 2193 1486 2247 aliis
1530 2193 1850 2249 nominibus
1891 2203 2020 2249 sunt

446 2291 752 2360 appellatae.
791 2287 998 2342 Deinde
1029 2286 1214 2340 omnia
1247 2301 1309 2339 ea
1342 2300 1464 2354 qua:
1511 2284 1687 2339 Savus
1717 2282 1921 2340 ﬂuvius
1963 2285 2019 2340 in

447 2383 647 2438 Istrum
680 2378 934 2442 inﬂuens,
967 2393 1132 2446 supra
1159 2375 1506 2441 Dalmatiam,
1549 2375 1922 2430 Macedoniam
1965 2387 2020 2432 ct

449 2474 738 2528 Thraciam
767 2487 797 2525 a
831 2471 1112 2526 Pannonia
1151 2468 1522 2531 disterminat,
1561 2467 1742 2538 Mysiae
1773 2469 2018 2538 appella-

457 2567 668 2622 tionem
705 2564 1018 2619 subierunt.
1065 2561 1216 2616 Inter
1239 2574 1357 2621 eos,
1405 2568 1602 2628 praeter
1630 2560 1767 2613 alias
1818 2561 2020 2615 multas

449 2668 640 2729 gentes
669 2666 800 2710 sunt
843 2653 1069 2708 Triballi
1109 2660 1166 2707 et
1202 2650 1483 2705 Dardanii.
1529 2648 1654 2704 Haec
1697 2651 1864 2720 igitur
1909 2651 2020 2704 lio-

450 2750 595 2805 mani
626 2749 730 2802 sub
761 2747 984 2817 regibus
1013 2759 1078 2798 ac
1112 2744 1166 2798 in
1198 2743 1377 2796 libera
1424 2742 1730 2813 republica,
1772 2751 1830 2797 et
1861 2759 1892 2797 a
1923 2757 2021 2812 po-

452 2839 696 2894 tentibus
727 2851 1014 2907 oppressa,
1057 2834 1218 2888 annis
1247 2849 1354 2887 xxv
1382 2842 1438 2888 et
1483 2849 1578 2889 occ
1609 2842 1664 2888 et
1703 2843 2018 2904 gesserunt,

451 2940 508 2986 et
549 2930 915 3000 pertulerunt.
965 2928 1234 2996 Deinceps
1287 2925 1434 2979 haud
1489 2925 1658 2979 dubie
1708 2925 1812 2980 sub
1855 2929 2021 2980 unius

454 3030 782 3090 potestatein
811 3017 1152 3073 reciderunt.
1185 3016 1320 3070 Nam
1359 3031 1484 3070 cum
1520 3015 1704 3071 Cassar
1733 3015 1789 3069 in
1835 3015 2019 3069 animo

452 3112 701 3172 haberet,
737 3112 905 3165 armis
947 3108 1164 3178 positis,
1215 3107 1506 3178 imperium
1539 3109 1754 3161 senatui
1791 3108 2024 3178 pepule-

451 3217 561 3270 que
602 3203 918 3266 restituere,
957 3200 1124 3268 idque
1177 3199 1469 3252 consilium
1508 3199 1764 3268 Agrippa:
1813 3210 1868 3254 et
1900 3199 2027 3254 Maa-

453 3297 658 3355 crnati,
693 3293 852 3363 532
906 3291 1112 3359 quibus
1163 3304 1365 3343 arcana
1415 3305 1513 3343 sua
1567 3291 1850 3355 credebat,
1897 3307 2028 3362 ape-

455 3383 657 3437 ruisset
689 3400 703 3436 :
736 3383 976 3452 Agrippa
1027 3380 1367 3450 deponendae
1415 3382 1706 3450 potestatis
1736 3392 1930 3436 auctor
1972 3383 2024 3438 ei

454 3473 584 3536 fuit,
613 3473 878 3528 Maecenas
912 3473 1247 3528 contrarium
1271 3472 1497 3527 omnino
1518 3473 1712 3528 suasit.
1739 3473 1873 3528 Nam
1899 3489 2026 3529 cum

455 3565 620 3633 longo
645 3565 758 3634 jam
789 3573 1038 3633 tempore
1068 3577 1252 3617 rerum
1280 3562 1492 3633 potitus
1513 3572 1684 3629 esset,
1719 3572 1814 3618 aut
1841 3567 2026 3632 {pote-

453 3667 655 3711 s:atem
684 3657 735 3710 ei
790 3655 1152 3717 retinendam,
1215 3664 1311 3709 aut
1357 3670 1422 3709 ea
1455 3657 1633 3725 posita
1682 3657 2026 3724 pereundum

454 3764 580 3804 esse
619 3748 924 3802 afﬁrmabat
956 3765 970 3802 :
1003 3747 1154 3816 quod
1182 3748 1277 3815 qui
1310 3747 1480 3802 semel
1511 3747 1855 3817 imperarint,
1907 3757 2026 3802 tuto

454 3841 622 3894 vitam
661 3841 926 3909 privatam
959 3855 1120 3910 agere
1147 3839 1302 3894 nullo
1326 3838 1492 3893 modo
1526 3847 1772 3908 possent.
1806 3838 2026 3909 Longa-

453 3949 567 4002 que
618 3935 872 3986 oratione
923 3932 1160 3996 monuit,
1213 3931 1419 4001 quibus
1447 3931 1761 3986 rationibus
1805 3941 1924 3986 tuto
1969 3939 2027 3987 et

451 4022 623 4092 juste,
658 4033 821 4092 atque
847 4025 1014 4078 etiam
1062 4025 1201 4078 citra
1233 4022 1440 4078 civium
1490 4023 1800 4077 molestiam
1851 4024 2028 4093 impe-

459 4127 582 4166 rare
616 4123 823 4183 posset,
855 4115 958 4169 ltac
987 4114 1171 4168 addita
1215 4115 1458 4168 clausula
1511 4136 1526 4172 :
1570 4113 1630 4169 Si
1654 4131 1738 4178 ea,
1775 4129 1892 4184 qua
1919 4115 2027 4170 alio

456 4206 752 4274 imperante
784 4206 874 4258 tibi
917 4204 1036 4272 ﬁeri
1065 4203 1244 4264 uelles,
1287 4206 1401 4274 ipse
1449 4204 1590 4260 ultro
1651 4207 1834 4274 feceris
1881 4204 2026 4270 aliis,

451 4310 626 4363 neque
649 4294 882 4362 peccabis
907 4289 1219 4364 quidquam,
1265 4303 1313 4347 et
1358 4296 1538 4348 omnia
1583 4294 1806 4364 feliciter
1854 4295 2026 4348 adrui-

2116 2002 2161 2056 δ’
2199 2003 2326 2072 ἔθνη
2365 2002 2538 2055 ταῦτα
2592 2003 2762 2056 πάλαι
2814 2004 2914 2072 μὲν
2947 2005 3126 2060 Μυσοί
3151 2021 3210 2057 τε
3239 2006 3334 2058 καὶ
3366 2007 3532 2059 Γέται
3576 2009 3706 2060 ἐκέ-

2118 2093 2350 2164 κληντο·
2387 2097 2572 2148 πᾶσαν
2608 2096 2718 2165 γὰρ
2769 2095 2973 2165 μεταξὺ
3001 2095 3098 2150 τοῦ
3151 2114 3209 2150 τε
3251 2098 3431 2168 Αἴμου
3468 2100 3569 2153 καὶ
3610 2099 3710 2152 τοῦ

2123 2187 2338 2257 Ἴστρου
2384 2183 2550 2240 οὖσαν
2582 2188 2909 2258 νεμόμενον
2950 2189 3235 2260 προϊόντος
3277 2191 3334 2243 δὲ
3365 2190 3466 2244 τοῦ
3503 2192 3708 2261 χρόνου

2120 2281 2267 2344 τινὲς
2297 2281 2478 2334 αὐτῶν
2509 2284 2604 2334 καὶ
2629 2281 2813 2345 ἄλλοις
2845 2283 3112 2351 ὀνόμασιν
3140 2283 3560 2355 ἐπεκλήθησαν.
3599 2286 3714 2343 Καὶ

2127 2375 2266 2444 μετὰ
2319 2375 2494 2428 ταῦτα
2541 2373 2703 2428 πάνθ’
2743 2375 2844 2428 ὅσα
2877 2375 2905 2426 6
2940 2375 3184 2445 ποταμὸς
3220 2378 3249 2429 6
3279 2377 3454 2441 Σαῦος
3493 2379 3578 2440 είς
3617 2377 3712 2429 τὸν

2125 2467 2338 2536 Ἵστρον
2391 2465 2680 2536 ἐμϐάλλων
2737 2467 2879 2538 ὑπὲρ
2927 2467 3028 2537 τῆς
3082 2467 3397 2536 Δαλματίας
3451 2468 3552 2522 καὶ
3607 2469 3711 2538 τῆς

2120 2555 2454 2619 Μακεδονίας
2517 2555 2619 2625 τῆς
2671 2572 2732 2608 τε
2786 2557 3010 2628 Θρᾴκης
3072 2558 3182 2612 ἀπὸ
3238 2560 3341 2628 τῆς
3399 2560 3710 2621 Παννονίας

2120 2647 2392 2718 ἀφορίζει,
2421 2649 2502 2710 είς
2543 2648 2605 2700 τὸ
2631 2647 2734 2718 τῆς
2769 2648 2988 2712 Μυσίας
3037 2647 3472 2721 προκεχώρηκεν
3503 2650 3710 2719 θνομα,

2123 2741 2215 2792 καὶ⁸
2247 2741 2306 2792 ἐν
2333 2741 2514 2802 αὐτοῖς
2539 2740 2676 2793 ἄλλα
2717 2757 2776 2794 τε
2811 2741 2982 2794 πολλά
3011 2743 3150 2793 εἰσιν
3188 2741 3314 2812 ἔθνη
3357 2741 3455 2795 καὶ
3487 2743 3539 2794 οί
3577 2742 3714 2813 Τρι-

2123 2830 2310 2884 ϐαλλοὶ
2340 2832 2895 2901 προσαγορευθέντες,
2922 2832 2976 2885 οἴ
3011 2850 3069 2886 τε
3120 2832 3456 2900 κεκλημένοι
3493 2834 3713 2902 Δαρδᾶο

2123 2938 2247 2975 νιοι.
2311 2921 2500 2975 Ταῦτα
2549 2923 2649 2992 μὲν
2706 2921 2800 2977 οὖν
2850 2923 2908 2976 ἐν
2953 2940 3010 2977 τε
3058 2927 3124 2994 τῇ
3179 2924 3431 2996 βασιλείᾳ
3488 2927 3594 2979 καὶ
3643 2929 3710 2997 τῇ

2124 3013 2466 3084 δημοκρατίᾳ
2490 3015 2586 3068 καὶ
2605 3017 2722 3077 ταῖς
2753 3016 3095 3080 δυναστείαις
3111 3017 3272 3069 πέντε
3298 3018 3391 3070 καὶ
3405 3016 3586 3071 εἴκοσι
3619 3019 3714 3070 καὶ

2128 3105 2494 3170 ἑπτακοσίοις
2540 3105 2724 3160 ἔτεσιν
2755 3107 3001 3178 ἔπραξάν
3042 3125 3102 3162 τε
3141 3109 3410 3180 Ῥωμαῖοι
3439 3111 3539 3162 καὶ
3579 3110 3716 3164 επα-

2129 3197 2240 3252 θον.
2280 3197 2375 3251 Ἐκ
2433 3199 2489 3253 δὲ
2544 3200 2741 3253 τούτου
2809 3200 3200 3270 μοναρχεῖσθαι
3248 3201 3405 3266 αὖθις
3459 3204 3714 3273 ἀκριεῶς

2128 3288 2384 3358 ἤρξαντο,
2430 3290 2610 3343 καίτοι
2645 3288 2739 3344 τοῦ
2788 3290 3072 3362 Καίσαρος
3132 3292 3201 3345 τά
3244 3309 3305 3345 τι
3342 3293 3488 3346 ὅπλα
3533 3310 3711 3347 κατα-

2128 3379 2316 3434 θέσθαι
2341 3379 2751 3450 βουλευομένου,
2775 3382 2869 3434 καὶ
2895 3384 2964 3452 τῇ
2991 3383 3256 3454 γερουσίᾳ
3293 3383 3390 3436 καὶ
3420 3381 3503 3454 τῷ
3541 3383 3709 3454 δήμῳ

2128 3470 2421 3540 ἐπιτρέψαι
2467 3471 2538 3525 τὰ
2591 3473 2913 3543 πράγματα.
2951 3465 3060 3544 Τὴν
3113 3475 3296 3544 μέντοι
3338 3475 3570 3547 γνώμην
3630 3477 3710 3546 τῷ

2140 3562 2421 3633 Ἀγρίππᾳ
2449 3563 2546 3616 καὶ
2573 3563 2652 3633 τῷ
2674 3565 2958 3636 Μαικήνᾳ,
2985 3560 3068 3628 οἷς
3103 3565 3395 3620 ἐπίστευσε
3425 3567 3502 3621 τὰ
3532 3568 3711 3640 ἀποερ-

2131 3656 2288 3725 ρητα,
2324 3656 2750 3726 κοινωσάμενος,
2793 3657 2892 3727 τὴν
2944 3660 3044 3728 μὲν
3105 3659 3418 3730 Ἀγρίππου
3471 3663 3709 3732 γνώμην

2128 3743 2546 3814 ἁποτρέπουσαν
2574 3745 2739 3798 αὑτὸν
2787 3745 2889 3815 τῆς
2933 3747 3232 3816 μοναρχίας
3261 3746 3504 3818 εὕρηκεν
3529 3764 3544 3778 ·
3586 3751 3616 3801 6
3651 3748 3709 3801 δὲ

2129 3836 2424 3904 Μαικήνας
2499 3835 2812 3891 τούναντίον
2869 3837 3260 3891 συνεϐούλευεν
3312 3837 3486 3901 ἅπαν,
3539 3838 3712 3892 εἰπὼν

2127 3929 2228 3999 ἢδη
2263 3930 2364 4000 τὴν
2397 3929 2700 4000 μοναρχίαν
2739 3931 2832 3982 ἐπὶ
2867 3931 3002 3983 πολὺ
3043 3929 3322 4001 διοικῆσαι
3368 3931 3565 3996 αὑτὸν,
3615 3932 3709 3985 καὶ

2128 4023 2430 4090 ἀναγκαῖον
2476 4019 2617 4076 εἰναι
2669 4021 2819 4074 δυεῖν
2865 4021 3116 4090 θάτερον,
3155 4023 3188 4093 ἢ
3239 4024 3420 4092 μεῖναι
3457 4023 3557 4077 ἐπὶ
3600 4024 3706 4077 τῶν

2130 4111 2332 4176 αὐτῶν,
2359 4111 2394 4182 η
2447 4112 2754 4166 ἀπολέσθαι
2808 4112 2983 4167 ταῦτα
3038 4115 3366 4184 προέμενον·
3417 4115 3551 4178 τοῖς
3600 4118 3706 4186 γὰρ

2130 4202 2280 4267 ἆπαξ
2357 4206 2770 4274 μοναρχήσασιν
2842 4205 3101 4275 ἀσφαλῶς
3179 4205 3487 4260 ίδιωτεῦσαι
3566 4203 3707 4260 εἷναι

2130 4295 2411 4349 ἀδύνατον.
2459 4295 2726 4352 ’Υπέθετο
2782 4298 2842 4351 δὲ
2877 4299 2970 4351 καὶ
3001 4299 3152 4362 ὅπως
3202 4301 3462 4370 ἀσφαλῶς
3504 4301 3604 4354 καὶ
3631 4303 3708 4354 δι-

455 4385 729 4448 nistrabia,
769 4395 818 4439 et
853 4387 1170 4439 suavissime
1219 4384 1466 4454 nulloque
1493 4402 1611 4439 cum
1649 4385 1880 4456 periculo
1907 4399 2023 4441 atta-

2134 4386 2307 4449 καίως
2349 4387 2512 4458 ἄρξῃ,
2543 4375 2677 4458 πρὸς
2707 4387 2766 4440 δὲ
2815 4389 2909 4441 καὶ
2954 4389 3302 4460 ἀνεπαχθῶς,
3335 4391 3507 4444 πολὺν
3541 4407 3708 4445 κατα-

456 4483 564 4528 tem
605 4477 777 4546 deges.
830 4475 925 4530 llis
954 4477 1200 4532 consiliis
1240 4476 1470 4540 auditis,
1521 4487 1754 4546 utroque
1791 4478 2025 4547 probato

454 4575 516 4619 et
544 4567 875 4632 collaudato,
916 4569 1230 4624 Maecenatis
1269 4571 1601 4624 sententiam
1628 4579 1714 4625 est
1759 4581 2024 4628 secutus:

454 4664 516 4707 et
544 4658 860 4714 monarcliia
903 4675 1012 4714 non
1047 4661 1318 4730 deposita,
1371 4672 1798 4732 cognomentum
1848 4665 2024 4734 impe-

460 4740 661 4800 ratoris
686 4747 790 4801 sibi
835 4749 1048 4814 ascivit,
1097 4766 1205 4804 non
1251 4752 1381 4806 illud
1428 4752 1574 4821 quod
1619 4753 1928 4822 antiquitus
1954 4755 2025 4810 ob

459 4834 748 4889 victoriam
775 4836 943 4891 tribui
969 4839 1199 4904 solebat,
1237 4841 1332 4894 sed
1364 4841 1416 4895 id
1446 4856 1558 4911 quo
1592 4843 1741 4913 regia
1780 4853 2026 4912 potestas

456 4927 900 4996 signiﬁcabatur.
937 4933 1096 4987 Auno
1138 4936 1387 5003 sequenti
1445 4944 1658 4990 sextum
1706 4937 1896 4991 consul
1943 4937 2025 4991 ia-

459 5029 604 5085 ctus,
629 5020 870 5090 Agrippa
898 5023 1125 5093 collega,
1161 5041 1324 5094 quem
1357 5027 1556 5097 insigni
1590 5027 1802 5082 honore
1838 5043 2024 5097 prose-

458 5112 752 5178 quebatur,
784 5113 1056 5184 desponsa
1081 5119 1243 5171 etiam
1277 5133 1468 5173 sorore
1497 5117 1744 5180 Octavia,
1771 5129 1828 5174 et
1869 5121 2024 5189 prin-

455 5217 590 5271 ceps
643 5213 870 5260 senatus
919 5209 1341 5275 cognominatus
1388 5219 1494 5276 est,
1541 5219 1602 5264 ut
1643 5211 1697 5265 in
1738 5213 2024 5267 liberrima

455 5295 683 5350 civitate
727 5310 1013 5367 receptum
1064 5300 1262 5355 fuerat.
1310 5301 1369 5355 In
1429 5303 1695 5357 honorem
1738 5305 1924 5358 Romae
1970 5314 2026 5360 et

457 5385 658 5441 civium
703 5397 816 5441 tum
861 5391 968 5444 alia
1015 5391 1167 5453 fecit,
1211 5400 1325 5446 tum
1373 5393 1574 5447 multos
1619 5395 1689 5448 ad
1726 5405 2023 5466 egestatem

457 5477 712 5535 redactos
754 5480 1059 5538 liberaliter
1090 5483 1318 5537 donavit
1353 5500 1367 5536 :
1397 5494 1512 5539 tum
1560 5493 1777 5541 veteres
1812 5487 2025 5547 tabulas

454 5582 650 5622 corum
680 5572 772 5640 qui
808 5573 860 5627 in
891 5575 1116 5630 aerarios
1148 5575 1302 5630 relati
1335 5575 1579 5640 fuerant,
1611 5578 1822 5632 exussit
1851 5595 1866 5632 :
1911 5590 2022 5632 tum

455 5674 574 5725 qua:
607 5663 710 5717 sub
741 5665 980 5722 Antonio
1009 5678 1065 5724 et
1094 5669 1299 5738 Lepido
1327 5685 1424 5740 per
1452 5671 1709 5741 injuriam
1739 5680 1857 5734 acta
1899 5670 2022 5727 iue-

2129 4477 2312 4539 τείνας
2333 4477 2493 4546 λόγον
2545 4479 2674 4547 περὶ
2727 4479 2829 4548 τῆς
2883 4479 3221 4546 ὑποθέσεως,
3281 4483 3378 4535 καὶ
3427 4484 3525 4535 ἐπὶ
3575 4485 3706 4535 πᾶσι

2131 4569 2307 4623 ταῦτα
2331 4571 2630 4639 ἐπήγαγεν·
2655 4574 2725 4625 El
2749 4571 2866 4626 ὅσα
2894 4572 3101 4640 ἔτερόν
3134 4590 3269 4627 τινα
3292 4573 3564 4641 ἄρξων-τά
3593 4591 3707 4632 σου

2130 4662 2326 4716 ποιεῖν
2383 4662 2674 4727 ἐϐούλου,
2730 4663 2917 4718 ταῦτα
2977 4664 3164 4730 αὐτὸς
3224 4665 3706 4734 αὐτεπάγγελτος

2129 4757 2428 4825 πράττεις,
2455 4758 2597 4812 οὔτε
2645 4775 2699 4810 τι
2748 4759 3135 4826 ἀμαρτήσεις,
3168 4761 3267 4814 καί
3307 4760 3509 4815 πάντα
3556 4781 3699 4816 κατ-

2127 4847 2428 4915 ορθώσεις,
2453 4847 2671 4914 ἥδιστά
2704 4865 2768 4902 τε
2807 4850 2906 4903 καί
2930 4851 3370 4906 ἀκινδυνότατα
3394 4853 3620 4921 ζήσεις.
3643 4858 3706 4909 Oi

2130 4939 2231 5008 μὲν
2265 4935 2361 4993 οὖν
2399 4939 2578 4994 ταῦτα
2624 4943 2704 5012 τῷ
2757 4942 2998 5013 Καίσαρι
3047 4945 3518 5000 συνεϐούλευσαν
3577 4951 3606 5002 6
3651 4949 3704 5001 δὲ

2126 5033 2292 5101 ἄμφω
2340 5032 2438 5101 μὲν
2481 5034 2577 5088 καὶ
2619 5033 2900 5104 ἐθαύμασε
2946 5035 3043 5088 καὶ
3093 5037 3383 5108 ἐπῄνεσεν,
3426 5039 3612 5093 εἵλετο
3648 5042 3700 5093 δὲ

2125 5125 2218 5177 τοῦ
2249 5126 2534 5196 Μαικήνου
2559 5126 2660 5196 τὴν
2699 5127 3028 5199 συμϐουλὴν,
3072 5131 3165 5182 καὶ
3194 5129 3318 5183 οὔτε
3355 5131 3457 5203 τὴν
3490 5151 3700 5203 μοναρ-

2126 5216 2250 5285 χίαν
2269 5215 2502 5269 ἀπέθετο
2533 5218 2626 5270 καὶ
2649 5219 2747 5289 τὴν
2774 5218 2868 5272 τοῦ
2899 5221 3303 5292 αὐτοκράτορος
3334 5226 3697 5296 προσειλήφει

2127 5308 2436 5378 ἐπίκλησιν,
2468 5310 2530 5361 οὔ
2557 5309 2658 5378 τὴν
2688 5311 2780 5361 ἐπὶ
2824 5311 3002 5374 νίκαις
3033 5312 3176 5365 κατὰ
3203 5313 3264 5364 τὸ
3291 5313 3526 5382 ἀρχαῖον
3559 5316 3699 5368 διδο-

2131 5400 2301 5470 μένην
2345 5400 2477 5465 τισὶ,
2527 5401 2733 5470 ταύτην
2765 5404 2873 5470 γὰρ
2923 5403 3185 5466 πολλάκις
3233 5405 3538 5476 ἐπεκλήθη,
3573 5409 3702 5460 ἀλλα

2125 5493 2225 5556 τὴν
2271 5492 2334 5545 τὸ
2372 5492 2573 5563 κράτος
2626 5493 2999 5562 σημαίνουσαν
3042 5497 3107 5547 τὸ
3159 5495 3456 5565 βασίλειον.
3517 5498 3610 5568 Τῷ
3657 5502 3700 5551 6‘

2127 5583 2251 5654 ἑξῆς
2281 5585 2392 5636 ἔτει
2426 5585 2585 5638 ’ἐκτον
2629 5585 2954 5649 ὑπάτευσεν,
2979 5585 3267 5657 Ἀγρίππα
3308 5590 3358 5641 oi
3406 5589 3699 5659 συνάρχονο

2126 5694 2236 5742 τος,
2301 5676 2361 5732 ὃν
2408 5676 2855 5746 ὑπερῦαλλόντως
2917 5676 3101 5746 ἐτίμα,
3155 5680 3251 5732 καὶ
3304 5677 3402 5748 τὴν
3464 5679 3697 5747 ἀδελφὴν
