3976 6204
279 261 385 327 901

1526 258 1926 325 ANNALIUM
1963 242 2109 318 Lm.
2151 257 2226 320 Χ.

3430 264 3536 327 θθὲ

279 375 432 447 αὐτῷ
473 376 577 446 τὴν
619 374 916 430 Ὄκταδίαν
952 373 1245 446 συνῴκισε.
1281 374 1393 429 Καὶ
1422 375 1521 445 τῆς
1560 376 1856 445 γερουσίας

1959 377 2104 435 rant,
2155 383 2270 423 uno
2316 367 2541 423 decreto
2593 367 2835 424 abolevit
2887 372 3090 426 omnia.
3129 373 3278 440 Quas
3322 375 3396 431 ob
3445 393 3534 435 res

278 469 577 540 πρόκριτος
626 467 904 537 ἐπεκλήθη
958 467 986 518 ὁ
1023 467 1263 537 Καῖσαρ,
1296 467 1371 531 ὡς
1418 468 1476 519 ἐν
1524 469 1589 538 τῇ
1640 466 1863 537 ἀκριϐεῖ

266 559 632 631 δημοκρατία
676 560 1001 629 νενόμιστο,
1037 558 1174 613 ἄλλα
1228 577 1290 613 τε
1334 560 1506 613 πολλὰ
1560 559 1861 629 πεποίηκεν

277 653 361 717 είς
387 652 558 721 τιμὴν
597 651 701 720 τῆς
744 649 963 721 Ῥώμης
996 652 1091 704 καὶ
1133 650 1242 703 τῶν
1288 651 1542 715 πολιτῶν,
1579 652 1672 703 καί
1720 650 1858 719 χρή-

280 760 433 812 ματα
496 742 712 805 πολλοῖς
764 742 889 794 ’τῶν
948 740 1182 795 πολιτῶν
1233 741 1524 813 ἐχαρίσατο
1590 739 1859 812 λαμπρῶς

282 834 676 904 πενητεύσασι,
708 834 777 887 τά
820 850 879 886 τε
935 832 1141 887 παλαιὰ
1192 834 1501 901 συμϐόλαια
1530 833 1638 886 τῶν
1668 835 1744 896 είς
1799 832 1860 884 τδ

278 927 463 980 κοινὸν
495 926 826 995 ὀφειλόντων
863 923 1172 978 κατέκαυσε
1199 942 1213 956 ·
1247 927 1344 979 καὶ
1372 926 1471 978 ὅσα
1498 924 1591 978 ἐπὶ
1619 923 1855 977 Λεπίδου

279 1019 377 1072 καὶ
423 1015 713 1071 Ἀντωνίου
768 1015 967 1079 ἀδίκως
1002 1017 1274 1084 ἐγένοντο,
1307 1015 1377 1070 δι’
1418 1015 1537 1079 ἐνὸς
1568 1014 1861 1089 προγράμ-

281 1124 455 1179 ματος
506 1107 802 1161 κατέλυσεν
849 1105 1085 1163 ἅπαντα.
1121 1109 1233 1162 Καὶ
1273 1109 1366 1162 ἐπὶ
1405 1110 1616 1172 τούτοις
1654 1108 1860 1178 ὑμνού-

280 1215 471 1269 μενος,
505 1198 598 1252 ἴνα
635 1200 840 1269 μᾶλλον
874 1199 1160 1270 τιμηθείη,
1203 1200 1298 1252 καί⁵
1334 1197 1466 1269 παρ’
1495 1200 1732 1252 ἑκόντων
1761 1199 1860 1268 τὴν

278 1292 589 1361 μοναρχίαν
644 1291 847 1351 ,λαϐεῖν
922 1290 1295 1363 ἐπεθύμησεν.
1364 1292 1455 1355 Ὦς
1529 1291 1603 1364 μὴ
1671 1290 1856 1363 δοκοίη

275 1382 526 1435 ἀκόντων
554 1380 769 1453 ἄρχειν,
789 1383 885 1436 καὶ
914 1385 1040 1447 τοὺς
1066 1384 1215 1455 αὐτῷ
1248 1383 1484 1454 μάλιστα
1508 1385 1855 1453 ἐπιτηδείους

277 1475 739 1545 παρασκευάσας,
775 1476 856 1536 είς
884 1474 982 1544 τὴν
1020 1475 1314 1543 γερουσίαν
1351 1475 1602 1544 εἰσῆλθεν
1627 1474 1858 1543 ἕϐδομον

275 1566 596 1631 ὐπατεύων,
626 1566 723 1618 καὶ
753 1566 1169 1635 rapat-reisue;
1212 1565 1388 1633 λέγων
1418 1566 1517 1635 τὴν
1554 1567 1856 1637 μοναρχίαν

271 1656 376 1708 καὶ
408 1658 585 1709 πάντα
618 1653 722 1705 ὑπὸ
767 1657 878 1716 τοῖς
910 1654 1159 1723 ἀρίστοις
1202 1657 1397 1719 ποιεῖν,
1430 1656 1606 1709 ἐδέετο
1649 1657 1856 1709 τούτων

1963 475 2089 515 cum
2124 461 2383 516 laudibus
2419 464 2470 514 in
2504 462 2703 517 coelum
2735 463 3050 530 ell‘erretur,
3095 468 3322 538 majoris
3368 474 3533 528 etiam

1961 551 2191 606 honoris
2218 552 2496 607 desiderio
2531 554 2823 624 imperium
2860 571 2890 610 a
2923 557 3238 613 volentibus
3283 562 3532 631 accipere

1964 646 2317 709 desideravit,
2353 663 2416 702 ac
2442 664 2512 704 nc
2534 649 2720 706 invitis
2767 651 3038 721 imperare
3066 655 3368 722 videretur,
3402 659 3534 712 sub.

1961 739 2170 793 ornatis
2228 738 2437 794 intimis
2488 740 2625 803 suis,
2684 744 2978 811 septimum
3027 748 3219 800 consul
3271 748 3325 801 in
3376 751 3529 803 curia

1960 828 2293 898 deprecatus
2320 839 2401 886 est
2437 832 2729 902 imperium
2760 853 2773 887 :
2815 842 2870 889 et
2900 852 3114 890 summa
3143 854 3329 893 rerum
3381 843 3526 910 opti-

1960 920 2226 986 matibus,
2249 921 2599 988 demandata,
2630 939 2725 978 eos
2772 927 3007 996 rogavit,
3056 937 3116 982 ut
3158 945 3317 1000 aequo
3344 932 3529 986 animo

1960 1023 2021 1063 se
2048 1010 2318 1080 privatam
2355 1013 2522 1068 vitam
2555 1030 2720 1085 agere
2748 1029 3095 1086 paterentur.
3147 1022 3217 1076 At
3251 1033 3531 1079 senatores

1957 1102 2081 1171 ejus
2114 1106 2445 1160 sententiam
2477 1108 2674 1176 partim
2717 1109 2977 1175 scientes,
3014 1114 3213 1181 partim
3244 1117 3533 1186 suspican-

1962 1201 2065 1259 tes,
2091 1194 2183 1248 alii
2220 1208 2451 1267 arguere
2481 1199 2763 1265 nolebant,
2806 1202 2899 1256 alii
2933 1203 3219 1259 timebant.
3254 1206 3391 1261 Cum
3429 1210 3526 1279 igi-

1959 1293 2048 1337 tur
2081 1286 2130 1337 ei
2162 1286 2390 1342 credere
2419 1289 2508 1343 alii
2537 1290 2823 1360 (ingerent,
2856 1293 2949 1348 alii
2982 1310 3207 1353 necesse
3240 1300 3528 1370 haberent,

1958 1374 2253 1445 imperium
2300 1381 2542 1435 retinere
2596 1394 2821 1438 coactus
2872 1393 2956 1440 est
3004 1389 3235 1445 scilicet.
3283 1392 3403 1459 Quo
3463 1401 3529 1450 ad

1959 1467 2108 1523 hunc
2139 1470 2360 1524 modum
2395 1487 2424 1525 a
2460 1485 2655 1528 senatu
2685 1477 2997 1547 populoque
3039 1478 3277 1542 ﬁrmato,
3313 1497 3529 1540 omnem

1960 1559 2280 1626 reipublicae
2317 1576 2506 1616 curam
2547 1564 2601 1618 in
2639 1581 2698 1620 se
2731 1569 2993 1638 suscepit.
3027 1570 3347 1627 Provincias
3383 1574 3535 1628 inlir-

1960 1651 2186 1716 miores,
2216 1662 2277 1705 ut
2309 1663 2533 1722 pacatas
2566 1664 2623 1710 et
2674 1656 2949 1724 imbelles,
2984 1663 3239 1718 attribuit
3271 1668 3485 1721 senatui
3518 1688 3529 1721 :

267 1746 536 1811 δέξασθαι
563 1747 727 1799 αὑτοῦ
771 1749 869 1818 τὴν
903 1748 1004 1817 τῆς
1047 1747 1350 1818 μοναρχίας
1389 1748 1671 1802 ἀπόθεσιν.
1705 1749 1768 1801 οἱ
1797 1749 1852 1802 δὲ

1961 1741 2260 1808 ﬁrmiores,
2296 1753 2357 1798 ut
2382 1747 2721 1815 periculosas
2751 1758 2806 1803 et
2840 1766 3037 1820 parum
3065 1761 3232 1820 tutas,
3285 1754 3399 1824 ipsc
3440 1772 3530 1811 re-

266 1840 379 1909 τῆς
412 1838 634 1909 βουλῆς,
671 1839 720 1891 οἱ
752 1839 853 1909 μέν
887 1838 1089 1901 εἰδότες
1118 1839 1218 1909 τὴν
1246 1838 1476 1910 γνώμην
1506 1839 1696 1903 αὐτοῦ,
1730 1840 1780 1892 οἱ
1809 1840 1857 1892 δ’

1964 1830 2143 1885 tinuit.
2183 1832 2238 1887 ld
2268 1850 2336 1889 eo
2369 1837 2703 1904 pertinebat,
2740 1839 2897 1911 533
2929 1849 2990 1896 ut
3017 1854 3243 1899 senatus
3277 1848 3507 1916 pulcher

269 1930 706 1996 ὑποπτεύοντες,
740 1931 789 1983 οἱ
822 1930 922 2000 μὲν
949 1929 1167 1999 ἐλέγξαι
1209 1932 1374 1983 αύτδν
1418 1931 1519 1983 οὐκ
1548 1931 1857 1998 ἐδούλοντο,

1963 1923 2119 1978 rimis
2147 1924 2362 1994 imperii
2396 1929 2648 1997 partibus
2676 1931 2803 1993 frui,
2848 1933 2963 2002 ipse
2995 1934 3213 1991 labores
3258 1939 3531 1996 sustineri-

267 2022 328 2074 ei
364 2020 413 2075 δ’
442 2021 806 2076 ἐδεδοίκεσαν.
841 2021 1003 2074 Ὅθεν
1052 2023 1145 2075 καὶ
1196 2021 1472 2075 πιστεύειν
1500 2021 1651 2093 αὐτῷ
1681 2025 1729 2077 oi
1756 2023 1857 2093 μὲν

1961 2014 2291 2070 videretur:
2326 2030 2452 2071 cum
2499 2017 2552 2072 id
2607 2020 2727 2090 ejus
2767 2023 3060 2078 consilium
3116 2036 3283 2094 esset,
3346 2038 3404 2083 ut
3454 2030 3529 2084 illi

268 2115 630 2187 ἐπλάττοντο,
665 2116 713 2166 oi
755 2114 811 2166 δὲ
862 2113 1256 2183 ἠναγκάζοντο,
1293 2114 1389 2168 καλ⁸
1439 2113 1665 2168 ἐσίασαν
1697 2115 1857 2186 δῆθεν

1959 2106 2203 2162 inermes
2236 2116 2292 2162 et
2330 2107 2582 2165 imbelles
2613 2122 2799 2166 essent
2820 2154 2834 2177 ,
2871 2114 2987 2183 ipse
3017 2132 3169 2172 arma
3195 2128 3443 2186 teneret,
3476 2133 3531 2175 et

268 2205 444 2259 αὑτὸν
495 2206 811 2276 αὐταρκεῖν.
848 2207 957 2259 Καὶ
1006 2207 1107 2274 τὴν
1165 2207 1267 2275 μὲν
1327 2207 1629 2276 ἠγεμονίαν
1680 2207 1857 2270 οὕτως

1960 2196 2166 2251 milites
2192 2198 2381 2254 aleret.
2414 2200 2493 2253 Ac
2523 2215 2594 2254 ne
2620 2201 2752 2270 quid
2784 2203 2993 2273 regium
3034 2221 3143 2275 pra:
3169 2221 3226 2262 se
3246 2208 3441 2275 ferret,
3476 2211 3528 2264 in

270 2297 434 2367 παρά
468 2313 527 2349 τε
558 2297 655 2366 τῆς
690 2297 983 2366 γερουσίας
1017 2295 1230 2349 καὶτοῦ
1257 2295 1432 2365 δήμου
1457 2296 1854 2360 ἐϐεϐαιώσατο,

270 2387 377 2439 καὶ
413 2386 514 2455 τὴν
554 2380 833 2457 φροντίδα
894 2388 1073 2439 πᾶσαν
1129 2385 1240 2437 τῶν
1291 2384 1486 2437 κοινῶν
1537 2385 1852 2451 ὑπεδέξατο.

270 2477 405 2532 Τῶν
435 2477 482 2531 δ’
508 2477 679 2532 ἐθνῶν
721 2479 790 2531 τὰ
829 2477 931 2548 μὲν
966 2478 1336 2547 ἀσθενέστερα
1375 2476 1452 2541 ὡς
1489 2479 1747 2549 είρηνχῖά
1793 2495 1852 2531 τε

268 2569 376 2624 καὶ
421 2569 675 2637 ἀπόλεμα
730 2569 1065 2638 προσένειμε
1099 2569 1166 2638 τῇ
1208 2566 1413 2638 βουλῇ*
1446 2565 1515 2620 τὰ
1554 2567 1600 2621 δ’
1642 2568 1860 2639 ἰσχυρό-

267 2676 416 2731 τερα
471 2658 547 2723 ὡς
577 2657 896 2712 ἐπικίνδυνα
951 2657 1094 2728 τάχα
1151 2657 1246 2709 καὶ
1304 2656 1552 2726 σφαλερὰ
1583 2657 1856 2725 κατέσχεν

273 2751 474 2813 «om,
510 2749 734 2818 δοκήσει
785 2748 884 2819 μὲν
919 2749 1071 2810 ὅπως
1111 2749 1143 2819 ὴ
1190 2749 1456 2819 γερουσία
1488 2749 1557 2800 τὰ
1591 2747 1856 2801 κάλλιστα

272 2838 384 2907 τῆς
413 2837 589 2908 ἀρχῆς
620 2836 904 2907 καρπῷτο,
955 2832 1102 2905 αύτῷ
1147 2834 1192 2887 δ’
1236 2836 1287 2888 οἱ
1341 2836 1491 2889 πόνοι
1530 2834 1856 2899 ἐπίκεινται,

266 2932 347 3000 τῇ
401 2928 449 2982 δ’
507 2927 761 3000 ἀληθείᾳ,
811 2928 899 2981 ἵνα
952 2930 1158 2982 ἐκεῖνοι
1212 2928 1314 3001 μὲν
1369 2929 1466 2981 καὶ
1520 2926 1713 2980 ἄοπλοι
1765 2927 1859 2981 καὶ

267 3024 485 3092 ἄμαχοι
515 3015 849 3085 ὧσιν,αὐτδς
876 3022 932 3073 δὲ
962 3023 1053 3074 καὶ
1080 3021 1222 3074 ὅπλα
1244 3020 1346 3091 ἔχῃ
1378 3021 1474 3073 καὶ
1510 3020 1856 3090 στρατιώτας

267 3114 478 3184 τρέφῃ.
506 3113 625 3165 Ἵνα
645 3112 703 3165 δέ
739 3114 815 3185 μή
853 3129 907 3164 τι
941 3113 1273 3182 μοναρχικδν
1318 3110 1501 3181 δοκοίη
1531 3114 1769 3182 φρονεῖν,
1800 3114 1857 3174 ἐς

270 3207 417 3259 δέκα
445 3205 542 3275 ἐτη
583 3206 681 3276 τὴν
715 3206 890 3275 ἀρχὴν
915 3204 1023 3258 τῶν
1050 3203 1512 3275 ἀπονεμηθέντων
1542 3203 1691 3273 αιτῷ
1720 3218 1856 3255 κατ-

270 3296 523 3361 εδέξατο.
571 3294 828 3367 Τοσούτῳ
879 3297 990 3367 γὰρ
1021 3303 1027 3308 “
1061 3296 1239 3366 χρόνῳ
1301 3297 1443 3349 αύτά
1495 3295 1859 3364 καταστήσειν

269 3391 574 3459 ὑπέσχετο,
612 3386 757 3458 λόγῳ
804 3387 977 3441 ταῦτα
1037 3385 1532 3456 ἐπαγγελλόμενος.
1583 3385 1695 3453 Τῆς
1749 3384 1856 3455 γὰρ

266 3481 564 3544 δεκαετίας
591 3478 954 3550 περανθείσης
983 3479 1149 3549 ἔτερα
1176 3478 1340 3530 πέντε
1383 3476 1477 3547 έτη
1510 3515 1527 3541 ,
1558 3471 1658 3530 εἶτ’
1699 3473 1857 3538 αὖθις

270 3573 468 3638 πέντε,
496 3574 594 3625 καλ⁵
633 3571 772 3642 μετὰ
800 3570 963 3623 τοῦτο
1005 3570 1141 3623 δέκα
1186 3571 1284 3622 καὶ
1324 3569 1490 3638 ἔτερα
1527 3567 1690 3621 πάλιν
1725 3585 1855 3620 πεν-

269 3664 441 3727 τάκις
494 3660 603 3734 (86)
650 3661 800 3730 αὐτῷ
831 3659 1131 3730 ἐψηφίσθη,
1165 3660 1305 3713 ὥστε
1349 3661 1415 3728 τῇ
1460 3657 1568 3711 τῶν
1598 3658 1859 3727 δεκαετη-

271 3754 450 3827 ρίδων
491 3753 707 3825 διαδοχῇ
759 3750 849 3806 διὰ
904 3752 1022 3823 βίου
1083 3749 1427 3823 μοναρχῆσαι
1482 3747 1667 3801 αθτόν.
1714 3751 1860 3802 Κάν-

264 3844 476 3899 τιῦθεν
520 3844 616 3897 καὶ
649 3845 701 3897 oi
751 3842 871 3914 μετ’
902 3844 1067 3896 αὑτὸν
1089 3841 1516 3912 αὐτοκράτορες,
1552 3838 1733 3892 καίτοι
1768 3839 1857 3892 διά

268 3937 401 4007 βίου
436 3935 917 4005 ἀποδεικνύμενοι,
969 3933 1121 4004 ὅμως
1170 3931 1260 3985 διὰ
1298 3929 1407 3983 τῶν
1439 3929 1572 3981 δέκα
1608 3929 1746 3981 ἐτῶν
1769 3930 1858 3981 ἀεὶ

268 4026 576 4098 ἑώρταζον,
607 4027 685 4088 ὼς
716 4022 873 4085 αὖθις
906 4025 1030 4077 τότε
1060 4021 1157 4093 τὴν
1184 4019 1491 4092 ἠγεμονίαν
1518 4016 1854 4089 ἀνανεούμε-

267 4134 385 4173 νοι.
420 4117 598 4170 Πολλὰ
628 4116 686 4169 δέ
712 4116 808 4169 καὶ
830 4115 954 4167 τότε
979 4115 1059 4178 είς
1102 4113 1270 4182 τιμὴν
1299 4104 1577 4180 ἐψηφίσθη
1617 4106 1696 4179 τῷ
1723 4107 1860 4161 Καί-

270 4226 435 4280 σαρι,
468 4212 563 4262 καὶ
609 4207 923 4276 Αὔγουστος
967 4204 1270 4276 ἐπεκλήθη.
1330 4202 1547 4272 Ἐφίετο
1595 4201 1695 4272 μὲν
1748 4202 1857 4271 γὰρ

282 4300 576 4368 Ῥωμύλος
601 4299 991 4369 ὀνομασθῆναι,
1014 4295 1335 4365 αίσθόμενος
1358 4294 1415 4347 δέ
1453 4290 1858 4347 ὑποπτεύεσθαι

1956 2288 2275 2357 provincias
2300 2289 2407 2345 sibi
2436 2292 2732 2349 attributas
2766 2293 3061 2364 imperium
3097 2297 3163 2352 ad
3194 2298 3525 2355 decennium

1956 2381 2194 2450 accepit,
2226 2392 2434 2451 quanto
2479 2393 2728 2455 tempore
2762 2401 2821 2440 se
2850 2387 2973 2444 illas
3010 2399 3334 2458 pacaturum
3370 2393 3527 2462 polli-

1957 2470 2210 2525 cebatur.
2241 2470 2348 2527 Sed
2381 2489 2444 2528 ea
2477 2475 2737 2531 nimirum
2768 2477 2935 2532 verba
2962 2491 3140 2535 erant.
3176 2480 3354 2536 Finito
3380 2483 3527 2536 enim

1958 2562 2253 2625 decennio,
2309 2566 2795 2636 quinquennium:
2834 2567 3034 2625 deinde
3086 2570 3318 2625 alterum
3366 2571 3530 2641 quiu—

1957 2654 2283 2722 quennium,
2328 2666 2453 2725 post
2500 2658 2829 2712 decennium
2871 2676 2886 2714 :
2923 2676 3047 2713 mox
3083 2660 3191 2715 alia
3232 2662 3532 2732 quinquies

1958 2746 2007 2800 ei
2043 2746 2263 2802 decreta
2310 2757 2461 2813 sunt,
2502 2759 2565 2802 ut
2612 2750 3008 2805 decenniorum
3041 2753 3391 2807 successione
3432 2769 3532 2823 per

1961 2852 2178 2892 omnem
2217 2849 2430 2895 mtatem
2463 2842 2613 2896 solus
2659 2857 2846 2896 rerum
2894 2842 3187 2912 potiretur.
3253 2843 3413 2901 Unde
3453 2845 3534 2899 fa-

1961 2937 2109 2982 ctum
2126 2939 2231 2991 est.
2250 2938 2311 2983 ut
2341 2929 2704 3000 imperatores
2724 2933 2816 3002 qui
2846 2933 3000 2987 illum
3027 2933 3202 2989 secuti
3229 2942 3379 3000 sunt,
3405 2950 3531 2989 cum

1964 3019 2021 3073 in
2072 3034 2289 3075 omnem
2345 3029 2561 3078 aetatem
2616 3033 2960 3090 crearentur,
3024 3033 3206 3081 tamen
3255 3025 3532 3081 decimum

1962 3124 2236 3178 quemque
2266 3119 2470 3165 annum
2519 3110 2716 3166 festum
2752 3124 2997 3184 agerent,
3052 3116 3343 3184 imperium
3377 3114 3539 3185 quasi

1961 3211 2311 3255 renovantes.
2372 3201 2511 3254 Tum
2563 3213 2765 3271 ιιι-αξιοι·
2816 3205 3022 3260 multos
3073 3205 3214 3260 alios
3270 3205 3533 3269 honores,

1959 3290 2123 3344 etiam
2160 3292 2440 3361 Augustus
2466 3302 2550 3347 est
2581 3293 3023 3362 cognominatus.
3070 3294 3207 3349 Nam
3254 3308 3380 3350 cum
3430 3295 3534 3350 Ro-

1960 3383 2143 3437 mulus
2186 3383 2292 3436 dici
2344 3395 2594 3453 cuperet,
2623 3394 2679 3439 et
2730 3394 2913 3439 tamen
2960 3386 3335 3456 suSpicionem
3382 3388 3531 3457 regni

1958 3475 2240 3542 concupiti
2272 3475 2469 3529 vitaret
2494 3476 2747 3545 (Romani
2776 3478 2922 3533 enim
2947 3494 3072 3533 cum
3100 3479 3278 3548 ipsum
3303 3494 3533 3549 regnum

1958 3572 2299 3633 paterentur,
2332 3580 2534 3619 nomen
2569 3567 2719 3636 regni
2753 3567 3176 3636 aversabantur)
3212 3582 3275 3621 ea
3307 3568 3531 3637 quidem
3628 3621 3635 3627 ,

1959 3653 2325 3723 appellatione
2356 3656 2654 3723 abstinuit;
2684 3660 2988 3728 Augustum
3021 3666 3205 3712 autem
3249 3672 3307 3712 se
3346 3659 3535 3728 appel-

1958 3743 2058 3797 lari
2113 3745 2312 3811 voluit,
2348 3755 2411 3800 ut
2450 3746 2687 3800 humana
2739 3748 3059 3802 conditione
3107 3748 3388 3818 majorem.
3440 3746 3535 3802 Sic

1958 3835 2107 3888 enim
2158 3834 2505 3889 sanctissima
2543 3850 2772 3903 quaeque
2801 3845 2857 3890 et
2884 3850 3115 3891 summa:
3162 3836 3531 3893 venerationis

1959 3928 2242 3983 dicuntur.
2282 3927 2681 3997 lmpcratorum
2720 3928 3074 3995 domicilium
3122 3929 3385 3999 palatium
3440 3945 3533 3985 vo-

1961 4027 2139 4083 catur,
2171 4019 2317 4088 quod
2347 4019 2402 4073 in
2438 4026 2623 4073 monte
2662 4019 3147 4095 Palatino‘Caasar,
3178 4028 3240 4076 ut
3281 4027 3339 4076 et
3398 4019 3532 4075 Fau-

1958 4109 2134 4165 stulus
2176 4108 2397 4164 Romuli
2428 4108 2714 4172 nutritius,
2752 4108 3059 4172 habitabat,
3104 4108 3293 4179 ibique
3334 4117 3535 4180 prteto-

1959 4200 2103 4256 rium
2157 4200 2418 4255 habebat.
2474 4199 2842 4266 Quamobrem
2886 4201 2991 4255 etsi
3043 4200 3345 4271 imperator
3399 4198 3534 4255 alibi

1959 4291 2270 4352 diverterit,
2306 4298 2487 4345 tamen
2511 4291 2631 4361 ejus
2654 4290 2956 4360 hospitium
2984 4290 3038 4347 id
3062 4307 3262 4346 nomen
3294 4289 3551 4359 obtinet._

269 4397 346 4447 ἐκ
401 4392 593 4445 τούτου
646 4392 743 4462 τῆς
794 4388 1073 4461 βασιλείας
1121 4387 1435 4457 ἐπιθυμεῖν,
1470 4385 1539 4457 (οἱ
1569 4386 1677 4455 γὰρ
1721 4384 1856 4438 Ῥω·

1962 4382 2151 4439 Omnis
2177 4390 2359 4436 autem
2398 4390 2664 4451 potestas,
2689 4398 2811 4452 qua:
2840 4383 3154 4447 consulum,
3180 4381 3527 4438 tribunorum

274 4485 757 4559 μαῖοταπράγματι
799 4484 900 4553 μὲν
927 4484 996 4535 τὰ
1021 4479 1133 4533 τῶν
1174 4478 1622 4549 βασιλευομένων
1652 4475 1859 4546 ὑπέμε-

270 4590 392 4642 νον,
421 4574 502 4645 τῷ
522 4574 567 4627 δ’
605 4574 831 4645 ὀνόματι
863 4568 1116 4643 ἦχθοντο)
1142 4567 1415 4639 ἀπέσχετο
1441 4565 1535 4620 τοῦ
1583 4565 1862 4633 Ῥωμύλος

274 4666 668 4737 ἐπικληθῆναι,
714 4665 807 4717 καὶ
856 4662 1167 4730 Αὔγουστος
1222 4657 1511 4713 καλεῖσθαι
1562 4655 1855 4728 ἠθέλησεν,

273 4762 357 4824 ὡς
416 4758 510 4812 καὶ
566 4756 753 4810 πλεῖόν
800 4772 855 4808 τι
904 4755 939 4825 ἦ
996 4753 1139 4806 κατά
1191 4749 1518 4820 ἀνθρώπους
1571 4747 1856 4817 ὑπάρχων.

1959 4471 2161 4542 plebis,
2227 4485 2546 4537 censorum,
2601 4482 2927 4526 cancrorum
2989 4473 3227 4543 denique
3282 4474 3530 4528 omnium

1958 4563 2088 4618 olim
2142 4562 2343 4629 fuerat,
2399 4563 2454 4617 iu
2508 4562 2873 4632 imperatores
2902 4574 2988 4618 est
3029 4564 3311 4620 translata.
3348 4564 3528 4635 Atque

1959 4654 2097 4709 illud
2140 4655 2307 4708 etiam
2357 4654 2437 4708 eis
2472 4653 2680 4718 datum,
2724 4664 2785 4708 ut
2834 4653 3047 4725 legibus
3097 4655 3267 4711 soluti
3319 4665 3534 4721 essent,

1956 4762 2063 4801 nec
2092 4745 2206 4800 ullo
2237 4744 2558 4816 praescripto
2598 4752 2939 4799 tenerentur.

286 4853 481 4907 Πάντα
521 4852 632 4922 γὰρ
677 4853 747 4905 τὰ
806 4848 1077 4921 ἱερώτατα
1117 4844 1211 4899 καὶ
1259 4841 1536 4912 σεϐάσμια
1578 4838 1866 4907 Αὖγουστα
1898 4836 2363 4910 προσαγορεύεται
2388 4854 2404 4871 ο
2467 4835 2528 4902 ἐξ
2567 4830 2738 4907 οὗπερ
2769 4836 2862 4890 καὶ
2904 4835 3176 4890 Σέϐαστον
3236 4839 3535 4908 προσεῖπον

282 4948 457 5002 αὐτὸν
509 4945 616 4999 ἀπὸ
662 4943 757 4998 τοῦ
828 4939 1179 5005 σεὸἀζεσθαι,
1232 4931 1673 5004 ἐξελληνίζοντές
1732 4949 1848 4996 πως
1886 4932 2076 5002 ὥσπερ
2125 4932 2253 4983 τινὰ
2307 4928 2526 4983 σεπτόν.
2567 4926 2717 4982 Ἡδὲ
2764 4926 2874 4981 τῶν
2913 4926 3336 4998 αὐτοκρατόρων
3393 4944 3530 4981 κατ·

271 5041 434 5095 οικία
487 5039 747 5093 παλάτιον
796 5033 1113 5105 ὠνομάσθη,
1145 5034 1225 5084 ὅτι
1258 5028 1316 5081 ἐν
1382 5043 1441 5078 τε
1489 5024 1566 5095 τῷ
1600 5023 1845 5094 παλατίῳ
1884 5024 2167 5095 λεγομένῳ
2236 5021 2377 5095 δρει,
2446 5024 2503 5073 ἐν
2611 5018 2947 5083 Φαυστοῢλος
2990 5018 3144 5089 ᾤκει,
3180 5020 3275 5073 καὶ
3316 5020 3434 5073 ἐκεῖ
3464 5021 3531 5073 τὸ

281 5133 617 5201 στρατήγιον
666 5125 803 5199 εἶχε,
840 5106 939 5179 καὶ
994 5124 1079 5177 διὰ
1132 5120 1314 5183 τοῦτο,
1342 5118 1447 5171 κᾶν
1497 5115 1681 5170 ἄλλοθί
1723 5133 1826 5169 που
1881 5119 1908 5170 δ
1948 5115 2307 5185 αὐτοκράτωρ
2355 5113 2623 5185 καταλύῃ,
2661 5111 2762 5183 τὴν
2827 5111 2922 5164 τοῦ
2968 5110 3230 5165 παλατίου
3276 5110 3468 5181 κλῆσιν
3496 5112 3532 5182 ἡ

278 5229 590 5295 καταγωγὴ
623 5224 789 5280 αὑτοῦ
846 5222 982 5291 ἔχει.
1012 5219 1168 5272 Πᾶσα
1197 5214 1253 5268 δέ
1288 5209 1507 5278 ἐξουσία
1548 5209 1583 5279 ἦ
1633 5226 1693 5262 τε
1736 5213 1848 5273 τοῖς
1888 5210 2114 5270 ὑπάτοις
2180 5206 2243 5259 τὸ
2309 5204 2543 5260 παλαιὸν
2585 5203 2838 5274 διδομένη
2874 5202 2967 5256 καὶ
3001 5204 3033 5272 ἡ
3066 5204 3178 5265 τοῖς
3221 5203 3527 5295 δημάρχοις

278 5323 382 5377 καὶ
512 5292 624 5380 rei;
662 5317 920 5388 τιμηταῖς
974 5313 1068 5365 καὶ
1109 5311 1223 5371 τοῖς
1266 5305 1448 5366 ἀλλοις
1504 5302 1675 5355 ἅπασι
1717 5304 1832 5367 τοῖς
1899 5301 2298 5372 αὐτοκράτορσι
2347 5298 2577 5356 δέδοται.
2646 5298 2759 5351 Καὶ
2844 5295 3068 5367 προσέτι
3124 5295 3220 5349 καὶ
3273 5292 3527 5349 λελύσθαι

1476 5466 1679 5530 Variae
1701 5464 2010 5528 lectiones
2049 5469 2111 5525 et
2149 5469 2339 5525 notae.

361 5606 471 5681 {86)
513 5606 617 5681 Καὶ
644 5583 815 5675 ἔτερα
839 5602 1026 5681 atatim
1050 5596 1353 5661 πεντάκις.
1384 5592 1462 5647 ita
1490 5591 1602 5647 duo
1637 5590 1771 5656 Reg.
1836 5602 1857 5641 ε

1959 5586 2171 5641 lolliert.
2242 5583 2470 5640 Wollius
2521 5584 2679 5636 πέντε
2720 5579 2989 5636 ediderat.
3041 5577 3191 5631 Alter
3250 5572 3382 5638 Reg.
3434 5567 3530 5621 καὶ

276 5674 639 5733 ἓτεόα’πέιλιν
674 5674 767 5729 καὶ
793 5674 1073 5732 πεντάκις.
