3976 6204
413 215 521 279 903

1682 197 2009 262 JOANNIS
2049 197 2370 259 ΖΟΝΛΒΒ

3555 192 3668 260 9θέ

407 331 516 385 τῶν
551 328 732 398 νόμων
761 323 920 392 ἐδόθη
950 322 1160 387 αὐτοῖς,
1199 316 1480 373 τουτέστιν
1515 311 1839 382 ἐλευθέρους
1900 307 2010 362 amt
2049 308 2226 378 πάσης
2288 307 2397 362 τῶν
2424 305 2606 378 νίμων
2637 302 2888 375 ἀνάγκης
2910 299 3074 368 εἶναι,
3099 301 3196 358 καὶ
3230 301 3420 375 μηδενὶ
3451 303 3671 358 τούτων

409 424 716 496 ἐνέχεσθαι.

477 482 724 573 ίΧΧΙΙΙ.
766 512 886 580 Quo
918 511 1008 566 die
1042 508 1224 564 (ἔωθεν
1255 504 1537 574 Augustus
1566 496 1991 579 cognominatus

2165 489 2288 544 AI".
2333 488 2464 541 Ὅτε
2514 486 2572 540 δέ
2629 483 2945 553 Αὔγουστος
3001 482 3284 554 ἐπεκλήθη
3340 485 3370 538 δ
3424 485 3674 555 Καῖσαρ,

409 622 517 675 est,
579 617 746 663 noctu
801 618 1059 676 magnum
1123 597 1438 670 prodigium
1478 594 1712 650 exstitit.
1769 590 1987 646 Tiberis

411 704 560 759 enim
588 699 770 754 omnia
801 697 1057 751 Romanae
1089 691 1241 746 urbis
1273 689 1433 760 plana
1469 686 1584 741 loca
1622 684 1700 740 sie
1742 684 1988 737 inunda-

410 793 511 858 vit,
550 799 610 846 ut
639 789 1048 858 navigarentur.
1084 783 1204 851 Quo
1241 791 1393 836 vates
1446 777 1699 848 portendi
1752 775 1989 830 allirma-

411 892 541 938 runt
599 883 714 936 fore
779 889 839 932 ιιι
893 878 1087 931 urbem
1146 871 1530 942 ampliﬁcaret,
1595 877 1652 922 et
1713 875 1880 920 totam
1931 865 1987 918 in

413 981 683 1044 potestate
714 985 810 1024 sua
857 967 1106 1021 haberet.
1139 963 1190 1017 Is
1219 976 1347 1015 vero
1381 974 1504 1014 cum
1550 957 1656 1010 alia
1698 954 1765 1008 ad
1817 955 1989 1022 impe-

415 1067 561 1119 rium
623 1060 972 1132 pertinentia,
1037 1064 1099 1110 ut
1156 1053 1250 1125 qui
1306 1049 1618 1105 volentibus
1668 1048 1985 1117 imperaret,

414 1157 650 1211 alacrius
708 1149 1114 1207 administravit
1168 1163 1183 1198 :
1240 1154 1354 1200 tum
1424 1142 1578 1212 leges
1633 1139 1833 1202 sanxit,
1887 1149 1990 1189 nec

415 1257 600 1301 tamen
632 1251 823 1311 suapte
850 1238 1177 1294 auctoritate
1206 1249 1397 1289 omnes
1419 1272 1433 1296 ,
1487 1230 1582 1286 sed
1619 1229 1883 1298 quasdam
1919 1225 1986 1279 ad

419 1337 682 1409 populum
713 1333 862 1394 tulit,
899 1341 958 1384 ut
990 1344 1108 1398 qua:
1135 1326 1512 1395 displicerent,
1541 1337 1605 1376 ea
1636 1319 1935 1389 corrigeret
1969 1333 1984 1370 :

417 1429 643 1480 hortans
684 1437 896 1486 omnes,
948 1429 1007 1474 ut
1047 1417 1209 1488 534.
1255 1418 1299 1471 si
1333 1414 1467 1485 quid
1517 1412 1713 1467 melius
1758 1409 1986 1473 scirent,

417 1522 726 1570 monerent.
753 1512 1021 1568 Consules
1046 1511 1175 1564 item
1203 1517 1260 1562 et
1286 1523 1316 1562 e
1343 1507 1557 1562 caeteris
1582 1505 1990 1574 magistratibus

417 1609 696 1678 singulos,
730 1615 786 1660 et
817 1621 847 1658 e
879 1612 1191 1658 senatorum
1229 1614 1461 1654 numero
1494 1614 1562 1651 xv
1612 1597 1679 1650 ad
1724 1606 1990 1651 semestre

419 1700 473 1752 in
499 1696 790 1751 consilium
820 1692 1091 1755 adhibuit,
1123 1699 1184 1744 ut
1214 1705 1312 1758 per
1341 1702 1436 1742 eos
1461 1686 1716 1742 omnibus
1741 1701 1805 1740 ea
1835 1700 1988 1740 com-

421 1790 752 1849 municaret,
817 1801 938 1855 qua:
998 1779 1350 1836 deliberanda
1412 1785 1637 1842 essent,
1709 1776 1986 1830 interdum

420 1881 586 1935 etiam
614 1880 704 1948 jus
733 1893 855 1930 cum
883 1877 964 1930 eis
991 1875 1144 1927 dixit.
1171 1873 1305 1927 Nam
1333 1880 1556 1925 senatus
1595 1869 1761 1922 etiam
1801 1883 1897 1937 per
1931 1883 1990 1922 se

423 1971 677 2038 sull‘ragia
739 1969 998 2022 ferebat:
1043 1966 1232 2035 legatis
1288 1978 1507 2033 quoque
1555 1971 1611 2016 et
1665 1961 1991 2016 caduceato-
2038 1985 2042 1990 -

425 2061 581 2114 ribus
617 2059 917 2129 respondit.
949 2056 1194 2125 Populus
1222 2053 1470 2123 quamvis
1495 2052 1560 2106 ad
1607 2052 1824 2107 comitia
1855 2066 1992 2106 con-

424 2152 660 2215 veniret,
693 2150 831 2204 nihil
869 2160 1048 2203 tamen
1083 2149 1395 2215 gerebatur,
1426 2143 1571 2214 quod
1621 2143 1698 2197 illi
1732 2143 1990 2212 displice-

427 2251 533 2296 ret.
591 2241 947 2311 Magistratus
993 2237 1192 2308 partim
1250 2238 1366 2306 ipse
1417 2234 1746 2304 designavit,
1793 2235 1992 2304 partim

429 2333 662 2387 arbitrio
702 2332 889 2402 pepuli
943 2328 1310 2400 designandos
1360 2328 1610 2398 permisit
1659 2327 1762 2380 :in
1801 2326 1854 2380 id
1909 2327 1997 2380 in-

427 2431 634 2486 tentus,
673 2438 741 2476 ne
778 2420 972 2490 inepti,
998 2434 1134 2473 neve
1167 2433 1265 2487 per
1295 2417 1561 2472 ambitum
1597 2424 1653 2470 et
1680 2415 1996 2486 largitiones

427 2512 596 2581 aliqui
639 2519 981 2564 crearentur.
1027 2508 1230 2563 Gentes
1273 2507 1535 2576 quasdam
1586 2522 1684 2576 per
1732 2507 1994 2575 semetip-

427 2617 570 2666 sum,
611 2603 808 2670 partim
848 2615 946 2669 per
990 2600 1126 2652 alios
1173 2599 1420 2652 Romano
1467 2597 1696 2667 imperio
1736 2596 1993 2666 subjecit.

429 2693 496 2744 At
523 2690 734 2762 {Egypti
763 2701 962 2761 praztor
983 2690 1160 2744 Elius
1185 2689 1370 2744 Gallus
1395 2687 1744 2756 expeditione
1777 2687 1830 2742 in
1861 2689 1998 2741 Ara-

429 2784 570 2837 biam
611 2783 870 2846 Felicem,
903 2781 992 2836 cui
1033 2780 1204 2835 Sabas
1236 2780 1558 2851 imperabat,
1588 2789 1861 2850 suscepta,
1893 2778 1997 2834 etsi

428 2877 479 2930 ei
518 2875 809 2929 resistebat
843 2889 1028 2935 nemo,
1062 2889 1170 2926 non
1206 2881 1388 2928 tamen
1427 2872 1564 2927 citra
1587 2886 1889 2927 aerumnam
1916 2879 2000 2926 est

431 2981 776 3038 progressus.
811 2963 942 3018 Nam
977 2973 1033 3017 et
1062 2964 1378 3027 solitudine,
1412 2972 1468 3019 et
1510 2963 1642 3018 solis
1673 2963 1893 3027 ardore,
1944 2970 2001 3017 et

430 3075 571 3128 aqua
631 3057 900 3112 insalubri
957 3056 1161 3110 milites
1224 3057 1465 3126 graviter
1516 3063 1644 3109 sunt
1695 3054 1900 3118 alllicti,
1941 3061 2001 3107 ut

2091 586 2318 656 σημεῖον
2372 582 2433 636 οὐ
2495 580 2696 652 μικρὸν
2748 581 2869 634 τότε
2926 579 3070 634 κατά
3099 578 3198 650 τὴν
3244 578 3417 634 νύκτα
3449 581 3677 650 ἐκείνην

2086 679 2328 746 ἐγένετο.
2388 675 2449 726 '0
2504 673 2611 744 γὰρ
2665 673 2913 743 Τίϐερις,
2957 671 3284 741 πελαγίσας,
3337 675 3520 726 πᾶσαν
3575 675 3679 744 τὴν

2087 768 2312 822 πεδιάδα
2341 766 2440 836 τῆς
2471 764 2690 836 Ῥώμης
2720 763 3022 819 κατέλαϐεν
3051 763 3196 818 ὥστε
3232 765 3489 818 πλεῖσθαι
3511 781 3528 796 ⁸
3576 768 3679 821 καὶ

2085 859 2134 910 oi
2167 857 2389 928 μάντεις
2427 856 2508 908 ὃτι
2542 871 2601 906 τε
2642 855 2735 906 ἐπὶ
2769 854 2914 922 μέγα
2941 850 3192 922 αὐξήσει,
3232 855 3326 903 καὶ
3352 851 3442 905 ὅτι
3484 853 3676 905 πᾶσαν

2085 949 2185 1019 τὴν
2242 947 2400 1000 πόλιν
2459 945 2783 1014 ὐποχειρίαν
2835 943 2972 1010 ἔξει,
3011 945 3075 997 ἐκ
3135 943 3331 996 τούτου
3373 947 3679 1013 προεῖπον.

2099 1040 2159 1092 '0
2188 1039 2244 1092 δέ
2283 1039 2350 1093 τά
2388 1055 2444 1091 τε
2476 1037 2612 1092 ἄλλα
2639 1037 2708 1090 τὰ
2751 1039 2817 1106 τῇ
2869 1037 3013 1106 ἀρχῇ
3065 1037 3418 1105 προσήκοντα
3466 1036 3681 1107 προθυ-

2091 1130 2322 1202 μότερον
2367 1129 2662 1198 ἔπραττεν,
2712 1127 2787 1189 ὡς
2837 1126 3129 1180 ἐθελόντων
3163 1127 3371 1197 ἄρχων,
3405 1128 3504 1180 καὶ
3561 1130 3682 1182 ἐνοι-

2093 1223 2310 1291 μοθέτει
2335 1239 2347 1251 ·
2374 1222 2434 1274 οὐ
2488 1221 2671 1290 μέντοι
2737 1220 2914 1270 πάντα
2953 1217 3406 1287 ἐθελογνωμονῶν
3474 1219 3675 1287 ἐνομο-

2091 1311 2259 1375 θέτει,
2289 1309 2404 1364 ἀλλ’
2438 1309 2586 1362 ἐστιν
2627 1308 2664 1362 ἀ
2713 1307 2809 1360 καὶ
2858 1307 2916 1369 ἐς
2947 1306 3009 1359 τὸ
3053 1307 3316 1376 δημόσιον
3365 1307 3678 1376 προετίθει,

2087 1404 2235 1466 ὅπως
2271 1402 2335 1454 ἄν
2356 1419 2408 1454 τι
2443 1400 2516 1470 μὴ
2552 1399 2746 1470 ἀρέσῃ,
2767 1397 3150 1468 ἐπανορθώσῃ,
3181 1401 3276 1451 καὶ
3299 1398 3684 1468 προετρέπετο

2095 1494 2279 1548 πάντα
2330 1489 2722 1561 συμϐουλεύειν
2771 1487 2920 1558 αὐτῷ
2955 1487 3009 1540 εῐ
3035 1487 3119 1550 τίς
3150 1505 3204 1540 τι
3235 1487 3461 1558 ἄμεινον
3511 1489 3676 1558 γνοίη

2090 1584 2280 1640 αὐτοῦ.
2336 1585 2446 1636 Kal
2485 1581 2613 1645 τούς
2669 1581 2910 1644 ὑπάτους
2958 1582 3054 1634 καὶ
3096 1581 3163 1633 ἐκ
3202 1580 3311 1634 τῶν
3351 1581 3531 1634 ἄλλων
3578 1582 3680 1649 ἀρ-

2091 1679 2296 1749 χόντων
2323 1675 2422 1728 ἕνα
2448 1675 2579 1744 παρ’
2611 1674 2887 1737 ἐκάστων,
2928 1674 3024 1726 καὶ
3060 1674 3126 1726 ἐκ
3169 1672 3262 1726 τοῦ
3303 1672 3413 1726 τῶν
3443 1671 3682 1743 βουλευ-

2091 1769 2202 1822 τῶν
2235 1767 2480 1835 πλήθους
2511 1763 2911 1818 πεντεκαίδεκα
2943 1762 3281 1833 συμϐούλους
3310 1765 3367 1826 ἐς
3396 1763 3682 1834 ἑξάμηνον

2093 1858 2540 1929 παρελάμϐανεν,
2562 1854 2703 1908 ὥστε
2733 1854 2801 1908 δι’
2833 1854 3016 1907 αὐτῶν
3046 1855 3141 1908 καὶ
3178 1855 3311 1906 πᾶσι
3350 1855 3681 1908 κοινοῦσθαι

2093 1952 2160 2005 τά
2199 1949 2582 2020 βουλευόμενα.
2619 1947 2776 1998 Ἐστι
2821 1943 2868 1998 δ’
2913 1946 3001 1998 ὅτε
3033 1945 3126 1998 καὶ
3157 1943 3372 2008 ἐδίκαζε
3407 1944 3531 2013 μετ’
3577 1946 3682 1998 αὐ-

2093 2040 2221 2094 τῶν.
2259 2039 2484 2107 Ἐκρίνε
2543 2036 2643 2106 μὲν
2698 2035 2806 2105 γάρ
2853 2033 2950 2086 καὶ
3009 2032 3133 2087 καθ’
3178 2033 3383 2103 ἐαυτὴν
3411 2035 3445 2104 ή
3483 2034 3678 2106 βουλή.

2105 2131 2214 2184 Kal.
2239 2126 2562 2198 πρεσϐείαις
2593 2125 2689 2178 καὶ
2719 2123 3042 2196 κηρυκείαις
3078 2123 3473 2193 ἐχρημάτιζεν.
3507 2107 3580 2178 ’Ὁ
3617 2141 3678 2176 τε

2093 2222 2262 2292 δῆμος
2314 2220 2395 2281 εἰς
2433 2217 2531 2281 τὰς
2579 2215 2939 2288 ἀρχαιρεσίας
2988 2214 3334 2282 συνελέγετο,
3369 2215 3430 2268 οὐ
3485 2215 3678 2284 μέντοι

2095 2311 2397 2382 ἐπράττετό
2430 2327 2482 2362 τι
2517 2309 2544 2362 δ
2583 2309 2659 2378 μὴ
2706 2308 2904 2376 ἐκείνῳ
2964 2304 3193 2374 ήρεσκε.
3250 2305 3358 2357 Καὶ
3401 2304 3680 2376 τούς¹ἇρο

2097 2405 2288 2470 ξοντας
2323 2402 2448 2464 τοὺς
2501 2399 2600 2470 μὲν
2629 2399 2793 2462 αὐτὸς
2826 2396 3224 2468 προεϐάλλετο,
3258 2397 3385 2459 τοὺς
3412 2397 3472 2450 δέ
3513 2398 3575 2458 ἐς
3610 2396 3676 2449 τὸ

2096 2497 2273 2553 κοινὸν
2318 2495 2580 2557 ἐποιεῖτο,
2620 2491 3050 2562 ἐπιμελούμενος
3095 2490 3238 2543 ὥστε
3296 2487 3424 2558 μήτ’
3474 2490 3676 2542 ἀνεπιο

2095 2589 2295 2660 τήδειοι
2332 2585 2457 2658 μήτ’
2484 2587 2547 2639 ἐκ
2588 2583 3052 2654 παρακελεύσεως
3079 2581 3114 2653 ἢ
3149 2583 3244 2634 καὶ⁵
3287 2582 3354 2634 ἐκ
3390 2581 3678 2651 δεκασμοῦ

2097 2677 2540 2732 ἀποδείκνυνται.
2585 2675 2696 2728 Kal.
2724 2673 2851 2744 ἔθνη
2881 2672 2952 2726 τὰ
2984 2673 3084 2742 μιν
3135 2671 3204 2726 δι’
3228 2671 3451 2736 ἐαυτοῦ,
3502 2671 3575 2724 τὰ
3622 2671 3682 2724 δέ

2097 2767 2164 2821 δι’
2193 2767 2395 2838 ἐτέρων
2439 2769 2506 2836 τῇ
2545 2763 2837 2834 Ῥωμαίων
2870 2762 3144 2834 ἡγεμονίᾳ
3184 2761 3482 2828 ὑπέταξεν.
3525 2760 3590 2814 ’0
3619 2761 3681 2813 δέ

2098 2857 2200 2928 τῆς
2239 2854 2518 2924 Αἰγύπτου
2564 2853 2750 2925 ἄρχων
2785 2853 2967 2916 Αἴλιος
3010 2852 3215 2916 Γάλλος
3257 2852 3351 2904 ἐπὶ
3405 2852 3678 2921 Ἀραϐίαν

2101 2947 2204 3018 τήν
2251 2946 2579 3014 Εὐδαίμονα,
2622 2942 2691 3019 ἧς
2738 2945 2910 3008 Σάϐος
2951 2945 3292 3010 ἐϐασίλευεν,
3341 2947 3683 3015 ἐστράτευσε

2099 3041 2242 3102 τότε,
2278 3039 2374 3094 καὶ
2401 3039 2576 3099 οὐδεὶς
2609 3038 2710 3109 μὲν
2739 3037 2975 3092 ἐνώπιον
3001 3037 3168 3092 αῆτοῦ
3209 3038 3343 3106 ἔστη
3372 3039 3486 3091 τῶν
3517 3039 3681 3092 πολε-

431 3149 666 3202 maxima
701 3163 827 3216 pars
856 3147 1128 3201 exercitus
1155 3162 1223 3200 ex
1256 3146 1450 3200 morbo
1477 3161 1587 3215 quo
1615 3146 1794 3216 capita
1825 3145 1996 3199 exsic-

2106 3129 2263 3200 μίων,
2292 3129 2354 3181 οὐ
2389 3128 2496 3198 μὴν
2539 3127 2757 3190 ἀπόνως
2788 3125 3103 3198 προύχώρει
3129 3143 3144 3158 ·
3175 3128 3210 3198 ἠ
3242 3144 3299 3180 τε
3324 3128 3436 3197 γὰρ
3465 3130 3682 3199 ἐρημία

431 3239 725 3303 cabantur,
778 3238 1048 3292 interiret.
1103 3238 1154 3292 ls
1206 3233 1410 3293 multos
1449 3239 1632 3292 statim
1676 3237 1996 3308 perimebat.

435 3330 494 3384 Si
525 3330 617 3398 qui
656 3345 783 3384 vere
810 3329 1136 3393 evadebant,
1172 3331 1227 3382 in
1261 3345 1452 3382 eorum
1483 3329 1682 3399 pedes,
1714 3337 1826 3382 t0to
1874 3329 2003 3383 reli-

434 3436 544 3490 quo
578 3435 809 3490 corpore
840 3420 1122 3487 incolumi,
1161 3420 1464 3486 desidebat,
1488 3436 1693 3490 eosque
1727 3420 2000 3475 vexabat:

433 3526 540 3565 nec
579 3511 750 3564 ullum
781 3520 899 3564 erat
933 3511 1236 3566 remedium
1270 3511 1440 3577 aliud,
1472 3511 1578 3565 nisi
1627 3519 1685 3565 ut
1710 3511 1831 3565 oleo
1873 3512 2001 3566 vino

435 3608 739 3670 temperato
785 3602 1198 3672 inungerentur.
1244 3601 1303 3657 ld
1345 3617 1478 3657 vero
1528 3604 1822 3672 perpaucis
1867 3618 2002 3674 sup-

436 3692 656 3762 petebat
687 3710 704 3748 :
736 3708 861 3746 nam
894 3707 960 3746 ea
1005 3694 1154 3764 regio
1194 3702 1449 3747 neutrum
1479 3694 1671 3764 gignit,
1717 3709 1894 3764 neque
1925 3694 2002 3748 illi

437 3796 688 3850 magnam
729 3782 942 3850 cepiam
983 3789 1373 3852 praepararant.
1418 3781 1476 3834 ln
1525 3797 1590 3836 ea
1638 3782 1730 3838 lue
1783 3783 2001 3837 barbari

438 3885 679 3940 quoque,
715 3871 952 3942 receptis
977 3872 1115 3928 locis
1142 3888 1263 3943 quae
1293 3868 1614 3938 amiserant,
1653 3887 1843 3930 eorum
1876 3875 2006 3930 reli-

441 3962 597 4030 quias
624 3964 845 4032 regione
871 3963 1220 4032 expulerunt.
1253 3964 1532 4034 Augustus
1555 3979 1688 4018 vero
1714 3964 2005 4022 undecimo

441 4055 724 4108 consulatu
755 4053 872 4106 sine
911 4054 1018 4106 ulla
1049 4067 1144 4122 spe
1176 4053 1367 4107 salutis
1389 4063 1696 4123 aegrotans,
1737 4063 1798 4109 ut
1833 4055 2003 4109 mori-

439 4151 598 4195 turus
643 4152 1032 4196 testamentum
1070 4142 1237 4207 fecit,
1278 4158 1379 4197 nec
1422 4143 1641 4212 imperii
1689 4158 2006 4200 successore

439 4232 552 4286 ullo
585 4232 778 4286 relicto
811 4249 826 4286 :
857 4231 1102 4286 libellum
1133 4233 1188 4286 in
1223 4247 1332 4302 quo
1381 4232 1623 4302 legiones
1657 4242 1712 4287 et
1761 4234 2008 4303 publicos

439 4318 650 4372 reditus
675 4319 1093 4388 perscripserat,
1127 4319 1312 4375 Pisoni
1346 4321 1591 4385 tradidit,
1625 4321 1879 4392 Agrippae
1911 4339 2008 4377 an-

2101 3220 2196 3273 xal.
2222 3218 2250 3270 ὁ
2275 3217 2426 3290 ἣλιος
2456 3216 2528 3270 τά
2567 3233 2627 3270 τε
2649 3215 2841 3281 ὕδατα,
2872 3216 3036 3284 φύσιν
3063 3218 3273 3271 ἄτοπον
3299 3217 3515 3288 έχοντα,
3543 3221 3681 3287 σφό-

2099 3310 2202 3380 δρα
2251 3309 2451 3370 αὐτοὺς
2491 3305 2966 3377 ἐταλαιπώρησεν,
2997 3307 3137 3361 ὥστε
3183 3309 3247 3361 τὸ
3290 3311 3482 3363 πλεῖον
3532 3310 3682 3380 φθα-

2105 3401 2262 3472 ρῆναι
2323 3399 2423 3468 τῆς
2465 3400 2760 3468 στρατιᾶςο
2816 3399 2880 3450 τὸ
2931 3398 2989 3451 δέ
3041 3399 3281 3469 νόσημα,
3339 3403 3405 3471 τῇ
3462 3403 3681 3472 κεφαλῇ

2102 3491 2430 3560 ἐνσκῆπτον,
2456 3490 2745 3562 ἐξήραινεν
2778 3490 2975 3562 αὐτὴν,
3005 3492 3102 3546 καὶ
3148 3492 3380 3556 πολλοὺς
3428 3494 3532 3562 μὲν
3574 3495 3679 3548 αὐ-

2101 3584 2229 3636 τίκα
2259 3583 2511 3638 ἀπώλλυε
2531 3598 2546 3612 ·
2581 3584 2690 3637 τῶν
2718 3583 2775 3636 δέ
2819 3586 3261 3655 περιγενομένων
3303 3588 3364 3650 ἐς
3393 3587 3465 3640 τὰ
3510 3588 3680 3657 σκέλη

2103 3673 2319 3744 κατῄει,
2348 3673 2498 3728 ἀπαν
2526 3672 2590 3726 τδ
2629 3673 2836 3742 μεταξύ
2891 3673 2986 3728 τοῦ
3023 3674 3279 3744 σώματος
3318 3677 3680 3746 ὑπερϐαῖνςν,

2104 3766 2200 3821 καὶ
2229 3767 2414 3830 αὐτοῖς
2467 3765 2795 3837 ἐλυμαίνετο
2819 3781 2834 3796 ⁸
2871 3767 3012 3836 [apd
3049 3783 3112 3821 τε
3153 3767 3306 3822 οὐδὲν
3337 3764 3407 3841 ἦν
3436 3769 3472 3840 ἢ
3515 3771 3570 3823 εί
3599 3789 3681 3837 τις

2104 3859 2282 3913 ἔλαιον
2312 3862 2440 3929 οίνῳ
2473 3860 2814 3930 μεμιγμένον
2845 3860 3124 3931 ἠλείψατο.
3155 3863 3236 3914 Ta
3280 3862 3338 3916 δέ
3387 3864 3533 3917 πάνυ
3567 3867 3682 3918 ὀλί-

2104 3969 2223 4022 γοις
2251 3949 2342 4023 ἦν.
2377 3953 2452 4005 Ἦ
2499 3968 2557 4006 τε
2602 3955 2713 4022 γάρ
2755 3951 2910 4022 χώρα
2943 3953 3230 4023 οὐδετερον
3266 3954 3452 4008 αὐτῶν
3500 3955 3679 4027 φέρει,

2107 4043 2381 4107 κάκείνοις
2410 4045 2508 4097 οὐκ
2530 4045 2741 4114 ἄφθονα
2775 4045 2948 4100 ταῦτα
2982 4050 3533 4118 προπαρεσκεύαστο.
3564 4054 3682 4106 Κάν

2104 4133 2183 4204 τῷ
2216 4135 2361 4205 πόνῳ
2389 4135 2565 4205 τούτῳ
2594 4137 2688 4189 καὶ
2707 4139 2757 4189 οί
2785 4135 3054 4208 βάρϐαροι
3099 4139 3284 4206 σφίσιν
3305 4143 3683 4210 ἐπιτιθέμενα

2105 4225 2175 4276 τά
2200 4239 2263 4275 τε
2301 4223 2478 4294 χωρία
2511 4223 2547 4277 ἀ
2577 4226 2705 4294 πρὶν
2731 4226 3016 4298 ἀφῄρηντο
3047 4230 3400 4299 ἐκομίσαντο,
3425 4233 3522 4285 καὶ
3553 4236 3683 4292 τοὺς

2108 4314 2565 4384 περιλειφθέντας
2619 4318 2683 4368 ἐκ
2742 4318 2840 4386 τῆς
2911 4319 3100 4389 χώρας
3167 4321 3461 4389 ἐξήλασαν.
3531 4322 3593 4376 '0
3639 4324 3681 4374 δ’

441 4408 632 4460 nulum
672 4409 936 4475 porrexit.
983 4408 1090 4464 Sed
1131 4409 1199 4464 ab
1228 4409 1467 4465 Antonio
1513 4411 1662 4466 Musa
1710 4413 1999 4468 lotionibus

2109 4404 2423 4472 Αὔγουστος
2482 4406 2769 4460 ἐνδέκατον
2825 4409 3137 4473 ὑπατεύσας
3201 4413 3479 4482 ἐνόσησεν,
3539 4413 3683 4466 ὥστε

439 4506 498 4549 et
537 4499 850 4565 potionibus
881 4500 1091 4570 frigidis
1119 4509 1203 4555 est
1232 4511 1531 4557 recreatus.
1576 4503 1692 4569 Qua
1730 4504 1798 4558 de
1845 4519 1999 4558 causa

2115 4495 2238 4566 μηδ’
2288 4497 2482 4551 ἐλπίδα
2523 4501 2672 4568 σχεῖν
2721 4499 3022 4571 σωτηρίας,
3075 4502 3169 4554 καὶ
3212 4501 3288 4565 ὡς
3334 4503 3686 4572 τελευτήσων

442 4589 692 4642 medicus
735 4599 792 4643 et
845 4591 913 4644 ab
951 4592 1044 4644 illo
1073 4601 1128 4646 et
1166 4609 1195 4645 a
1229 4604 1424 4646 senatu
1470 4596 1782 4664 pecuniam,
1827 4604 1885 4650 et
1915 4597 2008 4666 jus

443 4682 595 4732 aurei
627 4682 835 4746 annuli,
872 4684 1124 4751 quamvis
1157 4684 1483 4751 libertinus,
1517 4685 1728 4756 accepit
1763 4705 1775 4740 :
1806 4686 2008 4740 immu-

441 4768 614 4823 nitate
638 4777 694 4823 et
723 4770 824 4839 ipsi
853 4780 908 4824 et
936 4772 1164 4826 medicis
1195 4774 1452 4830 omnibus
1475 4785 1530 4830 et
1569 4784 1680 4832 tum
1704 4787 1759 4832 et
1817 4777 1871 4831 in
1909 4793 2010 4847 po-

443 4868 648 4914 sterum
677 4861 822 4914 data.
855 4863 932 4916 lta
962 4874 1340 4926 conservatus,
1375 4874 1754 4921 testamentum
1791 4869 1846 4922 in
1879 4884 2013 4923 con-

443 4949 628 5003 cilium
678 4951 886 5006 illatum
965 4955 1177 5008 recitari
1220 4957 1408 5025 jussit,
1462 4966 1523 5010 ut
1574 4959 1890 5014 ostenderet
1950 4976 2009 5016 se

443 5041 655 5095 nullum
693 5059 1064 5099 successorem
1113 5049 1402 5118 scripsisse
1437 5067 1451 5104 :
1483 5049 1577 5104 sed
1605 5051 1658 5104 id
1707 5066 1740 5106 a
1789 5053 2010 5106 nemine

444 5131 648 5187 lectum
675 5145 779 5189 est.
807 5137 966 5191 Anno
997 5141 1248 5208 sequenti
1282 5157 1405 5196 eum
1440 5151 1594 5212 peste
1645 5153 1700 5198 et
1748 5143 1889 5199 fame
1912 5161 2012 5215 per

384 5293 389 5298 .
447 5235 612 5280 totam
647 5227 853 5282 Italiam
889 5229 1252 5296 laboraretur,
1296 5233 1524 5287 Romani
1566 5235 1855 5303 opinantes
1897 5253 2010 5291 non

445 5317 603 5371 aliam
653 5317 811 5390 535
840 5337 1030 5375 eorum
1079 5323 1344 5378 malorum
1383 5339 1508 5380 esse
1552 5341 1792 5393 causam,
1840 5343 2006 5397 quam

445 5410 593 5478 quod
633 5412 909 5482 Augustus
961 5424 1073 5466 tum
1126 5429 1344 5484 quoque
1394 5418 1583 5471 consul
1635 5433 1744 5474 non
1791 5429 2008 5477 creatus

447 5510 624 5566 esset,
655 5503 977 5560 dictatorem
1015 5521 1140 5559 eum
1175 5507 1356 5561 dicere
1387 5508 1678 5563 voluerunt
1709 5528 1722 5564 :
1754 5519 1805 5566 et
1847 5527 2008 5566 sena-

448 5595 565 5643 tum
595 5590 648 5645 in
676 5596 828 5648 curia
861 5595 1177 5650 conclusum
1210 5597 1313 5652 hoc
1351 5597 1648 5656 decernere
1685 5612 2006 5670 coegerunt,

2111 4587 2338 4653 διέθετο,
2396 4589 2490 4642 καὶ
2556 4589 2805 4660 διάδοχον
2857 4592 2958 4660 μὲν
3011 4592 3206 4646 οὐδένα
3261 4593 3543 4659 ἀπέδειξε,
3604 4595 3682 4665 τῷ

2117 4681 2353 4736 Πείσωνι
2397 4681 2456 4734 δέ
2493 4683 2592 4746 τάς
2620 4700 2679 4736 τε
2721 4683 2984 4754 δυνάμεις
3011 4686 3229 4748 καὶτὰς
3275 4686 3465 4749 κοινὰς
3511 4703 3687 4758 προσ-

2112 4774 2267 4838 ὁδους
2325 4777 2406 4838 εις
2461 4762 2668 4844 βιϐλίον
2712 4777 2933 4846 γράψας
2972 4777 3166 4839 ἐδωκε,
3203 4777 3281 4845 τῷ
3309 4777 3354 4830 δ’
3398 4779 3690 4848 Ἀγρίππα

2109 4869 2200 4920 τ’,ν
2228 4867 2516 4920 δακτύλιον
2543 4867 2895 4938 ἐνεχείρισεν.
2932 4868 3223 4932 ’Δντώνιος
3249 4868 3307 4921 δέ
3333 4886 3420 4931 τις
3453 4871 3688 4932 Μούσας

2115 4958 2260 5013 οὕτω
2299 4961 2488 5023 κακῶς
2519 4960 2683 5012 αὐτὸν
2729 4959 3081 5030 διακείμενον
3117 4960 3553 5031 ψυῃυλουσίσφς
3597 4964 3692 5015 καὶ

2115 5052 2510 5122 ψυχροποσίαις
2575 5051 2878 5121 ἀνέρρωσε.
2932 5051 3023 5103 Διὸ
3076 5053 3170 5104 καὶ
3235 5053 3502 5122 χρήματα
3559 5051 3693 5122 παρ’

2115 5141 2284 5195 αὐτοῦ
2322 5158 2381 5194 τε
2417 5143 2516 5194 καὶ
2543 5143 2699 5212 παρά
2744 5141 2845 5210 τῆς
2898 5140 3095 5212 βουλῆς
3139 5141 3322 5205 έλαϐε,
3363 5144 3460 5196 καὶ
3493 5143 3691 5197 δακτυ-

2115 5235 2250 5297 λίοις
2301 5234 2544 5303 χρυσοῖς,
2596 5231 2965 5304 ἀπελεύθερος
3014 5231 3110 5299 ὢν,
3147 5234 3437 5303 ἐπετράπη
3487 5233 3691 5302 κεχρῆ-

2119 5327 2267 5390 σθαι,
2314 5325 2568 5380 ἀτέλειάν
2604 5341 2664 5376 τε
2712 5325 2863 5392 αὐτῷ
2917 5327 3012 5377 καὶ
3041 5327 3152 5387 τοῖς
3203 5325 3524 5394 ὁμοτέχνοις
3579 5325 3689 5383 τοῖς

2116 5419 2234 5473 οὖσι
2262 5418 2359 5472 καὶ
2389 5420 2499 5480 τοῖς
2528 5418 2810 5488 ἐσομένοις
2834 5419 3197 5486 παρέσχοντο.
3226 5417 3382 5470 Ούτω
3411 5416 3470 5469 δέ
3495 5415 3689 5476 σωθεὶς

2117 5513 2198 5574 είς
2230 5510 2294 5564 τὸ
2330 5509 2606 5580 συνέδριον
2649 5511 2751 5572 τὰς
2783 5509 3055 5578 διαθήκας
3078 5509 3395 5578 εἰσήνεγκε,
3427 5508 3524 5560 καὶ
3557 5507 3685 5560 ἀνα·-

2119 5601 2438 5672 γνωσθῆναι
2460 5601 2783 5672 ἐπέτρεπεν,
2816 5600 3230 5672 ἐνδεικνύμενος
3257 5601 3339 5652 ὅτι
3369 5598 3566 5652 οὐδένα
3590 5596 3684 5665 τῆς
