3890 6196
247 240 419 316 905’

1518 265 1922 327 ANNALIUM
1955 269 2100 329 LIB.
2148 269 2219 338 Χ,

3376 282 3481 347 906

243 363 397 433 αρχῆς
426 362 672 435 διάδοχον
703 366 1098 421 καταλέλοιπεν
1117 385 1129 397 ο
1153 368 1214 420 οὐ
1246 368 1431 438 μέντοι
1462 371 1555 422 καὶ
1582 358 1796 439 ἀνέγνω

1904 391 2144 446 cumque
2175 385 2406 431 orarunt
2437 388 2497 435 ut
2526 389 2582 435 et
2614 381 2937 439 dictatorem
2978 380 3033 441 et
3064 390 3143 443 rei
3175 390 3476 448 frumenta~

242 458 393 518 αυτάς
421 471 523 519 τις.
553 457 727 527 Λιμοῦ
750 459 807 512 δὲ
848 458 926 529 τῷ
961 460 1093 530 ἑξῆς
1131 460 1243 514 ἐτει
1276 462 1371 515 καὶ
1413 460 1604 530 λοιμοῦ
1639 479 1797 531 γενο-

243 545 390 611 μένου
417 544 477 597 ἐν
517 545 669 619 πάσῃ
697 551 763 619 τῇ
817 548 1043 619 Ἰταλίᾳ,
1083 550 1411 620 νομίσαντες
1446 550 1496 601 οἱ
1531 549 1797 620 Ῥωμαῖοι

239 637 329 689 οὐκ
355 634 530 700 ἄλλως
576 638 749 691 ταῦτα
783 640 1218 711 συμὸεσηκέναι,
1245 644 1278 712 ἢ
1315 642 1396 694 ὅτι
1431 642 1507 712 μὴ
1548 643 1643 694 καὶ
1675 643 1799 695 τότε

239 728 560 783 ὑπατεύοντα
596 731 690 783 τὸν
717 730 1053 800 Αὔγουστον,
1099 733 1263 804 ἔσχον
1291 734 1589 804 δικτάτορα
1636 735 1799 787 αὐτὸν

234 823 494 893 ἠθέλησαν
528 825 1010 895 προχειρίσασθαι,
1037 828 1133 880 καὶ
1176 830 1276 895 τὴν
1337 827 1537 899 βουλὴν
1598 829 1681 891 είς
1738 829 1799 882 τὸ

233 913 499 982 συνέδριον
541 916 1007 981 κατακλείσαντες
1056 917 1382 987 ἠνάγκασαν
1425 918 1586 972 τοῦτο
1625 918 1796 988 ψηφί-

233 1006 451 1062 σασθαιο
512 1011 609 1063 καὶ
658 1010 805 1080 αὐτῷ
867 994 1179 1081 προσῆλθον
1233 1011 1480 1081 δεόμενοι
1536 1010 1797 1081 λεχθῆναι

228 1097 509 1173 δικτάτορα
538 1102 632 1155 καὶ
655 1104 751 1172 τῆς
778 1104 870 1155 τοῦ
899 1104 1047 1156 σίτου
1079 1105 1403 1173 συναγωγῆς
1430 1103 1796 1175 ἐπιμελητήν.

230 1191 331 1244 Καὶ
364 1191 423 1254 ὃς
468 1193 567 1263 τὴν
611 1193 712 1262 μὲν
765 1193 861 1247 τοῦ
909 1194 1060 1247 σίτου
1106 1195 1365 1265 φροντίδα
1417 1195 1655 1260 ἐδέξατο,
1700 1196 1799 1264 τὴν

1914 467 2010 522 rire
2054 475 2470 538 procuratorem
2524 486 2584 525 se
2631 472 2739 526 dici
2789 482 3087 542 pateretur.
3119 477 3171 532 Is
3202 495 3336 534 vero
3380 500 3483 536 an-

1911 570 2067 609 nonae
2099 555 2444 611 curationem
2477 560 2741 629 suscepit,
2769 562 3095 618 dictaturam
3128 570 3439 636 repudiavit
3467 591 3479 627 :

1908 657 1965 701 et
2012 661 2138 700 cum
2177 663 2359 717 neque
2400 650 2794 716 dissuadendo,
2822 668 2999 725 neque
3049 661 3291 728 rogando
3319 664 3476 731 quid-

1908 751 2070 804 quam
2127 738 2440 806 preiiceret,
2490 752 2697 797 vestem
2746 760 2902 798 suam
2973 746 3277 814 laceravit,
3335 765 3483 808 recte

1908 829 2320 899 prudenterque
2359 833 2530 887 vitato
2562 835 2740 890 inviso
2773 850 2826 890 et
2855 837 3048 893 odiOso
3082 844 3324 909 nomine,
3355 861 3480 900 cum

1904 919 2229 989 dignitatem
2295 930 2351 975 et
2407 934 2736 992 potestatem
2778 927 3069 983 ‘diclatura
3142 934 3480 1002 superiorem

1902 1011 2207 1066 obtineret.
2252 1012 2510 1077 Quidam,
2559 1016 2654 1084 qui
2691 1017 2919 1074 insidias
2971 1021 3023 1074 ei
3072 1034 3478 1098 compararant,

1902 1101 2111 1156 indicta
2142 1117 2308 1157 causa
2342 1104 2538 1160 exsilio
2565 1108 2782 1163 multati
2804 1152 2818 1172 .
2865 1126 2966 1167 nec
2996 1115 3171 1169 multo
3216 1127 3342 1187 post
3373 1136 3483 1174 una

1904 1205 2031 1245 cum
2065 1190 2373 1261 coniuratis
2409 1191 2690 1251 interiecti
2726 1210 2876 1253 sunt.

226 1285 643 1353 δικτατορίανδέ
674 1286 735 1338 οὐ
765 1289 1100 1356 προσήκατο.
1131 1286 1272 1339 Ἀλλ’
1302 1287 1426 1340 ἐπεὶ
1490 1289 1629 1359 μήτε
1690 1285 2074 1355 διαλεγόμενος
2111 1284 2319 1348 αὐτοῖς,
2373 1285 2508 1355 μήτε
2548 1286 2802 1357 δεόμενος
2841 1291 3050 1353 ἔπειθε,
3116 1296 3216 1365 τὴν
3280 1300 3482 1371 ἐσθῆτα

230 1373 538 1447 διέρρηξεν.
588 1376 794 1448 Ὀρθιῖς
846 1377 957 1447 γὰρ
1015 1378 1109 1431 καὶ
1157 1378 1399 1441 συνετῶς
1451 1378 1513 1432 τὸ
1573 1377 1803 1448 μισητὸν
1842 1375 1941 1443 τῆς
2004 1375 2347 1444 ἐπικλήσεως
2373 1375 2676 1443 ἐφυλάξατο
2730 1380 2824 1430 καὶ
2850 1381 3159 1451 ἐπίφθονον,
3192 1386 3333 1457 ὑπὲρ
3356 1393 3511 1456 τοὺς,

224 1466 541 1536 δικτάτορας
563 1465 706 1537 ἔχων
738 1468 838 1537 τὴν
868 1469 1120 1535 ἐξουσίαν
1188 1470 1283 1523 καὶ
1345 1472 1443 1541 τὴν
1507 1475 1695 1541 τιμήν.
1766 1466 2092 1534 Ἐπιϐουλὴν
2140 1466 2196 1518 δὲ
2246 1468 2370 1519 κατ’
2417 1468 2581 1521 αὐτοῦ
2626 1475 3054 1541 συστησαμένων
3100 1479 3281 1546 τινῶν,
3325 1481 3483 1546 αὐτοί

223 1571 274 1609 τι
306 1558 404 1609 καὶ
426 1559 474 1610 οἱ
508 1558 820 1628 συνωμόται
848 1560 1063 1630 ἐρήμην
1091 1560 1310 1632 ἣλωσαν
1340 1561 1416 1625 ώς
1450 1560 1796 1630 φευξόμενοι,
1835 1558 1894 1611 οὺ
1937 1553 2118 1623 πολλῷ
2150 1554 2195 1607 δ’
2236 1554 2466 1625 ὕστερον
2494 1558 2916 1632 ἀπεσφάγησαν.

284 1650 409 1704 ΛΔ’.
439 1650 596 1705 Μετὰ
618 1650 789 1705 ταῦτα
817 1651 860 1704 δ’
885 1654 966 1715 είς
1024 1653 1280 1708 Σικελίαν
1304 1649 1460 1725 ἦλθε.
1505 1656 1682 1709 Κόικεί
1714 1654 1804 1707 δν-

1985 1646 2226 1702 XXXIV.
2256 1648 2462 1704 Deinde
2490 1664 2613 1703 cum
2641 1652 2696 1705 in
2738 1652 2924 1707 Sicilia
2950 1656 3186 1725 abesset,
3224 1660 3281 1716 in
3306 1665 3481 1720 comi-

219 1757 306 1804 τος
333 1744 363 1795 δ
392 1742 570 1813 δῆμος
598 1743 707 1796 τῶν
752 1743 1045 1810 Ῥωμαίων
1092 1747 1224 1808 τοὺς
1278 1745 1520 1810 ὑπάτους
1558 1730 1800 1817 χειροτοί

1912 1736 2006 1790 tiis
2035 1738 2420 1792 consularibus
2461 1739 2662 1794 si‘ditio
2714 1751 2833 1797 orta
2892 1755 3018 1801 est:
3051 1758 3110 1802 ut
3163 1752 3247 1805 vel
3298 1768 3366 1808 ex
3413 1772 3506 1811 eo.

220 1833 323 1887 νῶν
352 1836 704 1901 ἐστασίασεν,
730 1835 806 1899 ώς
842 1835 1137 1889 κάντεῦθεν
1192 1839 1470 1907 δειχθῆναι
1533 1841 1616 1893 ὅτι
1665 1839 1798 1892 ἁδύ-

216 1942 379 1979 νατον
410 1922 478 1997 ἦν
503 1929 1062 1998 δημοκρατουμένους
1096 1929 1296 1992 αὐτοὺς
1341 1929 1603 1999 σωθῆναι.
1647 1928 1805 1982 Οὕτω

215 2018 330 2088 γὰρ
358 2016 705 2090 ἐθορύϐησαν
757 2020 852 2071 καὶ
915 2018 1135 2096 ἅπαντα
1205 2019 1605 2091 συνετάραξαν,
1661 2018 1804 2072 ὥστε

214 2110 319 2163 καὶ
346 2110 439 2163 τὸν
462 2109 775 2180 Αῦγουστον
802 2112 907 2165 ὑπὸ
934 2112 1045 2165 τῶν
1076 2112 1369 2183 ἐμφρόνων
1404 2112 1801 2182 ἀνακληθῆναι.

212 2201 639 2273 ’Λγανακτήσας
666 2202 711 2256 δ’
737 2203 830 2256 ἐπὶ
882 2203 1061 2275 τούτῳ
1086 2206 1115 2257 ό
1140 2202 1452 2277 Αργουστος
1471 2246 1482 2268 .
1541 2206 1635 2258 καὶ
1668 2205 1804 2274 μήτε

214 2296 306 2348 ἀεὶ
322 2298 389 2367 τῇ
428 2295 619 2367 Ῥώμῃ
647 2296 932 2368 σχολάζειν
955 2297 1277 2367 δυνάμενος,
1319 2297 1447 2369 μήτ’
1472 2296 1540 2352 αὖ
1570 2299 1804 2369 ἄναρχον

211 2386 389 2456 αὐτὴν
427 2385 783 2440 καταλείπειν
811 2387 1048 2458 τολμῶν,
1082 2388 1265 2459 ἐζήτει
1305 2389 1444 2460 αὐτῇ
1511 2388 1804 2457 ἐπιστῆσαί

208 2493 359 2530 τινα.
407 2477 518 2529 Καὶ
562 2475 746 2549 ἔκρινε
780 2478 880 2548 μὲν
940 2481 1035 2534 τὸν
1090 2480 1408 2551 Ἀγρίππαν
1472 2483 1609 2553 πρὸς
1671 2484 1804 2536 αὐτὸ

211 2567 680 2635 ἐπιτηδειότατον,
726 2568 1012 2640 βουληθεὶς
1035 2570 1090 2624 δὲ
1122 2572 1219 2625 καὶ
1246 2573 1433 2642 μεῖζον
1469 2573 1619 2644 αδτῷ
1650 2591 1805 2644 περι-

208 2658 390 2712 θεῖναι
417 2658 658 2731 ἀξίωμα,
685 2661 774 2717 ἵνα
800 2663 865 2716 ἐκ
894 2662 1086 2718 τούτου
1117 2664 1248 2734 ῥᾷον
1273 2664 1453 2718 αὐτῶν
1477 2665 1642 2737 ἄρχῃ,
1669 2682 1803 2718 κατ-

206 2752 533 2820 ηνάγκασεν
592 2753 756 2807 αὑτὸν
794 2756 894 2827 τὴν
951 2759 1185 2823 γυναῖκα
1245 2756 1471 2826 ἀφέντα,
1527 2760 1594 2827 τῇ
1640 2756 1802 2810 αὑτοῦ

208 2841 455 2911 θυγατρὶ
487 2844 809 2914 συνοικῆσαι
839 2849 905 2916 τῇ
936 2845 1155 2918 Ἰουλίᾳ,
1197 2849 1290 2900 καὶ
1321 2850 1380 2911 ἐς
1434 2847 1533 2915 τὴν
1581 2846 1801 2916 Ῥώμην

204 2935 418 2988 αὐτίκα
441 2935 535 2988 ἐπί
558 2953 616 2988 τε
651 2938 730 3007 τῷ
756 2938 922 3008 γάμῳ
955 2941 1047 2992 καὶ
1070 2941 1162 2991 ἐπὶ
1204 2943 1271 3010 τῇ
1305 2940 1678 3013 μεταχειρίσει
1701 2940 1802 3008 τῆς

202 3027 427 3085 πόλεως
448 3027 686 3098 ἔπεμψε,
708 3029 797 3081 διά
825 3046 886 3083 τε
915 3029 1084 3083 τᾶλλα
1117 3032 1212 3084 καὶ
1234 3032 1316 3085 ὄτι
1366 3032 1652 3103 Μαικήνας
1681 3026 1801 3084 εἶπε

197 3116 286 3187 τῷ
358 3118 622 3190 Καίσαρι,
669 3120 743 3183 ώς
804 3122 1167 3188 Τηλικοῦτον
1232 3121 1421 3177 αὑτὸν
1467 3123 1801 3190 πεποίηκας

204 3208 382 3264 ὥστε
411 3209 450 3279 ἢ
481 3215 743 3281 παμὸρόν
772 3230 890 3268 σου
921 3215 1198 3282 γενέσθαι
1235 3215 1470 3285 χρῆναι,
1519 3214 1558 3283 ἢ
1586 3232 1801 3285 φονευ-

195 3302 422 3371 θῆναι.
466 3303 781 3374 Ἀγρίππας
820 3305 912 3359 οὖν
944 3306 1191 3360 οἰδοῦντα
1219 3307 1397 3378 εὑρὼν
1423 3308 1480 3360 ἐν
1507 3311 1575 3380 τῇ
1614 3306 1802 3379 Ῥώμῃ

193 3394 275 3448 τὰ
303 3395 612 3464 πράγματα
634 3399 1029 3469 κατεστήσατο.
1092 3398 1152 3453 Ὀ
1199 3399 1243 3451 δ’
1290 3399 1604 3467 Αὔγουστος
1632 3400 1703 3453 τὰ
1742 3402 1800 3454 ἐν

188 3490 269 3558 τῇ
322 3487 546 3558 Σικελίᾳ
577 3488 881 3560 διοικήσας,
907 3493 985 3554 είς
1007 3490 1108 3561 τὴν
1174 3491 1404 3545 Ἐλλάδα
1450 3492 1796 3563 ἐπεραιώθη,

191 3582 311 3632 καὶ
334 3579 392 3631 τὸ
432 3579 740 3650 Ἑλληνικὸν
761 3581 1040 3650 διαγαγὼν
1074 3584 1155 3646 είς
1194 3583 1293 3653 τὴν
1324 3584 1506 3653 Σάμον
1539 3584 1796 3637 ἔπλευσε.

189 3673 401 3725 Κάκεῖ
418 3674 713 3743 χειμάσας,
731 3675 811 3736 είς
835 3675 936 3744 τὴν
964 3674 1154 3727 Ἀσίαν
1182 3676 1237 3726 ἐν
1269 3675 1345 3743 τῷ
1369 3676 1490 3744 ἔαρι
1507 3674 1795 3743 ἐκομίσθη.

190 3765 315 3816 καὶ
349 3763 419 3815 τά
444 3765 562 3816 ἐκεῖ
587 3765 683 3817 καὶ
709 3764 780 3816 τά
816 3767 874 3817 ἐν
905 3768 970 3837 τῇ
1004 3765 1233 3837 Βιθυνίᾳ
1257 3764 1469 3829 διέταξε
1517 3767 1612 3818 καὶ
1671 3764 1801 3828 τοὺς

188 3852 561 3923 Κυζικηνοὺς
599 3854 958 3920 ἐδουλώσατο,
989 3856 1071 3909 ὃτι
1128 3856 1433 3926 Ῥωμαίους
1465 3855 1619 3916 τινὰς
1690 3870 1797 3923 μα-

190 3942 587 4009 στιγώσαντες
609 3945 882 4001 ἔκτειναν.
915 3945 989 4000 Τὸ
1011 3948 1143 4000 αὐτὸ
1171 3948 1227 4000 δὲ
1265 3949 1357 3999 καὶ
1403 3949 1517 4010 τοῖς
1578 3947 1799 4017 Τυρίοις

188 4037 315 4090 καὶ
336 4038 449 4098 τοῖς
479 4036 755 4105 Σιδωνίοις
786 4039 1067 4111 ἐποίησεν,
1094 4040 1152 4093 ἐν
1178 4043 1245 4111 τῇ
1276 4040 1449 4110 Συρίᾳ
1486 4040 1803 4111 γενόμενος.

200 4127 286 4179 Ἡ
334 4126 530 4180 Ἰουλία
555 4128 613 4181 δὲ
657 4129 750 4182 τὸν
784 4130 945 4184 Γάϊον
974 4132 1147 4184 ἔτεκε.
1181 4131 1289 4185 Καὶ
1320 4133 1348 4185 ό
1376 4128 1682 4199 Αὔγουστος
1705 4130 1800 4184 ἐθ-

180 4218 325 4271 νῶν
353 4218 654 4287 ἡγεμονίας
683 4221 792 4272 τισὶ
814 4220 1062 4284 δεδωκὼς
1091 4222 1397 4291 ἐπανῆλθεν
1445 4222 1528 4285 είς
1590 4222 1795 4292 Σάμονο

176 4311 381 4362 κάκεῖ
403 4310 499 4361 καὶ
514 4309 672 4371 αὖθις
699 4311 957 4382 ἐχείμασε
983 4313 1077 4366 καὶ
1125 4313 1294 4366 πολλά
1341 4313 1632 4384 διῴκησεν.
1665 4314 1798 4383 Ἀφ-

1829 3076 1871 3132 C

1906 1829 2259 1898 perspicuum
2290 1838 2458 1897 esset,
2514 1832 2791 1890 Romanos
2838 1835 3011 1891 libera
3066 1842 3343 1909 republica
3396 1846 3485 1899 ιιι-ι

1907 1920 2154 1975 columes
2178 1937 2297 1977 esse
2326 1938 2435 1977 non
2476 1939 2656 1993 posse.
2691 1926 2768 1981 Ita
2797 1928 2945 1982 enim
2975 1932 3290 1989 tumultuati
3322 1945 3476 2000 sunt,

1907 2009 1981 2065 ita
2015 2012 2308 2068 turbarunt
2328 2016 2534 2082 omnia,
2567 2026 2625 2073 ut
2649 2020 2929 2090 Augustus
2968 2040 2997 2078 a
3030 2027 3481 2095 prudentioribus

1906 2112 2304 2159 accerseretur.
2344 2106 2398 2160 ld
2440 2108 2634 2178 iniquo
2661 2111 2844 2168 ferens
2887 2116 3095 2183 animo,
3139 2136 3265 2176 cum
3297 2139 3479 2192 neque
3586 2162 3591 2171 ο

1907 2189 2095 2247 Romae
2139 2208 2358 2265 semper
2396 2212 2591 2252 vacare
2621 2213 2843 2270 posset,
2894 2220 3073 2276 neque
3118 2210 3310 2267 urbem
3360 2189 3479 2279 sine
3546 2222 3549 2225 “
3620 2280 3635 2295 ο

1906 2284 2230 2354 magistratu
2300 2286 2615 2359 relinquere
2685 2294 2969 2363 auderet,
3006 2298 3075 2354 de
3120 2301 3327 2372 aliquo,
3387 2308 3479 2363 cui

1906 2387 2175 2428 summam
2209 2391 2395 2432 rerum
2445 2381 2751 2449 mandaret,
2781 2385 3077 2457 deligendo
3129 2393 3475 2454 deliberavit.

1905 2464 2076 2530 Quam
2108 2465 2177 2521 ad
2210 2482 2325 2522 rem
2351 2482 2477 2525 cum
2526 2472 2847 2542 aptissimus
2893 2479 3133 2551 Agrippa
3171 2484 3476 2553 videretur.

1904 2567 2102 2626 etquo
2148 2558 2338 2629 majori
2379 2570 2528 2617 esset
2576 2567 2928 2637 auctoritate,
2963 2571 3284 2642 dignitatem
3329 2579 3478 2636 illius

1904 2662 2107 2717 augere
2161 2648 2345 2716 vellet,
2377 2666 2503 2707 eum
2553 2656 2753 2726 coegit.
2808 2661 2996 2717 relicta
3032 2680 3228 2732 uxore,
3272 2669 3473 2726 Juliam

1905 2742 2072 2796 ﬁliam
2105 2743 2327 2808 ducere,
2358 2760 2421 2800 ac
2448 2749 2634 2802 statim
2662 2750 2887 2807 Romam
2912 2764 2971 2809 et
2999 2758 3068 2811 ad
3099 2761 3319 2830 nuptias
3346 2779 3478 2820 con-

1908 2837 2225 2901 trahendas,
2248 2848 2305 2893 et
2334 2840 2401 2894 ad
2431 2841 2809 2911 magistratum
2837 2845 3163 2915 ineundum,
3184 2853 3330 2923 (cum
3354 2857 3478 2911 aliis

1905 2928 1972 2982 de
2004 2930 2209 2993 causis,
2249 2939 2361 2983 tum
2390 2932 2536 3001 quod
2569 2932 2834 2990 Maecenas
2860 2937 3097 3004 dixerat,
3129 2957 3246 2997 eum
3268 2953 3475 3000 tantum

1904 3035 2012 3073 esse
2040 3020 2240 3088 factum
2264 3021 2327 3074 ab
2359 3021 2470 3089 ipso
2502 3020 2739 3088 Cunaro,
2770 3034 2830 3080 ut
2867 3036 2960 3081 aut
2988 3047 3239 3099 generum
3291 3035 3473 3106 deligi,

1907 3118 2002 3163 aut
2036 3111 2203 3165 occidi
2234 3120 2520 3180 oporteret,
2553 3114 2845 3185 ablegavit.
2876 3119 3119 3190 Agrippa
3150 3122 3316 3191 igitur
3356 3141 3472 3181 rem

1901 3201 2199 3256 Romanam
2235 3203 2588 3260 ﬂuctuantem
2618 3210 2947 3278 composuit,
2973 3211 3249 3284 Augustus
3280 3215 3473 3272 Sicilia

1900 3296 2151 3351 ordinata
2195 3298 2251 3351 in
2313 3298 2576 3355 Graeciam
2642 3303 2858 3373 trajecit
2914 3322 2931 3359 :
2981 3321 3089 3376 qua
3157 3310 3476 3376 constituta,

1901 3390 2122 3445 Samum
2173 3393 2472 3462 navigavit.
2536 3394 2725 3464 Ibique
2790 3397 2974 3455 hieme
3022 3412 3234 3466 exacta,
3303 3421 3475 3459 verno

1904 3491 2150 3553 tempore
2188 3485 2241 3539 in
2275 3486 2457 3540 Asiam
2491 3489 2791 3558 profectus,
2831 3506 2954 3546 cum
2981 3508 3102 3548 eam
3134 3496 3471 3564 provinciam

1900 3581 1957 3626 et
1990 3574 2299 3644 Bithyniam
2343 3578 2671 3642 ordinasset,
2718 3578 3019 3649 Cyzicenos
3067 3583 3121 3637 in
3152 3586 3473 3640 servitutem

1903 3664 2134 3734 redegit,
2170 3667 2315 3734 quod
2342 3668 2617 3723 Romanos
2641 3669 2792 3724 cives
2823 3670 3007 3741 ﬂagris
3043 3687 3211 3728 caesos
3252 3677 3458 3731 occide-

1903 3766 2046 3812 rant.
2092 3760 2299 3813 Eodem
2352 3761 2514 3815 modo
2563 3762 2760 3832 Tyrios
2817 3773 2873 3818 et
2923 3764 3200 3829 Sidonios,
3243 3783 3368 3823 cum
3415 3773 3472 3826 in

1903 3847 2115 3920 Syriam
2168 3851 2431 3913 venisset,
2478 3856 2753 3908 tractavit.
2816 3855 3029 3911 interea
3077 3857 3221 3913 Julia
3279 3860 3472 3916 Cuium

1901 3941 2119 4010 peperit
2154 3958 2167 3993 :
2197 3947 2478 4010 Augustus
2502 3981 2517 4004 ,
2552 3941 2645 3996 ubi
2679 3951 2861 3998 certos
2891 3944 3145 4001 homines
3177 3950 3478 4017 provincia

1902 4028 2173 4097 praefecit,
2210 4030 2394 4085 denuo
2445 4028 2592 4084 Sami
2644 4031 2977 4100 hibernavit,
3043 4035 3231 4106 ibique
3289 4040 3478 4096 multis

1904 4121 2137 4190 negotiis
2166 4129 2224 4176 et
2272 4122 2527 4191 plurimis
2557 4122 2929 4193 legationibus
2973 4126 3264 4185 audiendis
3310 4145 3474 4187 occu-

1905 4207 2064 4281 patus
2097 4212 2219 4267 fuit.
2253 4212 2391 4266 Tum
2438 4214 2553 4268 Indi
2600 4215 2898 4271 amicitiam
2933 4231 3059 4272 cum
3102 4232 3171 4274 eo
3198 4218 3479 4286 fecerunt,

1908 4302 2199 4371 tigridibus
2256 4304 2403 4358 dono
2448 4305 2636 4361 datis:
2670 4320 2809 4375 quas
2861 4306 3093 4362 Romani
3147 4317 3263 4364 tum
3314 4310 3477 4384 536

180 4402 398 4454 ίκοντο
430 4403 541 4470 γὰρ
559 4402 796 4455 ἐνταῦθα
826 4404 1112 4474 πρεσϐεῖαι
1139 4404 1408 4457 πλείσταν
1433 4409 1526 4458 καὶ
1555 4406 1605 4458 οἱ
1631 4406 1791 4460 Ἰνδοὶ

1904 4394 2142 4463 primum
2179 4393 2453 4449 viderunt.
2507 4397 2692 4451 [torum
2733 4407 2916 4451 autem
2947 4399 3130 4453 denuo
3170 4401 3474 4457 tumultua-

167 4491 333 4543 τότε
363 4490 549 4556 φιλίαν
578 4493 927 4562 ἐποιήσαντο,
964 4492 1110 4564 δῶρα
1130 4494 1445 4564 πέμψαντες
1462 4493 1598 4548 ἄλλα
1617 4512 1677 4547 τε
1701 4497 1795 4549 καὶ

166 4585 451 4651 τίγρεις,
483 4582 698 4653 πρῶτον
724 4584 846 4637 τότε
893 4582 1187 4655 Ῥωμαίοις
1218 4585 1502 4654 ὀφθείσας.
1541 4585 1708 4649 Αὖθίς
1735 4604 1795 4640 τε

165 4674 407 4736 στάσις
437 4676 496 4726 ἐν
518 4677 583 4745 τῇ
622 4673 812 4748 Ῥώμῃ
837 4677 1059 4746 συνέϐη,
1091 4678 1184 4731 καὶ
1208 4679 1416 4746 σφαγαὶ
1430 4678 1688 4748 γεγόνασι
1709 4679 1797 4734 διὰ

161 4769 303 4829 τὰς
328 4766 447 4818 τῶν
486 4766 706 4820 ὑπάτων
741 4769 1125 4841 ἀρχαιρεσίας.
1169 4768 1375 4824 Μαθὼν
1427 4765 1522 4824 οὖν
1574 4770 1727 4824 ταῦθ’
1766 4773 1795 4824 ό

162 4857 461 4925 Καῖσαρ,
496 4858 592 4910 καὶ
628 4856 859 4911 συνιδὼν
882 4858 966 4910 ὅτι
998 4857 1148 4910 οὐδὲν
1180 4861 1353 4929 πέρας
1382 4861 1672 4930 γενήσεται
1698 4860 1794 4915 τοῦ

166 4947 418 5013 κακοῦ,
444 4948 525 5011 είς
544 4949 643 5021 τὴν
679 4950 900 5020 Ῥώμην
929 4950 1165 5021 ἠπείχθη
1196 4951 1290 5005 καὶ
1327 4952 1489 5015 αὐτὸς
1514 4952 1795 5018 ἀπέδειξεν

162 5043 459 5097 ὕπατον.
486 5043 639 5097 Ἐπεὶ
668 5044 726 5097 δὲ
749 5044 1056 5114 ὑπαντῆσαι
1079 5044 1230 5114 αὐτῷ
1259 5044 1460 5107 πάντες
1483 5062 1794 5115 παρεσκευ-

158 5137 435 5200 ἅζοντο.
460 5135 679 5207 νύκτωρ
709 5138 788 5202 είς
818 5136 918 5209 τήν
970 5138 1126 5191 πόλιν
1179 5137 1554 5209 ἀνεκομίσθηο
1615 5139 1643 5192 δ
1699 5139 1795 5193 καὶ

148 5226 480 5290 πολλάκις
519 5228 767 5297 ἐποίησε,
803 5231 897 5283 καὶ
931 5228 1092 5295 ἐξιὼν
1120 5227 1213 5281 τοῦ
1252 5229 1442 5293 ἄστεος
1476 5231 1570 5283 καὶ
1626 5231 1795 5284 ἐπαν-

152 5318 328 5383 ιὼν,
361 5318 456 5371 ἵνα
507 5319 699 5390 μηδενὶ
718 5320 948 5391 ὀχληρὸς
972 5322 1082 5391 είη.
1124 5316 1258 5372 Εἶτα
1284 5320 1390 5373 τῶν
1428 5322 1644 5391 τρόπων
1673 5322 1797 5376 ἐπι-

145 5409 463 5483 μελητὴς
502 5412 598 5464 καὶ
641 5411 877 5481 τιμητὴς
918 5413 998 5474 είς
1052 5410 1381 5465 πενταετίαν
1418 5412 1793 5482 παρακληθεὶς

136 5500 640 5572 ἐχειροτονήθη·
677 5502 775 5571 τὴν
811 5500 867 5553 δὲ
893 5502 1002 5554 τῶν
1053 5502 1275 5556 ὑπάτων
1331 5501 1495 5573 τιμήν
1539 5501 1628 5556 διὰ
1675 5502 1790 5572 βίου

130 5592 399 5649 ἔλλαϐε.
455 5592 630 5646 Τινῶν
655 5592 701 5645 δ’
733 5592 916 5654 αἰτίας
952 5592 1189 5662 σχόντων
1239 5592 1615 5646 ἐπιϐουλεύειν
1642 5591 1793 5662 αὐτῷ

126 5685 296 5742 3.11
323 5683 415 5755 τῷ
443 5683 755 5756 ’Δγρίππᾳ,
783 5683 977 5747 ἄλλους
1004 5682 1104 5751 μέν
1134 5699 1285 5745 τινας
1341 5682 1628 5738 ἐδικαίωσε
1649 5699 1665 5716 ο
1697 5684 1791 5741 τὸν

540 5785 657 5843 l’n
671 5800 810 5844 nOL.
858 5782 946 5841 Gn
961 5825 975 5843 .
1007 5781 1265 5846 CXXXI
1279 5780 1354 5844 V.

1903 4496 2017 4540 tum
2063 4495 2148 4542 est
2196 4489 2265 4541 ob
2299 4488 2521 4542 comitia
2571 4489 2902 4552 consularia,
2953 4499 3008 4543 et
3061 4489 3238 4546 caedes
3293 4492 3468 4549 factae.

1898 4578 2017 4645 Quo
2042 4578 2261 4648 cognito
2296 4578 2514 4645 Caasar,
2547 4581 2674 4651 quia
2715 4582 2924 4636 nullum
2963 4583 3092 4636 mali
3140 4582 3306 4639 linem
3351 4586 3471 4642 fore

1898 4668 2244 4739 providebat,
2300 4670 2530 4725 Romam
2590 4687 2822 4743 propere
2867 4673 3195 4741 contendit,
3245 4684 3305 4731 et
3355 4677 3472 4748 ipse

1897 4762 2187 4815 consulem
2218 4760 2545 4832 designavit.
2580 4762 2644 4818 Et
2684 4764 2812 4834 quia
2847 4779 2906 4819 se
2952 4780 3145 4820 omnes
3176 4778 3235 4821 ut
3274 4783 3473 4838 proce-

1896 4850 2091 4906 derent
2137 4852 2353 4907 obviam
2419 4854 2706 4921 parabant,
2754 4863 2919 4909 noctu
2981 4854 3260 4926 ingressus
3317 4870 3405 4916 est
3454 4876 3470 4914 :

1897 4952 2060 5013 atque
2096 4943 2148 4999 id
2186 4956 2293 4998 lam
2326 4944 2385 4999 in
2426 4961 2654 5016 egressu
2685 4962 2847 5016 quam
2890 4949 3135 5018 ingressu
3172 4950 3330 5007 urbis
3367 4967 3472 5007 σευ

1897 5038 2022 5106 pius
2051 5039 2203 5104 fecit,
2236 5055 2303 5094 ne
2333 5039 2591 5110 cuiquam
2635 5047 2782 5094 esset
2805 5041 3006 5110 gravis.
3046 5040 3256 5097 Deinde
3288 5044 3472 5111 preci-

1895 5125 2001 5182 bus
2029 5127 2099 5181 ab
2144 5143 2211 5183 eo
2242 5128 2591 5198 impetratum
2622 5139 2728 5194 est,
2782 5139 2843 5183 ut
2887 5144 3101 5184 morum
3150 5134 3467 5201 magism-um

1895 5228 1954 5275 et
1980 5235 2267 5275 censorem
2302 5221 2356 5275 in
2383 5220 2819 5291 quinquennium
2852 5235 2911 5276 se
2939 5222 3114 5276 creari
3139 5231 3420 5291 pateretur
3450 5238 3466 5275 ι

1895 5313 2240 5368 consularem
2292 5329 2423 5368 vero
2488 5313 2809 5384 dignitatem
2867 5313 2925 5367 in
2977 5327 3197 5368 onlnem
3253 5323 3466 5367 aetatem

1895 5408 2128 5475 accepit.
2171 5405 2310 5461 Cum
2343 5406 2566 5475 quidam
2600 5407 2670 5461 ob
2716 5405 2965 5468 insidias,
2995 5421 3132 5474 quas
3175 5414 3234 5460 et
3277 5403 3469 5473 ipsiet

1897 5496 2148 5566 Agrippas
2173 5497 2457 5563 fecissent,
2501 5497 2746 5552 accusati
2789 5504 2996 5557 essent,
3031 5495 3168 5549 alios
3199 5495 3466 5563 quosdam

1898 5588 2171 5658 supplicio
2225 5589 2409 5643 atl‘ecit
2445 5606 2458 5643 :
2496 5589 2764 5657 Lepidum
2824 5595 3007 5641 autem
3055 5600 3179 5640 eum
3227 5585 3349 5639 alis
3396 5586 3466 5642 de

1896 5681 2100 5746 causis,
2146 5690 2261 5735 tum
2308 5681 2380 5735 ob
2429 5680 2657 5735 insidias
2705 5696 2736 5732 a
2785 5678 2897 5732 lilio
2948 5676 3095 5732 illius
3144 5676 3247 5732 sibi
3293 5677 3466 5732 factas
