3976 6204
412 226 523 334 9θ7
656 222 663 227 .
1673 256 1982 317 ΙΟΑΝΝῙΕ

2108 257 2355 315 lNAIiAi
3570 261 3678 320 903

409 381 670 443 invisum,
717 392 825 431 non
873 376 1095 440 occidit,
1133 375 1227 431 sed
1261 376 1398 429 alias
1442 373 1600 427 aliter
1636 368 1879 424 ludibrio
1927 375 1979 422 ct

2109 367 2141 419 iis
2167 367 2396 420 Λέπιδον
2425 366 2605 436 ἐμίσει
2636 365 2735 436 μὲν
2763 367 2856 418 καὶ
2885 366 2953 419 δι’
2998 366 3152 430 ἄλλα,
3193 367 3288 419 καί
3342 368 3427 422 ὃτι
3479 369 3510 420 ὁ
3560 370 3679 434 υἱὸς

296 514 301 515 κ
409 473 750 542 contemptui
797 470 1014 526 habuit.
1047 472 1254 526 Prancr
1285 470 1433 539 leges
1473 467 1630 528 alias,
1663 464 1810 518 illam
1845 478 1866 531 ο

2110 459 2257 513 ιύτοῦ
2293 458 2689 511 ἐπεϐούλευσεν
2717 459 2891 525 αὐτῷ,
2923 460 2985 511 οὗ
3022 459 3208 528 μέντοι
3233 460 3326 512 καὶ
3350 460 3680 517 ἀποκτεῖναι

411 580 518 635 que
549 565 696 627 tulit,
729 572 789 616 ιιι
815 561 908 631 qui
939 562 992 615 in
1024 560 1264 615 comitiis
1297 555 1555 626 suﬂ'ragia
1585 556 1981 621 corrupissent,

2112 552 2364 624 ιθέλήσεν,
2382 551 2499 605 ἀλλ’
2515 552 2705 606 ἄλλοτε
2730 550 2905 610 ἃλλως
2932 549 3345 622 προεπηλάκιζε
3369 553 3461 605 καὶ
3489 551 3682 622 ἐχλεύ-

415 655 826 728 magistratibus
863 652 1305 724 quinquennium
1351 648 1803 705 excluderentur.
1852 644 1985 699 Vita:

2113 648 2235 709 ιςεν.
2280 644 2472 698 Ἐθετό
2525 661 2583 697 τε
2641 643 2736 697 καὶ¹
2795 644 2990 706 ἀλλους
3039 645 3261 712 νόμους,
3298 643 3391 696 καὶ
3444 644 3508 696 τὸ
3546 646 3683 708 τοὺς

414 750 588 804 cazlibi
614 759 723 802 tant
759 746 1003 801 virorum
1045 759 1209 815 quam
1256 743 1548 797 mulierum
1581 753 1798 809 pinnas,
1851 750 1984 791 cun-

2116 739 2431 801 εκάσαντάς
2452 754 2609 801 τινας
2638 737 2734 789 ἐπὶ
2780 738 2902 798 ταῖς
2954 736 3171 806 ἀρχαῖς,
3235 736 3292 799 ἐς
3345 736 3512 788 πέντε
3582 737 3682 807 ἔτη

408 841 562 907 jugio
586 848 644 896 et
667 838 1035 910 procre-tioni
1062 838 1364 892 liberorum
1393 834 1618 906 praemia
1651 828 1940 901 proposuit
1969 844 1978 881 :

2114 829 2269 882 ιύτῶν
2290 826 2572 899 εἴργεσθαι
2592 842 2608 858 ·
2635 830 2749 890 τοῖς
2765 843 2824 880 τε
2843 829 3081 897 ἀγάμοις
3110 828 3204 881 καὶ
3230 829 3352 891 ταῖς
3386 827 3684 899 ἀνάνδροις

412 938 470 984 et
497 929 625 996 quia
667 927 852 996 plures
881 936 1039 981 erant
1068 924 1284 995 patricii
1319 937 1497 977 mares
1533 936 1695 991 quam
1730 918 1982 983 femellas,

2121 922 2338 992 πιτίμια
2368 920 2547 985 ἔταξε,
2573 920 2670 973 τοῦ
2693 919 2749 972 δὲ
2789 922 2971 988 γάμου
3035 919 3133 973 καὶ
3185 917 3287 988 τῆς
3319 918 3684 982 παιδοποιίας

413 1014 668 1088 permisit
714 1015 879 1069 etiam
933 1015 1219 1069 libertinas
1266 1013 1474 1068 ducere
1522 1011 1568 1066 si
1609 1010 1705 1080 qui
1758 1009 1983 1073 vellent,

2116 1012 2225 1068 ἱθλα
2265 1013 2450 1085 ἔθηκε.
2481 1012 2733 1084 Κάπειδὴ
2762 1012 2899 1066 πολὺ
2930 1010 3116 1065 πλεῖον
3140 1010 3203 1064 τὸ
3234 1012 3404 1083 ᾶρῤεν
3433 1009 3533 1063 τοῦ
3587 1010 3686 1082 θή-

415 1108 764 1165 senatoribus
804 1108 1071 1176 exceptis,
1107 1118 1411 1175 eorumque
1451 1102 1775 1175 progeniem
1807 1099 1985 1171 legiti-

2116 1125 2208 1170 ,εος
2238 1105 2335 1160 τοῦ
2390 1105 2643 1174 εὐγενοῦς
2672 1101 2762 1176 ἦν,
2815 1103 3089 1175 ἐπέτρεψε
3146 1105 3243 1156 καὶ
3301 1101 3686 1173 ἀπελευθέρας

416 1214 560 1254 mam
590 1213 711 1254 esse
742 1199 924 1268 jussit.
952 1198 1071 1252 Jam
1098 1198 1228 1267 quia
1257 1195 1508 1251 nonnulli
1547 1193 1848 1249 infantibus
1881 1191 1986 1246 sibi

2113 1201 2199 1263 ὀῖς
2229 1198 2475 1252 ἐθέλουσι
2509 1198 2649 1267 πλὴν
2679 1197 2789 1250 τῶν
2815 1195 3124 1268 βουλευτῶν
3152 1195 3414 1265 ἄγεσθαι,
3441 1195 3683 1265 ἔννομον

417 1293 724 1361 desponsis,
771 1305 897 1346 cum
951 1291 1200 1345 fraudem
1248 1289 1351 1359 legi
1403 1288 1692 1351 facerent,
1750 1284 1987 1355 praemiis

2115 1290 2195 1362 ξῆν
2249 1290 2599 1343 τεκνοποιίαν
2655 1289 2838 1342 αὐτῶν
2890 1286 3029 1341 εῖναι
3087 1285 3374 1351 κελεύσας.
3423 1287 3589 1341 Ἐπεὶ
3626 1287 3685 1340 δὲ

419 1387 711 1455 conjugum
729 1382 1085 1437 fruebantur:
1116 1382 1317 1444 sanxit,
1353 1396 1419 1433 ne
1445 1395 1551 1448 qua
1576 1376 1851 1448 sponsalia
1901 1389 1989 1429 rac

2118 1383 2267 1453 .péqan
2322 1383 2468 1445 τινὲς
2499 1381 2928 1452 μνηστευόμενοι
2961 1380 3060 1443 τὰς
3094 1380 3192 1450 μὲν
3216 1380 3326 1434 τῶν
3356 1381 3688 1450 γεγαμηκό-

421 1489 471 1531 ta
511 1484 716 1539 essent,
759 1474 866 1528 nisi
912 1483 1034 1543 post
1082 1472 1367 1527 biennium
1403 1474 1608 1541 nuptiae
1640 1469 1991 1523 celebraren-

2115 1487 2199 1523 rwv
2236 1470 2583 1541 ἐκαρποῦντο
2614 1471 2805 1541 τιμὰς,
2835 1470 2896 1524 τὸ
2923 1470 2971 1523 δ’
2996 1471 3159 1541 ἔργον
3185 1472 3365 1524 αὐτῶν
3397 1473 3461 1524 ού
3487 1473 3685 1542 παρεί-

421 1578 508 1621 ιυι·
544 1585 557 1620 :
590 1567 695 1621 hoc
722 1574 829 1627 est,
860 1573 921 1619 ut
952 1565 1148 1635 puella:
1178 1580 1289 1618 non
1343 1565 1587 1617 minores
1631 1577 1663 1614 x
1693 1559 1851 1613 annis
1889 1558 1990 1613 de-

2117 1580 2269 1633 ςοντο,
2304 1563 2609 1634 προσέταξε
2640 1562 2911 1635 μηδεμίαν
2937 1562 3143 1633 ἰσχύειν
3174 1564 3496 1635 μνηστείαν,
3559 1562 3687 1634 μεθ’

419 1661 1117 1732 sponderentur,quarum
1166 1673 1346 1713 annus
1400 1657 1573 1712 aetatis
1627 1654 1989 1710 duodecimus

2114 1657 2158 1727 δν
2188 1656 2249 1708 οὐ
2273 1654 2367 1708 δύο
2397 1655 2717 1708 διελθόντων
2742 1654 2880 1707 ἐτῶν
2911 1654 3072 1718 εὐθὺς
3097 1655 3337 1724 γαμήσει
3370 1671 3479 1719 τις,
3514 1670 3684 1707 τουτ-

421 1726 671 1809 niaturus
707 1726 966 1823 conjugio
1024 1751 1353 1806 habebatur.
1402 1748 1639 1819 Agrippa
1687 1746 1859 1800 lilium
1904 1745 1986 1798 al-

2124 1763 2207 1800 στι
2260 1744 2471 1827 δεκέτιν
2520 1747 2737 1810 πάντως
2768 1745 3093 1815 ἐγγυᾶσθαι,
3112 1743 3321 1797 δώδεκα
3358 1747 3416 1797 δὲ
3436 1746 3566 1807 ταῖς
3592 1742 3690 1798 κό-

423 1857 601 1899 terttm
628 1858 696 1898 ex
729 1842 869 1898 Julia
898 1841 1174 1910 suscepit,
1208 1839 1438 1894 Lucium
1458 1881 1472 1903 ,
1499 1853 1662 1909 quem
1710 1853 1817 1891 una
1863 1851 1989 1892 cum

2116 1855 2221 1901 ›αις
2254 1838 2350 1908 ἐτη
2375 1839 2457 1902 είς
2509 1838 2611 1907 τὴν
2640 1839 2736 1891 τοῦ
2772 1837 2954 1907 γάμου
2987 1834 3139 1907 ὥραν
3166 1836 3345 1907 πλήρη
3367 1836 3686 1907 νομίζεται.

420 1938 553 1993 Caio
571 1939 846 2007 Angustus
870 1930 1160 2004 adoptatOs
1184 1934 1371 1988 statim
1400 1932 1613 2002 imperii
1642 1944 1990 1985 successores

2124 1931 2166 1985 Ο
2192 1929 2247 1982 δὲ
2286 1929 2604 1998 Ἀγρίππας
2633 1930 2730 1983 καὶ
2755 1929 2949 1999 ἕτερον
2996 1929 3115 1983 υἱὸν
3178 1928 3242 1982 ὲκ
3292 1928 3392 1997 τῆς
3449 1930 3688 1991 Ἰουλίας

420 2030 751 2101 designavit,
812 2037 875 2081 ut
924 2028 1110 2081 minus
1149 2026 1365 2082 insidiis
1424 2034 1796 2096 appeteretur.
1853 2024 1990 2078 Cum

2123 2024 2366 2091 γείνατο,
2409 2024 2641 2077 Λούκιον
2670 2022 3062 2092 ὀνομασθέντα,
3113 2022 3175 2075 ὃν
3221 2020 3535 2090 Αὔγουστος
3591 2023 3689 2074 καὶ

422 2123 717 2193 aliquando
764 2120 1046 2177 Pollionis.
1082 2120 1324 2175 hominis
1354 2119 1667 2188 locupletis,
1722 2118 1817 2173 sed
1864 2117 1992 2173 saevi

2120 2116 2185 2167 iw
2214 2115 2446 2184 ἀδελφὸν
2486 2113 2653 2168 αὐτοῦ
2680 2114 2774 2167 τδν
2812 2114 2972 2167 Γάϊον
3002 2115 3406 2183 εἰσεποιήσατο,
3448 2117 3545 2167 καὶ
3569 2115 3690 2167 δια-

422 2226 478 2270 et
533 2213 795 2277 crudelis,
855 2212 1086 2267 conviva
1133 2220 1302 2277 esset,
1355 2220 1412 2266 et
1466 2210 1513 2266 is
1561 2211 1877 2280 pincernam
1927 2212 1992 2266 ob

2120 2208 2285 2277 λόχους
2317 2209 2419 2276 τῆς
2450 2208 2627 2279 ἀρχῆς
2656 2208 2887 2261 αὐτόθεν
2905 2207 3220 2273 ἀπέδειξεν,
3252 2208 3321 2260 ἶν’
3356 2203 3523 2279 ἦττον
3558 2208 3690 2261 ἐπι-

425 2310 654 2364 calicem
702 2307 1079 2378 crystallinurn
1124 2304 1359 2360 fractum
1412 2306 1692 2369 muraenis,
1753 2319 1891 2375 quas
1940 2306 1995 2360 in

2116 2300 2443 2370 ἱουλεύηται.
2488 2298 2848 2370 Ἐστιώμενος
2882 2299 2939 2352 δέ
2994 2315 3124 2353 ποτε
3190 2302 3339 2372 παρὰ
3406 2299 3686 2362 Πωλίωνι,

412 2399 655 2469 piscinis
684 2398 866 2452 alebat
888 2396 955 2451 ad
983 2393 1333 2450 devorandos
1358 2393 1609 2448 homines
1636 2393 1982 2456 assuefactas,

2114 2392 2252 2463 ἱνδρὶ
2288 2392 2532 2459 πλουσίῳ
2567 2391 2667 2461 μὲν
2698 2391 2905 2462 σφόδρα
2937 2390 3074 2462 ὠμῷ
3100 2390 3156 2444 δὲ
3181 2391 3302 2444 λίαν
3328 2392 3426 2444 καὶ
3456 2392 3684 2459 ἀπηνεῖ,

412 2490 870 2562 .objicijussisset
914 2488 992 2559 (id
1037 2486 1184 2542 enim
1230 2485 1564 2557 supplicium
1617 2484 1814 2551 servis,
1862 2500 1982 2555 quoi

2117 2485 2224 2538 επεὶ
2246 2485 2273 2536 ὁ
2291 2484 2527 2554 οἰνοχζος
2562 2482 2770 2536 ἐκείνου
2798 2482 2995 2537 κύλικα
3028 2482 3394 2553 κρυσταλίνην
3422 2481 3687 2548 κατέαξε,

424 2583 731 2646 occidebat,
789 2581 1197 2649 constituerat),
1227 2594 1445 2649 poenam
1497 2582 1775 2650 pincernae
1819 2577 1994 2633 Ciesar

2118 2575 2195 2629 ιαί
2247 2578 2305 2638 ὲς
2340 2576 2437 2637 τὰς
2480 2574 2752 2645 μυραίνας
2813 2574 3022 2644 ὡρίσθη
3085 2574 3238 2644 παρὰ
3264 2571 3355 2626 τοῦ
3418 2572 3688 2626 δεσπότου

428 2677 758 2745 deprecatus
779 2683 865 2728 est
893 2688 909 2726 :
937 2687 1064 2726 cum
1102 2672 1238 2726 nihil
1274 2671 1642 2741 impetrasset,
1698 2668 1998 2725 Pollionem

2118 2666 2439 2739 ;μ6ληθῆναι
2497 2666 2716 2734 (ἔτρεφε
2760 2665 2867 2737 γὰρ
2919 2667 2979 2717 ὲν
3023 2664 3346 2734 δεξαμεναῖς
3396 2665 3688 2731 τοιαύτας,

428 2770 597 2824 etiam
652 2767 756 2820 alia
806 2764 1053 2832 ejusdem
1112 2763 1355 2818 materia:
1405 2762 1637 2832 pocula,
1690 2770 1746 2815 et
1795 2762 1840 2817 si
1891 2776 1998 2831 qua

2119 2757 2423 2828 ινορώπους
2451 2756 2842 2828 δεδιδαγμένας
2893 2759 3118 2825 ἐσθίειν,
3154 2762 3247 2813 καὶ
3281 2762 3407 2823 τοὺς
3459 2759 3689 2822 δούλοις

428 2868 693 2933 ριἐιετθα
720 2857 963 2928 pretiosa
993 2856 1243 2921 haberet,
1275 2865 1334 2907 nt
1364 2855 1448 2909 eis
1491 2861 1742 2908 uteretur
1762 2893 1777 2918 ,
1814 2852 1998 2907 aﬂ’erri

2121 2849 2295 2910 ιύταῖς
2323 2848 2416 2910 οὓς
2444 2848 2708 2902 ἑθανάτου
2740 2847 3101 2920 παρέϐαλλε),
3134 2850 3434 2919 παρῃτεῖτο
3472 2847 3577 2917 τὴν
3602 2863 3691 2900 τι·

426 2954 609 3024 jussit,
639 2951 798 3006 allata
825 2947 1098 3019 confregit
1122 2967 1137 3002 :
1166 2946 1325 3018 537
1359 2945 1442 2999 Ne
1469 2953 1772 3017 propterea.
1799 2944 1996 3014 inquit,

2119 2937 2316 3005 ιωρίαν
2340 2939 2367 2990 ὁ
2399 2940 2619 3006 Καῖσαρ
2643 2936 2740 2989 τοῦ
2775 2937 3041 3008 οἰνοχόου.
3097 2937 3187 3002 Ὠς
3241 2935 3288 2989 δ’
3336 2938 3438 2990 οὐκ
3497 2935 3689 2989 ἔπειθε

429 3044 663 3098 homines
689 3039 955 3093 occidant.
990 3036 1082 3092 Sic
1127 3038 1302 3092 Pollio
1336 3045 1563 3106 propter
1591 3033 1999 3088 multitudinem

2119 3030 2195 3082 τὸν
2232 3028 2515 3094 Πωλίωνα,
2550 3029 2709 3100 Φέρε,
2742 3029 2936 3098 φησὶν,
2956 3030 3055 3083 ὅσα
3078 3028 3303 3082 τοιαῦτα
3324 3027 3471 3099 ἔχεις
3504 3026 3689 3080 Exsult-

430 3134 838 3190 confractorum
872 3131 943 3185 ab
988 3130 1232 3199 Augusto
1277 3128 1533 3192 calicum,
1583 3126 1753 3180 unius
1774 3125 2000 3190 oblitus,

2116 3136 2275 3189 ματα,
2310 3120 2343 3192 ἢ
2387 3124 2484 3173 καὶ
2513 3120 2679 3187 ἔτερα
2721 3120 2953 3188 ἔντιμα,
3006 3120 3074 3174 ἶν’
3129 3122 3313 3182 αὐτοῖς
3368 3120 3686 3191 χρήσωμαι.

429 3241 557 3280 cum
617 3225 934 3291 pincernam
984 3223 1183 3290 punire
1236 3235 1346 3272 non
1393 3227 1600 3288 posset,
1643 3217 1733 3272 vel
1795 3217 1999 3273 invitus

2119 3214 2448 3285 Κομισθέντα
2472 3214 2529 3270 δὲ
2563 3214 2902 3286 συνέτριψεν,
2939 3216 3129 3281 εἰπὼν,
3168 3215 3299 3271 Ἵνα
3317 3214 3404 3284 μὴ
3426 3214 3527 3268 διὰ
3549 3213 3663 3266 tat}
3678 3243 3689 3251 -

434 3316 644 3371 homini
674 3313 944 3382 pepercit.
984 3310 1218 3379 Agrippa
1268 3308 1323 3362 in
1375 3308 1675 3378 Campania
1711 3310 1779 3362 ei
1811 3308 2004 3362 morbo

2120 3317 2212 3369 τας
2252 3301 2598 3364 κολάζοιντο
2623 3303 2942 3371 ἅνθρωποι.
2987 3304 3046 3356 '0
3075 3305 3128 3356 δὲ
3161 3303 3384 3357 Πωλίων
3434 3303 3577 3374 πρὸς
3627 3302 3690 3353 τὸ

433 3408 715 3469 defuncto,
763 3404 950 3458 Czrsar
974 3416 1040 3456 eo
1073 3400 1375 3470 profectus,
1397 3415 1599 3469 corpus
1622 3400 1743 3469 ejus
1774 3399 2003 3454 Romam

2117 3393 2318 3462 πλῆθος
2334 3395 2442 3448 τῶν
2462 3394 2819 3448 ἀπολωλότων
2835 3395 2935 3465 τῆς
2959 3397 3087 3463 μιᾶς
3110 3394 3408 3448 ἐπελάθετο
3439 3393 3687 3455 κύλικος,

433 3501 689 3562 advexit;
722 3511 901 3566 coque
931 3496 986 3548 in
1015 3494 1188 3548 forum
1220 3492 1386 3546 allato
1410 3531 1423 3550 .
1459 3493 1764 3548 orationem
1810 3491 2003 3547 recita-

2119 3485 2322 3539 καὶτὸν
2350 3487 2593 3557 οἰνοχόον
2646 3487 3067 3558 τιμωρήσασθαι
3105 3486 3181 3556 μὴ
3236 3486 3563 3555 δυνάμενος,
3607 3486 3689 3539 ὅτι

434 3593 510 3647 vit
543 3608 557 3645 :
591 3590 844 3658 factmptc
875 3584 1166 3656 magniﬁco
1192 3585 1409 3649 funere,
1442 3597 1567 3638 ossa
1599 3582 1655 3637 in
1692 3599 1853 3638 suum
1886 3598 2004 3637 mo-

2121 3580 2201 3630 irti.
2236 3577 2450 3642 πολλοῖς
2474 3578 2536 3631 τὸ
2577 3579 2709 3632 αὐτὸ
2740 3580 3070 3651 ἐπεποιήκει
3102 3580 3139 3661 ὁ·
3197 3578 3536 3647 Αὔγουστος,
3594 3577 3691 3630 καὶ

434 3690 758 3736 numentutn
791 3677 998 3732 intulit.
1038 3676 1291 3745 Agrippas
1319 3690 1469 3729 mors
1496 3674 1778 3744 publicum
1807 3674 2004 3729 Roma-

2117 3667 2257 3721 Ξκων
2282 3668 2581 3738 ἡσύχασεν.
2599 3669 2914 3739 ’Λγρίππας
2938 3671 2998 3722 δὲ
3035 3671 3270 3740 νοσήσας
3293 3673 3351 3724 ὲν
3380 3667 3687 3739 Καμπανίᾳ

436 3776 521 3829 nis
554 3775 763 3827 luctum
799 3769 1006 3825 attulit.
1036 3768 1172 3822 Nam
1200 3782 1324 3821 enm
1358 3775 1555 3821 cretera
1586 3766 1671 3819 vir
1695 3781 1808 3822 suae
1831 3766 2006 3820 aetatis

2117 3756 2398 3824 ἀπέθανεν,
2432 3752 2493 3812 οὗ
2522 3760 2550 3812 ὁ
2578 3759 2799 3830 Καῖσαρ
2830 3761 3273 3830 παραγενόμενος
3303 3759 3365 3812 τό
3415 3776 3477 3813 τε
3528 3761 3687 3829 σῶμι

435 3868 677 3935 optimus
727 3862 851 3925 fuit,
908 3868 1022 3914 tum
1072 3859 1303 3928 Augusti
1354 3856 1598 3912 amicitia
1643 3856 1708 3911 ad
1750 3857 1924 3926 ipsius
1952 3866 2005 3912 et

2122 3849 2275 3903 ιύτοῦ
2308 3850 2389 3913 είς
2435 3848 2535 3921 τὴν
2594 3850 2816 3921 Ῥώμην
2855 3853 3104 3922 ἐκόμισε,
3138 3854 3233 3904 καὶ
3275 3852 3331 3904 ἐν
3392 3853 3458 3922 τῇ
3514 3852 3692 3920 ἀγορᾷ

440 3956 754 4025 reipublicae
792 3952 1082 4007 utilitatem
1131 3966 1265 4005 usus
1305 3959 1410 4015 est,
1461 3964 1729 4018 suamque
1770 3948 2010 4018 pruden-

2121 3942 2450 4014 προθέμενος
2480 3944 2637 4011 λόγον
2670 3943 2758 3995 ἐπ’
2792 3944 2940 4014 αὐτῴ
2966 3944 3177 4011 ἀνέγνω
3204 3944 3299 3997 καὶ
3318 3942 3418 4015 τὴν
3445 3942 3691 4012 ἐκφορὰν

440 4061 569 4101 nam
598 4055 656 4100 et
684 4043 1063 4098 fortitudinem
1106 4055 1323 4095 omnem
1361 4039 1417 4093 in
1463 4054 1551 4094 res
1593 4039 1795 4094 Caesari
1833 4039 2010 4093 utilis-

2122 4033 2275 4086 ιύτοῦ
2310 4032 2572 4111 πολυτελῆ
2616 4034 2908 4103 ἐποιήσατο
2962 4037 3054 4087 καὶ
3086 4035 3144 4087 ἑν
3182 4034 3262 4103 τῷ
3302 4031 3502 4087 ἑαυτοῦ
3554 4048 3692 4101 μνη-

438 4141 607 4194 simas
639 4135 892 4197 contulit,
920 4132 1324 4202 omnipotentia
1350 4139 1408 4185 et
1441 4131 1672 4195 honore,
1709 4130 1911 4200 quibus
1939 4131 2008 4183 ah

2122 4124 2250 4193 μείῳ
2276 4124 2496 4193 ἔθαψεν.
2539 4125 2679 4179 ὐδὲ
2713 4124 2810 4178 τοῦ
2851 4125 3159 4195 Ἀγρίππου
3219 4124 3446 4186 θάνατος
3510 4124 3692 4176 κοινόν

439 4234 534 4286 illo
559 4238 786 4284 ornatus
813 4237 951 4290 erat,
977 4226 1041 4279 ad
1072 4223 1486 4279 beneficentiam
1515 4237 1800 4278 conversa.
1829 4222 2009 4289 Quare

2119 4234 2163 4269 τι
2192 4219 2305 4281 τοῖς
2341 4216 2635 4287 Ῥωμαίοις
2681 4217 2878 4281 πένθος
2912 4218 3149 4285 ἐγένετο.
3197 4216 3280 4271 Td
3330 4233 3390 4268 τε
3414 4215 3527 4285 γὰρ
3554 4214 3689 4269 ἀλλα

440 4334 543 4374 nec
590 4318 835 4384 Augusto
869 4313 1072 4384 gravis,
1117 4325 1222 4367 nec
1263 4310 1479 4366 caeteris
1530 4309 1836 4364 invidiosus
1882 4309 2007 4364 fuit.

2117 4310 2332 4378 ἀριστος
2355 4309 2464 4362 τῶν
2498 4308 2620 4363 καθ’
2639 4309 2833 4363 ἑαυτὸν
2858 4307 3166 4378 ἀνθρώπων
3212 4308 3451 4372 ἐγένετο,
3494 4308 3595 4362 καὶ
3623 4308 3687 4376 τῇ

440 4412 520 4465 Εο
546 4409 828 4470 defuncto,
856 4418 981 4457 cum
1010 4417 1193 4456 rerum
1232 4400 1602 4472 gerendarum
1631 4401 1782 4455 socio
1817 4414 2007 4456 carere

2123 4398 2206 4452 τοῦ
2234 4399 2546 4468 Αὐγούστου
2578 4398 2733 4471 φιλίᾳ
2763 4398 2901 4470 πρὸς
2932 4400 2993 4453 τὸ
3023 4400 3233 4453 ἐκείνου
3294 4400 3389 4451 καὶ
3448 4399 3588 4466 πρὸς
3631 4394 3693 4449 τδ

442 4517 551 4557 non
603 4508 808 4569 posset,
861 4494 1146 4550 Tiberium
1201 4493 1286 4548 vel
1342 4493 1548 4548 invitus
1603 4492 1797 4547 ascivit
1847 4492 2005 4562 (nam

2120 4495 2272 4562 κοινῇ
2326 4493 2605 4562 συμφέρον
2657 4491 2942 4562 ἐκέχρητο,
2989 4492 3084 4544 καὶ
3119 4492 3300 4544 πᾶσαν
3349 4489 3450 4560 τὴν
3494 4486 3690 4540 ἑαυτοῦ

445 4593 695 4663 Agrippa
717 4589 837 4653 lilii,
888 4594 1119 4657 nepotes
1154 4585 1353 4655 ipsius,
1396 4584 1554 4655 pueri
1599 4584 1781 4638 adhuc
1826 4583 2008 4654 erant)

2122 4583 2311 4653 σοφίαν
2343 4584 2437 4636 καὶ
2492 4581 2716 4653 ἀνδρίαν
2744 4583 2824 4644 είς
2852 4582 2923 4635 τὰ
2952 4582 3375 4635 λυσιτελέστατα
3433 4580 3692 4650 παρέχων

440 4696 746 4756 ereptaque
791 4696 984 4746 uxore,
1023 4680 1278 4750 Agrippa:
1322 4693 1391 4733 ex
1438 4677 1544 4733 alia
1592 4679 1824 4748 conjuge
1873 4676 2007 4746 illia,

2123 4675 2194 4743 τῷ
2223 4674 2480 4743 Καίσαρι,
2522 4676 2704 4728 πᾶσαν
2740 4672 2843 4745 τὴν
2873 4673 3003 4745 παρ’
3051 4674 3261 4728 ἐκείνου
3325 4670 3563 4742 δύναμιν
3600 4670 3693 4724 καὶ

440 4778 638 4834 hlium
664 4776 717 4830 ei
734 4762 1061 4842 despondit.
1102 4769 1311 4825 Deinde
1337 4785 1436 4839 per
1466 4783 1614 4833 eum,
1644 4778 1701 4823 et
1747 4769 2007 4834 Drusum,

2122 4766 2283 4835 τιμὴν
2316 4768 2395 4829 είς
2417 4766 2478 4820 τδ
2501 4765 2625 4830 τοὺς
2646 4764 2839 4830 ἄλλους
2864 4766 3176 4833 εὐεργετεῖν
3198 4765 3512 4835 ἀνήλισκεν.
3534 4762 3692 4818 Ὀοεν

440 4881 497 4926 ct
528 4870 758 4924 Lucium
806 4867 1082 4927 Pisonem,
1115 4864 1316 4919 multas
1343 4866 1592 4918 nationes
1620 4864 1859 4933 subegit.
1907 4862 2010 4916 Pe-

2124 4856 2228 4909 obt’
2249 4857 2398 4927 αὐτῷ
2428 4856 2691 4927 ὲπαχθής,
2715 4855 2839 4910 οὔτε
2870 4860 2986 4921 τοῖς
3004 4856 3184 4921 ἄλλοις
3215 4853 3506 4924 ἐπίφθονος
3528 4857 3694 4924 ἐχρη-

442 4960 608 5016 cunia
632 4974 664 5014 ι
695 4966 888 5013 senatu
920 4962 978 5011 et
1010 4954 1216 5025 populo
1250 4954 1317 5008 ad
1344 4954 1466 5025 ejus
1505 4954 1771 5024 imagines
1806 4953 2012 5007 facien-

2125 4954 2337 5019 μὰτισε.
2377 4949 2581 5003 Τούτου
2613 4949 3070 5019 μεταλλάξαντος,
3105 4950 3229 5002 ἐπεὶ
3260 4947 3526 5017 συνεργοῦ
3561 4947 3695 5016 πρὸς

424 5051 542 5107 'das
585 5050 807 5113 collata,
858 5047 941 5101 sui
1003 5046 1211 5101 nullam
1269 5045 1568 5116 imaginem
1642 5044 1857 5109 erexit,
1914 5059 1994 5099 set

2125 5041 2190 5094 τὰ
2221 5041 2524 5112 πράγματα
2549 5042 2743 5105 ἐδεῖτο,
2785 5043 2875 5094 τὸν
2900 5040 3155 5111 Τιὸἑριον
3206 5042 3300 5093 καὶ
3338 5041 3493 5093 ἀκων
3523 5055 3695 5109 προσ·

445 5142 681 5215 publica
717 5139 949 5202 Salutis,
976 5137 1299 5193 Concordia:
1330 5146 1387 5192 et
1419 5138 1587 5197 Pacis
1607 5147 1816 5191 statuas
1860 5135 2013 5191 fecit.

2122 5133 2297 5187 είλετο
2319 5135 2389 5204 (οἱ
2411 5135 2522 5206 γὰρ
2549 5135 2646 5188 τοῦ
2674 5135 2982 5203 ’Δγρίππου
3017 5134 3145 5196 υἱοὶ,
3176 5133 3389 5202 ἔγγονοι
3428 5130 3475 5185 δ’
3502 5130 3692 5196 αὐτοῦ,

446 5233 633 5289 Primo
658 5230 789 5285 anni
817 5229 907 5283 die
947 5244 1074 5283 eum
1111 5228 1337 5282 adibant
1388 5226 1661 5293 homines,
1712 5236 1875 5298 atque
1922 5227 2015 5282 alii

2128 5229 2180 5281 ὲν
2208 5225 2396 5278 παισὶν
2440 5225 2520 5279 ἔτι
2551 5226 2811 5294 ιτὲλουν)’
2844 5228 2939 5280 καὶ
2977 5228 3309 5287 ἀποσπάσας
3349 5225 3569 5277 ἐκείνου
3603 5223 3698 5293 τὴν

448 5325 589 5392 plus,
625 5323 720 5377 alii
758 5320 942 5376 minus
978 5318 1288 5374 offerebant
1322 5336 1336 5372 :
1369 5317 1576 5387 quibus
1620 5317 1736 5388 ipse
1783 5318 2013 5391 duplum

2128 5320 2376 5389 γυναῖκα,
2405 5319 2683 5392 θυγατέρα
2702 5316 2868 5374 οὖσαν
2888 5320 3198 5390 Ἀγρίππου
3233 5318 3292 5385 ἐξ
3325 5317 3495 5388 ἄλλης
3527 5331 3698 5387 γαμε-

446 5424 543 5469 aut
578 5415 814 5485 amplius
859 5411 1144 5475 reddebat,
1175 5425 1288 5465 non
1338 5410 1682 5466 senatoribus
1727 5410 2014 5476 duntaxat,

2129 5413 2237 5482 τῆς,
2269 5413 2369 5482 τὴν
2406 5410 2634 5466 Ἰουλίαν
2655 5411 2805 5482 αὐτῷ
2828 5411 3189 5483 ὲνηγγύησεν.
3218 5406 3352 5463 Εἶτα
3381 5409 3473 5463 διά
3492 5427 3555 5462 τε
3578 5408 3699 5462 τού-

448 5507 547 5565 sed
581 5507 706 5563 aliis
733 5507 922 5562 etiam.
972 5503 1256 5560 Octatiam
1296 5516 1543 5558 sororem
1581 5514 1694 5558 tum
1742 5516 2017 5561 mortuam

2123 5519 2208 5555 ιον
2245 5506 2338 5556 καὶ
2369 5502 2457 5556 διὰ
2475 5502 2570 5556 τοῦ
2601 5502 2864 5574 Δρούσου,
2903 5504 2999 5554 καὶ
3017 5501 3108 5554 διὰ
3140 5500 3410 5562 Πείσωνος
3442 5498 3693 5562 Λουκίου,

449 5598 668 5667 publice
700 5597 1007 5669 proposuit,
1045 5606 1100 5649 ct
1147 5593 1432 5650 funebrem
1485 5595 1553 5651 de
1594 5610 1661 5652 ea
1707 5596 2015 5652 orationem

2120 5597 2291 5650 πολλὰ
2316 5596 2427 5650 τῶν
2460 5596 2628 5650 ἐθνῶν
2661 5595 2998 5665 ὑπηγάγετο.
3036 5592 3325 5663 Ἀργύριον
3378 5591 3440 5643 δὲ
3487 5592 3586 5660 τῆς
3637 5607 3690 5639 τε
