3976 6204
348 257 463 321 909

1614 253 2018 316 ANNALIUM
2062 253 2207 313 LIB.
2248 254 2320 314 Χ.

3494 256 3601 322 910

341 366 540 435 βουλῆς
573 363 668 419 καὶ
691 364 788 417 τοῦ
818 365 996 434 δήμου
1027 366 1110 429 εἰς
1141 365 1362 427 εἰκόνας
1392 363 1540 434 αύτῷ
1571 365 1919 432 συνενεγκόν-

2046 363 2242 418 tabuit.
2275 363 2487 418 Drusus
2511 372 2563 418 et
2607 372 2832 418 senatus
2871 373 3055 419 vestes
3101 364 3362 435 lugubres
3406 365 3600 423 indue-

334 473 468 521 των,
485 455 684 509 ἑαυτοῦ
709 454 809 523 μὲν
824 455 1080 523 οὐδεμίαν
1105 454 1353 524 ἔστησενο
1375 454 1562 518 ὑγείας
1595 453 1932 522 δὲδημοσίας

2040 463 2192 521 runt,
2227 464 2287 509 ut
2315 454 2368 508 in
2403 453 2554 509 luctu
2589 455 2830 525 publico.

337 553 435 604 καὶ
460 550 749 620 Ὁμονοίας
770 550 866 603 καὶ
893 550 1130 620 Εἰρήνης
1150 551 1365 613 εἰκόνας
1414 551 1731 617 εἰργάσατο.
1796 548 1906 601 Καὶ
1937 547 1994 599 ἐν
2032 549 2168 618 αὐτῇ
2203 551 2264 618 τῇ
2302 548 2492 620 πρώτῃ
2527 549 2622 602 τοῦ
2651 550 2804 614 ἔτους
2830 551 3014 621 ἡμέρα
3039 550 3189 622 αὐτῷ
3213 552 3405 622 ἐκείνῳ
3431 570 3603 623 προσ.

339 646 531 705 ιόντες,
565 643 615 694 oi
653 644 753 711 μὲν
780 642 961 694 πλεῖον
1005 643 1055 694 οἱ
1103 641 1147 694 δ’
1188 636 1353 712 ἦττον
1401 641 1672 703 ἐδίδοσαν,
1715 641 1810 694 καὶ
1869 639 1929 704 ὃς
1969 641 2281 711 προστιθεὶς
2343 642 2531 713 ἕτερον
2595 643 2852 696 τοσοῦτον
2884 645 2915 713 ἢ
2948 645 3043 696 καὶ
3093 645 3255 697 πλέον
3307 647 3602 710 ἀντεδίδου,

335 737 400 788 ού
441 736 627 806 μόνοις
646 738 760 798 τοῖς
785 736 1123 806 βουλευταῖς,
1160 735 1296 789 ἀλλὰ
1330 736 1427 789 καὶ
1468 737 1580 798 τοῖς
1626 734 1825 796 ἄλλοις.
1893 732 2136 801 Τέθνηκε
2201 735 2258 787 δὲ
2294 735 2414 788 τότε
2469 738 2564 789 καὶ
2607 739 2641 806 ἡ
2707 736 2910 806 ἀδελφὴ
2960 736 3128 790 αὐτοῦ
3178 739 3459 799 Ὀκταϐία,
3512 741 3606 794 καὶ

339 829 502 891 αὐτὸς
534 845 597 881 τε
632 827 720 881 ἐπ’
767 829 908 898 αὐτῇ
955 826 1192 897 δημοσίᾳ⁵
1249 826 1576 896 προτεθείσῃ
1632 825 1918 892 ἐπιτάφιον
1957 819 2100 875 εἷπε.
2140 824 2555 896 ΚαὶὸΔροῦσος
2589 828 2684 878 καὶ
2743 828 2791 878 οί
2856 826 3140 896 βουλευταὶ
3178 830 3472 900 πενθήρεις
3519 849 3602 901 χι·
3646 848 3650 852 ‘

337 923 517 984 τῶνας
544 920 762 984 ἔλαϐον,
800 921 1038 995 δημοσίᾳ
1071 923 1133 974 τὸ
1167 919 1362 982 πένθος
1394 921 1740 990 ποιήσαντες.

409 1015 537 1071 AE'.
560 1017 650 1084 Τῷ
672 1016 717 1069 δ’
740 1017 986 1087 ἐχομένῳ
1045 1017 1156 1070 ἔτει
1213 1019 1241 1069 6
1302 1016 1540 1086 Δροῦσος
1586 1012 1918 1074 ὑπατεύσας,

343 1125 446 1160 κατ
493 1107 665 1160 ἐθνῶν
694 1123 858 1160 τινων
886 1107 1307 1176 ἐξεστράτευσε.
1367 1107 1474 1159 Καί
1499 1124 1620 1159 τινα
1651 1104 1920 1175 χειρωσά-

345 1216 508 1270 μενος
536 1199 872 1269 προσωτέρω
920 1200 1122 1268 χωρεῖν
1149 1198 1475 1268 ἐπεχείρησε
1495 1211 1510 1225 ⁸
1544 1197 1636 1250 καί
1664 1214 1773 1249 τινι
1822 1212 1925 1263 γυ-

343 1292 496 1342 ναικὶ
535 1289 744 1358 μείζονι
791 1288 824 1359 ἦ
884 1289 1027 1342 κατὰ
1067 1289 1357 1359 ἀνθρώπου
1393 1291 1551 1360 φύσιν
1615 1292 1926 1361 ἀπήντησεν

343 1378 544 1441 ἀπιὼν,
577 1378 640 1445 ἡ,
664 1380 778 1433 Ποῖ
809 1379 961 1448 δῆτα
989 1383 1220 1452 ἐπείγῃ,
1247 1382 1473 1450 Δροῦσος
1496 1383 1804 1450 ἀκόρεστε,
1837 1381 1926 1434 λέο

343 1491 464 1542 γειν
494 1472 647 1543 αὐτῷ
671 1473 870 1540 ἔδοξεν.
898 1476 983 1529 Οὑ
1021 1475 1219 1528 πάντα
1261 1490 1360 1528 σοι
1388 1473 1574 1528 ταῦτα
1608 1474 1758 1529 ἰδεῖν
1822 1475 1926 1528 πέ-

344 1584 590 1634 πρωται.
621 1568 783 1620 Ἀλλ’
814 1567 982 1622 ἄπιθι
1011 1584 1024 1598 ’
1054 1567 1171 1637 ἤδη
1203 1567 1313 1636 γάρ
1336 1584 1436 1622 σοι
1458 1568 1556 1621 καί
1586 1567 1625 1634 ἡ
1666 1567 1772 1622 τοῦ
1795 1569 1929 1639 βίου

347 1659 450 1714 καὶ
478 1662 516 1727 ἡ
544 1661 666 1712 τῶν
692 1660 882 1727 ἔργων
907 1635 1160 1730 πάρεστι
1191 1635 1462 1726 τελευτή.
1501 1635 1930 1730 ’Υποστρέςροντι
1958 1635 2003 1693 Β

345 1752 390 1804 δ’
424 1753 635 1805 ἐκεῖθεν
671 1745 821 1819 αύτῷ
855 1755 1008 1814 νόσος
1029 1752 1352 1821 ἐνέσκηψεν,
1385 1753 1444 1818 ἐξ
1468 1747 1537 1824 ἦς
1584 1751 1926 1818 ἐτελεύτησε.

351 1843 662 1913 Πυθόμενος
693 1841 741 1893 δ’
768 1844 796 1894 6
830 1842 1194 1912 αὐτοκράτωρ
1219 1841 1302 1894 ὅτι
1331 1844 1496 1905 νοσεῖ,
1536 1841 1630 1895 τὸν
1679 1841 1932 1912 Τιϐέριον

346 1932 492 1986 κατὰ
517 1933 684 2002 τάχος
719 1929 988 2001 ἔπεμψεν,
1021 1931 1080 1994 ὃς
1113 1931 1356 2000 ἔμπνουν
1389 1949 1448 1984 τε
1474 1931 1637 1985 αὐτὸν
1663 1925 1792 2003 εὗρε
1838 1933 1933 1986 καὶ

347 2022 585 2076 θανόντα
614 2023 670 2087 ἐς
698 2024 798 2094 τὴν
832 2021 1050 2092 Ῥώμην
1076 2024 1320 2092 ἐκόμισε.
1380 2023 1492 2076 Καὶ
1523 2023 1582 2075 ἐν
1634 2025 1702 2092 τῇ
1757 2024 1936 2094 ἀγορᾷ

350 2113 706 2184 προτεθέντα,
738 2115 767 2167 ὃ
804 2131 862 2167 τε
888 2112 1197 2182 Αὔγουστος
1234 2115 1327 2167 καὶ
1370 2113 1399 2165 6
1429 2113 1698 2184 Τιϐέριος
1742 2115 1935 2167 ἐπιτα-

350 2206 498 2275 φίοις
520 2206 812 2277 ἐπῄνεσαν.
851 2207 1068 2274 Νόμους
1124 2206 1181 2259 δὲ
1222 2205 1359 2276 μετὰ
1400 2205 1576 2259 ταῦτα
1627 2206 1656 2257 6
1718 2205 1934 2275 Καῖσαρ

350 2299 663 2367 εἰσήνεγκε,
695 2299 914 2360 καὶτοῖς
947 2297 1260 2368 βουλευταῖς
1285 2297 1482 2359 αὐτοὺς
1507 2295 1934 2366 ἀναγνῶναι(8’ῖ)

353 2387 680 2458 ἐπέτρεψεν,
711 2389 881 2453 ὅπως,
934 2391 984 2441 εί
1027 2391 1102 2458 μή
1137 2406 1190 2441 τι
1244 2389 1469 2459 ἀρέσκει
1511 2387 1544 2458 ἢ
1603 2388 1826 2457 ἄμεινόν
1883 2405 1936 2439 τι

353 2483 632 2550 νοήσουσι,
659 2481 906 2534 εἴπωσιν.
949 2481 1114 2533 Οὕτω
1170 2480 1279 2550 γὰρ
1324 2481 1728 2550 δημοκρατικὸς
1781 2478 1935 2547 ἠξίου

353 2569 517 2636 εἶναι,
559 2571 698 2624 ὥστε
735 2571 880 2635 τινὸς
913 2572 1022 2624 τῶν
1047 2563 1608 2642 συστρατευσαμένων
1633 2570 1784 2640 αύτῷ
1815 2587 1939 2622 συν-

350 2666 715 2736 ηγορήματος
767 2666 900 2736 παρ’
927 2665 1094 2718 αὐτοῦ
1111 2665 1417 2733 δεηθέντος,
1449 2663 1560 2716 τῶν
1587 2663 1756 2730 φίλων
1787 2660 1938 2730 αύτῷ
1985 2684 1997 2689 -

355 2759 636 2811 συνειπεῖν
666 2775 789 2810 τινα
821 2758 1088 2828 ἔπεμπεν,
1149 2757 1225 2820 ὡς
1266 2757 1426 2819 αὐτὸς
1459 2756 1560 2808 οὐκ
1605 2756 1755 2820 ἄγων
1811 2770 1936 2823 σχο-

353 2851 475 2919 λήν.
516 2849 671 2902 Ἐπεὶ
699 2850 755 2903 δὲ
792 2851 820 2903 6
853 2851 952 2920 τῆς
978 2850 1306 2918 συνηγορίας
1337 2849 1592 2915 δεόμενος
1649 2845 1938 2915 ἀχθεσθεὶς

355 2943 484 3011 ἔφη’
535 2940 686 3010 Ἐγὼ
721 2941 773 2994 δ’
840 2941 1052 3006 ὁσάκις
1117 2941 1463 3007 ἐπικουρίης
1506 2939 1779 3005 ἑδεήθης,
1831 2940 1941 2992 οὐκ
1968 2969 2010 3025 C

356 3034 556 3088 ἄλλον
596 3032 726 3088 ἀντ’
781 3034 1040 3102 ἐμαυτοῦ
1111 3033 1372 3103 ἔπεμψα,
1427 3033 1564 3085 ἀλλ’
1620 3031 1803 3095 αὐτός
1821 3047 1938 3084 σου

356 3125 914 3193 προεκινδύνευσα·
955 3126 1035 3186 είς
1056 3125 1116 3177 τὺ
1155 3123 1509 3192 δικαστήριόν
1561 3139 1622 3176 τε
1682 3121 1939 3190 ἐφοίτησε

359 3218 456 3269 καὶ
487 3216 640 3287 αὐτῷ
675 3218 1072 3287 συνηγόρησεν.
1101 3215 1464 3268 Αἰτιαθέντων
1516 3214 1576 3268 δέ
1633 3231 1794 3267 τινων
1837 3215 1940 3282 ἀρ-

359 3311 568 3380 χόντων
592 3310 665 3372 ὠς
692 3311 758 3362 ἐκ
785 3298 1063 3378 δεκασμοῦ
1103 3308 1200 3370 τὰς
1248 3307 1424 3377 ἀρχὰς
1481 3306 1780 3369 λαϐόντων,
1829 3302 1941 3356 οὕτ⁹

357 3403 640 3472 ἐξήλεγξε,
677 3405 772 3456 καὶ
817 3401 1280 3472 προσεποιήσατο,
1309 3399 1444 3468 μηδὲ
1498 3397 1702 3466 γνῶναι
1761 3394 1940 3450 τοῦτο.

359 3491 502 3545 Οὔτε
525 3493 633 3560 γὰρ
660 3494 888 3545 κολάσαι
922 3492 1073 3554 τινὰς
1116 3491 1205 3544 διὰ
1236 3491 1417 3557 τοῦτο,
1470 3489 1592 3544 οὗτε
1633 3491 1942 3559 συγγνῶναι

359 3582 700 3654 ἐλεγχθεῖσιν
728 3581 978 3650 ἠθέλησε.
1027 3580 1135 3649 Τὴν
1173 3580 1216 3632 δ’
1252 3580 1546 3648 ἡγεμονίαν
1592 3580 1816 3647 καίπερ,
1867 3581 1944 3643 ὡς

360 3677 574 3743 ἔλεγεν,
610 3675 815 3742 ἀφιεὶς,
838 3672 1028 3739 ἐπειδὴ
1048 3673 1142 3724 καὶ
1173 3673 1242 3724 τὰ
1263 3672 1494 3740 δεύτερα
1523 3672 1657 3724 δέκα
1687 3673 1782 3738 ἔτη
1799 3687 1940 3741 παρ-

361 3768 549 3836 ῆλθον,
582 3768 732 3824 ἄκων
758 3766 921 3835 δῆθεν
951 3760 1107 3827 αὖθις
1142 3764 1380 3828 ἐδέξατο,
1416 3764 1490 3824 ὡς
1534 3765 1628 3816 ἐπὶ
1657 3765 1783 3826 τοὺς
1808 3763 1945 3817 Κελ-

361 3862 492 3922 τοὺς
521 3857 894 3929 στρατεύσων.
927 3856 1036 3910 Καὶ
1067 3855 1229 3917 αὒτδς
1271 3855 1371 3924 μὲν
1407 3855 1545 3907 οἴκοι
1601 3855 1942 3922 κατέμεινεν,

363 3953 456 4005 ἐπ’
488 3953 735 4014 ἐκείνους
764 3949 820 4002 δὲ
843 3949 932 4002 τὸν
957 3947 1209 4016 Τιϐέριον
1252 3946 1515 4016 ἔπεμψεν.
1575 3949 1671 3999 Ὃν
1725 3946 1948 3998 ἐπανελ-

362 4045 532 4098 θόντα
568 4046 793 4097 ἀνεῖπεν
829 4042 1232 4111 αὐτοκράτορα,
1257 4041 1349 4092 καὶ
1409 4040 1616 4092 ὕπατον
1658 4039 1814 4101 αὖθις
1841 4040 1949 4091 ἀπ-

364 4139 543 4201 έδειξε
577 4141 672 4190 καὶ
731 4137 848 4196 τοῖς
883 4133 1176 4195 ἐπινικίοις
1213 4134 1526 4200 ἐσέμνυνεν.
1563 4133 1737 4195 Αὐτὸς
1767 4131 1823 4184 δὲ
1855 4131 1948 4185 τὸν

367 4230 646 4295 Σεξτίλιον
671 4229 1009 4298 καλούμενον
1044 4227 1190 4295 μῆνα
1231 4223 1539 4292 Αὔγουστον
1573 4224 1944 4294 ἀντωνόμασε.

2101 1006 2316 1062 XXXV.
2356 1006 2516 1062 Anno
2571 1007 2823 1078 sequenti
2883 1009 3093 1064 Drusus
3148 1011 3339 1065 consul
3404 1011 3605 1078 factus,

2029 1099 2287 1169 gentibus
2318 1099 2645 1167 quibusdam
2680 1100 2884 1155 bellum
2914 1101 3100 1156 intulit
3132 1121 3144 1156 :
3173 1116 3259 1166 et,
3293 1120 3416 1158 cum
3464 1122 3609 1160 non-

2037 1190 2206 1244 nullis
2231 1189 2476 1244 subactis
2511 1191 2745 1245 ulterius
2774 1193 3031 1262 progredi
3061 1181 3377 1259 statuisset,
3412 1198 3610 1251 mulier

2034 1282 2084 1334 ei
2125 1290 2318 1334 natura
2356 1281 2593 1336 humana
2640 1283 2816 1354 major
2853 1283 3050 1350 obvia,
3083 1283 3266 1340 dicere
3316 1287 3431 1341 visa
3471 1297 3556 1341 est
3592 1304 3608 1342 :

2037 1373 2276 1439 Quonam
2312 1391 2592 1444 properas,
2624 1375 2792 1429 Druse
2831 1377 3193 1432 insatiabilis?
3237 1378 3354 1433 Non
3400 1383 3455 1434 in
3485 1381 3611 1449 [alis

2035 1477 2134 1533 est,
2165 1477 2222 1521 ut
2244 1469 2348 1523 ista
2371 1470 2550 1523 omnia
2577 1470 2773 1525 videas.
2815 1470 3005 1524 Verum
3041 1473 3180 1526 abito
3208 1489 3226 1526 :
3245 1475 3366 1542 jam
3397 1477 3532 1528 enim
3561 1487 3608 1528 et

2035 1564 2156 1616 vita:
2198 1571 2248 1617 et
2291 1578 2509 1633 operum
2553 1565 2646 1618 tibi
2689 1563 2812 1631 ﬁnis
2860 1569 3043 1620 instat.
3095 1566 3224 1620 lnde
3278 1568 3496 1622 rediens
3556 1570 3610 1622 in

2035 1655 2287 1710 morbum
2356 1655 2571 1720 incidit,
2638 1672 2704 1711 ex
2756 1672 2867 1726 quo
2918 1658 3174 1712 decessit.
3235 1659 3364 1729 Ejus
3415 1662 3611 1717 morbo

2035 1752 2335 1822 imperator
2382 1751 2593 1818 audito,
2648 1751 2930 1806 Tiberium
2989 1752 3315 1808 festinanter
3366 1756 3432 1810 ad
3478 1772 3606 1811 eum

2034 1845 2184 1900 misit
2217 1862 2231 1898 :
2269 1844 2362 1915 qui
2397 1853 2452 1899 et
2482 1852 2838 1914 aegrotantem
2870 1844 3023 1897 illum
3057 1844 3212 1908 vidit,
3239 1856 3295 1901 et
3334 1857 3608 1902 mortuum

2036 1937 2264 1991 Romam
2299 1936 2587 1992 advectum
2617 1936 2670 1989 in
2711 1935 2832 1989 foro
2866 1936 3176 2005 proposuit,
3217 1947 3382 2007 atque
3412 1938 3467 1992 in
3511 1940 3611 1994 de-

2037 2026 2215 2081 functi
2249 2026 2470 2082 laudem
2504 2034 2562 2081 et
2604 2025 2885 2097 Augustus
2930 2036 2985 2082 et
3030 2027 3286 2085 Tiberius
3331 2032 3612 2088 orationes

2039 2119 2202 2190 538
2229 2119 2562 2174 habuerunt.
2588 2118 2720 2174 Inde
2742 2118 2810 2173 ad
2833 2119 2984 2190 leges
3009 2119 3264 2176 ferendas
3285 2137 3612 2190 conversus,

2038 2227 2132 2266 eas
2175 2211 2524 2266 senatoribus
2555 2211 2812 2281 legendas
2843 2210 3020 2274 dedit,
3055 2220 3116 2265 ut
3139 2213 3183 2266 si
3215 2213 3345 2281 quid
3375 2213 3457 2269 vel
3507 2215 3613 2268 im-

2042 2302 2360 2371 probarent,
2419 2301 2500 2355 vel
2557 2300 2755 2354 melius
2801 2309 3063 2365 nossent,
3115 2301 3382 2357 dicerent.
3463 2305 3617 2361 Adeo

2039 2393 2186 2447 enim
2222 2393 2542 2462 popularem
2576 2407 2634 2445 se
2666 2390 2964 2460 praebebat,
3001 2403 3061 2448 ut
3091 2408 3215 2447 cum
3247 2411 3312 2448 ex
3342 2397 3616 2450 commili-

2041 2482 2263 2536 tonibus
2286 2481 2508 2550 quidam
2541 2496 2667 2535 eum
2705 2480 3029 2535 advocatum
3063 2493 3288 2548 orasset,
3331 2485 3446 2554 ipse
3481 2501 3616 2542 vero

2041 2579 2264 2640 propter
2306 2572 2698 2640 occupationes
2741 2571 2978 2625 amicum
3035 2587 3135 2626 suo
3185 2558 3616 2643 loco'misisset,

2042 2661 2207 2731 idque
2238 2661 2330 2715 ille
2362 2664 2590 2716 moleste
2623 2663 2825 2728 ferens,
2857 2663 3086 2718 dixisset
3118 2681 3132 2718 :
3163 2665 3232 2717 At
3259 2683 3373 2736 ego.
3412 2672 3616 2737 quatiet

2043 2753 2135 2804 tibi
2161 2752 2363 2805 auxilio
2399 2752 2497 2821 fuit
2540 2770 2690 2821 opus,
2735 2770 2839 2808 non
2869 2755 3037 2809 alium
3079 2775 3176 2826 pro
3227 2776 3308 2812 me
3354 2763 3491 2825 misi,
3529 2763 3619 2815 sed

2042 2845 2154 2912 ipse
2182 2860 2278 2914 pro
2313 2854 2363 2897 te
2396 2845 2670 2898 discrimen
2697 2848 2827 2907 adii,
2860 2847 2913 2900 in
2965 2847 3143 2902 forum
3179 2852 3348 2916 venit,
3399 2861 3455 2906 et
3503 2854 3620 2924 ipse

2042 2937 2092 2991 ei
2120 2936 2497 3006 patrocinatus
2529 2946 2632 2991 est.
2664 2936 2800 2991 Cum
2838 2940 3082 3008 quidam,
3117 2951 3175 2995 ut
3223 2960 3319 3013 per
3351 2946 3619 3002 ambitum

2043 3039 2100 3084 et
2147 3028 2489 3098 corruptelas
2540 3030 2893 3100 magistratus
2943 3035 3150 3102 adepti,
3206 3047 3618 3106 arguerentur:

2042 3133 2156 3172 rem
2191 3133 2372 3186 neque
2398 3119 2720 3187 exploravit,
2757 3130 2815 3176 et
2845 3121 3247 3189 dissimulavit,
3279 3128 3424 3196 quod
3456 3145 3519 3184 ea
3552 3130 3621 3186 de

2042 3223 2203 3262 causa
2234 3223 2411 3277 neque
2443 3211 2675 3265 multare
2713 3227 3045 3282 quemquam
3069 3254 3083 3278 ,
3147 3231 3325 3286 neque
3353 3223 3622 3276 convictis

2043 3301 2260 3353 veniam
2297 3299 2429 3355 dare
2468 3303 2706 3356 volebat.
2742 3303 3115 3374 Principatum
3139 3347 3154 3372 ,
3188 3309 3292 3362 etsi
3336 3309 3624 3380 depositu-

2043 3406 2165 3444 rum
2199 3406 2308 3459 praa
2333 3407 2392 3446 se
2424 3393 2635 3447 ferebat
2661 3411 2673 3447 :
2702 3403 2886 3449 tamen
2918 3397 3092 3451 altero
3118 3397 3389 3454 decennio
3410 3403 3620 3472 elapso,

2045 3483 2250 3535 invitus
2279 3483 2520 3547 scilicet,
2556 3484 2737 3538 denuo
2783 3486 3056 3556 suscepit,
3093 3497 3153 3543 ut
3201 3490 3370 3548 Gallis
3415 3494 3619 3551 bellum

2044 3574 2294 3631 inferret.
2324 3577 2596 3632 Caeterum
2627 3579 2742 3648 ipse
2781 3581 2927 3634 domi
2972 3585 3214 3651 mansit,
3246 3598 3303 3643 et
3336 3587 3616 3647 Tiberium

2043 3678 2236 3722 contra
2281 3669 2402 3722 illos
2439 3669 2588 3723 misit
2620 3687 2633 3722 :
2664 3686 2980 3739 reversum,
3017 3674 3404 3744 imperatorem
3435 3682 3619 3738 decla—

2045 3761 2209 3821 ravit,
2259 3769 2316 3813 et
2365 3762 2650 3815 consulem
2725 3763 2891 3830 fecit,
2945 3776 3002 3820 et
3051 3769 3328 3838 triumpho
3384 3777 3618 3833 ornavit.

2047 3850 2288 3906 Mensem
2327 3852 2586 3906 Sextilem
2611 3853 2680 3906 de
2708 3869 2811 3907 suo
2845 3859 3067 3911 nomine
3097 3859 3403 3929 Augustum
3437 3868 3621 3934 appel-

2047 3942 2182 3996 lavit
2210 3959 2226 3996 :
2267 3942 2586 3997 Maecenatis
2614 3944 2826 3998 obitum
2860 3962 3002 4014 aegre
3037 3949 3186 4017 tulit,
3219 3953 3312 4020 qui
3343 3969 3464 4008 cum
3498 3957 3621 4012 aliis

2048 4034 2105 4087 in
2136 4034 2302 4088 rebus
2324 4034 2374 4088 ei
2413 4033 2517 4089 luit
2553 4036 2724 4099 utilis,
2767 4045 2878 4090 tum
2912 4039 2992 4092 ira
3025 4040 3474 4099 effervescentem
3509 4048 3621 4116 pla-

2048 4141 2176 4181 care
2203 4127 2418 4191 solitus,
2449 4135 2505 4181 et
2539 4126 2605 4180 ad
2642 4128 3076 4185 moderationem
3110 4133 3416 4188 traducere.
3454 4135 3624 4208 Cujus

2051 4223 2184 4278 illud
2221 4232 2606 4292 argumentum
2640 4234 2743 4279 est.
2791 4225 2930 4281 Cum
2984 4227 3280 4297 aliquando
3317 4246 3416 4299 pro
3449 4233 3626 4287 tribu-

367 4321 481 4376 Τοῦ
519 4321 578 4374 δὲ
599 4320 888 4388 Μαικήνου
916 4316 1368 4385 τελευτήσαντος,
1401 4312 1810 4384 ήλγησεᾸΙολλὰ
1845 4313 1940 4382 μὲν

2050 4315 2159 4368 nali
2206 4315 2409 4368 multos
2455 4315 2654 4385 capitis
2705 4319 3144 4384 condemnasset,
3202 4318 3494 4383 Maecenas,
3525 4340 3624 4394 per

367 4413 480 4483 γὰρ
504 4411 599 4464 καὶ
627 4408 762 4464 ἄλλα
794 4407 886 4460 ὑπ’
907 4403 1074 4458 αὑτοῦ
1097 4403 1295 4472 ὤνητο,
1318 4401 1550 4471 μάλιστα
1563 4401 1620 4453 δὲ
1639 4399 1738 4467 τῆς
1749 4399 1940 4469 ὀργῆς,

365 4504 461 4557 ὅτε
509 4501 912 4572 ἀκρατέστερον
968 4496 1105 4566 αὐτῇ
1165 4494 1450 4564 ἐκέχρητο,
1505 4490 1810 4562 παρελύετο
1851 4489 1946 4542 καὶ

372 4598 675 4667 μετήνεκτο
698 4593 833 4664 πρὸς
854 4591 915 4643 τὸ
941 4587 1270 4658 ἠπιώτερον.
1309 4585 1620 4654 Τεκμήριον
1675 4582 1755 4647 δὲ,
1790 4579 1944 4633 δικά-

369 4687 557 4752 ζοντός
583 4701 710 4740 ποτε
739 4687 832 4737 καὶ
863 4681 1063 4742 πολλὰς
1091 4677 1512 4748 ἀποφηναμένου
1532 4674 1748 4744 ψήφους
1778 4673 1944 4725 θανα-

370 4780 552 4843 τικὰς,
587 4778 911 4847 ἐπεχείρησε
947 4775 1046 4842 μὲν
1083 4776 1110 4826 ὁ
1144 4771 1430 4840 Μαικήνας
1465 4767 1762 4822 διώσασθαι
1819 4765 1944 4829 τοὺς

369 4871 747 4944 περιεστῶτας
776 4871 868 4924 καὶ
891 4869 1055 4937 ἐγγὺς
1090 4865 1240 4936 αύτῷ
1283 4862 1601 4933 προσελθεῖν
1625 4877 1641 4894 ·
1680 4859 1757 4931 μὴ
1787 4860 1949 4928 δυνη-

371 4967 486 5027 θεὶς
519 4965 576 5018 δέ
602 4963 842 5032 ἔγραψεν
871 4961 931 5012 ἐν
968 4959 1145 5028 χάρτῃ
1170 4955 1372 5025 μικρῷ’
1412 4951 1698 5014 ’Δνάστα,
1736 4949 1945 5016 δήμιεο

371 5060 468 5110 καὶ
495 5057 627 5110 αὐτὸ
653 5059 731 5115 είς
765 5056 858 5108 τὸν
904 5055 1106 5106 κόλπον
1135 5047 1300 5103 αὐτοῦ
1334 5047 1579 5117 ἔρριψεν,
1623 5043 1651 5096 ὃ
1705 5043 1947 5096 ἐπελθὼν

371 5153 604 5214 ἐκεῖνος,
624 5147 787 5210 εὐθὺς
814 5147 1038 5213 ἀνέστη,
1081 5143 1176 5194 καὶ
1209 5141 1308 5200 τὰς
1331 5140 1545 5208 ψήφους
1572 5136 1860 5205 ἠκύρωσεν
1881 5132 1948 5194 ἃς

373 5241 674 5314 τηνικαῦτα
706 5237 774 5312 ἦν
793 5235 1196 5306 ψηφισάμενος.
1227 5231 1300 5284 Ού
1336 5233 1445 5300 γὰρ
1468 5227 1770 5297 ἠγανάκτει
1803 5226 1948 5296 διορ-

2054 4404 2269 4459 turbam
2304 4405 2490 4474 p0puli
2525 4405 2592 4459 ad
2629 4422 2755 4460 eum
2803 4416 3096 4476 penetrare
3137 4407 3340 4464 frustra
3371 4423 3625 4480 conatus,

2051 4495 2316 4550 chartulae
2363 4496 2666 4566 inscripsit,
2711 4497 2916 4568 Surge,
2966 4500 3240 4570 carnifex,
3293 4517 3526 4572 namque
3569 4505 3622 4560 in

2052 4587 2319 4657 gremium
2353 4588 2474 4657 ejus
2507 4588 2746 4658 conjecit
2775 4605 2788 4642 :
2815 4605 2922 4659 qua
2957 4589 3116 4656 lecta,
3151 4594 3392 4647 surrexit
3420 4592 3624 4660 Caasar,

2051 4687 2106 4732 et
2155 4678 2457 4732 sententias
2506 4678 2814 4748 abrogavit,
2858 4695 2994 4748 quas
3049 4690 3160 4734 tmn
3219 4686 3627 4751 pronuntiarat.

2053 4771 2188 4825 Nam
2221 4787 2280 4825 se
2309 4771 2376 4824 ab
2403 4770 2596 4825 amicis
2620 4771 2896 4841 castigari,
2924 4772 3062 4826 adeo
3089 4788 3197 4827 non
3225 4791 3368 4845 aegre
3391 4775 3624 4845 ferebat,

2051 4872 2113 4916 ut
2143 4863 2429 4933 gauderet.
2457 4861 2778 4916 Maecenatis
2804 4877 2968 4932 porro
2997 4863 3256 4919 virtutem
3284 4866 3417 4920 illud
3448 4868 3628 4922 decla-

2051 4965 2136 5008 rat
2165 4955 2423 5017 maxime,
2456 4955 2600 5023 quod
2645 4969 2769 5008 cum
2819 4955 3216 5024 cupiditatibus
3258 4961 3485 5027 Augusti
3538 4975 3628 5013 re-

2050 5044 2374 5114 fragaretur,
2407 5042 2771 5096 nihilominus
2810 5042 2860 5096 ei
2895 5042 3098 5097 cbarns
3127 5053 3275 5108 erat,
3309 5055 3364 5099 et
3411 5045 3626 5100 caeteris

2051 5137 2311 5191 omnibus
2356 5136 2606 5204 placebat
2643 5151 2658 5188 :
2704 5144 2770 5189 'et
2815 5135 3069 5206 quamvis
3118 5146 3266 5192 tanta
3317 5139 3627 5208 ejusesset

2051 5227 2373 5291 auctoritas,
2407 5234 2468 5281 ut
2496 5225 2687 5280 multis
2713 5225 2956 5282 honores
2989 5238 3045 5282 et
3071 5229 3419 5298 magistratus
3459 5225 3626 5295 largi-

1552 5343 1752 5404 Varia}
1814 5341 2123 5403 lectiones
2157 5349 2218 5403 et
2265 5349 2456 5403 notas.

447 5487 556 5558 (S7)
607 5481 989 5558 Ἀτήιιγνώνᾳιἶ
1037 5478 1156 5532 Huc
1200 5476 1393 5531 referri
1444 5485 1621 5544 potest
1665 5473 1756 5541 qui
1785 5469 1943 5558 ,οηυά

375 5542 596 5611 nostros
645 5542 826 5607 adhuc
875 5551 1087 5604 obtinet
1137 5563 1291 5607 mos.
1347 5542 1458 5615 quo
1496 5561 1693 5616 regum
1731 5542 1946 5602 edicta,

375 5628 696 5696 priusquam
729 5623 835 5696 vim
879 5619 1243 5696 habeant,_ad
1281 5631 1532 5696 senatum
1567 5615 1954 5696 :parlatnenta-f

377 5685 525 5752 rium
552 5685 707 5750 'niitti
747 5694 924 5748 solent
953 5701 1012 5745 ut
1043 5688 1364 5758 probentur,
1404 5704 1466 5741 ac
1497 5685 1700 5740 deinde
1740 5686 1807 5748 in.
1835 5688 1954 5733 acta

2055 5470 2367 5525 referantur
2402 5489 2415 5524 :
2458 5469 2604 5540 quod
2647 5469 2692 5524 si
2724 5469 3007 5540 quidpiam
3048 5469 3106 5540 in
3155 5467 3222 5522 iis
3247 5472 3502 5540 occurrat
3531 5466 3622 5521 cui

2051 5542 2377 5594 sententiam
2411 5535 2564 5595 suam
2594 5557 2700 5594 non
2741 5535 3138 5602 acco'minodet,
3171 5539 3239 5591 de
3274 5553 3340 5592 eo
3366 5535 3624 5606 princeps

2054 5611 2385 5666 admonetur
2417 5627 2482 5666 ac
2514 5621 2756 5682 rogatur.
