3976 6204
396 211 494 279 9H

1658 207 1984 271 JOANNIS
2020 207 2352 269 ΖΟΝΛΒιΕ

3568 203 3681 266 91?.

395 336 569 386 retur.
636 323 753 393 ipse
806 320 860 375 in
911 321 1106 377 ordine
1154 321 1398 392 equestri
1468 335 1687 374 omnem
1762 329 1978 376 :etatem

2085 319 2351 389 θούμενος
2372 318 2480 372 ὑπὸ
2496 316 2606 373 τῶν
2630 315 2990 397 φίλων,ρλλά
3037 313 3250 386 ἔχαιρε.
3285 313 3575 383 Μέγιστον
3620 316 3682 368 δὲ

391 434 550 490 :equo
581 419 765 471 animo
813 416 1016 486 exegit.
1051 416 1331 485 Augustus
1366 431 1493 469 cum
1528 414 1719 469 Caium
1750 424 1808 470 et
1860 414 1975 468 Lu-

392 511 540 564 cium
598 517 860 577 nepotes,
928 506 1263 575 eosdemque
1316 505 1457 560 ﬁlios
1499 504 1810 574 adoptivos,
1864 520 1973 559 non

392 617 529 656 suos
557 600 762 655 imitari
796 612 980 652 mores
1016 597 1229 652 videret
1282 596 1406 667 (nec
1439 598 1585 650 enim
1634 595 1974 650 luxuriosius

392 694 691 756 duntaxat,
724 691 816 747 sed
866 690 1103 745 ferocius
1126 691 1291 746 etiam
1328 705 1387 744 se
1421 688 1732 759 gerebant),
1764 703 1973 758 eosque

393 797 455 843 ut
498 786 761 855 privatos,
811 783 1174 837 modestiores
1230 781 1461 835 reddere
1520 780 1803 834 statuisset
1834 797 1846 831 :
1877 780 1975 834 tri-

392 880 660 934 bunitiam
731 887 1055 948 potestatein
1109 876 1163 930 in
1238 873 1678 943 quinquennium
1748 872 1973 926 Tiberio

393 973 663 1036 decrevit,
694 983 752 1027 et
782 971 1095 1025 Armeniam
1124 968 1286 1039 539
1311 977 1433 1037 post
1467 966 1721 1036 Tigranis
1756 964 1969 1019 obitum

393 1068 688 1121 alienatam
742 1063 1018 1118 attribuit.
1074 1063 1273 1116 Verum
1311 1076 1374 1114 ea
1425 1074 1484 1113 re
1525 1058 1663 1112 nihil
1715 1058 1967 1127 profecit.

391 1161 530 1215 Nam
557 1169 614 1214 et
640 1157 797 1229 pue'ri
825 1171 951 1212 cum
989 1171 1053 1211 se
1096 1153 1293 1223 negligi
1343 1138 1623 1221 putarent,
1655 1150 1705 1204 ei
1737 1164 1972 1204 succen-

390 1252 588 1309 sebant
620 1268 633 1306 :
666 1262 725 1306 et
757 1249 1013 1304 Tiberius
1061 1248 1280 1303 illorum
1321 1245 1456 1299 iram
1486 1243 1694 1297 veritus
1716 1283 1730 1306 ,
1777 1243 1831 1296 in
1867 1242 1972 1295 Ar-

392 1347 631 1402 meniam
692 1356 804 1399 non
856 1340 1016 1404 abiit,
1066 1339 1160 1394 sed
1226 1336 1482 1393 Rhodum
1535 1345 1622 1390 est
1674 1334 1967 1403 profectus.

392 1440 673 1506 Augustus
704 1448 837 1488 vero
874 1447 1018 1486 anno
1047 1429 1299 1499 sequenti
1330 1428 1719 1483 duodecimum
1754 1424 1969 1488 consul,

392 1529 589 1586 Caium
624 1536 748 1598 toga
776 1524 921 1580 virili
952 1524 1080 1578 data
1124 1522 1179 1577 in
1207 1522 1419 1578 curiam
1447 1520 1769 1582 adductum,
1813 1517 1970 1588 prin-

392 1620 570 1690 cipcm
613 1616 921 1683 iuventutis
949 1611 1294 1683 designavit,
1327 1621 1385 1664 et
1431 1608 1751 1680 praefectum
1795 1607 1972 1661 tribus

2081 413 2181 483 τῆς
2212 411 2413 484 ἀρετῆς
2434 410 2529 464 τοῦ
2560 408 2850 479 Μαικήνου
2886 409 3109 477 δεῖγμα,
3138 409 3221 461 ὅτι
3238 407 3320 478 τῷ
3349 423 3413 461 τε
3464 408 3684 475 Αὐγού-

2082 521 2195 574 στῳ
2224 504 2359 573 πρὶς
2394 503 2493 565 τὰς
2523 502 2705 572 ὁρμὰς
2749 500 2918 555 αὑτοῦ
2963 501 3366 571 ἀνθιστάμενος
3398 501 3681 571 ᾠκείωτο,

2081 598 2317 660 καὶτοῖς
2351 595 2537 659 ἄλλοις
2590 595 2796 648 ἅπασιν
2851 596 3082 665 ἧρεσκε,
3143 597 3243 649 καὶ
3280 596 3368 649 ὅτι
3423 594 3684 647 πλεῖστον

2081 687 2212 756 παρ’
2244 684 2394 755 αὑτῷ
2425 684 2698 756 δυνηθεὶς,
2720 687 2795 747 ὡς
2822 686 3099 754 καὶτιμὰς
3130 685 3350 749 πολλοῖς
3375 686 3474 738 καὶ
3500 684 3680 755 ἀρχὰς

2077 776 2288 840 δοῦναι,
2317 778 2482 840 αὑτὸς
2512 780 2570 831 ὲν
2598 777 2675 846 τῷ
2701 777 2808 829 τῶν
2861 778 3080 830 ἱππέων
3107 777 3250 831 τέλει
3294 777 3544 832 κατεϐἷω
3585 778 3687 831 καὶ

2078 872 2173 941 οὑχ
2224 872 2691 941 ὑπερεφρόνησεν.
2748 872 2924 941 Ὀρῶν
2958 872 3015 925 δὲ
3045 873 3074 923 ὁ
3112 870 3424 939 Αὔγουστος
3466 871 3564 923 τόν
3620 887 3685 922 τε

2080 961 2248 1015 Γάῖον
2281 964 2374 1015 καὶ
2398 961 2486 1014 τὸν
2513 962 2744 1016 Λούκιον
2766 963 2891 1024 τοὺς
2931 963 3192 1030 ἐγγόνους
3213 962 3403 1025 αὑτοῦ,
3448 960 3548 1024 οὓς
3584 961 3686 1014 καὶ

2079 1054 2454 1124 υἱοθετήσατο,
2484 1054 2557 1125 μὴ
2581 1056 2651 1108 ea:
2703 1055 2811 1126 ἢθη
2862 1056 3162 1126 ζηλοῦντας
3212 1054 3382 1107 αὑτοῦ
3435 1054 3523 1124 (οὐ
3565 1055 3681 1124 γὰρ

2076 1146 2375 1215 ἁδρότερον
2401 1147 2588 1216 διῆγον
2615 1147 2799 1215 μόνον,
2834 1145 2971 1199 ἀλλά
2997 1148 3089 1199 καὶ
3126 1145 3543 1216 ἐθρασύνοντο),
3582 1145 3686 1197 καὶ

2079 1236 2359 1308 βουληθεὶς
2383 1237 2580 1301 αὑτοὺς
2601 1241 3073 1308 σωφρονεστέρους
3093 1237 3304 1297 θέσθαι,
3324 1236 3404 1300 ὡς
3429 1236 3680 1300 ἰδιώτας,

2077 1328 2153 1397 τῷ
2180 1326 2415 1398 Τιϐερίῳ
2437 1329 2515 1391 εἰς
2549 1327 2710 1381 πέντε
2738 1328 2830 1398 ἔτη
2883 1328 2985 1399 τὴν
3032 1328 3384 1398 δημαρχικὴν
3419 1326 3684 1390 ἐξουσίαν

2075 1416 2362 1484 ἀπένειμε,
2396 1418 2490 1471 καὶ
2531 1417 2631 1487 τὴν
2670 1416 2963 1488 Ἀρμενίαν
3018 1416 3486 1489 ἀλλοτριουμένην
3532 1415 3683 1483 μετά

2077 1510 2171 1564 τὸν
2192 1509 2289 1563 τοῦ
2318 1510 2590 1579 Τιγράνου
2634 1509 2865 1564 θάνατον
2896 1510 3381 1580 προσεκλήρωσεν.
3414 1508 3595 1565 Οὐδὲν
3632 1507 3681 1561 δ’

2077 1601 2142 1653 ἐκ
2161 1600 2355 1654 τούτου
2378 1599 2658 1655 ἀπώνατο.
2697 1601 2762 1654 υι
2796 1600 2896 1670 μὲν
2929 1601 3038 1672 γάρ
3075 1601 3270 1662 παῖδες
3309 1598 3681 1670 παρορᾶσθαι

278 1892 281 1899 ‘
394 1890 493 1958 ι·εεί
532 1887 865 1959 postulante,
898 1902 961 1940 ca
995 1885 1061 1940 de
1098 1900 1259 1939 causa
1302 1882 1540 1937 tribunis
1570 1882 1636 1935 ad
1665 1882 1972 1951 Augustum

391 1686 515 1761 esse
545 1708 731 1777 jussit,
761 1718 1018 1773 annoque
1058 1709 1180 1771 post
1218 1700 1389 1755 Lucio
1417 1702 1541 1770 ejus
1563 1698 1720 1754 fratri
1749 1697 1974 1753 eosdem

2083 1691 2333 1757 δόξαντες
2368 1692 2620 1762 ἧχθοντο.
2665 1693 2725 1746 '0
2750 1694 2805 1747 δὲ
2841 1694 3096 1764 Τιϐέριος
3128 1692 3228 1764 τὴν
3268 1693 3446 1763 ὀργὴν
3487 1692 3681 1746 αὑτῶν

395 1801 636 1855 honores
666 1797 837 1853 dedit.
878 1795 1085 1864 Populo
1114 1802 1470 1863 congregato,
1495 1800 1553 1846 et
1580 1791 1826 1861 quaedam
1852 1805 1973 1844 cor-

2083 1784 2345 1855 ὲφοϐήθη,
2371 1785 2452 1840 διὸ
2476 1784 2589 1839 οὔτ’
2613 1787 2694 1849 εἰς
2725 1785 3025 1857 Ἀρμενίαν
3051 1785 3408 1859 ἀπεληλύθει,
3437 1786 3562 1840 ἀλλ’
3594 1788 3680 1849 είς

2090 1876 2273 1931 Ῥόδον
2292 1877 2542 1945 ἀφίκετο.
2598 1875 2692 1947 Τῷ
2724 1877 2771 1932 δ’
2797 1877 2995 1948 ἑφεξῆς
3018 1877 3135 1931 ἔτει
3177 1877 3484 1932 δωδέκατον
3521 1878 3681 1931 ὑπα-

396 1976 600 2037 missis,
635 1974 748 2042 ipse
779 1974 961 2035 venit,
994 1982 1047 2027 et
1083 1987 1205 2041 qua:
1249 1970 1530 2040 petebant,
1565 1986 1673 2025 una
1723 1986 1848 2025 cum
1892 1970 1976 2026 eis

2083 1967 2254 2021 τεύων
2307 1970 2337 2022 ὁ
2396 1967 2732 2038 Αὑγουστος,
2797 1971 2877 2034 εἰς
2928 1972 3056 2034 τοὺς
3106 1969 3346 2041 ἐφήϐους
3379 1970 3470 2023 τὸν
3506 1970 3678 2023 Γάϊον

395 2066 765 2122 consideravit
806 2083 819 2118 :
851 2080 958 2133 qua
985 2080 1044 2119 re
1078 2077 1271 2119 omnes
1305 2074 1435 2118 sunt
1459 2062 1739 2119 delectati.
1772 2063 1971 2119 Juliam

2083 2060 2261 2128 ἱταξε,
2291 2063 2383 2116 καὶ
2412 2063 2469 2125 ὲς
2491 2062 2553 2116 τὸ
2581 2062 2967 2134 βουλευτήριον
2995 2063 3113 2133 ἅμα
3132 2065 3398 2133 εἰσήγαγε
3430 2064 3527 2115 καὶ
3546 2062 3681 2131 πρό-

398 2161 589 2224 liliam,
619 2158 901 2212 lasciviam
934 2159 1057 2224 ejus
1079 2154 1365 2227 aegerrime
1398 2156 1583 2210 ferens
1606 2196 1621 2220 ,
1653 2156 1707 2210 in
1745 2155 1978 2210 insulam

2083 2166 2265 2221 κριτον
2299 2151 2548 2222 ἀπέφηνε
2568 2152 2666 2223 τῆς
2689 2152 2967 2221 νεότητος.
3007 2153 3228 2224 ἴλαρχόν
3259 2170 3321 2206 τε
3349 2154 3529 2223 φυλῆς
3560 2152 3676 2223 (88)

398 2252 714 2321 relegavit:
758 2264 883 2305 cum
936 2263 1111 2318 eaque
1157 2257 1334 2303 mater
1392 2247 1680 2303 Scribonia
1725 2248 1869 2302 ultro
1922 2248 1978 2303 in

2083 2240 2348 2310 γενέσθαι
2370 2243 2665 2316 ἐπέτρεψε,
2692 2245 2789 2298 καὶ
2820 2244 2940 2316 μετ’
2969 2245 3222 2299 δνιαυτδν
3248 2246 3344 2299 καὶ
3373 2246 3404 2298 6
3435 2245 3676 2306 Λούκιος

395 2341 650 2397 exsilium
682 2339 837 2394 abiit.
887 2338 967 2392 Ex
1001 2336 1340 2392 amatoribus
1383 2339 1504 2408 ejus
1547 2335 1754 2392 Julium
1804 2338 1978 2393 Anto-

2083 2333 2177 2397 τάς
2206 2334 2375 2405 τιμὰς
2397 2336 2520 2390 ὅσαι
2549 2336 2629 2406 τῷ
2657 2336 2806 2407 Γαΐῳ
2835 2337 2915 2408 τῷ
2940 2337 3160 2408 ἀδελφῷ
3206 2336 3376 2391 αὑτοῦ
3411 2337 3675 2399 ἐδίδοντο,

396 2433 573 2497 nium,
605 2440 661 2487 et
709 2430 849 2484 alios
888 2428 1067 2485 claros
1102 2430 1249 2484 viros
1285 2438 1346 2482 ut
1384 2443 1612 2500 regnum
1656 2427 1978 2486 all'ectantes

2083 2427 2292 2482 ἐλαϐεν.
2342 2427 2749 2500 Ἀθροισθὲντος
2780 2430 2837 2484 δὲ
2862 2428 2958 2482 τοῦ
2986 2429 3182 2501 δήμου,
3216 2418 3313 2483 καῖ
3345 2429 3676 2498 ἐπανορθω-

399 2523 698 2587 interfecit,
731 2531 959 2577 caeteros
999 2519 1055 2575 in
1092 2519 1302 2575 insulas
1336 2520 1621 2591 relegavit.

2083 2519 2243 2591 θῆναι
2263 2537 2420 2583 τινας
2441 2519 2745 2587 ἀξιοῦντος,
2768 2522 2866 2575 καὶ
2894 2520 3022 2584 τοῦς
3052 2520 3370 2593 δημάρχους
3393 2521 3485 2575 διὰ
3510 2519 3678 2575 τοῦτο

399 2634 539 2685 προς
559 2618 649 2671 τὸν
670 2614 990 2685 Αὔγουστον
1022 2612 1364 2685 πέμψαντος,
1396 2608 1562 2684 ἦλθεν
1611 2614 1845 2678 ἐκεῖνος,
1885 2613 1980 2668 καὶ
2014 2615 2145 2684 napi.
2205 2610 2284 2671 ῶν
2333 2612 2545 2667 ἐδέοντο
2576 2613 2731 2682 σφισι
2760 2614 3208 2684 συνδιεσκέψατο.
3240 2615 3355 2668 Καὶ
3374 2616 3467 2666 ἐπὶ
3491 2614 3677 2683 τούτῳ

396 2712 648 2783 ἥσθησαν
675 2708 937 2771 ἀπαντες.
984 2706 1097 2778 Τὴν
1125 2705 1182 2760 δὲ
1236 2705 1514 2776 θυγατέρα
1547 2705 1776 2760 Ἰουλίαν
1825 2707 2261 2775 ἀσελγαίνουσαν
2336 2707 2603 2777 φωράσας
2668 2707 3084 2779 ὑπερωργίσθηο
3127 2707 3225 2760 καὶ
3293 2706 3515 2776 ἐκείνην
3570 2707 3676 2775 μὲν

398 2807 477 2867 εἰς
509 2803 671 2871 νῆσον
690 2800 985 2870 ἀπήγαγεν
1028 2798 1346 2869 ὑπερόριον,
1484 2796 1582 2851 καὶ
1633 2797 1668 2865 ἡ
1722 2797 1909 2870 μήτηρ
1955 2798 1990 2869 ἡ
2028 2796 2339 2869 Σκριϐωνία
2407 2795 2612 2851 ἑκοῦσα
2659 2795 3075 2860 συνεξέπλευσε.
3115 2796 3239 2848 Τῶν
3288 2796 3345 2847 δὲ
3383 2796 3679 2867 χρησαμέ-

397 2918 504 2953 νων
537 2898 676 2968 αὑτῇ
707 2897 797 2950 τὸν
823 2893 924 2965 μὲν
952 2890 1173 2945 Ἰούλιον
1201 2889 1493 2943 ’Λντώνιον
1521 2890 1765 2944 ἔκτεινεν
1784 2889 1981 2953 ἄλλους
2023 2890 2085 2943 τέ
2108 2906 2261 2952 τινας
2306 2888 2589 2958 ἐπιφανεῖς
2618 2887 2844 2956 ἄνδρας,
2864 2888 2941 2952 ὡς
2973 2887 3075 2957 τῆς
3117 2886 3421 2958 μοναρχίας
3444 2888 3678 2956 ἐφιεμέ-

398 3010 545 3055 νους,
578 2992 703 3053 τοὺς
729 2987 785 3040 δὲ
831 2983 1052 3047 λοιποὺς
1083 2985 1162 3047 εις
1194 2984 1390 3053 νήσους
1420 2983 1573 3047 τινὰς
1619 2983 1959 3055 ὑπερώρισε.

470 3084 713 3143 XXXVI.
751 3080 887 3138 Cum
924 3078 1171 3135 Armenii
1226 3077 1581 3140 defecissent.
1609 3090 1667 3133 et
1698 3094 1729 3132 a
1756 3077 1978 3133 Partitis

2159 3072 2302 3143 Δεῖ.
2328 3073 2451 3129 Τῶν
2472 3075 2778 3147 Ἀρμενίων
2803 3073 2864 3128 δὶ
2914 3073 3382 3144 νεωτερισάντων,
3410 3074 3511 3127 καὶ
3560 3075 3675 3129 τῶν

399 3185 723 3272 juvarentur
751 3211 768 3238 ,
810 3186 875 3226 ea
914 3184 972 3224 re
1001 3169 1215 3233 dolens,
1266 3169 1401 3238 quid
1434 3180 1619 3240 ageret
1651 3170 1987 3242 ambigebat.

412 3259 528 3325 Nec
552 3265 701 3320 enim
751 3263 868 3331 ipse
921 3267 1144 3328 propter
1198 3269 1540 3314 senectutem
1566 3259 1768 3313 bellum
1800 3274 1989 3330 gerere

402 3367 667 3431 poterat:
730 3363 786 3408 et
808 3351 1086 3416 Tiberius,
1122 3362 1182 3404 ut
1227 3351 1435 3405 dictum
1472 3362 1578 3417 est,
1609 3352 1722 3420 jam
1747 3366 1991 3407 Secesse-

402 3460 510 3515 rat,
552 3462 654 3503 nec
698 3445 866 3499 alium
912 3458 979 3497 ex
1013 3442 1420 3513 potentioribus
1456 3442 1675 3497 mittere
1723 3442 1980 3497 audebat.

401 3542 570 3597 Caius
601 3550 733 3591 vero
767 3544 822 3589 et
855 3533 1060 3589 Lucius
1097 3532 1501 3594 adolescentes,
1551 3542 1610 3587 et
1653 3547 1842 3588 rerum
1878 3533 1985 3588 im-

402 3633 563 3705 periti
587 3640 769 3686 erant.
803 3628 1001 3684 Verum
1027 3634 1258 3695 urgente
1286 3624 1640 3688 necessitate.
1670 3623 1864 3681 Caium
1887 3626 1986 3682 de-

403 3726 557 3798 legit,
592 3731 863 3795 potestate
913 3717 1294 3791 proconsulari
1329 3727 1386 3773 et
1417 3733 1591 3774 uxore
1620 3716 1771 3783 data,
1827 3728 1889 3774 ut
1915 3735 1983 3775 ea

401 3833 625 3889 quoque
660 3831 722 3870 re
754 3813 995 3886 dignitas
1039 3812 1162 3883 ejus
1201 3820 1518 3882 augeretur,
1551 3820 1607 3866 et
1651 3810 1984 3867 consiliariis

402 3907 701 3981 adjunctis.
752 3906 803 3961 Is
851 3906 957 3959 iter
989 3904 1289 3974 ingressus,
1318 3903 1389 3958 ab
1433 3903 1692 3958 omnibus
1721 3912 1783 3958 ut
1812 3905 1985 3973 impe-

404 4001 605 4058 ratoris
635 4014 828 4069 nepos,
867 4013 933 4053 ac
963 3996 1148 4066 potius
1184 3993 1352 4061 ﬁlius,
1386 3996 1693 4051 honoriﬁce
1718 4004 1985 4067 exceptus

402 4103 507 4149 est.
540 4092 797 4146 Tiberius
840 4088 1007 4143 etiam
1054 4085 1253 4142 Chium
1292 4087 1531 4156 trajecit,
1573 4097 1629 4142 et
1664 4088 1985 4143 adolescen-

408 4196 514 4240 tem
551 4182 743 4247 coluit,
771 4179 1059 4251 purgando
1090 4177 1459 4248 suspiciones,
1491 4189 1548 4235 et
1575 4179 1849 4237 submisse
1878 4181 1983 4236 hu-

404 4276 720 4345 militerque
746 4289 804 4330 se
834 4270 1100 4343 gerendo.
1139 4268 1276 4326 Cum
1312 4270 1367 4324 in
1400 4269 1613 4341 Syriam
1638 4272 1901 4338 venisset,
1926 4281 1983 4327 et

330 4436 339 4441 -
404 4367 539 4423 nihil
601 4363 851 4437 pra-clari
911 4363 1214 4433 gessisset,
1272 4361 1471 4416 vulnus
1528 4364 1765 4432 accepit.
1822 4364 1982 4419 Addo

2094 3171 2329 3241 Πάρθων
2354 3171 2537 3233 αὑτοῖς
2565 3166 2996 3240 συνεργούντων,
3034 3169 3220 3237 ἀλγῶν
3252 3169 3347 3221 επὶ
3388 3169 3614 3233 τούτοις
3644 3171 3677 3223 ὁ

2090 3260 2421 3331 Αὔγουστος,
2438 3263 2636 3332 ἠπόρει
2657 3261 2709 3315 τί
2732 3262 2800 3317 ἂν
2819 3263 3022 3335 πράξῃ.
3048 3260 3186 3315 Οὔτε
3202 3262 3310 3331 γὰρ
3324 3263 3487 3326 αὐτὸς
3504 3278 3677 3333 στρα-

2088 3356 2278 3407 τεῦσαι
2332 3351 2448 3418 οἶός
2502 3372 2563 3406 τε
2597 3352 2667 3424 ἦν
2726 3353 2816 3408 διὰ
2849 3356 3052 3425 γῆρας,
3087 3354 3204 3408 ὅτε
3258 3354 3542 3425 Τιϐέριος,
3596 3355 3677 3418 ὡς

2089 3445 2328 3516 εἴρηται,
2374 3446 2611 3516 μετέστη
2640 3445 2954 3517 ἥδη,άλλον
3006 3445 3064 3499 δέ
3120 3462 3245 3499 τινα
3292 3446 3513 3516 πέμψαι
3560 3447 3675 3500 τῶν

2087 3536 2332 3591 δυνατῶν
2365 3536 2467 3590 οὑκ
2489 3537 2716 3608 ἐτόλμα.
2760 3538 2820 3592 '0
2852 3538 3017 3602 Γάϊος
3037 3538 3095 3592 δὲ
3130 3540 3227 3592 καὶ
3249 3539 3278 3590 ὁ
3304 3520 3539 3601 Λούκιος
3558 3541 3671 3592 νέοι

2087 3629 2181 3684 καὶ
2203 3629 2547 3700 πραγμάτων
2575 3630 2876 3700 ἐτύγχανον
2898 3630 3143 3702 ἄπειροι.
3172 3631 3449 3702 Ἀνάγκης
3475 3632 3523 3685 δ’
3545 3633 3673 3687 ιπε-

2086 3721 2349 3790 κειμένης
2376 3720 2467 3773 τὸν
2487 3721 2649 3776 Γάῖον
2667 3722 2864 3789 εἵλετο,
2897 3722 2990 3776 καὶ
3016 3724 3117 3794 τήν
3137 3739 3198 3777 τε
3234 3723 3492 3788 ἐξουσίαν
3518 3724 3673 3796 αὐτῷ

2085 3813 2186 3883 τὴν
2213 3813 2531 3867 ἀνθύπατον
2559 3815 2656 3869 καὶ
2683 3817 2920 3884 γυναῖκα
2950 3814 3177 3879 ἔδωκεν,
3209 3816 3297 3871 ἵνα
3329 3818 3442 3872 κάκ
3471 3819 3672 3872 τούτου

2084 3921 2139 3959 τι
2179 3906 2465 3979 προσλάϐῃ
2491 3907 2734 3977 ἀξίωμα,
2756 3910 2852 3963 και
2880 3909 2928 3962 oi
2959 3908 3304 3978 συμϐούλους
3333 3909 3672 3982 προσέταξε.

2093 3997 2204 4050 Καὶ
2234 3998 2262 4049 ό
2289 3995 2391 4066 μὲν
2422 3999 2737 4067 ἁφωρμήθη
2768 3999 3007 4068 εντιμως
3034 4000 3194 4071 παρὰ
3221 4001 3443 4056 πάντων
3481 4002 3674 4055 ὑποδε-

2085 4088 2338 4159 χόμενος,
2368 4082 2459 4142 οἷα
2503 4088 2599 4142 τοῦ
2624 4090 3029 4163 αὐτοκράτορος
3053 4092 3299 4161 ἔγγονος,
3331 4092 3365 4162 ἢ
3393 4092 3494 4146 καὶ
3539 4096 3671 4157 mi;

2085 4176 2461 4249 νομιζόμενος.
2492 4180 2602 4233 Καὶ
2621 4182 2650 4233 ὁ
2678 4179 2934 4250 Τιϐέριος
2949 4181 2995 4234 δ’
3034 4182 3092 4244 ἐς
3114 4181 3250 4235 Χίον
3283 4181 3478 4249 ἐλθὼν,
3505 4184 3671 4238 αὑτὸν

2083 4268 2439 4340 ἐθεράπευσε,
2478 4270 2578 4333 τὰς
2633 4271 2870 4341 ὑποψίας
2931 4273 3367 4344 ἀποτριϐόμενος
3400 4314 3417 4339 ,
3452 4274 3659 4326 ὑποπι-

2084 4375 2236 4413 πτων
2277 4377 2337 4413 τε
2371 4360 2460 4414 διὰ
2497 4360 2656 4414 τοῦτο
2705 4362 2805 4415 καὶ
2831 4362 3281 4433 ταπεινούμενος.
3310 4361 3671 4417 mmmam

404 4458 573 4521 enim,
602 4455 696 4525 qui
742 4453 991 4523 Artagira
1025 4450 1266 4517 tenebat,
1293 4466 1422 4521 eum
1478 4449 1543 4504 ad
1577 4449 1777 4505 mantia
1814 4450 1978 4519 pelle-

2089 4451 2171 4514 εἰς
2202 4452 2303 4522 τὴν
2330 4452 2533 4522 Συρίαν
2566 4453 2661 4506 καὶ
2698 4454 2865 4524 μηδὲν
2892 4457 3039 4525 μέγα
3072 4453 3462 4526 κατωρθωκὼς
3494 4454 3672 4525 ἐτρὼ-

406 4558 577 4607 ctum.
606 4556 862 4615 tanquam
892 4542 1077 4598 arcani
1102 4540 1310 4612 aliquid
1329 4540 1600 4605 dicturus,
1633 4541 1977 4595 vulneravit:

2090 4540 2181 4612 θη.
2217 4544 2423 4598 Ἀδδων
2478 4546 2588 4617 γάρ
2640 4562 2725 4609 τις
2775 4546 2846 4599 τὰ
2886 4546 3220 4618 Ἀρτάγειρα
3265 4548 3518 4617 κατέχων
3574 4547 3675 4600 ὑπ-

405 4653 471 4694 ac
511 4637 556 4693 is
584 4636 806 4708 quidem
836 4634 973 4689 urbe
998 4646 1306 4703 expugnata
1336 4641 1532 4701 captus
1555 4640 1660 4686 est.
1688 4630 1856 4688 Caius
1878 4646 1978 4684 au-

2086 4636 2328 4703 ηγάγετο
2374 4638 2528 4707 παρὰ
2575 4636 2638 4690 τὸ
2683 4639 2861 4710 τεῖχος
2888 4640 2979 4692 τὸν
3024 4640 3064 4692 Γ
3066 4639 3207 4702 άῖον,
3233 4638 3395 4697 ῶςοτι
3446 4638 3673 4709 φράσων

409 4740 540 4795 tem,
585 4737 640 4781 et
686 4726 798 4796 jam
849 4724 1056 4794 alioqui
1093 4737 1286 4792 parum
1345 4723 1500 4777 ﬁrma
1555 4722 1890 4787 valetudine,
1924 4729 1978 4776 et

2089 4728 2422 4799 ἀπόρρητον,
2447 4727 2545 4782 καὶ
2568 4727 2732 4782 αὑτὸν
2759 4729 3020 4803 ἔτρωσεν.
3058 4730 3119 4782 '0
3154 4729 3254 4799 μὲν
3286 4728 3404 4792 οὖν,
3441 4728 3667 4799 πολιορ-

400 4806 761 4876 ἰιὶεευιυιὶοπο
814 4815 1061 4885 ingenio,
1116 4829 1185 4870 ex
1246 4814 1473 4868 vulnere
1527 4814 1856 4884 aegrotavit:
1925 4822 1978 4869 et

2092 4821 2304 4889 κηθεὶς,
2333 4821 2473 4891 ἥλω.
2514 4822 2576 4876 ’0
2598 4823 2660 4876 δὲ
2692 4822 2855 4886 Γάῖος
2885 4822 3147 4892 ἰνόσησεν
3173 4825 3240 4876 ἑκ
3291 4822 3389 4875 τοῦ
3420 4822 3674 4892 τραύμα-

408 4914 584 4966 multo
617 4908 868 4965 hebetior
897 4906 1100 4972 lactus,
1129 4905 1429 4976 postulavit
1479 4908 1541 4961 ut
1570 4905 1841 4975 privatam
1874 4904 1978 4961 sibi

2092 4929 2207 4977 τος,
2239 4914 2333 4967 καὶ
2354 4912 2532 4975 ἄλλως
2569 4914 2758 4982 μέντοι
2784 4913 2861 4985 μὴ
2886 4913 2966 4966 ὢν
3001 4915 3263 4978 ὑγιεινὸς.
3310 4913 3403 4966 Διὸ
3452 4914 3550 4966 καὶ
3575 4914 3673 4982 τὴν

408 5004 575 5059 vitam
613 5002 802 5058 liceret
828 5015 1010 5070 agere.
1045 4998 1101 5054 Id
1149 4998 1430 5069 Augustus
1459 4997 1746 5068 aegerrime
1779 4997 1978 5065 ferens,

2091 5003 2336 5058 διάνοιαν
2365 5003 2675 5070 ἐξελέλυτο,
2696 5008 2794 5059 καὶ
2828 5005 3009 5076 πολλῷ
3037 5007 3239 5077 μᾶλλον
3266 5004 3667 5076 ἀπημϐλύνθη,

408 5113 536 5152 eum
586 5096 842 5151 hortatus
894 5100 979 5146 est
1035 5102 1116 5155 ut,
1173 5094 1227 5145 in
1278 5090 1490 5145 Italiam
1522 5105 1800 5156 reversus,
1838 5091 1978 5161 quod

2095 5094 2194 5147 καὶ
2228 5093 2525 5147 ἰδιωτεύειν
2547 5093 2725 5165 ἠξίου·
2754 5094 2899 5149 ὥστε
2948 5096 3041 5150 τὸν
3074 5094 3409 5166 Αὑγουστον,
3440 5096 3673 5166 περιαλ-

1595 5242 1794 5305 Varim
1827 5244 2131 5308 lectiones
2161 5254 2221 5309 et
2245 5255 2435 5309 noun.

481 5377 593 5447 (88)
638 5377 931 5447 ῗιλαρχίνγ
952 5391 1016 5429 τε
1043 5374 1268 5447 φυλῆς.
1305 5374 1618 5445 Praefectum
1658 5378 1823 5430 tribus
1854 5394 1978 5430 ver-

2085 5378 2324 5433 Sevirum
2358 5379 2542 5433 turmis
2583 5381 2819 5447 equitum
2869 5380 3021 5436 Rom.
3064 5381 3182 5443 iam
3221 5385 3493 5437 consulem
3531 5384 3671 5437 desi-

408 5445 737 5505 titiwolﬁus
772 5463 785 5496 :
817 5445 1057 5519 Sevirum
1101 5446 1302 5519 turmis
1335 5449 1570 5519 equitum
1617 5457 1835 5519 vertere
1879 5448 1981 5501 de-
2088 5458 2312 5519 gnatum
2347 5451 2564 5503 creavit.
2612 5445 2737 5515 Ubi,
2782 5450 2991 5519 inquit,
3042 5452 3200 5507 Sevir
3250 5469 3456 5507 nomen
3507 5455 3668 5508 rlIicii

411 5521 598 5574 huisse
622 5515 910 5572 contendit
944 5515 1193 5586 Valesius
1237 5515 1303 5569 ad
1351 5517 1617 5586 Excerpta
1658 5518 1884 5574 Dionis.
1915 5533 1981 5570 ex
2089 5515 2311 5573 v'detur
2361 5520 2529 5574 fuisse
2557 5560 2571 5580 ,
2619 5523 2707 5574 cui
2753 5531 2807 5575 et

410 5589 718 5659 Capitolino
747 5587 1079 5659 inflarco‘:
1119 5585 1614 5659 ConsulemScrum
1659 5587 1784 5641 Pius
1832 5587 1986 5641 Mar-

414 5655 535 5711 ιιιὶη
565 5658 856 5724 designavit
877 5699 889 5721 ,
926 5664 976 5709 et
1011 5655 1237 5713 Caesaris
1261 5657 1618 5723 apucllutione
1657 5659 1905 5724 donavit,
1938 5667 1988 5713 et

2874 5522 3109 5575 udorum
3147 5522 3483 5579 Seviralium
3541 5540 3671 5580 cura

2091 5591 2461 5661 competebat,
2503 5599 2644 5646 teste
2674 5592 2870 5649 eodem
2890 5592 3226 5663 Capitolino.
