3976 6204
372 327 479 390 9ἷ5

1652 322 1978 386 ΙΟΛΝΝΙιΞ
2016 322 2340 384 ΖΟΝΑΒΕ

3527 320 3642 384 916

371 440 404 492 6
441 437 628 502 λοιπὸς
669 437 728 492 δέ
765 435 858 491 τοῦ
884 437 1206 506 Αὐγούστου
1267 430 1652 505 θυγατριδοῦς,
1695 434 1724 486 6
1786 433 1852 484 ἐκ
1888 431 1988 500 τῆς
2028 430 2259 496 Ἰουλίας
2311 432 2391 503 τῷ
2449 431 2734 506 Ἀγρίππᾳ
2772 428 3014 502 τεχθεὶς,
3060 429 3122 484 ὃν
3175 429 3272 484 καὶ
3312 428 3647 499 Ἀγρίππαν

372 533 659 592 ἐκάλεσεν,
691 533 772 594 εἰς
802 532 1045 602 ἐφήϐους
1074 531 1315 601 ἐγράφη.

442 622 710 679 XXXVII.
741 623 1026 686 Tiberius,
1071 639 1186 678 rem
1224 623 1478 677 bellicam
1539 619 1952 684 administrans,

2128 617 2254 671 AZ'.
2297 616 2355 670 '0
2387 615 2446 668 δέ
2493 631 2557 683 γε
2610 613 2862 684 Τιϐέριος
2890 610 2960 664 τά
2988 627 3047 662 τε
3076 607 3187 661 τῶν
3219 607 3482 677 πολέμων
3516 606 3649 677 διῴ-

371 718 601 772 Romam
653 714 852 768 crebro
905 714 1081 776 venit.
1132 726 1389 770 metuens
1443 727 1514 772 ne
1541 712 1644 768 sibi
1673 713 1956 781 Augustas

373 822 473 875 per
501 804 809 860 absentiam
855 819 1010 859 suam
1040 804 1205 859 alium
1235 803 1557 860 anteferret.
1615 801 1722 858 Sed
1767 802 1950 865 Dacis,

371 895 736 960 Sauromatis,
777 894 1012 964 aliisque
1046 895 1381 950 Pannonicis
1413 892 1672 964 gentibus
1701 891 1952 962 concita-

375 990 466 1052 tis,
495 1002 565 1041 ex
595 986 786 1042 Galliis
838 987 906 1040 ad
955 1001 1050 1040 eas
1097 985 1262 1040 rediit
1291 1003 1304 1040 :
1335 984 1642 1054 eodemque
1673 981 1955 1052 Augustus

372 1079 760 1135 Germanicum
796 1078 966 1142 misit,
999 1094 1125 1134 cum
1159 1077 1394 1132 fortasse
1434 1076 1694 1131 Tiberius
1721 1091 1816 1131 eas
1858 1090 1954 1130 ce-

373 1173 566 1227 leriter
595 1171 819 1226 vincere
854 1180 1062 1241 posset,
1101 1185 1167 1226 ac
1199 1182 1413 1240 tempus
1448 1171 1518 1224 de
1558 1167 1830 1222 industria
1868 1176 1953 1222 te-

375 1273 548 1328 reret,
582 1272 644 1317 ut
674 1273 903 1334 propter
929 1263 1133 1320 bellum
1169 1263 1224 1317 in
1254 1262 1425 1317 armis
1452 1269 1618 1316 esset.
1672 1259 1821 1313 Misit
1852 1273 1956 1313 au-

377 1366 488 1411 tem
523 1355 934 1418 Germanicum,
986 1355 1133 1424 quod
1166 1354 1406 1425 Agrippa
1439 1360 1667 1423 propter
1705 1350 1955 1421 pertina-

375 1463 496 1502 cem
527 1462 742 1502 morum
810 1447 1219 1516 improbitatem
1255 1445 1536 1509 abdicato,
1570 1445 1693 1513 ejus
1721 1441 1957 1513 pecunia

377 1535 434 1590 in
466 1536 723 1591 aerarium
773 1537 946 1591 relata
999 1536 1260 1602 militare,
1297 1536 1412 1605 ipse
1448 1535 1504 1590 in
1541 1534 1774 1589 insulam
1813 1533 1956 1588 rele-

375 1637 536 1699 gatus
571 1638 710 1684 erat.
745 1630 850 1684 Eas
893 1641 1086 1700 gentes
1129 1629 1360 1684 Romani
1391 1637 1514 1698 post
1543 1628 1742 1682 multas
1773 1625 1958 1682 clades

377 1721 579 1783 illatas,
609 1737 712 1777 nec
741 1723 1037 1792 pauciores
1070 1733 1346 1791 acceptas,
1383 1721 1604 1775 tandem
1653 1720 1851 1790 partim
1886 1718 1955 1773 ad

377 1814 718 1869 deditionem
788 1817 1204 1884 compulerunt,
1269 1813 1470 1885 partim
1519 1813 1640 1868 acie
1685 1813 1958 1867 vicerunt.

379 1904 641 1960 Tiberius
686 1906 914 1960 Romam
966 1921 1226 1961 reversus
1275 1906 1345 1960 ab
1375 1906 1624 1976 Augusto
1653 1905 1707 1958 in
1739 1904 1960 1959 Dalma-

2060 725 2146 762 κει
2175 710 2270 762 καὶ
2295 707 2376 768 είς
2406 706 2507 776 τὴν
2551 705 2772 775 Ῥώμην
2809 703 3054 772 συνεχῶς
3100 701 3406 769 εἰσεφοίτα,
3441 699 3653 768 φοϐού-

2062 814 2226 868 μενος
2275 797 2350 868 μὴ
2385 798 2413 850 6
2443 793 2756 864 Αὒγουστος
2812 793 2974 848 ἄλλον
3024 793 3148 846 τινὰ
3195 791 3435 854 ἀπόντος
3474 791 3654 844 αὐτοῦ

2059 890 2399 960 προτιμήσῃ.
2431 886 2784 958 Κινηθέντων
2825 886 2884 938 δὲ
2911 885 3020 938 τῶν
3054 885 3248 937 Δακῶν
3284 887 3377 938 καὶ
3438 884 3657 955 Σαυρο-

2061 981 2251 1053 ματῶν
2303 982 2397 1034 καὶ
2450 979 2630 1034 ἄλλων
2683 977 3031 1031 Παννονικῶν
3083 975 3334 1041 ἐθνῶν,ὁ
3388 975 3659 1046 Τιϐέριος

2060 1073 2199 1144 πρὸς
2236 1072 2436 1134 αὐτοὺς
2460 1072 2814 1142 ἀνέστρεψεν,
2852 1072 2916 1122 ἐκ
2946 1070 3043 1139 τῆς
3071 1069 3370 1138 Κελτικῆς.
3405 1069 3523 1121 Καὶ
3560 1069 3658 1119 τὸν

2061 1163 2404 1234 Γερμανικὸν
2431 1164 2485 1218 δὲ
2517 1165 2544 1217 6
2574 1162 2884 1232 Αὔγουστος
2919 1164 3034 1214 ἐκεῖ
3062 1161 3334 1231 ἐπεμψεν,
3362 1162 3442 1221 ὡς
3498 1161 3660 1229 τάχα

2059 1256 2152 1310 τοῦ
2193 1256 2450 1324 Τιϐερίου
2485 1254 2698 1324 ταχέως
2721 1253 2905 1307 αὐτῶν
2941 1253 3220 1324 κρατῆσαι
3247 1246 3655 1321 δεδυνημένου,

2061 1347 2326 1411 ἑκουσίως
2353 1346 2411 1398 δὲ
2438 1345 2529 1399 τὸν
2556 1345 2749 1414 καιρὸν
2782 1342 3084 1415 τρίϐοντος,
3117 1343 3185 1395 ἶν’
3222 1343 3280 1394 ἐν
3318 1345 3435 1404 τοῖς
3464 1341 3660 1403 ὅπλοις

2062 1439 2151 1509 είη
2174 1438 2267 1492 διὰ
2307 1437 2398 1490 τὸν
2429 1437 2692 1506 πόλεμον.
2729 1435 2986 1504 Ἔπεμψε
3035 1434 3094 1486 δὲ
3142 1434 3232 1486 τὸν
3271 1432 3660 1503 Γερμανικὸν,

2061 1531 2145 1585 ὅτι
2174 1530 2204 1582 6
2269 1528 2579 1598 ’Δγρίππας
2613 1524 2977 1596 ἀπεκηρύχθη
3010 1525 3086 1586 ὡς
3125 1523 3199 1593 μὴ
3233 1519 3663 1590 σωφρονιζόμε-

2063 1636 2176 1688 νος,
2205 1621 2300 1673 καὶ
2326 1621 2361 1690 ἦ
2407 1636 2464 1672 τε
2493 1618 2654 1671 οὐσία
2693 1618 2858 1670 αὑτοῦ
2909 1615 2988 1685 τῷ
3022 1613 3404 1684 στρατιωτικῷ
3435 1615 3662 1684 ταμείῳ

2061 1713 2406 1783 ἀπενεμήθη,
2437 1712 2694 1773 κάκεῖνος
2735 1711 2816 1778 είς
2865 1708 3029 1778 νῆσον
3061 1705 3434 1777 περιωρίσϋη.
3474 1705 3666 1758 Πολλὰ

2073 1806 2258 1877 μέντοι
2311 1805 2408 1856 καὶ
2470 1803 2804 1870 ποιήσαντες
2862 1801 2912 1852 οἱ
2977 1799 3244 1868 Ῥωμαῖοι
3297 1798 3358 1850 ὲν
3391 1799 3508 1859 τοῖς
3551 1796 3668 1850 τῶν

2064 1897 2237 1952 ἐθνῶν
2272 1895 2480 1950 τούτων
2519 1893 2803 1961 πολέμοις,
2855 1891 2916 1944 οὐ
2954 1891 3092 1958 μείω
3143 1888 3199 1941 δὲ
3231 1889 3326 1940 καὶ
3357 1887 3664 1950 παθόντες,

379 1997 513 2050 tiam
561 2009 753 2053 contra
803 1998 1071 2068 quosdam
1137 1999 1537 2054 tumultuantes
1588 1998 1790 2052 missus
1837 2006 1958 2052 est:

2080 1990 2218 2053 τέλος
2270 1988 2342 2044 τὰ
2373 1987 2474 2060 μὲν
2503 1985 2768 2056 ὁμολογίᾳ
2817 1984 3192 2051 ὑπηγάγοντο,
3222 1979 3291 2032 τὰ
3340 1980 3397 2032 δὲ
3449 1980 3665 2050 μάχαις

381 2104 524 2158 quos
553 2105 694 2159 σκετο
729 2090 818 2144 ille
852 2089 1102 2159 quidem,
1136 2099 1192 2145 et
1244 2106 1368 2145 cum
1399 2090 1668 2160 periculo,
1702 2090 1796 2144 sed
1827 2088 1963 2144 vicit

382 2190 566 2236 tamen
599 2198 615 2248 ;
647 2182 782 2236 vicit
813 2192 868 2238 et
905 2183 1268 2239 Germanicus
1303 2183 1460 2238 alios.
1527 2183 1678 2237 Bello
1715 2182 1796 2237 sic
1825 2196 1960 2236 con-

383 2273 550 2338 fecto,
595 2273 823 2330 nuntius
869 2291 933 2329 ex
981 2274 1272 2330 Germania
1325 2275 1525 2329 allatus
1577 2274 1790 2329 obstitit
1823 2287 1964 2343 quo-

385 2367 572 2421 minus
622 2365 1082 2436 triumpharetur.
1138 2367 1275 2421 Nam
1338 2367 1391 2421 in
1456 2366 1628 2428 Gallia
1667 2368 1963 2423 nonnullas

384 2458 507 2526 ejus
537 2467 724 2528 partes
772 2458 1006 2514 Romani
1042 2467 1404 2528 occuparant,
1460 2475 1571 2515 non
1600 2460 1797 2515 eodem
1831 2459 1966 2514 sitas

384 2549 530 2615 loco,
555 2549 652 2605 sed
679 2551 914 2620 sparsim
949 2567 1050 2621 pro
1080 2561 1328 2622 tempore
1360 2552 1636 2608 subactas.
1694 2553 1864 2607 Erant
1908 2553 1962 2606 in

386 2657 452 2696 ea
478 2642 745 2713 legiones,
794 2653 850 2698 et
896 2643 1068 2699 urbes
1122 2645 1518 2705 condebantur,
1552 2654 1608 2700 et
1635 2644 1859 2698 Barbari
1896 2643 1963 2697 ad

387 2730 669 2786 Romanos
716 2747 897 2788 mores
930 2745 987 2790 et
1023 2734 1346 2791 civilitatem
1381 2736 1829 2792 traducebantur.
1861 2735 1967 2801 Qui

388 2824 519 2878 dum
548 2825 813 2894 paulatim
845 2835 903 2881 et
926 2826 1143 2883 ratione
1188 2828 1423 2896 quadam
1454 2845 1482 2881 a
1510 2828 1704 2898 patriis
1747 2829 1970 2884 institu-

389 2912 462 2967 tis
499 2915 898 2980 avocabantur,
954 2917 1081 2972 vitae
1141 2919 1502 2974 mutationem
1557 2919 1703 2973 haud
1763 2919 1971 2990 iniquis

390 3005 590 3061 animis
646 3007 1024 3077 patiebantur.
1083 3008 1190 3064 Sed
1250 3025 1376 3066 cum
1430 3010 1730 3077 Quintilius
1795 3011 1975 3068 Varus

287 3173 292 3178 λ
392 3097 700 3154 Germania:
751 3101 1078 3170 praepositus
1150 3117 1248 3156 eos
1296 3101 1485 3157 subito
1526 3117 1590 3156 ac
1641 3102 1862 3171 penitus
1900 3102 1970 3156 ab

394 3191 700 3246 inveterata
729 3193 1135 3248 consuetudine
1160 3195 1398 3249 avellere
1431 3194 1843 3264 aggrederetur,
1875 3212 1972 3251 su-

395 3280 680 3351 perbeque
709 3293 766 3340 et
792 3300 956 3341 avare
986 3294 1048 3340 ut
1081 3286 1374 3357 mancipiis
1403 3287 1766 3358 imperitaret,
1824 3289 1970 3344 ferre

395 3345 509 3429 non
543 3345 842 3444 potuerunt
867 3395 881 3432 :
914 3378 1010 3433 sed
1033 3393 1162 3433 eum
1189 3345 1500 3448 receptum:
1527 3345 1788 3449 ιαηίιυωίι
1815 3380 1978 3453 542
2003 3345 2048 3403 c

399 3470 669 3538 imperata
708 3470 932 3534 facturi,
965 3471 1094 3526 data
1148 3471 1257 3525 fide
1297 3485 1358 3526 se
1404 3470 1541 3526 citra
1587 3471 1794 3527 milites
1834 3473 1980 3527 ultro

399 3558 728 3626 servituros,
785 3560 949 3632 longe
993 3577 1023 3616 a
1071 3559 1268 3616 Rheno
1315 3561 1685 3616 abduxerunt.
1721 3560 1977 3626 Quicum

400 3651 480 3707 eis
507 3653 779 3718 crederet,
807 3668 990 3724 neque
1013 3653 1238 3718 milites,
1263 3663 1322 3708 ut
1355 3654 1410 3708 in
1431 3651 1622 3709 hostili
1657 3670 1810 3724 agro,
1844 3669 1981 3709 cou-

396 3747 625 3817 junctos
659 3746 910 3812 haberet,
964 3757 1025 3802 et
1072 3746 1214 3802 alios
1235 3746 1345 3801 alio
1394 3746 1739 3801 dimisisset:
1782 3761 1982 3802 securo

385 3829 524 3902 illo,
558 3855 663 3895 nec
695 3840 866 3895 ullum
916 3839 1226 3909 perieulqu
1283 3847 1588 3902 metuente,
1619 3850 1982 3909 consurgunt,

402 3943 461 3987 et
489 3931 690 3987 occisis
719 3930 815 4002 qui
863 3931 1009 4001 apud
1067 3931 1220 4002 ipsos
1263 3940 1424 3986 erant
1481 3930 1772 3994 militibus,
1824 3931 1981 3986 illum

403 4039 530 4080 cum
570 4022 688 4080 suis
730 4023 1044 4095 legionibus
1086 4022 1145 4078 in
1187 4022 1378 4078 densis
1422 4030 1479 4078 et
1527 4023 1809 4093 impeditis
1833 4023 1987 4079 silvis

403 4125 744 4178 versantem,
778 4132 846 4172 ex
871 4115 1174 4186 improviso
1216 4130 1316 4186 pro
1347 4115 1539 4170 notitia
1570 4115 1846 4179 locorum,
1877 4131 1986 4186 qua

406 4211 634 4267 minime
667 4209 891 4281 patebat
924 4210 1129 4275 exitus,
1157 4210 1669 4272 circumvenerunt,
1707 4221 1771 4262 ac
1799 4208 1984 4275 sapis-

407 4304 547 4358 sime
572 4301 850 4358 Romanos
880 4302 1178 4371 plurimum
1207 4299 1545 4355 amiserunt.
1571 4299 1676 4366 Qui
1702 4314 1829 4354 cum
1864 4307 1988 4352 tan-

409 4395 536 4453 dem
591 4395 798 4452 multos
846 4409 1076 4450 suorum
1133 4393 1476 4455 amisissent,
1535 4391 1795 4447 Barbaris
1855 4403 1989 4446 vero

411 4489 648 4545 subinde
694 4504 763 4544 ex
811 4486 1169 4558 popularibus
1217 4500 1373 4542 novae
1420 4483 1567 4540 vires
1612 4483 1990 4547 accederent,

412 4583 630 4639 facilius
663 4581 991 4637 circumdati
1023 4577 1402 4634 caedebantur.
1464 4577 1656 4647 itaque
1710 4576 1888 4632 Varus
1935 4585 1993 4630 et

2069 2084 2353 2154 ἐνίκησαν.
2423 2079 2482 2134 Ὀ
2514 2080 2570 2133 δὲ
2598 2078 2850 2149 Τιϐέριος
2893 2078 2948 2138 ἐς
2979 2075 3078 2143 τὴν
3123 2072 3348 2142 Ῥώμην
3373 2073 3660 2138 ἐπανελή..

2067 2174 2224 2236 λυθε,
2256 2172 2350 2225 καὶ
2380 2166 2535 2232 αὖθις
2567 2169 2719 2238 παρὰ
2752 2165 2846 2218 τοῦ
2880 2162 3192 2232 Αὐγούστου
3226 2163 3306 2222 είς
3332 2157 3662 2228 Δαλματίαν

2082 2265 2287 2335 ἐστάλη
2319 2261 2692 2332 ἀνταιρόντων
2721 2260 2839 2310 ἐκεῖ
2870 2273 3058 2310 τινων·
3101 2251 3195 2318 οὓς
3233 2252 3387 2323 μόλις
3424 2251 3527 2321 μὲν
3563 2250 3664 2302 καὶ

2076 2359 2176 2411 σὺν
2223 2354 2516 2420 κινδύνοις,
2548 2353 2688 2414 τέως
2721 2351 2765 2404 δ’
2801 2349 2893 2402 οὖν
2924 2346 3286 2419 ἐχειρώσατο,
3321 2343 3418 2396 καὶ
3453 2345 3483 2395 6
3518 2341 3663 2410 Γερ-

2074 2445 2301 2518 μανικὸς
2350 2444 2552 2512 ὁμοίως
2584 2443 2828 2511 ἐτέρους.
2865 2440 2976 2492 Καὶ
3023 2440 3052 2489 6
3085 2437 3184 2507 μὲν
3231 2434 3471 2502 πόλεμος
3503 2423 3666 2492 οὗτος

2069 2541 2230 2596 τοῦτο
2263 2539 2465 2608 ἔσχηκε
2497 2536 2670 2599 τέλος.
2713 2535 2806 2586 Ἐκ
2834 2535 2889 2586 δὲ
2920 2531 3231 2602 Γερμαίίας
3266 2526 3504 2595 ἀγγελία
3560 2541 3660 2576 κο-

2077 2635 2352 2706 μισθεῖσα,
2388 2632 2648 2700 ἑορτάσαι
2680 2630 2749 2682 τὰ
2782 2629 3077 2698 νικητήρια
3109 2625 3236 2686 τους
3265 2623 3421 2700 ἐν-τῇ
3463 2619 3666 2687 Ῥώμῃ

2074 2728 2369 2782 ἐκώλυσεν.
2423 2725 2512 2776 Ἐν
2546 2722 2654 2791 γὰρ
2691 2723 2759 2792 τῇ
2790 2720 3029 2788 Κελτικῇ
3065 2713 3210 2786 εἶχον
3241 2715 3414 2784 αὐτῆς
3453 2728 3583 2762 τινα
3615 2711 3668 2760 οἱ

2086 2820 2377 2889 Ῥωμαῖοι,
2411 2816 2511 2885 οὐχ
2559 2812 2693 2882 ὁμοῦ
2747 2813 3102 2880 συγκείμενα,
3170 2806 3304 2860 ἀλλὰ
3356 2803 3665 2873 σποράδην,

2075 2914 2150 2978 ὡς
2177 2913 2332 2981 ἔτυχε
2384 2906 2746 2980 χειρωθέντα.
2799 2905 2910 2957 Καὶ
2957 2899 3290 2973 στρατιῶται
3323 2894 3467 2967 ἦσαν
3520 2896 3666 2955 ἐκεῖ,

2077 3007 2173 3060 καὶ
2207 3005 2391 3068 πόλεις
2427 3001 2817 3072 συνῳκίζοντο,
2854 2998 2952 3050 καὶ
2980 2997 3029 3048 οἱ
3067 2993 3342 3063 Βάρϐαροι
3372 2990 3514 3060 πρὸς
3566 2988 3667 3057 ἐθη

2089 3093 2382 3166 Ῥωμαϊκὰ
2436 3095 2535 3147 καὶ
2589 3089 2891 3159 εὐκοσμίαν
2932 3083 3462 3158 μετερῤυθμίζοντο.
3513 3079 3668 3142 Ἕως

2087 3187 2188 3261 μὲν
2223 3186 2319 3241 οὖν
2372 3185 2514 3239 κατὰ
2559 3183 2732 3257 βραχὺ
2766 3182 2858 3234 καὶ
2886 3179 2988 3246 ὀδῷ
3018 3175 3127 3230 τίνι
3178 3179 3242 3228 ἐκ
3273 3176 3382 3228 τῶν
3411 3174 3669 3243 πατρὶων

2085 3259 2410 3349 μετῆγοντο,
2471 3275 2573 3328 οὐκ
2635 3273 2864 3342 ἤχθοντο
2911 3269 2977 3337 τῇ
3034 3264 3128 3317 τού
3192 3263 3310 3334 βίου
3363 3259 3667 3332 μεταϐολῇ.

2092 3370 2249 3423 Ἐπεὶ
2273 3367 2320 3420 δ’
2353 3368 2381 3420 6
2406 3364 2617 3434 Οῦοιρος
2649 3364 2676 3414 6
2727 3359 3008 3418 Κυντίλιος
3086 3357 3187 3425 τὴν
3222 3352 3534 3424 ἠγεμονίαν
3565 3349 3669 3418 τῆς

2081 3462 2390 3534 Γερμανίας
2430 3456 2610 3511 λαϐὼν
2648 3457 2913 3508 ἔσπευσεν
2975 3451 3177 3512 αὐτοὺς
3237 3446 3436 3518 ἁθρόον
3495 3459 3668 3514 μετα-

2085 3555 2307 3626 στῆσαι,
2365 3555 2461 3606 καὶ
2505 3552 2581 3612 ὡς
2640 3547 2956 3602 δουλεύουσι
3005 3542 3192 3611 σφίσιν
3227 3543 3519 3600 ἐπέταττε,
3573 3536 3671 3590 καὶ

2081 3651 2343 3720 χρήματα
2371 3644 2658 3715 ἔπραττεν·
2703 3641 2803 3692 οὐκ
2835 3637 3149 3707 ἠνέσχοντο,
3185 3632 3322 3686 ἀλλὰ
3367 3630 3666 3699 δεξάμενοι

2081 3743 2172 3797 τὸν
2209 3738 2441 3810 Οὔαρον,
2476 3736 2552 3799 ὡς
2578 3737 2645 3787 τὰ
2677 3733 3033 3804 πραττόμενα
3077 3729 3424 3797 ποιήσοντες,
3474 3721 3668 3793 πόρρω

2083 3833 2178 3887 τοῦ
2219 3831 2410 3901 Ῥήνου
2440 3829 2780 3898 προήγαγον,
2815 3823 2911 3876 καὶ
2945 3821 3129 3872 πίστιν
3183 3815 3334 3885 αὐτῷ
3362 3815 3670 3884 παρέσχον,

2084 3926 2159 3989 ὡς
2207 3923 2305 3978 καὶ
2355 3925 2486 3976 ἄνευ
2547 3915 2902 3988 στρατιωτῶν
2951 3907 3355 3970 δουλεύσοντες.
3396 3905 3459 3959 'U
3495 3903 3553 3957 δὲ
3585 3920 3673 3955 πιο

2089 4015 2321 4078 στεύσας
2349 4012 2472 4067 οὔτε
2514 4013 2581 4064 τὰ
2613 4007 3000 4082 στρατεύματα
3032 4007 3107 4069 ὼς
3137 4007 3194 4057 ἐν
3219 3999 3462 4071 πολεμίᾳ
3490 3997 3668 4050 συνεῖ-

2086 4125 2172 4178 χε,
2207 4107 2299 4159 καὶ
2332 4104 2524 4165 ἄλλους
2555 4099 2788 4171 ἀλλαχοῦ
2843 4099 3080 4170 ἔπεμπε.
3127 4093 3474 4167 Θαρῤοὖντος
3500 4090 3546 4144 δ’
3575 4087 3673 4143 αὒ-

2085 4198 2182 4254 τοῦ
2218 4198 2314 4252 καὶ
2346 4198 2420 4266 μή
2464 4213 2515 4248 τι
2566 4194 2740 4248 δεινὸν
2791 4189 3192 4248 ὑποπτεύοντος
3245 4183 3669 4242 ἐπανίστανται,

2087 4291 2185 4346 καὶ
2242 4286 2672 4346 ἀποκτείναντες
2729 4283 2855 4345 τοὺς
2905 4279 3057 4350 παρὰ
3117 4278 3267 4347 σφίσι
3325 4269 3671 4346 στρατιώτας

2089 4381 2325 4454 ἐπῆλθον
2352 4379 2501 4449 αὐτῷ
2549 4379 2607 4432 ἰν
2646 4375 2800 4439 ὕλαις
2843 4372 3198 4434 δυσεκϐἀτοις
3239 4369 3354 4420 ὄντι
3390 4365 3533 4436 μετὰ
3572 4364 3668 4430 τῆς

2089 4477 2219 4548 περὶ
2277 4475 2445 4528 αὑτὸν
2496 4470 2783 4541 στρατιᾶς,
2833 4467 2927 4518 καὶ
2971 4465 3205 4530 ἐξάπινα
3257 4460 3401 4530 cui;
3437 4459 3530 4511 διὰ
3565 4456 3672 4510 τῶν

2096 4567 2584 4641 λοχμωδιστάτων,
2625 4562 2885 4632 ἔμπειροι
2920 4556 3126 4610 τούτων
3159 4555 3317 4616 ὄντες
3351 4548 3671 4621 περιεστοί-

412 4675 677 4746 praecipui
735 4674 942 4744 quique
979 4672 1276 4738 vulnerati,
1323 4678 1638 4727 metuentes
1664 4685 1733 4724 ne
1775 4669 1882 4724 vivi
1933 4668 1974 4722 ir

2095 4681 2276 4735 χισαν,
2309 4662 2404 4714 καὶ
2431 4658 2656 4712 πλεῖστα
2700 4655 2799 4725 μὲν
2852 4654 2950 4707 καὶ
2983 4648 3305 4710 πλειστάκις
3348 4646 3671 4698 ἐκάκωσαν.

413 4769 655 4824 hostium
709 4773 1040 4834 potestatem
1102 4763 1379 4828 venirent,
1437 4763 1583 4817 ultro
1637 4760 1744 4816 sibi
1797 4775 1990 4815 necem

414 4860 824 4918 consciverunt.
859 4857 978 4926 Quo
1025 4857 1206 4912 caeteri
1255 4860 1502 4926 cognito,
1548 4853 1746 4924 partim
1795 4852 1991 4908 ducem

418 4957 615 5010 imitati
643 4963 795 5018 sunt,
831 4951 1030 5022 partim
1056 4949 1288 5017 abiectis
1316 4949 1488 5003 armis
1537 4945 1719 5001 cuivis
1745 4961 1804 5001 se
1831 4946 1994 5016 jugu-

415 5048 610 5104 landos
640 5045 1016 5117 praebuerunt.
1057 5042 1166 5097 Eos
1193 5042 1362 5114 igitur
1384 5039 1612 5094 Barbari
1642 5038 1866 5108 impune
1898 5051 1993 5092 oc-

416 5138 713 5195 ciderunt:
746 5147 802 5192 et
833 5135 1237 5190 munitionibus
1287 5131 1567 5193 omnibus,
1599 5145 1707 5183 una
1740 5138 1994 5198 excepta,

416 5242 548 5288 sunt
581 5231 758 5301 potiti.
791 5229 966 5296 Quam
992 5229 1122 5284 dum
1156 5232 1496 5298 oppugnant.
1533 5238 1711 5292 neque
1741 5221 1991 5276 Rhenum

419 5324 775 5394 trajecerant,
806 5335 986 5390 neque
1016 5317 1320 5374 inGalliam
1375 5313 1793 5384 impressionem
1850 5311 1995 5366 fece-

419 5427 569 5479 runt,
603 5431 668 5471 ac
696 5431 764 5470 ne
794 5413 1078 5470 castellum
1116 5411 1349 5478 quidem.
1379 5407 1513 5464 illud
1556 5422 1869 5476 expugnare
1895 5423 1993 5475 po—

419 5518 646 5565 tuerunt
674 5524 739 5562 ex
773 5504 1125 5561 obsidionum
1161 5499 1458 5572 imperitia,
1505 5507 1562 5553 et
1587 5501 1994 5567 sagittariorum

422 5599 627 5669 quibus
665 5595 898 5652 Romani
929 5595 1245 5658 utebantur,
1299 5590 1652 5646 multitudine
1682 5605 1696 5642 :
1731 5605 1759 5642 a
1795 5587 1998 5657 quibus

427 5689 861 5757 repellebantur,
910 5696 965 5742 et
1023 5686 1243 5757 plurimi
1298 5683 1719 5739 occidebantur.
1791 5681 1997 5735 Deinde

427 5793 552 5834 cum
595 5779 863 5847 praesidiis
911 5779 1163 5835 Rhenum
1213 5775 1413 5842 teneri,
1447 5784 1503 5830 ct
1545 5773 1830 5829 Tiberium
1870 5788 1996 5829 cum

2090 4757 2256 4820 Τέλος
2281 4755 2338 4809 δὲ
2363 4751 2472 4806 τῶν
2517 4751 2621 4821 μὲν
2668 4747 2957 4818 Ῥωμαίων
2988 4742 3380 4798 ἀποϐαλόντων
3412 4735 3672 4799 πολλοὺς,

2090 4852 2205 4912 τοῖς
2243 4849 2302 4902 δὲ
2341 4844 2657 4917 Βαρϐάροις
2692 4843 2779 4894 ἀεὶ
2816 4838 3264 4909 προστιθεμένων
3297 4833 3505 4902 ἑτέρων
3541 4832 3672 4899 ὁμο-

2090 4937 2286 5009 γενῶν,
2335 4938 2466 5008 ῥᾷον
2502 4938 2552 4990 οἱ
2597 4935 2867 5004 Ῥωμαῖοι
2908 4928 3274 4998 κυκλούμενοι
3320 4922 3671 4992 ἐφονεύοντο,

2092 5031 2234 5086 ὥστε
2257 5030 2354 5084 καὶ
2383 5030 2476 5084 τὸν
2523 5025 2739 5099 Οὔαρον
2780 5026 2878 5077 καὶ
2932 5023 3061 5084 τοὺς
3111 5018 3331 5080 λοιποὺς
3368 5017 3500 5078 τοὺς
3531 5015 3678 5080 λογι-

2095 5124 2378 5196 μωτάτους
2405 5121 2699 5192 τρωθῆναιο
2739 5117 2788 5172 οἳ
2817 5114 3148 5186 φοϐηθέντες
3185 5113 3260 5182 μὴ
3285 5107 3676 5179 ζωγρηθῶσιν,

2101 5217 2260 5271 αὐτοὶ
2289 5213 2520 5277 ἑαυτοὺς
2551 5214 2783 5266 ἀνεῖλον.
2811 5207 2986 5262 Τοῦτο
3015 5207 3074 5259 δὲ
3109 5205 3328 5274 γνόντες
3358 5201 3458 5254 καὶ
3488 5201 3540 5251 οἱ
3573 5199 3680 5251 λοιο

2103 5309 2218 5370 not,
2253 5308 2302 5359 oi
2332 5305 2432 5376 μέν
2466 5305 2558 5358 τὸν
2586 5302 2829 5373 ἄρχοντα
2851 5300 3220 5370 ἐμιμήσαντοο
3250 5295 3300 5347 οἱ
3328 5292 3412 5356 δὲ,
3433 5293 3508 5346 τὰ
3542 5289 3680 5342 ὅπλα

2102 5403 2364 5463 τιθέντες,
2401 5401 2702 5471 ἐπέτρεπον
2733 5395 2814 5466 τῷ
2844 5393 3157 5465 βουλομένῳ
3182 5387 3436 5458 φονεύειν
3459 5383 3678 5446 αὐτούς.

2118 5495 2441 5550 Ἐκόπτοντο
2479 5491 2574 5546 οὖν
2599 5490 2791 5554 ἀδεῶς,
2821 5490 2913 5542 καὶ
2938 5487 3005 5541 τὰ
3033 5484 3283 5556 ἐρύματα
3318 5485 3502 5535 πάντα
3555 5495 3679 5532 κατ-

2107 5591 2264 5657 έσχον
2303 5588 2352 5640 οἱ
2385 5585 2660 5656 Βάρϐαροι
2691 5584 2825 5653 ἄτερ
2852 5580 2971 5642 ἐνός
2991 5597 3004 5610 ο
3041 5577 3171 5648 περὶ
3195 5576 3224 5629 δ
3259 5571 3677 5644 ἀσχοληθέντες,

2105 5679 2230 5733 οὔτε
2257 5678 2350 5732 τὸν
2390 5678 2580 5746 Ῥῆνον
2604 5675 2886 5744 διέϐησαν,
2907 5671 3019 5725 οὔτ’
3051 5674 3106 5734 ἐς
3141 5669 3238 5734 τὴν
3257 5665 3533 5719 Γαλατίαν
3561 5663 3673 5714 είσ-

2106 5769 2322 5828 ἐσαλον.
2379 5768 2519 5826 Ἀλλ’
2553 5766 2662 5822 οὐδ’
2697 5767 2876 5820 ἐκεῖνο
2903 5759 3278 5831 χειρώσασθαι
3307 5755 3670 5828 ἠδυνήθησαν,
