3890 6196
223 269 319 330 917

1474 263 1881 325 ANNALIUM
1922 264 2072 324 LIB.
2109 265 2180 325 X.

3364 266 3465 333 918

214 386 331 439 ἐπεὶ
364 383 504 452 μήτε
539 382 852 453 πολιορκεῖν
900 383 1222 455 ἠπίσταντο.
1283 380 1392 432 Καὶ
1442 378 1688 444 τοξόταις
1738 379 1786 432 oi

1894 380 2109 451 magnis
2140 378 2317 447 copiis
2365 378 2665 433 adventare
2714 377 3077 441 audivissent,
3129 381 3374 452 plerique
3432 399 3463 439 a

225 478 485 547 Ῥωμαῖοι
524 476 740 545 συχνοῖς
775 474 1038 546 ἐχρῶντο,
1070 473 1131 539 ἐξ
1158 468 1233 527 ὧν
1270 473 1366 526 καὶ
1400 471 1785 533 άνεκόπτοντο,

214 572 303 624 καὶ
352 569 589 624 πλεῖστοι
639 567 975 622 ἀπώλλυντο.
1004 566 1161 622 Μετὰ
1202 566 1256 620 δὲ
1290 565 1447 621 τοῦτο
1502 564 1795 634 πυθόμενοι

215 661 458 732 φυλακὴν
494 661 589 714 τοῦ
659 661 849 731 Ῥήνου
905 659 1033 724 τοὺς
1080 656 1384 728 Ῥωμαίους
1433 654 1794 726 ποιήσασθαι,

217 752 308 803 καὶ
354 751 445 804 τὸν
472 750 725 820 Τιϐέριον
755 751 854 803 σὺν
896 749 1055 821 βαρεῖ
1084 746 1480 820 προσελαύνειν
1514 747 1775 816 στρατεύει

223 857 375 910 ματι,
423 841 475 893 ei
532 840 629 911 μιν
695 841 883 894 πολλοὶ⁸
924 842 1312 909 ἀπανέστησαν
1359 838 1455 892 τοῦ
1494 837 1791 908 ἐρύματος·

218 934 269 986 οἱ
296 932 340 985 δ’
370 930 791 1000 ὑπολειφθέντες
818 931 1160 996 ἀποστάντες
1190 930 1382 998 αὐτοῦ,
1416 929 1558 983 ὥστε
1588 927 1664 1000 μὴ
1697 929 1788 981 αἰ-

226 1023 450 1092 quam;
511 1022 893 1088 ἐπεξελεύσεσι
938 1023 1047 1077 τῶν
1099 1024 1252 1085 ἐντὸς
1308 1020 1633 1082 κακοῦσθαι,
1693 1021 1804 1085 τὰς»

225 1117 372 1177 ὀδοὺς
402 1116 658 1185 ἐτήρουν,
708 1116 904 1172 σπάνει
952 1115 1138 1170 σιτίων
1193 1115 1449 1184 αἱρήσειν
1502 1112 1796 1183 ἠλπικότες

228 1206 445 1269 αὐτούς.
480 1207 544 1261 Οἱ
597 1207 644 1260 δ’
680 1209 830 1271 ἐντος
869 1208 1019 1270 ὄντες
1064 1205 1354 1277 Ῥωμαῖοι,
1424 1205 1527 1270 ἕως
1574 1207 1673 1273 μὲν
1706 1205 1795 1259 εύ-

221 1296 419 1367 πόρουν
435 1297 665 1368 τροφῆς,
699 1297 841 1350 κατὰ
870 1296 1051 1368 χώραν
1090 1296 1308 1366 έμενον,
1339 1294 1593 1366 βοήθειαν
1624 1309 1793 1363 προσ-

216 1387 512 1457 δεχόμενοι·
548 1387 624 1452 ὡς
666 1388 711 1440 δ’
748 1387 874 1442 οὕτε
947 1405 1030 1451 τις
1079 1387 1370 1455 ἐπεκούρει
1410 1386 1621 1451 αὐτοῖς,
1697 1385 1794 1439 καὶ

216 1477 363 1547 λιμῷ
404 1479 740 1549 συνείχοντο,
789 1480 1035 1550 ἐξῆλθον,
1082 1478 1258 1533 νύκτα
1297 1479 1643 1550 τηρήσαντες
1677 1495 1792 1548 χει-

219 1570 408 1641 μέριον
439 1565 599 1639 (ἦσαν
629 1570 684 1624 δέ
723 1572 1054 1641 στρατιῶται
1103 1572 1201 1641 μὲν
1257 1569 1449 1641 ὀλίγοι,
1480 1570 1679 1626 άοπλοι
1734 1569 1793 1623 δὲ

222 1660 427 1731 πολλοὶ)
456 1662 634 1714 καὶτὸ
669 1661 769 1731 μὲν
827 1660 1045 1733 πρῶτον
1081 1663 1175 1716 καὶ
1206 1661 1461 1731 δεύτερον
1512 1661 1791 1732 φυλακτή-

1896 470 2123 526 castello
2167 477 2537 525 recesserunt.
2590 468 2830 539 Reliqui,
2888 486 2956 524 ne
2996 470 3194 525 subitis
3220 472 3462 528 hostium

1894 562 2317 618 excursionibus
2349 560 2760 627 infestarentur,
2802 562 3018 631 longius
3071 562 3319 633 digressi,
3349 566 3467 620 vias

1895 654 2267 717 obsederunt,
2300 662 2367 707 ut
2410 654 2639 724 penuria
2671 666 3008 711 commeatus
3055 670 3151 712 eos
3185 671 3466 727 expugna-

1895 753 2040 799 rent.
2074 742 2304 799 Romani
2334 759 2469 798 vero
2517 748 2645 802 dum
2677 746 2885 803 cibaria
2935 746 3319 817 suppetebant,
3380 762 3470 801 ex-

1895 836 2236 905 spectatione
2282 836 2512 902 ausilii,
2579 837 2922 895 obsidionem
2976 839 3304 895 tolerabant.
3358 838 3465 894 Sed

1894 945 2019 985 eum
2052 946 2215 986 nemo
2241 946 2399 1000 opem
2430 931 2619 998 ferret,
2655 940 2712 988 et
2759 932 2900 987 fame
2931 919 3285 1003 urgerentui',
3329 942 3466 987 tem-

1895 1033 2154 1092 pestuosa
2181 1033 2345 1080 nocte
2375 1033 2587 1095 captata
2623 1026 2830 1096 egressi
2867 1026 3047 1091 (erant
3091 1036 3273 1081 autem
3308 1027 3469 1095 pauri

1894 1115 2119 1179 milites,
2168 1115 2331 1169 multi
2389 1114 2646 1186 inermes)
2687 1116 2893 1186 primas
2922 1130 2987 1171 ac
3035 1116 3470 1171 secundas-Bar-

1892 1208 2151 1263 barorum
2181 1207 2445 1263 excubias
2468 1207 2782 1263 fefellerunt
2808 1227 2821 1262 :
2853 1209 2997 1278 apud
3031 1210 3225 1264 tertias
3244 1208 3464 1265 domum

1893 1299 2250 1370 deprehensi,
2290 1314 2488 1355 omnes
2533 1308 2630 1355 aut
2659 1299 2782 1355 caesi
2813 1310 2909 1354 aut
2935 1300 3080 1370 capti
3114 1309 3319 1362 essent,
3363 1300 3466 1355 nisi

1892 1392 2119 1447 Barbari
2154 1393 2222 1447 ad
2257 1392 2623 1461 direptionem
2654 1391 2853 1462 praxim
2889 1394 3143 1448 conversi
3169 1404 3379 1453 essent,
3410 1404 3467 1447 et

1896 1484 2172 1541 tubicines
2212 1484 2440 1539 incitato
2470 1484 2731 1554 clangore
2759 1483 3078 1552 opinionem
3117 1484 3225 1539 illis
3246 1486 3466 1539 attulis—

1892 1586 2037 1640 sent,
2088 1575 2242 1645 quasi
2299 1574 2500 1629 auvilia
2553 1575 2839 1630 venissent
2895 1576 3163 1639 obsessis,
3194 1591 3315 1644 qum
3349 1586 3467 1630 tau-

1893 1667 2018 1723 dem
2053 1682 2243 1722 revera
2278 1668 2638 1722 advenerunt.
2678 1666 2938 1722 Tiberius
2967 1676 3149 1723 autem
3207 1669 3462 1724 Bbenum

221 1769 337 1822 ριον
368 1730 479 1807 τῶν
514 1730 821 1825 Βαρϐάρων
874 1730 1178 1825 παρῆλθον,
1212 1754 1349 1826 πρὸς
1374 1730 1454 1807 δὲ
1507 1753 1586 1822 τῷ
1616 1730 1785 1823 τρίτῲ

1892 1760 1996 1815 sibi
2031 1759 2431 1814 transeundum
2468 1774 2577 1813 non
2614 1759 2850 1818 censuit.
2872 1758 2973 1812 sed
3005 1758 3227 1828 quietus
3249 1774 3309 1814 se
3335 1776 3470 1815 con-

219 1843 504 1913 γενόμενοι
531 1846 920 1916 ἐφωράθησαν,
957 1844 1055 1899 καὶ
1100 1843 1299 1908 πάντες
1332 1844 1396 1899 ἂν
1445 1843 1723 1898 ἀπώλοντο
1756 1841 1788 1912 ἦ

219 1935 312 1988 καὶ
338 1935 607 2003 ἑάλωσαν,
660 1938 710 1990 εί
759 1937 835 2008 μὴ
891 1940 941 1991 οἱ
978 1937 1254 2009 Βάρϐαροι
1307 1936 1438 2004 περὶ
1475 1936 1574 2005 τὴν
1615 1935 1794 2006 ἁρπα-

220 2029 327 2098 γήν
375 2028 477 2098 τῆς
521 2028 675 2092 λείας
718 2030 1042 2101 ἐτράποντο,
1083 2030 1177 2083 καὶ
1210 2030 1259 2082 οἱ
1295 2029 1636 2094 σαλπιγκταὶ
1668 2044 1799 2097 τρο-

217 2117 369 2187 χαῖόν
401 2135 456 2171 τι
504 2118 911 2190 συμϐοήσαντες
942 2120 1102 2186 δόξαν
1130 2121 1405 2191 παρέσχον
1447 2121 1521 2185 ὡς
1573 2121 1796 2172 ἐπικου-

219 2210 311 2276 ρία
339 2211 449 2272 τοῖς
481 2210 959 2281 πολιορκουμένοις
985 2212 1268 2283 ἐλήλυθεν,
1295 2209 1414 2265 εἶτα
1439 2211 1535 2264 καὶ
1561 2210 1636 2273 ὼς
1659 2210 1795 2279 άλη-

216 2299 324 2363 θςῦς
350 2302 827 2373 ὲπεκουρήθησαν.
871 2304 932 2357 'O
986 2304 1043 2357 δέ
1092 2305 1350 2375 Τιϐέριος
1395 2303 1654 2371 διαϐῆναι
1704 2303 1796 2355 τον

228 2391 422 2459 Ῥῆνον
453 2393 553 2448 οὐκ
584 2395 820 2465 ἔκρινεν,
877 2394 993 2449 ἀλλ’
1025 2396 1344 2468 ὴτρέμιζεν,
1379 2396 1658 2464 ἐπιτηρῶν
1720 2396 1794 2465 μὴ

216 2487 267 2535 οἱ
303 2484 581 2556 Βάρϐαροι
613 2488 774 2541 τοῦτο
840 2487 1163 2561 ποιήσωσιν.
1231 2488 1373 2542 Ἀλλ’
1430 2487 1539 2542 οὐδ’
1596 2487 1796 2540 ἐκεῖνοι

212 2573 267 2626 δι
285 2574 471 2645 ιεῆναι
519 2577 850 2649 ἐτῶμησαν,
897 2580 1116 2646 γνόντες
1149 2579 1311 2633 αὐτὸν
1347 2579 1613 2649 παρόντα.
1643 2579 1798 2632 Μετὰ

215 2665 396 2720 ταῦτα
425 2666 483 2720 δὲ
510 2669 675 2734 αὐτὸς
708 2671 803 2725 καὶ
841 2673 871 2724 ὁ
906 2671 1247 2742 Γερμανικὸς
1280 2670 1564 2724 εἰσέϐαλον
1588 2672 1669 2733 είς
1698 2670 1795 2738 τὴν

1886 1852 2076 1917 tinuit,
2131 1851 2450 1914 observans,
2509 1866 2575 1906 au
2629 1851 2683 1906 id
2729 1851 2946 1906 Barbari
3023 1851 3223 1906 facturi
3258 1860 3462 1907 essent.

1887 1943 2048 2017 543
2078 1945 2280 1999 Verum
2296 1958 2398 1999 nec
2424 1944 2519 2003 illi.
2546 1944 2833 2014 praesentia
2866 1944 2987 2015 ejus
3017 1942 3257 2012 cognita.
3288 1951 3464 1999 trans-

1892 2038 1972 2091 ire
2034 2037 2153 2091 ausi
2192 2035 2435 2092 fuerunt.
2469 2036 2599 2091 Post
2645 2038 2759 2092 haec
2791 2037 2906 2107 ipse
2936 2047 2991 2093 et
3020 2037 3381 2093 Germanicus
3412 2038 3467 2091 in

1889 2122 2156 2179 Cclticam
2206 2122 2572 2194 impressione
2620 2123 2784 2184 facta.
2833 2126 3099 2196 quasdam
3136 2130 3256 2197 ejus
3285 2137 3471 2198 partes

1891 2217 2248 2271 ineursarunt
2275 2232 2288 2269 :
2329 2229 2503 2285 neque
2536 2224 2716 2269 tamen
2746 2218 2830 2272 vel
2862 2218 3051 2287 przrlio
3079 2217 3356 2284 vicerunt,
3384 2220 3469 2274 vel

1892 2316 2112 2375 gentem
2135 2306 2376 2375 aliquam
2406 2294 2768 2377 subegerunt.
2798 2318 3085 2378 propterea
3137 2310 3281 2379 quod
3312 2325 3473 2366 nemo

1890 2397 1961 2452 ad
1992 2412 2187 2452 manus
2226 2400 2519 2453 veniebat:
2562 2412 2666 2453 nec
2712 2398 2817 2467 ipsi
2848 2414 2877 2451 a
2919 2399 3115 2454 Rheno
3146 2400 3306 2470 longe
3340 2414 3471 2469 pro-

1892 2501 2202 2552 cesserunt.
2239 2490 2402 2549 veriti
2432 2505 2501 2545 ne
2529 2489 2715 2547 denuo
2746 2491 2958 2547 cladem
3004 2493 3341 2561 acciperent,
3375 2490 3473 2547 sed

1893 2579 1969 2634 ibi
1999 2593 2173 2648 usque
2205 2578 2259 2633 in
2285 2589 2616 2635 autumnum
2646 2581 2999 2645 commorati,
3032 2581 3257 2636 domum
3289 2581 3471 2636 redie-

1894 2678 2025 2725 runt
2040 2698 2052 2710 -

216 2759 491 2833 Κελτικὴν
517 2763 609 2817 καί
638 2780 761 2817 τινα
810 2763 1017 2837 ταύτης
1065 2764 1433 2835 κατέδραμον,
1493 2764 1555 2816 οὐ
1609 2760 1795 2832 μέντοι
1835 2762 1931 2815 καὶ
1995 2763 2146 2836 μάχῃ
2182 2762 2467 2834 ἐνίκησαν,
2493 2761 2618 2816 οὔτε
2651 2761 2803 2826 ἔθνος
2853 2780 2905 2816 τι
2968 2764 3341 2832 ὑπηγάγοντο,
3392 2763 3473 2816 ὅτι

218 2854 348 2923 μηδ’
400 2856 489 2927 ᾔει
540 2873 624 2920 τις
654 2858 713 2922 ἐς
745 2860 939 2929 χεῖρας
993 2860 1202 2926 αὐτοῖς,
1240 2860 1337 2913 καὶ
1359 2856 1470 2912 οὐδ’
1506 2857 1664 2913 αὐτοὶ
1723 2855 1818 2908 τοῦ
1872 2855 2064 2926 Ῥήνου
2116 2857 2306 2929 πόρρω
2354 2856 2725 2927 προήλθοσαν,
2776 2857 3008 2921 δεδιότες
3087 2858 3161 2928 μὴ
3200 2858 3293 2911 καὶ
3319 2853 3475 2925 αὖθις

213 2947 517 3017 σφαλῶσιν,
554 2948 670 3002 ἀλλ’
696 2950 863 3005 αὑτοῦ
899 2967 1001 3005 που
1041 2949 1204 3023 μέχρι
1257 2949 1352 3005 τοῦ
1392 2948 1711 3021 μετοπώρου
1740 2944 2119 3020 διατρίψαντες
2148 2945 2472 3014 ἐπανῆλθον.

288 3038 419 3093 ΑΠ’.
463 3037 523 3091 '0
555 3035 865 3106 Αὔγουστος
892 3039 950 3094 δέ
984 3039 1056 3093 τὰ
1086 3040 1189 3110 τῆς
1219 3038 1521 3110 μοναρχίας
1547 3036 1788 3098 διοικῶν,

1892 3112 1897 3120 ⁸
1963 3034 2252 3093 XXXVIII.
2287 3035 2567 3105 Augustus
2597 3051 2753 3103 vero,
2782 3051 2907 3091 cum
2936 3035 2989 3090 in
3020 3036 3256 3105 imperio
3287 3037 3455 3093 admo

214 3126 313 3182 καὶ
345 3128 674 3199 ὑπέργηρως
705 3127 804 3199 ήδη
850 3128 1167 3198 γενόμενος,
1190 3129 1280 3184 τὸν
1333 3127 1431 3198 μὲν
1456 3125 1798 3197 Γερμανικὸν

211 3218 600 3274 ὑπατεύσαντα
630 3221 736 3290 προ
763 3219 859 3273 τοῦ
896 3224 1303 3294 στρατηγῆσαι,
1337 3220 1686 3291 παρεκάθετο
1726 3219 1796 3289 τῇ

212 3312 408 3383 βουλῇ,
444 3313 543 3380 τὴν
570 3312 626 3365 δὲ
652 3311 731 3383 τῷ
783 3312 1043 3383 Τιϐερίῳ.
1086 3313 1477 3387 ἰπποδρομίας
1521 3312 1579 3367 δέ
1609 3311 1798 3367 τελου-

214 3404 391 3474 μένης
422 3405 482 3456 ἐν
518 3407 631 3466 τοῖς
666 3403 970 3473 γενεθλίοις
1016 3401 1184 3457 αὑτοῦ
1224 3404 1478 3475 ἐμμανής
1523 3419 1609 3465 τις
1658 3402 1797 3472 ἀνὴρ

209 3496 475 3551 ἐκάθισεν
499 3497 558 3561 ἐς
584 3497 678 3550 τον
706 3497 901 3563 δίφρον
933 3496 1026 3551 τὸν
1048 3495 1127 3567 τῷ
1165 3495 1373 3567 Ἰουλίῳ
1400 3496 1640 3568 Καίσαρι
1663 3498 1797 3551 ἁνα-

211 3591 496 3660 κείμενον,
533 3590 627 3643 καί
664 3588 759 3642 τὸν
780 3588 993 3642 ἐκείνου
1048 3590 1309 3656 στέφανον
1362 3588 1668 3659 περιέθετο.
1729 3588 1795 3641 Ὃ

213 3683 434 3745 πάντας
476 3680 743 3750 ἐτάραξεν
778 3680 855 3742 ὡς
902 3680 983 3743 είς
1040 3680 1134 3733 τὸν
1165 3677 1475 3745 Αὖγουστόν
1502 3693 1557 3730 τι
1591 3678 1795 3745 σημαῖ-

208 3790 326 3826 νον.
366 3771 529 3825 Ἀλλὰ
565 3772 660 3825 καὶ
690 3770 896 3840 τέρατα
931 3768 1067 3840 πρὸς
1114 3767 1275 3822 τοῦτο
1330 3768 1565 3838 φέροντα
1621 3781 1793 3836 προσ-

206 3864 382 3919 έπεσε
444 3861 688 3917 πλείονα.
724 3863 792 3918 ’⁸0
840 3878 900 3916 τε
931 3861 1045 3933 γάρ
1080 3860 1230 3932 ἥλιος
1256 3858 1405 3921 ἄπας
1434 3856 1670 3921 ἐξέλιπε,
1700 3857 1796 3909 καὶ

206 3958 310 4012 τοῦ
361 3955 595 4025 ούρανοῦ
651 3956 789 4010 πολὺ
841 3955 1092 4026 πυρῶδες
1157 3954 1482 4023 φαινόμενον
1545 3949 1794 4003 καίεσθαι

206 4052 388 4115 εδοξε,
434 4052 531 4105 καὶ
556 4051 787 4121 ἀστέρες
819 4049 1063 4121 κομῆται
1105 4047 1199 4102 καὶ
1229 4044 1560 4116 αἱματώδεις
1602 4042 1791 4113 ὤφθη-

207 4160 341 4197 σαν.
384 4141 588 4210 Βουλῆς
618 4159 679 4196 τε
708 4141 801 4194 ἐπὶ
829 4143 895 4212 τῇ
948 4140 1090 4210 νόσῳ
1129 4136 1298 4191 αὐτοῦ
1333 4134 1789 4204 ὲπαγγελθείσης,

205 4233 282 4285 ἶν’
308 4233 478 4302 εὐχὰς
508 4232 871 4303 ποιήσωνται,
896 4229 1284 4297 κεκλεισμένον
1317 4225 1517 4298 εὕρητο
1569 4225 1630 4278 τὸ
1663 4242 1790 4278 συν-

1896 3127 2025 3183 dum
2057 3128 2332 3184 senuisset
2354 3167 2370 3193 ,
2405 3125 2793 3182 Germanicum
2846 3134 2971 3180 ante
3000 3136 3293 3193 praeturam
3339 3143 3473 3184 con-

1895 3220 2077 3276 sulatu
2108 3218 2363 3276 functum
2391 3218 2631 3283 senatui,
2659 3228 2913 3273 senatum
2936 3215 3160 3274 Tiberio
3192 3234 3475 3274 commen-

1894 3311 2066 3368 davit.
2115 3310 2289 3367 Ludis
2327 3309 2704 3373 Circensibus.
2753 3308 2927 3365 natali
2968 3311 3108 3380 ejus,
3150 3310 3315 3365 homo
3352 3312 3473 3381 qui.

1895 3405 2020 3462 dam
2065 3406 2293 3462 insanus
2332 3403 2521 3459 sellam
2567 3402 2715 3459 Julio
2738 3401 2939 3459 Cazsari
2970 3402 3279 3459 dedicatam
3308 3418 3469 3457 oecu-

1895 3497 2069 3568 pavit,
2109 3497 2369 3567 illiusque
2417 3510 2679 3551 coronam
2726 3510 2830 3552 suo
2862 3496 3028 3563 capiti
3091 3495 3376 3566 imposuit.
3413 3495 3470 3549 Id

1896 3588 2139 3643 turbavit
2164 3603 2379 3651 omnes,
2437 3586 2686 3659 Augusto
2728 3587 2940 3644 sinistri
2971 3588 3181 3656 aliquid
3214 3588 3470 3658 portendi

1892 3679 2291 3736 existimantes.
2334 3678 2541 3734 Eodem
2596 3679 2839 3749 prodigia
2911 3678 3190 3743 complura
3220 3693 3459 3733 accesse-

1895 3783 2045 3827 runt.
2089 3772 2225 3826 Nam
2272 3780 2328 3825 et
2381 3771 2464 3825 sol
2495 3781 2642 3826 totus
2668 3770 2892 3835 defecit,
2918 3781 2973 3824 et
3000 3768 3200 3823 coelum
3235 3770 3344 3824 late
3376 3786 3467 3823 ar-

1894 3864 2028 3919 dere
2056 3864 2260 3930 visum,
2281 3870 2338 3916 et
2366 3861 2543 3918 stellae
2576 3861 2791 3917 crinita:
2815 3861 3119 3929 sanguineo
3152 3860 3337 3916 colore
3368 3877 3467 3929 ap-

1895 3962 2217 4024 paruerunt.
2271 3951 2593 4022 Iudietoque
2644 3960 2871 4022 propter
2918 3949 3169 4003 morbum
3222 3949 3338 4019 ejus
3382 3963 3468 4004 se—

1892 4059 2048 4107 natu,
2082 4055 2145 4101 ut
2173 4060 2274 4114 pro
2296 4045 2475 4100 salute
2497 4046 2621 4115 ejus
2654 4053 2779 4099 vota
2804 4042 3464 4113 nuncupareuturyeuria

1893 4140 2080 4194 clausa
2107 4147 2189 4193 est
2224 4137 2448 4192 inventa
2476 4153 2490 4190 :
2522 4144 2580 4192 et
2609 4135 2817 4192 fulmen
2853 4137 2905 4189 in
2936 4143 3175 4190 statuam
3225 4135 3347 4202 ejus
3372 4132 3469 4186 de-

1894 4230 2085 4291 latum,
2123 4229 2354 4299 primam
2386 4228 2626 4284 litteram
2675 4227 2920 4281 nominis
2972 4225 3204 4281 Cmsaris
3236 4224 3462 4279 delevit.

204 4323 417 4393 έδριον’
450 4324 544 4376 καὶ
573 4323 834 4394 κεραυνὸς
856 4323 939 4385 είς
983 4320 1166 4374 εἰκόνα
1214 4317 1380 4374 αὑτοῦ
1428 4316 1704 4388 ἐμπεσὼν,
1732 4312 1792 4369 τὸ

1898 4322 2024 4377 llaec
2077 4336 2145 4376 eo
2188 4320 2370 4376 adhuc
2421 4318 2720 4389 superstite
2768 4318 3108 4373 acciderunt.
3169 4316 3290 4385 Ipse
3334 4330 3467 4370 vero

207 4385 437 4485 πρῶτον
452 4385 688 4486 γράμμα
708 4412 801 4469 τοῦ
830 4414 1092 4483 ὀνόματος
1110 4412 1203 4464 τοῦ
1238 4385 1511 4480 Καίσαρος
1534 4408 1786 4478 ἠφάνισε.

1893 4412 2045 4468 Nolae
2082 4428 2149 4467 ex
2196 4412 2387 4467 morbo
2437 4411 2695 4474 decessit,
2728 4409 2947 4464 decimo
2981 4409 3195 4477 “quarto
3236 4406 3462 4462 Kalend.

204 4507 409 4562 Ταῦτα
458 4507 557 4577 μὲν
590 4501 684 4559 οὖν
706 4505 908 4570 ζῶντος
951 4504 1034 4557 ἔτι
1061 4501 1227 4555 αὑτοῦ
1264 4503 1574 4571 προεφάνη.
1640 4500 1700 4552 Ὀ
1734 4498 1790 4551 δέ

201 4600 455 4668 νοσήσας
500 4600 558 4650 ἐν
579 4595 742 4668 Νὼλῃ
779 4595 1083 4666 μετήλλαξε
1111 4596 1179 4663 τῇ
1216 4590 1676 4661 ἐννεακαιδεκάτῃ
1696 4589 1790 4643 τοῦ

201 4687 530 4757 Αὐγούστου
565 4685 732 4757 μηνὸς
754 4725 772 4749 ,
827 4685 998 4755 ζήσας
1026 4684 1220 4755 ἓξοέτη
1255 4683 1349 4736 καὶ
1397 4681 1790 4752 ἐϐδομήκοντα,

199 4783 512 4853 τριάκοντα
545 4782 638 4833 καὶ
660 4778 944 4849 τεσσάρων
965 4776 1258 4830 ἐνδεουσῶν
1287 4774 1512 4845 ἡμερῶν
1534 4789 1549 4804 ο
1587 4788 1791 4843 μοναρ-

198 4876 393 4945 χήσας
429 4872 487 4925 δὲ
512 4872 607 4941 ἀφ’
652 4862 715 4924 οὗ
754 4870 893 4941 πρὸς
938 4867 1021 4937 τῷ
1056 4868 1255 4935 Ἀκτίῳ
1303 4866 1557 4925 ἐνίκησεν
1610 4865 1793 4918 ἐνιαυ-

199 4967 345 5028 τοὺς
406 4962 545 5033 πρὸς
609 4961 873 5031 τέσσαρσι
931 4961 1361 5028 τεσσαράκοντα.
1423 4955 1791 5024 ’Υπωπτεύθη

203 5057 415 5128 μέντοι
442 5056 534 5108 ἐπὶ
556 5055 635 5124 τῷ
666 5052 885 5123 θανάτῳ
914 5049 1081 5105 αὑτοῦ
1109 5050 1143 5118 ἡ
1168 5049 1355 5114 Λιϐία,
1382 5048 1466 5102 ὅτι
1510 5046 1649 5118 πρὸς
1698 5046 1791 5099 τὸν

210 5140 542 5213 ’Δγρίππαν
567 5143 595 5195 ό
640 5139 950 5209 Δθγουστος
1000 5136 1172 5209 λάθρα
1225 5140 1285 5201 ἐς
1337 5136 1436 5206 τὴν
1483 5137 1646 5205 νῆσον
1714 5134 1793 5188 δι-

201 5234 509 5299 ἕπλευσεν,
540 5232 669 5286 ἔνθα
697 5230 837 5302 μετὰ
863 5230 963 5299 τῆς
1004 5228 1228 5291 Ἰουλίας
1253 5227 1352 5298 τῆς
1386 5227 1594 5299 μητρὸς
1614 5242 1792 5293 πεφυ-

208 5325 467 5392 γάδευτο.
502 5325 737 5378 Δείσασα
782 5324 892 5392 γὰρ
924 5321 999 5393 μὴ
1047 5319 1408 5387 καταλλαγεὶς
1445 5320 1538 5371 ἐπὶ
1573 5321 1640 5389 τῇ
1671 5333 1791 5386 μον.

201 5417 385 5492 sp.qu
431 5414 591 5469 αὐτὸν
642 5415 957 5486 καταγάγῃ,
1009 5413 1151 5467 σῦκά
1218 5429 1341 5465 τινα
1398 5412 1494 5467 ἐπὶ
1549 5411 1792 5481 δένδροις

200 5505 292 5560 έτι
350 5506 502 5574 δντα,
557 5505 618 5573 ἐξ
654 5498 730 5560 ὧν
757 5507 784 5560 ό
814 5505 1127 5576 Αὔγουστος
1160 5503 1480 5574 αὐτοχειρίᾳ
1527 5503 1791 5564 συκάζειν

202 5598 426 5663 εἰώθει,
471 5595 761 5668 φαρμάξαι
799 5597 1043 5666 λέγεται,
1076 5597 1172 5651 καὶ
1208 5594 1345 5664 αὑτὴ
1380 5594 1478 5663 μὲν
1508 5594 1575 5646 τά
1612 5593 1791 5663 ἀφάρ-

203 5705 405 5754 μακτα
434 5688 642 5756 ἢσθιεν,
680 5687 871 5757 ἐκείνῳ
913 5688 968 5742 δὲ
1011 5688 1077 5741 τὰ
1119 5684 1570 5757 πεφαρμαγμένα
1622 5700 1790 5755 προσ-

1893 4503 2136 4576 Scptem.
2191 4518 2292 4557 tu
2336 4510 2393 4558 et
2437 4519 2489 4556 VI
2544 4501 2721 4556 aetatis
2752 4515 2918 4559 anno,
2951 4498 3144 4553 diebus
3192 4513 3242 4552 tv
3275 4505 3331 4552 et
3362 4513 3463 4553 xxx

1892 4597 2076 4651 minus
2104 4633 2119 4657 ,
2173 4594 2390 4663 imperii
2423 4603 2542 4662 post
2587 4592 2864 4647 Actiacam
2900 4590 3181 4644 victoriam
3213 4605 3264 4643 IV
3291 4596 3347 4643 et
3379 4604 3463 4641 xc.

1890 4682 1968 4739 De
2003 4685 2123 4753 ejus
2152 4689 2330 4735 morte
2357 4687 2610 4749 suspecta
2642 4679 2746 4732 fuit
2796 4677 2969 4740 Livia,
2995 4677 3139 4747 quod
3187 4679 3467 4745 Augustus

1891 4775 1957 4830 ad
1988 4775 2282 4845 Agrippam
2328 4772 2384 4826 in
2417 4771 2677 4836 insulam,
2724 4770 2778 4824 in
2824 4785 2931 4839 qua
2960 4784 3084 4823 cum
3115 4777 3289 4822 matre
3320 4767 3461 4823 Julia

1891 4866 2195 4929 exsulabat,
2227 4864 2366 4919 clam
2404 4863 2716 4932 traiecerat.
2746 4861 2933 4916 Verita
2962 4861 3109 4915 enim
3140 4874 3231 4923 ne,
3266 4875 3457 4915 recouo

1892 4956 2074 5010 ciliata
2104 4954 2301 5024 gratia,
2353 4966 2480 5005 eum
2529 4950 2597 5003 ab
2631 4948 2826 5003 exsilio
2864 4957 3178 5004 revocatum
3228 4948 3462 5018 impera:

1893 5055 2066 5099 torem
2112 5043 2471 5115 designaret,
2527 5041 2661 5097 licus
2695 5040 2958 5111 quasdam
3006 5040 3190 5095 adhuc
3221 5040 3276 5094 in
3302 5039 3465 5093 arbo—

1891 5138 2047 5193 ribus
2069 5137 2399 5208 pendentes,
2426 5136 2571 5190 unde
2597 5150 2690 5191 eas
2726 5136 2842 5204 ipse
2886 5134 3187 5206 decerpere
3230 5133 3466 5197 solebat,

1891 5226 2146 5282 infecisse
2176 5224 2385 5280 dicitur
2411 5244 2425 5279 :
2458 5242 2522 5279 ac
2556 5225 2810 5281 salubres
2842 5226 2957 5296 ipsa
2988 5228 3193 5291 edisse,
3223 5239 3463 5279 venena—

1890 5326 1975 5375 tas
2004 5319 2080 5374 illi
2109 5319 2422 5390 reliquisse.
2457 5318 2585 5375 Sive
2618 5319 2782 5389 igitur
2811 5335 2897 5382 ea,
2930 5319 3045 5375 sive
3066 5318 3172 5373 alia
3198 5317 3266 5370 de
3294 5330 3457 5369 causa

1889 5411 2085 5465 morbo
2113 5410 2367 5475 allectus,
2406 5411 2615 5465 amicos
2662 5409 3003 5471 convocavit,
3043 5417 3240 5475 etquae
3266 5404 3460 5458 volue-

1890 5510 1973 5555 rat
2003 5501 2330 5566 collocutus,
2359 5501 2595 5571 denique
2620 5500 2758 5554 dixit
2783 5519 2795 5553 :
2835 5498 3022 5553 Urbem
3058 5496 3346 5549 latcritiam
3374 5511 3457 5548 re-

1891 5595 2021 5665 peri,
2059 5611 2415 5649 marmoream
2440 5596 2581 5648 vobis
2606 5593 2865 5659 relinquo.
2899 5590 3109 5655 Quibus
3137 5587 3321 5643 verbis
3350 5600 3459 5644 sta-

1890 5686 2106 5740 bilitum
2138 5701 2259 5742 esse
2292 5702 2322 5740 a
2354 5703 2411 5742 sc
2440 5685 2727 5756 imperium
2759 5682 3044 5736 innuebat.
3080 5680 3307 5737 Mortem
3337 5682 3456 5755 ejus
