3976 6204
357 281 467 344 919
1659 273 1986 335 JOANNIS
2026 274 2349 336 ZONAR£
3497 276 3614 339 920

350 390 503 448 Livia
532 405 638 446 non
690 387 873 446 statim
920 388 1156 459 aperuit,
1188 385 1361 465 verita
1420 385 1646 456 nequid
1695 386 1926 441 absente

2036 385 2243 441 έϐαλεν.
2270 386 2384 440 Εἶτ’
2405 379 2500 440 οὖν
2521 384 2715 452 οὕτως,
2750 384 2854 439 εἴτ’
2884 387 3059 452 ἄλλως
3080 388 3475 474 ἀρρωστήσας,
3501 392 3632 444 τότε

354 482 412 536 in
445 480 714 536 Dalmatia
742 478 965 534 Tiberio
999 487 1318 543 novaretur,
1362 476 1458 533 sed
1501 476 1556 531 in
1607 477 1728 547 ejus
1752 489 1926 546 usque

2036 478 2164 540 τοὺς
2186 478 2435 543 ἑταίρους
2451 478 2768 549 συνήθροισε
2784 478 2878 532 καὶ
2896 479 2933 534 ἃ
2948 480 3206 549 ἠϐούλετο
3228 483 3436 548 τούτοις
3450 484 3637 537 διαλε-

359 574 597 631 reditum
626 574 842 630 celavit.
883 570 1163 627 Cadavere
1201 571 1428 626 Romam
1457 571 1686 640 perlato,
1720 571 1929 626 Drusus

2036 570 2206 638 χθεὶς,
2237 569 2389 634 τέλος
2418 570 2544 640 ἔφη,
2566 570 2646 624 ὅτι
2671 568 2795 636 Τὴν
2822 570 3059 640 Ῥώμην
3082 574 3630 643 πηλίνηνπαραλω

354 674 741 721 testamentum
772 665 893 733 ejus
945 679 974 717 a
1005 656 1316 718 Vestalibus
1354 662 1684 733 virginibus,
1716 678 1837 732 qua:
1873 661 1927 715 id

2036 662 2169 725 ϐὼν,
2190 663 2433 731 λιθίνην
2458 661 2601 732 ὑμῖν
2621 664 2983 730 καταλείπω,
3001 664 3176 735 τὸτῆς
3203 666 3377 737 ἀρχῆς
3403 668 3527 736 ίσχυ
3537 669 3637 738 ρδν

351 753 733 817 asservabant,
789 751 956 824 5M
992 764 1279 822 acceptum
1335 752 1387 806 in
1465 753 1673 807 curiam
1721 752 1927 807 attulit.

2037 752 2132 806 τοῦ
2188 754 2351 821 λόγου
2403 754 2840 822 ἐνδεικνυμένου.
2893 756 2968 808 Ού
3004 758 3188 827 μέντοι
3238 759 3331 810 τδν
3387 758 3633 813 θάνατον

352 844 409 899 Id
455 843 649 915 sigillis
680 843 852 898 abiis
904 842 998 914 qui
1051 859 1114 898 ea
1167 843 1565 914 impresserant
1611 842 1928 914 recognitis.

2036 844 2202 899 αὐτοῦ
2250 845 2511 915 αύτίκαή
2552 846 2720 899 Λιϐία
2754 846 3008 915 ἐξέφηνε,
3062 848 3388 915 φοϐηθεῖσα,
3451 850 3529 919 μή
3573 867 3630 902 τι

351 922 615 990 audiente
665 943 857 989 senatu
909 933 1200 989 recitatum
1247 942 1352 989 est.
1411 932 1552 989 Sunt
1592 942 1649 989 et
1696 942 1934 1003 quatuor

2036 937 2387 1009 νεωτερισθῇ,
2438 940 2496 991 ὲν
2546 938 2831 1009 Δαλματίᾳ
2870 938 2964 991 τοῦ
3019 939 3273 1007 Τιϐερίου
3318 940 3630 1007 διάγοντος,

352 1028 474 1099 ejus
504 1025 678 1081 libelli
710 1025 766 1080 in
802 1026 1011 1081 curiam
1064 1026 1213 1081 allati
1244 1042 1258 1081 :
1292 1040 1530 1096 quorum
1563 1041 1706 1080 unus
1745 1025 1932 1096 sepul-

354 1128 493 1173 turae
518 1118 787 1174 rationem
823 1118 1238 1189 praescribebat,
1291 1117 1433 1172 alter
1466 1126 1584 1172 acta
1612 1118 1733 1189 ejus
1762 1119 1938 1173 conti-

358 1212 545 1268 nebat.
574 1213 634 1267 ln
670 1213 834 1268 tertio
881 1212 1108 1271 milites.
1137 1210 1347 1265 reditus
1373 1220 1430 1265 et
1455 1210 1733 1280 impensas
1766 1210 1937 1278 publi-

359 1316 453 1357 cas
503 1300 928 1372 perscripserat,
981 1310 1036 1355 et
1093 1300 1341 1370 pecunia
1386 1315 1681 1354 numerum
1712 1314 1834 1369 quae
1879 1300 1934 1353 in

363 1392 641 1448 thesauris
665 1401 832 1448 esset.
858 1391 1097 1458 Quartus
1146 1391 1405 1446 mandata
1437 1390 1505 1446 ad
1556 1391 1841 1447 Tiberium
1885 1401 1940 1445 et

359 1483 624 1555 populum
657 1483 995 1538 continebat.
1050 1482 1146 1538 llis
1176 1483 1358 1547 lectis,
1406 1482 1574 1538 funus
1597 1483 1798 1537 elatum
1832 1493 1938 1549 est,

352 1577 640 1632 orationes
703 1575 964 1632 funebres
1001 1593 1032 1631 a
1088 1577 1264 1632 Druso
1315 1586 1369 1632 et
1435 1574 1657 1631 Tiberio
1715 1576 1937 1630 habitm.

359 1667 563 1731 Deinde
598 1682 800 1738 corpus
843 1668 963 1739 ejus
1021 1677 1327 1723 crematum
1385 1676 1508 1723 est:
1561 1683 1625 1723 ac
1678 1675 1791 1722 tum
1829 1683 1938 1722 non

2020 1026 2171 1081 ’ἀλλά
2193 1029 2531 1098 συνέκρυψε-ι
2555 1029 2719 1082 αὑτὸν
2750 1032 2945 1100 μέχρις
2976 1031 3186 1095 ἐκεῖνος
3224 1031 3475 1101 ἀφίκετο.
3530 1032 3631 1085 Ἀ-

2038 1121 2467 1189 νακομισθέντος
2492 1121 2547 1173 δὲ
2580 1121 2672 1173 τοῦ
2708 1120 2957 1190 σώματος
2996 1121 3163 1175 αὐτοῦ
3206 1123 3288 1186 είς
3336 1123 3438 1193 τὴν
3485 1122 3630 1176 Ῥὼο

2040 1229 2169 1281 μην,
2214 1214 2312 1274 τὰς
2358 1212 2627 1282 διαθήκας
2664 1214 2830 1266 αὐτοῦ
2860 1215 2889 1268 ὁ
2928 1215 3165 1284 Δροῦσος
3217 1216 3283 1268 ἐκ
3356 1216 3468 1268 τῶν
3509 1216 3633 1267 ἀειο

2046 1302 2334 1372 παρθένων
2389 1303 2499 1357 τῶν
2551 1305 2650 1375 τῆς
2709 1303 2928 1368 Ἑστίας
2983 1307 3199 1377 ἱερειῶν
3243 1304 3333 1370 αἷς
3383 1306 3634 1376 παρετέ-

2040 1394 2221 1448 θειντο
2251 1395 2490 1466 εἰληφὼς
2523 1397 2605 1459 είς
2637 1395 2697 1449 τδ
2724 1397 3002 1468 συνέδριον
3042 1398 3352 1467 εἰσήνεγκε,
3380 1400 3479 1450 καὶ
3521 1397 3632 1461 τὰς

2041 1487 2342 1560 σφραγῖδας
2392 1489 2440 1541 οἱ
2485 1488 3011 1558 κατασημηνάμενοι
3082 1489 3478 1557 ἐπεσκέψαντο,
3531 1489 3634 1542 καὶ

2040 1577 2463 1648 ἀνεγνώσθησαν
2506 1580 2563 1630 ὲν
2591 1579 2812 1649 ἐπηκόῳ
2842 1580 2938 1633 τοῦ
2972 1580 3268 1649 συνεδρίου.
3315 1579 3631 1650 Ἐκομίσθη

2041 1666 2188 1731 δἐίς
2219 1668 2280 1721 τὸ
2328 1667 2607 1739 συνέδριον
2652 1669 2748 1721 καὶ
2789 1667 2970 1739 βιϐλία
3018 1669 3184 1721 αὐτοῦ
3229 1668 3498 1738 τέσσαρα⁸
3551 1662 3633 1721 ὧν

358 1758 540 1823 multi,
575 1768 698 1830 post
734 1775 929 1816 omnes
954 1760 1234 1825 luxerunt,
1264 1760 1562 1822 recordati,
1596 1774 1724 1815 eum
1758 1760 1934 1814 omni-

2041 1760 2101 1813 τὸ
2143 1760 2243 1829 μὲν
2270 1758 2330 1812 ἒν
2363 1759 2432 1813 τὰ
2460 1760 2591 1831 περὶ
2616 1760 2715 1830 τῆς
2739 1759 2918 1828 ταφῆς
2956 1760 3284 1825 διετάττετο,
3321 1757 3383 1811 τὸ
3409 1759 3455 1811 δ’
3500 1759 3634 1811 ἑτε-

356 1852 462 1908 bus
486 1866 709 1908 accessu
731 1852 969 1919 facilem,
1006 1854 1194 1908 multis
1214 1854 1505 1923 pecuniam
1528 1854 1936 1923 suppeditasse,

355 1944 549 2000 amicis
583 1959 859 2000 summum
892 1944 1161 2001 honorem
1206 1945 1485 2008 habuisse,
1518 1946 1722 2016 gratias
1760 1945 1938 2015 egisse

357 2035 424 2089 iis
473 2050 503 2090 a
548 2034 754 2105 quibus
807 2034 982 2104 ipsius
1037 2042 1221 2090 errata
1275 2035 1734 2104 COrrigerentur,
1786 2044 1845 2087 ut
1884 2041 1939 2087 et

354 2125 712 2180 Athenodoro
756 2125 877 2180 viro
926 2125 1185 2196 sapienti,
1240 2126 1329 2180 tali
1367 2126 1434 2181 de
1486 2141 1669 2180 causa.
1724 2126 1939 2179 Pronus

355 2223 476 2271 erat
502 2215 559 2271 in
586 2216 880 2281 Venerem,
905 2227 960 2272 et
991 2218 1250 2272 mulieres
1281 2217 1347 2272 ad
1380 2233 1504 2273 eum
1533 2234 1670 2287 quas
1695 2218 1935 2281 volebat,

357 2310 413 2363 in
441 2308 599 2364 tectis
641 2309 855 2366 lecticis
880 2309 1079 2372 allatae,
1116 2310 1172 2364 in
1211 2310 1330 2380 ejus
1360 2310 1658 2364 thalamum
1690 2309 1936 2364 adduce-

357 2402 585 2467 bantur,
615 2401 821 2473 quibus
855 2402 922 2457 ad
952 2401 1240 2458 libidinem
1264 2401 1614 2458 abutebatur.
1644 2401 1816 2472 igitur
1836 2400 1937 2454 ali-

358 2494 581 2565 quando
622 2495 929 2559 mulierem,
961 2496 1120 2567 cujus
1140 2511 1327 2551 amore
1358 2504 1553 2565 captus
1579 2502 1716 2557 erat,
1753 2507 1939 2549 accer-

358 2586 506 2650 sivit,
540 2586 699 2658 cujus
725 2587 982 2642 maritum
1009 2586 1398 2642 Athenodorus
1432 2601 1534 2656 pro
1566 2585 1936 2641 familiaritate

360 2677 664 2743 invisurus,
698 2693 825 2733 cum
876 2688 933 2734 et
979 2679 1157 2748 ipsum
1202 2687 1259 2734 et
1313 2693 1537 2733 uxorem
1590 2678 1938 2748 indignantes

359 2771 662 2827 invenisset
690 2772 815 2841 (nec
846 2770 995 2826 enim
1027 2770 1288 2827 resistere
1334 2770 1635 2842 p0terant),
1678 2770 1937 2825 maeroris

358 2878 523 2919 causa
572 2863 813 2935 cOgnita,
850 2878 947 2919 eos
987 2863 1287 2933 tranquillo
1333 2863 1520 2918 animo
1571 2877 1693 2918 esse
1730 2861 1932 2932 jussit:

358 2968 419 3009 se
451 2954 601 3010 enim
628 2955 809 3025 ipsum
843 2954 1148 3026 Augustum
1174 2967 1552 3017 accessurum,
1583 2963 1641 3009 et
1686 2954 1808 3025 ejus
1829 2952 1936 3006 im-

360 3054 544 3116 petum
594 3062 1006 3119 repressurum.
1047 3048 1225 3103 Allata
1256 3047 1475 3113 lectica,
1514 3046 1932 3109 Athenodorus,

360 3137 542 3211 gladio
571 3148 799 3209 accepto
834 3156 935 3209 pro
963 3140 1217 3203 muliere,
1250 3139 1521 3194 inscendit
1551 3157 1564 3196 :
1600 3153 1774 3208 eaque
1805 3137 1934 3192 dili-

360 3239 553 3303 genter
578 3232 685 3300 tegi
730 3233 905 3303 jussa,
961 3233 1027 3286 ad
1056 3232 1283 3304 Augusti
1315 3230 1612 3286 thalamum
1640 3240 1723 3285 est
1753 3230 1934 3301 perla-

363 3335 471 3379 tus.-
507 3323 611 3389 Qui
650 3339 774 3378 cum
816 3325 964 3379 illam
1008 3325 1331 3391 aperuisset,
1392 3322 1482 3378 ille
1524 3322 1719 3381 stricto
1753 3320 1933 3391 gladio

357 3415 659 3472 exsilieus:
692 3414 871 3477 Itane,
898 3416 1095 3487 inquit,
1130 3432 1235 3469 non
1266 3416 1418 3469 times
1480 3430 1545 3468 ne
1576 3421 1626 3467 te
1658 3413 1936 3484 aliquissic

357 3504 621 3575 ingressus
641 3507 842 3561 occidat
858 3505 886 3560 .’
901 3506 965 3561 1d
992 3505 1191 3561 factum
1215 3505 1491 3574 Augustus
1514 3518 1621 3558 non
1646 3504 1808 3559 modo
1826 3517 1936 3558 non

355 3607 498 3662 aegre
522 3594 670 3656 tulit,
696 3611 795 3651 nec
812 3595 1227 3651 Athenodorum
1251 3597 1558 3665 obiurgant
1584 3610 1597 3651 :
1623 3596 1716 3648 sed
1733 3603 1790 3650 et
1817 3608 1940 3665 gra-

360 3684 464 3741 tias
489 3687 538 3742 ei
575 3686 708 3758 egit,
758 3696 814 3743 et
840 3674 1153 3743 modestior
1198 3689 1374 3744 factus
1416 3694 1520 3743 est.
1577 3686 1713 3741 Eum
1743 3686 1932 3757 igitur,

2045 1868 2137 1923 ρον
2174 1855 2271 1914 τὰς
2326 1851 2556 1923 πράξεις
2588 1850 2655 1913 ἃς
2684 1851 2942 1922 εἴργαστο
2974 1850 3201 1922 διεξῄειο
3243 1850 3320 1921 τῷ
3347 1849 3406 1903 δὲ
3454 1852 3635 1922 τρίτῳ

2041 1949 2111 1999 τὰ
2146 1945 2253 1998 τῶν
2284 1946 2632 2014 στρατιωτῶν
2658 1950 2753 1998 καὶ
2778 1945 2845 1997 τά
2904 1944 3012 1997 τῶν
3070 1944 3353 2014 προσόδων
3408 1944 3505 1996 καὶ
3559 1943 3634 1995 τά

2037 2036 2147 2091 τῶν
2200 2037 2575 2106 ἀναλωμάτων
2627 2036 2737 2090 τῶν
2789 2035 3067 2107 δημοσίων
3116 2034 3375 2101 συνέταξε
3429 2035 3522 2087 καὶ
3568 2035 3634 2086 τὸ

2042 2127 2247 2197 πλῆθος
2277 2126 2386 2180 τῶν
2421 2130 2479 2181 ὲν
2504 2129 2615 2185 τοῖς
2660 2126 2958 2197 θησαυροῖς
2990 2124 3309 2195 χρημάτων·
3347 2123 3408 2177 τὸ
3438 2124 3496 2176 δὲ
3538 2122 3632 2176 τέ-

2043 2235 2242 2288 ταρτον
2284 2217 2505 2281 ἐντολὰς
2537 2221 2780 2288 περιεῖχε
2805 2216 2882 2288 τῷ
2906 2217 3165 2288 Τιϐερίῳ,
3196 2217 3289 2270 καὶ
3320 2214 3399 2287 τῷ
3450 2215 3626 2284 κοινῷ

2039 2311 2384 2380 ἐπισκήψεις.
2446 2311 2664 2365 Τούτων
2726 2311 2772 2364 δ’
2822 2310 3284 2377 ἀναγνωσθέντων
3330 2310 3363 2380 ή
3403 2308 3630 2378 ἐκφορὰ

2037 2402 2249 2472 γέγονε,
2298 2402 2398 2456 καὶ
2426 2402 2704 2471 ἐπιτάφιοι
2730 2400 3044 2473 ἐρρήθησαν
3074 2400 3225 2469 παρά
3255 2398 3350 2453 τοῦ
3380 2400 3631 2471 Δρούσου

2036 2495 2131 2547 καὶ
2161 2494 2312 2563 παρά
2357 2492 2453 2547 τοῦ
2512 2492 2788 2562 Τιϐερίου.
2826 2487 2960 2546 Εἶτα
3004 2491 3213 2562 ἐκαύθη
3240 2490 3301 2543 τὸ
3335 2492 3497 2561 σῶμα
3526 2491 3618 2544 αὖ.

2034 2584 2153 2655 τοῦ*
2213 2589 2307 2639 καὶ
2359 2586 2551 2650 πένθος
2609 2586 2734 2638 τότε
2788 2583 2888 2654 μὲν
2936 2584 2996 2637 ού
3053 2584 3261 2648 πολλοὶ,
3296 2581 3536 2653 ὕστερον
3566 2582 3628 2634 δὲ

2037 2670 2237 2742 πάντες
2292 2678 2473 2750 ἔσχον,
2515 2677 2877 2749 μεμνημένοι,
2927 2677 3011 2730 ὅτι
3041 2692 3101 2729 τε
3151 2678 3317 2729 πᾶσιν
3386 2674 3631 2745 εὐπρόσο

2035 2770 2154 2833 οδος
2186 2764 2277 2841 ἦν,
2308 2771 2401 2822 καὶ
2451 2767 2666 2833 πολλοῖς
2723 2770 2956 2839 ἐπήρκει
2996 2770 3053 2832 ἐς
3090 2769 3372 2839 χρήματα,
3405 2768 3503 2819 καὶ
3541 2768 3630 2820 ὅτι

2038 2855 2160 2909 λίαν
2224 2856 2392 2927 ἐτίμα
2440 2857 2570 2922 τοὺς
2625 2856 2836 2928 φίλους,
2889 2857 2986 2912 καὶ
3058 2858 3289 2929 χάριτας
3343 2855 3629 2926 ὡμολόγει

2037 2951 2152 3012 τοῖς
2176 2948 2340 3001 αὐτὸν
2376 2947 2588 3018 διορθου
2599 2949 2781 3019 μένοις
2809 2950 2893 3019 ἐφ’
2944 2942 3027 3012 οἷς
3063 2948 3362 3017 ἐσφάλλετο
3386 2965 3399 2977 ·
3426 2946 3628 3018 ῶσπερ

2038 3041 2136 3095 καὶ
2156 3040 2235 3111 τῷ
2286 3038 2640 3111 Ἀθηνοδώρῳ
2666 3040 2824 3112 ἀνδρὶ
2878 3039 3029 3110 σοφῷ
3071 3040 3165 3092 ἐπὶ
3210 3039 3391 3110 τοιᾷδε
3447 3039 3628 3111 αἰτίᾳ.

2039 3132 2431 3203 Εὖκατάφορος
2465 3132 2602 3202 πρὸς
2642 3134 2709 3185 τὰ
2736 3131 3028 3203 ἀφροδίσια
3058 3126 3152 3203 ἦν,
3205 3131 3302 3184 καί
3340 3131 3391 3184 oi
3425 3135 3630 3199 γυναῖ-

2038 3242 2135 3289 κες
2188 3225 2515 3292 ἐκομίζοντο
2558 3223 2623 3288 ἃς
2655 3223 2908 3278 ἐϐούλετο
2936 3226 2997 3278 ὲν
3029 3222 3395 3292 καταστέγοις
3428 3227 3627 3295 φορεῖ-

2038 3335 2140 3384 οις,
2172 3320 2269 3371 καὶ
2294 3318 2470 3382 οὕτως
2514 3319 2595 3382 είς
2645 3318 2736 3372 τὸν
2784 3317 2950 3372 αὐτοῦ
3002 3319 3291 3387 εἰσήγοντο
3348 3317 3625 3387 θάλαμον.

2049 3393 2293 3471 Ἐκεῖνοξ
2340 3410 2396 3463 δὲ
2433 3412 2637 3473 ταύτας
2683 3408 2845 3479 ἐξῆγέ
2876 3427 2936 3463 τε
2987 3411 3082 3463 καὶ
3118 3410 3405 3480 ἐκέχρητο.
3450 3410 3629 3480 Ἠρά-

2046 3501 2147 3571 σθη
2175 3501 2306 3570 γοῦν
2338 3517 2468 3553 ποτε
2500 3500 2757 3569 γυναικδς
2793 3502 2885 3554 καὶ
2934 3501 3148 3571 ἔπεμψε
3183 3501 3373 3555 λαϐεῖν
3422 3502 3623 3569 αύτῆν.

2053 3592 2142 3644 Ἐν
2165 3590 2340 3662 τούτῳ
2367 3591 2425 3644 δὲ
2460 3591 2489 3644 ό
2528 3590 2914 3661 Ἀθηνόδωρος,
2949 3592 3027 3662 τῷ
3057 3591 3156 3658 τῆς
3187 3592 3451 3658 γυναικὸς
3479 3593 3629 3644 trs!-

2041 3701 2138 3754 νης
2173 3682 2329 3755 ἀνδρὶ
2375 3681 2613 3752 συνήθης
2658 3680 2736 3735 ῶν
2786 3682 2975 3753 ἔτυχεν
3016 3684 3268 3738 ἀπελθὼν
3313 3683 3407 3736 τὸν
3456 3683 3621 3752 φίλον

355 3794 481 3834 cum
515 3780 585 3834 ob
616 3780 753 3845 haec,
777 3788 891 3834 tum
921 3779 992 3834 ob
1045 3780 1150 3834 alia
1179 3779 1362 3850 plura,
1384 3776 1607 3850 etquod
1646 3776 1931 3832 Tiberium

2041 3774 2330 3845 ὀψόμενος,
2359 3774 2456 3827 καὶ
2488 3773 2827 3845 ἀσχάλλοντα
2855 3774 3036 3846 εὑρὼν
3074 3778 3332 3829 κάκεῖνον
3384 3777 3484 3828 καὶ
3520 3776 3624 3846 τὴν

355 3886 731 3930 successorem
753 3874 894 3945 ejus,
926 3872 1094 3929 alium
1118 3881 1247 3928 sunt
1270 3873 1503 3944 experti.
1527 3869 1934 3927 desiderarunt.

2042 3867 2279 3935 γυναῖκα
2312 3865 2395 3934 (οὐ
2445 3865 2556 3936 γὰρ
2607 3865 2874 3935 ἠδύναντο
2904 3864 3254 3938 ἀντιστῆναι)
3282 3867 3384 3937 τὴν
3431 3866 3623 3920 αἰτίαν

353 3963 455 4036 τῆς
488 3965 664 4039 λύπης
695 3967 946 4023 ἐπύθετο.
1005 3966 1117 4021 Καὶ
1169 3966 1377 4037 μαθὼν,
1436 3965 1666 4038 ἠρεμεῖν
1710 3963 1908 4025 αὐτοὺς
1971 3960 2277 4014 ἐκέλευσεν.
2318 3956 2493 4021 Αὐτός
2546 3957 2657 4028 γὰρ
2721 3958 2979 4012 ἀπελθεῖν
3042 3958 3170 4030 ἔφη,
3206 3961 3341 4026 πρὸς
3369 3961 3465 4011 τὸν
3504 3957 3621 4012 Αὖ-

353 4076 607 4128 γουστον,
665 4062 761 4117 καὶ
798 4061 898 4135 τὴν
947 4061 1111 4116 αὐτοῦ
1170 4061 1509 4131 ἀποστρέψαι
1562 4058 1759 4129 ὁρμήν.
1795 4055 1907 4110 Καὶ
1945 4053 2300 4125 κομισθέντος
2340 4051 2435 4104 τοῦ
2460 4051 2802 4120 καταστέγου
2842 4050 3054 4122 δίφρου.
3107 4051 3182 4112 ὡς
3220 4051 3321 4121 τῆς
3353 4050 3617 4121 γυναιγδ,

270 4198 275 4201 .
353 4154 412 4206 ἒν
447 4154 596 4224 αὐτῷ
649 4155 1123 4226 είσελευσομένης,
1177 4153 1489 4224 είσῆλθενό
1524 4151 1917 4221 Ἀθηνόδωρος,
1953 4150 2046 4203 καὶ
2115 4146 2270 4215 ξίφος
2337 4144 2520 4197 λαϐὼν
2578 4145 2673 4197 καὶ
2729 4143 3227 4214 κατακαλυφθῆναι
3276 4144 3369 4197 τὸν
3419 4145 3620 4212 δίφρον

354 4247 601 4319 ἀκριϐῶς
633 4246 899 4315 ἐπιτάξας
963 4246 1107 4302 οὕτω
1158 4247 1296 4319 πρὸς
1328 4247 1418 4299 τὸν
1472 4244 1569 4299 τοῦ
1612 4243 1925 4312 Αὐγούστου
1962 4239 2260 4307 κεκόμιστο
2316 4236 2583 4307 θάλαμον.
2648 4234 2892 4289 Ἑκείνου
2963 4235 3022 4290 δὲ
3097 4236 3191 4289 τὸν
3248 4236 3443 4305 δίφρον
3475 4237 3618 4289 ἀπο-

353 4338 724 4404 καλύπτοντας
776 4339 1013 4410 ξιφήρης
1069 4339 1476 4409 ὲκπεπήδηκεν,
1541 4337 1710 4391 εἰπών
1743 4330 1921 4389 Ἐἶτα
1958 4335 2031 4388 οὐ
2097 4329 2274 4403 φοϐῇ,
2307 4328 2393 4399 μή
2427 4331 2518 4397 τίς
2555 4345 2630 4384 σε
2660 4328 2849 4395 οὕτως
2889 4331 3184 4385 εἰσελθὼν
3225 4330 3609 4397 ἀποκτείνῃ;

365 4431 424 4485 Ὀ
456 4430 503 4483 δ’
529 4431 840 4501 Αὔγουστος
878 4431 939 4485 οὐ
986 4430 1149 4503 μόνον
1195 4431 1298 4484 οὐκ
1335 4429 1608 4504 ὠργίσθη,
1677 4429 1788 4483 οὐδ’
1863 4425 2093 4481 ἐκάκισε
2151 4423 2244 4477 τὸν
2312 4421 2705 4493 Ἀθηνόδωρον,
2731 4421 2869 4476 ἀλλά
2898 4422 2994 4475 καὶ
3038 4422 3197 4495 χάριν
3254 4422 3398 4490 ἔγνω
3441 4424 3616 4494 αὐτῷ,

361 4522 456 4575 καὶ
506 4525 952 4597 σωφρονέστερος
994 4524 1210 4593 γέγονε.
1244 4524 1343 4577 Διά
1367 4522 1543 4578 ταῦτα
1594 4526 1794 4587 τοίνυν,
1827 4522 1922 4576 καὶ
1956 4519 2094 4574 ἄλλα
2166 4518 2223 4571 δὲ
2287 4515 2461 4570 πλείω
2494 4515 2724 4569 ἐπόθουν
2756 4516 2944 4581 αὐτὸν,
2978 4515 3071 4570 καὶ
3111 4517 3193 4569 ὃτι
3230 4515 3324 4568 τοῦ
3356 4516 3616 4587 Τιϐερίου

357 4615 477 4686 μετ’
501 4616 663 4669 αὐτὸν
696 4618 1136 4688 μοναρχήσαντος
1167 4617 1264 4686 οὐχ
1314 4616 1503 4687 ὁμοῖον
1529 4616 1924 4686 ἐπειράθησαν.
2023 4644 2033 4651 ·

425 4705 673 4765 XXXIX.
723 4708 879 4763 Anno
933 4708 1148 4779 imperii
1180 4709 1408 4781 Augusti
1441 4725 1573 4775 xm,
1602 4709 1768 4763 homo
1840 4708 1923 4762 fa-

2103 4698 2231 4755 ΛΘ’.
2279 4700 2370 4752 Ἕν
2398 4698 2454 4753 δὲ
2483 4697 2563 4768 τῷ
2591 4698 3014 4769 τεσσαρακοστῷ
3042 4697 3282 4767 δευτέρῳ
3337 4697 3450 4750 ἔτει
3504 4701 3609 4770 τῆς

355 4806 478 4851 ctus
506 4806 562 4854 οι
591 4804 754 4852 natus
786 4808 871 4854 (εει
920 4799 1185 4854 Dominus
1236 4810 1428 4855 DUSlCl‘
1475 4810 1532 4856 et
1588 4800 1732 4855 Deus
1772 4797 1932 4854 Jesus

354 4886 632 4952 Christus,
663 4896 888 4945 auctore
930 4888 1171 4945 Eusebio
1220 4892 1529 4962 Pamphilo,
1589 4892 1682 4962 qui
1719 4906 1847 4945 eum
1872 4890 1929 4945 in

356 4976 732 5035 Ecclesiastica
780 4981 1007 5036 historia
1057 4997 1164 5036 LVII
1203 4998 1379 5041 annos
1403 4984 1580 5041 solum
1615 4998 1800 5037 rerum
1833 4996 1932 5051 po-

353 5070 517 5122 titum
570 5083 690 5125 esse
737 5070 929 5136 refert,
982 5086 1104 5125 cum
1136 5072 1228 5127 alii
1271 5088 1392 5127 xuv
1425 5073 1688 5127 duntaxat
1728 5089 1928 5128 nume-

353 5171 498 5219 rent.
545 5163 746 5221 Vernm
794 5164 1068 5223 dissensio
1117 5167 1242 5222 inde
1286 5167 1520 5233 exsistit,
1546 5166 1691 5235 quod
1737 5166 1826 5222 alii
1855 5165 1925 5221 ab

354 5254 575 5309 Actiaca
610 5254 832 5309 domum
883 5255 1112 5309 vietoria
1169 5272 1460 5311 numerare
1491 5256 1783 5325 incipiunt,
1815 5271 1925 5326 quo

352 5357 604 5416 tempore
646 5361 776 5402 vere
831 5346 1099 5415 imperare
1136 5346 1294 5419 5&5
1324 5348 1512 5417 cmpit,
1558 5348 1927 5403 Romanarum

352 5434 633 5505 legionum
686 5435 841 5491 solus
878 5437 1055 5491 factus
1085 5437 1363 5493 dominus.
1414 5437 1686 5493 Eusebius
1721 5453 1847 5493 vero
1874 5438 1929 5493 id

355 5540 574 5593 quoque
606 5534 820 5596 tempus
855 5538 1201 5592 annumerat,
1238 5544 1349 5599 quo
1381 5544 1504 5583 cum
1538 5528 1778 5584 Antonio
1810 5544 1931 5600 ges-

356 5612 430 5667 sit
473 5613 804 5684 imperium:
845 5618 990 5687 quod
1029 5627 1143 5674 tum
1190 5636 1409 5691 quoque
1460 5621 1552 5675 illo
1608 5621 1664 5676 in
1694 5620 1929 5693 [Egypto

354 5706 527 5763 otium
576 5718 789 5780 agente,
832 5724 890 5767 et
938 5714 1222 5770 amoribus
1275 5713 1578 5787 Cleopatrae
1629 5714 1927 5780 serviente,

2027 4793 2341 4863 Αὐγούστου
2380 4791 2681 4862 μοναρχίας
2728 4790 2927 4862 ἐτέχθη
2965 4788 3399 4859 ὲνανθρωπήσας
3424 4792 3453 4843 ό
3490 4792 3612 4843 K13-

2028 4903 2139 4957 ριος
2198 4884 2360 4955 ἡμῶν
2386 4885 2484 4938 καὶ
2518 4883 2652 4946 Θεὸς
2706 4882 2920 4955 Ἰησοῦς
2977 4883 3234 4953 Χριστὸς,
3308 4883 3452 4935 κατά
3514 4883 3608 4937 τὸν

2024 4977 2312 5049 Παμφίλου
2335 4976 2615 5040 Εὑσέϐιον,
2646 4975 2705 5039 ὃς
2735 4976 2791 5028 ὲν
2806 4977 2872 5045 τῇ
2905 4973 3425 5043 Ἔκκλησιαστικῇ
3447 4978 3615 5029 ἱστο-

2016 5071 2119 5139 ρίᾳ
2161 5072 2252 5124 καὶ
2309 5069 2651 5138 πεντήκοντα
2703 5067 2797 5121 καὶ
2851 5066 2994 5120 ἑπτὰ
3046 5067 3145 5134 ἐτη
3181 5067 3345 5119 αὐτὸν
3401 5068 3613 5138 ἱστορεῖ

2037 5163 2399 5232 μοναρχῆσαι,
2432 5159 2540 5212 τῶν
2570 5159 2745 5213 ἄλλων
2774 5158 3019 5229 τέσσαρα
3049 5158 3144 5210 ἐπὶ
3193 5159 3608 5229 τεσσαράκοντα

2032 5252 2102 5306 τὰ
2134 5252 2233 5320 τῆς
2268 5251 2572 5323 μοναρχίας
2601 5248 2769 5304 αὑτοῦ
2813 5250 3197 5321 ἀριθμούντων
3236 5250 3352 5320 ἔτη.
3390 5251 3605 5306 Γίνεται

2027 5344 2084 5398 δε
2115 5346 2147 5414 ἡ
2173 5343 2440 5412 διαφωνία
2465 5342 2738 5407 ἐντεῦθεν,
2765 5343 2848 5396 ὄτι
2871 5343 2921 5396 οἱ
2951 5343 3051 5413 μὲν
3077 5340 3225 5395 ἄλλοι
3255 5342 3357 5414 τὴν
3389 5361 3595 5415 μοναρο

2026 5436 2149 5507 χίαν
2201 5435 2279 5505 τῷ
2311 5435 2545 5507 Καίσαρι
2584 5435 2920 5503 ὲλογίσαντο,
2967 5433 3153 5501 ὲξότου
3202 5435 3483 5508 ναυμαχία
3535 5436 3594 5488 ἐν

2042 5529 2243 5599 Ἀκτίῳ
2281 5527 2500 5598 ἐνίκησε
2528 5528 2619 5581 τὸν
2665 5526 2975 5589 Ἀντώνιον.
3004 5528 3094 5582 ὅτε
3127 5527 3223 5581 καὶ
3249 5527 3326 5592 ὡς
3381 5528 3598 5596 ἀληθῶς

2026 5621 2395 5693 ὲμονάρχησε,
2455 5620 2618 5691 μόνος
2662 5620 2775 5674 τῶν
2821 5619 3148 5690 Ῥωμαϊκῶν
3168 5620 3466 5691 ταγμάτων
3506 5637 3599 5688 γε·

2024 5714 2248 5786 νόμενος
2303 5712 2511 5787 κύριος·
2560 5713 2588 5767 ὁ
2637 5712 2899 5777 Εὐσέϐιος
2937 5712 2995 5768 δὲ
3025 5712 3119 5768 καὶ
3178 5711 3271 5768 τδν
3300 5713 3495 5783 χρόνον
3541 5711 3596 5764 δν
