3976 6204
288 285 399 350 921

1575 293 1987 355 ΔΝΝΑΙᾸΙῘΜ
2028 294 2173 352 LIB.
2211 294 2322 354 ΧῙ.

3449 299 3559 364 922

291 396 532 469 συνῆρξε
587 396 668 467 τῷ
720 397 997 470 Ἀντωνίῳ
1036 403 1102 473 τῇ
1162 402 1435 475 μοναρχίᾳ
1491 405 1864 477 προστίθησιν,

1981 421 2104 476 quae
2134 406 2212 461 illi
2247 419 2413 463 causa
2439 405 2698 462 interitus
2728 405 2854 472 fuit,
2891 423 3052 479 teque
3082 410 3274 466 fecerit
3309 428 3431 482 qua
3460 428 3559 468 v.o-
3637 486 3641 490 _

284 491 368 554 ὡς
394 492 489 543 καὶ
512 490 634 551 τότε
654 490 751 544 τοῦ
772 491 1087 561 Αὐγούστου
1116 494 1216 548 ὅσα
1246 495 1498 549 ἐϐούλετο
1522 498 1874 567 πράττοντος,

281 582 499 637 ἑκείνου
530 587 599 654 τῇ
625 585 888 655 Αἰγύπτῳ
923 587 1285 657 σχολάζοντος
1316 590 1414 642 καὶ
1447 587 1525 660 τῷ
1554 592 1657 662 τῆς
1690 591 1867 644 Klse-

284 676 505 744 πάτρας
535 675 883 741 δουλεύοντος
912 677 1100 748 ἔρωτι,
1134 679 1205 733 δι’
1234 680 1295 733 ὃν
1323 682 1422 735 καὶ
1455 681 1728 736 ἀπώλετο.
1767 682 1877 736 Οὔ-

284 785 397 831 τως
422 767 516 821 οὖν
542 769 638 822 καὶ
668 769 727 821 ἐν
754 769 832 839 τῷ
856 770 1282 843 τεσσαρακοστῷ
1329 773 1581 845 δευτέρῳ
1624 774 1737 827 ἔτει
1771 775 1875 844 τῆς

287 859 596 927 μοναρχίας
644 859 743 912 τοῦ
779 861 1060 932 Καίσαρος
1097 863 1389 933 ἱστόρησεν
1438 866 1467 917 ό
1494 863 1756 924 Εὐσέϐιος
1779 864 1875 919 τὸν

283 948 528 1018 Χριστὸν
558 950 888 1020 γεννηθῆναι
916 952 978 1004 τὸ
1016 953 1159 1006 κατὰ
1194 953 1398 1025 σάρκα·
1431 957 1480 1006 εί
1512 954 1621 1025 γὰρ
1679 972 1874 1009 τεσσα-

287 1041 527 1111 ράκοντα
557 1043 651 1095 καὶ
682 1044 959 1113 τέσσαρας
990 1046 1235 1115 φαίημεν
1262 1047 1391 1109 τοὺς
1415 1045 1517 1114 τῆς
1565 1047 1872 1117 μοναρχίας

283 1135 571 1197 ἐνιαυτοὺς
617 1135 872 1203 γενέσθαι
904 1137 999 1190 τοῦ
1035 1138 1339 1208 Καίσαρος,
1388 1140 1451 1192 οὐ
1480 1140 1628 1193 κατὰ
1656 1140 1718 1194 τὸ
1747 1157 1872 1192 τεσ-

283 1226 633 1294 σαρακοστὸν
664 1225 918 1293 δεύτερον
972 1227 1094 1292 ἔτος
1149 1229 1184 1298 ῆ
1222 1228 1515 1296 ἐπιφάνεια
1545 1229 1736 1298 γέγονε
1772 1228 1868 1283 τοῦ

284 1314 499 1385 Κυρίου
532 1318 626 1370 καὶ
655 1317 907 1387 Σωτῆρος
931 1319 1113 1391 ἡμῶν,
1147 1320 1288 1373 ἀλλὰ
1336 1318 1480 1374 κατὰ
1528 1320 1589 1373 τὸ
1625 1320 1871 1374 εἰκοστὸν

281 1403 509 1458 ἔννατον
559 1406 682 1469 ἔτος
727 1408 1022 1477 συμϐαίνει
1067 1409 1329 1480 τεχθῆναι
1377 1410 1471 1463 τὸν
1511 1409 1739 1480 Κύριον.
1780 1410 1871 1472 Ὠς

281 1496 397 1566 γὶρ
434 1498 461 1549 ὁ
495 1494 785 1562 θεσπέσιος
834 1499 1227 1571 εὐαγγελιστὴς
1286 1500 1495 1571 ίστορεῖ
1537 1501 1777 1564 Λουκᾶς,
1809 1501 1869 1555 ὲν

279 1585 392 1640 ἔτει
422 1590 896 1661 πεντεκαιδεκάτῳ
924 1592 1023 1661 τῆς
1070 1591 1367 1662 ἡγεμονίας
1414 1591 1669 1663 Τιϐερίου
1730 1592 1866 1644 Καί-

281 1693 449 1747 σαρος
478 1679 571 1731 τὸν
602 1681 840 1750 Χριστὸν
869 1684 896 1735 ό
939 1683 1192 1753 Ἰωάννης
1219 1683 1505 1745 ὲϐάπτισε,
1556 1683 1863 1753 τριάκοντα

1979 498 2170 554 luerit.
2196 497 2289 553 Sic
2324 497 2491 568 igitur
2520 513 2670 553 anno
2702 514 2810 553 xui
2850 500 3066 570 imperii
3100 502 3333 558 Casaris
3361 518 3558 558 narra-

1977 591 2060 645 vit
2085 590 2360 645 Eusebius
2393 591 2678 646 Christum
2705 593 3013 647 secundum
3055 609 3277 649 carnem
3305 609 3426 649 esse
3458 611 3548 649 nm

1978 688 2117 734 tum.
2169 680 2307 736 Nam
2348 682 2395 734 si
2448 681 2662 750 imperii
2709 682 2829 751 ejus
2865 696 3040 738 annos
3070 698 3197 739 thv
3231 691 3556 749 statuamus,

1976 768 2249 824 adventus
2290 780 2348 825 et
2394 771 2659 826 nativitas
2685 772 2900 827 Domini
2924 782 2981 829 et
3016 774 3324 832 Servatoris
3360 780 3556 846 nostri,

1974 877 2084 916 non
2119 864 2172 917 in
2198 878 2406 917 annum
2442 879 2573 926 ml.
2609 864 2706 919 sed
2743 865 2800 919 in
2832 882 3037 921 nonum
3083 876 3141 922 et
3192 884 3261 921 xx
3292 871 3458 925 cadit.
3489 872 3560 928 Ut

1972 953 2117 1008 enim
2190 964 2413 1010 sanctus
2446 955 2626 1011 Lucas
2675 958 3009 1027 evangelista
3059 970 3268 1025 narrat,
3316 962 3559 1019 Joannes

1973 1043 2260 1102 Christum
2287 1061 2434 1102 anno
2460 1063 2529 1102 xv
2562 1048 2780 1118 imperii
2810 1048 3017 1103 Tiberii
3064 1050 3363 1119 baptizavit
3391 1069 3404 1106 :
3447 1068 3560 1123 quo

1974 1145 2221 1206 tempore
2253 1153 2448 1204 annos,
2478 1139 2673 1193 eodem
2694 1148 2949 1204 auctore,
2977 1140 3229 1197 Christus
3257 1158 3363 1196 xxx
3390 1154 3558 1200 natus

1974 1227 2097 1290 fuit,
2135 1237 2196 1283 ut
2217 1230 2328 1297 jam
2360 1245 2429 1284 xv
2458 1230 2587 1284 anni
2616 1230 2685 1285 de
2717 1247 2822 1285 xxx
2861 1248 2929 1287 ex
2965 1233 3197 1301 imperio
3223 1234 3455 1298 Tiberii,
3488 1251 3559 1289 xv

1972 1319 2168 1389 reliqui
2195 1319 2264 1374 de
2295 1335 2416 1375 thv
2441 1322 2602 1376 anuis
2624 1322 2854 1393 Augusti
2886 1333 3197 1377 sumantur.
3234 1324 3391 1380 Unde
3420 1340 3558 1380 con-

1969 1417 2097 1471 stat,
2130 1408 2199 1464 de
2238 1409 2306 1464 iis
2332 1418 2547 1466 restare
2577 1427 2753 1467 annos
2785 1429 2931 1467 xxix.
2963 1413 3201 1468 Proinde
3229 1431 3375 1469 anno
3400 1418 3557 1472 vice-

1969 1502 2113 1554 simo
2140 1514 2287 1555 nono
2314 1501 2623 1557 conﬁrmati
2655 1504 2875 1574 imperii
2907 1505 3139 1561 Caesaris
3182 1505 3437 1577 Augusti,
3471 1523 3559 1563 se-

1969 1592 2211 1648 cundum
2264 1609 2511 1657 carnem,
2570 1610 2639 1650 ex
2697 1610 2918 1665 semper
2969 1597 3210 1666 Virgine,
3264 1605 3320 1652 et
3367 1608 3556 1654 sancta

1970 1684 2141 1740 Maria
2199 1685 2433 1757 Deipara
2484 1695 2675 1742 natum
2731 1702 2864 1777 esse
2903 1688 3195 1742 Dominum
3246 1688 3556 1759 deprehen-

276 1767 323 1818 δ’
356 1760 425 1838 ῆν
460 1770 601 1824 ἐτῶν
638 1772 726 1825 ὅτε
780 1773 1113 1846 ἐϐαπτίσθη,
1157 1775 1303 1828 κατὰ
1338 1775 1430 1828 τὸν
1480 1773 1646 1827 αὐτὸν
1694 1774 1865 1843 εὐαγ-
1900 1768 1939 1821 Β
1970 1776 2149 1835 ditur.

276 1862 559 1935 γελιστῆν.
591 1865 756 1920 Ὥστε
786 1866 973 1923 λοιπὸν
997 1871 1124 1933 τοὺς
1168 1869 1268 1939 μὲν
1313 1868 1715 1925 πεντεκαίδεκα
1779 1871 1890 1923 τῶν
1923 1870 2221 1942 τριάκοντα
2291 1874 2560 1929 ἐνιαυτῶν
2592 1877 2657 1930 ἔκ
2684 1876 2796 1928 τῶν
2842 1875 2943 1944 τῆς
2989 1876 3291 1946 αὐταρχίας
3319 1873 3414 1927 τοῦ
3460 1873 3558 1928 Τι-
3622 1884 3627 1897 ⁴

276 1959 464 2029 ϐερίου
497 1962 705 2031 χρόνων
732 1962 1130 2034 λαμϐάνεσθαι,
1181 1964 1306 2028 τοὺς
1339 1964 1397 2018 δέ
1425 1979 1490 2033 γε
1521 1964 1745 2028 λοιποὺς
1795 1966 2189 2021 πεντεκαίδεκα
2220 1971 2286 2022 ὲκ
2318 1969 2428 2022 τῶν
2481 1969 2578 2024 τοῦ
2625 1970 2940 2039 Αὐγούστου
2996 1971 3406 2041 τεσσαράκοντα
3464 1971 3557 2025 καὶ

275 2057 562 2129 τεσσάρων
614 2058 1091 2128 καταλογίζεσθαι.
1152 2060 1451 2131 Συμϐαίνει
1498 2062 1681 2115 τοίνυν
1725 2061 1854 2124 τοὺς
1894 2060 1953 2125 ἐξ
2016 2064 2200 2117 αὐτῶν
2271 2065 2848 2134 περιλιμπανομένους
2876 2067 3034 2120 ὲννὲα
3080 2063 3218 2119 εἶναι
3275 2067 3370 2119 καὶ
3417 2066 3554 2120 εἴκο-

281 2162 392 2201 σιν.
442 2149 532 2202 Ἑν
589 2151 722 2218 γοῦν
781 2152 861 2224 τῷ
913 2151 1146 2222 εἰκοστῷ
1195 2154 1406 2224 ιννάτῳ
1456 2155 1557 2218 τῆς
1634 2153 1897 2223 ἀκριϐοῦς
1947 2155 2248 2225 μοναρχίας
2289 2155 2386 2210 τοῦ
2456 2158 2733 2227 Καίσαρος
2786 2159 3125 2227 Αὐγούστου,
3188 2159 3554 2228 καταλαμϐά-

273 2260 429 2297 νεται
472 2244 736 2315 τεχθῆναι
758 2245 821 2300 τὸ
845 2245 988 2300 κατά
1037 2248 1221 2317 σάρκα
1251 2248 1315 2300 ἔκ
1354 2248 1457 2318 τῆς
1488 2246 1856 2318 ἁειπαρθὲνου
1892 2249 1988 2300 καὶ
2037 2250 2203 2317 ἁγίας
2257 2251 2480 2319 Μαρίας
2501 2252 2769 2305 Θεοτὸκου
2802 2251 2895 2305 τὸν
2924 2250 3152 2314 Κύριον.

1320 2564 1678 2653 LIBER
1762 2565 2497 2657 UNDECIMUS.

345 2760 429 2815 Δ.
468 2758 532 2811 '0
578 2757 678 2829 μὲν
731 2755 825 2812 οὖν
872 2755 1181 2826 Αὔγουστος
1212 2756 1449 2823 ἀπεϐίω,
1491 2752 1566 2820 ὡς
1597 2758 1853 2827 εἴρηταιο

2037 2757 2080 2812 1.
2114 2756 2364 2827 Augusto
2392 2757 2459 2812 ad
2503 2756 2649 2812 hunc
2678 2757 2926 2821 modum,
2951 2773 3059 2827 quo
3092 2760 3403 2828 expositum
3435 2772 3547 2823 est.

269 2852 379 2921 τὴν
432 2851 489 2905 δὲ
545 2849 852 2922 μοναρχίαν
886 2850 915 2903 ό
949 2849 1201 2923 Τιϐέριος
1252 2848 1548 2915 διεδέξατο,
1578 2848 1637 2912 ὃς
1687 2848 1857 2901 εὐπαο

1969 2848 2247 2915 del‘uncto,
2295 2851 2589 2920 imperium
2637 2850 2896 2905 Tiberius
2943 2853 3212 2922 suscepit.
3265 2869 3333 2908 ex
3387 2864 3556 2924 gente

270 2943 469 3014 τρίδης
518 2942 618 3013 μὲν
662 2938 756 3015 ἦν,
801 2944 897 2997 καὶ
937 2941 1293 3007 πεπαίδευτο,
1324 2940 1423 3010 τὴν
1449 2941 1507 2994 δὲ
1532 2939 1764 3012 γνώμην
1792 2933 1863 3010 ἦν

272 3033 702 3100 ποικιλώτατος,
743 3034 1023 3098 ἐναντίους
1056 3037 1122 3105 τῇ
1153 3033 1478 3106 προαιρέσει
1515 3034 1642 3098 τοὺς
1668 3033 1864 3101 λόγους

274 3128 632 3199 ποιούμενος.
678 3120 781 3181 Ὧν
823 3127 934 3200 γὰρ
988 3127 1261 3194 ἐϐούλετο,
1327 3129 1590 3182 τάναντία
1651 3127 1862 3194 ἔλεγεν,

273 3220 415 3277 ἄλλα
459 3220 561 3291 μὲν
611 3217 823 3275 κεύθων
861 3218 973 3290 (89)
992 3219 1076 3273 ὲνὶ
1111 3219 1330 3291 φρεσὶν,
1386 3219 1524 3273 ἄλλα
1571 3218 1627 3272 δὲ
1652 3217 1858 3287 λέγων*

276 3314 380 3370 καὶ
433 3312 754 3385 ὀργίζεσθαι
803 3312 1299 3385 προσποιούμενος,
1331 3312 1392 3366 ἐν
1436 3308 1519 3376 οἷς
1550 3312 1651 3365 οὐκ
1690 3310 1862 3379 ὠργί-

275 3407 434 3473 ζετοθ
465 3405 562 3458 καὶ
609 3406 670 3457 ἐν
714 3396 798 3466 οἷς
845 3401 1140 3474 ἐθυμοῦτο,
1193 3402 1667 3474 σχηματιζόμενος
1692 3402 1865 3456 ἐπιεί-

276 3514 441 3552 κειαν
462 3514 477 3530 ⁸
523 3497 620 3550 καὶ
662 3496 740 3559 ὡς
782 3495 1119 3550 οἰκειότατον
1149 3496 1299 3566 ἑώρα
1337 3496 1429 3549 τὸν
1459 3496 1732 3566 ἔχθιστον,
1765 3496 1863 3552 καὶ

272 3592 357 3655 ὡς
411 3589 829 3663 άλλοτριωτάτῳ
877 3590 1256 3661 προσεφέρετο
1307 3589 1386 3661 τῷ
1437 3592 1704 3663 φιλτάτῳ.
1749 3592 1863 3645 Kat

273 3685 383 3737 οὐκ
438 3683 595 3755 ἠξίου
646 3684 761 3747 τοῖς
794 3681 978 3746 ἄλλοις
1029 3682 1188 3749 δῆλον
1241 3679 1383 3736 εἷναί
1418 3684 1551 3737 οίτὺ
1581 3686 1860 3755 φρόνημα,

274 3774 441 3828 τοῦτο
486 3776 792 3846 προσήκειν
826 3773 904 3844 τῷ
958 3774 1322 3844 αὐταρχοῦντι
1370 3774 1608 3845 φρονῶν.
1646 3777 1756 3828 Καὶ
1785 3775 1860 3829 είς

274 3884 338 3920 τε
367 3885 453 3930 τις
478 3869 794 3938 ἠναντιοῦτο
821 3863 903 3930 οἷς
934 3866 1142 3935 ἔλεγεν,
1175 3866 1295 3920 εῑτε
1349 3866 1456 3938 μὴν
1489 3868 1585 3921 καὶ
1615 3867 1858 3939 συνῄνει,

279 3959 576 4031 μεμίσητο.
612 3958 761 4022 Τέως
804 3958 850 4012 δ’
889 3957 985 4012 οὖν
1022 3959 1104 4022 είς
1150 3959 1223 4011 τά
1257 3957 1601 4027 στρατόπεδα
1638 3960 1736 4013 καὶ
1775 3960 1860 4022 είς

272 4051 347 4104 τὰ
380 4049 511 4118 ἔθνη
545 4049 728 4103 πάντα
759 4048 836 4112 ὡς
886 4048 1249 4120 αὐτοκράτωρ
1297 4048 1498 4101 αὐτίκα
1548 4048 1856 4114 ἐπέστειλε,

280 4144 361 4212 μὴ
404 4142 580 4210 λέγων
625 4138 991 4210 αὐτοκράτωρ
1031 4136 1193 4195 εἶναι.
1224 4140 1529 4211 ’Ψηφισθὲν
1563 4139 1672 4210 γάρ
1707 4138 1856 4209 αὐτῷ
1891 4173 1937 4230 ο

275 4232 381 4286 καὶ
415 4231 575 4285 τοῦτο
610 4230 749 4303 μετὰ
780 4230 890 4284 τῶν
920 4231 1097 4286 ἄλλων
1141 4230 1424 4301 ὀνομάτων
1464 4232 1567 4285 οὐκ
1616 4231 1856 4296 ἐδέξατο,

277 4326 382 4379 καὶ
431 4326 498 4377 τὰ
538 4325 637 4394 τῆς
685 4325 863 4394 ἀρχῆς
906 4322 1127 4376 διοικῶν
1168 4322 1408 4386 ἅπαντα,
1459 4322 1627 4393 μηδὲν
1674 4324 1860 4385 αὐτοῖς

276 4416 494 4471 δεῖσθαι
527 4415 705 4485 ἔλεγε.
743 4415 854 4469 Καὶ
882 4414 1090 4486 ταύτης
1130 4414 1454 4480 ἐξίστασθαι
1494 4414 1861 4486 ὲκομψεύετο,

277 4513 381 4566 καὶ
409 4510 499 4563 διὰ
542 4511 644 4580 τὴν
676 4509 897 4581 ἡλικίαν
933 4508 1014 4581 (ἓξ
1046 4509 1155 4580 γὰρ
1197 4511 1292 4563 καὶ
1335 4512 1678 4580 πεντήκοντα
1720 4512 1859 4564 ἐτῶν

276 4600 375 4676 ἦν)
411 4603 508 4657 καὶ
555 4602 623 4655 δι’
664 4602 1024 4672 ἀμϐλυωπίαν
1050 4618 1065 4634 θ
1118 4602 1371 4656 πλεῖστον
1427 4603 1535 4674 γὰρ
1581 4606 1637 4656 ἐν
1680 4605 1864 4659 σκότει

281 4696 523 4767 βλέπων,
548 4694 804 4762 ἐλάχιστα
832 4694 930 4762 τὴν
963 4694 1180 4761 ἡμέραν
1210 4691 1377 4759 ἑώρα,
1404 4687 1536 4745 Εἶτα
1565 4692 1861 4756 κοινωνοὺς

283 4789 408 4861 ᾔτει
466 4789 564 4858 τῆς
614 4787 792 4857 ἀρχῆς
844 4788 938 4838 καὶ
1002 4783 1394 4854 συνάρχοντας,
1447 4786 1601 4838 οὐδὲν
1657 4787 1864 4839 τούτων

283 4880 517 4949 ποιῆσαι
565 4876 797 4946 μέλλων,
844 4872 963 4928 ἀλλ’
1001 4873 1087 4926 ὅτι
1141 4889 1203 4926 τε
1234 4870 1467 4924 ὕπουλον
1515 4868 1661 4942 εἶχεν
1708 4868 1860 4943 ἦθος,

283 4970 386 5027 καὶ
411 4971 495 5023 ὅτι
524 4968 621 5022 καὶ
668 4968 740 5020 τὰ
771 4964 1164 5036 στρατεύματα
1191 4962 1262 5018 τά
1292 4981 1349 5017 τε
1380 4967 1438 5017 ἐν
1469 4964 1737 5037 Παννονίᾳ
1770 4967 1866 5018 καὶ⁸

284 5067 347 5119 ὲν
370 5060 653 5132 Γερμανίᾳ
682 5059 997 5119 ὑπώπτευε,
1030 5058 1127 5111 καὶ
1159 5057 1250 5109 τὸν
1278 5056 1620 5127 Γερμανικὸν
1652 5057 1864 5123 ἐδεδίει,

265 5159 389 5224 ,τῆς
424 5152 735 5223 Γερμανίας
764 5150 1004 5221 ἄρχοντα
1041 5147 1186 5214 τότε,
1226 5149 1323 5201 καὶ
1357 5150 1470 5211 τοῖς
1505 5148 1868 5220 στρατιώταις

283 5247 639 5318 φιλούμενον.
688 5243 800 5296 Καὶ
841 5242 932 5295 διὰ
975 5240 1147 5296 ταῦτα
1193 5240 1345 5293 οὐδὲν
1389 5240 1463 5304 ὡς
1504 5241 1867 5311 αὐτοκράτωρ

282 5344 529 5411 ἔπραττε
579 5336 853 5409 φανερῶς,
883 5333 1021 5388 ἀλλὰ
1054 5334 1150 5389 καὶ
1181 5335 1361 5389 νοσεῖν
1389 5333 1866 5404 προσποιούμενος

256 5432 563 5503 ὀἰκουρῶν
637 5425 743 5501 ἦν,
788 5427 881 5481 καὶ
930 5425 1230 5498 διέμελλεν,
1296 5426 1363 5481 ἵν’
1415 5426 1475 5480 ἐν
1534 5426 1712 5481 ἑλπίδι
1770 5426 1867 5480 τοῦ

1965 2940 2221 3009 patricia,
2267 2940 2469 2994 litteris
2530 2941 2806 3007 eruditus,
2859 2941 2958 2996 sed
3008 2942 3229 3011 ingenio
3287 2960 3551 3014 perquam

1963 3031 2140 3094 vario,
2188 3030 2339 3085 aliud
2387 3030 2538 3102 loqui
2565 3030 2714 3086 aliud
2757 3034 2969 3089 sentire
3006 3034 3231 3100 solitus,
3261 3046 3487 3105 pectore
3518 3052 3552 3091 ι

1962 3122 2152 3193 lingua
2182 3122 2597 3179 dissentiente:
2656 3139 2782 3179 cum
2832 3141 2943 3179 non
2989 3125 3354 3193 irascebatur,
3411 3129 3550 3183 iram

1963 3216 2273 3269 simulans:
2325 3232 2450 3271 cum
2497 3226 2809 3272 commotus
2838 3229 2978 3282 erat,
3027 3218 3315 3274 lenitatem
3350 3235 3461 3289 pra:
3490 3236 3553 3276 se

1960 3307 2186 3363 ferens:
2239 3307 2686 3364 inimicissimum
2748 3309 2822 3364 ita
2887 3310 3111 3365 intuens
3161 3320 3224 3364 ut
3272 3312 3550 3366 amicissi-

1963 3416 2157 3455 mum:
2211 3412 2268 3456 et
2327 3402 2752 3467 amicissimum,
2803 3411 2863 3457 ut
2903 3401 3326 3459 alienissimum.
3359 3403 3553 3473 Neque

1961 3489 2110 3542 enim
2139 3472 2407 3560 principis
2439 3492 2683 3546 animum
2732 3491 2858 3547 aliis
2909 3506 3032 3548 esse
3066 3493 3348 3563 cognitum
3380 3508 3550 3562 opor-

1985 3597 2080 3638 ere
2130 3584 2526 3640 arbitrabatur.
2562 3584 2801 3639 Proinde
2852 3585 2968 3639 sive
3017 3584 3400 3651 adversarerc,
3431 3584 3551 3640 sive

1961 3676 2297 3731 assentirere
2326 3677 2475 3731 illius
2501 3676 2762 3741 orationi,
2788 3676 2978 3730 odium
3006 3677 3342 3731 incurreres.
3378 3677 3457 3730 Ac
3478 3676 3549 3729 ad

1961 3763 2208 3832 legiones
2233 3774 2287 3819 ct
2321 3780 2514 3819 omnes
2566 3776 2758 3835 gentes
2810 3766 2996 3820 statim
3040 3775 3097 3821 ut
3134 3766 3437 3836 imperator
3467 3766 3552 3819 le-

1964 3864 2118 3925 gatos
2144 3856 2316 3919 misit,
2349 3856 2697 3910 dissimulato
2728 3857 3082 3926 imperatoris
3114 3859 3364 3923 nomine,
3397 3857 3548 3927 quod

1965 3966 2073 4005 una
2105 3964 2230 4005 cum
2266 3949 2482 4005 ueteris
2510 3948 2615 4003 sibi
2640 3948 2926 4004 decretura
2960 3948 3292 4019 repudiavit.
3324 3950 3544 4004 Etcum

1962 4047 2139 4095 totum
2179 4039 2476 4110 imperium
2498 4038 2933 4107 administraret,
2962 4040 3100 4094 nihil
3128 4040 3233 4094 sibi
3261 4055 3403 4109 opus
3424 4055 3549 4095 esse

1963 4132 2103 4187 dixit
2136 4132 2370 4203 imperio
2400 4148 2415 4187 :
2450 4145 2628 4202 eoque
2655 4146 2714 4186 se
2740 4146 3025 4187 cessurum
3058 4146 3180 4188 esse
3205 4171 3222 4197 ,
3256 4140 3373 4187 tum
3428 4144 3552 4201 μοι

1964 4235 2088 4297 pter
2127 4236 2344 4281 aetatem
2376 4227 2572 4299 (annos
2602 4227 2752 4283 enim
2783 4243 2832 4282 Vl
2888 4236 2945 4282 et
2978 4243 3008 4280 ι.
3035 4235 3196 4282 natus
3244 4226 3408 4296 erat),
3431 4236 3544 4280 tum

1968 4327 2191 4387 propter
2222 4318 2396 4374 aciem
2423 4320 2712 4375 oculorum
2740 4319 3105 4387 obtusiorem,
3131 4320 3377 4390 jactavit.
3409 4318 3547 4372 Nam

1965 4411 2019 4466 in
2049 4390 2297 4467 tenebris
2327 4413 2653 4483 plurimum,
2684 4413 2739 4467 in
2769 4413 2895 4468 luce
2925 4413 3215 4467 minimum
3250 4412 3537 4468 cernebat.

1963 4505 2172 4560 Deinde
2201 4506 2381 4561 socios
2410 4516 2466 4561 et
2498 4508 2738 4577 collegas
2772 4506 2988 4576 imperii
3026 4505 3190 4577 546
3223 4504 3546 4574 postulavit.

1964 4597 2112 4661 Haec,
2146 4604 2398 4670 quamvis
2438 4608 2699 4654 neutrum
2735 4600 2788 4654 in
2832 4598 3020 4654 animo
3045 4600 3294 4661 haberet,
3349 4599 3545 4667 partim

1964 4703 2193 4761 propter
2239 4692 2516 4748 occultum
2552 4691 2855 4763 ingenium,
2916 4692 3114 4761 partim
3156 4690 3227 4746 ob
3257 4690 3548 4746 Germani-

1966 4794 2059 4834 cas
2091 4789 2147 4835 et
2195 4782 2542 4835 Pannonicas
2588 4782 2834 4852 legiones
2887 4797 3023 4851 quas
3053 4792 3338 4850 suspectas
3379 4782 3548 4835 babe-

1965 4871 2080 4937 bat,
2104 4881 2160 4926 et
2190 4873 2499 4928 Germanici
2539 4883 2686 4928 metu
2739 4872 2997 4940 faciebat,
3030 4874 3123 4945 qui
3162 4884 3277 4929 tum
3324 4874 3548 4930 Germa-

1966 4964 2071 5020 nia:
2110 4980 2328 5033 praises,
2378 4965 2582 5020 charus
2635 4975 2754 5020 erat
2820 4966 3111 5021 militibus.
3147 4966 3244 5021 llis
3284 4967 3452 5037 igitur
3481 4968 3550 5022 tle

1968 5057 2172 5120 causis,
2215 5056 2353 5110 nihil
2390 5067 2579 5127 aperte
2623 5073 2723 5127 pro
2758 5057 2991 5129 imperio
3040 5058 3317 5113 faciebat:
3355 5060 3451 5113 sed
3493 5072 3550 5113 et

1970 5149 2225 5204 morbum
2277 5151 2542 5206 simulans
2588 5149 2737 5205 domi
2784 5165 2843 5206 se
2891 5150 3234 5214 continebat,
3280 5160 3337 5205 et
3366 5164 3550 5203 moras

1969 5243 2244 5308 nectebat,
2270 5252 2332 5298 ut
2361 5260 2631 5299 novarum
2661 5259 2845 5300 rerum
2870 5244 3084 5315 cupidi,
3115 5252 3402 5313 sperantes
3420 5257 3547 5296 eum

1972 5337 2121 5390 ultro
2164 5337 2545 5407 depositurum
2592 5338 2907 5408 imperium,
2940 5335 3313 5406 quiescerent,
3372 5332 3548 5385 donec

1974 5430 2340 5499 principatum
2390 5430 2459 5486 ab
2505 5432 2655 5487 omni
2711 5443 2864 5502 parte
2917 5430 3208 5485 ﬁrmasset.
3252 5422 3389 5479 Tum
3419 5436 3549 5478 vero

1483 5591 1679 5655 Varia)
1722 5590 2029 5656 lectiones
2073 5603 2135 5659 et
2170 5605 2363 5659 noue.

312 5798 321 5804 ο
362 5685 765 5787 (ΒΜ-Κεύθων.
804 5719 877 5775 Ex
911 5718 1145 5774 llornero
1171 5717 1328 5776 Iliad.
1370 5735 1480 5783 t,v.
1528 5718 1612 5775 15.
