3976 6204
394 281 500 341 923

1729 278 2052 338 JOANNIS
2089 276 2411 338 ZONARzE

3570 269 3679 332 92$

393 391 692 458 Agrippam
744 389 974 459 Augusti
1024 404 1090 443 ex
1141 387 1286 444 Julia
1327 397 1607 458 nepotem,
1635 389 1888 459 Agrippae
1918 389 1983 441 ﬁ-

2106 388 2288 442 ἑκόντα
2337 389 2436 460 τὴν
2489 388 2668 460 ἀρχὴν
2725 391 2962 458 ἀφήσειν
3013 387 3200 449 αὐτὸν,
3269 387 3345 456 μή
3408 385 3466 438 τί
3533 401 3682 446 τινες

392 480 552 542 lium,
590 479 770 534 occidi
815 481 1002 551 jussit.
1061 479 1453 535 Germanicum
1504 495 1638 534 vero
1687 478 1985 534 admodum

397 571 604 628 timuit.
652 570 793 626 Sunt
843 581 902 627 et
957 571 1293 626 Pannonica:
1322 572 1568 642 legiones
1598 581 1792 627 contra
1821 586 1984 625 suum

397 663 600 718 ducem
633 663 1002 718 tumultuatm.
1049 662 1154 718 Sed
1191 662 1585 718 audacioribus
1613 673 1667 718 et
1699 655 2004 719 seditionis.

397 754 594 825 primis
629 754 948 810 auctoribus
969 753 1244 824 supplicio
1281 753 1515 816 allectis,
1543 754 1722 809 caueri
1757 756 1986 822 quieve-

400 858 554 904 runt.
583 846 925 903 Germanicaa
960 863 1091 902 vero
1128 847 1376 917 legiones
1427 847 1651 901 Tiberio
1685 847 1986 902 maledixe~

399 953 552 1009 runt,
583 955 640 1000 et
675 943 1064 1000 Germanicum
1098 944 1485 1013 imperatorem
1519 943 1850 997 salutaruut.
1883 942 1988 1008 Qui

402 1054 528 1093 cum
559 1037 802 1110 gladium
854 1038 1190 1100 strinxissct,
1223 1037 1379 1107 quasi
1409 1037 1650 1106 seipsum
1678 1037 1988 1101 occisurus,

404 1132 567 1186 miles
591 1131 814 1202 quidam
847 1146 947 1186 suo
973 1145 1105 1185 ense
1134 1129 1351 1184 sublato
1376 1146 1389 1182 :
1423 1127 1594 1186 Hunc.
1630 1129 1831 1198 inquit.
1861 1142 1990 1197 cape

405 1231 495 1276 tuo
531 1224 844 1277 acutiorem.
881 1221 1068 1291 Itaque
1100 1238 1130 1275 a
1159 1222 1242 1275 sui
1269 1222 1415 1276 ctede
1450 1221 1742 1282 abstinuit,
1779 1235 1846 1274 ne
1874 1235 1991 1273 ma-

404 1315 489 1385 gis
524 1315 1035 1370 tumultuarentur:
1088 1314 1184 1368 sed
1236 1314 1487 1367 conﬁctis
1517 1313 1620 1367 sub
1653 1312 1859 1366 Tiberii
1894 1329 1992 1365 no—

405 1407 554 1461 mine
607 1407 809 1462 litteris
855 1407 1060 1476 quibus
1091 1406 1198 1460 illis
1251 1421 1478 1460 munera
1509 1416 1566 1460 et
1599 1405 1704 1460 alia
1741 1404 1988 1474 qumdam

406 1499 890 1566 promittebantur,
915 1508 1028 1551 tum
1049 1497 1379 1552 seditionem
1399 1497 1758 1567 compescuit.
1785 1496 1990 1551 Deinde

406 1593 604 1660 legatis
659 1607 691 1646 a
738 1591 963 1645 Tiberio
1008 1589 1211 1655 missis,
1237 1589 1550 1645 Germanici
1607 1589 1842 1644 artiﬁcio
1891 1605 1989 1644 co-

408 1682 583 1752 gnito,
640 1681 905 1750 suspicati
945 1681 1068 1736 illos
1099 1683 1291 1736 adesse
1329 1691 1388 1734 ut
1421 1682 1548 1752 ejus
1576 1680 1849 1751 promissa
1885 1680 1988 1734 tol-

409 1774 612 1838 lerent,
667 1774 851 1828 denuo
888 1774 1206 1828 tumultuati
1245 1784 1396 1839 sunt,
1446 1783 1502 1828 et
1554 1783 1746 1828 contra
1781 1775 1993 1844 legatos

407 1866 698 1930 concitati,
721 1876 776 1919 et
798 1865 1113 1919 Germanici
1141 1882 1367 1920 uxorem
1397 1865 1769 1935 Agrippinam,
1800 1865 1998 1936 Agrip-

411 1976 493 2030 pae
521 1967 578 2012 et
605 1957 762 2012 Julia:
792 1957 985 2021 ﬁliam,
1042 1967 1098 2013 et
1152 1957 1324 2012 ﬁlium
1371 1958 1491 2026 ejus
1518 1957 1710 2012 Caium
1741 1974 1996 2027 compre-

413 2049 767 2102 henderunt:
811 2063 875 2114 ac
931 2062 1155 2102 uxorem
1208 2058 1579 2118 pneguautem
1629 2048 1678 2103 ei
1737 2049 1994 2103 restitue-

415 2149 566 2202 runt,
621 2139 732 2192 ﬁlio
763 2149 1002 2194 retento.
1063 2140 1260 2194 Verum
1295 2156 1418 2194 cum
1454 2141 1588 2194 nihil
1642 2139 1996 2210 proﬁcerent,

416 2240 475 2284 et
503 2230 605 2299 ipsi
657 2230 1014 2298 quieverunt.
1055 2229 1147 2286 Sic
1189 2232 1278 2285 ille
1329 2232 1620 2300 imperium
1671 2248 1794 2286 cum
1835 2247 2002 2286 occu-

415 2334 547 2389 pare
587 2328 794 2388 posset.
843 2329 1170 2388 aspernatus
1219 2331 1325 2376 est.
1357 2321 1471 2387 Qua
1506 2322 1572 2375 de
1605 2337 1770 2376 causa
1818 2324 1996 2392 palam

416 2425 542 2465 eum
577 2408 834 2463 Tiberius
878 2409 1022 2478 apud
1073 2419 1324 2462 senatum
1375 2411 1670 2465 laudabat:
1727 2412 1822 2465 sed
1853 2411 1998 2481 apud

417 2517 540 2556 sese
567 2499 864 2554 admodum
895 2512 1210 2570 suspectum
1256 2501 1514 2564 habebat,
1541 2513 1596 2556 et
1627 2513 1687 2556 ut
1720 2504 1994 2558 munitum

417 2593 729 2663 legionibus
769 2593 1072 2646 metuebat.
1106 2591 1378 2647 Caeterum
1414 2610 1538 2647 cum
1571 2595 1732 2648 utilia:
1759 2595 2000 2664 amplqu

421 2685 596 2740 turbae
630 2686 1040 2750 nuntiarentur,
1070 2685 1269 2740 omissa
1302 2687 1759 2751 dissimulatione,
1790 2688 2000 2757 princi-

423 2788 608 2846 patum
640 2776 887 2831 admisit.
945 2776 1023 2831 Ac
1054 2775 1300 2846 quandiu
1331 2777 1694 2832 Germanicus
1720 2789 2002 2848 superstes

421 2870 558 2933 fuit,
582 2869 718 2924 nihil
753 2881 946 2939 suapte
977 2870 1307 2925 auctoritate
1341 2870 1472 2940 egit,
1515 2869 1609 2924 sed
1651 2870 1716 2923 ad
1748 2882 1999 2925 senatum

424 2957 611 3011 retulit
637 2960 842 3020 omnia,
876 2973 1054 3027 neque
1082 2959 1150 3012 ab
1185 2959 1297 3012 ullo
1334 2959 1437 3012 nisi
1469 2975 1499 3012 a
1532 2959 1801 3013 militibus
1827 2961 2000 3028 impe-

2089 478 2468 550 νεοχμώσωσι,
2502 482 2697 550 μέχρις
2721 477 2783 534 οὐ
2810 481 2908 549 τῆς
2941 479 3240 549 ἡγεμονίας
3264 477 3552 547 ἐγκρατὴς
3585 477 3681 528 δια

2090 573 2309 626 πάντων
2359 573 2601 642 ἐγένετο.
2645 573 2750 626 Τδν
2805 573 2905 642 μὲν
2954 573 3049 627 οὖν
3101 571 3421 640 Ἀγρίππαν
3473 570 3685 622 αὐτίκα

2089 665 2314 735 πέμψας
2380 666 2693 730 ἀπέκτεινε,
2758 665 2852 719 τοῦ
2912 665 3251 733 Αὐγούστου,
3297 664 3374 726 ὡς
3432 664 3687 732 είρηται,

2089 753 2219 809 ὄντα
2269 755 2630 826 θυγατριδοῦν
2678 756 2738 821 ἐξ
2776 757 3003 818 Ἰουλίας
3049 758 3143 810 καὶ
3192 755 3288 809 τοῦ
3337 754 3683 824 Ἀγρίππου.

2091 849 2196 901 Τὸν
2243 849 2302 904 δὲ
2359 851 2702 920 Γερμανικὸν
2755 851 2877 904 λίαν
2925 853 3196 920 ἐφοϐεῖτο.
3241 851 3584 922 Ἔοορύϐησε
3628 850 3688 903 δέ

2091 943 2184 996 καὶ
2211 941 2274 996 τὸ
2305 944 2362 995 ἐν
2385 947 2451 1014 τῇ
2491 943 2761 1016 Παννονίᾳ
2789 946 3142 1013 στράτευμα,
3163 945 3238 1008 ὡς
3271 945 3365 996 καὶ
3401 944 3554 997 κατά
3587 941 3685 995 τοῦ

2090 1033 2350 1102 ἄρχοντος
2384 1033 2566 1088 αὐτῶν
2593 1035 2861 1106 ὁρμῆσαι.
2891 1031 3021 1088 Εἶτα
3054 1034 3282 1088 καὶτῶν
3312 1034 3686 1103 θρασυτέρων

2094 1126 2187 1178 καὶ
2223 1126 2569 1195 πρωταιτίων
2599 1127 2996 1188 κολασθέντων,
3026 1128 3378 1197 κατέστησαν
3402 1128 3458 1178 οἱ
3481 1125 3687 1178 λοιποί.

2092 1219 2155 1271 Οἱ
2183 1217 2242 1272 δὲ
2277 1221 2335 1272 ἐν
2360 1221 2426 1289 τῇ
2458 1219 2740 1290 Γερμανίᾳ
2765 1220 2854 1272 τόν
2880 1237 2939 1273 τε
2972 1220 3231 1288 Τιϐέριον
3259 1219 3688 1289 κατηγόρησαν,

2093 1313 2185 1363 καὶ
2244 1311 2339 1365 τδν
2422 1312 2763 1381 Γερμανικὸν
2849 1313 3193 1367 ἐπεκάλεσαν
3272 1315 3688 1382 αὐτοκράτορα.

2106 1403 2349 1456 Ἐκείνου
2380 1403 2436 1456 δέ
2470 1401 2532 1455 τὸ
2579 1403 2730 1471 ξίφος
2766 1407 3149 1472 σπασαμένου,
3183 1405 3259 1465 ὠς
3289 1405 3485 1456 ἑαυτὸν
3523 1407 3689 1457 ἀναι-

2098 1495 2378 1564 ρήσοντοςν
2410 1488 2491 1557 εἷς
2535 1512 2620 1556 τις
2649 1495 2758 1546 τῶν
2802 1496 3153 1564 στρατιωτῶν
3184 1496 3243 1547 τὸ
3283 1495 3483 1548 ἑαυτοῦ
3529 1496 3689 1560 ξίφος

2093 1588 2404 1651 ἀνατείνας,
2446 1585 2646 1650 Τοῦτο,
2674 1586 2802 1656 ἔφη,
2835 1588 3001 1648 λάϐε,
3027 1589 3317 1657 ὀξύτερον
3343 1590 3458 1656 γάρ
3487 1590 3690 1642 ἐστιν.

2107 1679 2167 1731 ’0
2195 1678 2288 1732 οὖν
2320 1679 2660 1748 Γερμανικὸς
2686 1679 2782 1732 τοῦ
2832 1682 3043 1732 κτεῖναι
3078 1682 3177 1748 μὲν
3207 1681 3400 1733 ἐαυτὸν
3437 1681 3688 1748 insola-

2096 1791 2178 1835 το,
2209 1773 2297 1826 ἵνα
2340 1775 2415 1842 μὴ
2452 1774 2652 1842 μᾶλλον
2687 1775 3047 1828 στασιάσωσι.
3088 1775 3398 1844 Γράμματα
3433 1775 3488 1827 δὲ
3523 1775 3606 1830 ὡς
3629 1777 3694 1827 ἐκ

2094 1864 2190 1918 τοῦ
2215 1865 2468 1935 Τιϐερίου
2502 1865 2822 1935 πεμφθέντα
2848 1866 3219 1935 πλασάμενος,
3255 1865 3469 1933 δωρεὰς
3491 1867 3692 1926 αὐτοῖς

2093 1957 2304 2010 διδόντα
2353 1957 2450 2011 καὶ
2489 1957 2624 2011 ἄλλα
2674 1957 2795 2009 τινὰ
2856 1957 3265 2026 ὐπισχνούμενα
3319 1957 3420 2026 τὴν
3482 1960 3686 2009 στάσιν

2095 2050 2218 2102 τότε
2268 2049 2638 2102 κατέπαυσεν.
2687 2049 2957 2118 Ὕστερον
3002 2049 3056 2100 δὲ
3107 2049 3466 2118 πρεσϐευτῶν
3533 2050 3694 2118 παρᾶ

2098 2140 2191 2193 τοῦ
2236 2139 2488 2211 Τιϐερίου
2526 2140 2916 2209 πεμφθέντων,
2945 2140 3167 2207 γνόντες
3218 2139 3278 2193 τὸ
3326 2141 3420 2193 τοῦ
3463 2141 3686 2210 Γερμαο

2098 2232 2252 2286 νικοῦ
2278 2233 2664 2302 στρατήγημα,
2682 2235 2775 2286 καὶ
2801 2233 3244 2295 ὑποπτεύσαντες
3263 2234 3390 2295 τούς
3419 2234 3697 2303 πρέσϐεις

2101 2324 2512 2394 ἀνατρέψοντας
2558 2326 2714 2395 ἣκειν
2763 2325 2831 2378 τὰ
2875 2325 2966 2377 ὐπ’
3003 2325 3219 2377 ἐκείνου
3267 2325 3691 2396 ἐπηγγελμένα,

2101 2412 2446 2483 ἐθορύϐησαν
2492 2410 2668 2477 αὖθις,
2701 2417 2794 2468 καὶ
2826 2412 2970 2467 κατὰ
2999 2416 3108 2467 τῶν
3156 2414 3444 2485 πρέσϐεων
3483 2414 3691 2485 ὥρμη-

2103 2523 2202 2560 σαν
2223 2522 2236 2535 ’
2279 2507 2374 2560 καὶ
2403 2507 2502 2576 τὴν
2528 2505 2620 2559 τοῦ
2665 2505 3008 2574 Γερμανικοῦ
3036 2494 3277 2574 γυναῖκα
3314 2509 3413 2576 τὴν
3456 2507 3694 2574 ’Δγριπ-

2098 2598 2282 2660 πίναν,
2318 2597 2418 2665 τῆς
2469 2595 2564 2648 τοῦ
2615 2597 2894 2663 Καίσαρος
2947 2595 3218 2664 (θυγατρὸς
3273 2599 3374 2666 τῆς
3449 2597 3693 2658 Ἰουλίας

2104 2688 2197 2740 καὶ
2222 2687 2316 2738 τοῦ
2363 2685 2669 2755 ’Λγρίππου
2703 2687 2866 2739 παῖδα
2892 2690 3206 2754 γεγονυῖαν,
3235 2687 3558 2751 συνέλαϐον,
3599 2690 3693 2740 καὶ

2101 2779 2193 2830 τὸν
2246 2778 2359 2832 υἱὸν
2410 2778 2576 2831 αὐτοῦ
2631 2778 2828 2832 Γάϊονο
2876 2779 2971 2830 καὶ
3021 2779 3121 2848 τὴν
3174 2780 3271 2848 μὲν
3315 2780 3696 2850 Ἀγριππίναν

2104 2871 2383 2940 ἐγκύμονα
2432 2867 2598 2924 οὖσαν
2645 2871 2864 2939 ἀφῆκαν
2924 2870 3097 2938 αὐτῷ,
3179 2875 3433 2940 κατεῖχον
3486 2871 3546 2924 δὲ
3605 2875 3693 2924 τίω.

2106 2962 2242 3016 υἱόν.
2287 2963 2374 3026 Ὠς
2419 2963 2466 3016 δ’
2511 2963 2664 3015 οὐδὲν
2707 2963 2887 3032 ἤνυον,
2917 2961 3198 3031 ἡσύχασαν
3234 2965 3324 3016 καὶ
3358 2964 3545 3018 αὐτοί.
3585 2966 3697 3018 Καὶ

423 3056 664 3103 ratorem
695 3064 753 3104 se
780 3049 1042 3118 appellari
1068 3049 1261 3104 voluit.
1313 3049 1496 3105 Czesar
1545 3061 1756 3105 tantum
1786 3060 1841 3106 et
1869 3051 2002 3106 Ger-

2106 3056 2132 3106 ὁ
2171 3053 2268 3123 μὲν
2309 3053 2607 3122 δυνάμενος
2660 3054 2758 3123 τὴν
2815 3045 3193 3123 αὐτοκράτορα
3251 3054 3438 3106 λαϐεῖν
3485 3055 3696 3124 ἀρχὴν,

425 3141 697 3202 manicas,
743 3151 799 3195 et
845 3142 1102 3212 princeps
1126 3152 1352 3197 senatus
1384 3136 1775 3197 nominabatur
1807 3162 1820 3198 :
1853 3153 1908 3197 et
1944 3154 2003 3198 ut

424 3235 694 3303 tantisper
717 3246 773 3288 et
802 3236 1011 3289 viveret
1034 3245 1090 3290 et
1120 3236 1414 3304 imperaret
1444 3236 1687 3298 optabat,
1720 3236 1849 3290 dum
1879 3253 2004 3306 pro-

423 3327 608 3382 desset
655 3327 814 3399 ⁸47
865 3328 1201 3398 reipublicae.
1262 3330 1321 3382 In
1352 3328 1517 3382 rebus
1547 3328 1804 3382 omnibus
1836 3345 2006 3397 popu-

424 3420 558 3474 laris
601 3434 722 3476 esse
747 3422 1042 3476 studebat:
1083 3431 1136 3475 et
1176 3422 1505 3492 paucissima
1541 3422 1593 3476 in
1645 3422 2003 3491 semetipsum

426 3512 733 3578 insumens,
765 3531 992 3584 magnos
1033 3525 1286 3585 sumptus
1317 3515 1534 3584 publice
1577 3513 1834 3569 faciebat.
1871 3515 2006 3569 Rui-

429 3621 560 3660 nosa
589 3606 820 3661 aediﬁcia
878 3609 1221 3663 instaurabat
1251 3618 1306 3664 et
1336 3609 1658 3673 adornabat,
1700 3609 2005 3679 primorum

427 3700 778 3754 conditorum
835 3702 1152 3755 nominibus
1197 3703 1502 3773 inscriptis,
1570 3703 1889 3758 civitatibus
1949 3715 2006 3759 et

432 3793 669 3861 privatis
695 3792 1012 3846 hominibus
1036 3809 1192 3863 opem
1222 3794 1454 3856 ferehat,
1489 3806 1544 3850 et
1571 3795 1771 3849 multos
1795 3795 2008 3850 ordinis

429 3884 692 3938 senatorii
715 3884 780 3938 ad
806 3895 1104 3953 egestatem
1131 3885 1379 3942 redactos
1398 3888 1520 3940 locu
1529 3887 1770 3956 pletahat
1792 3903 2008 3957 :ezeque

432 3976 749 4044 largitiones
797 3978 985 4032 statim
1030 3979 1148 4048 ipso
1193 3979 1417 4034 vidente
1447 3979 1902 4043 numerabantur,
1939 3996 2006 4034 ne

433 4067 561 4136 quid
603 4065 750 4132 inde,
786 4076 846 4121 ut
875 4069 978 4122 sub
1008 4060 1253 4140 Augusto
1286 4069 1488 4124 factum
1524 4071 1870 4135 meminerat,
1913 4087 2008 4140 per

433 4160 846 4228 dispensatores
875 4161 1326 4217 subtraheretur.
1361 4161 1614 4216 Pecuniae
1641 4178 1805 4216 causa
1837 4162 2010 4215 nemi-

434 4266 559 4304 nem
603 4251 892 4306 occidebat
941 4268 1117 4321 neque
1147 4252 1287 4306 bona
1326 4262 1438 4307 tum
1475 4255 1800 4322 cujusquam
1832 4251 2011 4320 puhli-

433 4343 616 4407 c-abat,
663 4361 840 4414 neque
900 4346 1042 4400 ultra
1101 4346 1459 4400 constitutum
1493 4345 1792 4415 quidquam
1829 4345 2011 4412 exige-

2111 3145 2211 3197 οὐκ
2257 3144 2523 3214 ἠθέλησεν
2549 3161 2564 3177 ο
2605 3146 2634 3196 ὀ
2668 3144 2720 3196 δὲ
2774 3143 3025 3214 Τιϐέριος
3067 3144 3210 3197 κατά
3260 3145 3358 3215 μὲν
3388 3146 3449 3197 τὸ
3499 3148 3696 3213 φαινό-

2116 3252 2274 3304 μενον
2316 3236 2506 3306 ἐπῄνει
2539 3237 2702 3290 αὐτὸν
2751 3236 2901 3305 παρά
2932 3239 2996 3307 τῇ
3026 3236 3212 3310 βουλῇ.
3247 3237 3377 3308 παρ’
3417 3239 3607 3310 ἐαυτῷ
3638 3241 3694 3294 δὲ

2112 3329 2208 3382 καὶ
2262 3329 2383 3382 λίαν
2431 3327 2745 3391 ὑπώπτευε,
2807 3331 2902 3382 καὶ
2945 3331 3136 3384 ἐδεδίει
3193 3331 3356 3384 αὐτὸν
3407 3333 3488 3395 ὡς
3536 3334 3697 3400 ἐγκεο

2113 3420 2458 3490 χειρισμένον
2489 3422 2899 3489 στρατεύματα.
2932 3423 3020 3484 Ὠς
3049 3423 3094 3476 δ’
3119 3423 3270 3476 οὐδὲν
3305 3425 3387 3478 ἔτι
3421 3424 3699 3496 νεώτερον

2114 3513 2450 3581 ὴγγέλλετο,
2485 3514 2585 3585 τὴν
2646 3514 2820 3584 ἀρχὴν
2869 3515 3054 3568 οὐκέτι
3103 3517 3534 3586 εἰρωνευόμενος
3591 3520 3698 3570 ὑπο

2114 3606 2356 3672 εδέξατο.
2384 3608 2490 3660 Καὶ
2525 3608 2716 3678 μέχρις
2741 3611 2770 3662 ὁ
2799 3610 3132 3678 Γερμανικὸς
3154 3613 3371 3681 περιῆν,
3391 3612 3546 3665 οὐδὲν
3576 3612 3698 3665 καθ’

2115 3699 2308 3754 ἐαυτὸν
2358 3699 2650 3770 ἔπραττεν,
2685 3700 2823 3753 ἀλλά
2869 3702 3051 3754 πάντα
3105 3705 3186 3764 εἰς
3237 3706 3336 3772 τὴν
3393 3711 3697 3773 γερουσίαν

2115 3793 2391 3862 εἰσέφερε,
2420 3792 2517 3844 καὶ
2542 3791 2663 3844 οὐδέ
2691 3792 3058 3862 αὐτοκράτωρ
3082 3793 3368 3846 καλεῖσθαι
3402 3797 3566 3866 παρὰ
3605 3814 3697 3849 του

2114 3883 2352 3952 ἢμόνων
2409 3881 2520 3934 τῶν
2577 3883 2928 3952 στρατιωτῶν
2985 3883 3162 3952 ἠξίου.
3213 3885 3431 3953 Καῖσαρ
3487 3886 3545 3938 δὲ
3607 3889 3698 3938 καὶ

2117 3975 2452 4044 Γερμανικὸς
2503 3975 2599 4028 καὶ
2631 3974 2929 4045 πρόκριτος
2979 3978 3074 4045 τῆς
3127 3979 3422 4046 γερουσίας
3475 3980 3700 4049 ὠνομά-

2116 4065 2259 4128 ζετο,
2288 4064 2487 4136 ηὔχετό
2516 4082 2575 4119 τε
2603 4069 2859 4119 τοσοῦτον
2886 4067 2977 4121 καὶ
3008 4067 3172 4138 ἄρξαι
3215 4071 3310 4122 καὶ
3351 4069 3519 4138 ζῆσαι
3558 4074 3693 4141 χρό-

2116 4175 2222 4219 νον,
2259 4158 2382 4220 ὅσος
2423 4158 2489 4211 ἂν
2529 4159 2605 4228 τῷ
2651 4158 2897 4229 δημοσίῳ
2945 4165 3203 4232 συμφέρῃ
3234 4177 3246 4190 ·
3299 4162 3392 4212 καὶ
3427 4162 3518 4214 διὰ
3561 4166 3697 4218 παν.

2114 4266 2221 4300 των
2278 4249 2571 4318 δημοτικὸς
2618 4250 2797 4303 δοκεῖν
2853 4249 3108 4317 ἔσπευδε,
3161 4252 3255 4304 καὶ
3294 4251 3561 4322 ἐλάχιστα
3616 4257 3696 4318 είς

2118 4341 2310 4392 ἑαυτὸν
2359 4339 2637 4406 δαπανῶν,
2686 4341 2916 4395 πλεῖστα
2974 4344 3032 4405 ἐς
3083 4345 3144 4395 τὸ
3180 4344 3364 4395 κοινὸν
3409 4347 3697 4415 ἀνήλισκε.

436 4436 550 4491 bat.
590 4435 814 4491 Emilio
854 4449 1026 4499 certe.
1055 4438 1148 4508 qui
1194 4439 1319 4508 plus
1364 4439 1610 4507 pecunia:
1663 4453 1824 4506 quam
1859 4437 2002 4490 ordi-

2117 4433 2196 4484 Τὰ
2238 4431 2588 4500 πεπονηκότα
2635 4449 2693 4484 τε
2743 4435 2991 4502 ἀνορθῶν
3046 4436 3144 4488 καὶ
3198 4438 3544 4506 ἐπικοσμῶν,
3596 4444 3693 4503 τὰς

435 4538 624 4584 natum
649 4537 787 4588 erat,
826 4531 1071 4593 miserat,
1120 4530 1426 4599 rescripsit,
1477 4545 1536 4584 se
1563 4545 1694 4584 oves
1721 4546 1848 4585 suas
1885 4539 2009 4583 ton-

436 4622 554 4675 deri
602 4623 765 4689 velle,
818 4639 924 4677 non
980 4624 1222 4693 deglubi.
1278 4625 1412 4679 Erat
1451 4632 1507 4678 et
1537 4623 1689 4678 aditu
1723 4623 1920 4680 facilis.
1954 4631 2011 4676 et

436 4712 714 4768 aﬂ‘abilis:
764 4717 1115 4783 magistratus
1173 4726 1431 4786 tanquam
1493 4716 1546 4770 in
1583 4715 1756 4770 libera
1792 4714 2010 4770 civitate

436 4807 676 4871 colebat,
737 4809 1059 4863 consulibus
1111 4808 1469 4878 assurgebat:
1522 4809 1826 4862 amicorum
1873 4821 2012 4860 con-

436 4898 760 4963 suetudine,
813 4915 969 4968 aeque
1022 4909 1081 4954 ut
1130 4899 1374 4968 privatus
1419 4900 1666 4964 fecerat,
1714 4897 2010 4952 utebatur:

437 4997 767 5055 :egrotantes
811 4988 1104 5051 invisebat,
1157 4990 1311 5044 nullo
1367 4989 1664 5045 satellitum
1722 4987 2009 5041 comitatu.

439 5081 506 5136 Et
544 5081 782 5150 quodam
813 5097 876 5136 ex
927 5081 1008 5136 eis
1059 5081 1344 5147 defuncto,
1389 5081 1674 5136 funebrem
1708 5079 2012 5133 orationem

440 5173 558 5243 ipse
590 5174 865 5229 recitavit.
927 5176 1153 5231 Matrem
1190 5176 1399 5230 Liviam
1441 5192 1566 5245 erga
1595 5188 1788 5228 omnes
1820 5171 2015 5227 eodem

438 5284 498 5322 se
531 5283 724 5340 gerere
769 5269 932 5324 modo
970 5270 1154 5340 jussit.
1209 5270 1302 5323 Illa
1341 5285 1473 5322 vero
1507 5281 1764 5336 magnum
1814 5264 2014 5319 fastum

441 5377 554 5428 pm
583 5376 642 5415 se
672 5359 878 5425 ferens,
914 5361 967 5416 in
997 5362 1204 5417 Tiberii
1236 5359 1486 5430 epistolis
1506 5358 1573 5412 ad
1610 5369 1826 5426 tempus
1851 5354 2021 5410 ascri-

443 5453 700 5518 hebalur,
743 5465 908 5524 atque
961 5454 1100 5509 adeo
1146 5468 1246 5524 pro
1303 5452 1538 5522 imperio
1587 5466 1645 5505 se
1677 5450 1925 5521 gerebat,
1959 5455 2021 5500 ut

445 5561 553 5598 non
583 5560 649 5598 ex
685 5561 842 5615 aequo
872 5562 998 5601 cum
1034 5546 1128 5600 illo
1158 5546 1454 5614 imperare,
1495 5543 1591 5598 sed
1626 5541 1853 5596 meliore
1883 5552 2019 5593 con-

445 5635 657 5689 ditione
699 5653 821 5691 esse
864 5638 1070 5690 vellet:
1107 5651 1165 5690 se
1199 5635 1354 5689 illum
1390 5633 1586 5688 fecisse
1633 5632 2019 5698 imperatorem

449 5729 710 5785 elorians.
735 5728 892 5790 Quod
917 5728 1177 5784 Tiberius
1199 5726 1475 5789 urincioio
1491 5742 1629 5789 mare
1653 5724 1796 5789 tulit,
1822 5721 2022 5777 deinde

2111 4523 2222 4575 τῶν
2280 4523 2518 4592 ἀρχῆθεν
2587 4524 3061 4595 οἰκοδομησάντων
3119 4527 3257 4581 αὐτᾶ
3318 4530 3545 4600 κλήσεις
3601 4534 3697 4583 ἐπ-

2113 4615 2323 4684 έγραφε
2359 4618 2534 4682 σφίσι,
2573 4615 2670 4667 καὶ
2714 4616 2904 4669 πόλεσι
2937 4620 3030 4671 καὶ
3050 4619 3286 4682 ἰδιώταις
3315 4621 3574 4690 ἐπήρκει,
3609 4626 3701 4675 καὶ

2112 4707 2220 4760 τῶν
2251 4705 2558 4776 βουλευτῶν
2592 4708 2824 4777 συχνοὺς
2878 4713 3214 4779 πενομένους
3246 4713 3566 4779 ἐπλούτισε,
3605 4717 3699 4769 καί

2113 4799 2180 4850 τὰ
2205 4797 2529 4868 δωρούμενα
2555 4799 2718 4860 εὐθὺς
2759 4799 2994 4870 ὁρῶντος
3044 4803 3210 4856 αὐτοῦ
3257 4804 3576 4873 ἠριθμεῖτο,
3611 4807 3697 4860 ἵνα

2121 4890 2195 4958 μὴ
2235 4889 2284 4941 οἱ
2319 4889 2545 4959 δοτῆρες
2582 4891 2951 4960 νοσφίζωνταί
2995 4911 3048 4946 τι
3094 4896 3296 4956 αὐτῶν,
3330 4896 3494 4960 εἰδὼς
3545 4898 3702 4951 τοῦτο

2115 4982 2209 5032 ἐπὶ
2237 4981 2334 5033 τοῦ
2375 4983 2690 5048 Αὐγούστου
2730 4985 3040 5053 γινόμενον.
3071 4988 3182 5039 Καὶ
3235 4987 3362 5041 οὐτε
3395 4990 3697 5045 ἀπέκτεινέ

2115 5091 2236 5126 τινα
2264 5073 2352 5126 διὰ
2374 5076 2654 5145 χρήματα,
2681 5076 2794 5130 οὐτ’
2819 5077 3009 5131 οὐσίαν
3043 5080 3166 5133 τότε
3217 5081 3524 5152 ἐδήμευσεν
3579 5084 3700 5136 οὐδ-

2123 5163 2267 5225 ενὸς,
2302 5164 2412 5218 οὐδ’
2432 5166 2535 5231 ἔξω
2567 5183 2618 5219 τι
2647 5167 2756 5220 τῶν
2789 5171 3196 5240 νενομισμένων
3232 5173 3697 5243 ἠργυρολόγησεν.

2117 5255 2351 5326 Αἰμιλίῳ
2379 5256 2510 5324 γοῦν
2555 5261 2819 5328 χρήματα
2851 5261 3023 5314 πλείω
3065 5263 3218 5332 παρὰ
3244 5265 3305 5315 τὸ
3333 5264 3700 5334 διατεταγμέ-

2119 5366 2207 5401 νον
2269 5349 2549 5419 πέμψαντι
2605 5351 3042 5416 ἀντεπέστειλεν,
3097 5354 3178 5407 ὅτι
3235 5355 3544 5425 Κείρεσθαί
3601 5373 3699 5426 μου

2120 5442 2188 5492 τὰ
2212 5441 2488 5509 πρόϐατα.
2526 5441 2644 5493 ἀλλ’
2684 5443 2788 5495 οὐκ
2844 5443 3226 5513 ἀποξυρᾶσοαι
3268 5446 3562 5517 βούλομαι.
3597 5448 3701 5500 Καὶ

2123 5534 2448 5604 εὐπρόσοδος
2487 5535 2580 5586 καὶ
2612 5535 3022 5604 εὐπροσήγορος
3052 5533 3140 5607 ἦν.
3178 5539 3318 5600 Τούς
3345 5557 3404 5592 τε
3431 5542 3698 5608 ἄρχοντας

2124 5627 2198 5687 ὡς
2248 5629 2304 5678 ἐν
2357 5627 2702 5696 δημοκρατία
2753 5627 2939 5695 ἐτίμα,
2974 5631 3067 5682 καὶ
3103 5635 3214 5693 τοῖς
3240 5632 3467 5693 ὑπάτοις
3533 5633 3699 5682 ὐπανο

2130 5721 2332 5774 ἕστατο.
2378 5721 2484 5772 Καὶ
2534 5722 2642 5783 τοῖς
2688 5721 2923 5791 ἑταίροις
2972 5723 3046 5786 ὡς
3113 5725 3171 5778 ἐν
3239 5725 3478 5779 ίδιωτεία
3513 5723 3693 5788 συνῆν.
