3976 6204
308 307 423 370 925

1591 314 1996 375 ANNALIUM
2038 317 2184 378 LIB.
2223 319 2329 379 XI.

3365 311 3380 328 '
3485 325 3591 386 926

307 421 629 486 Νοσοῦντάς
701 439 762 474 τε
822 422 1222 488 ἐπεσκέπτετο,
1303 425 1579 495 μηδεμίαν
1651 427 1896 499 φρουρὰν

2004 442 2126 482 eam
2152 445 2180 482 a
2216 428 2535 499 reipublicae
2563 428 3141 485 administrationibus
3170 441 3460 494 remotam.
3491 433 3590 486 do-

306 515 682 585 ἐπαγόμενος.
715 514 828 568 Καὶ
872 514 967 567 ἐπί
1009 532 1118 568 τινι
1157 515 1341 570 αὐτῶν
1368 518 1758 588 τελευτήσαντι
1799 519 1900 572 αὖ·

306 611 405 672 τὸς
453 611 669 678 ἀνέγνω
718 611 811 665 τὸν
854 611 1191 681 ἐπιτάφιον·
1242 611 1336 665 καὶ
1387 612 1490 680 τὴν
1539 613 1758 684 μητέρα
1798 614 1898 680 τὴν

306 702 510 755 Λιϐίαν
535 701 740 767 δμοίως
769 702 1175 774 προσφέρεσθαι
1209 705 1380 757 πᾶσιν
1411 703 1687 758 ἐκέλευεν.
1740 705 1806 757 Ἦ
1835 705 1892 758 δέ

304 792 454 846 πάνυ
476 791 728 859 ὥγκωτο,
754 793 849 845 καὶ⁸
878 793 936 845 αἱ
969 792 1064 846 τοῦ
1099 792 1353 863 Τιϐερίου
1385 792 1670 846 ἐπιστολαὶ
1699 793 1892 864 χρόνον

305 884 434 938 τινὰ
463 884 558 938 καὶ
595 883 658 937 τὸ
700 884 918 952 ἐκείνης
943 885 1114 955 ὄνομα
1144 880 1312 954 εἷχον,
1342 885 1412 939 τά
1443 900 1502 937 τε
1532 883 1668 938 ἄλλα
1715 886 1896 940 πάντα

303 977 387 1041 ὡς
432 978 782 1049 αύωρχοῦσα
825 978 1050 1032 διοικεῖν
1077 977 1383 1049 ἐπεχείρειο
1425 977 1520 1030 καὶ
1562 978 1664 1032 οὐκ
1693 978 1753 1043 ἐξ
1782 978 1897 1031 ῐσου

306 1070 526 1140 ἄρχειν,
582 1071 720 1124 ἀλλὰ
768 1069 861 1122 καὶ
891 1069 1219 1140 πρεσϐεύειν
1263 1070 1430 1123 αὐτοῦ
1487 1068 1698 1139 ἢθελεν,
1746 1071 1884 1142 αὐτὴ

307 1163 536 1232 ποιῆσαι
581 1161 828 1232 αύχοῦσα
851 1161 1016 1214 αὑτὸν
1062 1161 1466 1231 αὐτοκράτορα.
1507 1160 1565 1215 '0
1595 1162 1653 1214 δὲ
1695 1162 1894 1232 ἤχθετο

305 1252 529 1315 πρῶτον
555 1253 716 1324 αὐτῇ,
741 1251 858 1306 εἶτα
884 1252 994 1306 τῶν
1023 1251 1123 1322 μὲν
1154 1254 1434 1324 δημοσίων
1461 1253 1633 1324 αὐτὴν
1662 1253 1892 1318 ἔπαυσε,

2008 523 2234 576 mestiea
2284 523 2501 592 negotia
2535 537 2734 578 curare
2777 523 2926 576 sivit.
2965 522 3035 577 Ut
3067 539 3198 577 vero
3239 523 3294 577 in
3324 523 3391 577 iis
3420 525 3586 578 etiam

2005 613 2237 667 molesta
2270 624 2412 677 erat,
2460 629 2690 684 peregre
2733 615 2890 680 abiit,
2946 625 3006 669 ut
3044 615 3111 669 ab
3139 631 3204 669 ea
3232 614 3472 669 abesset.
3504 615 3584 669 Ad

2007 712 2224 774 tempus
2263 705 2670 760 modestissime
2719 708 2878 768 vixit,
2933 715 2990 762 et
3023 708 3255 762 aliorum
3316 706 3589 762 immode-

2006 796 2166 850 stiam
2233 797 2414 866 pinnis
2459 798 2724 853 coercuit.
2765 800 3000 854 Drusum
3025 815 3245 869 quoque
3298 798 3471 853 lilium
3520 813 3587 852 ex

2007 887 2192 955 priore
2225 903 2396 942 uxore
2445 887 2745 957 Agrippina
2795 900 3138 958 susceptum,
3190 889 3261 943 ob
3293 889 3562 944 crudelita

2006 987 2114 1032 tem
2147 986 2203 1032 et
2247 978 2524 1032 lasciviam
2572 981 2902 1049 objurgavit,
2940 992 2996 1035 et
3055 984 3183 1035 odio
3223 981 3456 1036 habuit:
3495 981 3585 1038 cui

2005 1071 2302 1140 aliquando
2333 1072 2470 1125 dixit
2497 1089 2510 1125 :
2581 1071 2664 1125 Me
2695 1075 2810 1126 vivo
2843 1090 3006 1144 neque
3041 1090 3133 1142 per
3163 1076 3265 1128 vim
3303 1091 3467 1143 neque
3493 1092 3586 1144 per

2005 1161 2382 1215 contumeliam
2432 1163 2722 1231 quidquam
2765 1164 2969 1232 feceris.
3023 1162 3117 1218 Sin
3171 1165 3374 1232 feceris,
3408 1181 3471 1216 ue
3497 1165 3587 1216 de-

2005 1253 2184 1323 functo
2219 1251 2427 1320 quidem
2473 1268 2552 1305 me
2578 1253 2814 1320 facturus
2848 1270 2920 1306 es.

303 1343 376 1396 τὰ
422 1343 469 1396 δ’
511 1342 652 1398 οίκοι
698 1344 924 1398 διοικεῖν
951 1344 1186 1413 ἀφῆκεν.
1237 1343 1326 1407 Ὠς
1350 1346 1406 1399 δὲ
1441 1350 1544 1400 κᾶν
1611 1345 1823 1410 τούτοις
1889 1341 1957 1414 ἦν
1997 1345 2267 1415 ἐπαχθὴς,
2319 1347 2612 1416 ἀπεδήμει,
2657 1349 2750 1399 καὶ
2808 1347 2979 1414 αὐτῆς
3039 1347 3310 1410 ἐξίστατο,
3374 1362 3586 1418 σωφρο·

302 1436 539 1490 νέστατά
581 1455 640 1490 τε
675 1439 865 1506 χρόνον
894 1439 1016 1492 τινὰ
1061 1439 1242 1507 διῆγε,
1273 1439 1368 1492 καὶ
1431 1439 1626 1500 ἄλλους
1693 1437 1739 1490 δ’
1803 1439 2062 1502 ἐκόλαζεν
2107 1437 2556 1506 ἀσελγαίνοντας.
2606 1440 2717 1492 Καὶ
2756 1440 2833 1506 τῷ
2895 1437 3118 1508 Δρούσῳ
3155 1440 3211 1492 δὲ
3247 1438 3326 1509 τῷ
3363 1441 3490 1508 υίῷ,
3524 1441 3584 1494 ὃν

305 1530 372 1594 ἐξ
447 1530 815 1598 Ἀγριππίνης
882 1531 983 1600 τῆς
1056 1531 1328 1601 προτέρας
1398 1531 1564 1585 αὐτοῦ
1631 1531 1892 1598 γυναικὸς
1931 1531 2153 1602 ἔσχηκε,
2201 1533 2294 1584 καὶ
2341 1533 2562 1598 ἀσελγεῖ
2627 1532 2948 1602 τυγχάνοντι
3000 1534 3095 1586 καὶ
3124 1531 3284 1601 ὠμῷ,
3345 1534 3587 1599 ἐπετίμα

308 1627 406 1679 καὶ
459 1628 677 1698 ήχθετο,
735 1629 844 1680 Καί
903 1645 1034 1681 ποτε
1090 1626 1241 1696 αὐτῷ
1281 1624 1460 1694 εἶπεν,
1517 1629 1600 1679 ὃτι
1655 1627 1892 1690 Ζῶντος.
1960 1626 2107 1694 ἐμοῦ
2163 1627 2302 1680 οὔτε
2357 1627 2566 1691 βίαιον
2623 1625 2748 1679 οὔθ’
2805 1627 3154 1694 ὑϐριστικόν
3206 1642 3260 1680 τι
3312 1627 3580 1693 πράξεις-

312 1722 431 1777 'Ar
453 1721 520 1776 δέ
540 1739 596 1775 τι
624 1720 720 1774 καὶ
752 1719 1078 1790 τολμήσῃς,
1123 1720 1266 1774 οὐδὲ
1296 1720 1799 1785 τελευτήσαντος.

381 1817 457 1870 B'.
504 1814 663 1868 Οὕτω
700 1815 876 1868 ταῦτα
921 1816 1018 1868 καὶ
1063 1815 1234 1869 τᾶλλα
1271 1815 1465 1886 μέχρις
1494 1815 1521 1866 6
1550 1812 1892 1883 Γερμανικὸς

2064 1810 2129 1864 ll.
2195 1808 2318 1863 Hinc
2376 1816 2432 1860 et.
2483 1808 2568 1862 his
2619 1807 2820 1861 similia
2861 1847 2876 1871 ,

307 1908 406 1979 ἔζη
439 1909 633 1962 ἐποίει.
666 1908 822 1962 Μετᾶ
853 1909 908 1961 δὲ
934 1907 1094 1961 τοῦτο
1122 1909 1294 1977 συχνὰ
1321 1907 1529 1960 τούτων
1561 1905 1886 1976 μετήλλαξε.

305 2001 492 2071 Μήπω
520 2000 631 2070 γὰρ
660 1999 770 2053 τῶν
801 2001 953 2068 παρὰ
995 1999 1091 2052 τοῦ
1136 1999 1450 2068 Αὐγούστου
1493 1999 1570 2069 τῷ
1601 1999 1761 2068 δήμῳ
1791 2015 1890 2050 κα-

303 2091 746 2162 ταλελειγμένων
775 2093 1062 2156 δοθέντων,
1097 2094 1222 2145 ἐπεὶ
1269 2094 1463 2164 νεκρὸς
1496 2091 1586 2144 διὰ
1617 2091 1717 2158 τῆς
1757 2093 1885 2156 ἀγο-

309 2184 414 2252 ρᾶς
442 2182 756 2254 ἐξεφέρετο,
788 2185 881 2237 καὶ
912 2183 1230 2254 προσελθών
1261 2201 1347 2247 τις
1396 2186 1476 2246 εἰς
1522 2183 1585 2235 τὸ
1618 2181 1710 2244 οὓς
1742 2181 1892 2251 αύτῷ

306 2273 615 2344 ἐψιθύρισε,
638 2275 731 2328 καὶ
758 2274 1057 2345 ἐρωτηθεὶς
1084 2275 1108 2327 ὃ
1136 2291 1191 2327 τι
1217 2276 1462 2345 εἴρηκεν,
1482 2275 1890 2335 Ἐντετάλθαι,

307 2367 414 2437 ἔφη
445 2366 525 2432 τῷ
547 2368 876 2436 Αὐγούστῳ
912 2368 1105 2421 εἰπεῖν
1133 2367 1222 2422 ὅτι
1258 2367 1492 2421 οὐδέπω
1541 2365 1725 2420 οὐδὲν
1758 2366 1892 2419 ἐκο-

302 2462 572 2529 μίσαντο
596 2477 610 2492 υ
637 2461 729 2512 τὸν
768 2459 866 2526 μὲν
906 2460 1106 2514 αὐτίκα
1156 2460 1472 2525 ἀπέκτεινε,
1506 2462 1601 2512 καὶ
1634 2454 1790 2511 εἶπεν
1817 2459 1893 2520 ὡς

307 2551 706 2616 ἐπισκώπτων,
747 2549 862 2604 “Ιν’
903 2550 1273 2620 αὐτάγγελος
1295 2550 1455 2616 αὐτῷ
1486 2552 1747 2621 γένηται·
1778 2551 1893 2610 τοῖς

309 2643 355 2695 δ’
386 2641 573 2706 ἄλλοις
599 2644 669 2695 τὰ
697 2642 1178 2711 καταλελειμμένα
1217 2643 1486 2711 διένειμε.
1528 2642 1634 2694 Τοῦ
1661 2643 1706 2694 δ’
1732 2642 1893 2708 ἐγγό-

312 2752 406 2787 vos
435 2734 624 2801 αὑτοῦ,
652 2734 711 2787 ὃν
741 2737 803 2787 ἐκ
853 2734 947 2787 τοῦ
997 2734 1233 2804 Δρούσου
1262 2731 1398 2804 εἶχε,
1432 2734 1709 2798 θανόντος,
1743 2735 1894 2787 ούδε·

313 2829 446 2898 μιᾶς
473 2829 583 2879 τῶν
612 2827 863 2897 συνήθων
914 2828 1186 2896 ἀπέσχετο
1230 2826 1508 2897 πράξεως,
1543 2827 1618 2896 μὴ
1652 2826 1765 2880 δεῖν
1803 2827 1893 2882 διὰ

309 2921 440 2982 τοὺς
473 2920 788 2989 οἰχομένους
815 2922 887 2971 τὰ
919 2918 1028 2970 τῶν
1059 2917 1301 2982 ζώντων,
1343 2918 1542 2986 λέγων,
1582 2917 1893 2988 προΐεσθαι.

311 3013 549 3084 Κλήμης
580 3011 640 3064 δέ
669 3027 758 3074 τις
794 3011 889 3064 τοῦ
941 3011 1248 3083 Ἀγρίππου
1282 3011 1523 3080 γεγονὼς
1561 3012 1768 3074 δοῦλος,
1801 3013 1896 3066 καὶ

315 3105 662 3179 προσεοικὼς
694 3105 846 3174 αὖτῴ
877 3105 1153 3158 ἐπλάσατο
1181 3104 1348 3169 αὐτὸς
1392 3105 1701 3174 Ἀγρίππας
1731 3101 1892 3158 εἶναι·

312 3201 411 3254 καὶ
456 3201 536 3263 είς
561 3199 662 3270 τὴν
721 3199 992 3252 Γαλατίαν
1054 3197 1260 3260 ἐλθὼν,
1316 3198 1544 3261 πολλοὺς
1601 3199 1700 3268 μὲν
1753 3201 1893 3264 ἐκεῖ,

310 3293 545 3355 πολλοὺς
570 3294 626 3346 δὲ
660 3295 719 3354 ἐν
750 3295 817 3360 τῇ
862 3291 1068 3361 Ἰταλίᾳ
1095 3291 1562 3361 προσεποιήσατο.
1606 3292 1702 3344 καὶ
1737 3292 1896 3356 τέλος

311 3386 409 3440 ἐστὶ
447 3385 558 3456 τὴν
604 3383 825 3452 Ῥώμην
869 3381 1128 3453 ὥρμησεν
1183 3382 1260 3445 ὡς
1293 3382 1390 3453 τὴν
1447 3381 1734 3453 παππῴαν
1768 3400 1897 3452 μον-

313 3477 516 3549 αρχίαν
612 3475 1048 3545 ἀποληψόμενος.
1137 3475 1557 3544 Χειρωσαμενος
1626 3474 1672 3528 δ’
1747 3475 1899 3543 ὅμως

315 3567 485 3620 αὑτὸν
512 3567 540 3618 6
569 3561 824 3634 Τιϐέριος
849 3564 938 3618 διά
964 3579 1128 3616 τινων
1152 3565 1222 3615 τὰ
1246 3564 1460 3617 ἐκείνου
1509 3579 1895 3636 προσποιησα-

324 3659 504 3731 μένων
532 3661 774 3727 φρονεῖν,
807 3659 900 3709 καὶ
946 3657 1246 3726 βασανίσας
1280 3656 1368 3709 ἵνα
1403 3656 1535 3724 περὶ
1566 3657 1898 3724 συνιστόρων

311 3769 369 3806 τι
403 3752 571 3823 μάθῃ,
603 3749 723 3803 ἐπεὶ
759 3750 927 3820 μηδὲν
968 3749 1317 3818 ἐξελάλησεν,
1349 3749 1517 3819 ἤρετο
1557 3747 1742 3808 αὑτὸν,
1775 3747 1898 3810 Πῶς

326 3845 645 3914 ’Δγρίππας
695 3843 913 3910 ἐγένους
952 3843 1042 3894 καὶ
1092 3841 1146 3903 ὃς
1192 3838 1654 3909 ἀπεκρίνατοότι
1699 3837 1899 3904 Οὕτως

317 3937 402 4002 ὡς
441 3935 538 3989 καὶ
589 3935 692 3997 σὺ,
725 3931 980 4000 Καῖσαρ.
1011 3931 1122 4001 Τὴν
1153 3930 1208 3983 δέ
1244 3933 1481 3998 γυναῖκα
1516 3928 1745 3983 Ἰουλίαν
1773 3926 1899 3980 οὔτε

315 4029 676 4099 ἐπανήγαγεν
702 4029 764 4079 ἐκ
797 4025 896 4094 τῆς
921 4025 1220 4095 ὑπερορίας
1253 4025 1319 4094 ἢν
1355 4023 1507 4093 παρὰ
1556 4021 1651 4076 τοῦ
1691 4024 1900 4092 πατρὸς

321 4121 498 4188 αὐτῆς
539 4119 632 4172 τοῦ
678 4116 992 4184 Αὐγούστου
1052 4115 1419 4186 κατεδικάσθη
1461 4114 1531 4168 δι’
1582 4113 1896 4182 ἀσέλγειαν,

320 4215 464 4268 ἀλλὰ
518 4213 612 4265 καὶ
662 4209 1016 4263 κατέκλεισεν
1064 4207 1255 4278 αὐτὴν,
1287 4206 1420 4261 ὥσθ’
1451 4207 1554 4260 ὑπὸ
1596 4207 1898 4276 κακουχίας

319 4309 423 4364 καὶ
471 4305 633 4374 λιμοῦ
666 4304 958 4374 φθαρῆναι.
997 4302 1217 4356 Πολλῶν
1271 4319 1330 4354 τε
1376 4302 1556 4354 αὐτῶν
1601 4300 1898 4365 ἀξιούντων

318 4399 419 4452 τὸν
468 4396 772 4466 Νοέμϐριον
834 4393 1002 4464 μῆνα,
1047 4387 1109 4446 οὗ
1140 4394 1206 4462 τῇ
1242 4391 1376 4462 ἐκτῃ
1410 4393 1502 4444 ἐπὶ
1551 4391 1754 4462 δεκάτῃ
1803 4407 1894 4460 γε·

2931 1807 3174 1876 quandiu
3224 1806 3582 1863 Germanicus

1995 1901 2051 1955 in
2090 1902 2230 1955 vivis
2262 1902 2387 1960 fuit.
2419 1902 2544 1971 egit.
2583 1901 2712 1955 Post
2746 1900 2897 1954 illius
2938 1899 3148 1952 obitum
3189 1899 3360 1952 multa
3395 1914 3464 1953 ex
3497 1897 3584 1952 his

1997 1991 2330 2047 immutavit.
2377 1993 2508 2046 Nam
2554 2008 2677 2048 eum
2711 1991 2913 2060 populo
2945 1990 3177 2058 Augusti
3212 1990 3390 2060 legata
3436 2005 3580 2044 non-

1995 2083 2124 2136 dum
2182 2083 2308 2138 data
2361 2093 2567 2149 essent,
2600 2093 2656 2137 et
2684 2085 2908 2152 quidam
2946 2095 3168 2138 mortuo
3212 2084 3306 2153 qui
3347 2099 3445 2152 per
3495 2084 3582 2138 fo-

1996 2190 2117 2228 rum
2149 2175 2428 2229 ferebatur
2463 2176 2516 2228 in
2557 2190 2750 2228 aurem
2793 2175 3003 2244 aliquid
3035 2178 3467 2238 insusurrasset,
3519 2190 3583 2228 ac

1996 2277 2220 2338 rogatus
2250 2267 2381 2336 quid
2419 2267 2667 2331 dixisset,
2706 2267 3097 2335 respondisset:
3133 2266 3200 2320 Se
3228 2267 3274 2318 ei
3303 2266 3583 2319 mandasse

1996 2372 2055 2413 ut
2088 2362 2324 2431 Augusto
2356 2361 2520 2432 548
2545 2361 2774 2425 diceret,
2813 2359 3069 2429 populum
3105 2360 3405 2414 Romanum
3449 2356 3602 2412 non-'

1996 2453 2120 2507 dum
2162 2455 2450 2524 quidquam
2492 2454 2793 2524 accepisse;
2834 2453 3042 2508 occidit
3082 2452 3364 2508 hominem
3393 2493 3407 2518 ,
3472 2451 3580 2505 hoc

1995 2547 2185 2602 addito
2230 2547 2373 2609 loco,
2408 2547 2470 2602 Ut
2498 2547 2552 2598 id
2584 2548 2695 2615 ipse
2719 2547 2801 2602 illi
2845 2550 3158 2600 nuntiaret:
3204 2544 3420 2600 eieteris
3451 2559 3581 2597 vero

1997 2641 2173 2710 legata
2213 2640 2519 2695 distribuit.
2561 2641 2769 2708 Nepote
2821 2657 2889 2695 ex
2951 2643 3130 2695 Druso
3178 2640 3291 2694 ﬁlio
3339 2647 3578 2702 mortuo,

1999 2732 2147 2786 nulla
2188 2748 2248 2785 re
2277 2742 2540 2786 consueta
2583 2732 2874 2797 abstinuit,
2922 2747 3126 2801 negans
3176 2739 3404 2799 prOpter
3429 2744 3578 2781 mor-

2000 2830 2124 2877 tuos
2166 2823 2466 2876 viventium
2523 2821 2700 2876 oliicia
2756 2837 2877 2876 esse
2925 2821 3255 2875 deserenda.
3323 2819 3579 2874 Clemens

1999 2913 2246 2983 quidam,
2285 2913 2382 2982 qui
2417 2913 2668 2982 Aggripaa
2703 2927 2898 2966 servus
2933 2912 3141 2978 fuerat,
3182 2911 3323 2964 hero
3355 2909 3576 2972 similis,

1999 3017 2057 3057 se
2078 3003 2370 3072 Aggripam
2403 3019 2524 3057 esse
2564 3003 2852 3066 simulans,
2888 3002 2940 3055 in
2969 3001 3141 3056 Gallia
3165 3009 3221 3054 et
3252 2999 3408 3053 Italia
3436 2999 3577 3052 mul-

2005 3101 2088 3147 tos
2117 3093 2225 3147 sibi
2257 3093 2454 3146 ascivit
2487 3108 2502 3147 :
2545 3107 2608 3147 ac
2640 3092 2862 3146 tandem
2905 3090 3128 3144 Romam
3174 3089 3481 3150 contendit,
3509 3088 3576 3142 ad

2001 3186 2207 3239 avitum
2265 3185 2560 3254 imperium
2611 3184 3014 3253 recipiendum.
3079 3182 3250 3248 Quem
3303 3195 3428 3236 cum
3482 3195 3580 3248 per

1999 3279 2267 3351 quosdam
2299 3294 2359 3334 se
2405 3278 2554 3333 illius
2578 3293 2700 3333 esse
2739 3276 2999 3332 factionis
3049 3275 3377 3329 simulantes
3409 3272 3576 3327 sube-

1999 3371 2189 3442 gisset,
2220 3386 2284 3428 ac
2315 3371 2650 3441 quaestiones
2683 3369 2750 3423 de
2794 3382 2862 3422 eo
2897 3365 3202 3427 habuisset,
3239 3373 3300 3418 ut
3325 3361 3581 3419 conscios

1998 3462 2260 3532 proderet
2290 3478 2306 3516 :
2341 3461 2438 3516 illo
2469 3460 2748 3516 neminem
2791 3459 3136 3523 nominante,
3181 3455 3432 3526 rogavit,
3467 3469 3579 3524 quo

1999 3561 2159 3623 pacto
2191 3552 2432 3624 Agrippa
2465 3551 2649 3608 factus
2681 3551 2873 3606 esset?
2905 3549 3190 3618 respondit
3221 3550 3384 3601 homo
3407 3586 3421 3609 ,
3465 3547 3576 3601 Eo-

1999 3646 2117 3699 dem
2145 3645 2303 3715 plane
2359 3643 2510 3698 modo
2539 3659 2640 3713 quo
2679 3652 2734 3696 tu
2769 3640 2968 3696 σίτων.
3024 3640 3263 3695 Uxorem
3315 3637 3514 3692 Juliam
3545 3651 3577 3691 a

2001 3748 2155 3808 patre
2198 3737 2447 3807 Augusto
2485 3735 2558 3790 ob
2596 3734 2876 3789 lasciviam
2911 3734 2966 3786 in
3009 3731 3266 3787 exsilium
3329 3729 3575 3794 missam,

1999 3830 2137 3885 adeo
2169 3845 2277 3884 non
2321 3827 2623 3889 revocavit,
2677 3835 2738 3880 ut
2784 3826 2949 3879 etiam
2983 3823 3290 3886 incluserit,
3343 3829 3404 3875 ut
3460 3835 3573 3889 prae

1999 3936 2244 3976 aerumna
2289 3929 2345 3975 et
2375 3919 2520 3974 fame
2552 3918 2826 3972 interiret.
2862 3915 3202 3983 Quibusdam
3245 3913 3575 3983 postulanti-

2003 4010 2108 4065 bus
2139 4020 2196 4065 ut
2227 4023 2472 4063 mensem
2503 4005 2894 4067 Novembrem,
2949 4005 3106 4075 cujus
3150 4004 3240 4058 die
3273 4019 3361 4056 xvi
3421 4011 3576 4055 natus

2002 4110 2171 4167 esset,
2221 4116 2252 4154 a
2279 4115 2341 4155 se
2386 4098 2673 4154 Tiberium
2705 4097 3008 4165 appellaret
3042 4113 3057 4150 :
3089 4097 3156 4150 Et
3184 4096 3329 4165 quid,
3360 4093 3574 4164 inquit,

2004 4192 2240 4262 facietis,
2267 4191 2314 4245 si
2347 4204 2444 4245 xm
2496 4189 2734 4264 Cwsares
2793 4187 3041 4254 fuerint?
3086 4187 3298 4242 Interea
3347 4184 3576 4240 Germa-

2005 4286 2169 4339 nicus
2195 4284 2336 4338 obiit
2368 4279 2700 4340 Antiochiae,
2735 4279 3162 4333 incantamentis
3215 4286 3271 4333 et
3312 4276 3584 4332 veneﬁcio-

2004 4375 2237 4430 Pisonis.
2274 4374 2412 4428 Nam
2445 4381 2505 4426 et
2532 4383 2657 4424 ossa
2684 4377 3054 4429 mortuorum,
3090 4369 3143 4422 in
3179 4367 3382 4436 quibus
3417 4367 3575 4420 habi-

321 4458 591 4555 yévvnro;
611 4458 862 4552 Ti6éptov
895 4458 953 4547 ἐξ
995 4478 1160 4533 αὐτοῦ
1181 4458 1501 4542 ⁷καλεῖσθαι,
1531 4478 1635 4530 Καὶ
1656 4458 1895 4546 τίξέφη,

2010 4468 2159 4522 tabat
2179 4465 2406 4530 aedibus,
2431 4465 2646 4520 defossa
2670 4473 2885 4536 reperta
2915 4471 3072 4518 sunt:
3103 4470 3160 4514 et
3199 4459 3468 4530 plumbeae
3496 4458 3584 4512 la-.

319 4551 611 4645 ,ποιήσετε
658 4551 1068 4642 ἂννδεκατρεῒς
1115 4575 1417 4640 Καίσαρες
1447 4571 1776 4640 γένωνται;
1811 4569 1896 4622 Ἐν

2009 4558 2190 4620 minae,
2227 4556 2282 4610 in
2333 4556 2534 4626 quibus
2563 4555 2888 4610 devotiones
2925 4569 3048 4608 cum
3085 4551 3305 4606 nomine
3334 4551 3452 4621 ejus
3491 4551 3578 4604 in-

321 4671 540 4735 τούτοις
585 4673 614 4724 ὀ
657 4668 996 4740 Γερμανικὸς
1052 4665 1408 4732 ἐτελεύτησεν
1465 4666 1522 4716 ἐν
1570 4662 1901 4732 Ἀντιοχείᾳ,

320 4762 788 4834 καταγοητευθείς
821 4779 879 4814 τε
927 4761 1022 4813 καὶ
1069 4757 1420 4828 φαρμαχθεὶς
1458 4756 1566 4810 ὑπὸ
1606 4755 1901 4818 Πείσωνος.

336 4860 504 4912 Ὀστᾶ
560 4873 622 4909 τε
665 4856 776 4926 γὰρ
818 4853 1017 4925 εὑρέθη
1077 4851 1395 4920 ἀνθρώπεια
1426 4848 1904 4920 κατορωρυγμένα

323 4951 386 5002 ἐν
413 4949 482 5018 τῇ
512 4947 660 5018 οίκίᾳ
689 4948 747 4998 ἐν
857 4941 1124 5012 κατῴκει,
1168 4942 1262 4994 καὶ
1318 4939 1615 5010 μολίϐδινοι
1675 4937 1905 5007 ἐλασμοὶ

325 5041 467 5110 ἀράς
492 5055 645 5100 τινας
679 5035 820 5105 μετὰ
850 5033 950 5086 τοῦ
988 5033 1253 5101 ὀνόματος
1300 5031 1468 5084 αὑτοῦ
1510 5030 1748 5099 ἔχοντες.
1778 5029 1904 5082 Ὅτι

325 5133 384 5186 δὲ
426 5134 520 5185 και)⁵
549 5131 828 5202 φαρμάκῳ
865 5129 1075 5198 ἐφθάρη
1126 5127 1186 5180 τὺ
1227 5127 1386 5193 σῶμα
1429 5125 1591 5177 αὑτοῦ
1635 5124 1902 5192 ἐξέφηνεν

325 5224 409 5284 si;
446 5222 545 5291 τὴν
575 5220 781 5289 ἀγορὰν
809 5219 1092 5288 κομισθὲν,
1126 5217 1222 5268 καὶ
1259 5218 1371 5277 τοῖς
1403 5215 1640 5284 παροῦσι
1667 5212 1904 5283 δειχθέν.

329 5313 600 5373 Θανόντος
628 5311 684 5362 δὲ
713 5311 742 5362 6
779 5311 875 5378 μὲν
910 5308 1159 5376 Τιϐέριος
1203 5306 1298 5360 καὶ
1348 5308 1382 5375 ἡ
1415 5305 1577 5358 Λιϐία
1625 5305 1900 5374 ἥσθησαν,

323 5407 376 5457 oi.
405 5404 451 5455 δ’
483 5403 630 5458 ἄλλοι
666 5403 1009 5471 σφοδρότατα
1030 5400 1293 5471 ἤλγησαν.
1321 5399 1625 5458 Κάλλιστος
1659 5397 1761 5466 μὲν
1791 5398 1902 5466 γὰρ

328 5495 392 5547 τὸ
423 5495 604 5562 σῶμα,
628 5494 849 5562 ἄριστος
882 5493 941 5546 δὲ
969 5494 1069 5562 τὴν
1101 5491 1279 5562 ψυχὴν
1299 5491 1420 5559 ἔφυ.
1455 5489 1679 5558 Παιδείᾳ
1703 5505 1761 5540 τε
1786 5488 1904 5558 ἅμα

325 5587 424 5640 καὶ
462 5585 690 5654 ἀνδρείᾳ
751 5585 810 5636 ἐν
867 5582 1127 5653 πολέμοις
1171 5579 1497 5652 εὐδοκιμῶν,
1564 5580 1903 5650 ἡμερώτατα

328 5682 438 5739 τοῖς
481 5679 572 5731 ὑπ’
628 5677 792 5730 αὑτὸν
844 5679 1217 5747 προσεφέρετο
1242 5691 1258 5707 ο
1301 5675 1396 5728 καὶ
1427 5675 1569 5744 μέγα
1599 5674 1902 5742 δυνάμενος

330 5769 424 5828 ᾰτε
461 5772 678 5842 Καῖσαρ
705 5768 764 5835 ἐξ
799 5769 914 5821 ίσου
957 5769 1067 5831 τοῖς
1101 5763 1516 5826 ἀσθενεστάτοις
1558 5766 1856 5836 ἐσωφρόνει
1888 5780 1902 5797 ο

2005 4650 2225 4719 scriptae
2249 4657 2426 4703 erant.
2469 4648 2695 4703 Veneno
2736 4657 2918 4702 autem
2954 4645 3232 4700 sublatum
3265 4658 3384 4698 esse
3405 4683 3419 4704 .
3451 4657 3583 4696 cor»

2008 4757 2112 4812 pus
2159 4743 2280 4811 ejus
2326 4740 2570 4794 ostendit
2615 4739 2669 4793 in
2715 4739 2894 4793 forum
2927 4737 3223 4807 perlatum,
3277 4743 3334 4788 et
3378 4734 3580 4802 populo

2005 4845 2311 4890 ostensum.
2369 4832 2504 4899 Ejus
2555 4831 2712 4886 obitu
2770 4830 3025 4885 Tiberius
3081 4837 3132 4883 et
3195 4827 3349 4881 Livia
3401 4825 3572 4896 gavisi

2008 4938 2136 4982 sunt
2156 4966 2171 4989 ,
2206 4927 2300 4981 alii
2331 4926 2812 4980 vehementissime
2845 4925 3164 4979 doluerunt.
3204 4923 3335 4976 Nam
3365 4934 3421 4976 et
3451 4937 3580 4976 cor-

2007 5035 2142 5088 pore
2173 5019 2567 5088 pulcherrimo,
2609 5026 2665 5072 et
2699 5017 2884 5071 animo
2910 5017 3121 5084 optimo
3159 5016 3418 5085 praeditus
3452 5013 3573 5076 fuit,

2005 5122 2061 5168 et
2106 5111 2421 5166 eruditione
2451 5120 2508 5164 et
2534 5110 2756 5164 militari
2788 5109 3116 5163 fortitudine
3148 5107 3382 5178 insignis
3421 5123 3434 5158 :
3471 5107 3575 5160 hu-

2009 5204 2387 5259 manissimum
2449 5201 2687 5257 subditis
2745 5201 2862 5257 suis
2916 5217 2976 5257 se
3023 5200 3276 5270 praebuit.
3320 5200 3387 5253 Et
3430 5215 3555 5252 cum

2006 5300 2144 5368 ejus,
2194 5307 2255 5351 ut
2285 5296 2538 5361 ϐίασαι-ξε,
2570 5309 2778 5364 magna;
2809 5309 2942 5364 opes
2967 5303 3172 5358 essent,
3213 5290 3574 5361 temperantia

2007 5391 2225 5446 intimos
2269 5388 2523 5458 aequavit.
2568 5386 2758 5456 Neque
2804 5396 2997 5441 contra
3048 5386 3284 5441 Drusum
3333 5383 3573 5437 invidio-

2007 5499 2066 5538 se
2110 5525 2124 5546 ,
2196 5497 2375 5551 neque
2451 5488 2641 5535 contra
2717 5480 2998 5535 Tiberium
3060 5477 3323 5533 insidiose
3405 5473 3570 5544 quid-

2006 5592 2170 5647 quam
2209 5576 2359 5630 fecit.
2411 5574 2708 5644 Imperium
2747 5590 2778 5629 a
2825 5573 3096 5628 militibus
3133 5580 3189 5624 et
3243 5579 3436 5624 senatu
3476 5583 3574 5637 po-

2006 5671 2245 5741 puloque
2307 5669 2452 5722 ultro
2500 5669 2742 5723 delatum
2806 5681 2918 5720 non
2975 5664 3206 5733 accepit.
3259 5663 3382 5717 Piso
3443 5677 3571 5716 vero

2008 5763 2290 5834 aliquanto
2321 5770 2442 5832 post
2477 5761 2704 5818 Ruinam
2741 5773 3015 5824 reversus,
3065 5765 3122 5812 et
3154 5756 3220 5811 ab
3251 5756 3368 5829 ipso
3406 5756 3562 5816 Tibe-
