3890 6196
454 298 557 359 927

1729 285 2054 365 JOANNIS
2090 284 2414 345 zemas;

3530 294 3612 354 ιιι

454 412 577 474 rio,-
638 405 1013 477 suspicionem
1072 406 1228 460 necis
1284 401 1597 459 Germanici
1646 399 1873 454 abolere
1940 412 2036 452 cu-

2148 396 2231 449 καὶ
2259 395 2383 449 οὔτε
2409 412 2464 448 τι
2489 394 2625 465 πρὸς
2647 395 2741 449 τὸν
2779 391 3016 464 Δροῦσον
3052 394 3345 464 ἐπίφθονον,
3375 397 3481 451 οὔτε
3510 406 3616 469 πρὸς

458 502 670 572 piente,
698 502 753 554 in
804 510 1056 553 senatum
1080 498 1371 562 adductus,
1404 511 1556 550 mora
1580 493 1749 563 petita
1775 531 1789 557 ,
1830 500 2034 547 semet-

460 596 641 665 ipsum
678 593 978 647 interfecit.
1039 590 1400 645 Germanicus
1447 596 1564 642 tres
1599 585 1827 655 reliquit
1866 584 2031 646 ﬁlios,

460 698 600 755 quos
621 686 901 753 Augustus
930 683 983 735 in
1013 690 1348 736 testamento
1381 693 1482 733 suo
1510 672 1757 734 Caesares
1786 676 2035 746 appella-

464 776 559 829 vit.
604 775 810 828 Eorum
868 785 1001 827 natu
1050 772 1326 826 maximus
1359 771 1504 825 Nero
1545 782 1661 824 tum
1696 769 1917 823 virilem
1951 778 2036 820 to-

463 882 584 936 gam
621 866 877 935 sumpsit.
908 867 985 920 Ac
1025 864 1092 917 ad
1129 864 1234 919 hoc
1276 878 1451 932 usque
1494 870 1709 931 tempus
1754 859 1917 931 549
1944 859 2039 913 Ti-

468 959 656 1013 berius
680 958 917 1028 plurima
949 971 1097 1010 reete
1126 954 1281 1017 iecit,
1307 957 1360 1008 in
1385 955 1577 1025 paucis
1608 953 1862 1023 deliquit.
1897 952 2038 1006 Ger-

466 1050 683 1104 mauico
712 1065 847 1104 vero
873 1066 903 1104 e
943 1049 1126 1103 medio
1161 1048 1398 1107 sublato,
1430 1045 1691 1114 paulatim
1725 1057 1906 1096 mores
1939 1042 2041 1095 im-

467 1144 718 1196 mutavit.
765 1141 902 1196 Nam
938 1150 1282 1195 cumcastera
1328 1155 1524 1208 aspere
1561 1137 1871 1206 imperavit,
1923 1143 2036 1188 tum

465 1253 562 1292 eos
592 1254 622 1291 a
654 1236 857 1306 quibus
892 1236 977 1287 vel
1008 1234 1124 1302 ipse
1161 1234 1248 1287 vel
1280 1231 1457 1293 Livia,
1490 1230 1577 1283 vel
1612 1229 1895 1298 Augustus
1919 1228 2039 1281 sive

434 1330 619 1403 .dicto
650 1330 769 1383 sive
804 1327 949 1382 facto
981 1325 1170 1380 violati
1202 1335 1411 1387 essent,
1453 1332 1709 1390 tanquam
1742 1317 2041 1388 impietatis

468 1437 593 1477 mos
623 1420 923 1475 crudeliter
971 1418 1278 1472 tractavit:
1333 1423 1525 1470 contra
1565 1413 1894 1467 insidiarum
1946 1426 2043 1464 su-

465 1524 686 1583 spectos
714 1511 1091 1574 inexorabilis,
1123 1508 1366 1564 Tandem
1417 1506 1721 1562 ostendens
1762 1504 2040 1574 aliquibus

466 1622 527 1661 se
555 1605 696 1660 velle
719 1603 857 1657 mori
881 1603 1117 1672 aliquos,
1147 1602 1372 1656 illorum
1402 1616 1569 1669 opera
1593 1599 1696 1653 hos
1721 1596 2038 1652 occidebat:

470 1700 633 1769 idque
649 1715 757 1753 non
779 1695 1452 1752 dissimulanterfaciebat.
1473 1695 1764 1749 Potentum
1790 1692 2038 1746 omnium

469 1792 613 1847 diem
669 1800 726 1846 et
785 1791 975 1844 horam
1018 1788 1255 1842 natalem
1309 1786 1663 1856 inquirebat,
1711 1783 2041 1854 itaquejfata

469 1888 737 1957 cujusque
776 1884 1090 1954 indagabat.
1119 1881 1357 1938 Proinde
1383 1880 1569 1936 Galba
1595 1879 1688 1948 qui
1716 1886 1840 1948 post
1866 1876 2042 1946 impe-

470 1978 633 2042 ravit,
661 1977 879 2032 obviam
921 1976 1116 2035 factus,
1160 1974 1299 2027 dixit
1328 1990 1342 2026 :
1386 1972 1453 2027 Et
1490 1982 1547 2026 tu
1573 1972 1864 2041 aliquando
1889 1972 2043 2039 prin-

472 2072 708 2138 cipatum
738 2067 1057 2138 degustabis.
1101 2065 1359 2135 Pcpercit
1392 2073 1575 2119 autem
1628 2065 1701 2127 ei,
1738 2064 1865 2132 quia
1894 2063 2045 2116 dice-

472 2164 586 2239 bat,
608 2177 735 2217 eum
762 2162 816 2215 in
846 2167 1150 2223 senectute,
1186 2167 1241 2212 et
1271 2158 1433 2227 longe
1464 2167 1589 2226 post
1624 2172 1786 2210 suum
1830 2156 2044 2211 obitum

473 2254 897 2322 imperaturum.
930 2248 1140 2303 Deinde
1173 2263 1298 2303 cum
1332 2249 1507 2302 Druso
1534 2247 1887 2301 consulatum
1921 2261 2047 2315 ges-

468 2332 565 2408 sit,
595 2343 741 2397 unde
771 2342 927 2396 multi
966 2340 1125 2395 Drusi
1165 2340 1452 2394 interitum
1493 2339 1837 2392 divinat-unt.
1874 2337 2048 2392 Nemo

472 2437 622 2492 enim
672 2434 882 2489 Tiberii
921 2433 977 2487 in
1020 2433 1306 2486 consulatu
1337 2431 1542 2500 collega
1571 2431 1866 2485 violentam
1900 2446 2050 2485 mor-

473 2541 582 2586 tem
608 2527 875 2583 evitarat:
901 2534 1022 2595 ρυςι
1038 2526 1184 2579 enim
1215 2540 1426 2580 veneno
1458 2524 1642 2594 periit.
1663 2524 1797 2578 Nam
1819 2522 2051 2578 Seianus

473 2619 721 2690 quidam,
749 2618 914 2671 homo
937 2618 1077 2686 apud
1108 2615 1390 2670 Tiberium
1423 2626 1617 2683 p0tens
1648 2624 1705 2669 et
1738 2614 2046 2683 superbus,

473 2725 599 2766 cum
631 2710 807 2764 Druso
834 2707 1132 2777 aliquando
1163 2708 1377 2774 alapam
1439 2706 1727 2769 dedisset,
1772 2722 1947 2776 eaque
1982 2706 2052 2762 de

474 2816 637 2858 causa
685 2810 742 2857 et
784 2802 962 2870 ipsum
1008 2810 1064 2856 et
1116 2800 1399 2856 Tiberium
1432 2809 1725 2865 metueret,
1777 2802 2053 2872 simulque

474 2905 747 2968 speraret,
794 2895 972 2949 Druso
1006 2893 1248 2955 sublato,
1283 2890 1568 2947 Tiberium
1614 2892 1718 2947 sibi
1753 2891 1925 2962 magis
1952 2906 2053 2961 op-

475 2996 775 3057 portunum
823 2984 987 3038 fore:
1037 2998 1140 3053 per
1173 2983 1441 3052 quosdam
1476 2983 1765 3037 ministros
1812 2992 1868 3037 et
1916 2996 2054 3036 uso-

475 3078 629 3144 r'em,
686 3078 801 3133 sive
838 3077 1038 3133 Iuliam
1074 3076 1191 3130 sive
1222 3075 1433 3129 Liviam
1469 3077 1618 3140 (nam
1658 3077 1961 3146 scriptores
1995 3075 2050 3130 in

476 3169 703 3224 nomine
729 3165 969 3231 variant)
1001 3176 1195 3235 stupro
1224 3165 1331 3219 sibi
1361 3164 1664 3235 cognitam,
1697 3180 1972 3219 venenum
1996 3164 2050 3219 ei

476 3256 813 3329 propinavit.
875 3255 1007 3325 Ejus
1046 3255 1128 3309 sic
1176 3254 1353 3308 necati
1400 3266 1633 3310 mortem
1685 3255 1942 3311 Tiberius
1993 3256 2049 3312 in

477 3345 639 3401 curia
664 3344 975 3415 deploravit
996 3384 1009 3405 .
1054 3353 1112 3399 et
1149 3344 1423 3398 Neronem
1445 3360 1512 3399 ac
1546 3346 1783 3400 Drusum
1819 3345 2049 3401 Germa-

479 3439 587 3495 nici
639 3439 846 3493 liberos
871 3435 1088 3491 senatui
1134 3435 1562 3491 commendavit.
1610 3437 1846 3491 Drusum
1881 3436 2049 3491 cada-

476 3546 605 3587 vere
631 3531 750 3600 ejus
785 3543 887 3597 pro
925 3527 1119 3582 rostris
1147 3527 1459 3596 proposito,
1484 3528 1628 3582 Nero
1664 3544 1834 3598 gener
1856 3528 2053 3584 lauda-

473 3621 572 3675 vit.
601 3619 874 3675 Caeterum
906 3618 1027 3687 ejus
1071 3616 1331 3673 interitus
1374 3619 1562 3673 multis
1607 3635 1775 3675 causa
1821 3620 1929 3674 fuit
1969 3620 2055 3673 in-

474 3712 692 3773 teritus,
745 3710 893 3780 quod
944 3710 1064 3779 ejus
1120 3724 1255 3765 nece
1310 3710 1478 3765 laetati
1521 3725 1646 3766 esse
1700 3711 2050 3771 viderentur.

473 3802 606 3859 Nam
659 3816 860 3873 praeter
891 3804 1028 3858 alios
1074 3803 1318 3870 multos,
1368 3803 1534 3859 etiam
1586 3804 1882 3875 Agrippina
1924 3824 2049 3863 cum

471 3894 685 3956 liberis,
726 3894 838 3948 tilio
866 3902 1001 3948 natu
1035 3893 1268 3949 minimo
1308 3902 1562 3964 excepto,
1594 3895 1805 3950 interiit
1836 3915 1850 3952 :
1892 3898 2052 3955 Tibe-

474 3987 559 4041 rio
610 3996 804 4042 contra
857 3987 1037 4058 ipsum
1086 3978 1452 4042 vehementer
1490 3987 1706 4042 irritata
1741 4004 1771 4042 a
1826 3989 2047 4058 Seiano,

471 4079 565 4149 qui
600 4079 690 4134 illa
726 4094 852 4133 cum
877 4079 1067 4133 liberis
1102 4078 1319 4133 sublata
1341 4118 1358 4145 ,
1389 4093 1547 4148 spem
1573 4081 1812 4151 conjugii
1855 4081 2048 4146 Liviae,

470 4170 650 4225 viduas
687 4171 885 4232 Drusi,
915 4186 1080 4239 quam
1123 4169 1438 4235 adamabat,
1495 4178 1553 4224 et
1590 4171 1806 4240 imperii
1847 4172 2049 4239 alebat,

470 4277 595 4319 eum
637 4260 897 4315 Tiberius
944 4261 1156 4315 nullum
1194 4275 1572 4315 successorem
1607 4260 1856 4316 haberet.
1910 4262 2047 4316 Nam

471 4362 724 4423 nepotem
761 4369 827 4408 ex
870 4353 1002 4417 tilio,
1035 4362 1094 4407 ut
1123 4352 1496 4408 adulterinum
1534 4352 1728 4407 oderat
1758 4370 1774 4410 :
1826 4363 1882 4407 et
1912 4355 2051 4410 alios

2130 486 2222 541 τὸν
2255 486 2509 556 Τιϐέριον
2538 487 2713 540 ἐποίει
2738 485 3028 540 ἐπίϐουλον
3054 503 3070 519 ο
3099 487 3191 540 καὶ
3216 487 3480 557 δυνάμενος
3499 495 3620 561 ποιρὰ

2132 594 2194 630 τε
2218 577 2326 629 τῶν
2359 578 2711 647 στρατιωτῶν
2742 578 2983 631 ἑκόντων
3014 578 3108 631 καὶ
3132 577 3226 646 τῆς
3252 577 3424 647 βουλῆς
3446 582 3528 635 καὶ
3548 583 3620 634 τοῦ

2131 668 2304 737 δήμου
2353 668 2453 739 τὴν
2499 669 2676 739 ἀρχὴν
2712 668 2812 740 τὴν
2866 670 3239 740 αὐτοκράτορα
3272 669 3524 740 λήψεσθαι,
3545 673 3625 726 οὐκ

2132 762 2417 832 ἠθέλησεν.
2461 763 2522 816 Ὀ
2549 763 2608 815 δὲ
2630 763 2842 815 Πείσων
2871 763 3048 834 χρόνῳ
3077 760 3295 831 ὕστερον
3316 765 3388 826 είς
3407 767 3491 834 τὴν
3517 765 3627 817 Ῥώ-

2138 870 2245 924 μην
2278 853 2692 921 ἀνακομισθεὶς,
2728 854 2824 907 καὶ
2878 855 2973 907 ἐπὶ
3025 854 3104 925 τῷ
3135 854 3275 925 φόνῳ
3323 854 3407 908 τοῦ
3458 855 3629 925 Γερμαο

2134 946 2287 999 νικού
2326 947 2407 1007 είς
2444 947 2505 998 τὸ
2538 944 2922 1017 βουλευτήριον
2952 948 3044 1000 ὑπ’
3087 946 3249 1000 αὐτοῦ
3302 947 3386 999 τοῦ
3426 948 3631 1017 Τιϐερίου

2136 1035 2428 1104 εἰσαχθεὶς,
2457 1036 2886 1106 διακρουομένου
2939 1035 3038 1106 τὴν
3069 1035 3298 1104 ὑποψίαν
3346 1035 3433 1105 τὴν
3469 1036 3547 1088 ἐπὶ
3582 1041 3631 1107 τῇ

2138 1126 2316 1197 φθορᾷ
2369 1128 2464 1180 τοῦ
2518 1127 2885 1198 Γερμανικοῦ,
2946 1128 3043 1182 καὶ
3104 1127 3363 1197 ἀναϐρλὴν
3422 1129 3634 1195 αἰτήσας,

2140 1218 2333 1272 ἑαυτὸν
2364 1221 2765 1290 κατεχρήσατο.
2817 1219 2944 1274 Ἐπὶ
2975 1219 3123 1291 τρισὶ
3143 1218 3187 1272 δ’
3237 1219 3396 1275 υἱέσιν
3424 1218 3637 1288 ὁΓερμα-

2139 1313 2288 1369 νικος
2314 1311 2687 1383 ἐτελεύτησεν,
2700 1311 2797 1375 οὒς
2815 1315 2844 1366 6
2859 1311 3172 1381 Αὔγουστος
3190 1315 3250 1366 ὲν
3275 1314 3387 1372 ταῖς
3411 1311 3636 1379 διαθήκαις

2140 1403 2306 1457 αὑτοῦ
2384 1403 2637 1473 ὠνόμασε
2712 1404 3028 1472 Καίσαρας.
3090 1402 3302 1456 Τούτων
3365 1403 3391 1454 6
3455 1399 3638 1470 πρεσϐύ-

2141 1513 2299 1557 τατος
2348 1495 2541 1564 Νέρων
2581 1494 2724 1545 κατά
2778 1495 2870 1546 τὸν
2919 1494 3111 1563 χρόνον
3164 1493 3365 1545 ἐκεῖνον
3405 1492 3501 1551 soi;
3543 1490 3641 1558 ὲφή-

2142 1587 2260 1650 ϐοις
2324 1584 2741 1656 κατηριθμὴθη.
2793 1586 2973 1656 Μέχρι
3048 1584 3151 1651 μὲν
3208 1583 3300 1637 οὖν
3357 1582 3443 1634 τοῦ
3494 1582 3638 1651 χρόνον

2142 1679 2334 1732 τούτου
2372 1678 2600 1732 πλεῖστα
2627 1678 2839 1749 χρηστά
2858 1679 2886 1731 6
2919 1677 3171 1747 Τιϐέριος
3206 1677 3418 1746 ἔπραξε,
3447 1676 3527 1728 καὶ
3546 1675 3639 1744 ﬁga-

2076 1749 2115 1803 Β
2146 1771 2244 1841 χέα
2279 1770 2611 1841 ἐξήμαρτεν.
2658 1770 2810 1823 Ἐπεὶ
2845 1769 2892 1824 δ’
2933 1772 2962 1823 δ
3008 1770 3343 1842 Γερμανικὸς
3379 1770 3582 1823 ἐκποδῶν
3608 1769 3642 1820 οι

2144 1864 2385 1931 ἐγένετο,
2439 1862 2556 1916 κατ’
2607 1861 2792 1933 ὀλίγον
2839 1861 3125 1934 ἠλλοίωτο.
3183 1862 3263 1915 Τά
3307 1880 3363 1917 τε
3418 1862 3513 1933 γὰρ
3549 1861 3646 1913 ἀλλα

2146 1953 2354 2022 ἀγρίως
2387 1948 2547 2025 ἦρχε,
2578 1955 2673 2010 καὶ
2702 1958 2813 2020 τοῖς
2835 1957 2916 2019 είς
2943 1954 3114 2008 αὐτὸν
3147 1954 3181 2025 ἦ
3208 1953 3302 2026 τὴν
3327 1954 3514 2024 μητέρα
3538 1954 3563 2023 ἦ
3585 1954 3647 2004 τὸν

2142 2044 2457 2121 ,Αὔγουστον
2518 2047 2756 2118 πραξασί
2813 2063 2868 2099 τι
2927 2047 2960 2115 ἢ
3016 2046 3268 2101 εἰποῦσιν
3329 2045 3649 2115 ἀνεπιτήδειον,

2148 2138 2375 2208 ἀπηνῶς
2422 2138 2500 2203 ὡς
2550 2140 2854 2209 ἀσεϐήσασι
2909 2141 3301 2210 προσεφέρετο,
3336 2142 3420 2193 καὶ
3460 2140 3529 2201 εἰς
3561 2137 3649 2198 τοὺς

2149 2232 2553 2302 ὕπονοηθέντας
2613 2231 2990 2286 ἐπιϐουλεύειν
3026 2232 3180 2301 αύτῷ
3217 2231 3552 2303 ἀπαραίτητος
3586 2224 3649 2297 ἦν.

2153 2324 2294 2394 Ἤδη
2325 2323 2381 2377 δὲ
2407 2325 2503 2377 καὶ
2530 2324 2941 2395 ἐνδεικνύμενός
2970 2342 3122 2378 τισιν
3149 2325 3233 2377 ὅτι
3262 2324 3491 2394 βούλεται
3513 2321 3653 2375 τεθνά-

2150 2432 2238 2468 ναι
2293 2416 2467 2480 τινὰς,
2496 2415 2565 2469 δι’
2613 2416 2837 2470 ἐκείνων
2898 2417 3045 2485 σφᾶς
3100 2420 3437 2483 ἀπεκτίννυε,
3468 2415 3548 2469 καὶ
3582 2415 3655 2467 οὐκ

2152 2505 2412 2560 ἐλάνθανε
2462 2507 2637 2560 ταῦτα
2692 2507 2883 2563 ποιῶν.
2925 2509 3194 2579 Ἐξήταζέ
3238 2526 3294 2561 τε
3330 2509 3429 2561 τῶν
3470 2505 3653 2558 δυνατῶν

2152 2598 2388 2652 ἑκάστου
2418 2598 2517 2668 τὴν
2543 2598 2759 2670 ἡμέραν
2792 2599 2888 2652 καὶ
2927 2599 3027 2668 τὴν
3060 2600 3215 2670 ὥραν
3243 2601 3301 2652 ὲν
3410 2597 3654 2667 γεγένητο,

2153 2692 2250 2744 καὶ
2283 2688 2429 2743 οὕτω
2476 2690 2536 2744 τὸ
2584 2690 2952 2761 πεπρωμένον
2997 2692 3220 2763 ἑκάστῳ
3254 2693 3522 2761 ὲξηρεύνα·
3555 2689 3655 2742 ὥστε

2156 2785 2253 2839 καὶ
2280 2786 2357 2855 τῷ
2380 2784 2562 2856 Γάλϐᾳ
2582 2783 2661 2855 τῷ
2687 2787 2826 2856 μετά
2851 2784 3452 2864 ταῦταιαὺταρχήσαντι
3472 2784 3657 2851 ἀπαντή-

2157 2896 2278 2943 σας,
2314 2877 2446 2950 ἔφη,
2499 2879 2607 2932 Καὶ
2654 2879 2737 2934 σύ
2792 2895 2939 2933 ποτε
2989 2877 3107 2947 τῆς
3152 2879 3459 2949 ἡγεμονίας
3499 2877 3657 2945 γεύσῃ.

2167 2971 2453 3041 Ἓφείσατο
2493 2971 2550 3024 δὲ
2592 2970 2783 3037 αὐτοῦ,
2821 2970 2995 3041 λέγων
3029 2972 3118 3025 ὅτι
3157 2973 3217 3025 ὲν
3259 2972 3425 3042 γήρᾳ,
3457 2968 3537 3020 καὶ
3562 2965 3658 3035 μετὰ

2154 3066 2291 3120 πολῦ
2356 3068 2459 3137 τῆς
2517 3066 2774 3135 τελευτῆς
2830 3066 2996 3120 αὐτοῦ
3055 3066 3240 3138 ἄρξει.
3290 3060 3415 3119 Εἶτα
3450 3063 3567 3133 pati
3596 3057 3660 3112 τοῦ

2156 3160 2393 3229 Δρούσου
2427 3158 2732 3213 ὑπάτευσεν
2764 3160 2792 3211 6
2812 3158 3091 3230 Τιϐέριος,
3125 3158 3251 3213 ὅθεν
3284 3157 3457 3211 πολλοὶ
3481 3157 3556 3207 τὸν
3578 3152 3658 3205 ὄλευ

2157 3245 2286 3320 θρον
2320 3250 2382 3300 ὲκ
2431 3247 2623 3301 τούτου
2660 3246 2756 3300 τοῦ
2792 3247 3033 3319 Δρούσου
3079 3247 3560 3319 προεμαντεύσαντο
3609 3241 3660 3293 Οὐ

2157 3340 2268 3410 γάρ
2326 3340 2474 3392 ἐστιν
2510 3340 2676 3401 ὅστις
2726 3339 2837 3392 τῶν
2890 3342 3415 3396 συνυπατευσάντων
3460 3334 3583 3405 αὐτῷ
3618 3331 3660 3385 οὐ

2160 3430 2351 3499 βιαίως
2376 3430 2619 3484 ἀπέθανε
2639 3444 2655 3461 ⁸
2683 3430 2821 3500 μετά
2851 3430 3024 3485 ταῦτα
3056 3433 3172 3504 γὰρ
3196 3433 3461 3505 φαρμάκῳ
3481 3428 3660 3483 διώλετο.

2157 3520 2380 3581 Σεῐανδς
2418 3520 2529 3591 γάρ
2573 3538 2657 3584 τις
2697 3521 2843 3591 μέγα
2876 3524 3030 3592 παρά
3073 3525 3156 3595 τῷ
3194 3525 3424 3596 Τιϐερίῳ
3453 3518 3660 3592 δυνηθεὶς.

2159 3611 2252 3664 καὶ
2297 3610 2601 3679 ὑπέρογκος
2642 3611 2895 3680 γεγονὼς,
2934 3614 3045 3679 πὺξ
3091 3616 3246 3686 αὐτῷ
3281 3633 3404 3669 ποτε
3461 3610 3661 3672 ἐντείνας,

2159 3704 2266 3755 κάκ
2294 3702 2485 3756 τούτου
2525 3704 2709 3767 δείσας
2753 3706 3007 3759 κάκεῖνον
3053 3709 3154 3761 καὶ
3182 3707 3277 3761 τὸν
3306 3706 3548 3775 Τιϐέριον,
3582 3703 3663 3767 ἅμα

2157 3795 2252 3846 καὶ
2279 3794 2658 3864 προσδοκήσας
2684 3796 2751 3850 ἂν
2775 3797 2866 3850 τὸν
2885 3796 3128 3866 Δροῦσον
3154 3798 3553 3869 κατεργάσηται,
3574 3793 3663 3862 ῥᾷον

2160 3886 2645 3955 μεταχειρίσασθαι
2679 3888 2774 3942 τὸν
2809 3889 3084 3961 Τιϐέριον,
3139 3891 3426 3963 φάρμακόν
3472 3907 3517 3942 τι
3558 3882 3662 3949 αὐτῷ

2156 3976 2245 4029 διά
2294 3994 2458 4031 τινων
2506 3978 2862 4049 θεραπόντων
2906 3983 3002 4034 καὶ
3045 3982 3142 4037 διὰ
3197 3984 3296 4053 τῆς
3344 3979 3583 4051 γυναικὸς.
3618 3975 3663 4043 ἦν

2171 4069 2417 4134 Ἰουλίαν,
2439 4072 2617 4141 ἕτεροι
2655 4072 2712 4125 δὲ
2754 4073 2950 4128 Διϐίαν
2980 4075 3263 4145 γράφουσι
3300 4076 3407 4144 (καὶ
3435 4074 3529 4140 γὰρ
3555 4063 3664 4137 ἐμοί’

2158 4177 2319 4230 χευεν
2343 4163 2541 4233 αὐτὴν)
2568 4165 2790 4219 ἔδωκεν.
2838 4164 2893 4219 '0
2923 4166 3025 4235 μὲν
3051 4167 3151 4221 οὖν
3171 4166 3343 4231 οὕτως
3373 4163 3597 4220 ἀπώλετο.
3624 4154 3662 4205 ’0

2157 4253 2215 4306 δέ
2245 4270 2307 4320 γε
2333 4254 2586 4325 Τιϐέριος
2615 4256 2696 4319 είς
2731 4256 2792 4310 τὸ
2822 4256 3106 4328 συνέδριον
3136 4259 3474 4328 ἀφικόμενος,
3509 4247 3662 4305 ἐκεῖνόν

2157 4360 2217 4395 τε
2249 4345 2597 4415 ἀπωδύρατο,
2630 4346 2724 4398 καὶ
2756 4347 2847 4399 τὸν
2871 4347 3111 4418 Νέρωνα
3141 4348 3235 4401 τόν
3269 4365 3328 4401 τε
3354 4336 3662 4417 Δροῦσοντθίθς

2081 3100 2118 3143 L

474 4446 677 4500 multos
726 4445 849 4499 aliis
895 4454 1059 4513 atque
1091 4444 1215 4499 aliis
1257 4443 1326 4497 de
1356 4443 1572 4509 causis,
1625 4444 1721 4498 sed
1769 4444 2046 4512 plerisque

2156 4434 2253 4487 τοῦ
2288 4436 2628 4506 Γερμανικοῦ
2661 4438 2859 4501 παῖδας
2900 4441 2966 4510 τῇ
2999 4441 3270 4511 γερουσίᾳ
3300 4433 3661 4511 παρακατέθετυν

475 4537 747 4593 coulictis.
784 4538 869 4590 vel
919 4536 972 4589 in
1022 4535 1276 4590 exsiliqu
1316 4534 1589 4597 mittebat,
1617 4536 1703 4588 vel
1746 4534 2051 4589 occidebat.

473 4626 775 4692 Quemdam
814 4628 909 4695 qui
947 4627 1176 4681 Caesaris
1227 4635 1285 4682 et
1325 4626 1559 4697 Augusti
1597 4642 1681 4681 res
1712 4636 1917 4697 gestas,
1953 4643 2052 4682 ue-

475 4733 583 4787 que
616 4718 918 4787 quidquam
965 4727 1147 4773 tamen
1179 4728 1373 4773 contra
1416 4734 1514 4774 eos
1560 4719 1884 4788 scripserat,
1920 4734 2054 4788 sup-

476 4809 642 4879 plicio
672 4809 857 4864 all'ecit
881 4827 893 4863 :
930 4818 988 4863 et
1017 4809 1195 4878 ipsum
1228 4809 1390 4879 550
1418 4811 1707 4880 scriptum,
1732 4812 2051 4881 ubicunque

473 4901 719 4971 reperire
758 4900 962 4970 potuit,
996 4902 1229 4957 exussit.
1281 4903 1428 4971 quod
1467 4903 1594 4958 illas
1628 4920 1733 4958 non
1771 4914 2045 4960 ornasset.

473 4994 775 5060 Plerosque
809 4992 967 5063 quasi
998 4992 1106 5047 sibi
1144 4992 1582 5056 maledixisscut,
1622 4995 1903 5051 interiecit
1939 5013 1952 5049 :
1992 5006 2050 5051 et

477 5086 718 5139 Sabinus
768 5085 994 5155 quidam
1047 5085 1118 5142 ob
1171 5085 1485 5156 hujttsmodi
1514 5088 1723 5142 crimen
1761 5089 1814 5143 in
1864 5103 2046 5143 carce-

474 5192 589 5230 rem
635 5179 919 5248 eonjcctus
951 5185 1007 5232 et
1037 5182 1258 5234 occisus
1308 5189 1414 5245 est,
1446 5189 1503 5235 et
1548 5180 1787 5236 cadaver
1818 5183 1941 5251 ejus
1992 5182 2047 5236 in

471 5269 717 5323 Tiberim
767 5268 1067 5339 abjectum.
1103 5270 1160 5323 ld
1202 5270 1419 5327 facinus
1464 5288 1589 5328 cum
1638 5289 1736 5343 per
1786 5289 1845 5328 se
1890 5286 2046 5331 atrox

469 5363 672 5424 visum,
715 5372 831 5417 tutu
862 5377 961 5431 per
998 5362 1188 5417 Sabini
1222 5378 1416 5420 canem
1451 5368 1694 5421 atrocius
1733 5367 1958 5423 factum.
1997 5370 2049 5423 ls

469 5456 615 5509 enim
659 5471 785 5511 cum
821 5455 960 5511 hero
982 5471 1082 5511 suo
1111 5472 1395 5511 carcerem
1426 5458 1709 5528 ingressus
1741 5468 1848 5521 est,
1882 5470 1939 5514 et
1965 5461 2050 5513 in-

471 5548 700 5602 terfecto
744 5547 974 5613 assedit,
1015 5558 1073 5602 et
1101 5564 1168 5602 eo
1197 5549 1251 5602 in
1288 5548 1653 5617 proﬂuentem
1690 5551 2046 5621 abjectoipse

472 5649 691 5704 quoque
722 5650 782 5690 se
814 5634 1154 5705 praecipitem
1182 5634 1360 5691 dedit.
1401 5636 1527 5691 “(BC
1558 5653 1726 5706 pauca
1749 5643 1817 5694 dc
1856 5640 2046 5694 multis

475 5736 902 5783 commemorata
928 5736 1077 5783 sunt.
1110 5726 1262 5783 Livia
1301 5739 1488 5784 autem
1523 5746 1668 5785 anno
1700 5731 1876 5787 att-tatis
1900 5748 1955 5787 τι
1987 5742 2043 5787 ct

2157 4529 2249 4580 καὶ
2281 4528 2343 4581 τὸ
2382 4529 2546 4597 σῶμα
2582 4528 2676 4583 τοῦ
2711 4530 2955 4601 Δρούσου
2988 4533 3269 4605 προύτέθη
3305 4533 3397 4586 ἐπὶ
3427 4527 3509 4583 τοῦ
3533 4527 3664 4597 βήμα-

2154 4637 2244 4683 τος
2269 4636 2285 4652 ’
2316 4620 2414 4674 καὶ
2441 4623 2470 4674 6
2500 4621 2695 4691 Νέρων
2734 4622 2984 4693 γαμϐρὸς
3011 4623 3181 4677 αὐτοῦ
3218 4623 3295 4677 ὢν
3327 4621 3558 4678 ἐπαίνους
3600 4609 3663 4664 ἐπ’

2153 4712 2304 4782 αὐτῷ
2332 4709 2512 4767 εἶπεν.
2549 4713 2609 4767 '0
2644 4713 2701 4766 δὲ
2740 4715 2807 4784 δὴ
2853 4715 3086 4779 θάνατος
3111 4715 3279 4770 αὑτοῦ
3313 4715 3511 4774 πολλοῖς
3534 4705 3662 4764 αἴτιος

2157 4805 2387 4858 θανάτου
2414 4805 2652 4873 ἐγένετο,
2693 4808 2769 4869 ὡς
2824 4809 3112 4877 ὲφησθείσι
3159 4814 3226 4881 τῇ
3257 4809 3488 4876 ἀπωλείᾳ
3521 4797 3659 4858 αὑτοῦ.

2156 4897 2348 4950 Πολλοί
2375 4914 2434 4949 τε
2465 4897 2576 4967 γὰρ
2613 4900 2710 4952 καὶ
2756 4899 2903 4953 ἄλλοι
2952 4900 3231 4963 διώλοντο,
3275 4902 3367 4954 καὶ
3398 4891 3660 4965 Ἀγριππίνα

2157 4989 2294 5058 μετά
2318 4987 2425 5041 τῶν
2446 4989 2653 5043 παίδων
2688 4991 2884 5060 αὐτῆς,
2913 4991 3008 5043 τοῦ
3042 4994 3315 5046 νεωτάτου
3342 4991 3512 5061 χωρίς.
3530 4979 3661 5038 Πολλὰ

2155 5079 2262 5149 γὰρ
2305 5080 2428 5133 κατ’
2456 5081 2627 5149 αὐτῆς
2657 5083 2686 5133 6
2720 5083 2939 5146 Σεῖανὸς
2981 5084 3275 5153 παρώξυνε
3314 5083 3403 5136 τὸν
3448 5078 3657 5145 Τιϐέριον,

2155 5171 2540 5240 προσδοκήσας
2572 5172 2792 5239 ἐκείνης
2831 5175 2969 5243 μετά
2998 5175 3107 5227 τῶν
3133 5176 3344 5229 τέκνων
3376 5167 3660 5239 ἀπολομένης

2153 5267 2219 5335 τῇ
2252 5282 2310 5319 τε
2343 5265 2511 5336 Λιϐίᾳ
2537 5267 2882 5336 συνοικήσειν
2903 5270 2970 5337 τῇ
2994 5268 3089 5320 τοῦ
3118 5267 3356 5338 Δρούσου
3382 5262 3587 5335 γυναικὶ·
3610 5251 3656 5323 ἧς

2150 5360 2280 5429 ἦρα,
2312 5359 2408 5411 καὶ
2443 5358 2506 5411 τὸ
2534 5359 2736 5429 κράτος
2762 5358 2925 5423 ἕξειν,
2956 5360 3181 5429 μηδενὸς
3213 5360 3291 5430 τῷ
3322 5357 3536 5428 Τιϐερίῳ
3558 5365 3657 5415 τδῖ⁶

2150 5452 2407 5518 χανοντος
2441 5449 2706 5519 διαδόχου,
2741 5452 2783 5503 Τ
2788 5453 2845 5504 ὸν
2891 5451 2997 5520 γὰρ
3045 5451 3223 5504 ύῖδοῦν
3275 5451 3446 5519 ἐμίσει
3491 5448 3554 5506 ὡς
3587 5440 3655 5492 καὶ

2153 5540 2437 5609 μοιχίδιον,
2462 5542 2555 5597 καὶ
2582 5543 2775 5605 ἄλλους
2804 5543 2862 5597 δὲ
2897 5543 3122 5606 πολλοὺς
3151 5544 3249 5598 ἐπὶ
3279 5542 3455 5603 ἄλλοις
3486 5531 3649 5591 καὶ

2150 5637 2270 5700 λαις
2316 5639 2543 5704 αἰτίαις,
2573 5641 2694 5702 ταῖς
2720 5639 2777 5691 δέ
2809 5655 2872 5706 γε
2906 5640 3115 5692 πλείοσι
3158 5635 3558 5702 πεπλασμέναιςο
3579 5622 3648 5676 καὶ

2149 5730 2504 5797 ἐφυγάδευσε,
2531 5731 2623 5785 καὶ
2648 5730 2939 5799 διέφθειρε.
2974 5732 3078 5785 Καί
3102 5748 3241 5795 τινα,
3271 5731 3349 5782 ὅτι
3375 5725 3431 5781 τὰ
3452 5720 3528 5776 τοῦ
3547 5710 3651 5770 K15-
