3976 6204
315 251 423 313 929

1553 249 1595 305 Α
1612 244 1966 306 NNALIUM
2004 247 2151 306 LIB.
2195 245 2302 305 XI.

3461 248 3571 311 930

316 382 482 436 σαρος
530 362 626 416 καὶ
680 361 751 415 τὰ
796 360 892 413 τοῦ
928 359 1244 429 Αὐγούστου
1284 360 1559 429 ἱστόρησε,
1588 359 1767 412 καίτοι
1820 361 1896 429 μὴ

2007 376 2140 416 Lxxx
2172 348 2452 416 decessit:
2480 376 2644 430 quam
2681 358 2939 417 Tiberius
2975 379 3079 418 nec
3101 374 3460 435 aegrotantem
3487 369 3573 421 in-

312 455 434 508 κατ’
469 452 701 506 ἐκείνων
737 452 1185 520 συγγεγραφότα,
1223 452 1471 516 ἐκόλασε,
1511 451 1607 504 καὶ
1659 451 1719 503 τὸ
1765 450 1896 516 σύγ-

310 563 551 618 γραμμα
604 546 742 598 ὅπου
785 544 848 614 δὴ
905 543 1001 596 καὶ
1037 543 1234 613 εὑρέθη
1289 542 1652 604 κατέκαυσεν,
1687 542 1769 594 ὅτι
1817 540 1893 611 μὴ

309 638 558 698 ὶκείνους
604 637 891 705 ὲσὲμνυνε.
926 634 1184 695 Πλείονας
1228 633 1284 685 δὲ
1332 633 1407 696 ὡς
1441 633 1604 685 αὑτὸν
1646 631 1889 702 βλασφηο

315 729 561 799 μοῦντας
610 726 907 796 διέφθειρε.
953 726 1063 779 Καί
1102 741 1188 787 τις
1234 726 1468 786 Σαϐῖνος
1527 724 1618 777 ὲπί
1665 725 1894 795 τοιαύτῃ

310 820 717 890 κατηγορηθεὶς
752 818 926 887 αἰτίᾳ,
964 819 1042 881 είς
1074 817 1138 869 τὸ
1171 817 1547 886 δεσμωτήριον
1569 814 1892 887 καθείρχθη,

309 907 433 964 εἶτα
466 913 560 964 καὶ
596 908 890 979 ἑφονεύθη,
917 907 1010 960 καὶ
1045 907 1103 961 τὸ
1130 908 1290 978 σῶμα
1317 906 1484 960 αὐτοῦ
1507 908 1588 970 είς
1612 907 1704 960 τὸν
1729 924 1897 960 ποτα-

314 1005 417 1072 μὸν
473 1003 675 1073 ἐρρίφη
727 1002 836 1056 Καὶ
887 1000 1059 1052 δεινὸν
1112 1000 1210 1069 μὲν
1240 998 1397 1052 τοῦτο
1441 1001 1532 1053 καὶ
1568 999 1689 1053 καθ’
1734 997 1897 1053 ἑαυτὸ

314 1095 521 1149 ἅπασιν
553 1090 656 1163 ἦν’
689 1093 941 1145 ἐδείνωσε
975 1091 1021 1144 δ’
1064 1090 1197 1144 αὐτὸ
1240 1089 1335 1142 ἐπὶ
1383 1088 1570 1143 πλεῖον
1619 1090 1767 1143 κύων
1813 1106 1897 1152 τις

313 1187 410 1239 τοῦ
442 1185 698 1249 Σαϐίνου,
732 1180 1092 1237 συνεισελθὼν
1134 1199 1193 1234 τε
1228 1180 1377 1251 αὐτῷ
1406 1182 1487 1245 είς
1516 1181 1578 1233 τὸ
1612 1181 1900 1252 δεσμωτή-

320 1294 460 1346 ριον.
492 1276 585 1328 καὶ
616 1274 946 1328 ἀποθανόντι
985 1274 1353 1345 παραμείνας,
1386 1271 1481 1325 καὶ
1507 1273 1587 1334 είς
1611 1271 1701 1324 τὸν
1733 1288 1900 1325 ποτα-

319 1368 421 1438 μὸν
447 1367 659 1439 ῥιφέντι
682 1365 1079 1421 συνεισπεσὼν.
1113 1364 1301 1418 Ταῦτα
1335 1364 1506 1435 ταύτῃ
1536 1363 1776 1431 ἐγένετο,
1804 1363 1898 1416 καὶ

317 1461 382 1512 ὲκ
409 1460 519 1512 τῶν
558 1457 775 1512 πολλῶν
807 1458 963 1526 ὀλίγα
994 1458 1297 1528 ἱστόρηται.
1346 1457 1414 1509 Ἦ
1449 1454 1506 1508 δὲ
1533 1455 1695 1508 Λιϐία
1730 1455 1898 1525 ὑπέρ-

315 1568 503 1622 γηρως
561 1552 823 1619 γεγονυῖα
878 1549 1230 1618 μετήλλαξεν,
1279 1548 1338 1615 ἓξ
1386 1547 1602 1617 ζήσασα
1645 1546 1742 1615 ἔτη
1803 1547 1900 1601 καὶ

319 1644 677 1712 ὀγδοήκοντα.
725 1642 835 1695 Καὶ
890 1644 1016 1695 οὕτε
1052 1641 1318 1694 νοσοῦσαν
1360 1639 1533 1710 αὐτὴν
1585 1640 1613 1692 ό
1650 1638 1898 1709 Τιϐέριος

1994 447 2148 513 visit,
2188 463 2288 503 nec
2321 458 2594 502 mortuam
2643 449 2956 525 honoravit,
2999 451 3102 504 nisi
3153 453 3347 506 funere
3375 464 3430 506 et
3461 464 3572 506 sta—

1996 542 2104 596 tuis
2134 541 2489 610 quihusdam.
2522 544 2759 596 Senatus
2781 552 2966 597 autem
2999 544 3320 598 traducendi
3355 544 3571 600 Tiberii

1994 650 2179 692 causa.
2225 634 2436 688 luctum
2491 633 2659 687 totius
2701 637 2833 687 anni
2876 636 3141 689 matronis
3181 635 3377 691 indixit
3425 638 3571 706 quod

1995 733 2051 779 et
2091 724 2298 779 multos
2344 740 2411 778 ex
2445 739 2512 779 eo
2560 724 2758 778 ordine
2806 735 3203 791 conservasset,
3262 737 3318 782 et
3366 728 3575 783 liberos

1996 817 2295 871 multorum
2335 816 2590 878 aluisset,
2635 824 2691 870 et
2731 815 2869 871 ﬁlias
2902 818 3205 871 multorum
3256 820 3568 875 elocassct:

1996 924 2210 964 necnon
2243 908 2380 963 alios
2412 909 2654 964 honores
2689 909 2738 963 ei
2772 908 2987 966 habuit.
3029 910 3137 965 Sed
3175 911 3434 968 Tiberius
3483 931 3575 968 ne-

1996 1001 2132 1055 mini
2163 1002 2462 1071 quidquam
2500 1000 2677 1059 dedit.
2708 1002 2855 1071 quod
2892 1001 2979 1055 illa
3020 1002 3247 1073 legarat.
3273 1006 3574 1060 Enimvero

1997 1095 2139 1149 dicta
2173 1109 2392 1164 quoque
2430 1092 2600 1147 Liviae
2633 1094 2896 1148 nonnulla
2935 1095 3221 1151 referenda
3249 1108 3397 1152 sunt.
3435 1097 3575 1152 Cum

1997 1181 2295 1251 aliquando
2349 1181 2453 1235 viri
2498 1182 2750 1249 aliquot,
2804 1193 3097 1252 propterea
3142 1187 3288 1256 quod
3339 1188 3470 1242 nudi
3522 1189 3574 1243 ei

1997 1273 2393 1333 occurrissent.
2444 1272 2736 1328 occidendi
2790 1286 2997 1341 essent,
3048 1280 3287 1333 servavit
3346 1296 3461 1342 eos,
3520 1290 3611 1355 et.

1998 1363 2170 1418 dixit:
2211 1364 2360 1419 Tales
2389 1365 2522 1419 nihil
2560 1365 2770 1437 (ἅπαντα
2808 1385 2840 1420 a
2885 1370 3099 1434 statuis,
3150 1373 3197 1424 ei
3233 1388 3351 1441 qua:
3381 1375 3575 1443 pudica

1998 1456 2088 1509 sit.
2118 1457 2158 1509 A
2188 1459 2426 1524 quodam
2471 1456 2829 1527 interrogata,
2868 1476 2974 1527 qua
3022 1462 3236 1516 ratione
3268 1465 3576 1535 Augustum

1998 1546 2282 1601 vicisset?
2353 1547 2641 1611 respondit
2681 1587 2697 1612 ,
2770 1547 3029 1603 Castitate
3107 1561 3352 1605 urcurate
3421 1562 3575 1608 tuen-

2000 1639 2110 1702 da,
2172 1649 2218 1692 et
2264 1640 2521 1711 quidquid
2587 1640 2676 1695 ille
2732 1632 2893 1696 voluit
2935 1682 2951 1705 ,
3003 1643 3256 1698 alacriter
3301 1647 3575 1715 faciendo,

319 1733 692 1802 ἐπεσκέψατο,
717 1730 829 1786 οὔτ’
856 1731 1233 1786 ἀποθανοῦσαν
1256 1730 1507 1801 ἐτίμησε,
1533 1729 1676 1799 πλὴν
1714 1730 1882 1799 μόνης

2007 1740 2051 1786 et
2112 1733 2286 1785 nullas
2326 1748 2407 1785 res
2468 1732 2582 1802 ejus
2649 1735 2851 1787 curiose
2911 1735 3258 1804 vestigando;
3322 1746 3372 1789 et
3433 1735 3581 1792 lusus

317 1827 561 1895 ἐκφορᾶς
590 1828 682 1878 tui
709 1824 936 1878 εἰκόνων
961 1825 1142 1876 τινῶν.
1181 1823 1343 1876 Ἀλλὰ
1371 1823 1507 1893 πρὸς
1526 1822 1781 1887 διαϐολὴν
1801 1821 1896 1875 τοῦ

317 1914 573 1985 Τιϐερίου
626 1913 818 1976 πένθος
872 1916 992 1976 ταῖς
1040 1913 1284 1983 γυναιξὶν
1329 1914 1362 1984 ἡ
1405 1912 1567 1983 βουλὴ
1608 1912 1738 1983 παρ’
1776 1912 1898 1966 ὅλον

317 2006 571 2060 ἐνιαυτὸν
622 2005 711 2059 ἐπ’
754 2007 891 2076 αὐτῇ
934 2004 1260 2076 ἐψηφίσατο,
1308 2005 1404 2059 καὶ
1450 2004 1533 2058 δτι
1572 2003 1629 2057 δὲ
1671 2003 1900 2066 πολλοὺς

316 2102 500 2157 αὐτῶν
532 2098 797 2153 ὲσεσώκει
854 2100 947 2152 καὶ
975 2099 1174 2161 παῖδας
1215 2092 1428 2152 πολλῶν
1477 2095 1755 2166 ὲτετρόρει
1803 2094 1892 2147 x6-

321 2211 422 2265 ρας
449 2210 507 2245 τε
540 2192 784 2245 πλείοσιν
812 2188 1147 2257 ἐξεδεδὼκει,
1189 2189 1287 2244 καὶ
1313 2187 1479 2250 ἄλλας
1512 2186 1680 2256 τιμὰς
1717 2185 1900 2254 ἐκείνῃ

316 2286 651 2356 ἀπένειμαν.
683 2285 849 2340 Οὐδὲν
890 2284 946 2337 δὲ
983 2283 1095 2337 τῶν
1134 2300 1245 2338 τισι
1298 2280 1770 2351 καταλειφθέντων
1811 2279 1904 2331 ὑπ’

317 2377 535 2447 ἐκείνης
572 2378 805 2431 δέδωκεν
860 2378 888 2429 ό
941 2376 1217 2448 Τιϐέριος.
1264 2373 1805 2444 Ἀπομνημονευτέον
1847 2368 1902 2423 δὲ

318 2472 418 2524 καὶ
444 2472 553 2523 τῶν
576 2469 709 2539 παρ’
744 2469 965 2538 ἐκείνης
995 2467 1307 2539 εἰρημένων
1336 2466 1513 2519 ὲνίων.
1551 2464 1785 2529 Λέγεται
1814 2461 1899 2516 ὅτι

320 2575 567 2635 γυμνούς
602 2576 732 2616 ποτε
766 2562 963 2633 ἄνδρας
996 2562 1133 2631 αὐτῇ
1164 2558 1606 2627 ἀπαντήσαντας,
1638 2554 1733 2607 καὶ
1769 2551 1900 2621 μέλ-

2005 1822 2117 1891 ejus
2161 1839 2423 1885 venerans,
2478 1823 2695 1891 perinde
2729 1840 2790 1877 ac
2827 1826 2872 1877 si
2912 1841 3049 1879 circa
3085 1836 3133 1879 et
3185 1827 3352 1880 surda
3385 1843 3574 1892 essent,

2005 1911 2413 1966 dissimulando.
2473 1912 2739 1985 Sejanum
2785 1913 3040 1969 Tiberius
3084 1915 3151 1970 ad
3197 1932 3448 1987 magnam
3477 1932 3579 1972 au-

2009 2004 2322 2058 ctoritatem
2347 2015 2622 2068 evectum,
2662 2004 3047 2075 desponsaqne
3071 2006 3214 2061 Julia
3249 2007 3406 2061 Drusi
3443 2007 3574 2070 lilia.

2002 2097 2218 2150 curavit
2264 2111 2295 2151 a
2323 2107 2516 2150 senatu
2554 2097 2750 2166 capitis
2791 2098 3298 2165 condemnandum,
3346 2102 3580 2172 ejusque

2006 2187 2261 2242 cadaveri
2298 2203 2396 2257 per
2426 2187 2670 2241 triduum
2707 2191 2976 2260 projecto,
3028 2191 3223 2261 vulgus
3273 2192 3577 2248 iusultavit.

2005 2278 2213 2333 Deinde
2248 2279 2306 2332 id
2347 2279 2399 2332 in
2447 2278 2730 2333 Tiberium
2770 2282 3028 2351 proiecit.
3072 2281 3214 2338 Sunt
3255 2284 3377 2354 ejus
3421 2285 3580 2340 liberi

2006 2371 2489 2427 senatusconsulto
2531 2370 2828 2426 interfecti.
2889 2372 3037 2428 Uxor
3078 2374 3197 2439 eius
3234 2374 3351 2445 ipsa
3387 2392 3585 2433 manus

2010 2460 2115 2517 sibi
2165 2461 2374 2515 attulit.
2416 2461 2593 2515 Etiam
2625 2462 2716 2515 alii
2751 2464 2870 2532 ejus
2905 2479 3068 2519 causa
3093 2465 3401 2536 perierunt,
3452 2485 3583 2538 par-

2018 2549 2115 2607 tim
2150 2566 2180 2603 a
2208 2564 2352 2612 sese,
2383 2551 2583 2619 partim
2613 2551 2680 2604 ab
2712 2551 2837 2605 aliis
2860 2553 3054 2607 occisi.

316 2664 516 2720 λοντας
539 2657 629 2711 διὰ
653 2657 815 2711 τοῦτο
840 2655 1242 2724 θανατωθῆναι,
1265 2652 1489 2717 ἔσωσεν,
1520 2649 1770 2712 εἰποῦσα,
1829 2649 1910 2701 ἂτι
1977 2645 2170 2702 οὐδὲν
2205 2644 2577 2711 ἀνδριάντων
2613 2645 2739 2711 ταῖς
2789 2647 3248 2716 σωφρονούσαις
3293 2652 3349 2704 ol
3386 2649 3585 2704 τοιοῦ-

310 2766 413 2803 τοι
459 2747 871 2817 διαφέρουσιν.
928 2744 1219 2816 Ἐρομένου
1264 2741 1324 2795 δέ
1372 2757 1517 2804 τινος
1545 2738 1737 2810 αὐτὴν,
1768 2737 1890 2802 ιΙῶς
1930 2740 2027 2790 καὶ
2090 2734 2144 2787 τί
2170 2734 2353 2802 δρῶσα
2416 2732 2508 2784 τοῦ
2574 2732 2886 2799 Αὐγούστου
2955 2738 3408 2808 κατεκράτησας;
3446 2740 3583 2792 ἀπε-

313 2846 577 2912 κρίνατο,
611 2843 695 2895 ὅτι
739 2839 903 2907 Αὐτή
944 2856 1008 2892 τε
1046 2834 1302 2906 ἀκριϐῶς
1341 2834 1763 2903 σωφρονοῦσα.
1803 2830 1901 2884 καὶ
1938 2829 2137 2883 πάντα
2193 2828 2267 2880 τὰ
2325 2825 2624 2882 δοκοῦντα
2649 2826 2808 2892 αὐτῷ
2836 2826 3023 2895 ἡδέως
3045 2828 3325 2894 ποιοῦσα,
3354 2831 3451 2885 καί
3472 2844 3584 2898 μη·

313 2936 436 2989 ὅὲν
500 2934 620 2988 τῶν
667 2934 905 2989 ἐκείνου
970 2926 1604 2998 πολυπραγμονοῦσα,
1671 2922 1771 2976 καὶ
1827 2921 1903 2976 τὰ
1939 2918 2265 2990 ἀφροδίσια
2310 2918 2498 2974 αὑτοῦ
2579 2918 2884 2986 ἀθύρματα
2936 2920 3075 2986 μήτ’
3114 2920 3361 2975 ἀκούειν
3442 2923 3583 2993 μήτ’

314 3031 722 3089 αίσθάνεσθαι
745 3025 1263 3098 προσποιουμένη.
1295 3024 1404 3077 Τὸν
1430 3023 1487 3076 δὲ
1548 3018 1771 3074 Sciatva
1836 3021 1864 3073 ὁ
1926 3015 2178 3087 Τιϐέριος
2258 3015 2348 3067 ἐπὶ
2401 3015 2544 3085 μέγα
2600 3014 2758 3085 δόξης
2808 3016 3042 3085 ἐπάρας,
3073 3017 3167 3070 καὶ
3197 3015 3467 3086 κηδεστὴν
3491 3019 3584 3077 ἐπὶ

330 3126 536 3196 Ἰουλίᾳ
563 3127 628 3196 τῇ
666 3123 758 3178 τοῦ
784 3120 1027 3191 Δρούσου
1057 3118 1290 3188 θυγατρὶ
1323 3114 1716 3185 ποιησάμενος,
1782 3110 2012 3182 ὕστερον
2082 3110 2313 3169 ἔκτεινε,
2379 3108 2477 3177 τῆς
2508 3109 2799 3178 γερουσίας
2847 3108 3079 3164 θάνατον
3109 3110 3275 3164 αὐτοῦ
3341 3113 3588 3180 καταψη-

317 3222 643 3294 φισαμένης
669 3219 877 3288 σπουδῇ
914 3214 1106 3277 αὑτοῦ,
1144 3216 1237 3268 καὶ⁸
1295 3211 1373 3282 τῷ
1405 3210 1620 3281 σώματι
1684 3207 1851 3262 αὑτοῦ
1887 3208 1981 3260 ἐπὶ
2020 3207 2198 3275 τρισὶν
2253 3203 2491 3274 ἡμέραις
2542 3203 2863 3274 ἐρριμμένῳ
2914 3204 2977 3257 τὸ
3026 3205 3230 3276 πλῆθος
3278 3206 3587 3277 ἑνύϐρισεν,

318 3317 451 3375 εἶτα
479 3321 562 3383 είς
592 3319 682 3370 τὸν
721 3314 967 3383 ποταμὸν
1012 3310 1263 3365 ἐνέϐαλε.
1300 3309 1382 3363 Τά
1448 3324 1510 3360 τε
1550 3304 1737 3361 παιδία
1813 3304 1982 3358 αὑτοῦ
2020 3301 2165 3357 κατὰ
2225 3300 2403 3369 δόγμα
2460 3299 2730 3366 ἀπέθανε,
2785 3301 2880 3354 καὶ
2942 3303 2974 3371 ή
3038 3303 3176 3372 γυνὴ
3230 3304 3399 3357 αὐτοῦ
3460 3307 3589 3358 ἐαυ-

317 3414 428 3485 τὴν
458 3410 806 3481 διεχρήσατο.
831 3406 942 3460 Καὶ
973 3404 1123 3459 ἄλλοι
1156 3403 1223 3457 δι’
1263 3403 1472 3455 ἐκεῖνον
1502 3399 1806 3466 ἀπώλοντο,
1844 3399 1893 3451 οἱ
1929 3396 2028 3468 μὲν
2066 3393 2292 3458 ἑαυτοὺς
2316 3393 2621 3462 ἀνελόντες,
2655 3395 2705 3448 οἱ
2735 3394 2792 3448 δὲ
2825 3394 2913 3465 ὑφ’
2940 3394 3144 3466 ἐτέρων
3184 3395 3587 3467 ἀναιρεθέντες.

400 3529 478 3581 Γ’.
530 3524 785 3593 Τιϐέριος
843 3519 900 3573 δὲ
963 3522 1100 3588 πρὸς
1148 3517 1261 3578 τοῖς
1296 3515 1479 3576 ἄλλοις
1522 3518 1613 3566 καὶ
1653 3511 1743 3566 διὰ
1780 3512 1904 3574 τοὺς

2081 3509 2176 3562 IlI.
2205 3508 2426 3563 Tiberio
2462 3517 2660 3577 praeter
2685 3507 2790 3561 alia
2821 3507 3046 3577 ﬂagitia,
3077 3509 3244 3564 etiam
3269 3520 3457 3578 stupra
3489 3524 3590 3565 no-

320 3620 560 3688 ἔρωτας.
614 3611 694 3675 οἷς
741 3611 985 3680 ἀσελγῶς
1023 3627 1082 3662 τε
1126 3610 1221 3662 καὶ
1270 3607 1499 3668 ἀναιδῶς
1555 3607 1753 3677 ἐχρῆτο
1800 3605 1909 3658 τῶν

324 3708 745 3777 εὐγενεστάτων
779 3704 873 3757 καὶ
909 3703 1158 3774 ἀρρένων
1186 3702 1281 3754 καὶ
1307 3698 1537 3769 θηλειῶν
1565 3697 1905 3752 διεϐάλλετο·

326 3808 430 3861 καὶ
464 3804 552 3857 διὰ
589 3803 681 3854 τὸν
710 3802 810 3871 τῆς
849 3797 1219 3867 Ἀγριππίνης
1247 3793 1342 3848 τοῦ
1372 3810 1432 3845 τε
1463 3791 1703 3863 Δρούσου
1744 3791 1912 3845 θάνα-

324 3915 428 3953 τον
465 3899 522 3959 ἐς
559 3894 826 3963 ὠμότητα
867 3890 1208 3960 ἐλοιδορεῖτο.
1240 3884 1537 3947 Δοκοῦντες
1579 3884 1688 3951 γὰρ
1724 3883 1774 3936 οἱ
1812 3883 1909 3937 ἄν·

326 3990 543 4061 θρωποι
570 3987 676 4041 ὑπὸ
706 3985 801 4039 τοῦ
828 3981 1053 4038 Σεῖανοῦ
1081 3982 1261 4034 πάντα
1289 3979 1357 4032 τὰ
1389 3978 1509 4032 κατ’
1541 3976 1762 4030 ἐκείνων
1786 3974 1914 4046 πρό-

325 4096 494 4150 τερον
514 4076 784 4147 γίνεσθαι,
808 4075 883 4136 ὡς
915 4073 1202 4135 κάκείνους
1228 4070 1522 4139 κτανθῆναι
1544 4067 1748 4137 ἔμαθον
1773 4066 1908 4135 μετὰ

326 4171 434 4239 τὴν
459 4169 672 4221 ἐκείνου
709 4164 942 4237 φθοράν,
985 4161 1397 4233 ὑπερήλγησαν.
1428 4158 1471 4210 Τ
1475 4161 1534 4211 ὸν
1559 4158 1617 4210 δὲ
1654 4158 1718 4227 δὴ
1753 4158 1911 4210 Γάϊον

327 4264 428 4314 τὸν
455 4258 723 4329 νεώτερον
770 4258 878 4310 τῶν
926 4254 1022 4309 τοῦ
1064 4250 1408 4325 Γερμανικοῦ
1453 4250 1660 4302 παίδων
1704 4248 1913 4317 ταμίαν

331 4352 617 4417 ἀπέδειξε·
642 4354 737 4404 τὸν
756 4349 865 4420 γὰρ
906 4348 1130 4417 ἔγγονον
1164 4345 1254 4397 τὸν
1288 4343 1558 4411 Τιϐέριον,
1584 4342 1666 4394 ὅτι
1690 4356 1750 4392 τε
1782 4355 1910 4394 παι-

331 4448 447 4502 δίον
498 4441 590 4516 ἦν,
620 4444 718 4497 καὶ
766 4443 848 4496 ὅτι
903 4442 979 4511 μὴ
1032 4437 1173 4492 εἶναι
1220 4435 1316 4490 τοῦ
1372 4434 1611 4504 Δρούσου
1645 4434 1776 4494 παῖς
1813 4430 1915 4482 ὑπ-

331 4537 639 4601 ωπτεύετο,
680 4532 965 4605 παρεώρα.
1002 4530 1092 4600 Τῷ
1122 4529 1267 4598 Γαΐῳ
1300 4527 1355 4579 δὲ
1383 4525 1456 4589 ὡς
1491 4526 1585 4578 καὶ
1633 4521 1914 4592 μοναρχή-

332 4647 487 4685 σοντι
524 4629 839 4699 προσεῖχεν.
886 4623 1102 4692 Ἢγνόει
1140 4621 1248 4690 γὰρ
1303 4617 1456 4671 οὐδὲν
1504 4614 1613 4666 τῶν
1652 4614 1793 4667 κατὰ
1820 4614 1914 4665 τὸν

334 4722 521 4787 Γάϊον,
545 4719 683 4773 ἀλλὰ
721 4718 818 4770 καὶ
860 4714 965 4785 ἔφη
1002 4713 1132 4767 ποτὲ
1173 4710 1321 4780 αὑτῴ
1365 4703 1747 4777 διαφερομένῳ
1778 4702 1913 4773 πρὸς

333 4815 427 4866 τὸν
459 4812 711 4881 Τιϐέριον
758 4811 839 4862 ὅτι
890 4808 973 4862 Σύ
1039 4822 1102 4859 τε
1149 4802 1363 4856 τοῦτον
1389 4795 1760 4862 ἀποκτενεῖς,
1816 4793 1914 4850 καὶ

334 4907 528 4974 ἕτεροι
555 4904 648 4959 σέ.
683 4901 824 4955 Οὔτε
867 4901 925 4953 δὲ
971 4896 1158 4968 ἔτερόν
1187 4911 1307 4947 τινα
1337 4892 1538 4962 ὁμοίως
1568 4891 1914 4960 προσήκοντα

338 4999 524 5069 ἑαυτῷ
557 4999 718 5069 ἔχων,
766 4997 861 5051 καὶ
892 4996 1099 5048 ἐκεῖνον
1133 4989 1287 5050 εἰδὼς
1329 4988 1590 5056 ἐσόμενον
1634 4983 1914 5046 κάκιστον,

339 5094 596 5163 ἀσμένως
624 5090 722 5159 τὴν
754 5088 953 5159 ἀρχὴν,
996 5084 1069 5147 ῶς
1097 5098 1253 5151 φασι,
1285 5078 1516 5131 δέδωκεν
1560 5074 1732 5143 αὐτῷ,
1766 5073 1915 5136 ὅπως

338 5190 407 5255 τῇ
450 5183 545 5237 τοῦ
582 5183 742 5234 Γαΐου
776 5180 873 5249 τῆς
914 5177 1111 5237 κακίας
1145 5169 1421 5241 ὑπερϐολῇ
1457 5168 1526 5220 τὰ
1549 5163 1748 5218 ἑαυτοῦ
1779 5180 1916 5234 κρυ-

340 5278 527 5347 φθείη,
560 5276 655 5330 καὶ
678 5276 739 5327 τὸ
776 5272 1024 5325 πλεῖστον
1049 5270 1141 5321 καὶ
1173 5264 1559 5331 εὐγενέστατον
1589 5259 1692 5327 τῆς
1723 5255 1917 5327 βουλῆς

341 5373 529 5441 φθαρῇ
560 5366 925 5438 παρελθόντος
950 5358 1139 5417 αὑτοῦ.
1180 5358 1414 5424 Λέγεται
1444 5353 1501 5406 δὲ
1537 5353 1630 5405 καὶ
1654 5348 1913 5413 πολλάκις

339 5460 788 5531 ἀναφθέγξασθαι
812 5457 968 5511 τοῦτο
995 5455 1060 5526 δὴ
1093 5452 1153 5505 τὸ
1182 5451 1409 5522 ἀρχαῖον
1432 5462 1449 5479 ⁸

570 5573 748 5646 Ἐμοῦ
772 5574 1064 5635 θανόντος
1089 5566 1225 5636 γαῖα
1246 5563 1513 5635 μιχθήτω
1542 5558 1712 5628 πυρί,

344 5699 441 5755 καὶ
490 5696 584 5751 τὸν
630 5692 881 5766 Πρίαμον
935 5685 1260 5762 μακαρίζειν
1292 5685 1374 5738 ὅτι
1418 5681 1588 5755 ἄρδην
1624 5678 1763 5750 μετὰ
1810 5676 1910 5746 τῆς

2014 3599 2302 3656 bilissimis
2334 3602 2621 3670 utriusque
2647 3616 2811 3654 sexus
2854 3606 3291 3670 intemperanter
3315 3612 3373 3655 et
3408 3602 3589 3671 impne

2013 3690 2210 3746 denter
2242 3693 2416 3757 illata,
2452 3694 2658 3763 probro
2688 3695 2813 3749 data
2845 3705 2974 3749 sunt
3011 3712 3026 3750 :
3068 3706 3124 3751 et
3151 3706 3375 3767 propter
3395 3695 3589 3766 Agrip-

2012 3784 2156 3855 pina:
2186 3794 2243 3839 et
2264 3785 2426 3840 Drusi
2453 3802 2645 3840 necem
2680 3787 3025 3843 crudelitatis
3057 3789 3282 3844 nomine
3324 3793 3465 3847 male
3489 3808 3589 3846 au-

2013 3876 2178 3930 divit.
2209 3875 2348 3931 Nam
2380 3892 2504 3933 cum
2552 3877 2707 3947 prius
2736 3887 2997 3948 putarent
3043 3879 3298 3936 homines
3325 3898 3354 3936 a
3386 3882 3590 3953 Sejano

2013 3973 2207 4021 contra
2232 3965 2355 4022 illos
2383 3967 2568 4021 omnia
2602 3967 2743 4034 ﬁeri,
2772 3984 2896 4023 cum
2925 3984 3025 4024 eos
3057 3968 3225 4024 etiam
3248 3982 3371 4041 post
3399 3973 3587 4044 Seiani

2020 4055 2308 4112 interitum
2357 4058 2571 4114 occisos
2617 4074 2743 4114 esse
2782 4063 3192 4131 cognovissent,
3228 4063 3591 4121 vehementer

2014 4145 2335 4201 doluerunt.
2367 4145 2563 4203 Caium
2606 4162 2676 4203 ex
2716 4147 3030 4205 Germanici
3073 4150 3230 4221 551
3290 4153 3417 4209 ﬁliis
3452 4167 3585 4209 natu

2013 4237 2326 4303 minimum,
2368 4247 2698 4307 quaestorem
2739 4240 3065 4311 designavit.
3114 4243 3250 4298 Nam
3304 4244 3585 4301 Tiberium

2014 4336 2272 4398 nepotem
2308 4338 2423 4384 tum
2472 4330 2544 4386 ob
2603 4333 2921 4402 pueritiam,
2979 4343 3094 4389 tum
3141 4336 3271 4405 quia
3345 4338 3588 4407 suspicio

2014 4431 2133 4479 erat
2180 4437 2211 4477 e
2263 4422 2441 4478 Druso
2502 4438 2614 4480 non
2661 4439 2784 4481 esse
2832 4434 3022 4481 natum
3052 4465 3068 4489 ,
3127 4427 3399 4496 despexit.
3446 4430 3587 4501 Erga

2014 4515 2206 4571 Caium
2231 4531 2363 4571 vero
2392 4516 2466 4572 ita
2491 4531 2551 4573 se
2574 4518 2926 4589 gessit.quasi
2958 4520 3005 4575 is
3035 4521 3403 4590 imperaturus
3418 4535 3587 4580 esset.

2016 4608 2162 4664 Nihil
2191 4612 2338 4666 enim
2366 4623 2550 4664 rerum
2587 4611 2709 4681 ejus
2739 4612 3018 4681 ignorans,
3047 4614 3217 4668 semel
3254 4615 3306 4669 ei
3338 4631 3463 4670 cum
3497 4617 3587 4671 Ti.

2018 4699 2177 4754 berio
2215 4709 2416 4768 nepote
2452 4684 2692 4765 rixanti,
2743 4700 2928 4756 dixit:
2983 4703 3051 4756 Et
3082 4712 3139 4757 tu
3165 4705 3323 4759 istum
3365 4707 3587 4773 occides,

2021 4801 2070 4845 et
2094 4791 2192 4846 alii
2244 4802 2314 4846 te.
2349 4792 2418 4848 Et
2439 4794 2694 4863 quamvis
2724 4795 2893 4849 sciret
2937 4810 3064 4850 eum
3109 4794 3226 4851 fore
3265 4786 3586 4867 pessimum,

1939 4855 1992 4915 Β
2022 4889 2205 4935 tamen
2242 4855 2537 4951 imperium
2563 4881 2818 4957 libenter.
2837 4882 2890 4936 ei
2918 4882 3072 4937 dedit
3099 4922 3116 4949 ,
3151 4855 3277 4939 tum.
3303 4886 3450 4955 quod
3490 4855 3591 4942 ne;

2021 4970 2227 5027 minem
2284 4987 2442 5041 mque
2488 4972 2860 5042 propinquum
2907 4973 3166 5040 habebat,
3209 4985 3322 5033 tum
3373 4985 3432 5031 ut
3471 4978 3593 5049 ejus

2017 5062 2219 5132 insigni
2272 5062 2627 5133 improbitate
2682 5077 2780 5116 sua
2858 5062 2990 5117 vitia
3040 5066 3479 5128 occultarentur,
3533 5075 3591 5121 et

2018 5156 2254 5209 maxima
2282 5165 2339 5210 et
2367 5156 2711 5211 nobilissima
2752 5164 2983 5210 senatus
3019 5172 3149 5227 pars
3174 5158 3447 5214 interiret.
3491 5158 3593 5214 Ve-

2024 5254 2204 5303 terum
2233 5248 2387 5304 illum
2409 5248 2767 5310 versiculum,

2254 5548 2343 5603 Me
2390 5558 2597 5604 mortuo
2638 5553 2925 5621 conﬂagret
2952 5558 3091 5603 terra
3112 5547 3377 5611 inccndio,

2019 5672 2076 5729 in
2097 5686 2191 5728 ore
2211 5670 2491 5739 habuisse,
2517 5679 2571 5726 ct
2601 5669 2804 5725 Priami
2838 5669 3086 5723 fortunas
3112 5665 3363 5721 laudasse
3390 5663 3589 5734 fertur,
