3976 6204
569 235 671 302 931
759 259 762 264 ·

1831 225 2149 287 JOANNIS

2228 225 2516 288 LONARE
3649 235 3729 300 932

565 340 710 410 quod
728 337 976 392 funditus
993 352 1118 392 cum
1136 337 1313 406 patria
1332 344 1388 390 et
1405 348 1572 406 regno
1597 331 1897 387 interisset.
1913 330 2147 386 Senato-

2247 334 2506 404 πατρίδος
2553 334 2648 388 καὶ
2691 336 2790 404 τῆς
2823 333 3105 403 βασιλείας
3148 333 3401 389 ἀπώλετο.
3440 336 3665 395 Τοσοῦτον
3688 341 3728 398 ὁὶ

571 448 689 486 rum
705 439 855 484 certe
883 429 1108 498 quidem
1129 439 1185 482 ct
1209 428 1442 482 aliorum
1467 434 1619 481 tanta
1648 422 1948 478 multitudo
1971 423 2142 476 inter-

569 526 708 579 l‘eeta
728 533 834 588 est,
861 532 922 576 ut
942 537 1048 575 non
1070 530 1257 575 essent
1286 518 1381 590 qui
1401 517 1803 588 provinciarum
1819 513 2146 585 praesidibus

570 630 922 671 successores
966 613 1087 667 dari
1135 622 1381 682 possent.
1423 612 1501 665 Ac
1534 609 1627 664 alii
1673 609 1809 662 alias
1851 607 1923 661 ob
1953 620 2148 661 causas

573 720 678 763 tam
705 709 870 762 falsas
895 723 1059 778 quam
1087 721 1246 760 veras
1277 704 1699 759 occidebantur.
1731 701 1988 755 [Emilius
2017 713 2147 753 vero

571 803 812 857 Scaurus
859 800 930 854 ob
960 798 1186 852 Atreum
1225 795 1569 866 tragaaliam,
1627 795 1681 847 in
1732 809 1841 864 qua
1889 791 2148 846 monebat

572 892 866 963 quemdam
898 900 954 943 ut
983 890 1248 959 principis
1277 888 1646 942 temeritatem
1695 885 1886 947 ferret,
1921 881 2147 937 interfe-

571 993 694 1036 ctus
735 992 837 1036 cst.
868 981 1002 1034 Nam
1040 979 1293 1032 Tiberius
1318 978 1407 1031 illa
1451 985 1639 1031 contra
1679 991 1738 1030 se
1770 974 2002 1029 conﬁcta
2027 973 2146 1028 exi-

573 1076 827 1136 stimans,
848 1072 1015 1125 dixit:
1043 1074 1152 1140 Ego
1181 1087 1299 1123 vero
1333 1069 1486 1121 illum
1506 1067 1720 1136 Ajacem
1745 1066 1961 1135 faciant,
1994 1078 2149 1116 eum-

573 1181 680 1235 que
734 1165 839 1218 sibi
875 1178 1073 1217 manus
1115 1161 1312 1215 atl'erre
1359 1161 1556 1229 coegit.
1600 1160 1747 1213 lnter
1807 1157 1921 1210 haec
1958 1155 2148 1209 adole-

573 1270 735 1310 sccns
765 1253 983 1322 quidam
1006 1250 1279 1305 inGraecia
1309 1259 1364 1303 et
1393 1249 1539 1302 lonia
1574 1263 1632 1302 sc
1663 1249 1898 1300 Drusum
1923 1259 2043 1300 esse
2068 1259 2150 1313 ja-

577 1353 758 1403 ctans,
790 1341 990 1411 cupide
1035 1355 1064 1392 a
1105 1339 1418 1394 civitatibus
1467 1349 1549 1392 est
1595 1345 1886 1405 susceptus
1925 1351 1939 1387 :
1982 1349 2047 1388 ac
2092 1334 2148 1389 in

579 1433 790 1504 Syriam
821 1445 996 1502 usque
1037 1445 1384 1499 progressus,
1418 1431 1662 1499 legiones
1705 1431 1871 1483 etiam
1903 1429 2148 1496 accepis-

575 1537 680 1590 set,
707 1525 813 1579 nisi
840 1525 1058 1594 agnitus
1091 1540 1121 1577 a
1152 1523 1389 1592 quodam
1429 1531 1484 1576 et
1515 1531 1731 1590 captus.
1763 1523 1831 1576 ad
1861 1521 2146 1576 Tiberium

574 1617 688 1672 Caii
722 1617 944 1684 nuptias
960 1615 1107 1668 Antii
1132 1616 1500 1668 celebrantem
1549 1616 1846 1683 perductus
1877 1622 2042 1668 esset.
2073 1613 2149 1667 Eo

2247 425 2454 496 πλῆθος
2481 426 2592 480 τῶν
2621 443 2680 480 τε
2707 425 3012 497 βουλευτῶν
3039 427 3133 479 καὶ
3159 425 3266 477 τῶν
3290 425 3452 479 ἄλλων
3478 429 3730 504 διέφθαρτο,

2246 517 2388 570 ῶστε
2422 519 2550 582 τοὺς
2583 518 2683 581 τὰς
2726 518 3026 588 ἡγεμονίας
3071 517 3180 570 τῶν
3218 518 3380 571 ἐθνῶν
3411 521 3604 592 ἔχοντας
3630 530 3733 581 ἀπο-

2249 611 2341 680 ρίᾳ
2389 608 2497 663 τῶν
2537 609 2738 672 αὐτοὺς
2767 609 3161 680 διαδεξομένων
3192 609 3491 679 ἀδιαδόχους
3518 609 3651 671 εἶναι.
3689 620 3734 673 θί

2250 703 2348 771 μὲν
2376 697 2472 756 οὖν
2501 701 2654 756 ἄλλοι
2683 701 2750 755 δι’
2777 700 2946 764 ἄλλας
2977 701 3158 762 αἰτίας
3186 702 3278 753 καὶ
3309 701 3506 769 ψευδεῖς
3537 707 3616 757 καὶ
3638 708 3736 779 ἀλη.

2248 793 2360 857 θεῖς
2406 793 2778 848 ὲκτιννύοντο.
2810 792 3062 862 Αἰμίλιος
3099 791 3155 845 δὲ
3205 792 3438 862 Σκαῦρος
3464 795 3543 848 διὰ
3567 814 3736 867 τραγῳ.

2246 885 2364 938 δίαν
2409 885 2704 941 ἀπέθανεν.
2759 887 2986 956 Ἀτρεὺς
3033 884 3135 954 μὲν
3189 885 3295 954 γὰρ
3344 887 3403 938 τὸ
3455 889 3636 959 ποίημα
3674 888 3738 961 ἦν,

2249 975 2484 1047 παρῄνει
2519 976 2574 1029 δὲ
2605 977 2715 1029 τῶν
2747 975 3072 1046 ἀρχομένων
3097 977 3221 1041 τινὶ,
3248 977 3344 1047 τὴν
3368 981 3454 1032 τοῦ
3477 981 3739 1050 κρατοῦντος

2249 1070 2507 1122 ἀϐουλίαν
2536 1069 2747 1138 φέρειν.
2782 1065 2987 1122 Μαθὼν
3020 1063 3115 1120 οὖν
3142 1067 3316 1121 ταῦτα
3365 1070 3392 1120 6
3427 1070 3740 1140 Τιϐέριο;.ὲπ’

2249 1161 2410 1214 αὐτὸν
2447 1159 2777 1229 πεποιῆσθαι
2804 1159 2864 1212 τὸ
2895 1159 3025 1222 ἔπος
3046 1159 3292 1229 ἐνόμισε,
3327 1163 3415 1214 καὶ
3441 1157 3577 1214 εἶπεν
3613 1165 3739 1233 Κάγὼ

2248 1247 2363 1306 οὖν
2393 1252 2619 1305 Αἴαντα
2658 1249 2846 1304 αὐτὸν
2876 1248 3132 1314 ποιήσω,
3185 1250 3279 1302 καὶ
3317 1251 3556 1322 αὺθεντίᾳ
3595 1254 3737 1308 diro)!-

2251 1343 2375 1397 σθαι
2411 1342 2573 1398 αὑτὸν
2617 1342 2948 1412 ἠνάγκασεν.
2996 1341 3087 1396 Ἐν
3136 1342 3346 1406 τούτοις
3393 1346 3640 1408 νεανίσκος
3679 1363 3737 1412 τις

2249 1437 2488 1505 Δροῦσος
2517 1432 2664 1488 εῖναι
2694 1435 2888 1499 λέγων,
2919 1435 3048 1506 περί
3076 1453 3133 1487 τε
3167 1434 3266 1504 τὴν
3303 1435 3516 1489 Ἐλλάδα
3558 1440 3633 1490 καὶ
3669 1440 3736 1507 τὴν

2262 1527 2474 1581 Ἰωνίαν
2498 1525 2677 1597 ῶιρθη.
2707 1527 2819 1580 Καὶ
2868 1527 3119 1592 ἐδέξαντο
3150 1527 3314 1580 αὐτὸν
3350 1529 3582 1596 ἀσμένως
3612 1531 3738 1583 alni-

2249 1621 2386 1683 λεις,
2419 1619 2510 1672 καὶ
2549 1619 2654 1672 κᾶν
2686 1619 2743 1681 ἐς
2777 1618 2878 1688 τὴν
2926 1619 3129 1688 Συρίαν
3186 1621 3535 1689 προχωρήσας
3567 1621 3737 1690 κατέσχε

577 1723 720 1762 anno
750 1707 970 1759 Tiberis
996 1705 1164 1758 multa
1197 1705 1354 1758 urbis
1387 1707 1504 1758 loca
1529 1704 1609 1758 sic
1629 1704 1937 1770 inundavit,
1965 1711 2025 1757 ut
2051 1717 2148 1757 na-

2250 1711 2316 1763 τά
2360 1709 2720 1779 στρατόπεδα,
2758 1711 2808 1762 εί
2834 1683 2916 1779 ⁷μή
2953 1683 3039 1773 τις
3079 1683 3336 1778 ἐπιγνούς
3367 1683 3513 1764 αὑτὸν
3543 1683 3735 1766 συνέλαϐε

579 1798 910 1867 vigarentur,
948 1805 1004 1849 et
1039 1795 1146 1865 igni
1182 1795 1416 1864 plurima
1442 1793 1670 1847 aadilicia
1695 1801 1822 1847 sunt
1842 1801 2144 1862 assumpta.

575 1887 730 1954 Quod
787 1887 830 1940 si
863 1885 994 1955 quid
1039 1885 1362 1956 Egyptiaca
1411 1884 1478 1937 ad
1523 1885 1796 1938 Romanos
1846 1882 2146 1952 pertinent,

577 1979 803 2050 phoenix
833 1993 900 2032 eo
933 1991 1079 2030 anno
1111 1985 1441 2045 conspectus
1484 1984 1570 2030 est
1599 1993 1612 2030 :
1661 1990 1782 2043 quae
1820 1990 1907 2028 res
1940 1974 2146 2028 Tiberii

583 2081 814 2124 mortem
875 2068 1207 2139 portendere
1256 2068 1606 2122 videbantur.
1649 2067 1753 2133 Qui
1797 2082 1920 2121 cum
1975 2066 2148 2120 multo

579 2173 706 2216 ante
745 2171 1075 2232 aegrotaret,
1110 2176 1289 2230 neque
1323 2161 1501 2215 victus
1545 2160 1812 2214 rationem
1865 2158 2148 2223 mutabat,

577 2270 756 2324 neque
778 2254 1007 2308 medicis
1047 2254 1302 2307 utebatur
1347 2261 1576 2322 propter
1609 2250 1900 2320 Thrasyllii
1932 2248 2098 2304 verba
2132 2265 2145 2301 :

575 2347 666 2416 qui
712 2362 837 2400 eum
888 2355 945 2400 et
991 2345 1134 2399 diem
1165 2354 1222 2399 et
1251 2347 1438 2398 horam
1476 2345 1669 2398 mortis
1724 2344 1844 2411 ejus
1877 2339 2150 2410 exquisite

577 2447 783 2500 nosset,
830 2437 878 2490 ei
912 2436 1126 2490 dixerat
1161 2436 1490 2490 decennium
1537 2434 1718 2488 adhuc
1747 2435 2047 2496 victurum,
2090 2440 2150 2486 ut

577 2547 671 2600 spe
696 2528 1062 2584 diuturnioris
1097 2529 1221 2582 vita:
1260 2526 1444 2580 minus
1484 2527 1685 2579 multos
1717 2524 2017 2579 occideret.
2054 2522 2148 2578 Uti

576 2636 758 2679 autem
807 2625 866 2677 tit
916 2625 969 2678 in
1002 2624 1157 2677 senio
1200 2632 1256 2676 et
1299 2622 1493 2676 morbo
1524 2638 1630 2675 non
1665 2630 1851 2686 acuto,
1887 2621 2022 2675 alias
2056 2619 2151 2674 de-

576 2717 894 2780 cumhebat,
929 2716 1064 2769 alias
1099 2715 1538 2770 convalescebat.
1578 2713 1733 2770 Unde
1757 2712 1922 2768 Caius
1959 2721 2016 2766 et
2054 2710 2149 2765 alii

578 2825 726 2863 nunc
754 2819 813 2862 ut
846 2825 912 2862 eo
935 2808 1205 2861 morituro
1255 2807 1606 2871 laetabantur,
1645 2819 1790 2858 nunc
1819 2813 1879 2857 ut
1912 2817 2150 2859 evasura

579 2900 906 2954 mmrebant.
943 2901 1019 2952 Ae
1051 2897 1263 2951 veritus
1285 2896 1469 2957 Caius.
1495 2911 1562 2948 ne
1585 2893 1956 2948 valetudinem
1989 2892 2149 2963 552

587 2999 965 3058 recuperaret.
988 3003 1091 3042 nec
1121 2988 1305 3040 cibum
1351 2987 1558 3054 petenti
1594 2986 1780 3046 dabat,
1810 2986 1965 3054 quasi
1995 2985 2039 3039 is
2068 2985 2152 3038 in-

578 3082 1026 3137 commodaturus
1073 3079 1123 3133 ei
1173 3087 1338 3141 esset,
1369 3089 1421 3132 et
1454 3079 1642 3131 multis
1679 3093 1741 3131 ac
1772 3077 1959 3130 densis
2003 3083 2146 3130 stra-

578 3173 720 3242 gulis
765 3173 1005 3240 injectis,
1057 3173 1212 3241 quasi
1257 3170 1617 3224 calefactione
1648 3183 1786 3236 opus
1813 3176 1983 3233 esset,
2021 3182 2148 3222 eum

579 3262 888 3325 sulfocavit,
951 3277 1124 3314 annos
1166 3276 1238 3312 vu
1274 3269 1327 3314 et
1369 3275 1468 3312 Lxx
1510 3266 1721 3320 natum,
1753 3271 1970 3310 menses
2009 3264 2154 3321 tv,et

580 3353 701 3406 dies
761 3369 836 3408 ix.
883 3367 1120 3420 quorum
1177 3367 1213 3402 ιι
1275 3359 1331 3403 et
1380 3366 1447 3402 xx
1507 3348 1818 3417 imperavit,
1877 3363 1942 3402 ac
1996 3362 2153 3401 men-

580 3461 668 3500 ses
698 3455 753 3497 et
785 3445 904 3498 dies
947 3460 1043 3506 vn,
1079 3441 1233 3496 Obiit
1275 3458 1371 3496 xm
1423 3442 1540 3496 Kal.
1578 3441 1800 3510 Aprilis.
1844 3440 2001 3495 Anno
2034 3441 2154 3511 ejus

582 3538 799 3606 imperii
830 3553 898 3591 xv
943 3537 1209 3590 Dominus
1237 3545 1423 3588 noster
1445 3535 1602 3588 Jesus
1636 3533 1887 3588 Christus
1912 3533 2158 3602 baptiza-

583 3641 669 3685 tus
699 3641 820 3695 est;
888 3646 1040 3693 xvnt,
1078 3629 1316 3682 traditus
1363 3636 1417 3682 et
1442 3626 1776 3692 crucifixus,
1821 3626 2152 3680 resurrexit.

579 3725 776 3778 Narrat
822 3721 1116 3779 Eusebius.
1163 3720 1402 3774 Pilatum
1448 3717 1648 3772 Judzrae
1679 3727 1793 3771 tum
1831 3717 2143 3786 praesidem,

583 3814 792 3867 Domini
821 3823 942 3866 acta
985 3813 1051 3865 ad
1099 3811 1386 3865 Tiberium
1439 3809 1726 3878 scripsisse
1758 3849 1773 3874 ,
1820 3823 1946 3863 cum
1976 3808 2146 3863 moris

580 3914 763 3969 esst-t,
804 3915 862 3957 ut
899 3903 1308 3972 provinciarum
1342 3899 1606 3969 praefecti,
1641 3899 1686 3953 si
1717 3897 1849 3968 quid
1889 3899 2018 3952 novi
2057 3915 2150 3954 ac-

578 3990 823 4059 cidisset,
891 3995 942 4048 id
994 3993 1230 4063 principi
1275 3992 1668 4061 signiﬁcarent,
1724 4005 1795 4044 ne
1841 3989 2010 4044 ullius
2070 3991 2149 4045 rei

579 4104 701 4158 quae
737 4087 879 4156 apud
921 4095 1152 4153 exteros;
1183 4092 1508 4154 gereretur,
1559 4084 1782 4153 ignarus
1816 4093 1980 4138 esset.
2014 4081 2152 4138 Cum

579 4181 751 4243 enim,
786 4177 983 4246 inquit,
1010 4175 1324 4231 Servatoris
1360 4177 1534 4228 nostri
1566 4190 1596 4228 e
1647 4175 1881 4229 mortuis
1906 4191 2154 4230 resurre-

579 4269 692 4324 ctio
740 4285 836 4338 per
864 4277 1031 4322 totam
1067 4266 1410 4322 Palaestinam
1445 4266 1723 4320 celebrata
1760 4277 1926 4332 esset,
1945 4267 2154 4322 Pilatus

2251 1802 2345 1854 καὶ
2373 1802 2511 1871 πρὸς
2537 1800 2628 1853 τὸν
2660 1801 2912 1873 Τιϐέριον
2944 1803 3156 1872 ἤγαγεν
3183 1818 3200 1834 ο
3229 1804 3258 1856 6
3283 1802 3340 1856 δὲ
3374 1804 3428 1856 ὲν
3461 1805 3628 1874 ’Δντίῳ
3651 1807 3737 1868 τοὺς

2249 1891 2344 1944 τοῦ
2385 1891 2548 1946 Γαΐου
2597 1891 2810 1961 γάμους
2861 1892 3160 1963 ἑώρταζεν.
3213 1892 3272 1947 '0
3322 1892 3528 1961 Τίϐερις
3566 1895 3613 1947 δὲ
3655 1895 3738 1946 τότε

2251 1983 2427 2037 πολλὰ
2479 1985 2580 2055 τῆς
2624 1984 2846 2054 Ῥώμης
2893 1986 3224 2052 ἐπέκλυσεν,
3271 1986 3405 2040 ὥστε
3457 1987 3736 2056 πλευσθῆναι,

2252 2080 2346 2133 καὶ
2377 2078 2513 2149 πυρὶ
2551 2077 2723 2149 μυρία
2771 2079 3007 2150 ἐφθάρη.
3045 2080 3108 2132 Ei
3133 2079 3197 2132 δέ
3224 2097 3277 2132 τι
3322 2081 3411 2133 καὶ
3439 2079 3501 2133 τὰ
3532 2079 3738 2147 Alpium

2253 2170 2388 2242 πρὸς
2424 2172 2550 2233 τοὺς
2595 2170 2902 2240 Ῥωμαίους
2927 2173 3226 2241 προσήκει,
3253 2173 3280 2225 6
3309 2170 3474 2240 φοῖνιξ
3509 2172 3666 2240 ἐκείνῳ
3685 2171 3736 2240 τῷ

2254 2263 2363 2316 ἔτει
2399 2261 2578 2333 ὤφθη·
2607 2265 2702 2316 καὶ
2723 2263 2871 2327 ἔδοξε
2903 2264 3080 2318 ταῦτα
3109 2263 3210 2318 τὸν
3241 2265 3461 2318 θάνατον
3482 2263 3549 2334 τῷ
3565 2262 3738 2334 Τιϐερίῳ

2253 2355 2672 2425 προσημαίνειν.
2709 2355 2809 2418 Ὃς
2856 2355 3081 2425 ἐνόσησε
3119 2357 3223 2424 μὲν
3276 2355 3377 2426 πρὸ
3417 2354 3625 2416 πλείονος
3649 2353 3738 2423 χρόα

2254 2461 2369 2510 νου,
2426 2445 2550 2499 οὗτε
2602 2445 2659 2500 δὲ
2714 2445 2812 2516 τὴν
2862 2445 3076 2499 δίαιταν
3126 2446 3488 2518 παρήλλαξεν,
3519 2444 3622 2499 οὔτε
3660 2447 3737 2505 τοῖς

2257 2537 2461 2608 ἰατροῖς
2510 2537 2804 2609 ἐκέχρητο,
2853 2538 2941 2592 διὰ
2971 2538 3062 2592 τὸν
3093 2539 3188 2592 τοῦ
3223 2540 3494 2610 Θρασύλον
3533 2539 3674 2605 λόγον,
3697 2536 3736 2598 ὃς

2253 2628 2395 2681 πάνυ
2451 2628 2548 2700 μὲν
2599 2627 2848 2697 ἀκριϐῶς
2886 2628 3013 2699 ᾔδει
3051 2630 3150 2682 καὶ
3188 2631 3287 2699 τὴν
3334 2629 3532 2699 ἡμέραν
3567 2633 3644 2681 καὶ
3668 2627 3734 2696 τὴν

2253 2721 2404 2794 ῶραν
2471 2719 2595 2774 καθ’
2637 2719 2704 2791 ἢν
2757 2719 3110 2790 τεθνήξεσθαι
3173 2721 3394 2790 ἔμελλεν
3443 2723 3470 2774 ό
3532 2719 3734 2788 Τιϐέριος.

2253 2813 2446 2882 ἐκείνῳ
2496 2812 2552 2866 δὲ
2581 2811 2715 2865 δέκα
2753 2813 3036 2875 ἐνιαυτοὺς
3065 2812 3149 2866 ἔτι
3179 2813 3463 2883 βιώσεσθαι
3502 2813 3668 2880 ἔλεγεν,
3691 2811 3735 2862 ἶν’

2253 2906 2330 2966 ώς
2383 2905 2476 2958 ἐπὶ
2521 2905 2860 2975 μακρότερον
2918 2902 3125 2973 ζήσων,
3192 2905 3266 2976 μὴ
3315 2905 3525 2974 ιπειχθῇ
3573 2901 3736 2963 πολλοὺς

2177 3029 2222 3089 c
2255 2997 2595 3049 ἀποκτεῖναι.
2625 2991 2728 3050 Οἷα
2752 2995 2798 3048 δ’
2829 2996 2886 3048 ὲν
2914 2997 3063 3067 γήρᾳ
3103 2996 3202 3050 καὶ
3226 2996 3363 3068 νόσῳ
3389 3001 3457 3068 μὴ
3483 2996 3628 3065 ὀξείᾳ,
3652 2991 3734 3044 τοτὲ

2257 3089 2356 3157 μὲν
2394 3089 2775 3154 κατεπονεῖτο,
2811 3087 2933 3141 τοτὲ
2968 3087 3024 3141 δὲ
3073 3087 3467 3159 ἀνεῤῥώννυτο.
3501 3081 3735 3140 Κάντεῦθιν

2255 3179 2425 3232 ἐνίοτε
2463 3180 2561 3249 μὲν
2598 3179 2792 3250 ἥδοντο
2837 3179 2891 3231 οἴ
2935 3195 2996 3232 τε
3034 3179 3243 3245 λοιποὶ,
3301 3180 3392 3232 καὶ
3436 3181 3461 3231 6
3512 3179 3654 3236 Γάϊος,
3683 3174 3734 3233 ὡς

2252 3271 2692 3342 τελευτήσοντος.
2738 3269 2941 3324 Ἐνίοτε
2979 3271 3034 3324 δὲ
3066 3270 3144 3334 ὡς
3178 3273 3272 3324 καὶ
3308 3269 3581 3340 ζησομένου
3618 3264 3735 3332 πεφό-

2257 3364 2444 3432 ϐηντο.
2478 3363 2674 3427 Δείσας
2705 3363 2798 3416 οὖν
2843 3365 2871 3415 6
2909 3365 3068 3428 Γάϊος
3121 3366 3198 3435 μὴ
3247 3367 3338 3418 καὶ
3374 3363 3616 3431 duasut)?"
3651 3359 3735 3411 οὕτε

2257 3457 2451 3522 φαγεῖν
2499 3455 2786 3526 αἰτήσαντι
2832 3456 3053 3520 ἔδωκεν,
3090 3457 3168 3520 ὡς
3210 3457 3346 3526 τάχα
3407 3451 3734 3525 βλασησομένῳ,

2231 3544 2353 3596 ικαὶ
2383 3543 2572 3614 ἱμάτια
2603 3545 2775 3599 πολλὰ
2802 3547 2895 3598 καὶ
2936 3547 3116 3615 παχέα
3157 3547 3229 3611 ὡς
3259 3548 3538 3617 θερμασίας
3563 3541 3737 3610 δεομένῳ

2257 3635 2563 3705 προσέϐαλε
2586 3652 2602 3666 ·
2658 3637 2751 3690 καὶ
2783 3637 2958 3700 οὕτως
2991 3637 3297 3702 ἀπέπνιξεν
3347 3638 3514 3696 αὑτὸν,
3559 3633 3734 3704 ζήσαντα

2255 3728 2350 3797 ἔτη
2382 3728 2524 3781 ἑπτὰ
2550 3727 2687 3798 πρὸς
2723 3730 2842 3789 τοῖς
2873 3727 3254 3798 ἑϐδομήκοντα
3293 3728 3382 3782 καὶ
3421 3727 3573 3798 μῆνας
3598 3723 3734 3775 τέσσα-

2237 3814 2378 3891 ρας,
2427 3821 2522 3874 καὶ
2579 3820 2792 3890 ἡμέρας
2840 3822 3016 3883 ἐννέα,
3074 3820 3175 3890 ἀρ’
3205 3814 3280 3875 ῶν
3330 3820 3433 3874 δύω
3481 3821 3561 3870 καὶ
3590 3816 3735 3867 εἴκοσιν

2256 3911 2538 3972 ἐνιαυτοὺς
2589 3910 2939 3980 ἐμονάρχησε
2983 3910 3077 3961 καὶ
3126 3912 3302 3981 μῆνας
3328 3911 3456 3962 ἑπτὰ
3481 3909 3561 3962 καὶ
3585 3905 3732 3976 ἡμέρες

2257 4003 2396 4055 ἑπτά
2419 4019 2432 4032 ο
2468 3999 2766 4072 μετήλλαξε
2804 4000 2860 4053 δὲ
2891 4003 2956 4072 τῇ
2990 4002 3216 4072 εἰκοστῇ
3246 4002 3333 4055 τοῦ
3359 4002 3574 4069 Μαρτίου
3594 3995 3732 4065 ἡμέρᾳ.

2256 4094 2458 4146 Τούτου
2489 4092 2564 4162 ’ιῷ
2599 4092 3071 4162 πεντεκαιδεκάτῳ
3104 4093 3216 4146 ἔτει
3245 4091 3525 4161 ἐϐαπτίσθη
3546 4090 3569 4141 ὁ
3592 4086 3734 4155 Κύριος

2254 4185 2412 4255 ἡμῶν
2455 4184 2662 4255 Ἰησοῦς
2714 4185 2988 4255 Χριστός⁹
3047 4185 3107 4236 ὲν
3155 4185 3212 4238 δὲ
3264 4184 3340 4255 τῷ
3371 4177 3734 4242 ὀκτωκαιδεκάτῳ

2257 4276 2526 4348 παρεδόθη
2573 4278 2667 4330 καὶ
2714 4276 3036 4348 ἐσταυρώθη
3069 4280 3166 4331 καὶ
3199 4277 3410 4348 ἀνέστη.
3451 4275 3638 4342 Ἱστορεῖ
3662 4267 3734 4321 δὲὸ

579 4377 699 4416 eam
732 4377 849 4415 rem
886 4361 1111 4414 Tiberio
1152 4360 1477 4429 imperatori
1509 4361 1944 4415 communicavit
1977 4377 1991 4414 :
2055 4361 2149 4430 qui

2228 4369 2515 4432 ηΕύσέϐιος
2548 4411 2563 4437 ,
2615 4371 2706 4423 τὸν
2753 4368 2989 4422 Πιλᾶτον
3044 4370 3147 4438 τῆς
3211 4369 3458 4429 ἰουδαίας
3510 4357 3732 4434 τηνικαῦυ

578 4466 704 4506 cum
757 4452 969 4506 caeteris
1009 4452 1132 4518 ejus
1202 4451 1484 4506 miraculis
1528 4450 1773 4514 auditis,
1834 4459 1948 4504 tum
2001 4451 2146 4520 quod

582 4552 704 4611 post
728 4544 1192 4597 resurrectionem
1218 4557 1248 4596 e
1276 4542 1509 4596 mortuis
1533 4558 1560 4595 a
1601 4542 1852 4611 plurimis
1887 4542 2031 4596 Deus
2064 4556 2150 4595 cs-

579 4648 640 4687 se
675 4633 1018 4696 crederetur,
1045 4633 1113 4687 ad
1155 4642 1406 4695 senatum
1425 4634 1492 4688 de
1521 4649 1590 4688 eo
1619 4634 1824 4688 retulit.
1847 4633 1896 4688 ls
1917 4648 2049 4688 vero
2066 4649 2151 4688 re-

580 4729 824 4796 tragatus
872 4735 979 4790 est,
1027 4725 1177 4795 quod
1223 4725 1340 4795 ipse
1387 4726 1440 4780 id
1479 4741 1588 4780 non
1639 4727 1796 4796 prius
1840 4726 2146 4796 probasset.

577 4819 712 4874 Nam
742 4819 914 4872 veteri
946 4819 1067 4888 lege
1093 4816 1366 4872 sancitum
1393 4826 1530 4880 erat,
1577 4833 1646 4872 ne
1671 4817 1796 4887 quis
1825 4817 1984 4872 aliter
2006 4817 2149 4888 apud

580 4911 855 4965 Romanos
907 4910 964 4963 in
1016 4909 1244 4964 deorum
1280 4924 1573 4964 numerum
1614 4908 1936 4971 referretur,
1967 4909 2022 4962 ni
2065 4922 2152 4963 se-

583 4990 745 5055 natus
780 5001 1036 5072 iussisset
1063 5015 1130 5055 ac
1150 4999 1504 5056 decrevisset.
1528 4999 1666 5054 Cum
1703 5009 1885 5053 autem
1916 5000 2149 5055 Romani

578 5093 920 5163 rogationem
959 5093 1027 5147 de
1048 5092 1341 5148 Servatore
1372 5102 1562 5148 nostro
1596 5093 2022 5163 improbassent,
2054 5094 2150 5146 Ti-

582 5186 796 5241 berium
835 5188 890 5241 in
925 5185 1156 5256 pristina
1197 5185 1264 5239 de
1309 5201 1376 5240 eo
1419 5185 1690 5240 sententia
1716 5198 2148 5255 permanentem,

579 5279 717 5333 nihil
766 5280 988 5350 gravius
1043 5277 1100 5332 in
1155 5277 1462 5332 doctrinam
1516 5277 1884 5333 Christianam
1942 5280 2149 5336 consti-

582 5371 750 5425 tuisse
787 5392 798 5424 :
833 5385 896 5424 ac
930 5379 1126 5424 testem
1151 5369 1339 5424 laudat
1365 5368 1801 5432 Tertullianum,
1842 5371 2150 5428 Romanum

579 5464 907 5532 scriptorem
962 5471 1018 5516 et
1043 5462 1250 5516 clarum
1273 5462 1478 5527 virum,
1506 5464 1666 5532 cujus
1717 5464 1832 5521 haec
1881 5481 1944 5520 ea
1981 5465 2048 5521 de
2093 5483 2153 5523 re

578 5559 744 5608 verba
789 5566 1056 5612 exstant:
1122 5554 1279 5609 Vetus
1331 5563 1591 5609 statutum
1629 5558 1748 5626 fuit,
1802 5574 1866 5611 ne
1916 5561 2029 5628 quis
2087 5562 2150 5615 ab

581 5645 691 5698 ullo
732 5647 857 5700 deus
881 5657 1301 5711 consecraretur,
1331 5649 1637 5710 priusquam
1661 5649 1714 5702 id
1741 5667 1772 5703 a
1803 5659 1990 5706 senatu
2027 5669 2151 5707 nro-

2256 4461 2706 4532 ὲπιτροπεύοντα,
2735 4464 2944 4530 γράψαι
2978 4460 3048 4514 τὰ
3093 4461 3225 4531 περὶ
3270 4459 3358 4514 τοῦ
3389 4457 3562 4527 Κυρίου
3589 4452 3648 4521 τῷ
3669 4450 3732 4501 Tt-

2255 4552 2443 4622 ϐερίῳ,
2469 4552 2621 4615 ἔθους
2647 4551 2798 4614 ὄντος
2849 4553 2961 4615 τοῖς
2990 4552 3101 4604 τῶν
3126 4553 3296 4606 ἐθνῶν
3321 4552 3529 4622 ἄρχουσι
3551 4546 3605 4599 τὰ
3625 4537 3730 4611 περὶ

2257 4641 2408 4709 σφίσι
2464 4639 2934 4710 καινοτομούμενα
2983 4642 3177 4712 δηλοῦν
3225 4642 3302 4712 τῷ
3363 4642 3456 4710 τὴν
3503 4633 3730 4708 μοναρχίαν

2261 4730 2511 4796 ίθύνοντι,
2545 4729 2613 4783 ἵν’
2645 4729 2794 4802 αὐτῷ
2836 4733 3002 4803 μηδὲν
3057 4735 3318 4803 ἀγνοῆται
3369 4733 3467 4786 τῶν
3513 4725 3618 4794 παρ’
3642 4722 3731 4775 ἑκά·

2259 4838 2404 4886 στοις
2449 4821 2560 4874 τῶν
2595 4823 2765 4876 ἐθνῶν
2799 4827 3121 4894 γινομένων.
3160 4826 3296 4895 Ἤδη
3344 4823 3463 4895 γὰρ,
3512 4811 3728 4890 φησὶ,τῆς

2259 4917 2324 4969 ὲκ
2391 4916 2602 4986 νεκρῶν
2665 4917 3016 4978 ἀναστάσεως
3069 4917 3160 4970 τοῦ
3220 4916 3458 4985 Σωτῆρος
3506 4908 3632 4982 ημῶν
3673 4905 3728 4962 εἰς

2261 5009 2510 5070 ἅπαντας
2544 5009 2601 5060 ὲν
2635 5009 2786 5080 πάσῃ
2815 5010 2878 5078 τῇ
2915 5006 3240 5077 Παλαιστίνῃ
3271 4987 3726 5070 διαϐεϐοημένηςντά

2259 5101 2388 5169 περὶ
2432 5100 2600 5166 αὐτῆς
2649 5101 2676 5152 6
2719 5099 2949 5162 Πιλᾶτος
2983 5097 3305 5150 ἐκοινώσατο
3338 5094 3548 5162 Τιϐερίῳ
3578 5085 3637 5152 τῷ
3661 5081 3726 5133 αὖ·

2259 5192 2549 5261 τοκράτορι
2592 5190 2648 5253 ὃς
2680 5193 2744 5244 τὰ
2788 5190 2954 5244 λοιπά
2987 5207 3045 5243 τε
3089 5189 3252 5242 αὐτοῦ
3286 5182 3606 5256 ὴνωτισμένοέ
3632 5176 3724 5226 θαυ⁶

2263 5281 2456 5351 μάσια,
2503 5283 2598 5337 καὶ
2643 5282 2719 5346 ώς
2755 5283 2895 5352 μετὰ
2942 5283 3169 5336 θάνατον
3218 5283 3280 5334 ἐκ
3327 5278 3515 5345 νεκρῶν
3548 5263 3723 5324 evasti;

2259 5371 2390 5438 Θεὸς
2437 5369 2574 5425 εῖναι
2618 5372 2771 5442 παρὰ
2822 5373 3094 5437 πλείστοις
3309 5355 3721 5422 πεπίστευται,ἀν·

2261 5466 2462 5537 ήνεγκε
2501 5468 2567 5536 τῇ
2602 5465 2888 5536 συγκλήτῳ
2933 5465 3121 5519 ταῦτα.
3168 5463 3372 5530 Ἐκείνη
3411 5458 3462 5511 δὲ
3501 5455 3577 5508 τὸν
3611 5447 3722 5511 λάτον

2261 5559 2542 5621 ἀπώσατο,
2595 5559 2678 5611 ὅτι
2717 5557 2792 5628 μὴ
2829 5557 3092 5627 πρότερον
3123 5555 3259 5625 αὑτὴ
3288 5553 3433 5607 τοῦτο
3456 5541 3719 5634 δοκιμάσασξι

2259 5648 2348 5720 ἦν,
2402 5651 2630 5706 παλαιοῦ
2681 5651 2848 5721 νόμου
2880 5651 3156 5723 κειμένου,
3197 5649 3274 5722 μὴ
3299 5646 3459 5704 ἄλλως
3483 5635 3586 5695 τινὰ
3609 5637 3716 5695 ﬁt”
