3890 6196
188 259 293 323 933

1458 260 1867 339 ANNALIUM
1906 278 2052 341 LIB.
2095 280 2197 341 xr.

3352 283 3459 347 93L

196 375 497 445 Ῥωμαίοις
534 376 925 445 θεοποιεῖσθαι,
971 384 1057 453 μὴ
1097 384 1221 454 οὐχὶ
1271 385 1439 459 ψήφῳ
1488 390 1587 460 τῆς
1636 407 1758 458 συγ·

1870 392 2053 446 batum
2085 400 2237 445 esset.
2272 390 2531 447 Tiberius
2562 391 2750 463 igitur,
2792 407 2918 447 cum
2956 407 3159 449 nomen
3186 394 3454 453 Christia~

186 467 388 539 κλήτου
440 469 539 523 καὶ
592 470 849 541 δόγματι.
892 473 1114 545 Ταύτης
1166 476 1212 529 δ’
1243 475 1336 529 οὖν
1395 480 1776 552 ἀπωσαμένης

185 560 277 614 τὸν
309 560 559 634 περὶτοῦ
598 563 851 633 Σωτῆρος
876 565 1039 636 ἡμῶν
1066 567 1250 636 λόγον,
1280 570 1373 623 τὸν
1419 571 1676 643 Τιϐέριον
1707 573 1776 644 ἢν

186 653 282 705 καὶ
316 653 511 724 πρώην
561 649 678 725 εἶχε
711 657 941 728 γνώμην
977 660 1322 731 τηρήσαντα,
1361 664 1533 733 μηδὲν
1572 666 1775 719 ἄτοπον

186 744 331 797 κατά
365 744 468 814 τῆς
497 746 737 816 Χριστοῦ
766 748 1123 815 διδασκαλίας
1154 754 1463 823 ἐπινοῆσαι.
1497 757 1771 829 Μάρτυρα

180 836 227 888 δ’
251 837 347 889 ἐπὶ
373 837 585 900 τούτοις
624 840 865 911 παράγει
884 843 1280 914 Τερτουλιανὺν
1311 850 1339 901 6
1367 848 1651 916 Εὐσέϐιος,
1680 849 1778 904 ἀν·-

183 928 290 999 δρα
330 929 607 1000 Ῥωμαῖον
639 933 736 985 καὶ
765 933 866 987 ενα
894 934 1006 988 τῶν
1052 936 1114 990 ὲν
1153 939 1221 1009 τῇ
1263 938 1451 1010 Ῥώμῃ
1482 939 1772 1011 λαμπρῶν,

179 1023 243 1074 ὲν
284 1027 584 1095 συγγραφῇ
626 1042 734 1079 τινι
776 1028 910 1097 παρ’
946 1028 1113 1083 αὐτοῦ
1160 1030 1445 1103 ὲκτεθείσῃ
1482 1033 1771 1105 Ῥωμαῖκῇ

180 1115 479 1186 διαλέκτῳ,
532 1118 939 1194 μεταϐληθείση
970 1121 1017 1175 δ’
1047 1126 1126 1187 είς
1159 1124 1259 1192 τήν
1300 1124 1532 1180 Ἐλλάδα
1568 1129 1774 1194 φωνήν,

179 1206 415 1274 λέγοντα
439 1209 612 1264 ταῦτα
638 1228 650 1241 ·
687 1215 958 1266 Παλαιὸν
987 1210 1068 1283 ἦν
1111 1217 1323 1284 δόγμα,
1352 1216 1587 1284 μηδένα
1624 1217 1775 1271 Θεὸν

178 1301 307 1350 ὑπό
346 1315 453 1352 του
487 1302 926 1369 καθιεροῦσθαι,
953 1308 1097 1372 πρὶν
1121 1306 1241 1362 ὑπὸ
1272 1306 1382 1375 τῆς
1418 1308 1772 1377 συγκλήτου

1874 496 2074 536 norum
2115 481 2173 535 in
2212 481 2481 536 mundum
2511 482 2820 554 ingressum
2863 494 3046 549 esset,
3082 483 3134 538 id
3168 485 3455 540 decretum

1871 590 1939 631 ex
1965 576 2279 643 Palaestina,
2306 577 2401 633 ubi
2434 577 2673 648 primum
2700 584 2882 632 ortum
2914 587 3056 643 erat,
3093 577 3199 631 sibi
3236 578 3460 631 nuntia—

1875 676 2014 733 tum,
2041 681 2166 721 cum
2205 676 2400 721 senatu
2442 667 2877 721 communicavit
2920 708 2936 733 ,
2994 668 3141 721 haud
3196 667 3460 721 dissimu-

1871 756 2017 819 lans.
2085 757 2311 829 probari
2343 758 2447 812 sibi
2485 758 2537 811 id
2575 760 2936 828 przeconium.
2979 759 3098 824 Quo
3149 773 3179 812 a
3234 767 3454 823 senatu,

1875 847 2138 915 quoniam
2172 848 2225 902 id
2260 850 2377 917 ipse
2409 863 2520 901 non
2562 848 2876 917 probasset,
2907 848 3219 917 repudiato,
3254 848 3458 902 nihilo-

1873 938 2059 993 minus
2091 940 2146 993 in
2180 939 2374 994 eadem
2436 941 2709 995 sententia
2762 940 3086 1010 permansit,
3119 938 3459 993 Christiano-

1876 1047 2000 1085 rum
2036 1032 2460 1087 accusaloribus
2496 1043 2730 1087 mortem
2771 1032 3162 1088 comminatus.
3196 1029 3321 1086 Haec
3364 1030 3460 1084 Ti—

1873 1123 2089 1179 berium
2137 1123 2337 1179 fecisse
2362 1124 2660 1190 Eusebius,
2696 1123 2987 1178 divinitate
3016 1122 3327 1178 Servatoris
3359 1135 3460 1174 no-

1875 1217 1973 1273 ειτί
2031 1224 2087 1271 et
2130 1218 2541 1272 resurrectione
2598 1232 2666 1271 ex
2696 1217 2931 1271 mortuis
2963 1216 3205 1286 cognita,
3253 1229 3284 1269 e
3320 1213 3453 1269 Ter-

1876 1307 2095 1362 tulliani
2126 1308 2352 1378 scriptis
2386 1318 2809 1363 commemorat.

176 1392 546 1464 δοκιμασθῇ.
604 1395 663 1450 '0
697 1397 950 1467 Τιϐέριος
1025 1396 1139 1468 οὖν,
1209 1401 1295 1472 ἐφ’
1357 1394 1418 1455 οὗ
1465 1404 1527 1457 τὸ
1570 1405 1679 1457 τῶν
1732 1400 2080 1474 Χριστιανῶν
2130 1401 2302 1470 ὄνομα
2335 1403 2417 1465 είς
2463 1401 2554 1455 τὸν
2604 1402 2810 1470 κόσμον
2855 1399 3214 1469 εἰσεληλύθει,
3255 1401 3457 1469 ἀγγελ-

180 1483 371 1548 θέντος
415 1485 560 1556 αύτῇ
611 1488 679 1540 ἐκ
728 1490 1103 1561 Παλαιστίνης
1143 1493 1236 1547 τοῦ
1280 1494 1551 1567 δόγματος
1607 1494 1797 1548 τούτου
1840 1492 1969 1546 ἔνθα
2022 1492 2235 1565 πρῶτον
2283 1493 2507 1563 ἤρξατο,
2577 1495 2642 1564 τῇ
2693 1491 2981 1562 συγκλήτῳ
3030 1492 3457 1572 ἀνεκοινώσατοῬ

178 1574 339 1646 δῆλος
369 1576 446 1629 ὢν
496 1577 728 1643 ἐκείνοις
757 1580 834 1644 ὡς
866 1582 1164 1650 ἀρέσκεται
1230 1584 1309 1655 τῷ
1352 1585 1688 1657 κηρύγματι.

1778 1582 1842 1637 Ἠ
1881 1583 1939 1636 δὲ
1994 1581 2298 1653 σύγκλητος
2352 1581 2476 1634 ἐπεὶ
2530 1582 2631 1635 οὐκ
2692 1581 2828 1653 αὐτὴ
2885 1581 3234 1649 δεδοκιμάκει
3293 1581 3457 1635 τοῦτο

178 1670 463 1725 ἀπώσατο.
512 1672 571 1724 '0
613 1671 671 1726 δὲ
697 1672 755 1726 ἐν
786 1676 853 1745 τῇ
886 1675 1023 1746 αὐτῇ
1055 1676 1253 1749 γνώμῃ
1295 1676 1514 1747 ἔμεινεν
1570 1676 1876 1745 ἀπειλήσας
1943 1675 2174 1730 θάνατον
2232 1677 2347 1738 τοῖς
2397 1674 2879 1744 τῶν-Χριστιανῶν
2903 1674 3249 1743 κατηγόροις·
3281 1672 3455 1726 ταῦτα.

177 1763 210 1815 6
262 1763 524 1827 Εὐσέϐιος
560 1765 782 1833 ποιῆσαι
825 1768 918 1819 τὸν
953 1768 1202 1837 Τιϐέριον
1248 1771 1474 1841 ἱστορεῖ,
1521 1770 1763 1841 μαθόντα
1802 1771 1932 1842 περὶ
2005 1769 2106 1839 τῆς
2152 1767 2409 1838 θεότητος
2454 1766 2550 1821 τοῦ
2619 1767 2870 1837 Σωτῆρος
2916 1769 3077 1840 ήμῶν
3122 1767 3214 1820 καὶ
3261 1770 3359 1841 τῆς
3388 1771 3456 1822 ὲκ

175 1857 393 1928 νεκρῶν
430 1858 599 1911 αὐτοῦ
630 1861 1003 1929 ἀναστάσεως,
1032 1864 1097 1916 ὲκ
1128 1865 1229 1934 τῆς
1258 1864 1352 1919 τοῦ
1403 1863 1764 1936 Τερτυλιανοῦ
1805 1865 2134 1935 συγγραφῆς
2167 1867 2305 1920 αύτὰ
2329 1865 2707 1933 ἐκλεξάμενος.

251 1953 331 2004 Δ’.
359 1951 467 2003 Καὶ
494 1951 658 2020 όομὲν
692 1952 944 2026 Τιϐέριος
988 1953 1163 2021 οὕτως
1208 1957 1443 2011 ἀπεϐίω.
1493 1955 1758 2023 Διεδέξατι

1950 1957 2038 2013 IV.
2084 1957 2312 2012 Tiberio
2350 1957 2420 2011 ad
2480 1957 2627 2011 hunc
2686 1956 2911 2011 modum
2958 1958 3240 2023 defuncto,
3286 1956 3452 2015 Caius

176 2045 239 2098 δὲ
272 2046 440 2097 αὑτὸν
472 2046 501 2097 ό
534 2045 693 2107 Γάῖος
722 2047 750 2098 ὁ
777 2045 873 2100 τοῦ
907 2047 1253 2119 Γερμανικοῦ
1296 2049 1509 2121 καὶτῆς
1540 2051 1766 2122 Ἀγριπ-

178 2138 348 2206 πίνης
403 2139 555 2199 παῖς,
613 2136 674 2190 ὃν
729 2140 826 2191 καὶ
882 2139 1225 2210 Γερμανικὸν
1283 2142 1378 2196 καὶ
1421 2141 1765 2209 Καλλιγόλαν

176 2227 557 2297 ἐπωνόμαζον.
601 2229 664 2282 El
719 2229 828 2301 γὰρ
880 2233 975 2284 καὶ
1029 2234 1057 2284 6
1098 2232 1352 2304 Τιϐέριος
1400 2235 1603 2307 καὶτῷ
1646 2234 1764 2307 ίδίῳ

177 2322 395 2390 ἐγγόνῳ
422 2321 501 2390 τῷ
532 2321 771 2392 Τιϐερίῳ
807 2320 907 2394 τὴν
945 2324 1249 2396 αὑταρχίαν
1293 2326 1608 2393 κατέλιπεν,
1644 2327 1762 2381 ἀλλ’

174 2416 206 2464 ὀ
236 2414 400 2478 Γάϊος
436 2415 535 2474 τὰς
570 2414 838 2485 διαθήκας
884 2415 1050 2471 αὐτοῦ
1088 2421 1168 2482 είς
1201 2418 1262 2472 τὸ
1302 2419 1579 2491 συνέδριον
1626 2419 1764 2491 πέμ-

171 2506 310 2574 ψας,
334 2504 576 2576 ἀκύρους
627 2506 1008 2576 παρεσκεύασε
1051 2509 1325 2578 γενέσθαι,
1360 2509 1437 2573 ὡς
1471 2527 1763 2582 παραφρο-

174 2599 483 2670 νήσαντος,
531 2592 620 2652 οἷα
663 2596 821 2652 παιδὶ
859 2592 905 2667 ᾧ
945 2600 1070 2670 μηδ’
1100 2601 1362 2656 εἰσελθεῖν
1410 2601 1538 2671 ἐξῆν
1586 2604 1667 2665 είς
1701 2601 1765 2655 τὸ

175 2693 589 2764 βουλευτήριον,
632 2692 825 2762 ἄρχειν
852 2691 964 2747 τῶν
1006 2693 1294 2762 Ῥωμαίων
1345 2694 1759 2765 ἐπιτρέψαντος.

178 2784 294 2854 Τῆς
342 2783 442 2853 μὲν
486 2778 582 2836 οὖν
623 2785 800 2854 ἀρχῆς
829 2784 992 2837 αὐτὸν
1024 2782 1197 2849 οὕτως
1225 2786 1424 2839 αὐτίκα
1458 2785 1760 2857 παρέλυσε,

174 2877 272 2927 καὶ
326 2873 469 2943 μετά
505 2874 664 2928 τοῦτο
709 2877 1170 2946 εἰσποιησάμενος
1204 2878 1545 2941 ἀπέκτεινεν,
1571 2877 1647 2940 ὡς
1673 2895 1760 2929 τε·

172 2964 439 3033 λευτῆσαι
467 2964 633 3017 αὑτὸν
667 2962 992 3035 εὐξάμενον.
1031 2966 1309 3037 Χρήματα
1338 2966 1394 3020 δὲ
1424 2967 1598 3021 πολλά
1645 2970 1760 3032 τοῖς

175 3053 548 3124 στρατιώταις
583 3057 677 3108 καὶ⁵
714 3055 794 3126 τῷ
842 3057 1002 3129 δήμῳ
1034 3057 1296 3128 διένειμε,
1332 3058 1399 3112 τὰ
1435 3059 1538 3126 μὲν
1566 3062 1630 3114 ὲκ
1653 3061 1761 3114 τῶν

171 3147 435 3216 Τιϐερίου
487 3147 784 3217 διαθηκῶν,
828 3150 897 3202 τὰ
927 3151 983 3203 δὲ
1015 3152 1079 3203 ἐκ
1127 3150 1235 3204 τῶν
1265 3150 1362 3222 τῆς
1406 3153 1619 3220 Λιϐίας,
1651 3152 1687 3208 ἀ
1733 3156 1761 3208 6

172 3240 437 3309 Τιϐέριος
460 3240 523 3294 οὐ
553 3243 819 3312 παρέσχε.
854 3244 965 3296 Καὶ
994 3245 1155 3314 εἰπερ
1185 3247 1280 3299 καὶ
1309 3246 1377 3299 τά
1404 3246 1568 3300 λοιπά
1613 3246 1760 3300 δεόν-

170 3349 281 3395 τως
342 3331 622 3402 ἀνήλισκε,
678 3333 1011 3403 μεγαλόνους
1060 3336 1127 3389 ἂν
1179 3338 1275 3390 καὶ
1327 3338 1755 3412 μεγαλοπρεπής

168 3423 345 3488 εδοξε.
383 3420 501 3477 Νῦν
549 3425 606 3478 δὲ
667 3426 760 3478 καὶ
811 3425 891 3485 είς
941 3426 1219 3496 ὀρχηστὰς
1275 3428 1369 3481 καὶ
1408 3430 1609 3493 ἵππους
1659 3429 1755 3484 καὶ

174 3516 545 3586 μονομάχους,
576 3518 670 3569 καὶ
699 3518 1091 3589 τοιουτότροπα
1128 3519 1291 3588 ἔτερα
1329 3520 1620 3589 ἀπλήστως
1658 3520 1753 3574 δα-

169 3608 387 3674 πανῶν,
418 3607 513 3661 καί
541 3607 667 3672 τοὺς
692 3607 1004 3680 θησαυροὺς
1046 3611 1319 3679 μεγάλους
1349 3614 1638 3680 γεγονότας
1663 3614 1753 3668 διὰ

170 3702 429 3772 βραχέος,
457 3700 780 3767 ἐξεκένωσε,
815 3703 910 3756 καὶ
956 3703 1152 3757 ἑαυτὸν
1178 3704 1630 3775 προσεξήλεγξεν,
1671 3708 1756 3762 ὅτι

168 3791 433 3863 εὐχερείᾳ
463 3794 561 3845 καὶ
604 3794 832 3864 ἀκρισίᾳ
883 3794 1116 3847 κάκεῖνα
1166 3795 1458 3862 πεποίηκε.
1493 3798 1604 3850 Καὶ
1644 3799 1757 3853 οὐδ’

168 3886 230 3945 ἐς
268 3882 458 3953 τρίτον
483 3883 603 3947 ἔτος
638 3885 805 3955 μέρος
839 3884 1018 3938 αὐτῶν
1051 3902 1106 3938 τι
1139 3885 1420 3950 διέσωσεν,
1448 3887 1562 3940 ἀλλ’
1591 3889 1755 3955 εὐθὺς

166 3973 514 4043 παμπόλλων
547 3974 916 4047 προσεδεήθη.
942 3975 1033 4044 Τῷ
1064 3975 1110 4030 δ’
1135 3976 1286 4046 αὐτῷ
1324 3978 1513 4050 τρόπῳ
1561 3982 1656 4034 καὶ
1695 3982 1754 4046 ές

163 4066 239 4121 sa
276 4066 417 4122 ἄλλα
463 4068 754 4138 ἐκέχρητο.
805 4068 1222 4139 Μοιχικώτατός
1273 4086 1336 4122 τε
1382 4070 1496 4141 γὰρ
1537 4072 1752 4143 ἀνδρῶν

164 4158 491 4229 γενόμενος,
540 4160 636 4213 καὶ
667 4162 904 4228 γυναῖκα
942 4160 1071 4231 μίαν
1125 4160 1225 4231 μὲν
1258 4162 1512 4232 ἀρπάσας
1551 4164 1754 4217 ἐκδιδο-

171 4251 355 4320 μένην
401 4250 579 4319 ἀνδρὶ,
615 4250 781 4315 ἄλλας
831 4251 888 4304 δὲ
921 4251 1023 4323 ήδη
1053 4252 1413 4323 ὲκδεδομένας
1444 4256 1539 4306 καὶ
1579 4271 1757 4308 συνοι-

167 4343 384 4403 κούσας
439 4344 584 4396 τισὶν
641 4344 1004 4409 ἀποσπάσας,
1057 4343 1197 4413 πλὴν
1257 4347 1386 4415 μιᾶς
1434 4345 1536 4409 τὰς
1585 4346 1753 4412 ἄλλοις

165 4436 446 4504 ἐμίσησε·
501 4436 719 4497 πάντως
751 4438 865 4507 (90)
895 4436 940 4487 δ’
966 4437 1033 4491 ἂν
1083 4438 1345 4508 κάκείνην
1375 4438 1661 4510 ἐμίσησεν,
1701 4443 1752 4495 εί

160 4527 265 4579 ἐπὶ
316 4525 480 4580 πλέον
522 4525 827 4580 ὲϐεϐιὼκει.
856 4528 964 4580 Καὶ
995 4529 1055 4592 ἐς
1087 4529 1184 4599 τὴν
1244 4530 1480 4602 μητέρα,
1514 4534 1608 4585 καὶ
1649 4533 1750 4596 τὰς

1867 2034 2175 2102 Germanici
2202 2056 2255 2102 et
2278 2047 2594 2118 Agrippina:
2616 2047 2782 2111 filius,
2801 2047 2894 2116 qui
2926 2047 3365 2104 etGermanicus
3393 2058 3450 2103 et

1868 2138 2032 2209 553
2074 2138 2299 2209 Calgula
2341 2140 2795 2209 cognominatur,
2823 2139 3111 2194 successit.
3153 2139 3266 2194 Etsi
3300 2139 3450 2195 enim

1868 2229 2153 2297 Tiberius,
2185 2230 2354 2284 etiam
2396 2229 2622 2283 Tiberio
2676 2230 2863 2300 nepoti
2914 2230 3216 2301 reliquerat
3276 2232 3450 2301 impe-

1866 2323 2030 2389 rium,
2082 2333 2264 2378 tamen
2317 2322 2485 2378 Caius
2540 2332 2869 2377 testamento
2921 2324 3043 2389 ejus
3090 2332 3151 2376 ut
3200 2322 3360 2379 deliri
3392 2323 3449 2378 in
3532 2386 3537 2389 τ

1866 2416 2077 2470 curiam
2116 2416 2308 2480 misso,
2339 2415 2545 2482 elIecit,
2598 2426 2661 2472 ut
2693 2416 3033 2481 aboleretur,
3073 2416 3219 2486 quod
3251 2432 3447 2487 puero,

1864 2507 1953 2562 cui
1984 2522 2083 2578 per
2108 2517 2325 2561 aetatem
2354 2507 2592 2575 necdum
2627 2506 2840 2576 ingredi
2872 2507 3081 2561 curiam
3110 2507 3452 2577 liceret,|lto-

1866 2615 2086 2656 manum
2124 2600 2414 2671 imperium
2452 2600 2784 2669 reliquisset.
2820 2602 3001 2670 Atque
3056 2601 3129 2654 ita
3163 2600 3477 2671 principav

1865 2703 1980 2746 tum
2010 2692 2062 2746 ei
2091 2692 2275 2745 statim
2300 2691 2526 2747 ademit.
2561 2692 2709 2756 Post,
2739 2693 3056 2762 adoptatum
3111 2693 3393 2747 interfecit
3422 2735 3438 2759 ,

1864 2783 2042 2852 utqui
2075 2781 2252 2852 ipsum
2287 2784 2425 2837 mori
2459 2792 2723 2853 optasset.
2771 2784 3017 2855 Magnam
3068 2784 3359 2855 pecuniam
3390 2798 3448 2840 et

1863 2873 2129 2927 militibus
2161 2880 2216 2926 et
2248 2873 2471 2942 populo,
2510 2876 2707 2944 partim
2741 2891 2807 2929 ex
2844 2874 3076 2938 Tiberii,
3119 2879 3318 2945 partim
3343 2942 3351 2950 η
3373 2891 3443 2931 ex

1863 2965 2030 3020 Livia:
2061 2971 2389 3019 testamento
2424 2965 2668 3021 nondum
2715 2981 2745 3020 a
2775 2965 3000 3020 Tiberio
3048 2974 3393 3019 numeratam
3425 3005 3441 3028 ,

1863 3057 2167 3114 distribuit.
2209 3052 2369 3126 Quod
2400 3056 2444 3111 si
2480 3057 2747 3126 reliquam
2784 3056 2950 3111 etiam
2983 3096 2998 3122 ,
3059 3054 3133 3110 ita
3160 3064 3221 3110 ut
3275 3056 3443 3111 decc-

1862 3150 1975 3212 bat,
2012 3150 2417 3223 insumpsisset,
2454 3149 2835 3219 magnanimus
2881 3157 2938 3203 et
2987 3147 3312 3219 magniﬁcus
3350 3163 3445 3203 es—

1861 3250 1946 3297 set
1984 3241 2224 3300 habitns.
2255 3243 2411 3298 Nunc
2439 3240 2671 3295 inﬁnitis
2712 3236 2983 3310 impensis
3019 3241 3071 3294 in
3107 3241 3398 3296 saltatores
3425 3282 3444 3307 ,

1864 3348 2059 3404 equos,
2087 3333 2443 3406 gladiatores,
2479 3342 2537 3387 et
2575 3331 2631 3386 id
2657 3347 2830 3402 genus
2857 3332 2963 3386 alia
2993 3331 3154 3387 factis
3183 3374 3198 3400 ,
3236 3340 3291 3387 et
3327 3334 3445 3388 the-

1866 3442 2062 3482 sauros
2095 3427 2364 3482 maximos
2392 3424 2667 3488 exhausit,
2698 3433 2754 3479 et
2783 3425 2875 3479 illa
2915 3436 3224 3496 quoque'se
3270 3434 3444 3482 teme-

1866 3517 2030 3574 ritate
2057 3527 2112 3574 et
2140 3519 2371 3575 .levitate
2400 3516 2640 3588 quadam
2676 3515 2874 3571 fecisse
2930 3516 3250 3573 declaravit.
3304 3515 3447 3571 Nam

1862 3611 2096 3681 publica:
2128 3611 2377 3681 pecuniae
2422 3624 2525 3666 nec
2576 3609 2632 3663 in
2686 3608 2910 3664 tertium
2963 3625 3169 3663 annum
3232 3621 3441 3678 partem

1866 3703 2034 3757 ullam
2069 3703 2320 3769 retinuit,
2354 3702 2450 3758 sed
2482 3701 2664 3756 statim
2690 3701 2878 3755 multis
2903 3715 3066 3769 egere
3123 3701 3311 3769 coepit.
3346 3700 3431 3755 lis-

1863 3791 1987 3846 dem
2029 3791 2274 3845 moribus
2323 3790 2489 3844 etiam
2537 3789 2663 3844 aliis
2711 3788 2768 3843 in
2824 3788 2989 3843 rebus
3016 3829 3031 3854 ,
3073 3796 3129 3842 et
3171 3789 3441 3844 maximus

1860 3883 2077 3938 adulter
2141 3880 2290 3937 fuit:
2336 3889 2395 3936 et
2440 3896 2568 3937 cum
2622 3879 2914 3935 mulierem
2963 3879 3259 3950 quamdam
3316 3882 3437 3936 viro

1860 3974 2189 4044 deSponsam
2243 3973 2561 4043 rapuisset,
2623 3973 2758 4027 alias
2811 3973 2925 4042 jam
2978 3972 3215 4028 elocatas
3260 3981 3318 4028 et
3379 3973 3436 4028 in

1859 4066 2115 4137 coniugio
2153 4067 2402 4121 viventes
2452 4080 2485 4120 a
2535 4065 2749 4120 maritis
2775 4063 3135 4120 abstraxisset
3164 4106 3180 4131 ,
3211 4077 3439 4121 exteras

1859 4170 2054 4210 omnes
2077 4155 2205 4211 odio
2240 4164 2568 4226 prosecutus
2615 4163 2738 4218 est,
2783 4167 2891 4208 una
2939 4162 3209 4224 excepta:
3265 4171 3433 4224 qnam

1858 4258 1916 4304 et
1942 4249 2114 4319 ipsam
2168 4250 2358 4319 utique
2401 4265 2603 4306 osurus
2647 4248 2786 4314 fuit,
2840 4249 2887 4304 si
2942 4247 3151 4303 diutius
3185 4247 3434 4304 vixisset.

1859 4342 1999 4411 Erga
2030 4351 2280 4404 matrem,
2310 4324 2529 4394 soi-ores
2572 4346 2630 4393 et
2687 4339 2868 4393 aviam
2915 4337 3211 4392 Antoniam
3263 4338 3433 4392 multa

1858 4433 1948 4505 pie
1985 4431 2117 4487 fecit
2152 4454 2164 4486 :
2199 4439 2342 4500 post,
2370 4429 2549 4486 aviam
2589 4445 2620 4485 a
2652 4445 2760 4501 qua
2799 4429 3124 4500 obiurgatus
3159 4437 3280 4483 erat
3304 4469 3317 4492 ,
3356 4430 3427 4483 ad

1858 4538 2051 4580 necem
2087 4522 2452 4578 voluntariam
2486 4522 2769 4592 compulit.
2812 4519 3046 4575 Sorores
3071 4534 3265 4575 omnes
3300 4534 3429 4574 cor-

162 4617 439 4688 ἑιδελφάς,
469 4623 568 4690 τήν
611 4636 670 4671 τε
703 4618 874 4690 τήθην
920 4619 1022 4691 τὴν
1057 4623 1348 4676 Ἀντωνίαν
1395 4624 1570 4677 πολλὰ
1597 4626 1756 4679 εὐσε-

1863 4617 2027 4688 rupit,
2057 4625 2113 4671 et
2152 4618 2285 4670 duas
2339 4614 2393 4668 in
2432 4614 2670 4670 insulam
2725 4614 2987 4684 relegavit
3023 4629 3037 4666 :
3082 4627 3205 4668 nam
3263 4613 3429 4669 tertia

160 4711 283 4775 ϐὡς
313 4710 693 4781 ἐνδειξάμενος
719 4728 732 4741 ·
780 4713 922 4781 μετά
952 4712 1127 4769 ταῦτα
1157 4714 1256 4783 τὴν
1301 4716 1401 4786 μὶν
1429 4716 1601 4787 τήθην
1627 4720 1752 4771 επι-

155 4805 489 4875 τιμήσασάν
537 4820 591 4857 τι
633 4802 783 4874 αὐτῷ
826 4807 909 4868 εἰς
950 4806 1198 4876 ἀνάγκην
1235 4807 1488 4861 ἑκουσίου
1518 4807 1751 4863 θανάτου

159 4896 505 4965 κατέστησε.
559 4895 671 4959 Τάς
723 4894 963 4966 ἀδελφὰς
1008 4896 1066 4949 δὲ
1120 4898 1349 4968 φθείρας
1384 4900 1622 4964 ἁπάσας,
1670 4901 1753 4964 εἰς

159 4987 343 5057 νῆσον
371 4988 471 5050 τὰς
505 4984 616 5040 δύω
649 4987 1023 5041 κατέκλεισενο
1074 4989 1106 5059 ή
1154 4990 1264 5059 γάρ
1305 4992 1465 5061 τρίτη
1519 5007 1750 5061 προετε-

156 5079 392 5151 θνήκει,
440 5077 536 5132 καὶ
573 5078 710 5132 ἀλλα
757 5078 933 5133 πολλά
978 5078 1208 5133 τοιαῦτα
1244 5080 1493 5149 εποίησε.
1523 5081 1753 5143 καὶτὸν

157 5174 431 5237 τιϐέριον
468 5171 544 5234 ὡς
580 5171 789 5240 ἀσελγῆ
835 5172 931 5225 καὶ
960 5172 1249 5243 μιαιφόνον
1277 5171 1578 5238 διέϐαλλεν,
1607 5173 1751 5227 ὥστε

158 5268 270 5321 καὶ
297 5265 496 5327 ἄλλους
516 5266 582 5317 ἐκ
612 5265 809 5321 τούτου
835 5263 1148 5334 χαριεῖσθαί
1175 5264 1225 5318 ol
1253 5265 1585 5337 νομίσαντας
1611 5283 1749 5338 προ-

156 5357 484 5427 πετεστέρᾳ
510 5358 798 5430 παρρησίᾳ
821 5354 1154 5427 χρήσασθαι.
1186 5352 1319 5411 Εἶτα
1339 5359 1530 5430 ἐπῄνει
1564 5376 1626 5412 τε
1658 5361 1751 5413 καὶ

154 5452 497 5520 ἐσέμνυνεν,
521 5447 663 5500 ὥστε
697 5451 793 5501 καὶ
816 5450 1042 5500 κολάσαι
1066 5445 1218 5509 τινας
1251 5448 1336 5514 ἐφ’
1358 5445 1439 5511 οἷς
1469 5449 1591 5502 κατ’
1610 5450 1753 5503 ὲκεί-

1856 4712 2012 4782 prius
2049 4709 2287 4765 obierat.
2322 4708 2401 4763 Ac
2431 4709 2602 4764 multa
2641 4708 2691 4762 id
2720 4723 2893 4779 genus
2938 4704 3088 4761 fecit.
3144 4706 3279 4761 Cum
3334 4705 3434 4761 Ti-

1854 4802 2065 4857 berium
2097 4813 2157 4856 ut
2188 4802 2528 4856 luxuriosum
2553 4810 2609 4855 et
2643 4800 2975 4855 homicidam
3009 4798 3427 4862 criminaretur,

1851 4895 1945 4948 alii
1970 4910 2190 4964 quoque
2244 4909 2303 4948 se
2336 4893 2412 4947 illi
2448 4905 2661 4963 gratum
2696 4894 2943 4948 facturos
2992 4893 3096 4947 rati
3125 4933 3142 4961 ,
3199 4892 3433 4959 liberius

1852 4987 1913 5042 in
1935 5003 2060 5041 eum
2096 4995 2226 5041 sunt
2253 4987 2475 5040 invecti.
2513 4986 2726 5042 Deinde
2758 4988 3017 5042 eumdem
3070 4987 3318 5042 laudavit
3375 4996 3432 5041 et

1852 5078 2169 5142 celebravit,
2202 5088 2259 5133 et
2284 5092 2473 5148 pinnas
2511 5077 2579 5132 de
2610 5077 2678 5133 iis
2702 5079 2939 5147 sumpsit
2986 5080 3079 5150 qui
3128 5079 3210 5133 illi
3262 5078 3420 5132 male-

1854 5169 2130 5225 dixerant.
2169 5169 2305 5225 Male
2344 5170 2412 5225 de
2445 5184 2512 5224 eo
2548 5171 2840 5239 loquentes
2876 5169 3268 5240 vituperabat,
3300 5154 3424 5221 lau—

1852 5262 2048 5316 dantes
2073 5262 2303 5327 oderat,
2345 5270 2406 5316 ut
2435 5262 2644 5318 amicos
2688 5261 2859 5317 illius.
2912 5261 3157 5333 Magnam
3211 5259 3424 5313 turbam

1850 5369 2045 5410 eorum
2086 5354 2181 5423 qui
2224 5353 2510 5409 Tiberium
2563 5363 2752 5410 contra
2783 5366 2993 5425 patrem
3022 5393 3038 5417 ,
3089 5361 3320 5418 matrem
3368 5358 3426 5405 et

1854 5444 2054 5500 fratres
2072 5447 2193 5517 ejus
2219 5446 2525 5514 irritarant,
2550 5446 2752 5502 occidit
2775 5463 2787 5500 :
2808 5444 3055 5517 quamvis
3078 5457 3136 5497 se
3150 5442 3426 5510 placatum

1364 5604 1563 5665 Varia)
1589 5603 1897 5666 lectiones
1940 5612 2001 5666 et
2037 5613 2222 5665 nolite.

242 5723 360 5792 (90)
392 5722 653 5793 Πάντως.
685 5725 760 5779 Ita
808 5738 939 5780 mss.
985 5725 1147 5780 codd.
1178 5724 1409 5781 Wolﬁus
1444 5726 1648 5789 πάντας
1678 5724 1946 5785 ediderat.
