  <div class='ocr_page' id='page_1' title='image "/cluster/home/n/w/nwhite01/storage/ocr_20150623/134/hvd.32044073502510/475.png"; bbox 0 0 3976 6204; ppageno 0'>
   <div class='ocr_carea' id='block_1_1' title="bbox 395 238 2000 326">
    <p class='ocr_par' dir='ltr' id='par_1_1' title="bbox 395 244 1986 326">
     <span class='ocr_line' id='line_1_1' title="bbox 395 244 1986 326; baseline -0.013 -2"><span class='ocrx_word' id='word_1_1' title='bbox 395 261 502 326; x_wconf 81' lang='grc'><strong>935</strong></span> <span class='ocrx_word' id='word_1_2' title='bbox 1659 244 1903 309; x_wconf 76' lang='lat' dir='ltr'><strong>JOANN</strong></span> <span class='ocrx_word' id='word_1_3' title='bbox 1915 246 1986 305; x_wconf 86' lang='lat' dir='ltr'><strong>IS</strong></span> 
     </span>
    </p>
   </div>
   <div class='ocr_carea' id='block_1_2' title="bbox 2108 238 3665 326">
    <p class='ocr_par' dir='ltr' id='par_1_2' title="bbox 2108 238 3665 307">
     <span class='ocr_line' id='line_1_2' title="bbox 2108 238 3665 307; baseline -0.003 0"><span class='ocrx_word' id='word_1_4' title='bbox 2108 245 2163 307; x_wconf 63' lang='grc' dir='ltr'><strong>’Ν</strong></span> <span class='ocrx_word' id='word_1_5' title='bbox 2177 246 2345 306; x_wconf 65' lang='grc' dir='ltr'><strong>ΑΒΕ</strong></span> <span class='ocrx_word' id='word_1_6' title='bbox 2417 276 2421 281; x_wconf 78' lang='lat'><strong><em>~</em></strong></span> <span class='ocrx_word' id='word_1_7' title='bbox 3539 238 3665 305; x_wconf 76' lang='lat'><strong>936</strong></span> 
     </span>
    </p>
   </div>
   <div class='ocr_carea' id='block_1_3' title="bbox 394 356 2000 439">
    <p class='ocr_par' dir='ltr' id='par_1_3' title="bbox 394 364 1974 439">
     <span class='ocr_line' id='line_1_3' title="bbox 394 364 1974 439; baseline -0.006 -11"><span class='ocrx_word' id='word_1_8' title='bbox 394 376 476 429; x_wconf 86' lang='lat' dir='ltr'><strong>eis</strong></span> <span class='ocrx_word' id='word_1_9' title='bbox 504 385 654 437; x_wconf 80' lang='lat' dir='ltr'><strong>esse,</strong></span> <span class='ocrx_word' id='word_1_10' title='bbox 679 385 986 439; x_wconf 86' lang='lat' dir='ltr'><strong>eorumque</strong></span> <span class='ocrx_word' id='word_1_11' title='bbox 1009 370 1225 424; x_wconf 87' lang='lat' dir='ltr'><strong>litteras</strong></span> <span class='ocrx_word' id='word_1_12' title='bbox 1246 380 1532 422; x_wconf 86' lang='lat' dir='ltr'><strong>cremasse</strong></span> <span class='ocrx_word' id='word_1_13' title='bbox 1555 364 1787 420; x_wconf 75' lang='lat' dir='ltr'><strong>diceret.</strong></span> <span class='ocrx_word' id='word_1_14' title='bbox 1814 364 1974 419; x_wconf 82' lang='lat' dir='ltr'><strong>Tem-</strong></span> 
     </span>
    </p>
   </div>
   <div class='ocr_carea' id='block_1_4' title="bbox 2108 356 3673 439">
    <p class='ocr_par' dir='ltr' id='par_1_4' title="bbox 2108 356 3673 433">
     <span class='ocr_line' id='line_1_4' title="bbox 2108 356 3673 433; baseline -0.003 -17"><span class='ocrx_word' id='word_1_15' title='bbox 2108 381 2169 416; x_wconf 84' lang='lat' dir='ltr'><strong>ou</strong></span> <span class='ocrx_word' id='word_1_16' title='bbox 2216 363 2546 433; x_wconf 78' lang='grc' dir='ltr'><strong>εἰρήκεσαν,</strong></span> <span class='ocrx_word' id='word_1_17' title='bbox 2592 359 2690 414; x_wconf 77' lang='grc' dir='ltr'>καὶ</span> <span class='ocrx_word' id='word_1_18' title='bbox 2736 361 2863 424; x_wconf 77' lang='grc' dir='ltr'>τοὺς</span> <span class='ocrx_word' id='word_1_19' title='bbox 2924 356 3385 430; x_wconf 79' lang='grc' dir='ltr'><strong>βλασφημοῦντας</strong></span> <span class='ocrx_word' id='word_1_20' title='bbox 3441 359 3673 415; x_wconf 65' lang='lat' dir='ltr'><strong>tarsin</strong></span> 
     </span>
    </p>
   </div>
   <div class='ocr_carea' id='block_1_5' title="bbox 398 450 2000 553">
    <p class='ocr_par' dir='ltr' id='par_1_5' title="bbox 398 455 1967 526">
     <span class='ocr_line' id='line_1_5' title="bbox 398 455 1967 526; baseline -0.006 -6"><span class='ocrx_word' id='word_1_21' title='bbox 398 466 486 520; x_wconf 78' lang='lat' dir='ltr'><strong>nla</strong></span> <span class='ocrx_word' id='word_1_22' title='bbox 520 463 624 518; x_wconf 90' lang='lat' dir='ltr'><strong>sibi</strong></span> <span class='ocrx_word' id='word_1_23' title='bbox 655 461 1004 517; x_wconf 80' lang='lat' dir='ltr'><strong>etsacriﬁeia</strong></span> <span class='ocrx_word' id='word_1_24' title='bbox 1061 469 1120 514; x_wconf 91' lang='lat' dir='ltr'><strong>ut</strong></span> <span class='ocrx_word' id='word_1_25' title='bbox 1159 459 1265 513; x_wconf 91' lang='lat' dir='ltr'><strong>deo</strong></span> <span class='ocrx_word' id='word_1_26' title='bbox 1317 456 1435 511; x_wconf 76' lang='lat' dir='ltr'><strong>fieri</strong></span> <span class='ocrx_word' id='word_1_27' title='bbox 1482 456 1668 526; x_wconf 85' lang='lat' dir='ltr'><strong>jussit.</strong></span> <span class='ocrx_word' id='word_1_28' title='bbox 1725 455 1782 509; x_wconf 90' lang='lat' dir='ltr'><strong>Si</strong></span> <span class='ocrx_word' id='word_1_29' title='bbox 1836 456 1967 525; x_wconf 91' lang='lat' dir='ltr'><strong>quid</strong></span> 
     </span>
    </p>
   </div>
   <div class='ocr_carea' id='block_1_6' title="bbox 2108 450 3671 553">
    <p class='ocr_par' dir='ltr' id='par_1_6' title="bbox 2108 450 3671 521">
     <span class='ocr_line' id='line_1_6' title="bbox 2108 450 3671 521; baseline -0.002 -14"><span class='ocrx_word' id='word_1_30' title='bbox 2108 454 2320 520; x_wconf 78' lang='grc' dir='ltr'>κάκιζε,</span> <span class='ocrx_word' id='word_1_31' title='bbox 2371 453 2469 507; x_wconf 80' lang='grc' dir='ltr'>καὶ</span> <span class='ocrx_word' id='word_1_32' title='bbox 2510 454 2638 515; x_wconf 87' lang='grc' dir='ltr'>τοὺς</span> <span class='ocrx_word' id='word_1_33' title='bbox 2707 450 3067 514; x_wconf 78' lang='grc' dir='ltr'><strong>ἐπαινοῦντας</strong></span> <span class='ocrx_word' id='word_1_34' title='bbox 3108 452 3184 515; x_wconf 86' lang='grc' dir='ltr'><strong>ώς</strong></span> <span class='ocrx_word' id='word_1_35' title='bbox 3220 451 3413 521; x_wconf 77' lang='grc' dir='ltr'>φίλους</span> <span class='ocrx_word' id='word_1_36' title='bbox 3441 453 3671 505; x_wconf 69' lang='grc' dir='ltr'>ἐκείνου</span> 
     </span>
    </p>
   </div>
   <div class='ocr_carea' id='block_1_7' title="bbox 397 542 2000 642">
    <p class='ocr_par' dir='ltr' id='par_1_7' title="bbox 397 548 1972 627">
     <span class='ocr_line' id='line_1_7' title="bbox 397 548 1972 627; baseline -0.007 -16"><span class='ocrx_word' id='word_1_37' title='bbox 397 558 710 627; x_wconf 81' lang='lat' dir='ltr'><strong>petebatur,</strong></span> <span class='ocrx_word' id='word_1_38' title='bbox 741 552 1086 607; x_wconf 83' lang='lat' dir='ltr'><strong>irascebatur</strong></span> <span class='ocrx_word' id='word_1_39' title='bbox 1113 568 1128 615; x_wconf 89' lang='lat'><strong>;</strong></span> <span class='ocrx_word' id='word_1_40' title='bbox 1173 552 1219 605; x_wconf 88' lang='lat' dir='ltr'><strong>si</strong></span> <span class='ocrx_word' id='word_1_41' title='bbox 1252 549 1391 603; x_wconf 87' lang='lat' dir='ltr'><strong>nihil</strong></span> <span class='ocrx_word' id='word_1_42' title='bbox 1436 548 1748 618; x_wconf 81' lang='lat' dir='ltr'><strong>petebatur,</strong></span> <span class='ocrx_word' id='word_1_43' title='bbox 1778 561 1972 601; x_wconf 86' lang='lat' dir='ltr'><strong>rursus</strong></span> 
     </span>
    </p>
   </div>
   <div class='ocr_carea' id='block_1_8' title="bbox 2108 542 3674 642">
    <p class='ocr_par' dir='ltr' id='par_1_8' title="bbox 2108 542 3674 616">
     <span class='ocr_line' id='line_1_8' title="bbox 2108 542 3674 616; baseline -0.001 -20"><span class='ocrx_word' id='word_1_44' title='bbox 2108 547 2275 616; x_wconf 84' lang='grc' dir='ltr'>μίσει,</span> <span class='ocrx_word' id='word_1_45' title='bbox 2324 544 2421 599; x_wconf 77' lang='grc' dir='ltr'>καὶ</span> <span class='ocrx_word' id='word_1_46' title='bbox 2468 542 2824 614; x_wconf 74' lang='grc' dir='ltr'>παμπληθεῖς</span> <span class='ocrx_word' id='word_1_47' title='bbox 2870 542 3165 596; x_wconf 85' lang='grc' dir='ltr'>ἀπέκτεινε</span> <span class='ocrx_word' id='word_1_48' title='bbox 3213 543 3323 596; x_wconf 86' lang='grc' dir='ltr'>τῶν</span> <span class='ocrx_word' id='word_1_49' title='bbox 3361 543 3509 597; x_wconf 87' lang='grc' dir='ltr'><strong>κατά</strong></span> <span class='ocrx_word' id='word_1_50' title='bbox 3561 542 3674 596; x_wconf 71' lang='grc' dir='ltr'>τοῦ</span> 
     </span>
    </p>
   </div>
   <div class='ocr_carea' id='block_1_9' title="bbox 394 630 2000 736">
    <p class='ocr_par' dir='ltr' id='par_1_9' title="bbox 394 638 1966 711">
     <span class='ocr_line' id='line_1_9' title="bbox 394 638 1966 711; baseline -0.007 -9"><span class='ocrx_word' id='word_1_51' title='bbox 394 644 786 707; x_wconf 70' lang='grc' dir='ltr'>,ζιιοοοιιεθῦιιι.</span> <span class='ocrx_word' id='word_1_52' title='bbox 819 642 926 695; x_wconf 79' lang='lat' dir='ltr'><strong>Res</strong></span> <span class='ocrx_word' id='word_1_53' title='bbox 952 641 1216 711; x_wconf 86' lang='lat' dir='ltr'><strong>quasdam</strong></span> <span class='ocrx_word' id='word_1_54' title='bbox 1268 640 1560 694; x_wconf 85' lang='lat' dir='ltr'><strong>celerrime</strong></span> <span class='ocrx_word' id='word_1_55' title='bbox 1616 638 1966 708; x_wconf 66' lang='lat' dir='ltr'><strong>aggredieba»</strong></span> 
     </span>
    </p>
   </div>
   <div class='ocr_carea' id='block_1_10' title="bbox 2108 630 3672 736">
    <p class='ocr_par' dir='ltr' id='par_1_10' title="bbox 2108 630 3672 705">
     <span class='ocr_line' id='line_1_10' title="bbox 2108 630 3672 705; baseline -0.005 -16"><span class='ocrx_word' id='word_1_56' title='bbox 2108 636 2299 705; x_wconf 74' lang='grc' dir='ltr'>ςατρὸς,</span> <span class='ocrx_word' id='word_1_57' title='bbox 2354 633 2450 688; x_wconf 75' lang='grc' dir='ltr'>καὶ</span> <span class='ocrx_word' id='word_1_58' title='bbox 2490 634 2590 703; x_wconf 84' lang='grc' dir='ltr'><strong>τῆς</strong></span> <span class='ocrx_word' id='word_1_59' title='bbox 2633 631 2863 702; x_wconf 82' lang='grc' dir='ltr'>μητρὸς,</span> <span class='ocrx_word' id='word_1_60' title='bbox 2898 631 2993 685; x_wconf 77' lang='grc' dir='ltr'><strong>καὶ</strong></span> <span class='ocrx_word' id='word_1_61' title='bbox 3032 630 3144 683; x_wconf 85' lang='grc' dir='ltr'><strong>τῶν</strong></span> <span class='ocrx_word' id='word_1_62' title='bbox 3191 631 3437 698; x_wconf 67' lang='grc' dir='ltr'>ἀδελφῶν</span> <span class='ocrx_word' id='word_1_63' title='bbox 3486 630 3672 683; x_wconf 77' lang='grc' dir='ltr'>αὐτοῦ</span> 
     </span>
    </p>
   </div>
   <div class='ocr_carea' id='block_1_11' title="bbox 405 720 2000 823">
    <p class='ocr_par' dir='ltr' id='par_1_11' title="bbox 405 732 1972 801">
     <span class='ocr_line' id='line_1_11' title="bbox 405 732 1972 801; baseline -0.004 -8"><span class='ocrx_word' id='word_1_64' title='bbox 405 750 515 799; x_wconf 88' lang='lat' dir='ltr'><strong>tur.</strong></span> <span class='ocrx_word' id='word_1_65' title='bbox 567 735 862 791; x_wconf 88' lang='lat' dir='ltr'><strong>nonnullas</strong></span> <span class='ocrx_word' id='word_1_66' title='bbox 898 733 1210 788; x_wconf 81' lang='lat' dir='ltr'><strong>tardissime</strong></span> <span class='ocrx_word' id='word_1_67' title='bbox 1266 732 1626 801; x_wconf 86' lang='lat' dir='ltr'><strong>suseiptebat.</strong></span> <span class='ocrx_word' id='word_1_68' title='bbox 1676 732 1972 787; x_wconf 84' lang='lat' dir='ltr'><strong>Pecuniam</strong></span> 
     </span>
    </p>
   </div>
   <div class='ocr_carea' id='block_1_12' title="bbox 2108 720 3679 823">
    <p class='ocr_par' dir='ltr' id='par_1_12' title="bbox 2108 720 3679 795">
     <span class='ocr_line' id='line_1_12' title="bbox 2108 720 3679 795; baseline -0.004 -17"><span class='ocrx_word' id='word_1_69' title='bbox 2108 726 2167 778; x_wconf 80' lang='grc' dir='ltr'><strong>δν</strong></span> <span class='ocrx_word' id='word_1_70' title='bbox 2210 726 2461 795; x_wconf 87' lang='grc' dir='ltr'>Τιϐέριον</span> <span class='ocrx_word' id='word_1_71' title='bbox 2494 723 2882 792; x_wconf 77' lang='grc' dir='ltr'>ὲρεθισάντων,</span> <span class='ocrx_word' id='word_1_72' title='bbox 2921 722 3101 775; x_wconf 81' lang='grc' dir='ltr'>καίτοι</span> <span class='ocrx_word' id='word_1_73' title='bbox 3144 723 3245 792; x_wconf 78' lang='grc' dir='ltr'>τὴν</span> <span class='ocrx_word' id='word_1_74' title='bbox 3274 720 3444 792; x_wconf 80' lang='grc' dir='ltr'>ὀργὴν</span> <span class='ocrx_word' id='word_1_75' title='bbox 3472 720 3679 781; x_wconf 80' lang='grc' dir='ltr'>αὐτοῖς</span> 
     </span>
    </p>
   </div>
   <div class='ocr_carea' id='block_1_13' title="bbox 404 813 2000 916">
    <p class='ocr_par' dir='ltr' id='par_1_13' title="bbox 404 823 1976 898">
     <span class='ocr_line' id='line_1_13' title="bbox 404 823 1976 898; baseline -0.003 -15"><span class='ocrx_word' id='word_1_76' title='bbox 404 842 462 884; x_wconf 82' lang='grc' dir='ltr'><strong>ιιι</strong></span> <span class='ocrx_word' id='word_1_77' title='bbox 491 844 589 898; x_wconf 87' lang='lat' dir='ltr'><strong>per</strong></span> <span class='ocrx_word' id='word_1_78' title='bbox 617 841 887 882; x_wconf 79' lang='lat' dir='ltr'><strong>summam</strong></span> <span class='ocrx_word' id='word_1_79' title='bbox 930 825 1295 878; x_wconf 77' lang='lat' dir='ltr'><strong>temeritatem</strong></span> <span class='ocrx_word' id='word_1_80' title='bbox 1330 823 1652 877; x_wconf 82' lang='lat' dir='ltr'><strong>ell&#39;undebat</strong></span> <span class='ocrx_word' id='word_1_81' title='bbox 1680 862 1695 886; x_wconf 90' lang='lat'><strong>,</strong></span> <span class='ocrx_word' id='word_1_82' title='bbox 1743 823 1817 877; x_wconf 88' lang='lat' dir='ltr'><strong>ita</strong></span> <span class='ocrx_word' id='word_1_83' title='bbox 1856 840 1976 878; x_wconf 89' lang='lat' dir='ltr'><strong>sor-</strong></span> 
     </span>
    </p>
   </div>
   <div class='ocr_carea' id='block_1_14' title="bbox 2108 813 3677 916">
    <p class='ocr_par' dir='ltr' id='par_1_14' title="bbox 2108 813 3677 888">
     <span class='ocr_line' id='line_1_14' title="bbox 2108 813 3677 888; baseline -0.004 -17"><span class='ocrx_word' id='word_1_84' title='bbox 2108 820 2290 888; x_wconf 75' lang='grc' dir='ltr'>,ςρεϊναι</span> <span class='ocrx_word' id='word_1_85' title='bbox 2318 817 2517 885; x_wconf 85' lang='grc' dir='ltr'>λέγων,</span> <span class='ocrx_word' id='word_1_86' title='bbox 2548 817 2730 870; x_wconf 77' lang='grc' dir='ltr'>καὶτὰ</span> <span class='ocrx_word' id='word_1_87' title='bbox 2759 815 3066 886; x_wconf 76' lang='grc' dir='ltr'>γράμματα</span> <span class='ocrx_word' id='word_1_88' title='bbox 3090 814 3433 881; x_wconf 79' lang='grc' dir='ltr'><strong>καταφλέξαι</strong></span> <span class='ocrx_word' id='word_1_89' title='bbox 3453 813 3677 865; x_wconf 80' lang='grc' dir='ltr'>αὐτῶν.</span> 
     </span>
    </p>
   </div>
   <div class='ocr_carea' id='block_1_15' title="bbox 403 902 2000 986">
    <p class='ocr_par' dir='ltr' id='par_1_15' title="bbox 403 914 1977 986">
     <span class='ocr_line' id='line_1_15' title="bbox 403 914 1977 986; baseline -0.003 -11"><span class='ocrx_word' id='word_1_90' title='bbox 403 919 687 975; x_wconf 86' lang='lat' dir='ltr'><strong>didissime</strong></span> <span class='ocrx_word' id='word_1_91' title='bbox 746 916 1118 986; x_wconf 82' lang='lat' dir='ltr'><strong>comparabat.</strong></span> <span class='ocrx_word' id='word_1_92' title='bbox 1172 915 1336 986; x_wconf 71' lang='grc'><strong>554</strong></span> <span class='ocrx_word' id='word_1_93' title='bbox 1405 915 1538 969; x_wconf 90' lang='lat' dir='ltr'><strong>Tam</strong></span> <span class='ocrx_word' id='word_1_94' title='bbox 1595 914 1977 970; x_wconf 83' lang='lat' dir='ltr'><strong>adulatoribus</strong></span> 
     </span>
    </p>
   </div>
   <div class='ocr_carea' id='block_1_16' title="bbox 2108 902 3681 986">
    <p class='ocr_par' dir='ltr' id='par_1_16' title="bbox 2108 902 3681 977">
     <span class='ocr_line' id='line_1_16' title="bbox 2108 902 3681 977; baseline -0.006 -14"><span class='ocrx_word' id='word_1_95' title='bbox 2108 912 2190 963; x_wconf 67' lang='lat' dir='ltr'><strong>ixi.</strong></span> <span class='ocrx_word' id='word_1_96' title='bbox 2224 911 2385 973; x_wconf 83' lang='grc' dir='ltr'>ναοὺς</span> <span class='ocrx_word' id='word_1_97' title='bbox 2432 909 2489 962; x_wconf 80' lang='grc' dir='ltr'>δὲ</span> <span class='ocrx_word' id='word_1_98' title='bbox 2529 908 2708 977; x_wconf 70' lang='grc' dir='ltr'>ἐαυτῷ</span> <span class='ocrx_word' id='word_1_99' title='bbox 2755 908 2847 960; x_wconf 79' lang='grc' dir='ltr'><strong>καὶ</strong></span> <span class='ocrx_word' id='word_1_100' title='bbox 2890 906 3085 969; x_wconf 81' lang='grc' dir='ltr'>θυσίας</span> <span class='ocrx_word' id='word_1_101' title='bbox 3122 905 3199 968; x_wconf 89' lang='grc' dir='ltr'><strong>ώς</strong></span> <span class='ocrx_word' id='word_1_102' title='bbox 3243 905 3363 975; x_wconf 83' lang='grc' dir='ltr'><strong>Θεῷ</strong></span> <span class='ocrx_word' id='word_1_103' title='bbox 3406 902 3681 972; x_wconf 78' lang='grc' dir='ltr'>γίνεσθαι</span> 
     </span>
    </p>
   </div>
   <div class='ocr_carea' id='block_1_17' title="bbox 403 995 2000 1081">
    <p class='ocr_par' dir='ltr' id='par_1_17' title="bbox 403 1005 1979 1081">
     <span class='ocr_line' id='line_1_17' title="bbox 403 1005 1979 1081; baseline -0.003 -16"><span class='ocrx_word' id='word_1_104' title='bbox 403 1028 566 1081; x_wconf 89' lang='lat' dir='ltr'><strong>quam</strong></span> <span class='ocrx_word' id='word_1_105' title='bbox 603 1009 971 1063; x_wconf 85' lang='lat' dir='ltr'><strong>monitoribus</strong></span> <span class='ocrx_word' id='word_1_106' title='bbox 1022 1022 1091 1062; x_wconf 79' lang='lat' dir='ltr'><strong>ex</strong></span> <span class='ocrx_word' id='word_1_107' title='bbox 1137 1022 1297 1075; x_wconf 68' lang='grc' dir='ltr'>ωειυο</span> <span class='ocrx_word' id='word_1_108' title='bbox 1351 1016 1408 1061; x_wconf 91' lang='lat' dir='ltr'><strong>et</strong></span> <span class='ocrx_word' id='word_1_109' title='bbox 1456 1005 1874 1072; x_wconf 85' lang='lat' dir='ltr'><strong>delectabatur,</strong></span> <span class='ocrx_word' id='word_1_110' title='bbox 1923 1015 1979 1061; x_wconf 92' lang='lat' dir='ltr'><strong>et</strong></span> 
     </span>
    </p>
   </div>
   <div class='ocr_carea' id='block_1_18' title="bbox 2108 995 3683 1081">
    <p class='ocr_par' dir='ltr' id='par_1_18' title="bbox 2110 995 3683 1069">
     <span class='ocr_line' id='line_1_18' title="bbox 2110 995 3683 1069; baseline -0.005 -13"><span class='ocrx_word' id='word_1_111' title='bbox 2110 1002 2385 1056; x_wconf 80' lang='grc' dir='ltr'><strong>κέλευσεν.</strong></span> <span class='ocrx_word' id='word_1_112' title='bbox 2436 999 2769 1068; x_wconf 82' lang='grc' dir='ltr'>Λίτούμενός</span> <span class='ocrx_word' id='word_1_113' title='bbox 2823 999 2883 1052; x_wconf 84' lang='grc' dir='ltr'><strong>τέ</strong></span> <span class='ocrx_word' id='word_1_114' title='bbox 2931 1016 2986 1052; x_wconf 87' lang='grc' dir='ltr'><strong>τι</strong></span> <span class='ocrx_word' id='word_1_115' title='bbox 3033 997 3333 1069; x_wconf 72' lang='grc' dir='ltr'>ὠργίζετο,</span> <span class='ocrx_word' id='word_1_116' title='bbox 3373 997 3469 1052; x_wconf 80' lang='grc' dir='ltr'>καὶ</span> <span class='ocrx_word' id='word_1_117' title='bbox 3504 995 3683 1058; x_wconf 74' lang='grc' dir='ltr'>αὖθις</span> 
     </span>
    </p>
   </div>
   <div class='ocr_carea' id='block_1_19' title="bbox 405 1098 1978 1169">
    <p class='ocr_par' dir='ltr' id='par_1_19' title="bbox 405 1098 1978 1169">
     <span class='ocr_line' id='line_1_19' title="bbox 405 1098 1978 1169; baseline -0.004 -11"><span class='ocrx_word' id='word_1_118' title='bbox 405 1105 810 1159; x_wconf 81' lang='lat' dir='ltr'><strong>otl‘endebatur.</strong></span> <span class='ocrx_word' id='word_1_119' title='bbox 840 1101 1038 1156; x_wconf 81' lang='lat' dir='ltr'><strong>Multos</strong></span> <span class='ocrx_word' id='word_1_120' title='bbox 1070 1099 1408 1169; x_wconf 83' lang='lat' dir='ltr'><strong>gravissimis</strong></span> <span class='ocrx_word' id='word_1_121' title='bbox 1453 1098 1791 1154; x_wconf 74' lang='lat' dir='ltr'><strong>facinoribus</strong></span> <span class='ocrx_word' id='word_1_122' title='bbox 1843 1113 1978 1152; x_wconf 86' lang='lat' dir='ltr'><strong>con-</strong></span> 
     </span>
    </p>
   </div>
   <div class='ocr_carea' id='block_1_20' title="bbox 407 1189 1979 1261">
    <p class='ocr_par' dir='ltr' id='par_1_20' title="bbox 407 1189 1979 1261">
     <span class='ocr_line' id='line_1_20' title="bbox 407 1189 1979 1261; baseline -0.003 -13"><span class='ocrx_word' id='word_1_123' title='bbox 407 1194 629 1248; x_wconf 88' lang='lat' dir='ltr'><strong>strictos</strong></span> <span class='ocrx_word' id='word_1_124' title='bbox 664 1193 961 1261; x_wconf 89' lang='lat' dir='ltr'><strong>puniebat,</strong></span> <span class='ocrx_word' id='word_1_125' title='bbox 999 1194 1201 1245; x_wconf 89' lang='lat' dir='ltr'><strong>multos</strong></span> <span class='ocrx_word' id='word_1_126' title='bbox 1246 1192 1404 1259; x_wconf 86' lang='lat' dir='ltr'><strong>plane</strong></span> <span class='ocrx_word' id='word_1_127' title='bbox 1456 1189 1699 1244; x_wconf 86' lang='lat' dir='ltr'><strong>insontes</strong></span> <span class='ocrx_word' id='word_1_128' title='bbox 1760 1190 1979 1244; x_wconf 89' lang='lat' dir='ltr'><strong>occide-</strong></span> 
     </span>
    </p>
   </div>
   <div class='ocr_carea' id='block_1_21' title="bbox 410 1282 1983 1346">
    <p class='ocr_par' dir='ltr' id='par_1_21' title="bbox 410 1282 1983 1346">
     <span class='ocr_line' id='line_1_21' title="bbox 410 1282 1983 1346; baseline -0.003 -5"><span class='ocrx_word' id='word_1_129' title='bbox 410 1290 521 1341; x_wconf 82' lang='lat' dir='ltr'><strong>bat.</strong></span> <span class='ocrx_word' id='word_1_130' title='bbox 552 1286 866 1340; x_wconf 86' lang='lat' dir='ltr'><strong>Amicorum</strong></span> <span class='ocrx_word' id='word_1_131' title='bbox 899 1285 1024 1337; x_wconf 87' lang='lat' dir='ltr'><strong>aliis</strong></span> <span class='ocrx_word' id='word_1_132' title='bbox 1059 1282 1349 1338; x_wconf 85' lang='lat' dir='ltr'><strong>immodice</strong></span> <span class='ocrx_word' id='word_1_133' title='bbox 1380 1283 1768 1336; x_wconf 87' lang='lat' dir='ltr'><strong>assentabatur</strong></span> <span class='ocrx_word' id='word_1_134' title='bbox 1799 1321 1815 1346; x_wconf 92' lang='lat'><strong>,</strong></span> <span class='ocrx_word' id='word_1_135' title='bbox 1841 1282 1983 1337; x_wconf 90' lang='lat' dir='ltr'><strong>alios</strong></span> 
     </span>
    </p>
   </div>
   <div class='ocr_carea' id='block_1_22' title="bbox 408 1373 1986 1444">
    <p class='ocr_par' dir='ltr' id='par_1_22' title="bbox 408 1373 1986 1444">
     <span class='ocr_line' id='line_1_22' title="bbox 408 1373 1986 1444; baseline -0.004 -9"><span class='ocrx_word' id='word_1_136' title='bbox 408 1378 672 1435; x_wconf 77' lang='lat' dir='ltr'><strong>extremis</strong></span> <span class='ocrx_word' id='word_1_137' title='bbox 700 1376 1048 1430; x_wconf 82' lang='lat' dir='ltr'><strong>contumeliis</strong></span> <span class='ocrx_word' id='word_1_138' title='bbox 1080 1374 1370 1428; x_wconf 75' lang='lat' dir='ltr'><strong>alliciebat.</strong></span> <span class='ocrx_word' id='word_1_139' title='bbox 1422 1373 1539 1428; x_wconf 89' lang='lat' dir='ltr'><strong>Tali</strong></span> <span class='ocrx_word' id='word_1_140' title='bbox 1586 1375 1826 1444; x_wconf 87' lang='lat' dir='ltr'><strong>denique</strong></span> <span class='ocrx_word' id='word_1_141' title='bbox 1882 1375 1986 1428; x_wconf 81' lang='lat' dir='ltr'><strong>im-</strong></span> 
     </span>
    </p>
   </div>
   <div class='ocr_carea' id='block_1_23' title="bbox 410 1464 1985 1541">
    <p class='ocr_par' dir='ltr' id='par_1_23' title="bbox 410 1464 1985 1541">
     <span class='ocr_line' id='line_1_23' title="bbox 410 1464 1985 1541; baseline -0.006 -15"><span class='ocrx_word' id='word_1_142' title='bbox 410 1468 651 1541; x_wconf 89' lang='lat' dir='ltr'><strong>peratori</strong></span> <span class='ocrx_word' id='word_1_143' title='bbox 683 1476 796 1521; x_wconf 92' lang='lat' dir='ltr'><strong>tum</strong></span> <span class='ocrx_word' id='word_1_144' title='bbox 824 1466 1057 1520; x_wconf 86' lang='lat' dir='ltr'><strong>Romani</strong></span> <span class='ocrx_word' id='word_1_145' title='bbox 1086 1475 1217 1519; x_wconf 92' lang='lat' dir='ltr'><strong>sunt</strong></span> <span class='ocrx_word' id='word_1_146' title='bbox 1247 1465 1458 1527; x_wconf 88' lang='lat' dir='ltr'><strong>traditi,</strong></span> <span class='ocrx_word' id='word_1_147' title='bbox 1508 1474 1568 1519; x_wconf 92' lang='lat' dir='ltr'><strong>ut</strong></span> <span class='ocrx_word' id='word_1_148' title='bbox 1596 1464 1803 1518; x_wconf 87' lang='lat' dir='ltr'><strong>Tiberii</strong></span> <span class='ocrx_word' id='word_1_149' title='bbox 1852 1464 1985 1518; x_wconf 81' lang='lat' dir='ltr'><strong>faci-</strong></span> 
     </span>
    </p>
   </div>
   <div class='ocr_carea' id='block_1_24' title="bbox 411 1556 1986 1632">
    <p class='ocr_par' dir='ltr' id='par_1_24' title="bbox 411 1556 1986 1632">
     <span class='ocr_line' id='line_1_24' title="bbox 411 1556 1986 1632; baseline -0.005 -14"><span class='ocrx_word' id='word_1_150' title='bbox 411 1579 543 1618; x_wconf 86' lang='lat' dir='ltr'><strong>nora</strong></span> <span class='ocrx_word' id='word_1_151' title='bbox 577 1561 932 1632; x_wconf 87' lang='lat' dir='ltr'><strong>quantumvis</strong></span> <span class='ocrx_word' id='word_1_152' title='bbox 965 1558 1173 1613; x_wconf 91' lang='lat' dir='ltr'><strong>atrocia</strong></span> <span class='ocrx_word' id='word_1_153' title='bbox 1221 1574 1251 1612; x_wconf 93' lang='lat' dir='ltr'><strong>a</strong></span> <span class='ocrx_word' id='word_1_154' title='bbox 1302 1556 1420 1612; x_wconf 89' lang='lat' dir='ltr'><strong>Caii</strong></span> <span class='ocrx_word' id='word_1_155' title='bbox 1474 1557 1781 1612; x_wconf 81' lang='lat' dir='ltr'><strong>sceleribus</strong></span> <span class='ocrx_word' id='word_1_156' title='bbox 1834 1566 1986 1611; x_wconf 90' lang='lat' dir='ltr'><strong>tanto</strong></span> 
     </span>
    </p>
   </div>
   <div class='ocr_carea' id='block_1_25' title="bbox 2081 1089 3683 1176">
    <p class='ocr_par' dir='ltr' id='par_1_25' title="bbox 2081 1089 3683 1176">
     <span class='ocr_line' id='line_1_25' title="bbox 2081 1089 3683 1176; baseline -0.003 -29"><span class='ocrx_word' id='word_1_157' title='bbox 2081 1095 2282 1165; x_wconf 80' lang='grc' dir='ltr'>ὲμηνία</span> <span class='ocrx_word' id='word_1_158' title='bbox 2309 1092 2384 1154; x_wconf 84' lang='grc' dir='ltr'>ὡς</span> <span class='ocrx_word' id='word_1_159' title='bbox 2418 1092 2495 1161; x_wconf 79' lang='grc' dir='ltr'>μὴ</span> <span class='ocrx_word' id='word_1_160' title='bbox 2512 1090 2862 1176; x_wconf 75' lang='grc' dir='ltr'>ριίτούμενος·</span> <span class='ocrx_word' id='word_1_161' title='bbox 2895 1089 3023 1154; x_wconf 82' lang='grc' dir='ltr'>όξύς</span> <span class='ocrx_word' id='word_1_162' title='bbox 3048 1090 3096 1143; x_wconf 84' lang='grc' dir='ltr'>τ’</span> <span class='ocrx_word' id='word_1_163' title='bbox 3126 1090 3218 1143; x_wconf 79' lang='grc' dir='ltr'>ἐπί</span> <span class='ocrx_word' id='word_1_164' title='bbox 3248 1107 3403 1153; x_wconf 91' lang='grc' dir='ltr'>τινας</span> <span class='ocrx_word' id='word_1_165' title='bbox 3431 1089 3683 1160; x_wconf 75' lang='grc' dir='ltr'>πράξεις</span> 
     </span>
    </p>
   </div>
   <div class='ocr_carea' id='block_1_26' title="bbox 2083 1183 3684 1257">
    <p class='ocr_par' dir='ltr' id='par_1_26' title="bbox 2083 1183 3684 1257">
     <span class='ocr_line' id='line_1_26' title="bbox 2083 1183 3684 1257; baseline -0.002 -18"><span class='ocrx_word' id='word_1_166' title='bbox 2083 1187 2330 1257; x_wconf 78' lang='grc' dir='ltr'>ἐφέρετο,</span> <span class='ocrx_word' id='word_1_167' title='bbox 2361 1186 2455 1239; x_wconf 69' lang='grc' dir='ltr'>καὶ.</span> <span class='ocrx_word' id='word_1_168' title='bbox 2497 1184 2809 1238; x_wconf 84' lang='grc' dir='ltr'>νωθέστατα</span> <span class='ocrx_word' id='word_1_169' title='bbox 2842 1184 2990 1246; x_wconf 77' lang='grc' dir='ltr'>ἐνίας</span> <span class='ocrx_word' id='word_1_170' title='bbox 3028 1183 3414 1255; x_wconf 84' lang='grc' dir='ltr'>μεταχείριστο</span> <span class='ocrx_word' id='word_1_171' title='bbox 3438 1201 3452 1215; x_wconf 91' lang='grc'>·</span> <span class='ocrx_word' id='word_1_172' title='bbox 3501 1184 3578 1239; x_wconf 76' lang='grc' dir='ltr'>τά</span> <span class='ocrx_word' id='word_1_173' title='bbox 3610 1200 3684 1238; x_wconf 77' lang='grc' dir='ltr'><strong>τε</strong></span> 
     </span>
    </p>
   </div>
   <div class='ocr_carea' id='block_1_27' title="bbox 2083 1277 3684 1351">
    <p class='ocr_par' dir='ltr' id='par_1_27' title="bbox 2083 1277 3684 1351">
     <span class='ocr_line' id='line_1_27' title="bbox 2083 1277 3684 1351; baseline -0.004 -16"><span class='ocrx_word' id='word_1_174' title='bbox 2083 1281 2343 1351; x_wconf 83' lang='grc' dir='ltr'>χρήματα</span> <span class='ocrx_word' id='word_1_175' title='bbox 2390 1278 2487 1332; x_wconf 66' lang='grc' dir='ltr'><strong>καὶ</strong></span> <span class='ocrx_word' id='word_1_176' title='bbox 2536 1277 2902 1347; x_wconf 69' lang='grc' dir='ltr'><strong>ἀφειδέστατα</strong></span> <span class='ocrx_word' id='word_1_177' title='bbox 2955 1277 3241 1348; x_wconf 77' lang='grc' dir='ltr'>ἀνήλισκε,</span> <span class='ocrx_word' id='word_1_178' title='bbox 3274 1278 3368 1331; x_wconf 80' lang='grc' dir='ltr'>καὶ</span> <span class='ocrx_word' id='word_1_179' title='bbox 3400 1277 3684 1349; x_wconf 75' lang='grc' dir='ltr'>ῥυπαρώ-</span> 
     </span>
    </p>
   </div>
   <div class='ocr_carea' id='block_1_28' title="bbox 2084 1369 3686 1443">
    <p class='ocr_par' dir='ltr' id='par_1_28' title="bbox 2084 1369 3686 1443">
     <span class='ocr_line' id='line_1_28' title="bbox 2084 1369 3686 1443; baseline -0.004 -16"><span class='ocrx_word' id='word_1_180' title='bbox 2084 1391 2220 1427; x_wconf 90' lang='grc' dir='ltr'>τατα</span> <span class='ocrx_word' id='word_1_181' title='bbox 2241 1371 2630 1443; x_wconf 78' lang='grc' dir='ltr'>ἠργυρολόγει,</span> <span class='ocrx_word' id='word_1_182' title='bbox 2658 1374 2773 1434; x_wconf 81' lang='grc' dir='ltr'>τοῖς</span> <span class='ocrx_word' id='word_1_183' title='bbox 2795 1387 2853 1422; x_wconf 92' lang='grc' dir='ltr'><strong>τε</strong></span> <span class='ocrx_word' id='word_1_184' title='bbox 2882 1369 3218 1424; x_wconf 82' lang='grc' dir='ltr'>Θωπεύουσιν</span> <span class='ocrx_word' id='word_1_185' title='bbox 3245 1369 3406 1424; x_wconf 77' lang='grc' dir='ltr'>αὑτὸν</span> <span class='ocrx_word' id='word_1_186' title='bbox 3430 1369 3532 1423; x_wconf 78' lang='grc' dir='ltr'>καὶ</span> <span class='ocrx_word' id='word_1_187' title='bbox 3556 1372 3686 1433; x_wconf 73' lang='grc' dir='ltr'>τοῖς</span> 
     </span>
    </p>
   </div>
   <div class='ocr_carea' id='block_1_29' title="bbox 2086 1462 3686 1536">
    <p class='ocr_par' dir='ltr' id='par_1_29' title="bbox 2086 1462 3686 1536">
     <span class='ocr_line' id='line_1_29' title="bbox 2086 1462 3686 1536; baseline -0.003 -18"><span class='ocrx_word' id='word_1_188' title='bbox 2086 1463 2623 1536; x_wconf 73' lang='grc' dir='ltr'>παρρησιαζομένοις</span> <span class='ocrx_word' id='word_1_189' title='bbox 2647 1464 2743 1516; x_wconf 75' lang='grc' dir='ltr'><strong>καὶ</strong></span> <span class='ocrx_word' id='word_1_190' title='bbox 2767 1462 2963 1532; x_wconf 74' lang='grc' dir='ltr'>ἦχθετο</span> <span class='ocrx_word' id='word_1_191' title='bbox 2986 1463 3189 1533; x_wconf 86' lang='grc' dir='ltr'>ὁμοίως</span> <span class='ocrx_word' id='word_1_192' title='bbox 3219 1462 3315 1516; x_wconf 71' lang='grc' dir='ltr'>καὶ</span> <span class='ocrx_word' id='word_1_193' title='bbox 3344 1463 3527 1533; x_wconf 68' lang='grc' dir='ltr'>ἥδετο.</span> <span class='ocrx_word' id='word_1_194' title='bbox 3558 1462 3686 1515; x_wconf 79' lang='grc' dir='ltr'><strong>Καὶ</strong></span> 
     </span>
    </p>
   </div>
   <div class='ocr_carea' id='block_1_30' title="bbox 2088 1555 3689 1626">
    <p class='ocr_par' dir='ltr' id='par_1_30' title="bbox 2088 1555 3689 1626">
     <span class='ocr_line' id='line_1_30' title="bbox 2088 1555 3689 1626; baseline -0.001 -17"><span class='ocrx_word' id='word_1_195' title='bbox 2088 1555 2316 1616; x_wconf 81' lang='grc' dir='ltr'>πολλοὺς</span> <span class='ocrx_word' id='word_1_196' title='bbox 2347 1555 2446 1626; x_wconf 82' lang='grc' dir='ltr'><strong>μὲν</strong></span> <span class='ocrx_word' id='word_1_197' title='bbox 2480 1556 2694 1626; x_wconf 82' lang='grc' dir='ltr'>μεγάλα</span> <span class='ocrx_word' id='word_1_198' title='bbox 2723 1556 3093 1624; x_wconf 77' lang='grc' dir='ltr'><strong>ἀδικήσαντας</strong></span> <span class='ocrx_word' id='word_1_199' title='bbox 3146 1556 3404 1620; x_wconf 73' lang='grc' dir='ltr'>ἐκόλασε,</span> <span class='ocrx_word' id='word_1_200' title='bbox 3435 1556 3689 1620; x_wconf 76' lang='grc' dir='ltr'>πολλοὺς</span> 
     </span>
    </p>
   </div>
   <div class='ocr_carea' id='block_1_31' title="bbox 413 1645 2000 1741">
    <p class='ocr_par' dir='ltr' id='par_1_31' title="bbox 413 1645 1988 1717">
     <span class='ocr_line' id='line_1_31' title="bbox 413 1645 1988 1717; baseline -0.003 -13"><span class='ocrx_word' id='word_1_201' title='bbox 413 1650 701 1705; x_wconf 86' lang='lat' dir='ltr'><strong>intervallo</strong></span> <span class='ocrx_word' id='word_1_202' title='bbox 727 1649 1105 1708; x_wconf 85' lang='lat' dir='ltr'><strong>vincerentur,</strong></span> <span class='ocrx_word' id='word_1_203' title='bbox 1141 1656 1352 1716; x_wconf 87' lang='lat' dir='ltr'><strong>quanto</strong></span> <span class='ocrx_word' id='word_1_204' title='bbox 1400 1645 1681 1717; x_wconf 82' lang='lat' dir='ltr'><strong>Augustus</strong></span> <span class='ocrx_word' id='word_1_205' title='bbox 1730 1646 1988 1717; x_wconf 88' lang='lat' dir='ltr'><strong>princeps</strong></span> 
     </span>
    </p>
   </div>
   <div class='ocr_carea' id='block_1_32' title="bbox 2108 1645 3692 1741">
    <p class='ocr_par' dir='ltr' id='par_1_32' title="bbox 2108 1647 3692 1741">
     <span class='ocr_line' id='line_1_32' title="bbox 2108 1647 3692 1741; baseline -0.001 -41"><span class='ocrx_word' id='word_1_206' title='bbox 2108 1648 2145 1701; x_wconf 71' lang='grc' dir='ltr'><strong>ἰὲ</strong></span> <span class='ocrx_word' id='word_1_207' title='bbox 2183 1647 2351 1719; x_wconf 82' lang='grc' dir='ltr'>μηδὲν</span> <span class='ocrx_word' id='word_1_208' title='bbox 2394 1648 2727 1741; x_wconf 45' lang='grc' dir='ltr'>ἠδίκηκὸτας</span> <span class='ocrx_word' id='word_1_209' title='bbox 2762 1648 3072 1701; x_wconf 82' lang='grc' dir='ltr'>ἀπέκτεινε.</span> <span class='ocrx_word' id='word_1_210' title='bbox 3125 1649 3234 1701; x_wconf 78' lang='grc' dir='ltr'><strong>Καὶ</strong></span> <span class='ocrx_word' id='word_1_211' title='bbox 3279 1648 3391 1700; x_wconf 81' lang='grc' dir='ltr'><strong>τῶν</strong></span> <span class='ocrx_word' id='word_1_212' title='bbox 3434 1650 3692 1717; x_wconf 78' lang='grc' dir='ltr'>ἑταίρων</span> 
     </span>
    </p>
   </div>
   <div class='ocr_carea' id='block_1_33' title="bbox 415 1729 2000 1812">
    <p class='ocr_par' dir='ltr' id='par_1_33' title="bbox 415 1734 1986 1809">
     <span class='ocr_line' id='line_1_33' title="bbox 415 1734 1986 1809; baseline -0.003 -15"><span class='ocrx_word' id='word_1_213' title='bbox 415 1752 649 1809; x_wconf 86' lang='lat' dir='ltr'><strong>utroque</strong></span> <span class='ocrx_word' id='word_1_214' title='bbox 679 1738 872 1791; x_wconf 89' lang='lat' dir='ltr'><strong>melior</strong></span> <span class='ocrx_word' id='word_1_215' title='bbox 906 1737 1231 1791; x_wconf 90' lang='lat' dir='ltr'><strong>habebatur.</strong></span> <span class='ocrx_word' id='word_1_216' title='bbox 1259 1734 1394 1790; x_wconf 88' lang='lat' dir='ltr'><strong>Nam</strong></span> <span class='ocrx_word' id='word_1_217' title='bbox 1449 1734 1704 1790; x_wconf 83' lang='lat' dir='ltr'><strong>Tiberius</strong></span> <span class='ocrx_word' id='word_1_218' title='bbox 1753 1736 1986 1805; x_wconf 88' lang='lat' dir='ltr'><strong>impera-</strong></span> 
     </span>
    </p>
   </div>
   <div class='ocr_carea' id='block_1_34' title="bbox 2108 1729 3692 1812">
    <p class='ocr_par' dir='ltr' id='par_1_34' title="bbox 2108 1729 3692 1812">
     <span class='ocr_line' id='line_1_34' title="bbox 2108 1729 3692 1812; baseline -0.001 -18"><span class='ocrx_word' id='word_1_219' title='bbox 2108 1740 2217 1803; x_wconf 70' lang='grc' dir='ltr'>τοὺς</span> <span class='ocrx_word' id='word_1_220' title='bbox 2250 1742 2350 1809; x_wconf 75' lang='grc' dir='ltr'>μὲν</span> <span class='ocrx_word' id='word_1_221' title='bbox 2378 1729 2837 1807; x_wconf 85' lang='grc' dir='ltr'>ὐπὲρεκολάκευε,</span> <span class='ocrx_word' id='word_1_222' title='bbox 2855 1741 2984 1804; x_wconf 83' lang='grc' dir='ltr'>τοὺς</span> <span class='ocrx_word' id='word_1_223' title='bbox 3008 1740 3064 1793; x_wconf 84' lang='grc' dir='ltr'>δὲ</span> <span class='ocrx_word' id='word_1_224' title='bbox 3093 1739 3453 1812; x_wconf 76' lang='grc' dir='ltr'>ὑπερύϐριζε,</span> <span class='ocrx_word' id='word_1_225' title='bbox 3474 1741 3692 1793; x_wconf 73' lang='grc' dir='ltr'>Τοιού-</span> 
     </span>
    </p>
   </div>
   <div class='ocr_carea' id='block_1_35' title="bbox 416 1828 1989 1898">
    <p class='ocr_par' dir='ltr' id='par_1_35' title="bbox 416 1828 1989 1898">
     <span class='ocr_line' id='line_1_35' title="bbox 416 1828 1989 1898; baseline -0.002 -13"><span class='ocrx_word' id='word_1_226' title='bbox 416 1833 529 1893; x_wconf 75' lang='lat' dir='ltr'><strong>bat,</strong></span> <span class='ocrx_word' id='word_1_227' title='bbox 552 1840 608 1885; x_wconf 93' lang='lat' dir='ltr'><strong>et</strong></span> <span class='ocrx_word' id='word_1_228' title='bbox 633 1831 865 1884; x_wconf 89' lang='lat' dir='ltr'><strong>aliorum</strong></span> <span class='ocrx_word' id='word_1_229' title='bbox 899 1830 1205 1884; x_wconf 90' lang='lat' dir='ltr'><strong>ministerio</strong></span> <span class='ocrx_word' id='word_1_230' title='bbox 1231 1828 1296 1883; x_wconf 92' lang='lat' dir='ltr'><strong>ad</strong></span> <span class='ocrx_word' id='word_1_231' title='bbox 1327 1828 1651 1898; x_wconf 75' lang='lat' dir='ltr'><strong>explendam</strong></span> <span class='ocrx_word' id='word_1_232' title='bbox 1700 1828 1989 1882; x_wconf 90' lang='lat' dir='ltr'><strong>libidinem</strong></span> 
     </span>
    </p>
   </div>
   <div class='ocr_carea' id='block_1_36' title="bbox 418 1921 1993 1994">
    <p class='ocr_par' dir='ltr' id='par_1_36' title="bbox 418 1921 1993 1994">
     <span class='ocr_line' id='line_1_36' title="bbox 418 1921 1993 1994; baseline -0.003 -14"><span class='ocrx_word' id='word_1_233' title='bbox 418 1942 569 1980; x_wconf 86' lang='lat' dir='ltr'><strong>suain</strong></span> <span class='ocrx_word' id='word_1_234' title='bbox 606 1925 881 1979; x_wconf 88' lang='lat' dir='ltr'><strong>utebatur.</strong></span> <span class='ocrx_word' id='word_1_235' title='bbox 915 1923 984 1978; x_wconf 86' lang='lat' dir='ltr'><strong>At</strong></span> <span class='ocrx_word' id='word_1_236' title='bbox 1008 1921 1174 1978; x_wconf 89' lang='lat' dir='ltr'><strong>Caius</strong></span> <span class='ocrx_word' id='word_1_237' title='bbox 1223 1922 1429 1993; x_wconf 77' lang='lat' dir='ltr'><strong>aurigis</strong></span> <span class='ocrx_word' id='word_1_238' title='bbox 1493 1929 1550 1976; x_wconf 92' lang='lat' dir='ltr'><strong>et</strong></span> <span class='ocrx_word' id='word_1_239' title='bbox 1598 1921 1993 1994; x_wconf 80' lang='lat' dir='ltr'><strong>gladiatoribus</strong></span> 
     </span>
    </p>
   </div>
   <div class='ocr_carea' id='block_1_37' title="bbox 417 2012 1995 2086">
    <p class='ocr_par' dir='ltr' id='par_1_37' title="bbox 417 2012 1995 2086">
     <span class='ocr_line' id='line_1_37' title="bbox 417 2012 1995 2086; baseline -0.004 -15"><span class='ocrx_word' id='word_1_240' title='bbox 417 2017 683 2086; x_wconf 83' lang='lat' dir='ltr'><strong>parebat,</strong></span> <span class='ocrx_word' id='word_1_241' title='bbox 718 2023 774 2069; x_wconf 92' lang='lat' dir='ltr'><strong>et</strong></span> <span class='ocrx_word' id='word_1_242' title='bbox 816 2014 1170 2069; x_wconf 90' lang='lat' dir='ltr'><strong>saltatoribus</strong></span> <span class='ocrx_word' id='word_1_243' title='bbox 1212 2013 1539 2083; x_wconf 63' lang='lat' dir='ltr'><strong>cauet-isque</strong></span> <span class='ocrx_word' id='word_1_244' title='bbox 1591 2012 1828 2068; x_wconf 87' lang='lat' dir='ltr'><strong>scenicis</strong></span> <span class='ocrx_word' id='word_1_245' title='bbox 1878 2028 1995 2066; x_wconf 83' lang='lat' dir='ltr'><strong>ser-</strong></span> 
     </span>
    </p>
   </div>
   <div class='ocr_carea' id='block_1_38' title="bbox 417 2105 1996 2177">
    <p class='ocr_par' dir='ltr' id='par_1_38' title="bbox 417 2105 1996 2177">
     <span class='ocr_line' id='line_1_38' title="bbox 417 2105 1996 2177; baseline -0.002 -14"><span class='ocrx_word' id='word_1_246' title='bbox 417 2111 625 2165; x_wconf 87' lang='lat' dir='ltr'><strong>viehat.</strong></span> <span class='ocrx_word' id='word_1_247' title='bbox 668 2108 915 2177; x_wconf 84' lang='lat' dir='ltr'><strong>Apellem</strong></span> <span class='ocrx_word' id='word_1_248' title='bbox 956 2107 1178 2176; x_wconf 90' lang='lat' dir='ltr'><strong>quidem</strong></span> <span class='ocrx_word' id='word_1_249' title='bbox 1220 2105 1590 2176; x_wconf 75' lang='lat' dir='ltr'><strong>tragmdorum</strong></span> <span class='ocrx_word' id='word_1_250' title='bbox 1652 2108 1774 2177; x_wconf 85' lang='lat' dir='ltr'><strong>ejus</strong></span> <span class='ocrx_word' id='word_1_251' title='bbox 1816 2107 1996 2161; x_wconf 62' lang='lat' dir='ltr'><strong>astatis</strong></span> 
     </span>
    </p>
   </div>
   <div class='ocr_carea' id='block_1_39' title="bbox 419 2195 1986 2269">
    <p class='ocr_par' dir='ltr' id='par_1_39' title="bbox 419 2195 1986 2269">
     <span class='ocr_line' id='line_1_39' title="bbox 419 2195 1986 2269; baseline 0 -17"><span class='ocrx_word' id='word_1_252' title='bbox 419 2200 748 2269; x_wconf 87' lang='lat' dir='ltr'><strong>principem,</strong></span> <span class='ocrx_word' id='word_1_253' title='bbox 781 2197 1029 2251; x_wconf 87' lang='lat' dir='ltr'><strong>etiamin</strong></span> <span class='ocrx_word' id='word_1_254' title='bbox 1064 2195 1286 2266; x_wconf 90' lang='lat' dir='ltr'><strong>publico</strong></span> <span class='ocrx_word' id='word_1_255' title='bbox 1339 2210 1556 2264; x_wconf 78' lang='lat' dir='ltr'><strong>seraper</strong></span> <span class='ocrx_word' id='word_1_256' title='bbox 1604 2195 1847 2251; x_wconf 83' lang='lat' dir='ltr'><strong>habebat</strong></span> <span class='ocrx_word' id='word_1_257' title='bbox 1895 2212 1986 2252; x_wconf 85' lang='lat' dir='ltr'><strong>se-</strong></span> 
     </span>
    </p>
   </div>
   <div class='ocr_carea' id='block_1_40' title="bbox 419 2289 1998 2361">
    <p class='ocr_par' dir='ltr' id='par_1_40' title="bbox 419 2289 1998 2361">
     <span class='ocr_line' id='line_1_40' title="bbox 419 2289 1998 2361; baseline -0.001 -15"><span class='ocrx_word' id='word_1_258' title='bbox 419 2306 545 2346; x_wconf 89' lang='lat' dir='ltr'><strong>cum</strong></span> <span class='ocrx_word' id='word_1_259' title='bbox 581 2309 596 2345; x_wconf 88' lang='lat'><strong>:</strong></span> <span class='ocrx_word' id='word_1_260' title='bbox 626 2305 690 2345; x_wconf 89' lang='lat' dir='ltr'><strong>ac</strong></span> <span class='ocrx_word' id='word_1_261' title='bbox 729 2289 982 2361; x_wconf 85' lang='lat' dir='ltr'><strong>privatim</strong></span> <span class='ocrx_word' id='word_1_262' title='bbox 1013 2298 1069 2345; x_wconf 91' lang='lat' dir='ltr'><strong>et</strong></span> <span class='ocrx_word' id='word_1_263' title='bbox 1104 2289 1196 2343; x_wconf 93' lang='lat' dir='ltr'><strong>ille</strong></span> <span class='ocrx_word' id='word_1_264' title='bbox 1223 2296 1279 2343; x_wconf 90' lang='lat' dir='ltr'><strong>et</strong></span> <span class='ocrx_word' id='word_1_265' title='bbox 1311 2296 1498 2343; x_wconf 64' lang='lat' dir='ltr'><strong>caeteri</strong></span> <span class='ocrx_word' id='word_1_266' title='bbox 1543 2304 1644 2357; x_wconf 92' lang='lat' dir='ltr'><strong>pro</strong></span> <span class='ocrx_word' id='word_1_267' title='bbox 1668 2290 1998 2345; x_wconf 89' lang='lat' dir='ltr'><strong>auctoritate</strong></span> 
     </span>
    </p>
   </div>
   <div class='ocr_carea' id='block_1_41' title="bbox 312 2380 2000 2450">
    <p class='ocr_par' dir='ltr' id='par_1_41' title="bbox 312 2380 2000 2450">
     <span class='ocr_line' id='line_1_41' title="bbox 312 2380 2000 2450; baseline -0.002 -11"><span class='ocrx_word' id='word_1_268' title='bbox 312 2382 317 2385; x_wconf 65' lang='grc'><strong>⁷</strong></span> <span class='ocrx_word' id='word_1_269' title='bbox 424 2383 698 2439; x_wconf 82' lang='lat' dir='ltr'><strong>faciebant</strong></span> <span class='ocrx_word' id='word_1_270' title='bbox 726 2396 812 2447; x_wconf 89' lang='lat' dir='ltr'><strong>ea,</strong></span> <span class='ocrx_word' id='word_1_271' title='bbox 847 2397 970 2450; x_wconf 74' lang='lat' dir='ltr'><strong>qua:</strong></span> <span class='ocrx_word' id='word_1_272' title='bbox 1003 2380 1058 2435; x_wconf 89' lang='lat' dir='ltr'><strong>id</strong></span> <span class='ocrx_word' id='word_1_273' title='bbox 1090 2396 1266 2449; x_wconf 79' lang='lat' dir='ltr'><strong>genus</strong></span> <span class='ocrx_word' id='word_1_274' title='bbox 1296 2380 1581 2435; x_wconf 91' lang='lat' dir='ltr'><strong>hominum</strong></span> <span class='ocrx_word' id='word_1_275' title='bbox 1624 2380 1751 2435; x_wconf 90' lang='lat' dir='ltr'><strong>data</strong></span> <span class='ocrx_word' id='word_1_276' title='bbox 1778 2381 2000 2436; x_wconf 86' lang='lat' dir='ltr'><strong>licentia</strong></span> 
     </span>
    </p>
   </div>
   <div class='ocr_carea' id='block_1_42' title="bbox 421 2471 2000 2545">
    <p class='ocr_par' dir='ltr' id='par_1_42' title="bbox 421 2471 2000 2545">
     <span class='ocr_line' id='line_1_42' title="bbox 421 2471 2000 2545; baseline -0.001 -16"><span class='ocrx_word' id='word_1_277' title='bbox 421 2475 626 2530; x_wconf 85' lang='lat' dir='ltr'><strong>audere</strong></span> <span class='ocrx_word' id='word_1_278' title='bbox 657 2474 815 2529; x_wconf 89' lang='lat' dir='ltr'><strong>solet.</strong></span> <span class='ocrx_word' id='word_1_279' title='bbox 844 2473 923 2528; x_wconf 85' lang='lat' dir='ltr'><strong>Ac</strong></span> <span class='ocrx_word' id='word_1_280' title='bbox 957 2472 1227 2544; x_wconf 91' lang='lat' dir='ltr'><strong>principio</strong></span> <span class='ocrx_word' id='word_1_281' title='bbox 1258 2471 1483 2542; x_wconf 89' lang='lat' dir='ltr'><strong>quidem</strong></span> <span class='ocrx_word' id='word_1_282' title='bbox 1518 2486 1578 2527; x_wconf 88' lang='lat' dir='ltr'><strong>se</strong></span> <span class='ocrx_word' id='word_1_283' title='bbox 1624 2472 1734 2527; x_wconf 92' lang='lat' dir='ltr'><strong>illis</strong></span> <span class='ocrx_word' id='word_1_284' title='bbox 1780 2481 1838 2528; x_wconf 91' lang='lat' dir='ltr'><strong>et</strong></span> <span class='ocrx_word' id='word_1_285' title='bbox 1874 2489 2000 2545; x_wconf 89' lang='lat' dir='ltr'><strong>spe-</strong></span> 
     </span>
    </p>
   </div>
   <div class='ocr_carea' id='block_1_43' title="bbox 422 2564 2000 2634">
    <p class='ocr_par' dir='ltr' id='par_1_43' title="bbox 422 2564 2000 2634">
     <span class='ocr_line' id='line_1_43' title="bbox 422 2564 2000 2634; baseline 0 -12"><span class='ocrx_word' id='word_1_286' title='bbox 422 2575 687 2623; x_wconf 87' lang='lat' dir='ltr'><strong>ctatorem</strong></span> <span class='ocrx_word' id='word_1_287' title='bbox 714 2575 770 2621; x_wconf 90' lang='lat' dir='ltr'><strong>et</strong></span> <span class='ocrx_word' id='word_1_288' title='bbox 796 2565 1106 2619; x_wconf 87' lang='lat' dir='ltr'><strong>auditorem</strong></span> <span class='ocrx_word' id='word_1_289' title='bbox 1138 2564 1437 2633; x_wconf 73' lang='lat' dir='ltr'><strong>praebebat,</strong></span> <span class='ocrx_word' id='word_1_290' title='bbox 1469 2573 1525 2620; x_wconf 92' lang='lat' dir='ltr'><strong>et</strong></span> <span class='ocrx_word' id='word_1_291' title='bbox 1575 2564 1857 2634; x_wconf 87' lang='lat' dir='ltr'><strong>aliquibus</strong></span> <span class='ocrx_word' id='word_1_292' title='bbox 1911 2565 2000 2622; x_wconf 90' lang='lat' dir='ltr'><strong>vel</strong></span> 
     </span>
    </p>
   </div>
   <div class='ocr_carea' id='block_1_44' title="bbox 424 2654 2003 2714">
    <p class='ocr_par' dir='ltr' id='par_1_44' title="bbox 424 2654 2003 2714">
     <span class='ocr_line' id='line_1_44' title="bbox 424 2654 2003 2714; baseline 0.001 -3"><span class='ocrx_word' id='word_1_293' title='bbox 424 2657 639 2711; x_wconf 75' lang='lat' dir='ltr'><strong>favebat</strong></span> <span class='ocrx_word' id='word_1_294' title='bbox 666 2657 751 2712; x_wconf 89' lang='lat' dir='ltr'><strong>vel</strong></span> <span class='ocrx_word' id='word_1_295' title='bbox 784 2656 1200 2712; x_wconf 87' lang='lat' dir='ltr'><strong>adversabatur.</strong></span> <span class='ocrx_word' id='word_1_296' title='bbox 1238 2654 1443 2711; x_wconf 89' lang='lat' dir='ltr'><strong>Deinde</strong></span> <span class='ocrx_word' id='word_1_297' title='bbox 1467 2665 1651 2711; x_wconf 88' lang='lat' dir='ltr'><strong>autem</strong></span> <span class='ocrx_word' id='word_1_298' title='bbox 1700 2666 1758 2712; x_wconf 91' lang='lat' dir='ltr'><strong>et</strong></span> <span class='ocrx_word' id='word_1_299' title='bbox 1800 2673 2003 2714; x_wconf 86' lang='lat' dir='ltr'><strong>currus</strong></span> 
     </span>
    </p>
   </div>
   <div class='ocr_carea' id='block_1_45' title="bbox 425 2749 1999 2822">
    <p class='ocr_par' dir='ltr' id='par_1_45' title="bbox 425 2749 1999 2822">
     <span class='ocr_line' id='line_1_45' title="bbox 425 2749 1999 2822; baseline 0.001 -17"><span class='ocrx_word' id='word_1_300' title='bbox 425 2751 673 2822; x_wconf 79' lang='lat' dir='ltr'><strong>agitavit,</strong></span> <span class='ocrx_word' id='word_1_301' title='bbox 704 2758 759 2806; x_wconf 89' lang='lat' dir='ltr'><strong>et</strong></span> <span class='ocrx_word' id='word_1_302' title='bbox 793 2766 918 2805; x_wconf 86' lang='lat' dir='ltr'><strong>cum</strong></span> <span class='ocrx_word' id='word_1_303' title='bbox 944 2749 1342 2819; x_wconf 82' lang='lat' dir='ltr'><strong>gladiatoribus</strong></span> <span class='ocrx_word' id='word_1_304' title='bbox 1364 2755 1417 2804; x_wconf 87' lang='lat' dir='ltr'><strong>in</strong></span> <span class='ocrx_word' id='word_1_305' title='bbox 1446 2765 1670 2805; x_wconf 86' lang='lat' dir='ltr'><strong>arenam</strong></span> <span class='ocrx_word' id='word_1_306' title='bbox 1696 2751 1999 2817; x_wconf 89' lang='lat' dir='ltr'><strong>descendit,</strong></span> 
     </span>
    </p>
   </div>
   <div class='ocr_carea' id='block_1_46' title="bbox 425 2838 2004 2914">
    <p class='ocr_par' dir='ltr' id='par_1_46' title="bbox 425 2838 2004 2914">
     <span class='ocr_line' id='line_1_46' title="bbox 425 2838 2004 2914; baseline 0.003 -17"><span class='ocrx_word' id='word_1_307' title='bbox 425 2856 480 2899; x_wconf 88' lang='lat' dir='ltr'><strong>et</strong></span> <span class='ocrx_word' id='word_1_308' title='bbox 517 2842 770 2907; x_wconf 87' lang='lat' dir='ltr'><strong>saltavit,</strong></span> <span class='ocrx_word' id='word_1_309' title='bbox 805 2851 863 2898; x_wconf 90' lang='lat' dir='ltr'><strong>et</strong></span> <span class='ocrx_word' id='word_1_310' title='bbox 917 2842 1216 2914; x_wconf 69' lang='lat' dir='ltr'><strong>tragwdias</strong></span> <span class='ocrx_word' id='word_1_311' title='bbox 1268 2843 1405 2909; x_wconf 75' lang='lat' dir='ltr'><strong>egit.</strong></span> <span class='ocrx_word' id='word_1_312' title='bbox 1433 2842 1614 2903; x_wconf 88' lang='lat' dir='ltr'><strong>Semel</strong></span> <span class='ocrx_word' id='word_1_313' title='bbox 1666 2838 2004 2914; x_wconf 86' lang='lat' dir='ltr'><strong>primoribus</strong></span> 
     </span>
    </p>
   </div>
   <div class='ocr_carea' id='block_1_47' title="bbox 425 2929 2001 3000">
    <p class='ocr_par' dir='ltr' id='par_1_47' title="bbox 425 2929 2001 3000">
     <span class='ocr_line' id='line_1_47' title="bbox 425 2929 2001 3000; baseline 0.004 -17"><span class='ocrx_word' id='word_1_314' title='bbox 425 2941 669 2994; x_wconf 87' lang='lat' dir='ltr'><strong>senatus,</strong></span> <span class='ocrx_word' id='word_1_315' title='bbox 705 2929 849 2984; x_wconf 91' lang='lat' dir='ltr'><strong>utin</strong></span> <span class='ocrx_word' id='word_1_316' title='bbox 888 2945 947 2985; x_wconf 89' lang='lat' dir='ltr'><strong>re</strong></span> <span class='ocrx_word' id='word_1_317' title='bbox 984 2931 1281 2985; x_wconf 88' lang='lat' dir='ltr'><strong>admodum</strong></span> <span class='ocrx_word' id='word_1_318' title='bbox 1314 2932 1457 2985; x_wconf 90' lang='lat' dir='ltr'><strong>seria</strong></span> <span class='ocrx_word' id='word_1_319' title='bbox 1494 2941 1662 2986; x_wconf 91' lang='lat' dir='ltr'><strong>noctu</strong></span> <span class='ocrx_word' id='word_1_320' title='bbox 1696 2934 2001 3000; x_wconf 88' lang='lat' dir='ltr'><strong>accersitis,</strong></span> 
     </span>
    </p>
   </div>
   <div class='ocr_carea' id='block_1_48' title="bbox 425 3016 2002 3094">
    <p class='ocr_par' dir='ltr' id='par_1_48' title="bbox 425 3016 2002 3094">
     <span class='ocr_line' id='line_1_48' title="bbox 425 3016 2002 3094; baseline 0.008 -26"><span class='ocrx_word' id='word_1_321' title='bbox 425 3016 665 3072; x_wconf 86' lang='lat' dir='ltr'><strong>saltavit.</strong></span> <span class='ocrx_word' id='word_1_322' title='bbox 686 3016 763 3070; x_wconf 86' lang='lat' dir='ltr'><strong>Eo</strong></span> <span class='ocrx_word' id='word_1_323' title='bbox 781 3031 926 3071; x_wconf 89' lang='lat' dir='ltr'><strong>anno</strong></span> <span class='ocrx_word' id='word_1_324' title='bbox 946 3032 1056 3087; x_wconf 90' lang='lat' dir='ltr'><strong>quo</strong></span> <span class='ocrx_word' id='word_1_325' title='bbox 1077 3017 1331 3074; x_wconf 88' lang='lat' dir='ltr'><strong>Tiberius</strong></span> <span class='ocrx_word' id='word_1_326' title='bbox 1361 3020 1520 3085; x_wconf 91' lang='lat' dir='ltr'><strong>obiit,</strong></span> <span class='ocrx_word' id='word_1_327' title='bbox 1552 3024 1795 3089; x_wconf 79' lang='lat' dir='ltr'><strong>senatui,</strong></span> <span class='ocrx_word' id='word_1_328' title='bbox 1830 3040 2002 3094; x_wconf 88' lang='lat' dir='ltr'><strong>eque-</strong></span> 
     </span>
    </p>
   </div>
   <div class='ocr_carea' id='block_1_49' title="bbox 426 3107 2003 3186">
    <p class='ocr_par' dir='ltr' id='par_1_49' title="bbox 426 3107 2003 3186">
     <span class='ocr_line' id='line_1_49' title="bbox 426 3107 2003 3186; baseline 0.005 -24"><span class='ocrx_word' id='word_1_329' title='bbox 426 3110 524 3162; x_wconf 87' lang='lat' dir='ltr'><strong>stri</strong></span> <span class='ocrx_word' id='word_1_330' title='bbox 555 3107 737 3162; x_wconf 88' lang='lat' dir='ltr'><strong>ordini</strong></span> <span class='ocrx_word' id='word_1_331' title='bbox 765 3119 820 3163; x_wconf 88' lang='lat' dir='ltr'><strong>et</strong></span> <span class='ocrx_word' id='word_1_332' title='bbox 846 3108 991 3178; x_wconf 91' lang='lat' dir='ltr'><strong>plebi</strong></span> <span class='ocrx_word' id='word_1_333' title='bbox 1027 3120 1342 3166; x_wconf 89' lang='lat' dir='ltr'><strong>assentatus</strong></span> <span class='ocrx_word' id='word_1_334' title='bbox 1374 3123 1460 3167; x_wconf 87' lang='lat' dir='ltr'><strong>est</strong></span> <span class='ocrx_word' id='word_1_335' title='bbox 1490 3153 1504 3176; x_wconf 91' lang='lat'><strong>,</strong></span> <span class='ocrx_word' id='word_1_336' title='bbox 1537 3129 1742 3167; x_wconf 88' lang='lat' dir='ltr'><strong>annum</strong></span> <span class='ocrx_word' id='word_1_337' title='bbox 1771 3131 1940 3186; x_wconf 84' lang='lat' dir='ltr'><strong>agens</strong></span> <span class='ocrx_word' id='word_1_338' title='bbox 1970 3132 2003 3170; x_wconf 95' lang='lat' dir='ltr'><strong>v</strong></span> 
     </span>
    </p>
   </div>
   <div class='ocr_carea' id='block_1_50' title="bbox 425 3200 2005 3267">
    <p class='ocr_par' dir='ltr' id='par_1_50' title="bbox 425 3200 2005 3267">
     <span class='ocr_line' id='line_1_50' title="bbox 425 3200 2005 3267; baseline 0.006 -14"><span class='ocrx_word' id='word_1_339' title='bbox 425 3207 482 3253; x_wconf 90' lang='lat' dir='ltr'><strong>ct</strong></span> <span class='ocrx_word' id='word_1_340' title='bbox 512 3214 599 3263; x_wconf 81' lang='lat' dir='ltr'><strong>xx,</strong></span> <span class='ocrx_word' id='word_1_341' title='bbox 636 3208 693 3253; x_wconf 92' lang='lat' dir='ltr'><strong>et</strong></span> <span class='ocrx_word' id='word_1_342' title='bbox 722 3200 938 3256; x_wconf 89' lang='lat' dir='ltr'><strong>vinctos</strong></span> <span class='ocrx_word' id='word_1_343' title='bbox 967 3216 1189 3256; x_wconf 87' lang='lat' dir='ltr'><strong>carcere</strong></span> <span class='ocrx_word' id='word_1_344' title='bbox 1214 3203 1440 3267; x_wconf 82' lang='lat' dir='ltr'><strong>eduxit,</strong></span> <span class='ocrx_word' id='word_1_345' title='bbox 1473 3214 1530 3259; x_wconf 87' lang='lat' dir='ltr'><strong>et</strong></span> <span class='ocrx_word' id='word_1_346' title='bbox 1579 3205 1811 3261; x_wconf 86' lang='lat' dir='ltr'><strong>crimina</strong></span> <span class='ocrx_word' id='word_1_347' title='bbox 1864 3208 2005 3264; x_wconf 65' lang='lat' dir='ltr'><strong>laesae</strong></span> 
     </span>
    </p>
   </div>
   <div class='ocr_carea' id='block_1_51' title="bbox 426 3289 2003 3358">
    <p class='ocr_par' dir='ltr' id='par_1_51' title="bbox 426 3289 2003 3358">
     <span class='ocr_line' id='line_1_51' title="bbox 426 3289 2003 3358; baseline 0.009 -17"><span class='ocrx_word' id='word_1_348' title='bbox 426 3289 730 3358; x_wconf 87' lang='lat' dir='ltr'><strong>majestatis</strong></span> <span class='ocrx_word' id='word_1_349' title='bbox 763 3291 1005 3356; x_wconf 88' lang='lat' dir='ltr'><strong>sustulit,</strong></span> <span class='ocrx_word' id='word_1_350' title='bbox 1032 3291 1232 3347; x_wconf 81' lang='lat' dir='ltr'><strong>litteris</strong></span> <span class='ocrx_word' id='word_1_351' title='bbox 1266 3293 1471 3348; x_wconf 87' lang='lat' dir='ltr'><strong>Tiberii</strong></span> <span class='ocrx_word' id='word_1_352' title='bbox 1501 3311 1564 3350; x_wconf 90' lang='lat' dir='ltr'><strong>ea</strong></span> <span class='ocrx_word' id='word_1_353' title='bbox 1594 3295 1660 3351; x_wconf 91' lang='lat' dir='ltr'><strong>de</strong></span> <span class='ocrx_word' id='word_1_354' title='bbox 1689 3313 1748 3352; x_wconf 90' lang='lat' dir='ltr'><strong>re</strong></span> <span class='ocrx_word' id='word_1_355' title='bbox 1790 3314 2003 3355; x_wconf 86' lang='lat' dir='ltr'><strong>crema-</strong></span> 
     </span>
    </p>
   </div>
   <div class='ocr_carea' id='block_1_52' title="bbox 428 3376 1612 3451">
    <p class='ocr_par' dir='ltr' id='par_1_52' title="bbox 428 3376 1612 3451">
     <span class='ocr_line' id='line_1_52' title="bbox 428 3376 1612 3451; baseline 0.01 -22"><span class='ocrx_word' id='word_1_356' title='bbox 428 3376 521 3442; x_wconf 87' lang='lat' dir='ltr'><strong>tis,</strong></span> <span class='ocrx_word' id='word_1_357' title='bbox 562 3388 627 3449; x_wconf 91' lang='lat' dir='ltr'><strong>ut</strong></span> <span class='ocrx_word' id='word_1_358' title='bbox 646 3379 849 3446; x_wconf 88' lang='lat' dir='ltr'><strong>aiebat,</strong></span> <span class='ocrx_word' id='word_1_359' title='bbox 879 3395 1017 3451; x_wconf 90' lang='lat' dir='ltr'><strong>quas</strong></span> <span class='ocrx_word' id='word_1_360' title='bbox 1045 3383 1115 3436; x_wconf 90' lang='lat' dir='ltr'><strong>ob</strong></span> <span class='ocrx_word' id='word_1_361' title='bbox 1140 3398 1228 3438; x_wconf 86' lang='lat' dir='ltr'><strong>res</strong></span> <span class='ocrx_word' id='word_1_362' title='bbox 1263 3383 1612 3442; x_wconf 89' lang='lat' dir='ltr'><strong>laudabatur.</strong></span> 
     </span>
    </p>
   </div>
   <div class='ocr_carea' id='block_1_53' title="bbox 2094 1829 3694 1902">
    <p class='ocr_par' dir='ltr' id='par_1_53' title="bbox 2094 1829 3694 1902">
     <span class='ocr_line' id='line_1_53' title="bbox 2094 1829 3694 1902; baseline -0.002 -18"><span class='ocrx_word' id='word_1_363' title='bbox 2094 1848 2173 1902; x_wconf 85' lang='grc' dir='ltr'><strong>τῳ</strong></span> <span class='ocrx_word' id='word_1_364' title='bbox 2224 1829 2282 1883; x_wconf 79' lang='grc' dir='ltr'>δὲ</span> <span class='ocrx_word' id='word_1_365' title='bbox 2337 1830 2397 1883; x_wconf 84' lang='grc' dir='ltr'><strong>τὸ</strong></span> <span class='ocrx_word' id='word_1_366' title='bbox 2444 1829 2665 1898; x_wconf 78' lang='grc' dir='ltr'>σύμπαν</span> <span class='ocrx_word' id='word_1_367' title='bbox 2702 1831 2753 1882; x_wconf 87' lang='grc' dir='ltr'><strong>οί</strong></span> <span class='ocrx_word' id='word_1_368' title='bbox 2809 1830 3070 1899; x_wconf 81' lang='grc' dir='ltr'>Ῥωμαῖοι</span> <span class='ocrx_word' id='word_1_369' title='bbox 3127 1830 3249 1884; x_wconf 86' lang='grc' dir='ltr'>τότε</span> <span class='ocrx_word' id='word_1_370' title='bbox 3285 1831 3694 1900; x_wconf 74' lang='grc' dir='ltr'>παρεδόῡησαν</span> 
     </span>
    </p>
   </div>
   <div class='ocr_carea' id='block_1_54' title="bbox 2096 1921 3694 1994">
    <p class='ocr_par' dir='ltr' id='par_1_54' title="bbox 2096 1921 3694 1994">
     <span class='ocr_line' id='line_1_54' title="bbox 2096 1921 3694 1994; baseline 0.001 -18"><span class='ocrx_word' id='word_1_371' title='bbox 2096 1921 2482 1993; x_wconf 74' lang='grc' dir='ltr'>αὐτοκράτορι,</span> <span class='ocrx_word' id='word_1_372' title='bbox 2518 1921 2659 1976; x_wconf 80' lang='grc' dir='ltr'>ὥστε</span> <span class='ocrx_word' id='word_1_373' title='bbox 2714 1923 2783 1976; x_wconf 87' lang='grc' dir='ltr'><strong>τά</strong></span> <span class='ocrx_word' id='word_1_374' title='bbox 2839 1923 2934 1975; x_wconf 82' lang='grc' dir='ltr'>τοῦ</span> <span class='ocrx_word' id='word_1_375' title='bbox 2988 1922 3241 1994; x_wconf 83' lang='grc' dir='ltr'>Τιϐερίου</span> <span class='ocrx_word' id='word_1_376' title='bbox 3294 1923 3455 1991; x_wconf 73' lang='grc' dir='ltr'>ἔργα,</span> <span class='ocrx_word' id='word_1_377' title='bbox 3494 1924 3694 1977; x_wconf 81' lang='grc' dir='ltr'>καίτοι</span> 
     </span>
    </p>
   </div>
   <div class='ocr_carea' id='block_1_55' title="bbox 2095 2013 3700 2085">
    <p class='ocr_par' dir='ltr' id='par_1_55' title="bbox 2095 2013 3700 2085">
     <span class='ocr_line' id='line_1_55' title="bbox 2095 2013 3700 2085; baseline 0.001 -18"><span class='ocrx_word' id='word_1_378' title='bbox 2095 2014 2358 2068; x_wconf 74' lang='grc' dir='ltr'>δοκοῦντα</span> <span class='ocrx_word' id='word_1_379' title='bbox 2410 2014 2760 2084; x_wconf 83' lang='grc' dir='ltr'><strong>παγχάλεπα,</strong></span> <span class='ocrx_word' id='word_1_380' title='bbox 2799 2013 3055 2069; x_wconf 82' lang='grc' dir='ltr'>τοσοῦτον</span> <span class='ocrx_word' id='word_1_381' title='bbox 3093 2016 3162 2069; x_wconf 84' lang='grc' dir='ltr'><strong>τά</strong></span> <span class='ocrx_word' id='word_1_382' title='bbox 3189 2014 3287 2069; x_wconf 81' lang='grc' dir='ltr'>τοῦ</span> <span class='ocrx_word' id='word_1_383' title='bbox 3316 2016 3479 2069; x_wconf 77' lang='grc' dir='ltr'>Γαΐου</span> <span class='ocrx_word' id='word_1_384' title='bbox 3541 2034 3700 2085; x_wconf 59' lang='grc' dir='ltr'>παρ’</span> 
     </span>
    </p>
   </div>
   <div class='ocr_carea' id='block_1_56' title="bbox 2096 2107 3692 2178">
    <p class='ocr_par' dir='ltr' id='par_1_56' title="bbox 2096 2107 3692 2178">
     <span class='ocr_line' id='line_1_56' title="bbox 2096 2107 3692 2178; baseline 0.003 -20"><span class='ocrx_word' id='word_1_385' title='bbox 2096 2110 2361 2174; x_wconf 73' lang='grc' dir='ltr'>ενεγκείν,</span> <span class='ocrx_word' id='word_1_386' title='bbox 2412 2107 2537 2159; x_wconf 83' lang='grc' dir='ltr'>ὅσον</span> <span class='ocrx_word' id='word_1_387' title='bbox 2578 2107 2811 2178; x_wconf 82' lang='grc' dir='ltr'>κρείττω</span> <span class='ocrx_word' id='word_1_388' title='bbox 2845 2108 3071 2162; x_wconf 78' lang='grc' dir='ltr'>ἐκείνων</span> <span class='ocrx_word' id='word_1_389' title='bbox 3115 2108 3186 2161; x_wconf 84' lang='grc' dir='ltr'><strong>τά</strong></span> <span class='ocrx_word' id='word_1_390' title='bbox 3221 2109 3317 2161; x_wconf 81' lang='grc' dir='ltr'>τοῦ</span> <span class='ocrx_word' id='word_1_391' title='bbox 3356 2107 3692 2178; x_wconf 69' lang='grc' dir='ltr'>Αὐγούστου</span> 
     </span>
    </p>
   </div>
   <div class='ocr_carea' id='block_1_57' title="bbox 2098 2193 3695 2271">
    <p class='ocr_par' dir='ltr' id='par_1_57' title="bbox 2098 2193 3695 2271">
     <span class='ocr_line' id='line_1_57' title="bbox 2098 2193 3695 2271; baseline 0.001 -21"><span class='ocrx_word' id='word_1_392' title='bbox 2098 2193 2235 2251; x_wconf 78' lang='grc' dir='ltr'>εἶναι</span> <span class='ocrx_word' id='word_1_393' title='bbox 2266 2197 2505 2254; x_wconf 76' lang='grc' dir='ltr'>ἐδόκουν.</span> <span class='ocrx_word' id='word_1_394' title='bbox 2533 2198 2780 2268; x_wconf 82' lang='grc' dir='ltr'>Τιϐέριος</span> <span class='ocrx_word' id='word_1_395' title='bbox 2804 2199 2904 2268; x_wconf 81' lang='grc' dir='ltr'>μὲν</span> <span class='ocrx_word' id='word_1_396' title='bbox 2930 2197 3038 2269; x_wconf 81' lang='grc' dir='ltr'><strong>γὰρ</strong></span> <span class='ocrx_word' id='word_1_397' title='bbox 3062 2194 3224 2271; x_wconf 83' lang='grc' dir='ltr'>ἦρχε,</span> <span class='ocrx_word' id='word_1_398' title='bbox 3242 2201 3338 2254; x_wconf 76' lang='grc' dir='ltr'><strong>καὶ</strong></span> <span class='ocrx_word' id='word_1_399' title='bbox 3359 2203 3471 2264; x_wconf 86' lang='grc' dir='ltr'>τοῖς</span> <span class='ocrx_word' id='word_1_400' title='bbox 3496 2200 3695 2263; x_wconf 73' lang='grc' dir='ltr'>ἄλλοις</span> 
     </span>
    </p>
   </div>
   <div class='ocr_carea' id='block_1_58' title="bbox 2100 2291 3695 2365">
    <p class='ocr_par' dir='ltr' id='par_1_58' title="bbox 2100 2291 3695 2365">
     <span class='ocr_line' id='line_1_58' title="bbox 2100 2291 3695 2365; baseline 0.003 -22"><span class='ocrx_word' id='word_1_401' title='bbox 2100 2291 2404 2360; x_wconf 77' lang='grc' dir='ltr'><strong>ὑπηρέταις</strong></span> <span class='ocrx_word' id='word_1_402' title='bbox 2458 2292 2593 2363; x_wconf 81' lang='grc' dir='ltr'>πρὸς</span> <span class='ocrx_word' id='word_1_403' title='bbox 2639 2291 2700 2345; x_wconf 84' lang='grc' dir='ltr'><strong>τὸ</strong></span> <span class='ocrx_word' id='word_1_404' title='bbox 2742 2291 2907 2346; x_wconf 83' lang='grc' dir='ltr'>αὑτοῦ</span> <span class='ocrx_word' id='word_1_405' title='bbox 2966 2292 3234 2365; x_wconf 72' lang='grc' dir='ltr'><strong>ἐκέχρητο</strong></span> <span class='ocrx_word' id='word_1_406' title='bbox 3291 2292 3570 2365; x_wconf 79' lang='grc' dir='ltr'>βούλημα.</span> <span class='ocrx_word' id='word_1_407' title='bbox 3622 2294 3695 2348; x_wconf 86' lang='grc' dir='ltr'><strong>Ὃ</strong></span> 
     </span>
    </p>
   </div>
   <div class='ocr_carea' id='block_1_59' title="bbox 2100 2382 3696 2455">
    <p class='ocr_par' dir='ltr' id='par_1_59' title="bbox 2100 2382 3696 2455">
     <span class='ocr_line' id='line_1_59' title="bbox 2100 2382 3696 2455; baseline 0.003 -21"><span class='ocrx_word' id='word_1_408' title='bbox 2100 2382 2261 2446; x_wconf 77' lang='grc' dir='ltr'>Γάϊος</span> <span class='ocrx_word' id='word_1_409' title='bbox 2293 2384 2351 2435; x_wconf 82' lang='grc' dir='ltr'>δὲ</span> <span class='ocrx_word' id='word_1_410' title='bbox 2380 2384 2579 2455; x_wconf 75' lang='grc' dir='ltr'>ήρχετο</span> <span class='ocrx_word' id='word_1_411' title='bbox 2605 2384 2702 2454; x_wconf 84' lang='grc' dir='ltr'><strong>μὲν</strong></span> <span class='ocrx_word' id='word_1_412' title='bbox 2727 2383 2832 2438; x_wconf 78' lang='grc' dir='ltr'><strong>ὑπὸ</strong></span> <span class='ocrx_word' id='word_1_413' title='bbox 2864 2383 2973 2438; x_wconf 87' lang='grc' dir='ltr'><strong>τῶν</strong></span> <span class='ocrx_word' id='word_1_414' title='bbox 3005 2383 3696 2455; x_wconf 79' lang='grc' dir='ltr'>ἁρματηλατούντων,καὶ</span> 
     </span>
    </p>
   </div>
   <div class='ocr_carea' id='block_1_60' title="bbox 2102 2474 3697 2549">
    <p class='ocr_par' dir='ltr' id='par_1_60' title="bbox 2102 2474 3697 2549">
     <span class='ocr_line' id='line_1_60' title="bbox 2102 2474 3697 2549; baseline 0.003 -23"><span class='ocrx_word' id='word_1_415' title='bbox 2102 2474 2207 2527; x_wconf 80' lang='grc' dir='ltr'>ὑπὸ</span> <span class='ocrx_word' id='word_1_416' title='bbox 2238 2474 2345 2528; x_wconf 78' lang='grc' dir='ltr'>τῶν</span> <span class='ocrx_word' id='word_1_417' title='bbox 2372 2474 2851 2546; x_wconf 85' lang='grc' dir='ltr'>ὸπλομαχούντων’</span> <span class='ocrx_word' id='word_1_418' title='bbox 2873 2475 3125 2531; x_wconf 72' lang='grc' dir='ltr'>ἐδούλευε</span> <span class='ocrx_word' id='word_1_419' title='bbox 3150 2477 3210 2531; x_wconf 86' lang='grc' dir='ltr'>δὲ</span> <span class='ocrx_word' id='word_1_420' title='bbox 3239 2478 3333 2530; x_wconf 71' lang='grc' dir='ltr'>καὶ</span> <span class='ocrx_word' id='word_1_421' title='bbox 3359 2480 3479 2541; x_wconf 85' lang='grc' dir='ltr'>τοῖς</span> <span class='ocrx_word' id='word_1_422' title='bbox 3511 2478 3697 2549; x_wconf 76' lang='grc' dir='ltr'>ὀρχη-</span> 
     </span>
    </p>
   </div>
   <div class='ocr_carea' id='block_1_61' title="bbox 2103 2567 3695 2641">
    <p class='ocr_par' dir='ltr' id='par_1_61' title="bbox 2103 2567 3695 2641">
     <span class='ocr_line' id='line_1_61' title="bbox 2103 2567 3695 2641; baseline 0.001 -22"><span class='ocrx_word' id='word_1_423' title='bbox 2103 2568 2256 2630; x_wconf 85' lang='grc' dir='ltr'>σταῖς</span> <span class='ocrx_word' id='word_1_424' title='bbox 2292 2567 2529 2631; x_wconf 79' lang='grc' dir='ltr'>καὶτοῖς</span> <span class='ocrx_word' id='word_1_425' title='bbox 2580 2567 2789 2632; x_wconf 83' lang='grc' dir='ltr'>λοιποῖς</span> <span class='ocrx_word' id='word_1_426' title='bbox 2838 2571 2952 2632; x_wconf 84' lang='grc' dir='ltr'>τοῖς</span> <span class='ocrx_word' id='word_1_427' title='bbox 2993 2570 3121 2639; x_wconf 78' lang='grc' dir='ltr'>περὶ</span> <span class='ocrx_word' id='word_1_428' title='bbox 3166 2569 3269 2637; x_wconf 76' lang='grc' dir='ltr'><strong>τὴν</strong></span> <span class='ocrx_word' id='word_1_429' title='bbox 3314 2572 3548 2641; x_wconf 72' lang='grc' dir='ltr'>σκηνήν.</span> <span class='ocrx_word' id='word_1_430' title='bbox 3582 2570 3695 2622; x_wconf 72' lang='grc' dir='ltr'><strong>Τὸν</strong></span> 
     </span>
    </p>
   </div>
   <div class='ocr_carea' id='block_1_62' title="bbox 2103 2658 3695 2733">
    <p class='ocr_par' dir='ltr' id='par_1_62' title="bbox 2103 2658 3695 2733">
     <span class='ocr_line' id='line_1_62' title="bbox 2103 2658 3695 2733; baseline 0.001 -21"><span class='ocrx_word' id='word_1_431' title='bbox 2103 2658 2235 2728; x_wconf 82' lang='grc' dir='ltr'>γοῦν</span> <span class='ocrx_word' id='word_1_432' title='bbox 2276 2658 2543 2729; x_wconf 83' lang='grc' dir='ltr'>Ἀπελλῆν</span> <span class='ocrx_word' id='word_1_433' title='bbox 2573 2660 2683 2714; x_wconf 85' lang='grc' dir='ltr'><strong>τῶν</strong></span> <span class='ocrx_word' id='word_1_434' title='bbox 2719 2660 2843 2714; x_wconf 81' lang='grc' dir='ltr'>τότε</span> <span class='ocrx_word' id='word_1_435' title='bbox 2873 2661 3167 2733; x_wconf 79' lang='grc' dir='ltr'>τραγῳδῶν</span> <span class='ocrx_word' id='word_1_436' title='bbox 3193 2661 3287 2714; x_wconf 81' lang='grc' dir='ltr'><strong>τὸν</strong></span> <span class='ocrx_word' id='word_1_437' title='bbox 3312 2658 3695 2731; x_wconf 80' lang='grc' dir='ltr'>εὐδοκιμώταο</span> 
     </span>
    </p>
   </div>
   <div class='ocr_carea' id='block_1_63' title="bbox 2103 2748 3689 2823">
    <p class='ocr_par' dir='ltr' id='par_1_63' title="bbox 2103 2748 3689 2823">
     <span class='ocr_line' id='line_1_63' title="bbox 2103 2748 3689 2823; baseline 0 -19"><span class='ocrx_word' id='word_1_438' title='bbox 2103 2768 2196 2804; x_wconf 88' lang='grc' dir='ltr'><strong>τον</strong></span> <span class='ocrx_word' id='word_1_439' title='bbox 2229 2752 2323 2805; x_wconf 73' lang='grc' dir='ltr'>καὶ</span> <span class='ocrx_word' id='word_1_440' title='bbox 2355 2750 2697 2822; x_wconf 79' lang='grc' dir='ltr'>δημοσιεύων</span> <span class='ocrx_word' id='word_1_441' title='bbox 2756 2752 2982 2807; x_wconf 83' lang='grc' dir='ltr'>συνόντα</span> <span class='ocrx_word' id='word_1_442' title='bbox 3032 2753 3180 2822; x_wconf 74' lang='grc' dir='ltr'><strong>αύτῷ</strong></span> <span class='ocrx_word' id='word_1_443' title='bbox 3227 2748 3373 2823; x_wconf 77' lang='grc' dir='ltr'>εἶχεν</span> <span class='ocrx_word' id='word_1_444' title='bbox 3426 2753 3541 2816; x_wconf 80' lang='grc' dir='ltr'>ἀεὶ,</span> <span class='ocrx_word' id='word_1_445' title='bbox 3589 2753 3689 2806; x_wconf 82' lang='grc' dir='ltr'>καὶ</span> 
     </span>
    </p>
   </div>
   <div class='ocr_carea' id='block_1_64' title="bbox 2104 2843 3697 2916">
    <p class='ocr_par' dir='ltr' id='par_1_64' title="bbox 2104 2843 3697 2916">
     <span class='ocr_line' id='line_1_64' title="bbox 2104 2843 3697 2916; baseline 0 -18"><span class='ocrx_word' id='word_1_446' title='bbox 2104 2844 2275 2914; x_wconf 73' lang='grc' dir='ltr'>χωρὶς</span> <span class='ocrx_word' id='word_1_447' title='bbox 2309 2843 2413 2913; x_wconf 82' lang='grc' dir='ltr'>μὲν</span> <span class='ocrx_word' id='word_1_448' title='bbox 2446 2845 2672 2907; x_wconf 74' lang='grc' dir='ltr'>ἐκεῖνος.</span> <span class='ocrx_word' id='word_1_449' title='bbox 2709 2844 2883 2916; x_wconf 77' lang='grc' dir='ltr'>χωρὶς</span> <span class='ocrx_word' id='word_1_450' title='bbox 2909 2845 2954 2899; x_wconf 85' lang='grc' dir='ltr'>δ’</span> <span class='ocrx_word' id='word_1_451' title='bbox 2988 2845 3038 2898; x_wconf 89' lang='grc' dir='ltr'><strong>οί</strong></span> <span class='ocrx_word' id='word_1_452' title='bbox 3069 2844 3271 2909; x_wconf 75' lang='grc' dir='ltr'>λοιποὶ,</span> <span class='ocrx_word' id='word_1_453' title='bbox 3304 2844 3469 2899; x_wconf 80' lang='grc' dir='ltr'>πάνθ’</span> <span class='ocrx_word' id='word_1_454' title='bbox 3495 2846 3603 2897; x_wconf 83' lang='grc' dir='ltr'>ὅσα</span> <span class='ocrx_word' id='word_1_455' title='bbox 3624 2846 3697 2898; x_wconf 70' lang='grc' dir='ltr'>ἂν</span> 
     </span>
    </p>
   </div>
   <div class='ocr_carea' id='block_1_65' title="bbox 2103 2934 3696 3009">
    <p class='ocr_par' dir='ltr' id='par_1_65' title="bbox 2103 2934 3696 3009">
     <span class='ocr_line' id='line_1_65' title="bbox 2103 2934 3696 3009; baseline 0.003 -21"><span class='ocrx_word' id='word_1_456' title='bbox 2103 2934 2337 2988; x_wconf 80' lang='grc' dir='ltr'>τοιοῦτοι</span> <span class='ocrx_word' id='word_1_457' title='bbox 2372 2935 2690 3006; x_wconf 76' lang='grc' dir='ltr'>δυνηθέντες</span> <span class='ocrx_word' id='word_1_458' title='bbox 2707 2938 3059 3009; x_wconf 81' lang='grc' dir='ltr'>τολμήσειαν,</span> <span class='ocrx_word' id='word_1_459' title='bbox 3079 2937 3166 2992; x_wconf 75' lang='grc' dir='ltr'><strong>ἐπ’</strong></span> <span class='ocrx_word' id='word_1_460' title='bbox 3182 2938 3434 3005; x_wconf 77' lang='grc' dir='ltr'>ἐξουσίας</span> <span class='ocrx_word' id='word_1_461' title='bbox 3451 2940 3696 2993; x_wconf 67' lang='grc' dir='ltr'><strong>ὲτιιοίουν.</strong></span> 
     </span>
    </p>
   </div>
   <div class='ocr_carea' id='block_1_66' title="bbox 2108 3026 3701 3101">
    <p class='ocr_par' dir='ltr' id='par_1_66' title="bbox 2108 3026 3701 3101">
     <span class='ocr_line' id='line_1_66' title="bbox 2108 3026 3701 3101; baseline 0.001 -20"><span class='ocrx_word' id='word_1_462' title='bbox 2108 3026 2218 3081; x_wconf 75' lang='lat' dir='ltr'><strong>Kal</strong></span> <span class='ocrx_word' id='word_1_463' title='bbox 2240 3026 2421 3081; x_wconf 82' lang='grc' dir='ltr'>αὐτῶν</span> <span class='ocrx_word' id='word_1_464' title='bbox 2460 3027 2529 3081; x_wconf 79' lang='grc' dir='ltr'><strong>τὰ</strong></span> <span class='ocrx_word' id='word_1_465' title='bbox 2559 3027 2659 3098; x_wconf 81' lang='grc' dir='ltr'><strong>μὲν</strong></span> <span class='ocrx_word' id='word_1_466' title='bbox 2693 3028 2889 3099; x_wconf 83' lang='grc' dir='ltr'>πρώτα</span> <span class='ocrx_word' id='word_1_467' title='bbox 2914 3029 3112 3101; x_wconf 78' lang='grc' dir='ltr'>θεατὴς</span> <span class='ocrx_word' id='word_1_468' title='bbox 3150 3033 3244 3084; x_wconf 79' lang='grc' dir='ltr'>καὶ</span> <span class='ocrx_word' id='word_1_469' title='bbox 3272 3032 3554 3101; x_wconf 74' lang='grc' dir='ltr'>ἀκροατὴς</span> <span class='ocrx_word' id='word_1_470' title='bbox 3582 3031 3701 3098; x_wconf 78' lang='grc' dir='ltr'>ἐγίο</span> 
     </span>
    </p>
   </div>
   <div class='ocr_carea' id='block_1_67' title="bbox 2109 3120 3701 3187">
    <p class='ocr_par' dir='ltr' id='par_1_67' title="bbox 2109 3120 3701 3187">
     <span class='ocr_line' id='line_1_67' title="bbox 2109 3120 3701 3187; baseline 0.004 -15"><span class='ocrx_word' id='word_1_471' title='bbox 2109 3136 2252 3183; x_wconf 90' lang='grc' dir='ltr'>νετο,</span> <span class='ocrx_word' id='word_1_472' title='bbox 2290 3120 2679 3186; x_wconf 81' lang='grc' dir='ltr'>συσπουδάςων</span> <span class='ocrx_word' id='word_1_473' title='bbox 2727 3124 2821 3176; x_wconf 74' lang='grc' dir='ltr'>καὶ</span> <span class='ocrx_word' id='word_1_474' title='bbox 2865 3124 3305 3187; x_wconf 75' lang='grc' dir='ltr'>ἀντιστασιάζων</span> <span class='ocrx_word' id='word_1_475' title='bbox 3334 3123 3503 3178; x_wconf 80' lang='grc' dir='ltr'>τισίν.</span> <span class='ocrx_word' id='word_1_476' title='bbox 3560 3120 3701 3178; x_wconf 74' lang='grc' dir='ltr'>Εἶτα</span> 
     </span>
    </p>
   </div>
   <div class='ocr_carea' id='block_1_68' title="bbox 2109 3208 3703 3288">
    <p class='ocr_par' dir='ltr' id='par_1_68' title="bbox 2109 3208 3703 3288">
     <span class='ocr_line' id='line_1_68' title="bbox 2109 3208 3703 3288; baseline 0.004 -24"><span class='ocrx_word' id='word_1_477' title='bbox 2109 3210 2205 3264; x_wconf 79' lang='grc' dir='ltr'>καὶ</span> <span class='ocrx_word' id='word_1_478' title='bbox 2242 3208 2465 3282; x_wconf 73' lang='grc' dir='ltr'>ἅρματα</span> <span class='ocrx_word' id='word_1_479' title='bbox 2511 3212 2682 3283; x_wconf 75' lang='grc' dir='ltr'>ήλασε</span> <span class='ocrx_word' id='word_1_480' title='bbox 2730 3215 2826 3268; x_wconf 79' lang='grc' dir='ltr'>καὶ</span> <span class='ocrx_word' id='word_1_481' title='bbox 2873 3215 3311 3286; x_wconf 76' lang='grc' dir='ltr'>ἐμονομάχησεν,</span> <span class='ocrx_word' id='word_1_482' title='bbox 3368 3217 3606 3288; x_wconf 78' lang='grc' dir='ltr'>ὀρχήσει</span> <span class='ocrx_word' id='word_1_483' title='bbox 3638 3235 3703 3270; x_wconf 80' lang='grc' dir='ltr'><strong>τε</strong></span> 
     </span>
    </p>
   </div>
   <div class='ocr_carea' id='block_1_69' title="bbox 2110 3302 3705 3380">
    <p class='ocr_par' dir='ltr' id='par_1_69' title="bbox 2110 3302 3705 3380">
     <span class='ocr_line' id='line_1_69' title="bbox 2110 3302 3705 3380; baseline 0.014 -28"><span class='ocrx_word' id='word_1_484' title='bbox 2110 3302 2376 3375; x_wconf 74' lang='grc' dir='ltr'>ἐκέχρητο</span> <span class='ocrx_word' id='word_1_485' title='bbox 2399 3305 2493 3358; x_wconf 68' lang='grc' dir='ltr'><strong>κα)⁵</strong></span> <span class='ocrx_word' id='word_1_486' title='bbox 2527 3306 2839 3377; x_wconf 81' lang='grc' dir='ltr'>τραγῳδίαν</span> <span class='ocrx_word' id='word_1_487' title='bbox 2876 3307 3218 3380; x_wconf 81' lang='grc' dir='ltr'>ὑπεκρίνετο.</span> <span class='ocrx_word' id='word_1_488' title='bbox 3253 3309 3437 3376; x_wconf 77' lang='grc' dir='ltr'>Ἀπαξ</span> <span class='ocrx_word' id='word_1_489' title='bbox 3478 3310 3538 3364; x_wconf 77' lang='grc' dir='ltr'>δὲ</span> <span class='ocrx_word' id='word_1_490' title='bbox 3570 3313 3705 3375; x_wconf 74' lang='grc' dir='ltr'>τοὺς</span> 
     </span>
    </p>
   </div>
   <div class='ocr_carea' id='block_1_70' title="bbox 2108 3395 3704 3472">
    <p class='ocr_par' dir='ltr' id='par_1_70' title="bbox 2108 3395 3704 3472">
     <span class='ocr_line' id='line_1_70' title="bbox 2108 3395 3704 3472; baseline 0.004 -25"><span class='ocrx_word' id='word_1_491' title='bbox 2108 3395 2360 3465; x_wconf 84' lang='grc' dir='ltr'>πρώτους</span> <span class='ocrx_word' id='word_1_492' title='bbox 2389 3401 2488 3467; x_wconf 84' lang='grc' dir='ltr'>τῆς</span> <span class='ocrx_word' id='word_1_493' title='bbox 2512 3398 2803 3468; x_wconf 82' lang='grc' dir='ltr'>γερουσίας</span> <span class='ocrx_word' id='word_1_494' title='bbox 2833 3401 3028 3464; x_wconf 81' lang='grc' dir='ltr'>νυκτὸς</span> <span class='ocrx_word' id='word_1_495' title='bbox 3056 3401 3133 3464; x_wconf 79' lang='grc' dir='ltr'>ὡς</span> <span class='ocrx_word' id='word_1_496' title='bbox 3162 3403 3259 3457; x_wconf 79' lang='grc' dir='ltr'>ὲπί</span> <span class='ocrx_word' id='word_1_497' title='bbox 3307 3420 3364 3455; x_wconf 90' lang='grc' dir='ltr'><strong>τι</strong></span> <span class='ocrx_word' id='word_1_498' title='bbox 3391 3405 3704 3472; x_wconf 76' lang='grc' dir='ltr'>ἀναγκαῖον</span> 
     </span>
    </p>
   </div>
   <div class='ocr_carea' id='block_1_71' title="bbox 430 3471 3707 3563">
    <p class='ocr_par' dir='ltr' id='par_1_71' title="bbox 430 3471 3707 3563">
     <span class='ocr_line' id='line_1_71' title="bbox 430 3471 3707 3563; baseline 0.008 -41"><span class='ocrx_word' id='word_1_499' title='bbox 430 3471 953 3539; x_wconf 47' lang='grc' dir='ltr'>μεταπεμψάμενος,</span> <span class='ocrx_word' id='word_1_500' title='bbox 984 3473 1292 3545; x_wconf 68' lang='grc' dir='ltr'>ὠρχήσατο.</span> <span class='ocrx_word' id='word_1_501' title='bbox 1343 3474 1430 3528; x_wconf 84' lang='grc' dir='ltr'>Ἐν</span> <span class='ocrx_word' id='word_1_502' title='bbox 1457 3479 1554 3547; x_wconf 82' lang='grc' dir='ltr'><strong>μὲν</strong></span> <span class='ocrx_word' id='word_1_503' title='bbox 1606 3474 1709 3562; x_wconf 37' lang='grc' dir='ltr'>οὖν.</span> <span class='ocrx_word' id='word_1_504' title='bbox 1736 3480 1811 3552; x_wconf 79' lang='grc' dir='ltr'>τῷ</span> <span class='ocrx_word' id='word_1_505' title='bbox 1867 3481 1977 3536; x_wconf 77' lang='grc' dir='ltr'>ἔτει</span> <span class='ocrx_word' id='word_1_506' title='bbox 2042 3485 2102 3537; x_wconf 84' lang='grc' dir='ltr'>ὲν</span> <span class='ocrx_word' id='word_1_507' title='bbox 2138 3479 2183 3553; x_wconf 81' lang='grc' dir='ltr'>ᾧ</span> <span class='ocrx_word' id='word_1_508' title='bbox 2229 3489 2258 3541; x_wconf 87' lang='grc' dir='ltr'>ὁ</span> <span class='ocrx_word' id='word_1_509' title='bbox 2307 3486 2555 3560; x_wconf 83' lang='grc' dir='ltr'>Τιϐέριος</span> <span class='ocrx_word' id='word_1_510' title='bbox 2595 3487 2935 3560; x_wconf 82' lang='grc' dir='ltr'>ἐτελεύτησε,</span> <span class='ocrx_word' id='word_1_511' title='bbox 2969 3490 3100 3555; x_wconf 82' lang='grc' dir='ltr'>τούς</span> <span class='ocrx_word' id='word_1_512' title='bbox 3148 3509 3207 3546; x_wconf 79' lang='grc' dir='ltr'><strong>τε</strong></span> <span class='ocrx_word' id='word_1_513' title='bbox 3263 3471 3563 3563; x_wconf 61' lang='grc' dir='ltr'>βουλευτάς</span> <span class='ocrx_word' id='word_1_514' title='bbox 3607 3482 3707 3548; x_wconf 67' lang='grc' dir='ltr'><strong>κειὶ</strong></span> 
     </span>
    </p>
   </div>
   <div class='ocr_carea' id='block_1_72' title="bbox 425 3565 3703 3659">
    <p class='ocr_par' dir='ltr' id='par_1_72' title="bbox 425 3565 3703 3659">
     <span class='ocr_line' id='line_1_72' title="bbox 425 3565 3703 3659; baseline 0.009 -45"><span class='ocrx_word' id='word_1_515' title='bbox 425 3566 549 3626; x_wconf 65' lang='grc' dir='ltr'>τοὺς</span> <span class='ocrx_word' id='word_1_516' title='bbox 589 3565 756 3617; x_wconf 76' lang='grc' dir='ltr'>ἱππέα</span> <span class='ocrx_word' id='word_1_517' title='bbox 770 3585 809 3629; x_wconf 83' lang='lat'><strong>;,</strong></span> <span class='ocrx_word' id='word_1_518' title='bbox 872 3565 967 3619; x_wconf 74' lang='grc' dir='ltr'>καὶ</span> <span class='ocrx_word' id='word_1_519' title='bbox 1013 3568 1103 3619; x_wconf 83' lang='grc' dir='ltr'><strong>τὸν</strong></span> <span class='ocrx_word' id='word_1_520' title='bbox 1151 3568 1320 3640; x_wconf 77' lang='grc' dir='ltr'>δῆμον</span> <span class='ocrx_word' id='word_1_521' title='bbox 1372 3572 1687 3640; x_wconf 79' lang='grc' dir='ltr'>ἐκολάκευε,</span> <span class='ocrx_word' id='word_1_522' title='bbox 1743 3577 1998 3644; x_wconf 83' lang='grc' dir='ltr'>πέμπτον</span> <span class='ocrx_word' id='word_1_523' title='bbox 2041 3580 2136 3633; x_wconf 73' lang='grc' dir='ltr'><strong>καὶ</strong></span> <span class='ocrx_word' id='word_1_524' title='bbox 2204 3582 2452 3636; x_wconf 81' lang='grc' dir='ltr'>εἰκοστὸν</span> <span class='ocrx_word' id='word_1_525' title='bbox 2518 3584 2697 3639; x_wconf 82' lang='grc' dir='ltr'>ἀνύων</span> <span class='ocrx_word' id='word_1_526' title='bbox 2731 3587 3000 3642; x_wconf 71' lang='grc' dir='ltr'>ἐνιαυτόν.</span> <span class='ocrx_word' id='word_1_527' title='bbox 3029 3588 3136 3641; x_wconf 71' lang='grc' dir='ltr'><strong>Καὶ</strong></span> <span class='ocrx_word' id='word_1_528' title='bbox 3161 3588 3289 3652; x_wconf 77' lang='grc' dir='ltr'>τοὺς</span> <span class='ocrx_word' id='word_1_529' title='bbox 3322 3590 3379 3642; x_wconf 75' lang='grc' dir='ltr'><strong>έν</strong></span> <span class='ocrx_word' id='word_1_530' title='bbox 3404 3590 3703 3659; x_wconf 73' lang='grc' dir='ltr'>δεσμωτη-</span> 
     </span>
    </p>
   </div>
   <div class='ocr_carea' id='block_1_73' title="bbox 431 3653 3707 3753">
    <p class='ocr_par' dir='ltr' id='par_1_73' title="bbox 431 3653 3707 3753">
     <span class='ocr_line' id='line_1_73' title="bbox 431 3653 3707 3753; baseline 0.009 -47"><span class='ocrx_word' id='word_1_531' title='bbox 431 3654 563 3753; x_wconf 70' lang='grc' dir='ltr'>ρίοις</span> <span class='ocrx_word' id='word_1_532' title='bbox 590 3653 851 3753; x_wconf 65' lang='grc' dir='ltr'>ἀπέλυσε,</span> <span class='ocrx_word' id='word_1_533' title='bbox 879 3658 947 3713; x_wconf 80' lang='grc' dir='ltr'><strong>τά</strong></span> <span class='ocrx_word' id='word_1_534' title='bbox 973 3676 1032 3711; x_wconf 87' lang='grc' dir='ltr'><strong>τε</strong></span> <span class='ocrx_word' id='word_1_535' title='bbox 1064 3660 1383 3732; x_wconf 81' lang='grc' dir='ltr'>ἐγκλήματα</span> <span class='ocrx_word' id='word_1_536' title='bbox 1417 3663 1515 3735; x_wconf 77' lang='grc' dir='ltr'>τῆς</span> <span class='ocrx_word' id='word_1_537' title='bbox 1548 3664 1801 3731; x_wconf 86' lang='grc' dir='ltr'>ἀσεϐείας</span> <span class='ocrx_word' id='word_1_538' title='bbox 1830 3669 2119 3737; x_wconf 83' lang='grc' dir='ltr'>κατέλυσε,</span> <span class='ocrx_word' id='word_1_539' title='bbox 2183 3675 2278 3728; x_wconf 58' lang='grc' dir='ltr'><strong>καί⁹</strong></span> <span class='ocrx_word' id='word_1_540' title='bbox 2345 3676 2416 3729; x_wconf 86' lang='grc' dir='ltr'>τὰ</span> <span class='ocrx_word' id='word_1_541' title='bbox 2473 3679 2603 3748; x_wconf 73' lang='grc' dir='ltr'>περὶ</span> <span class='ocrx_word' id='word_1_542' title='bbox 2634 3678 2798 3733; x_wconf 84' lang='grc' dir='ltr'>αὐτὸν</span> <span class='ocrx_word' id='word_1_543' title='bbox 2832 3679 2926 3732; x_wconf 83' lang='grc' dir='ltr'>τοῦ</span> <span class='ocrx_word' id='word_1_544' title='bbox 2956 3680 3206 3751; x_wconf 81' lang='grc' dir='ltr'>Τιϐερίου</span> <span class='ocrx_word' id='word_1_545' title='bbox 3266 3653 3604 3753; x_wconf 74' lang='grc' dir='ltr'>γράμματα,</span> <span class='ocrx_word' id='word_1_546' title='bbox 3626 3653 3707 3744; x_wconf 63' lang='lat' dir='ltr'><strong>di;</strong></span> 
     </span>
    </p>
   </div>
   <div class='ocr_carea' id='block_1_74' title="bbox 428 3746 1670 3823">
    <p class='ocr_par' dir='ltr' id='par_1_74' title="bbox 428 3746 1670 3823">
     <span class='ocr_line' id='line_1_74' title="bbox 428 3746 1670 3823; baseline 0.01 -24"><span class='ocrx_word' id='word_1_547' title='bbox 428 3746 634 3816; x_wconf 78' lang='grc' dir='ltr'>ἔλεγεν,</span> <span class='ocrx_word' id='word_1_548' title='bbox 668 3748 919 3804; x_wconf 75' lang='grc' dir='ltr'>έκαυσεψ</span> <span class='ocrx_word' id='word_1_549' title='bbox 957 3753 1208 3823; x_wconf 76' lang='grc' dir='ltr'>ἐπῃνείτό</span> <span class='ocrx_word' id='word_1_550' title='bbox 1239 3771 1297 3807; x_wconf 86' lang='grc' dir='ltr'><strong>τε</strong></span> <span class='ocrx_word' id='word_1_551' title='bbox 1325 3756 1418 3809; x_wconf 80' lang='grc' dir='ltr'><strong>ἐπὶ</strong></span> <span class='ocrx_word' id='word_1_552' title='bbox 1441 3756 1670 3822; x_wconf 84' lang='grc' dir='ltr'>τούτοις.</span> 
     </span>
    </p>
   </div>
   <div class='ocr_carea' id='block_1_75' title="bbox 497 3844 2006 3928">
    <p class='ocr_par' dir='ltr' id='par_1_75' title="bbox 497 3844 2006 3928">
     <span class='ocr_line' id='line_1_75' title="bbox 497 3844 2006 3928; baseline 0.01 -29"><span class='ocrx_word' id='word_1_553' title='bbox 497 3844 562 3899; x_wconf 80' lang='grc' dir='ltr'>γ.</span> <span class='ocrx_word' id='word_1_554' title='bbox 619 3844 825 3900; x_wconf 86' lang='lat' dir='ltr'><strong>Deinde</strong></span> <span class='ocrx_word' id='word_1_555' title='bbox 876 3848 1223 3904; x_wconf 85' lang='lat' dir='ltr'><strong>consulatum</strong></span> <span class='ocrx_word' id='word_1_556' title='bbox 1305 3854 1509 3921; x_wconf 74' lang='lat' dir='ltr'><strong>gessit,</strong></span> <span class='ocrx_word' id='word_1_557' title='bbox 1565 3855 1738 3911; x_wconf 90' lang='lat' dir='ltr'><strong>ascito</strong></span> <span class='ocrx_word' id='word_1_558' title='bbox 1795 3857 2006 3928; x_wconf 77' lang='lat' dir='ltr'><strong>collega</strong></span> 
     </span>
    </p>
   </div>
   <div class='ocr_carea' id='block_1_76' title="bbox 427 3935 2002 4018">
    <p class='ocr_par' dir='ltr' id='par_1_76' title="bbox 427 3935 2002 4018">
     <span class='ocr_line' id='line_1_76' title="bbox 427 3935 2002 4018; baseline 0.012 -30"><span class='ocrx_word' id='word_1_559' title='bbox 427 3935 655 3990; x_wconf 86' lang='lat' dir='ltr'><strong>Claudio</strong></span> <span class='ocrx_word' id='word_1_560' title='bbox 714 3947 928 4007; x_wconf 88' lang='lat' dir='ltr'><strong>patruo.</strong></span> <span class='ocrx_word' id='word_1_561' title='bbox 986 3941 1038 3996; x_wconf 88' lang='lat' dir='ltr'><strong>Is</strong></span> <span class='ocrx_word' id='word_1_562' title='bbox 1081 3942 1229 3996; x_wconf 93' lang='lat' dir='ltr'><strong>enim</strong></span> <span class='ocrx_word' id='word_1_563' title='bbox 1273 3959 1400 3999; x_wconf 90' lang='lat' dir='ltr'><strong>cum</strong></span> <span class='ocrx_word' id='word_1_564' title='bbox 1454 3963 1625 4018; x_wconf 86' lang='lat' dir='ltr'><strong>eques</strong></span> <span class='ocrx_word' id='word_1_565' title='bbox 1674 3960 1853 4016; x_wconf 85' lang='lat' dir='ltr'><strong>esset,</strong></span> <span class='ocrx_word' id='word_1_566' title='bbox 1886 3961 2002 4007; x_wconf 88' lang='lat' dir='ltr'><strong>tum</strong></span> 
     </span>
    </p>
   </div>
   <div class='ocr_carea' id='block_1_77' title="bbox 427 4029 2005 4104">
    <p class='ocr_par' dir='ltr' id='par_1_77' title="bbox 427 4029 2005 4104">
     <span class='ocr_line' id='line_1_77' title="bbox 427 4029 2005 4104; baseline 0.013 -25"><span class='ocrx_word' id='word_1_567' title='bbox 427 4029 667 4097; x_wconf 83' lang='lat' dir='ltr'><strong>primum</strong></span> <span class='ocrx_word' id='word_1_568' title='bbox 707 4039 764 4084; x_wconf 91' lang='lat' dir='ltr'><strong>et</strong></span> <span class='ocrx_word' id='word_1_569' title='bbox 787 4032 978 4085; x_wconf 88' lang='lat' dir='ltr'><strong>consul</strong></span> <span class='ocrx_word' id='word_1_570' title='bbox 1012 4043 1068 4087; x_wconf 92' lang='lat' dir='ltr'><strong>et</strong></span> <span class='ocrx_word' id='word_1_571' title='bbox 1096 4046 1319 4090; x_wconf 82' lang='lat' dir='ltr'><strong>senator</strong></span> <span class='ocrx_word' id='word_1_572' title='bbox 1350 4038 1525 4094; x_wconf 79' lang='lat' dir='ltr'><strong>factus</strong></span> <span class='ocrx_word' id='word_1_573' title='bbox 1555 4050 1636 4095; x_wconf 87' lang='lat' dir='ltr'><strong>est</strong></span> <span class='ocrx_word' id='word_1_574' title='bbox 1660 4082 1676 4104; x_wconf 88' lang='lat'><strong>,</strong></span> <span class='ocrx_word' id='word_1_575' title='bbox 1729 4057 1904 4099; x_wconf 87' lang='lat' dir='ltr'><strong>annos</strong></span> <span class='ocrx_word' id='word_1_576' title='bbox 1952 4061 2005 4100; x_wconf 80' lang='grc' dir='ltr'><strong>νι</strong></span> 
     </span>
    </p>
   </div>
   <div class='ocr_carea' id='block_1_78' title="bbox 430 4124 2006 4196">
    <p class='ocr_par' dir='ltr' id='par_1_78' title="bbox 430 4124 2006 4196">
     <span class='ocr_line' id='line_1_78' title="bbox 430 4124 2006 4196; baseline 0.012 -25"><span class='ocrx_word' id='word_1_577' title='bbox 430 4128 487 4172; x_wconf 90' lang='lat' dir='ltr'><strong>et</strong></span> <span class='ocrx_word' id='word_1_578' title='bbox 525 4135 590 4173; x_wconf 70' lang='grc' dir='ltr'>χι.</span> <span class='ocrx_word' id='word_1_579' title='bbox 623 4131 806 4176; x_wconf 90' lang='lat' dir='ltr'><strong>natus.</strong></span> <span class='ocrx_word' id='word_1_580' title='bbox 839 4124 908 4178; x_wconf 82' lang='lat' dir='ltr'><strong>At</strong></span> <span class='ocrx_word' id='word_1_581' title='bbox 937 4140 1096 4179; x_wconf 90' lang='lat' dir='ltr'><strong>socer</strong></span> <span class='ocrx_word' id='word_1_582' title='bbox 1135 4128 1253 4196; x_wconf 86' lang='lat' dir='ltr'><strong>ejus</strong></span> <span class='ocrx_word' id='word_1_583' title='bbox 1300 4128 1373 4182; x_wconf 86' lang='grc' dir='ltr'>Μ.</span> <span class='ocrx_word' id='word_1_584' title='bbox 1423 4128 1684 4195; x_wconf 88' lang='lat' dir='ltr'><strong>Sillanus,</strong></span> <span class='ocrx_word' id='word_1_585' title='bbox 1719 4149 1747 4186; x_wconf 90' lang='lat' dir='ltr'><strong>a</strong></span> <span class='ocrx_word' id='word_1_586' title='bbox 1782 4133 2006 4190; x_wconf 90' lang='lat' dir='ltr'><strong>Tiberio</strong></span> 
     </span>
    </p>
   </div>
   <div class='ocr_carea' id='block_1_79' title="bbox 432 4210 2004 4283">
    <p class='ocr_par' dir='ltr' id='par_1_79' title="bbox 432 4210 2004 4283">
     <span class='ocr_line' id='line_1_79' title="bbox 432 4210 2004 4283; baseline 0.013 -21"><span class='ocrx_word' id='word_1_587' title='bbox 432 4210 486 4262; x_wconf 91' lang='lat' dir='ltr'><strong>in</strong></span> <span class='ocrx_word' id='word_1_588' title='bbox 522 4225 738 4265; x_wconf 86' lang='lat' dir='ltr'><strong>summo</strong></span> <span class='ocrx_word' id='word_1_589' title='bbox 765 4212 975 4267; x_wconf 83' lang='lat' dir='ltr'><strong>honore</strong></span> <span class='ocrx_word' id='word_1_590' title='bbox 1008 4214 1264 4282; x_wconf 90' lang='lat' dir='ltr'><strong>habitus,</strong></span> <span class='ocrx_word' id='word_1_591' title='bbox 1296 4216 1428 4272; x_wconf 89' lang='lat' dir='ltr'><strong>Caio</strong></span> <span class='ocrx_word' id='word_1_592' title='bbox 1464 4227 1577 4274; x_wconf 91' lang='lat' dir='ltr'><strong>tum</strong></span> <span class='ocrx_word' id='word_1_593' title='bbox 1629 4224 1699 4277; x_wconf 90' lang='lat' dir='ltr'><strong>ob</strong></span> <span class='ocrx_word' id='word_1_594' title='bbox 1747 4225 2004 4283; x_wconf 84' lang='lat' dir='ltr'><strong>virtutem</strong></span> 
     </span>
    </p>
   </div>
   <div class='ocr_carea' id='block_1_80' title="bbox 431 4303 2005 4384">
    <p class='ocr_par' dir='ltr' id='par_1_80' title="bbox 431 4303 2005 4384">
     <span class='ocr_line' id='line_1_80' title="bbox 431 4303 2005 4384; baseline 0.014 -31"><span class='ocrx_word' id='word_1_595' title='bbox 431 4311 546 4355; x_wconf 87' lang='lat' dir='ltr'><strong>tum</strong></span> <span class='ocrx_word' id='word_1_596' title='bbox 579 4303 649 4356; x_wconf 92' lang='lat' dir='ltr'><strong>ob</strong></span> <span class='ocrx_word' id='word_1_597' title='bbox 685 4303 1003 4360; x_wconf 82' lang='lat' dir='ltr'><strong>amnitatem</strong></span> <span class='ocrx_word' id='word_1_598' title='bbox 1036 4308 1248 4379; x_wconf 76' lang='lat' dir='ltr'><strong>gravis,</strong></span> <span class='ocrx_word' id='word_1_599' title='bbox 1277 4325 1403 4364; x_wconf 88' lang='lat' dir='ltr'><strong>cum</strong></span> <span class='ocrx_word' id='word_1_600' title='bbox 1450 4311 1669 4384; x_wconf 86' lang='lat' dir='ltr'><strong>injuriis</strong></span> <span class='ocrx_word' id='word_1_601' title='bbox 1705 4325 1762 4372; x_wconf 91' lang='lat' dir='ltr'><strong>et</strong></span> <span class='ocrx_word' id='word_1_602' title='bbox 1804 4328 2005 4375; x_wconf 90' lang='lat' dir='ltr'><strong>contu-</strong></span> 
     </span>
    </p>
   </div>
   <div class='ocr_carea' id='block_1_81' title="bbox 428 4397 2082 4472">
    <p class='ocr_par' dir='ltr' id='par_1_81' title="bbox 428 4397 2082 4472">
     <span class='ocr_line' id='line_1_81' title="bbox 428 4397 2082 4472; baseline 0.011 -20"><span class='ocrx_word' id='word_1_603' title='bbox 428 4397 609 4452; x_wconf 85' lang='lat' dir='ltr'><strong>meliis</strong></span> <span class='ocrx_word' id='word_1_604' title='bbox 652 4398 976 4469; x_wconf 77' lang='lat' dir='ltr'><strong>agitaretur,</strong></span> <span class='ocrx_word' id='word_1_605' title='bbox 1031 4403 1272 4472; x_wconf 83' lang='lat' dir='ltr'><strong>seipsutn</strong></span> <span class='ocrx_word' id='word_1_606' title='bbox 1329 4398 1629 4466; x_wconf 81' lang='lat' dir='ltr'><strong>interfecit.</strong></span> <span class='ocrx_word' id='word_1_607' title='bbox 1665 4409 1831 4467; x_wconf 87' lang='lat' dir='ltr'><strong>Caius</strong></span> <span class='ocrx_word' id='word_1_608' title='bbox 1872 4429 2005 4469; x_wconf 89' lang='lat' dir='ltr'><strong>vero</strong></span> <span class='ocrx_word' id='word_1_609' title='bbox 2041 4400 2082 4454; x_wconf 75' lang='grc' dir='ltr'><strong>ί)</strong></span> 
     </span>
    </p>
   </div>
   <div class='ocr_carea' id='block_1_82' title="bbox 428 4490 2001 4565">
    <p class='ocr_par' dir='ltr' id='par_1_82' title="bbox 428 4490 2001 4565">
     <span class='ocr_line' id='line_1_82' title="bbox 428 4490 2001 4565; baseline 0.011 -24"><span class='ocrx_word' id='word_1_610' title='bbox 428 4490 540 4542; x_wconf 84' lang='lat' dir='ltr'><strong>lilia</strong></span> <span class='ocrx_word' id='word_1_611' title='bbox 590 4490 710 4558; x_wconf 86' lang='lat' dir='ltr'><strong>ejus</strong></span> <span class='ocrx_word' id='word_1_612' title='bbox 759 4491 955 4560; x_wconf 86' lang='lat' dir='ltr'><strong>ejecta,</strong></span> <span class='ocrx_word' id='word_1_613' title='bbox 1001 4492 1314 4549; x_wconf 84' lang='lat' dir='ltr'><strong>Corneliam</strong></span> <span class='ocrx_word' id='word_1_614' title='bbox 1358 4496 1670 4555; x_wconf 89' lang='lat' dir='ltr'><strong>Orestinam</strong></span> <span class='ocrx_word' id='word_1_615' title='bbox 1713 4504 1892 4565; x_wconf 79' lang='lat' dir='ltr'><strong>duxit,</strong></span> <span class='ocrx_word' id='word_1_616' title='bbox 1948 4505 2001 4559; x_wconf 89' lang='lat' dir='ltr'><strong>in</strong></span> 
     </span>
    </p>
   </div>
   <div class='ocr_carea' id='block_1_83' title="bbox 324 4579 2004 4665">
    <p class='ocr_par' dir='ltr' id='par_1_83' title="bbox 324 4579 2004 4665">
     <span class='ocr_line' id='line_1_83' title="bbox 324 4579 2004 4665; baseline 0.012 -33"><span class='ocrx_word' id='word_1_617' title='bbox 324 4584 333 4595; x_wconf 82' lang='lat'><strong><em>‘</em></strong></span> <span class='ocrx_word' id='word_1_618' title='bbox 431 4579 565 4647; x_wconf 86' lang='lat' dir='ltr'><strong>ipsis</strong></span> <span class='ocrx_word' id='word_1_619' title='bbox 601 4580 827 4648; x_wconf 87' lang='lat' dir='ltr'><strong>nuptiis,</strong></span> <span class='ocrx_word' id='word_1_620' title='bbox 858 4598 995 4652; x_wconf 90' lang='lat' dir='ltr'><strong>quas</strong></span> <span class='ocrx_word' id='word_1_621' title='bbox 1033 4600 1141 4639; x_wconf 90' lang='lat' dir='ltr'><strong>una</strong></span> <span class='ocrx_word' id='word_1_622' title='bbox 1191 4588 1543 4656; x_wconf 84' lang='lat' dir='ltr'><strong>celebrabat,</strong></span> <span class='ocrx_word' id='word_1_623' title='bbox 1584 4591 1648 4647; x_wconf 90' lang='lat' dir='ltr'><strong>C.</strong></span> <span class='ocrx_word' id='word_1_624' title='bbox 1706 4593 2004 4665; x_wconf 87' lang='lat' dir='ltr'><strong>Calpurnio</strong></span> 
     </span>
    </p>
   </div>
   <div class='ocr_carea' id='block_1_84' title="bbox 429 4669 1998 4753">
    <p class='ocr_par' dir='ltr' id='par_1_84' title="bbox 429 4669 1998 4753">
     <span class='ocr_line' id='line_1_84' title="bbox 429 4669 1998 4753; baseline 0.015 -32"><span class='ocrx_word' id='word_1_625' title='bbox 429 4669 615 4724; x_wconf 86' lang='lat' dir='ltr'><strong>Pisoni</strong></span> <span class='ocrx_word' id='word_1_626' title='bbox 643 4686 848 4739; x_wconf 84' lang='lat' dir='ltr'><strong>sponso</strong></span> <span class='ocrx_word' id='word_1_627' title='bbox 880 4685 1148 4746; x_wconf 89' lang='lat' dir='ltr'><strong>ereptam.</strong></span> <span class='ocrx_word' id='word_1_628' title='bbox 1180 4679 1438 4745; x_wconf 84' lang='lat' dir='ltr'><strong>Quamvis</strong></span> <span class='ocrx_word' id='word_1_629' title='bbox 1460 4692 1645 4739; x_wconf 89' lang='lat' dir='ltr'><strong>autem</strong></span> <span class='ocrx_word' id='word_1_630' title='bbox 1674 4687 1798 4741; x_wconf 90' lang='lat' dir='ltr'><strong>talis</strong></span> <span class='ocrx_word' id='word_1_631' title='bbox 1827 4700 1998 4753; x_wconf 86' lang='lat' dir='ltr'><strong>esset,</strong></span> 
     </span>
    </p>
   </div>
   <div class='ocr_carea' id='block_1_85' title="bbox 432 4765 2006 4841">
    <p class='ocr_par' dir='ltr' id='par_1_85' title="bbox 432 4765 2006 4841">
     <span class='ocr_line' id='line_1_85' title="bbox 432 4765 2006 4841; baseline 0.015 -26"><span class='ocrx_word' id='word_1_632' title='bbox 432 4770 610 4815; x_wconf 87' lang='lat' dir='ltr'><strong>tamen</strong></span> <span class='ocrx_word' id='word_1_633' title='bbox 656 4765 920 4818; x_wconf 90' lang='lat' dir='ltr'><strong>nonnulla</strong></span> <span class='ocrx_word' id='word_1_634' title='bbox 959 4766 1120 4824; x_wconf 88' lang='lat' dir='ltr'><strong>laude</strong></span> <span class='ocrx_word' id='word_1_635' title='bbox 1159 4770 1320 4841; x_wconf 76' lang='lat' dir='ltr'><strong>digna</strong></span> <span class='ocrx_word' id='word_1_636' title='bbox 1369 4771 1518 4832; x_wconf 78' lang='lat' dir='ltr'><strong>fecit.</strong></span> <span class='ocrx_word' id='word_1_637' title='bbox 1573 4777 1711 4832; x_wconf 88' lang='lat' dir='ltr'><strong>Nam</strong></span> <span class='ocrx_word' id='word_1_638' title='bbox 1746 4779 2006 4838; x_wconf 83' lang='lat' dir='ltr'><strong>incendio</strong></span> 
     </span>
    </p>
   </div>
   <div class='ocr_carea' id='block_1_86' title="bbox 431 4853 2008 4940">
    <p class='ocr_par' dir='ltr' id='par_1_86' title="bbox 431 4853 2008 4940">
     <span class='ocr_line' id='line_1_86' title="bbox 431 4853 2008 4940; baseline 0.016 -36"><span class='ocrx_word' id='word_1_639' title='bbox 431 4866 555 4906; x_wconf 86' lang='lat' dir='ltr'><strong>cum</strong></span> <span class='ocrx_word' id='word_1_640' title='bbox 614 4853 887 4912; x_wconf 87' lang='lat' dir='ltr'><strong>militibus</strong></span> <span class='ocrx_word' id='word_1_641' title='bbox 937 4860 1232 4927; x_wconf 60' lang='lat' dir='ltr'><strong>exstincto,</strong></span> <span class='ocrx_word' id='word_1_642' title='bbox 1283 4865 1595 4924; x_wconf 82' lang='lat' dir='ltr'><strong>sublevavit</strong></span> <span class='ocrx_word' id='word_1_643' title='bbox 1639 4886 1737 4925; x_wconf 88' lang='lat' dir='ltr'><strong>eos</strong></span> <span class='ocrx_word' id='word_1_644' title='bbox 1804 4874 2008 4940; x_wconf 90' lang='lat' dir='ltr'><strong>quibus</strong></span> 
     </span>
    </p>
   </div>
   <div class='ocr_carea' id='block_1_87' title="bbox 431 4944 2007 5030">
    <p class='ocr_par' dir='ltr' id='par_1_87' title="bbox 431 4944 2007 5030">
     <span class='ocr_line' id='line_1_87' title="bbox 431 4944 2007 5030; baseline 0.015 -32"><span class='ocrx_word' id='word_1_645' title='bbox 431 4944 573 5015; x_wconf 78' lang='lat' dir='ltr'><strong>ignis</strong></span> <span class='ocrx_word' id='word_1_646' title='bbox 614 4959 883 5003; x_wconf 90' lang='lat' dir='ltr'><strong>nocuerat</strong></span> <span class='ocrx_word' id='word_1_647' title='bbox 918 4968 933 5004; x_wconf 89' lang='lat'><strong>:</strong></span> <span class='ocrx_word' id='word_1_648' title='bbox 966 4960 1021 5005; x_wconf 92' lang='lat' dir='ltr'><strong>et</strong></span> <span class='ocrx_word' id='word_1_649' title='bbox 1055 4956 1299 5021; x_wconf 89' lang='lat' dir='ltr'><strong>equestri</strong></span> <span class='ocrx_word' id='word_1_650' title='bbox 1333 4959 1526 5014; x_wconf 87' lang='lat' dir='ltr'><strong>ordine</strong></span> <span class='ocrx_word' id='word_1_651' title='bbox 1566 4962 1632 5016; x_wconf 88' lang='lat' dir='ltr'><strong>ad</strong></span> <span class='ocrx_word' id='word_1_652' title='bbox 1677 4965 2007 5030; x_wconf 84' lang='lat' dir='ltr'><strong>paucitatem</strong></span> 
     </span>
    </p>
   </div>
   <div class='ocr_carea' id='block_1_88' title="bbox 429 5039 2011 5121">
    <p class='ocr_par' dir='ltr' id='par_1_88' title="bbox 429 5039 2011 5121">
     <span class='ocr_line' id='line_1_88' title="bbox 429 5039 2011 5121; baseline 0.011 -28"><span class='ocrx_word' id='word_1_653' title='bbox 429 5039 692 5107; x_wconf 82' lang='lat' dir='ltr'><strong>redacto,</strong></span> <span class='ocrx_word' id='word_1_654' title='bbox 730 5043 1039 5113; x_wconf 68' lang='lat' dir='ltr'><strong>pra&#39;cipuos</strong></span> <span class='ocrx_word' id='word_1_655' title='bbox 1077 5061 1146 5100; x_wconf 83' lang='lat' dir='ltr'><strong>ex</strong></span> <span class='ocrx_word' id='word_1_656' title='bbox 1184 5047 1444 5104; x_wconf 90' lang='lat' dir='ltr'><strong>universo</strong></span> <span class='ocrx_word' id='word_1_657' title='bbox 1489 5051 1724 5121; x_wconf 87' lang='lat' dir='ltr'><strong>imperio</strong></span> <span class='ocrx_word' id='word_1_658' title='bbox 1772 5058 2011 5113; x_wconf 89' lang='lat' dir='ltr'><strong>accersi-</strong></span> 
     </span>
    </p>
   </div>
   <div class='ocr_carea' id='block_1_89' title="bbox 436 5134 2009 5220">
    <p class='ocr_par' dir='ltr' id='par_1_89' title="bbox 436 5134 2009 5220">
     <span class='ocr_line' id='line_1_89' title="bbox 436 5134 2009 5220; baseline 0.013 -34"><span class='ocrx_word' id='word_1_659' title='bbox 436 5148 519 5198; x_wconf 89' lang='lat' dir='ltr'><strong>os,</strong></span> <span class='ocrx_word' id='word_1_660' title='bbox 545 5134 601 5187; x_wconf 93' lang='lat' dir='ltr'><strong>in</strong></span> <span class='ocrx_word' id='word_1_661' title='bbox 648 5149 777 5188; x_wconf 90' lang='lat' dir='ltr'><strong>eum</strong></span> <span class='ocrx_word' id='word_1_662' title='bbox 808 5136 1013 5207; x_wconf 76' lang='lat' dir='ltr'><strong>allegit,</strong></span> <span class='ocrx_word' id='word_1_663' title='bbox 1044 5149 1099 5193; x_wconf 88' lang='lat' dir='ltr'><strong>et</strong></span> <span class='ocrx_word' id='word_1_664' title='bbox 1130 5140 1391 5212; x_wconf 77' lang='lat' dir='ltr'><strong>suﬂ‘ragia</strong></span> <span class='ocrx_word' id='word_1_665' title='bbox 1426 5146 1774 5201; x_wconf 87' lang='lat' dir='ltr'><strong>comitiorum</strong></span> <span class='ocrx_word' id='word_1_666' title='bbox 1807 5152 2009 5220; x_wconf 84' lang='lat' dir='ltr'><strong>populo</strong></span> 
     </span>
    </p>
   </div>
   <div class='ocr_carea' id='block_1_90' title="bbox 428 5224 2012 5305">
    <p class='ocr_par' dir='ltr' id='par_1_90' title="bbox 428 5224 2012 5305">
     <span class='ocr_line' id='line_1_90' title="bbox 428 5224 2012 5305; baseline 0.014 -29"><span class='ocrx_word' id='word_1_667' title='bbox 428 5224 714 5292; x_wconf 88' lang='lat' dir='ltr'><strong>restituit,</strong></span> <span class='ocrx_word' id='word_1_668' title='bbox 743 5236 797 5280; x_wconf 93' lang='lat' dir='ltr'><strong>et</strong></span> <span class='ocrx_word' id='word_1_669' title='bbox 828 5228 932 5283; x_wconf 91' lang='lat' dir='ltr'><strong>alia</strong></span> <span class='ocrx_word' id='word_1_670' title='bbox 971 5229 1022 5284; x_wconf 97' lang='lat' dir='ltr'><strong>id</strong></span> <span class='ocrx_word' id='word_1_671' title='bbox 1054 5246 1230 5300; x_wconf 75' lang='lat' dir='ltr'><strong>genus</strong></span> <span class='ocrx_word' id='word_1_672' title='bbox 1269 5234 1382 5304; x_wconf 72' lang='lat' dir='ltr'><strong>egit</strong></span> <span class='ocrx_word' id='word_1_673' title='bbox 1406 5275 1421 5298; x_wconf 91' lang='lat'><strong>,</strong></span> <span class='ocrx_word' id='word_1_674' title='bbox 1459 5251 1581 5305; x_wconf 71' lang='lat' dir='ltr'><strong>quae</strong></span> <span class='ocrx_word' id='word_1_675' title='bbox 1623 5253 1750 5293; x_wconf 88' lang='lat' dir='ltr'><strong>cum</strong></span> <span class='ocrx_word' id='word_1_676' title='bbox 1794 5239 2012 5299; x_wconf 84' lang='lat' dir='ltr'><strong>delictis</strong></span> 
     </span>
    </p>
   </div>
   <div class='ocr_carea' id='block_1_91' title="bbox 426 5313 2011 5388">
    <p class='ocr_par' dir='ltr' id='par_1_91' title="bbox 426 5313 2011 5388">
     <span class='ocr_line' id='line_1_91' title="bbox 426 5313 2011 5388; baseline 0.012 -20"><span class='ocrx_word' id='word_1_677' title='bbox 426 5313 592 5385; x_wconf 86' lang='lat'><strong>555</strong></span> <span class='ocrx_word' id='word_1_678' title='bbox 629 5329 946 5388; x_wconf 89' lang='lat' dir='ltr'><strong>comparata</strong></span> <span class='ocrx_word' id='word_1_679' title='bbox 978 5321 1132 5377; x_wconf 90' lang='lat' dir='ltr'><strong>nullo</strong></span> <span class='ocrx_word' id='word_1_680' title='bbox 1160 5322 1214 5376; x_wconf 94' lang='lat' dir='ltr'><strong>in</strong></span> <span class='ocrx_word' id='word_1_681' title='bbox 1246 5339 1477 5380; x_wconf 89' lang='lat' dir='ltr'><strong>numero</strong></span> <span class='ocrx_word' id='word_1_682' title='bbox 1506 5337 1689 5382; x_wconf 86' lang='lat' dir='ltr'><strong>erunt.</strong></span> <span class='ocrx_word' id='word_1_683' title='bbox 1724 5330 1858 5385; x_wconf 84' lang='lat' dir='ltr'><strong>Nam</strong></span> <span class='ocrx_word' id='word_1_684' title='bbox 1885 5348 2011 5387; x_wconf 89' lang='lat' dir='ltr'><strong>cum</strong></span> 
     </span>
    </p>
   </div>
   <div class='ocr_carea' id='block_1_92' title="bbox 426 5393 2010 5485">
    <p class='ocr_par' dir='ltr' id='par_1_92' title="bbox 426 5393 2010 5485">
     <span class='ocr_line' id='line_1_92' title="bbox 426 5393 2010 5485; baseline 0.011 -25"><span class='ocrx_word' id='word_1_685' title='bbox 426 5393 633 5464; x_wconf 84' lang='lat' dir='ltr'><strong>multos</strong></span> <span class='ocrx_word' id='word_1_686' title='bbox 667 5410 967 5477; x_wconf 82' lang='lat' dir='ltr'><strong>occideret,</strong></span> <span class='ocrx_word' id='word_1_687' title='bbox 1003 5413 1266 5468; x_wconf 88' lang='lat' dir='ltr'><strong>acerbum</strong></span> <span class='ocrx_word' id='word_1_688' title='bbox 1301 5415 1355 5469; x_wconf 90' lang='lat' dir='ltr'><strong>id</strong></span> <span class='ocrx_word' id='word_1_689' title='bbox 1391 5417 1614 5485; x_wconf 86' lang='lat' dir='ltr'><strong>quidem</strong></span> <span class='ocrx_word' id='word_1_690' title='bbox 1645 5429 1767 5475; x_wconf 87' lang='lat' dir='ltr'><strong>erat</strong></span> <span class='ocrx_word' id='word_1_691' title='bbox 1805 5431 2010 5478; x_wconf 85' lang='lat' dir='ltr'><strong>tantam</strong></span> 
     </span>
    </p>
   </div>
   <div class='ocr_carea' id='block_1_93' title="bbox 428 5498 2010 5581">
    <p class='ocr_par' dir='ltr' id='par_1_93' title="bbox 428 5498 2010 5581">
     <span class='ocr_line' id='line_1_93' title="bbox 428 5498 2010 5581; baseline 0.011 -30"><span class='ocrx_word' id='word_1_692' title='bbox 428 5498 612 5567; x_wconf 89' lang='lat' dir='ltr'><strong>perire</strong></span> <span class='ocrx_word' id='word_1_693' title='bbox 667 5502 1086 5559; x_wconf 90' lang='lat' dir='ltr'><strong>multitudinem</strong></span> <span class='ocrx_word' id='word_1_694' title='bbox 1131 5521 1146 5558; x_wconf 87' lang='lat'><strong>:</strong></span> <span class='ocrx_word' id='word_1_695' title='bbox 1189 5505 1285 5560; x_wconf 91' lang='lat' dir='ltr'><strong>sed</strong></span> <span class='ocrx_word' id='word_1_696' title='bbox 1338 5508 1472 5562; x_wconf 90' lang='lat' dir='ltr'><strong>illud</strong></span> <span class='ocrx_word' id='word_1_697' title='bbox 1522 5511 1693 5566; x_wconf 89' lang='lat' dir='ltr'><strong>multo</strong></span> <span class='ocrx_word' id='word_1_698' title='bbox 1734 5514 2010 5581; x_wconf 82' lang='lat' dir='ltr'><strong>acerbius,</strong></span> 
     </span>
    </p>
   </div>
   <div class='ocr_carea' id='block_1_94' title="bbox 428 5590 2013 5677">
    <p class='ocr_par' dir='ltr' id='par_1_94' title="bbox 428 5590 2013 5677">
     <span class='ocr_line' id='line_1_94' title="bbox 428 5590 2013 5677; baseline 0.014 -36"><span class='ocrx_word' id='word_1_699' title='bbox 428 5590 578 5658; x_wconf 87' lang='lat' dir='ltr'><strong>quod</strong></span> <span class='ocrx_word' id='word_1_700' title='bbox 632 5592 876 5649; x_wconf 69' lang='lat' dir='ltr'><strong>caedibus</strong></span> <span class='ocrx_word' id='word_1_701' title='bbox 927 5609 1104 5664; x_wconf 90' lang='lat' dir='ltr'><strong>usque</strong></span> <span class='ocrx_word' id='word_1_702' title='bbox 1133 5597 1274 5653; x_wconf 92' lang='lat' dir='ltr'><strong>adeo</strong></span> <span class='ocrx_word' id='word_1_703' title='bbox 1333 5600 1744 5667; x_wconf 81' lang='lat' dir='ltr'><strong>deleCtabatur,</strong></span> <span class='ocrx_word' id='word_1_704' title='bbox 1789 5615 1846 5661; x_wconf 90' lang='lat' dir='ltr'><strong>et</strong></span> <span class='ocrx_word' id='word_1_705' title='bbox 1886 5622 2013 5677; x_wconf 86' lang='lat' dir='ltr'><strong>spe-</strong></span> 
     </span>
    </p>
   </div>
   <div class='ocr_carea' id='block_1_95' title="bbox 427 5682 2012 5762">
    <p class='ocr_par' dir='ltr' id='par_1_95' title="bbox 427 5682 2012 5762">
     <span class='ocr_line' id='line_1_95' title="bbox 427 5682 2012 5762; baseline 0.014 -29"><span class='ocrx_word' id='word_1_706' title='bbox 427 5682 645 5737; x_wconf 71' lang='lat' dir='ltr'><strong>ctaculo</strong></span> <span class='ocrx_word' id='word_1_707' title='bbox 687 5685 979 5755; x_wconf 78' lang='lat' dir='ltr'><strong>sanguinis</strong></span> <span class='ocrx_word' id='word_1_708' title='bbox 1004 5687 1197 5743; x_wconf 90' lang='lat' dir='ltr'><strong>satiari</strong></span> <span class='ocrx_word' id='word_1_709' title='bbox 1227 5705 1338 5745; x_wconf 84' lang='lat' dir='ltr'><strong>non</strong></span> <span class='ocrx_word' id='word_1_710' title='bbox 1375 5703 1612 5762; x_wconf 85' lang='lat' dir='ltr'><strong>poterat.</strong></span> <span class='ocrx_word' id='word_1_711' title='bbox 1644 5695 1778 5750; x_wconf 75' lang='lat' dir='ltr'><strong>Nam</strong></span> <span class='ocrx_word' id='word_1_712' title='bbox 1813 5713 1877 5753; x_wconf 89' lang='lat' dir='ltr'><strong>ea</strong></span> <span class='ocrx_word' id='word_1_713' title='bbox 1908 5717 2012 5754; x_wconf 72' lang='lat' dir='ltr'><strong>sae-</strong></span> 
     </span>
    </p>
   </div>
   <div class='ocr_carea' id='block_1_96' title="bbox 2181 3853 3705 3932">
    <p class='ocr_par' dir='ltr' id='par_1_96' title="bbox 2181 3853 3705 3932">
     <span class='ocr_line' id='line_1_96' title="bbox 2181 3853 3705 3932; baseline 0.005 -19"><span class='ocrx_word' id='word_1_714' title='bbox 2181 3857 2258 3914; x_wconf 86' lang='lat' dir='ltr'><strong>E&#39;.</strong></span> <span class='ocrx_word' id='word_1_715' title='bbox 2308 3853 2441 3914; x_wconf 79' lang='grc' dir='ltr'>Εἶτα</span> <span class='ocrx_word' id='word_1_716' title='bbox 2482 3861 2576 3915; x_wconf 76' lang='grc' dir='ltr'>καὶ</span> <span class='ocrx_word' id='word_1_717' title='bbox 2618 3863 2915 3932; x_wconf 78' lang='grc' dir='ltr'>ὑπάτευσε,</span> <span class='ocrx_word' id='word_1_718' title='bbox 2968 3864 3062 3920; x_wconf 71' lang='grc' dir='ltr'>τὸν</span> <span class='ocrx_word' id='word_1_719' title='bbox 3109 3866 3255 3921; x_wconf 84' lang='grc' dir='ltr'>θεῖον</span> <span class='ocrx_word' id='word_1_720' title='bbox 3294 3868 3705 3925; x_wconf 75' lang='grc' dir='ltr'>τὸν,Κλαύδιον</span> 
     </span>
    </p>
   </div>
   <div class='ocr_carea' id='block_1_97' title="bbox 2114 3948 3707 4030">
    <p class='ocr_par' dir='ltr' id='par_1_97' title="bbox 2114 3948 3707 4030">
     <span class='ocr_line' id='line_1_97' title="bbox 2114 3948 3707 4030; baseline 0.009 -28"><span class='ocrx_word' id='word_1_721' title='bbox 2114 3951 2463 4021; x_wconf 87' lang='grc' dir='ltr'>προσλαϐών.</span> <span class='ocrx_word' id='word_1_722' title='bbox 2502 3948 2668 4018; x_wconf 78' lang='grc' dir='ltr'>Οὗτος</span> <span class='ocrx_word' id='word_1_723' title='bbox 2702 3957 2812 4027; x_wconf 82' lang='grc' dir='ltr'>γὰρ</span> <span class='ocrx_word' id='word_1_724' title='bbox 2859 3959 3060 4018; x_wconf 75' lang='grc' dir='ltr'>ἱππεὺς</span> <span class='ocrx_word' id='word_1_725' title='bbox 3093 3959 3171 4012; x_wconf 82' lang='grc' dir='ltr'>ὢν</span> <span class='ocrx_word' id='word_1_726' title='bbox 3206 3961 3328 4013; x_wconf 85' lang='grc' dir='ltr'>τότε</span> <span class='ocrx_word' id='word_1_727' title='bbox 3357 3961 3583 4030; x_wconf 83' lang='grc' dir='ltr'>πρῶτον</span> <span class='ocrx_word' id='word_1_728' title='bbox 3610 3963 3707 4016; x_wconf 73' lang='grc' dir='ltr'>καὶ</span> 
     </span>
    </p>
   </div>
   <div class='ocr_carea' id='block_1_98' title="bbox 2112 4043 3702 4123">
    <p class='ocr_par' dir='ltr' id='par_1_98' title="bbox 2112 4043 3702 4123">
     <span class='ocr_line' id='line_1_98' title="bbox 2112 4043 3702 4123; baseline 0.007 -27"><span class='ocrx_word' id='word_1_729' title='bbox 2112 4043 2386 4099; x_wconf 78' lang='grc' dir='ltr'>ὑπάτευσε</span> <span class='ocrx_word' id='word_1_730' title='bbox 2446 4045 2544 4099; x_wconf 64' lang='grc' dir='ltr'><strong>καὶ⁵</strong></span> <span class='ocrx_word' id='word_1_731' title='bbox 2605 4048 2949 4116; x_wconf 79' lang='grc' dir='ltr'>ἐϐούλευσεν,</span> <span class='ocrx_word' id='word_1_732' title='bbox 3004 4051 3069 4115; x_wconf 84' lang='grc' dir='ltr'>ἓξ</span> <span class='ocrx_word' id='word_1_733' title='bbox 3129 4053 3223 4105; x_wconf 80' lang='grc' dir='ltr'><strong>καὶ</strong></span> <span class='ocrx_word' id='word_1_734' title='bbox 3281 4053 3702 4123; x_wconf 75' lang='grc' dir='ltr'>τεσσαράκοντα</span> 
     </span>
    </p>
   </div>
   <div class='ocr_carea' id='block_1_99' title="bbox 2110 4136 3703 4218">
    <p class='ocr_par' dir='ltr' id='par_1_99' title="bbox 2110 4136 3703 4218">
     <span class='ocr_line' id='line_1_99' title="bbox 2110 4136 3703 4218; baseline 0.008 -30"><span class='ocrx_word' id='word_1_735' title='bbox 2110 4136 2247 4189; x_wconf 82' lang='grc' dir='ltr'><strong>ὲτῶν</strong></span> <span class='ocrx_word' id='word_1_736' title='bbox 2299 4138 2559 4205; x_wconf 86' lang='grc' dir='ltr'>γεγονώς.</span> <span class='ocrx_word' id='word_1_737' title='bbox 2608 4139 2666 4192; x_wconf 86' lang='lat'><strong>&#39;0</strong></span> <span class='ocrx_word' id='word_1_738' title='bbox 2705 4140 2763 4194; x_wconf 84' lang='grc' dir='ltr'>δὲ</span> <span class='ocrx_word' id='word_1_739' title='bbox 2809 4140 2874 4211; x_wconf 83' lang='grc' dir='ltr'>δὴ</span> <span class='ocrx_word' id='word_1_740' title='bbox 2933 4144 3198 4213; x_wconf 66' lang='grc' dir='ltr'>πενθερὸς</span> <span class='ocrx_word' id='word_1_741' title='bbox 3246 4145 3414 4199; x_wconf 77' lang='grc' dir='ltr'>αὐτοῦ</span> <span class='ocrx_word' id='word_1_742' title='bbox 3470 4147 3703 4218; x_wconf 74' lang='grc' dir='ltr'>Μάρκος</span> 
     </span>
    </p>
   </div>
   <div class='ocr_carea' id='block_1_100' title="bbox 2113 4229 3706 4311">
    <p class='ocr_par' dir='ltr' id='par_1_100' title="bbox 2113 4229 3706 4311">
     <span class='ocr_line' id='line_1_100' title="bbox 2113 4229 3706 4311; baseline 0.01 -31"><span class='ocrx_word' id='word_1_743' title='bbox 2113 4229 2358 4295; x_wconf 85' lang='grc' dir='ltr'>Σιλανὸς,</span> <span class='ocrx_word' id='word_1_744' title='bbox 2390 4232 2579 4302; x_wconf 79' lang='grc' dir='ltr'>ἐπειδὴ</span> <span class='ocrx_word' id='word_1_745' title='bbox 2612 4232 2783 4303; x_wconf 79' lang='grc' dir='ltr'>βαρὺς</span> <span class='ocrx_word' id='word_1_746' title='bbox 2822 4236 2972 4304; x_wconf 86' lang='grc' dir='ltr'><strong>αὑτῷ</strong></span> <span class='ocrx_word' id='word_1_747' title='bbox 3019 4237 3124 4291; x_wconf 83' lang='grc' dir='ltr'>ὑπό</span> <span class='ocrx_word' id='word_1_748' title='bbox 3150 4255 3209 4291; x_wconf 85' lang='grc' dir='ltr'><strong>τε</strong></span> <span class='ocrx_word' id='word_1_749' title='bbox 3239 4240 3339 4307; x_wconf 84' lang='grc' dir='ltr'>τῆς</span> <span class='ocrx_word' id='word_1_750' title='bbox 3368 4241 3576 4311; x_wconf 79' lang='grc' dir='ltr'>ἀρετῆς</span> <span class='ocrx_word' id='word_1_751' title='bbox 3607 4243 3706 4296; x_wconf 80' lang='grc' dir='ltr'>καὶ</span> 
     </span>
    </p>
   </div>
   <div class='ocr_carea' id='block_1_101' title="bbox 2113 4318 3707 4399">
    <p class='ocr_par' dir='ltr' id='par_1_101' title="bbox 2113 4318 3707 4399">
     <span class='ocr_line' id='line_1_101' title="bbox 2113 4318 3707 4399; baseline 0.009 -29"><span class='ocrx_word' id='word_1_752' title='bbox 2113 4318 2219 4371; x_wconf 79' lang='grc' dir='ltr'><strong>ὑπὸ</strong></span> <span class='ocrx_word' id='word_1_753' title='bbox 2248 4320 2350 4388; x_wconf 74' lang='grc' dir='ltr'><strong>τῆς</strong></span> <span class='ocrx_word' id='word_1_754' title='bbox 2392 4323 2717 4390; x_wconf 80' lang='grc' dir='ltr'>συγγενείας</span> <span class='ocrx_word' id='word_1_755' title='bbox 2753 4319 2843 4395; x_wconf 78' lang='grc' dir='ltr'>ἦν,</span> <span class='ocrx_word' id='word_1_756' title='bbox 2892 4329 3441 4399; x_wconf 77' lang='grc' dir='ltr'>προπηλακιζόμενός</span> <span class='ocrx_word' id='word_1_757' title='bbox 3493 4348 3553 4385; x_wconf 81' lang='grc' dir='ltr'><strong>τε</strong></span> <span class='ocrx_word' id='word_1_758' title='bbox 3608 4334 3707 4385; x_wconf 77' lang='grc' dir='ltr'>καὶ</span> 
     </span>
    </p>
   </div>
   <div class='ocr_carea' id='block_1_102' title="bbox 2112 4412 3705 4495">
    <p class='ocr_par' dir='ltr' id='par_1_102' title="bbox 2112 4412 3705 4495">
     <span class='ocr_line' id='line_1_102' title="bbox 2112 4412 3705 4495; baseline 0.011 -33"><span class='ocrx_word' id='word_1_759' title='bbox 2112 4412 2623 4483; x_wconf 73' lang='grc' dir='ltr'>περιυϐριζόμενος,</span> <span class='ocrx_word' id='word_1_760' title='bbox 2660 4416 3030 4488; x_wconf 77' lang='grc' dir='ltr'>διεχειρίσατο</span> <span class='ocrx_word' id='word_1_761' title='bbox 3075 4422 3290 4487; x_wconf 78' lang='grc' dir='ltr'>ἑαυτὸν,</span> <span class='ocrx_word' id='word_1_762' title='bbox 3319 4423 3500 4477; x_wconf 82' lang='grc' dir='ltr'>καίτοι</span> <span class='ocrx_word' id='word_1_763' title='bbox 3544 4426 3705 4495; x_wconf 71' lang='grc' dir='ltr'>παρὰ</span> 
     </span>
    </p>
   </div>
   <div class='ocr_carea' id='block_1_103' title="bbox 2114 4501 3705 4585">
    <p class='ocr_par' dir='ltr' id='par_1_103' title="bbox 2114 4501 3705 4585">
     <span class='ocr_line' id='line_1_103' title="bbox 2114 4501 3705 4585; baseline 0.009 -30"><span class='ocrx_word' id='word_1_764' title='bbox 2114 4501 2208 4556; x_wconf 74' lang='grc' dir='ltr'>τοῦ</span> <span class='ocrx_word' id='word_1_765' title='bbox 2235 4504 2486 4576; x_wconf 79' lang='grc' dir='ltr'>Τιϐερίου</span> <span class='ocrx_word' id='word_1_766' title='bbox 2520 4507 2725 4576; x_wconf 64' lang='grc' dir='ltr'>σφόδρα</span> <span class='ocrx_word' id='word_1_767' title='bbox 2763 4510 3103 4581; x_wconf 82' lang='grc' dir='ltr'>τιμώμενος.</span> <span class='ocrx_word' id='word_1_768' title='bbox 3146 4512 3205 4566; x_wconf 80' lang='grc'><strong>’0</strong></span> <span class='ocrx_word' id='word_1_769' title='bbox 3232 4513 3288 4566; x_wconf 84' lang='grc' dir='ltr'>δὲ</span> <span class='ocrx_word' id='word_1_770' title='bbox 3322 4514 3419 4569; x_wconf 75' lang='grc' dir='ltr'>καὶ</span> <span class='ocrx_word' id='word_1_771' title='bbox 3452 4515 3554 4585; x_wconf 77' lang='grc' dir='ltr'>τὴν</span> <span class='ocrx_word' id='word_1_772' title='bbox 3607 4516 3705 4569; x_wconf 77' lang='grc' dir='ltr'><strong>θυ-</strong></span> 
     </span>
    </p>
   </div>
   <div class='ocr_carea' id='block_1_104' title="bbox 2114 4597 3708 4677">
    <p class='ocr_par' dir='ltr' id='par_1_104' title="bbox 2114 4597 3708 4677">
     <span class='ocr_line' id='line_1_104' title="bbox 2114 4597 3708 4677; baseline 0.008 -29"><span class='ocrx_word' id='word_1_773' title='bbox 2114 4598 2329 4667; x_wconf 81' lang='grc' dir='ltr'>γατέρα</span> <span class='ocrx_word' id='word_1_774' title='bbox 2357 4597 2524 4652; x_wconf 82' lang='grc' dir='ltr'>αὑτοῦ</span> <span class='ocrx_word' id='word_1_775' title='bbox 2560 4599 2834 4665; x_wconf 78' lang='grc' dir='ltr'>ἐκϐαλὼν,</span> <span class='ocrx_word' id='word_1_776' title='bbox 2869 4604 3047 4673; x_wconf 75' lang='grc' dir='ltr'>ἔγημε</span> <span class='ocrx_word' id='word_1_777' title='bbox 3100 4606 3411 4676; x_wconf 83' lang='grc' dir='ltr'>Κορνηλίαν</span> <span class='ocrx_word' id='word_1_778' title='bbox 3458 4608 3708 4677; x_wconf 82' lang='grc' dir='ltr'>Ὀρεστί-</span> 
     </span>
    </p>
   </div>
   <div class='ocr_carea' id='block_1_105' title="bbox 2115 4690 3707 4767">
    <p class='ocr_par' dir='ltr' id='par_1_105' title="bbox 2115 4690 3707 4767">
     <span class='ocr_line' id='line_1_105' title="bbox 2115 4690 3707 4767; baseline 0.006 -25"><span class='ocrx_word' id='word_1_779' title='bbox 2115 4706 2233 4754; x_wconf 90' lang='grc' dir='ltr'>ναν,</span> <span class='ocrx_word' id='word_1_780' title='bbox 2260 4690 2327 4758; x_wconf 80' lang='grc' dir='ltr'>ἢν</span> <span class='ocrx_word' id='word_1_781' title='bbox 2371 4692 2429 4743; x_wconf 85' lang='grc' dir='ltr'>ὲν</span> <span class='ocrx_word' id='word_1_782' title='bbox 2477 4693 2660 4756; x_wconf 78' lang='grc' dir='ltr'>αὐτοῖς</span> <span class='ocrx_word' id='word_1_783' title='bbox 2693 4697 2805 4759; x_wconf 78' lang='grc' dir='ltr'>τοῖς</span> <span class='ocrx_word' id='word_1_784' title='bbox 2836 4697 3037 4767; x_wconf 80' lang='grc' dir='ltr'>γάμοις</span> <span class='ocrx_word' id='word_1_785' title='bbox 3082 4700 3415 4767; x_wconf 73' lang='grc' dir='ltr'>ἀφήρπασεν</span> <span class='ocrx_word' id='word_1_786' title='bbox 3443 4701 3540 4764; x_wconf 81' lang='grc' dir='ltr'><strong>οὓς</strong></span> <span class='ocrx_word' id='word_1_787' title='bbox 3574 4719 3707 4754; x_wconf 78' lang='grc' dir='ltr'>συν-</span> 
     </span>
    </p>
   </div>
   <div class='ocr_carea' id='block_1_106' title="bbox 2118 4779 3706 4862">
    <p class='ocr_par' dir='ltr' id='par_1_106' title="bbox 2118 4779 3706 4862">
     <span class='ocr_line' id='line_1_106' title="bbox 2118 4779 3706 4862; baseline 0.008 -30"><span class='ocrx_word' id='word_1_788' title='bbox 2118 4779 2364 4851; x_wconf 76' lang='grc' dir='ltr'>εώρταξε</span> <span class='ocrx_word' id='word_1_789' title='bbox 2393 4783 2472 4853; x_wconf 85' lang='grc' dir='ltr'>τῷ</span> <span class='ocrx_word' id='word_1_790' title='bbox 2506 4783 2905 4859; x_wconf 78' lang='grc' dir='ltr'>έγγεγυημένφ</span> <span class='ocrx_word' id='word_1_791' title='bbox 2955 4789 3131 4860; x_wconf 83' lang='grc' dir='ltr'>αὐτὴν</span> <span class='ocrx_word' id='word_1_792' title='bbox 3160 4790 3308 4858; x_wconf 71' lang='grc' dir='ltr'>Γαίῳ</span> <span class='ocrx_word' id='word_1_793' title='bbox 3338 4790 3706 4862; x_wconf 75' lang='grc' dir='ltr'>Καλπουρνίῳ</span> 
     </span>
    </p>
   </div>
   <div class='ocr_carea' id='block_1_107' title="bbox 2119 4873 3709 4952">
    <p class='ocr_par' dir='ltr' id='par_1_107' title="bbox 2119 4873 3709 4952">
     <span class='ocr_line' id='line_1_107' title="bbox 2119 4873 3709 4952; baseline 0.007 -26"><span class='ocrx_word' id='word_1_794' title='bbox 2119 4873 2376 4927; x_wconf 82' lang='grc' dir='ltr'>Πείσωνι.</span> <span class='ocrx_word' id='word_1_795' title='bbox 2396 4875 2590 4929; x_wconf 82' lang='grc' dir='ltr'>Καίτοι</span> <span class='ocrx_word' id='word_1_796' title='bbox 2609 4875 2667 4930; x_wconf 81' lang='grc' dir='ltr'>δὲ</span> <span class='ocrx_word' id='word_1_797' title='bbox 2685 4877 2925 4943; x_wconf 85' lang='grc' dir='ltr'>τοιοῦτος</span> <span class='ocrx_word' id='word_1_798' title='bbox 2942 4881 3044 4945; x_wconf 82' lang='grc' dir='ltr'>ὢν,</span> <span class='ocrx_word' id='word_1_799' title='bbox 3062 4881 3269 4952; x_wconf 70' lang='grc' dir='ltr'>ἔπραξέ</span> <span class='ocrx_word' id='word_1_800' title='bbox 3286 4900 3410 4936; x_wconf 89' lang='grc' dir='ltr'>τινα</span> <span class='ocrx_word' id='word_1_801' title='bbox 3428 4887 3528 4936; x_wconf 77' lang='grc' dir='ltr'>καὶ</span> <span class='ocrx_word' id='word_1_802' title='bbox 3546 4885 3709 4937; x_wconf 69' lang='grc' dir='ltr'>ἐπαί-</span> 
     </span>
    </p>
   </div>
   <div class='ocr_carea' id='block_1_108' title="bbox 2117 4965 3707 5044">
    <p class='ocr_par' dir='ltr' id='par_1_108' title="bbox 2117 4965 3707 5044">
     <span class='ocr_line' id='line_1_108' title="bbox 2117 4965 3707 5044; baseline 0.008 -28"><span class='ocrx_word' id='word_1_803' title='bbox 2117 4980 2209 5018; x_wconf 80' lang='grc' dir='ltr'><strong>νου</strong></span> <span class='ocrx_word' id='word_1_804' title='bbox 2237 4965 2384 5030; x_wconf 76' lang='grc' dir='ltr'>ἄξια.</span> <span class='ocrx_word' id='word_1_805' title='bbox 2417 4966 2774 5040; x_wconf 83' lang='grc' dir='ltr'>Ἐμπρησμὸν</span> <span class='ocrx_word' id='word_1_806' title='bbox 2800 4971 2906 5042; x_wconf 89' lang='grc' dir='ltr'><strong>γάρ</strong></span> <span class='ocrx_word' id='word_1_807' title='bbox 2932 4973 3198 5041; x_wconf 77' lang='grc' dir='ltr'>μετὰτῶν</span> <span class='ocrx_word' id='word_1_808' title='bbox 3227 4976 3585 5044; x_wconf 80' lang='grc' dir='ltr'>στρατιωτῶν</span> <span class='ocrx_word' id='word_1_809' title='bbox 3602 4993 3707 5029; x_wconf 66' lang='grc' dir='ltr'>και</span> 
     </span>
    </p>
   </div>
   <div class='ocr_carea' id='block_1_109' title="bbox 2118 5057 3703 5134">
    <p class='ocr_par' dir='ltr' id='par_1_109' title="bbox 2118 5057 3703 5134">
     <span class='ocr_line' id='line_1_109' title="bbox 2118 5057 3703 5134; baseline 0.006 -25"><span class='ocrx_word' id='word_1_810' title='bbox 2118 5057 2409 5122; x_wconf 81' lang='grc' dir='ltr'>τασϐἐσας,</span> <span class='ocrx_word' id='word_1_811' title='bbox 2431 5061 2709 5132; x_wconf 77' lang='grc' dir='ltr'>ἐπήρκεσε</span> <span class='ocrx_word' id='word_1_812' title='bbox 2731 5066 2845 5127; x_wconf 81' lang='grc' dir='ltr'>τοῖς</span> <span class='ocrx_word' id='word_1_813' title='bbox 2873 5064 3205 5134; x_wconf 73' lang='grc' dir='ltr'>ζημιωθεῖσι</span> <span class='ocrx_word' id='word_1_814' title='bbox 3223 5081 3237 5097; x_wconf 89' lang='grc'><strong>·</strong></span> <span class='ocrx_word' id='word_1_815' title='bbox 3261 5065 3358 5120; x_wconf 72' lang='grc' dir='ltr'>τοῦ</span> <span class='ocrx_word' id='word_1_816' title='bbox 3385 5084 3444 5119; x_wconf 85' lang='grc' dir='ltr'><strong>τε</strong></span> <span class='ocrx_word' id='word_1_817' title='bbox 3477 5070 3592 5120; x_wconf 80' lang='grc' dir='ltr'><strong>τῶν</strong></span> <span class='ocrx_word' id='word_1_818' title='bbox 3615 5071 3703 5121; x_wconf 72' lang='grc' dir='ltr'><strong>ἰτ-</strong></span> 
     </span>
    </p>
   </div>
   <div class='ocr_carea' id='block_1_110' title="bbox 2119 5147 3706 5229">
    <p class='ocr_par' dir='ltr' id='par_1_110' title="bbox 2119 5147 3706 5229">
     <span class='ocr_line' id='line_1_110' title="bbox 2119 5147 3706 5229; baseline 0.015 -30"><span class='ocrx_word' id='word_1_819' title='bbox 2119 5147 2263 5200; x_wconf 84' lang='grc' dir='ltr'>πέων</span> <span class='ocrx_word' id='word_1_820' title='bbox 2300 5150 2489 5215; x_wconf 82' lang='grc' dir='ltr'>τέλους</span> <span class='ocrx_word' id='word_1_821' title='bbox 2531 5154 2979 5224; x_wconf 80' lang='grc' dir='ltr'>ὀλιγανδροϋντος</span> <span class='ocrx_word' id='word_1_822' title='bbox 3016 5156 3079 5222; x_wconf 77' lang='grc' dir='ltr'><strong>ἐξ</strong></span> <span class='ocrx_word' id='word_1_823' title='bbox 3112 5159 3332 5229; x_wconf 79' lang='grc' dir='ltr'>ἀπάσης</span> <span class='ocrx_word' id='word_1_824' title='bbox 3365 5159 3546 5229; x_wconf 78' lang='grc' dir='ltr'>ἀρχῆς</span> <span class='ocrx_word' id='word_1_825' title='bbox 3581 5161 3706 5223; x_wconf 73' lang='grc' dir='ltr'>τοὺς</span> 
     </span>
    </p>
   </div>
   <div class='ocr_carea' id='block_1_111' title="bbox 2118 5239 3713 5324">
    <p class='ocr_par' dir='ltr' id='par_1_111' title="bbox 2118 5239 3713 5324">
     <span class='ocr_line' id='line_1_111' title="bbox 2118 5239 3713 5324; baseline 0.009 -33"><span class='ocrx_word' id='word_1_826' title='bbox 2118 5239 2369 5311; x_wconf 85' lang='grc' dir='ltr'>πρώτους</span> <span class='ocrx_word' id='word_1_827' title='bbox 2387 5246 2889 5316; x_wconf 79' lang='grc' dir='ltr'>μεταπεμψάμενος</span> <span class='ocrx_word' id='word_1_828' title='bbox 2909 5250 3260 5315; x_wconf 76' lang='grc' dir='ltr'>κατελέξατο,</span> <span class='ocrx_word' id='word_1_829' title='bbox 3278 5253 3490 5316; x_wconf 77' lang='grc' dir='ltr'>καὶτὰς</span> <span class='ocrx_word' id='word_1_830' title='bbox 3517 5254 3713 5324; x_wconf 72' lang='grc' dir='ltr'><strong>ἀρχαι⁴</strong></span> 
     </span>
    </p>
   </div>
   <div class='ocr_carea' id='block_1_112' title="bbox 2121 5332 3711 5406">
    <p class='ocr_par' dir='ltr' id='par_1_112' title="bbox 2121 5332 3711 5406">
     <span class='ocr_line' id='line_1_112' title="bbox 2121 5332 3711 5406; baseline 0.009 -23"><span class='ocrx_word' id='word_1_831' title='bbox 2121 5332 2308 5402; x_wconf 87' lang='grc' dir='ltr'>ρεσίας</span> <span class='ocrx_word' id='word_1_832' title='bbox 2324 5332 2402 5403; x_wconf 84' lang='grc' dir='ltr'>τῷ</span> <span class='ocrx_word' id='word_1_833' title='bbox 2417 5334 2575 5406; x_wconf 84' lang='grc' dir='ltr'>δήμῳ</span> <span class='ocrx_word' id='word_1_834' title='bbox 2593 5338 2850 5394; x_wconf 81' lang='grc' dir='ltr'>ἀπέδωκε</span> <span class='ocrx_word' id='word_1_835' title='bbox 2870 5358 2885 5371; x_wconf 91' lang='grc'>·</span> <span class='ocrx_word' id='word_1_836' title='bbox 2911 5343 3006 5394; x_wconf 78' lang='grc' dir='ltr'>καὶ</span> <span class='ocrx_word' id='word_1_837' title='bbox 3020 5342 3157 5397; x_wconf 80' lang='grc' dir='ltr'>ἄλλα</span> <span class='ocrx_word' id='word_1_838' title='bbox 3169 5344 3293 5396; x_wconf 72' lang='grc' dir='ltr'>τινὰ</span> <span class='ocrx_word' id='word_1_839' title='bbox 3312 5344 3545 5398; x_wconf 80' lang='grc' dir='ltr'>τοιαῦτα</span> <span class='ocrx_word' id='word_1_840' title='bbox 3560 5344 3711 5397; x_wconf 69' lang='grc' dir='ltr'>ἑποί-</span> 
     </span>
    </p>
   </div>
   <div class='ocr_carea' id='block_1_113' title="bbox 2116 5424 3711 5500">
    <p class='ocr_par' dir='ltr' id='par_1_113' title="bbox 2116 5424 3711 5500">
     <span class='ocr_line' id='line_1_113' title="bbox 2116 5424 3711 5500; baseline 0.012 -25"><span class='ocrx_word' id='word_1_841' title='bbox 2116 5439 2272 5492; x_wconf 86' lang='grc' dir='ltr'>ησεν.</span> <span class='ocrx_word' id='word_1_842' title='bbox 2303 5424 2566 5480; x_wconf 82' lang='grc' dir='ltr'>’Υπαίτια</span> <span class='ocrx_word' id='word_1_843' title='bbox 2579 5428 2634 5481; x_wconf 87' lang='grc' dir='ltr'>δὲ</span> <span class='ocrx_word' id='word_1_844' title='bbox 2649 5431 2943 5500; x_wconf 78' lang='grc' dir='ltr'>εἰργάσατο</span> <span class='ocrx_word' id='word_1_845' title='bbox 2957 5434 3465 5500; x_wconf 76' lang='grc' dir='ltr'>πολλαπλάσια,καὶ</span> <span class='ocrx_word' id='word_1_846' title='bbox 3485 5437 3711 5500; x_wconf 76' lang='grc' dir='ltr'>πολλοὺς</span> 
     </span>
    </p>
   </div>
   <div class='ocr_carea' id='block_1_114' title="bbox 2126 5513 3710 5597">
    <p class='ocr_par' dir='ltr' id='par_1_114' title="bbox 2126 5513 3710 5597">
     <span class='ocr_line' id='line_1_114' title="bbox 2126 5513 3710 5597; baseline 0.007 -29"><span class='ocrx_word' id='word_1_847' title='bbox 2126 5516 2476 5573; x_wconf 86' lang='grc' dir='ltr'>ἀπέκτεινεν.</span> <span class='ocrx_word' id='word_1_848' title='bbox 2513 5513 2623 5571; x_wconf 68' lang='grc' dir='ltr'><strong>Ἶὶν</strong></span> <span class='ocrx_word' id='word_1_849' title='bbox 2667 5519 2725 5572; x_wconf 77' lang='grc' dir='ltr'>δὲ</span> <span class='ocrx_word' id='word_1_850' title='bbox 2760 5521 2822 5573; x_wconf 82' lang='grc' dir='ltr'>οὺ</span> <span class='ocrx_word' id='word_1_851' title='bbox 2867 5522 2927 5575; x_wconf 82' lang='grc' dir='ltr'><strong>τὸ</strong></span> <span class='ocrx_word' id='word_1_852' title='bbox 2958 5523 3158 5593; x_wconf 73' lang='grc' dir='ltr'>πλῆθος</span> <span class='ocrx_word' id='word_1_853' title='bbox 3184 5527 3293 5579; x_wconf 83' lang='grc' dir='ltr'><strong>τῶν</strong></span> <span class='ocrx_word' id='word_1_854' title='bbox 3323 5527 3710 5597; x_wconf 66' lang='grc' dir='ltr'>ἀπολλυμένων</span> 
     </span>
    </p>
   </div>
   <div class='ocr_carea' id='block_1_115' title="bbox 2128 5607 3706 5689">
    <p class='ocr_par' dir='ltr' id='par_1_115' title="bbox 2128 5607 3706 5689">
     <span class='ocr_line' id='line_1_115' title="bbox 2128 5607 3706 5689; baseline 0.006 -28"><span class='ocrx_word' id='word_1_855' title='bbox 2128 5607 2271 5662; x_wconf 79' lang='grc' dir='ltr'>οὕτω</span> <span class='ocrx_word' id='word_1_856' title='bbox 2284 5609 2476 5663; x_wconf 81' lang='grc' dir='ltr'><strong>δεινόν⁹</strong></span> <span class='ocrx_word' id='word_1_857' title='bbox 2494 5611 2674 5665; x_wconf 85' lang='grc' dir='ltr'>καίτοι</span> <span class='ocrx_word' id='word_1_858' title='bbox 2689 5613 2863 5667; x_wconf 77' lang='grc' dir='ltr'>δεινὸν</span> <span class='ocrx_word' id='word_1_859' title='bbox 2883 5613 2964 5682; x_wconf 84' lang='grc' dir='ltr'>ὃν,</span> <span class='ocrx_word' id='word_1_860' title='bbox 2980 5616 3309 5687; x_wconf 63' lang='grc' dir='ltr'>ἀλλ’ὅτιςτοίς</span> <span class='ocrx_word' id='word_1_861' title='bbox 3327 5636 3388 5672; x_wconf 89' lang='grc' dir='ltr'><strong>τε</strong></span> <span class='ocrx_word' id='word_1_862' title='bbox 3408 5622 3589 5689; x_wconf 75' lang='grc' dir='ltr'>φόνοις</span> <span class='ocrx_word' id='word_1_863' title='bbox 3609 5619 3706 5671; x_wconf 76' lang='grc' dir='ltr'><strong>αυ-</strong></span> 
     </span>
    </p>
   </div>
   <div class='ocr_carea' id='block_1_116' title="bbox 2121 5702 3705 5786">
    <p class='ocr_par' dir='ltr' id='par_1_116' title="bbox 2121 5702 3705 5786">
     <span class='ocr_line' id='line_1_116' title="bbox 2121 5702 3705 5786; baseline 0.007 -30"><span class='ocrx_word' id='word_1_864' title='bbox 2121 5702 2231 5759; x_wconf 84' lang='grc' dir='ltr'>τῶν</span> <span class='ocrx_word' id='word_1_865' title='bbox 2252 5704 2601 5778; x_wconf 85' lang='grc' dir='ltr'>ύπερέχαιρε,</span> <span class='ocrx_word' id='word_1_866' title='bbox 2623 5708 2720 5763; x_wconf 74' lang='grc' dir='ltr'>καὶ</span> <span class='ocrx_word' id='word_1_867' title='bbox 2741 5708 3032 5781; x_wconf 76' lang='grc' dir='ltr'>ἀπλήστως</span> <span class='ocrx_word' id='word_1_868' title='bbox 3044 5708 3162 5784; x_wconf 73' lang='grc' dir='ltr'>ἐἶχε</span> <span class='ocrx_word' id='word_1_869' title='bbox 3179 5714 3278 5785; x_wconf 75' lang='grc' dir='ltr'><strong>τῆς</strong></span> <span class='ocrx_word' id='word_1_870' title='bbox 3292 5716 3420 5780; x_wconf 79' lang='grc' dir='ltr'>θέας</span> <span class='ocrx_word' id='word_1_871' title='bbox 3433 5719 3532 5770; x_wconf 83' lang='grc' dir='ltr'>τοῦ</span> <span class='ocrx_word' id='word_1_872' title='bbox 3546 5716 3705 5786; x_wconf 78' lang='grc' dir='ltr'>αἱμα-</span> 
     </span>
    </p>
   </div>
  </div>
