3976 6204
283 281 383 342 931

1543 269 1950 333 ANNALIUM
1986 274 2124 336 LIB.
2159 272 2263 334 XI.

3417 286 3522 349 938

278 415 392 460 τος.
445 393 584 448 Ὑπὸ
612 391 745 461 γοῦν
801 389 1092 461 ὠμότητος
1139 386 1506 442 ἐπιλιπόντων
1564 387 1696 442 ποτὲ
1741 388 1851 440 τῶν

1959 389 2087 443 vitia
2113 391 2238 457 tuit,
2268 400 2326 446 ut
2369 406 2493 446 cum
2530 391 2826 462 aliquando
2854 391 3203 450 condemnati
3251 412 3360 452 non
3391 403 3524 454 satis

275 490 398 547 τοῖς
427 484 641 554 θηρίοις
673 483 737 535 ἐκ
769 479 1069 549 καταδίκης
1098 479 1415 549 διδομένων,
1463 477 1746 532 ἐκέλευσεν
1786 482 1852 533 ὲκ

275 576 372 629 τοῦ
407 575 582 645 ὄχλου
613 571 707 626 τοῦ
731 574 843 634 τοῖς
881 570 1077 640 ἰκρίοις
1102 570 1536 640 προστετηκότος
1567 586 1852 639 συναρπα-

277 666 472 736 σθῆναι
502 681 677 727 τινας,
717 661 814 714 καὶ
850 659 1270 730 παραϐληθῆναι
1300 660 1503 720 αὐτοῖς.
1537 659 1650 712 Καὶ
1702 659 1854 722 ὅπως

271 759 420 829 μήτε
453 753 856 823 ἐπιϐοήσασθαι
885 753 1026 824 μήτε
1052 751 1408 805 αἰτιάσασθαι
1434 749 1732 821 δυνηθῶσι,
1753 751 1854 814 τὰς

271 849 528 919 γλώσσας
567 846 750 902 αὐτῶν
803 845 1216 916 προαπέτεμον.
1256 842 1495 906 Πολλοὺς
1522 842 1579 895 δὲ
1636 845 1731 896 καὶ
1765 842 1855 896 διὰ

271 945 374 1005 τὰς
407 940 594 1002 οὐσίας
622 939 900 1006 ἐφόνευεν,
935 936 1081 1006 ἕτερ’
1117 938 1257 990 ἄττα
1298 936 1485 1005 σφίσιν
1499 935 1851 1004 ὲπεγκαλῶν.

271 1034 392 1089 Καὶ
416 1036 442 1086 ὁ
473 1033 571 1102 τῆς
604 1029 941 1101 Δρουσίλλης
983 1029 1084 1098 τῆς
1124 1029 1360 1099 ἀδελφῆς
1386 1027 1618 1092 θάνατος
1647 1028 1709 1080 ού
1738 1027 1856 1098 μεί-

269 1145 368 1190 ους
423 1125 754 1194 διέφθειρεν,
899 1122 1134 1194 συνῴκει
1196 1122 1294 1192 μὲν
1346 1122 1574 1192 Μάρκος
1627 1120 1855 1184 Λέπιδος

270 1220 506 1272 παιδικὰ
544 1215 664 1286 ἅμα
695 1216 860 1269 αὑτοῦ
909 1219 1005 1269 καὶ
1037 1214 1276 1287 ἐραστὴς
1307 1214 1405 1280 ὢν,
1453 1215 1623 1283 συνῆν
1666 1214 1723 1268 δὶ
1757 1215 1855 1268 καὶ⁵

264 1311 301 1360 ὁ
343 1309 521 1371 riu;-
575 1303 954 1358 ἀποθανοῦσαν
1012 1303 1108 1356 οὖν
1163 1303 1376 1356 πολλῶν
1405 1304 1504 1373 μὲν
1535 1302 1631 1354 καὶ
1679 1300 1854 1356 ἄλλων

263 1401 530 1468 ἠξίωσεν,
554 1394 676 1451 εἶτα
699 1397 792 1450 καὶ
821 1395 1125 1449 ἀπεθέωσε.
1175 1395 1310 1448 Μετ’
1344 1394 1524 1463 ὀλίγον
1563 1394 1620 1447 δὲ
1679 1393 1852 1463 ἔγημε

263 1492 478 1546 Λολίαν
526 1491 818 1555 Παυλῖναν,
846 1489 1008 1544 αὐτὸν
1033 1488 1126 1542 τὸν
1154 1489 1324 1559 ἄνδρα
1361 1489 1536 1558 αὐτῆς
1580 1488 1853 1557 ἐγγυῆσαι

266 1585 430 1655 αὐτῷ
461 1584 560 1654 τὴν
588 1587 828 1652 γυναῖκα
867 1580 1083 1652 βιάσας,
1115 1581 1206 1637 ἴνα
1235 1581 1330 1652 μὴ,
1375 1582 1644 1650 ἀνέγγυον
1680 1579 1853 1650 αὐτὴν

264 1676 478 1740 λαϐὼν,
507 1674 905 1746 παρανομήσῃ.
952 1674 1041 1726 Ἐν
1094 1673 1356 1742 στενωπῷ
1393 1673 1450 1726 δέ
1486 1690 1616 1726 ποτε
1679 1673 1853 1743 πηλὸν

1957 481 2114 535 multi
2147 492 2366 546 essent,
2397 481 2489 553 qui
2536 481 2727 538 bestiis
2772 484 3180 553 olijicerentur,
3222 487 3445 556 juberet
3493 507 3526 546 e

1958 575 2118 628 turba
2154 589 2275 644 qua:
2309 575 2567 654 tabulatis
2592 576 2922 642 inhaerebat,
2953 577 3162 648 aliquot
3189 579 3298 634 illis
3321 580 3485 653 objici
3511 602 3524 637 :

1956 664 2157 733 quibus
2192 681 2261 719 ne
2298 666 2586 722 vociferari
2629 677 2685 722 et
2724 669 2975 738 quiritari
3007 681 3265 740 possent,
3314 672 3530 745 linguas

1957 755 2012 809 in
2066 756 2255 826 primis
2317 758 2587 826 praecidit.
2638 759 2838 816 Multos
2887 762 2993 816 alia
3035 777 3197 818 causa
3241 766 3527 833 simulata,

1956 857 2182 917 propter
2223 849 2366 903 bona
2399 851 2622 905 occidit.
2660 852 2806 906 Mors
2837 870 3056 924 quoque
3088 855 3336 911 Drusilla:
3369 837 3529 913 sero.-

1957 939 2034 993 ris
2083 939 2224 1009 ejus.
2278 955 2389 994 non
2446 942 2637 1009 paucis
2686 943 2854 997 exitio
2885 943 3008 1007 fuit,
3047 960 3168 1014 qua:
3213 947 3281 999 Μ.
3325 947 3531 1017 Lepido

1956 1029 2076 1099 ejus
2109 1029 2318 1085 amasio
2350 1031 2513 1086 simul
2550 1040 2606 1086 et
2634 1034 2864 1088 amatori
2897 1045 3088 1103 nupta,
3115 1036 3270 1091 fratri
3310 1053 3530 1108 quoque

1956 1123 2040 1175 sui
2076 1123 2290 1192 copiam
2335 1123 2592 1180 faciebat.
2642 1127 2775 1180 Eam
2825 1137 3097 1182 mortuam
3151 1139 3352 1198 prater
3395 1130 3532 1184 alios

1957 1217 2198 1271 honores
2241 1218 2296 1272 in
2338 1233 2632 1272 numerum
2679 1219 2906 1274 deorum
2939 1221 3148 1275 retulit.
3186 1221 3356 1276 Paulo
3407 1230 3532 1292 post

1955 1307 2183 1362 Lolliam
2233 1310 2517 1364 Paulinam
2552 1309 2745 1374 duxit,
2792 1320 2985 1367 coacto
3035 1315 3233 1368 marito
3277 1315 3417 1385 ejus.
3472 1323 3532 1369 ut

1954 1412 2075 1450 eam
2140 1399 2245 1452 sibi
2297 1399 2811 1469 desponderetzne
2855 1401 2910 1455 in
2962 1401 3110 1471 leges
3161 1405 3532 1459 committeret

1955 1490 2188 1557 scilicet,
2214 1491 2259 1546 si
2290 1507 2410 1546 eam
2437 1491 2554 1546 sine
2582 1493 2932 1562 sponsalibus
2959 1493 3226 1550 duxisset.
3256 1495 3391 1551 Cum
3429 1497 3530 1551 ali-

1953 1584 2177 1654 quando
2217 1586 2273 1640 in
2299 1587 2591 1656 angiportu
2623 1587 2855 1641 multum
2891 1589 3032 1643 caeni
3060 1588 3323 1653 vidisset,
3369 1589 3420 1644 id
3474 1591 3528 1645 in

1955 1676 2129 1732 aedilis
2167 1685 2223 1730 et
2273 1679 2391 1747 ejus
2433 1679 2527 1748 qui
2578 1679 2681 1733 viis
2747 1680 3048 1751 purgandis
3099 1691 3329 1750 praeerat
3370 1685 3528 1738 vesti-

264 1767 446 1818 πολὺν
484 1765 843 1835 θεασάμενος,
867 1765 1153 1818 ἐκέλευσεν
1181 1764 1346 1817 αὐτὸν
1371 1766 1454 1826 εἰς
1477 1764 1547 1817 τὰ
1576 1764 1672 1817 τοῦ
1719 1767 1852 1833 ἁγο-

1959 1779 2136 1824 menta
2174 1771 2370 1841 conjici
2400 1771 2584 1841 jussit.
2635 1771 2774 1825 Tum
2817 1784 2999 1827 autem
3032 1773 3207 1828 :edilis
3240 1784 3356 1828 erat
3419 1775 3530 1830 νου

265 1859 654 1928 ρανομοῦντος
718 1857 841 1910 τότε
899 1857 992 1910 καὶ
1052 1857 1149 1926 τῆς
1187 1857 1296 1909 τῶν
1350 1857 1486 1911 ὁδῶν
1529 1857 1849 1930 καθάρσεως

263 1950 716 2019 ἐπιμελουμένου
775 1951 972 2018 ἱμάτια
1024 1949 1387 2020 ἐμϐληθῆναι.
1440 1950 1853 2013 Οὐεσπασιανὸς

260 2042 331 2095 δὲ
361 2047 482 2095 τότε
512 2038 580 2112 ἦν
620 2042 996 2112 ἀγορανομῶν·
1031 2041 1170 2094 ὥστε
1227 2042 1474 2110 ὕστερον,
1504 2042 1714 2095 ἐκείνου
1759 2045 1853 2096 καὶ

261 2139 344 2191 τὰ
372 2140 676 2208 πράγματα
701 2141 1090 2209 τεταραγμένα
1114 2141 1207 2192 καὶ
1237 2139 1564 2209 πεφυρμένα
1605 2139 1855 2211 παραλα-

263 2231 468 2294 ϐόντος
500 2234 595 2284 καὶ
625 2233 1090 2302 καταστήσαντος,
1125 2231 1304 2295 ἔδοξεν
1329 2232 1430 2283 οὐκ
1461 2230 1613 2284 ἀθεεὶ
1640 2231 1701 2284 τὸ
1730 2231 1852 2284 τότε

263 2323 502 2391 συμϐὰν
550 2321 858 2391 γεγονέναι,
902 2321 1018 2375 ἀλλ’
1051 2324 1312 2394 ἄντικρυς
1350 2322 1502 2393 αὐτῷ
1549 2321 1650 2394 τὴν
1699 2323 1853 2376 πόλιν

265 2414 418 2485 πρὸς
453 2414 830 2484 ἐπανόρθωσιν
861 2413 1018 2484 παρὰ
1048 2413 1208 2466 Γαΐου
1255 2412 1694 2483 ἐγχειρισθῆναι.
1723 2417 1855 2487 Διη-

265 2505 455 2569 νεκῶς
487 2505 544 2558 δὲ
587 2504 818 2566 πολλοὺς
848 2506 876 2558 ὁ
909 2505 1069 2567 Γάϊος
1093 2505 1339 2570 ἐφόνευε,
1368 2505 1462 2558 καὶ
1490 2500 1559 2575 ἦν
1587 2504 1694 2570 ἔξω
1743 2507 1854 2560 τῶν

267 2601 460 2668 φόνων
495 2599 673 2664 οὐδὲν,
717 2597 815 2650 καὶ
857 2597 983 2650 οὐδὲ
1055 2595 1135 2667 τῷ
1201 2597 1399 2667 πλήθει
1435 2612 1490 2650 τι
1542 2599 1850 2669 ἐχαρίζετο,

266 2691 526 2744 κάκεῖνοι
553 2690 692 2743 πάνυ
719 2688 870 2761 αὑτῷ
899 2689 1300 2760 ἀπηχθάνοντο.
1382 2691 1562 2745 Πολλὰ
1601 2694 1702 2761 μὲν
1743 2692 1855 2760 γὰρ

265 2785 377 2837 καὶ
407 2783 540 2837 ἄλλα
567 2783 714 2853 αὐτῷ
751 2784 825 2853 μὴ
853 2783 1162 2852 ἀρέσκοντα
1188 2783 1379 2850 ἔλεγόν
1416 2800 1476 2836 τε
1525 2786 1620 2837 καὶ
1649 2784 1855 2853 Eupat-

263 2894 394 2929 τον·
427 2877 562 2947 πρὸς
591 2877 649 2930 δὲ
689 2879 800 2939 τοῖς
839 2878 1142 2946 ηγανάκτει
1193 2876 1381 2939 δεινῶς
1431 2877 1513 2929 ὅτι
1567 2875 1854 2938 δοκοῦντες

268 2967 610 3038 μεγαλύνειν
657 2966 840 3028 αὐτὸν,
890 2966 1191 3020 Νεανίσκε
1215 2965 1546 3034 Αὕγουστε,
1589 2964 1852 3018 ἐπεϐόων.

264 3061 349 3111 οὐ
380 3059 496 3126 γὰρ
527 3057 934 3127 μακαρίζεσθαι
986 3058 1195 3127 ἡγεῖτο,
1251 3055 1334 3108 δτι
1368 3055 1485 3118 νέος
1514 3053 1590 3108 ὣν
1619 3055 1854 3126 ὲμονάρ-

266 3168 386 3222 χει,
415 3148 529 3202 ἀλλ’
560 3149 920 3216 ἐγκαλεῖσθαι
951 3149 1035 3202 ὅτι
1074 3150 1131 3200 ὲν
1169 3147 1354 3219 ἡλικίᾳ
1380 3147 1607 3219 τοιαύτῃ
1659 3149 1852 3218 τηλικ-

267 3243 452 3313 αύτην
484 3239 631 3313 εἶχεν
657 3244 856 3313 ἀρχήν.
899 3241 1270 3312 Ἐχρημὰτιζε
1307 3241 1354 3294 δ’
1398 3244 1462 3294 ὲκ
1486 3243 1691 3313 τρόπου
1721 3259 1856 3296 πανο

269 3337 398 3399 τὸς,
420 3336 762 3406 ἀργυρισμοῡ
787 3334 974 3388 ἄλλοτε
997 3334 1163 3398 ἄλλας
1176 3333 1516 3406 ὲφευρίσκων
1541 3335 1733 3401 λαϐὰς,
1760 3337 1855 3388 καὶ

275 3429 524 3499 ἀζήμιος
563 3429 672 3482 τῶν
707 3428 770 3496 γέ
792 3445 845 3480 τι
873 3429 1106 3498 ιχόντων
1119 3427 1294 3490 οὐδεὶς
1316 3429 1420 3480 οὐκ
1450 3428 1610 3497 ἀνὴρ,
1630 3430 1691 3482 οὐ
1719 3430 1856 3499 γυνὴ

273 3519 703 3575 καταλέλειπτοο
764 3520 868 3574 κᾶν
916 3537 1071 3582 τινας
1130 3519 1189 3572 δὲ
1243 3517 1354 3570 τῶν
1407 3518 1857 3589 ἀφηλικεστέρων

274 3614 386 3684 ζῇν
426 3613 534 3677 εἴα,
565 3611 700 3665 ἀλλὰ
737 3612 988 3680 πατέρας
1019 3627 1080 3663 τε
1113 3611 1207 3664 καὶ
1267 3611 1554 3676 πάππου·,
1607 3613 1854 3682 μητέρας

272 3723 338 3759 τε
382 3705 667 3773 ὀνομάζων
697 3704 794 3758 καὶ
821 3703 1016 3773 τήθας,
1053 3705 1151 3757 καὶ
1197 3703 1406 3767 ζῶντας
1456 3703 1854 3773 ἐξεκαρποῦτο,

275 3803 382 3855 καὶ
413 3798 789 3854 τελευτώντων
825 3799 924 3863 τὰς
953 3799 1145 3862 οὐσίας
1183 3797 1570 3869 ἐκληρονόμει.
1626 3797 1859 3852 Ἐλάσαι

274 3894 339 3947 δὲ
407 3892 496 3944 διὰ
546 3893 646 3962 τῆς
693 3891 976 3960 θαλάσσης
1020 3891 1227 3961 τρόπον
1255 3889 1384 3942 τινὰ
1413 3890 1508 3942 καὶ
1536 3888 1861 3944 διιππεῦσαι

288 3981 637 4050 ἐπεθύμησε,
673 3983 768 4036 καὶ
807 3980 1124 4051 ἐγεφύρωσε
1153 3982 1216 4034 τὸ
1284 3979 1491 4050 μεταξὺ
1530 3979 1640 4034 τῶν
1674 3981 1865 4035 Ποτιό-

278 4072 398 4125 λων
434 4073 527 4124 καὶ
560 4071 668 4124 τῶν
693 4072 939 4126 Βαύλων.
961 4071 1036 4126 Τὸ
1063 4071 1121 4124 δὲ
1151 4073 1356 4142 χωρίον
1393 4071 1552 4124 τοῦτο
1607 4088 1863 4126 καταντια

279 4168 464 4238 πέραν
495 4167 593 4236 τῆς
627 4165 837 4228 πόλεως
875 4168 1014 4230 ἔστι,
1052 4164 1236 4235 διέχον
1272 4164 1447 4235 αὐτῆς
1494 4164 1746 4227 σταδίους
1804 4165 1862 4232 ἒξ

280 4259 386 4311 καὶ
412 4260 610 4310 εἰκοσι.
662 4259 827 4310 Ηλοῑα
866 4256 924 4309 δὲ
953 4260 1034 4319 είς
1068 4257 1171 4328 τὴν
1203 4256 1450 4327 γέφυραν
1487 4256 1558 4310 τὰ
1617 4257 1714 4326 μὲν
1765 4273 1864 4310 κα-

281 4349 652 4418 τεσκευάσθη,
697 4349 764 4400 τὰ
793 4349 848 4401 δὲ
886 4347 1170 4419 ἡθροίσθη.
1215 4347 1335 4417 Ἀφ’
1357 4339 1530 4418 οὗπερ
1583 4349 1675 4401 καὶ
1705 4348 1864 4418 λιμὸς

1957 1862 2244 1931 spasianus
2269 1861 2395 1930 :qui
2424 1877 2549 1916 cum
2580 1872 2724 1932 post.
2758 1863 3050 1932 imperium
3090 1881 3310 1935 quoque
3345 1866 3532 1922 turba.

1957 1961 2072 2008 tum
2100 1963 2156 2009 et
2186 1953 2475 2009 confusum
2507 1955 2888 2025 tranquillitati
2919 1957 3234 2010 restitutum
3265 1958 3530 2012 adornas-

1955 2053 2060 2107 set,
2123 2046 2256 2101 illud
2307 2060 2417 2100 non
2469 2047 2587 2101 sine
2641 2047 2868 2102 numine
2930 2047 3158 2110 factum,
3205 2049 3300 2104 sed
3369 2051 3530 2121 plane

1955 2139 2144 2193 civitas
2179 2138 2230 2192 ei
2277 2137 2344 2191 ad
2382 2138 2704 2209 corrigenda
2738 2139 2866 2193 vitia
2902 2140 3104 2194 tradita
3141 2155 3262 2195 esse
3309 2157 3340 2195 a
3373 2140 3528 2208 Caio,

1955 2231 2275 2301 putabatur.
2305 2232 2548 2288 Caedium
2578 2232 2793 2286 nullum
2839 2231 3076 2287 faciebat
3125 2234 3350 2288 modum
3377 2276 3390 2296 .
3428 2250 3532 2290 nec

1954 2324 2077 2394 ejus
2102 2323 2421 2379 dominatus
2451 2323 2598 2378 aliud
2630 2339 2795 2394 quam
2830 2324 3148 2381 carnificina
3179 2335 3301 2382 erat
3333 2344 3348 2384 :
3375 2337 3431 2382 et
3471 2338 3532 2383 ut

1955 2417 2102 2488 plebi
2134 2417 2282 2470 nulla
2313 2416 2366 2469 in
2401 2431 2460 2470 re
2505 2415 2938 2486 gratiﬁcabatur,
2975 2418 3055 2472 sic
3106 2417 3183 2472 illi
3231 2418 3527 2473 admodum

1957 2509 2168 2563 invisus
2198 2516 2336 2561 erat.
2369 2509 2448 2560 Ac
2495 2515 2698 2576 praeter
2735 2507 2841 2563 alia
2879 2509 3048 2563 multa
3100 2509 3248 2564 dicta
3289 2518 3344 2564 et
3389 2508 3529 2564 facta

1957 2601 2182 2654 minime
2213 2607 2386 2670 grata,
2419 2597 2556 2653 illud
2584 2599 2876 2668 aegerrime
2896 2599 3143 2664 ferebat,
3178 2599 3323 2669 quod
3360 2615 3534 2670 popu-

1956 2691 2042 2746 lus
2070 2706 2168 2760 per
2219 2689 2460 2760 speciem
2511 2689 2740 2744 honoris
2788 2690 3175 2745 acclamabat:
3214 2691 3531 2745 Adolescens

1956 2783 2212 2853 Auguste.
2246 2782 2358 2837 Nec
2390 2781 2538 2836 enim
2578 2797 2637 2836 se
2664 2781 2884 2836 felicem
2915 2782 3200 2850 praedicari
3245 2782 3528 2850 credebat,

1956 2874 2102 2944 quod
2147 2873 2472 2929 adolescens
2508 2874 2853 2944 imperaret;
2913 2870 3010 2928 se’d
3061 2874 3332 2940 accusari,
3381 2875 3530 2945 quod

1960 2968 2170 3024 tantilla
2201 2974 2361 3023 aetate
2417 2975 2626 3022 tantum
2676 2965 2966 3034 imperium
3016 2963 3309 3020 obtineret.
3352 2963 3530 3022 Pecu-

1958 3061 2103 3116 niam
2144 3061 2340 3131 quovis
2374 3059 2540 3114 modo
2561 3059 2806 3129 parabat,
2837 3057 2973 3112 alias
2997 3066 3163 3126 atque
3215 3057 3351 3113 alias
3381 3074 3532 3128 quaa-

1963 3159 2081 3206 stus
2114 3151 2430 3206 occasiones
2473 3161 2721 3221 captans,
2771 3163 2948 3219 neque
2989 3149 3278 3220 quisquam
3309 3151 3397 3206 vel
3445 3151 3534 3206 vir

1955 3244 2040 3298 vel
2077 3243 2274 3298 mulier
2309 3242 2536 3298 multam
2570 3241 2886 3311 effugiebat.
2946 3240 3101 3307 Quod
3133 3241 3179 3296 si
3220 3257 3359 3312 quos
3406 3258 3534 3312 pro-

1957 3333 2216 3388 vectioris
2247 3333 2424 3388 aetatis
2467 3333 2656 3386 vivere
2703 3331 3042 3401 patiebatur,
3101 3346 3196 3387 eos
3245 3342 3430 3401 patres
3475 3343 3536 3389 et

1958 3440 2114 3489 avos,
2145 3434 2204 3479 et
2235 3433 2436 3478 matres
2458 3431 2514 3478 et
2537 3424 2689 3477 avias
2711 3423 3056 3494 appellando,
3089 3431 3202 3479 tum
3229 3425 3532 3480 viventium

1959 3516 2140 3571 adhuc
2169 3515 2330 3570 bonis
2367 3515 2675 3579 fruebatur,
2708 3523 2821 3568 tum
2870 3514 3258 3572 defunctorum
3302 3515 3539 3571 incredi-

1961 3620 2128 3664 tatem
2159 3611 2442 3664 cernebat.
2477 3608 2614 3664 Cum
2651 3609 2702 3662 ei
2733 3607 2907 3662 libido
2943 3607 3262 3663 incessisset
3291 3609 3347 3663 in
3392 3609 3533 3665 mari

1960 3701 2144 3770 aliquo
2170 3700 2333 3754 modo
2363 3701 2648 3772 aurigandi
2691 3709 2747 3754 et
2787 3701 3109 3770 equitandi,
3147 3700 3349 3758 fretum
3386 3703 3534 3774 quod

1963 3793 2107 3846 inter
2133 3791 2392 3846 Puteolos
2423 3800 2478 3847 et
2512 3792 2708 3846 Baulos
2736 3801 2842 3858 est,
2873 3800 3040 3863 ponte
3071 3793 3274 3864 junxit.
3313 3795 3363 3849 ls
3402 3809 3532 3850 vero

1961 3885 2118 3940 locus
2145 3899 2176 3938 e
2211 3883 2432 3954 regione
2465 3883 2626 3955 556
2653 3883 2806 3939 urbis
2826 3893 2934 3951 est,
2965 3901 3017 3939 νι
3054 3895 3110 3940 et
3131 3901 3201 3940 xx
3223 3886 3417 3942 Stadiis
3461 3886 3534 3942 ab

1961 3991 2026 4031 ea
2072 3975 2302 4030 distans.
2350 3974 2431 4030 Ad
2465 3991 2591 4031 eum
2628 3984 2847 4045 pontem
2897 3991 3023 4032 cum
3068 3978 3283 4049 navigia
3334 3980 3536 4053 partim

1961 4066 2250 4134 aediﬁcata,
2284 4068 2483 4138 partim
2536 4076 2796 4123 convecta
2845 4077 3050 4135 essent,
3122 4069 3315 4142 ingens
3363 4071 3538 4129 fames

1961 4160 2019 4215 in
2050 4166 2166 4214 tota
2196 4159 2372 4226 Italia,
2416 4168 2473 4215 et
2510 4159 2696 4215 Romae
2743 4161 2798 4214 in
2845 4161 3039 4230 primis
3087 4160 3210 4216 fuit.
3251 4163 3372 4233 ipse
3403 4178 3538 4219 vero

1962 4252 2282 4314 Alexandri.
2315 4261 2376 4306 ut
2403 4251 2604 4316 aiebat,
2660 4252 2940 4306 thoracem
2997 4253 3247 4318 indutus,
3282 4266 3338 4310 et
3369 4270 3538 4324 super

1963 4361 2031 4401 eo
2072 4345 2413 4417 chlamydem
2468 4345 2697 4400 sericam
2749 4345 3012 4415 purpurei
3069 4346 3312 4412 coloris,
3363 4348 3538 4405 multo

287 4444 350 4496 ἐν
375 4459 438 4494 τε
481 4446 545 4511 τῇ
583 4441 784 4512 Ἰταλίᾳ
821 4442 916 4495 καὶ
947 4442 1004 4493 ἐν
1032 4443 1098 4510 τῇ
1144 4439 1333 4513 Ῥώμῃ
1377 4439 1610 4509 μάλιστα
1643 4440 1856 4511 ἰσχυρὸς

1967 4453 2125 4501 auro,
2177 4437 2364 4492 multis
2395 4435 2595 4490 Indicis
2637 4439 2868 4508 gemmis
2913 4445 3184 4500 ornatam,
3235 4438 3416 4509 gladio
3444 4456 3538 4496 ac~

285 4534 531 4601 ἐγένετο.
581 4532 640 4584 Ὀ
667 4532 724 4584 δὲ
761 4534 854 4584 τὸν
874 4530 967 4585 τοῦ
1011 4533 1392 4604 Ἀλεξάνδρου,
1417 4532 1494 4594 ὡς
1531 4531 1689 4601 ἔλεγε
1722 4532 1858 4603 (91),

285 4627 520 4697 θώρακα
560 4625 944 4695 ἐνδυσάμενος,
973 4625 1070 4677 καὶ
1100 4625 1186 4678 ἐπ’
1219 4626 1369 4696 αὐτῷ
1395 4623 1647 4694 χλαμύδα
1703 4639 1882 4694 σηριοξ

285 4723 394 4788 κήν
425 4717 670 4787 ἁλουργῆ
719 4717 854 4771 πολὺ
894 4717 992 4787 μὲν
1022 4717 1264 4786 χρυσίον,
1314 4716 1543 4778 πολλοὺς
1571 4715 1628 4767 δὲ
1682 4713 1863 4777 λίθους

300 4809 565 4872 Ἰνδικοὺς
593 4809 844 4879 ἔχουσαν,
878 4808 974 4861 καὶ
1035 4807 1188 4874 ξίφος
1245 4805 1717 4876 περιζωσάμενος,
1767 4803 1865 4856 καὶ

1966 4531 2180 4587 cinctus
2208 4551 2222 4585 ;
2255 4537 2584 4600 sumptoque
2615 4530 2834 4601 clypeo,
2860 4538 2916 4584 et
2944 4545 3152 4598 querna
3197 4545 3399 4586 corona
3453 4548 3538 4587 re-

1969 4622 2216 4686 dimitus,
2253 4621 2580 4676 festinanter
2613 4621 2667 4674 in
2703 4621 2896 4675 urbem
2937 4620 3091 4690 quasi
3124 4630 3315 4675 contra
3351 4621 3537 4678 hostes

1970 4727 2095 4765 cum
2147 4711 2386 4764 maxime
2416 4710 2662 4780 equitum
2693 4721 2748 4766 et
2776 4711 3019 4781 peditum
3045 4723 3383 4767 armatorum
3431 4729 3536 4768 nu-

1972 4815 2124 4855 mero
2171 4799 2421 4854 introivit
2452 4817 2466 4854 :
2503 4807 2560 4852 et
2592 4799 2717 4852 aliis
2751 4799 2802 4853 id
2837 4813 3013 4868 genus
3061 4799 3230 4853 rebus
3263 4813 3361 4868 pro
3403 4813 3538 4852 con-

288 4903 500 4956 ἀσπίδα
555 4900 760 4963 λαϐὼν,
816 4901 938 4971 δρυῒ
991 4916 1053 4951 τε
1089 4898 1607 4966 στεφανωσάμενος,
1664 4897 1856 4965 σπουδῇ

1967 4890 2124 4944 cione
2158 4888 2466 4960 gloriando,
2505 4889 2727 4943 Darium
2759 4896 2815 4943 et
2845 4890 3080 4944 Xerxem
3115 4889 3346 4954 derisit,
3393 4889 3537 4958 quod

289 4996 548 5064 καθάπερ
580 4993 674 5046 ἐπὶ
697 4993 967 5062 πολεμίαν
999 4992 1078 5054 είς
1102 4992 1202 5058 τὴν
1225 4990 1382 5042 πόλιν
1411 4989 1688 5058 εἰσήλασε,
1717 5003 1856 5055 ποιμα

1968 4983 2087 5053 ipse
2129 4983 2292 5054 longe
2327 4983 2502 5054 majus
2532 4998 2695 5051 quam
2743 4982 2823 5036 illi
2871 4995 3108 5051 spatium
3163 4982 3332 5036 maris
3375 4990 3538 5050 ponte

291 5087 518 5157 πληθετς
561 5088 750 5149 ίππεϊς
797 5102 859 5138 τε
895 5085 987 5138 καὶ
1031 5082 1228 5147 πεζοὺς
1260 5081 1636 5148 ὡπλισμένους
1666 5077 1856 5145 ἐπαγόε

1973 5083 2318 5145 occupasset.
2364 5073 2416 5130 Is
2461 5087 2681 5144 quoque
2723 5087 2861 5144 pons
2905 5073 3094 5128 multis
3141 5087 3305 5128 causa
3349 5071 3538 5125 mortis

292 5197 479 5252 μενος,
505 5182 600 5233 καὶ
638 5178 774 5232 ἄλλα
799 5179 856 5231 δέ
887 5194 1008 5230 τινα
1031 5175 1258 5228 τοιαῦτα
1288 5174 1522 5240 ποιήσας
1552 5172 1648 5224 καὶ
1671 5171 1866 5224 ἑαυτὸν

292 5272 687 5344 ἁποσεμνύνας
745 5274 805 5325 ιν
833 5269 1148 5341 δημηγορίᾳ
1175 5267 1262 5321 διὰ
1302 5267 1476 5319 ταῦτα
1528 5265 1588 5328 ἐς
1621 5263 1715 5317 τὸν
1766 5267 1867 5315 Δα-

293 5371 440 5440 ρεῖον
469 5367 568 5419 καὶ
593 5365 688 5418 τὸν
705 5364 914 5433 Ξέρξην
933 5362 1265 5415 ἀπέσκωπτε
1280 5377 1322 5423 ι,
1347 5357 1422 5420 ὡς
1459 5355 1867 5409 πολλαπλάσιον

1974 5165 2204 5219 exstitit.
2235 5163 2370 5218 Nam
2407 5162 2639 5235 pecunia
2669 5165 2724 5218 ln
2759 5177 2885 5218 eum
2920 5171 3196 5232 insumpta
3225 5162 3536 5216 innumera-

1973 5257 2091 5321 bili,
2133 5258 2296 5324 longe
2329 5257 2576 5326 pluribus
2603 5265 2826 5326 propter
2857 5257 3080 5310 uivtttas
3110 5263 3192 5309 est
3231 5251 3538 5307 insidiatus.

1976 5352 2163 5419 Itaque
2195 5349 2361 5404 .lunio
2402 5347 2591 5404 Prisco
2640 5357 2872 5417 praetore
2922 5347 3046 5401 aliis
3091 5344 3312 5414 quidem
3357 5339 3530 5395 crimi-

295 5428 330 5532 ἦ
373 5461 574 5514 ἐκεῖνοι
596 5459 692 5528 τῆς
733 5428 1011 5526 θαλάσσης
1044 5455 1243 5524 μέτρον
1265 5450 1462 5516 ζεύξας
1495 5450 1678 5511 αὐτός.
1707 5447 1856 5503 Αἰτίσ

1977 5446 2144 5500 nibus
2180 5454 2458 5509 accusato,
2507 5441 2602 5498 sed
2648 5457 2748 5511 pro
2793 5440 2962 5493 divite
3007 5435 3334 5496 interfecto;
3381 5428 3534 5485 Caius

1474 5596 1666 5656 Variae
1707 5597 2009 5656 lectiones
2044 5599 2104 5653 et
2146 5598 2335 5652 notae.

363 5723 481 5800 (9!)
526 5723 628 5791 Ὠς
656 5723 847 5792 ἔλεγε.
879 5721 1036 5776 Dion.
1069 5719 1166 5775 lib.
1196 5734 1308 5780 ιιι.
1344 5733 1402 5787 ι).
1433 5719 1561 5775 655.

622 5820 890 5878 Ρηιιοι..
939 5815 1057 5876 (in.
1097 5813 1424 5878 CXXXIV.

3101 5793 3172 5854 3:)
