3976 6204
373 228 472 292 951

1625 253 1816 314 ,ΙΟΑΝ
1826 255 1869 314 Ν
1879 255 1950 314 IS
1989 255 2310 318 ΖΟΝΑΗιΕ

3527 256 3647 325 952

367 343 514 398 tulit.
549 343 681 399 Eam
711 345 860 404 illius
889 351 996 408 sub
1025 356 1257 412 muliere
1285 367 1341 413 et
1373 359 1591 417 libertis
1621 366 1945 421 servitutem

2054 368 2203 440 λίνης
2233 373 2430 435 ποιεῖν,
2459 374 2622 443 συνῆν
2649 374 2812 444 αύτῇ,
2837 377 2911 440 ώς
2943 376 3036 430 καὶ
3080 378 3240 431 τοῦτο
3274 376 3350 430 ὕπ
3414 377 3646 430 ἐκείνου

363 433 601 526 Βοττιεηί
637 438 862 512 indigne
893 443 1167 504 ferebant.
1217 450 1378 506 Anno
1407 456 1682 522 sequenti,
1714 455 1807 526 qui
1843 458 1948 513 fuit

363 525 436 613 ab
471 525 620 583 Urbe
649 533 873 588 condita
907 539 1427 611 octingentesimus,
1461 525 1946 613 quartnmreonsul

365 612 543 671 factus
572 617 858 678 Claudius.
886 623 1101 681 Gallum
1132 631 1427 698 quemdam
1450 612 1740 692 senatoriae
1764 638 1948 708 digni-

363 705 496 761 tatis
548 710 749 778 virum,
806 719 902 784 qui
952 716 1343 792 Carthaginem
1396 726 1678 798 migrarat,
1713 705 1946 801 propere

361 799 674 865 accersivit,
717 819 958 876 eumque
1010 825 1070 866 se
1116 816 1304 870 aureis
1357 799 1725 888 compedibus
1750 799 1943 894 all—iga-

361 895 547 943 turum
575 893 876 961 professus,
921 899 1191 971 dignitate
1236 905 1440 963 tributa
1476 908 1680 976 cfl‘ecit,
1715 929 1786 968 ne
1823 893 1946 970 loco

363 993 424 1032 se
459 995 727 1045 moveret.
760 985 898 1043 Cum
931 992 1234 1062 aliquando
1267 996 1480 1056 insidiae
1508 1003 1556 1056 ei
1589 1003 1820 1062 detecta:
1860 1023 1949 1062 es'

364 1079 510 1134 sent,
550 1089 676 1130 eum
701 1080 798 1147 qui
845 1081 1061 1138 delatus
1095 1097 1238 1153 erat,
1264 1094 1630 1163 contempsit:
1703 1113 1805 1153 nec
1841 1099 1949 1155 ulla

363 1164 485 1233 ejus
512 1168 724 1224 ratione
753 1171 939 1229 habita
968 1177 1106 1232 dixit
1131 1197 1145 1234 :
1183 1180 1419 1237 Pulicem
1453 1200 1557 1239 non
1591 1189 1769 1244 eodem
1797 1192 1950 1246 modo

363 1271 468 1323 quo
497 1259 753 1327 belluam,
801 1281 911 1320 esse
963 1269 1340 1328 ulciscendum.
1408 1277 1560 1334 Alios
1587 1296 1718 1336 vero
1745 1283 1950 1339 multos

361 1348 434 1403 ob
462 1350 773 1411 Messalinae
799 1359 1244 1434 criminationes,
1272 1367 1579 1426 Asiaticum
1609 1373 1739 1428 item
1770 1386 1827 1430 et
1852 1391 1950 1446 ge-

359 1454 556 1496 nerum
585 1444 837 1517 Magnum
888 1452 1169 1513 interfecit
1197 1478 1210 1515 :
1265 1460 1420 1516 illum
1451 1475 1679 1535 propter
1703 1444 1947 1538 divitias,

360 1531 510 1590 hunc
534 1536 605 1591 ob
625 1554 800 1610 genus
819 1554 878 1599 et
907 1546 1254 1616 affinitatem,
1286 1553 1437 1621 licet,
1458 1531 1681 1613 iob—alia
1711 1531 1949 1617 crimina

360 1624 603 1684 damnati
683 1632 914 1693 fuerint.
964 1639 1102 1696 Cum
1161 1645 1321 1700 multi
1383 1649 1530 1705 servi
1587 1661 1944 1723 aegrotantes,

2051 463 2499 534 κεκελευσμένος.
2550 466 2722 521 Τοῦτο
2746 469 2802 522 δὲ
2849 471 2940 522 καὶ
2971 470 3107 541 πρδς
3134 470 3364 540 συχνοὺς
3404 469 3646 537 ἐτέρους

2048 555 2242 610 ἐποίει.
2283 557 2370 620 Ὠς
2396 558 2504 628 γάρ
2535 558 2736 625 είδότος
2759 560 2852 614 τοῦ
2872 561 3067 633 ἁνδρδς
3089 562 3260 632 αὐτῆς
3292 563 3383 614 καὶ
3411 578 3650 629 συγχω-

2051 648 2271 718 ροῦντος
2303 651 2722 706 ἀκολασταίνειν
2753 654 2889 724 αὐτῇ
2931 655 3271 724 ἐμοιχεύετο.
3304 654 3548 714 Βινίκιος
3573 650 3648 705 δι

2047 741 2131 793 ὅτι
2162 739 2236 809 μὴ
2262 739 2528 810 ἠθέλησεν
2579 742 2719 812 αὐτῇ
2779 743 3168 810 συγγενέσθαι,
3221 744 3502 813 φαρμάκῳ
3535 739 3650 793 ὑπ’

2051 831 2222 900 αὐτῆς
2245 830 2537 903 διεφθάρη.
2566 831 2874 901 Ἥσχαλλον
2906 833 2962 885 δὲ
3001 835 3050 885 oi
3093 832 3378 901 Ῥωμαῖοι,
3405 829 3654 884 δουλεύ-

2019 935 2180 976 “οντα
2212 923 2376 976 αὑτὸν
2411 927 2476 994 τῇ
2513 925 2737 991 γυναικὶ
2766 923 2862 977 καὶ
2893 925 3008 986 τοῖς
3033 921 3414 990 ἀπελευθέροις
3447 919 3651 990 δρῶν-

2050 1031 2162 1075 τες.
2188 1015 2278 1084 Τῷ
2303 1015 2349 1067 δ’
2372 1016 2496 1084 egi);
2521 1018 2753 1089 ἐνιαυτῷ
2774 1016 3178 1086 όκτακοσιοστῷ
3201 1017 3309 1070 ἔτει
3333 1019 3398 1086 τῇ
3429 1015 3653 1086 Ῥώμῃ

2051 1107 2184 1172 δντι,
2235 1107 2297 1162 τὺ
2356 1112 2616 1181 τέταρτον
2666 1112 2943 1165 ὑπάτευσε
2995 1110 3281 1174 Κλαύδιος,
3303 1110 3391 1163 ὅτε
3419 1108 3654 1161 Γάλλον

2049 1197 2171 1250 τινὰ
2211 1198 2498 1267 βουλεῦσαι
2549 1200 2870 1271 δυνάμενον,
2926 1203 3007 1265 είς
3043 1201 3101 1256 δὲ
3154 1201 3257 1270 τὴν
3299 1197 3652 1269 Καρχηδόνα

2051 1287 2434 1360 ἐξοικήσαντα,
2465 1291 2672 1361 σπουδῇ
2705 1291 3122 1363 μετεπέμψατο,
3157 1290 3330 1344 εἰπὼν
3364 1291 3449 1343 ὃτι
3477 1289 3651 1356 Χρυ-

2052 1381 2174 1442 σαῖς
2206 1396 2265 1432 σε
2298 1379 2490 1444 πέδαις
2536 1379 2684 1452 δήσω
2705 1397 2719 1413 ο
2751 1383 2847 1436 καὶ
2881 1383 3026 1436 οὕτω
3051 1380 3132 1452 τῷ
3159 1379 3430 1450 ἀξιώματι
3458 1378 3648 1447 πεδη-

2053 1471 2169 1535 θεὶς
2196 1472 2339 1527 κατά
2387 1473 2572 1545 χώραν
2613 1475 2855 1545 ἔμεινεν.
2917 1473 3242 1544 Ἑπιϐουλῆς
3289 1473 3347 1526 δέ
3373 1488 3522 1533 τινος
3550 1469 3648 1539 τῷ

2049 1566 2308 1637 Κλαυδίῳ
2346 1567 2705 1638 μηνυθείσης,
2741 1568 3120 1638 κατεφρόνησε
3142 1565 3235 1619 τοῦ
3269 1564 3647 1635 μηνυθέντος,

2051 1660 2146 1712 καὶ
2183 1661 2240 1712 ἐν
2270 1659 2448 1712 οὐδενὶ
2473 1658 2618 1731 λόγῳ
2655 1660 2819 1714 αὑτὸν
2851 1659 3169 1729 ἐποιήσατο,
3204 1657 3374 1711 εἰπὼν
3399 1657 3483 1710 ὅτι
3502 1657 3650 1722 οὐχ

361 1722 523 1791 plane
553 1741 583 1781 ι
615 1728 856 1789 dominis
888 1736 1150 1807 neglecti,
1177 1741 1388 1798 aedibus
1415 1722 1756 1814 ejicerentu'r
1787 1767 1802 1804 :
1848 1764 1948 1806 eos

2054 1747 2268 1817 ὁμοίως
2310 1746 2408 1802 δεῖ
2447 1722 2703 1817 ψύλλαν
2726 1750 2828 1802 καὶ
2862 1722 3074 1816 θηρίον
3122 1749 3475 1817 ἀμύνεσθαι.
3509 1745 3657 1798 Ἀλ-

359 1829 554 1874 omnes
602 1823 695 1888 qui
745 1825 1036 1882 sanitatem
1090 1845 1533 1903 recuperassent,
1586 1837 1792 1895 liberos
1821 1855 1945 1897 esse

358 1906 480 2004 lege
520 1909 628 1966 lata
673 1914 858 1984 jussit.
903 1919 1104 1990 Nepoti
1155 1939 1222 1979 ex
1271 1928 1721 2004 Antonia'564
1754 1933 1862 1988 filia
1891 1942 1947 1990 et

358 1997 620 2058 Cornelio
657 2005 859 2063 Fausto
888 2010 1033 2084 Sylla
1077 2025 1226 2078 nato,
1257 2020 1347 2074 cui
1380 2031 1502 2091 post
1529 1997 1711 2094 magni
1739 2026 1945 2082 cedem

357 2106 646 2164 nupserat,
683 2099 821 2154 nihil
853 2103 1077 2160 decerni
1108 2124 1304 2177 passus
1327 2121 1430 2168 est.
1458 2113 1661 2169 Verum
1684 2132 1795 2187 quo
1827 2118 1946 2189 ipse

359 2187 724 2254 moderatius.
753 2207 820 2248 eo
847 2211 904 2250 se
933 2197 1223 2254 Messalina
1247 2213 1304 2257 et
1327 2203 1514 2260 liberti
1551 2206 1672 2276 ejus
1703 2187 1949 2264 insolen-

2048 1840 2175 1904 λους
2206 1841 2263 1896 δέ
2301 1841 2529 1908 πολλοὺς
2567 1843 2961 1909 διαϐληθέντας
3008 1841 3113 1897 ύπδ
3159 1843 3258 1911 τῆς
3281 1840 3653 1908 Μεσσαλίνης

2045 1935 2140 1987 καὶ
2160 1934 2576 1990 τὸνἌσιατικδν
2607 1937 2699 1989 καὶ
2729 1937 2820 1990 τὸν
2851 1935 3100 2007 γαμϐρὸν
3125 1936 3217 1988 τὸν
3242 1935 3462 2000 Μάγνον
3495 1933 3652 1984 άπέο

2043 2043 2226 2080 κτεινε
2254 2044 2267 2058 ·
2289 2026 2378 2081 τὸν
2399 2026 2500 2098 μὲν
2518 2027 2828 2082 Ἀσιατικὸν
2844 2027 2933 2081 διὰ
2951 2027 3048 2096 τὴν
3063 2025 3272 2090 οὐσίαν,
3287 2025 3376 2078 τὸν
3391 2025 3445 2076 δέ
3468 2023 3652 2090 Μάγ-

2044 2135 2137 2174 νον
2175 2119 2264 2172 διά
2294 2119 2354 2172 τὸ
2380 2119 2538 2187 γένος
2565 2121 2659 2173 καὶ
2685 2119 2745 2172 τὸ
2777 2119 2935 2183 κῦδος
2969 2119 3104 2187 (97).
3148 2119 3422 2172 Ἑάλωσαν
3443 2115 3652 2186 μέντοι

2047 2213 2122 2278 ὼς
2147 2211 2235 2265 ἐπ’
2254 2212 2436 2277 ἄλλοις
2465 2214 2626 2268 τισίν.
2658 2213 2811 2267 Ἐπεὶ
2827 2213 2882 2266 δὲ
2913 2212 3143 2275 πολλοὺς
3171 2209 3389 2273 δούλους
3417 2206 3656 2261 νοσοῦν-

362 2276 475 2332 tius
505 2293 828 2350 gesserunt:
855 2302 1091 2357 quorum
1118 2300 1228 2346 tres
1248 2294 1592 2363 potissimum
1623 2309 1949 2368 potestatem

2054 2276 2148 2367 τας
2194 2303 2332 2374 (98),
2362 2305 2622 2375 οὐδεμιᾶς
2673 2305 2980 2377 θεραπείας
3015 2303 3065 2357 οί
3115 2302 3373 2356 δεσπόται
3423 2299 3652 2371 ἠξίουν,

359 2368 505 2425 inter
535 2387 655 2428 sese
683 2377 872 2445 partiti
906 2391 1100 2436 erant:
1129 2383 1386 2465 Callistus
1409 2390 1716 2458 supplicum
1741 2391 1949 2447 libello-

2054 2368 2210 2452 diu.
2242 2368 2338 2452 κάλ
2379 2368 2504 2451 τῶν.
2529 2368 2722 2452 οἰκιῶν
2743 2368 2755 2377 ’
2782 2397 3043 2464 ἐξώθουν,
3073 2368 3457 2465 ἐνομοθέτησε,
3492 2391 3653 2444 πάν-

359 2475 482 2515 rum
515 2467 778 2536 magister
805 2487 819 2536 ;
853 2469 1142 2530 Narcissus
1164 2457 1526 2547 ab’epbtolis,
1552 2498 1659 2551 qua
1691 2482 1758 2538 de
1792 2498 1949 2540 causa

2054 2505 2149 2551 τας
2173 2488 2301 2554 τοὺς
2359 2491 2424 2544 ἐκ
2468 2489 2728 2544 τοιούτων
2777 2490 3263 2560 περιγενομένους,
3310 2484 3653 2555 ἐλευθέρους

358 2556 599 2626 pugione
629 2563 914 2619 accinctus
949 2577 1088 2632 erat,
1141 2577 1198 2623 et
1227 2569 1406 2626 Pallas
1447 2573 1563 2630 fisci
1600 2575 1909 2645 praefectus.

2057 2575 2220 2636 εἶναι.
2261 2581 2621 2652 Γεννηθέντος
2651 2582 2711 2636 δέ
2741 2583 2791 2635 οἱ
2839 2556 3065 2651 ἐγγόνου
3107 2581 3171 2632 ἐκ
3205 2578 3304 2648 τῆς
3335 2575 3654 2638 Ἀντωνίας

355 2647 457 2716 τῆς
486 2649 776 2722 ίἒυγατρδς,
813 2657 881 2727 ἣν
920 2659 1194 2734 Κορνιλίῳ
1212 2661 1442 2736 Φαύστῳ
1475 2666 1650 2738 Σύλλᾳ
1688 2668 1903 2739 ἀδελφῷ
1933 2672 2031 2743 τῆς
2066 2647 2552 2746 Μεσσαλίνηςτδντι
2604 2677 2744 2745 μετὰ
2790 2647 2892 2728 τὸν*
2921 2647 3155 2741 Μάγνου
3205 2647 3484 2740 συνῴκησε
3531 2666 3649 2720 θά-

355 2758 546 2814 νατον,
591 2747 742 2801 οὐδὲν
814 2751 997 2821 ἀφῆκε
1043 2754 1409 2828 ψηφισθῆναι,
1449 2763 1856 2833 μετριοφρονῶν
1889 2765 1954 2819 Ἦ
2001 2766 2057 2822 δέ
2090 2769 2407 2823 Μεσσαλίνα
2452 2769 2549 2823 καὶ
2591 2769 2644 2822 οἱ
2699 2766 3035 2837 ἐξελεύθεροι
3079 2763 3247 2819 αὐτοῦ
3292 2762 3654 2829 ἐξώγκωντο⁶

355 2831 498 2904 ἦσαν
557 2837 613 2890 δέ
679 2841 832 2910 τρεῖς
881 2843 930 2896 οἱ
1005 2847 1242 2914 μάλιστα
1295 2849 1356 2902 τὸ
1407 2831 1608 2920 κράτος
1657 2831 2021 2924 διειληφότες·
2070 2858 2098 2911 ὃ
2138 2874 2197 2912 τε
2248 2859 2569 2926 Κάλλιστος,
2618 2857 2678 2924 ὃς
2724 2831 2819 2911 ἐπὶ
2870 2831 2989 2920 ταῖς
3043 2855 3246 2927 βίϐλοις
3293 2851 3398 2905 τῶν
3461 2848 3653 2913 ἀξιώ-

359 2946 497 2984 σεων
561 2932 840 2988 ἐτέτακτο·
924 2938 1018 2991 καὶ
1067 2939 1095 2992 ό
1151 2940 1487 3011 Νάρκισσος,
1527 2943 1586 3008 ὃς
1655 2945 1764 3000 τῶν
1833 2949 2135 3003 ἐπιστολῶν
2199 2951 2510 3019 ἐπεστάτει,
2557 2951 2640 3005 διὸ
2681 2952 2778 3005 καὶ
2829 2949 3152 3021 ἐγχειρίδιον
3225 2943 3650 3014 παρεξῶννυτο⁶

356 3028 453 3082 καὶ
527 3032 554 3082 ὁ
621 3030 854 3096 Πάλλας,
902 3025 947 3100 ᾧ
1005 3036 1038 3106 ἠ
1095 3036 1207 3090 τῶν
1261 3039 1562 3110 χρημάτων
1607 3041 1873 3113 διοίκησις
1926 3045 2354 3116 ἐμπεπίστευτο.

431 3124 500 3179 Χ.
542 3125 835 3182 Messalina
864 3144 999 3185 vero
1029 3130 1322 3190 adulteriis
1353 3152 1461 3190 non
1509 3147 1792 3202 contenta,
1825 3155 1944 3192 ma-

2119 3143 2176 3198 l'.
2220 3145 2283 3198 'H
2307 3145 2362 3199 δὲ
2383 3142 2701 3199 Μεσσαλίνα
2735 3140 2810 3213 μὴ
2830 3137 3150 3210 άρκουμὲνη
3179 3137 3262 3190 ὅτι
3291 3132 3646 3204 ἐμοιχεύετο,

359 3218 498 3273 ritos
529 3233 750 3288 quoque
781 3221 985 3276 multos
1021 3222 1226 3279 habere
1273 3228 1633 3298 concupivit:
1667 3245 1731 3285 ac
1758 3232 1942 3286 omni-

358 3306 466 3362 bus
490 3307 606 3362 suis
633 3310 976 3366 amatoribus
1012 3315 1312 3384 nupsisset,
1356 3318 1560 3374 tabulis
1589 3323 1942 3393 conscriptis,

358 3402 468 3458 nisi
521 3402 575 3457 in
628 3405 822 3474 primis
872 3408 1085 3478 nuptiis
1123 3411 1470 3480 deprehensa
1500 3415 1775 3483 periisset.
1809 3418 1946 3472 Nam

359 3496 492 3551 dum
529 3497 824 3555 (Ἀδδεί-ἰωή
863 3516 1057 3558 omnes
1083 3519 1206 3558 cum
1236 3521 1301 3561 ea
1332 3509 1773 3574 consentiebant,
1807 3511 1946 3566 nihil

360 3606 476 3644 non
529 3591 597 3646 de
640 3594 922 3649 communi
976 3597 1254 3652 sententia
1299 3599 1615 3670 gerebatur.
1648 3603 1947 3675 Postquam

359 3698 497 3738 vero
532 3684 850 3755 Polybium,
907 3688 1161 3758 quamvis
1187 3690 1306 3760 ejus
1338 3692 1504 3747 etiam
1543 3697 1948 3752 consuetudine

361 3785 637 3841 uteretur,
675 3793 772 3847 per
799 3779 1130 3835 calumniam
1161 3782 1538 3848 interfecerat,
1588 3789 1812 3843 nemine
1835 3790 1946 3859 jam

361 3869 412 3922 ei
448 3867 610 3923 fidem
665 3869 926 3934 habente,
974 3871 1043 3926 ab
1072 3889 1265 3930 eorum
1315 3867 1700 3934 benevolentia
1729 3879 1949 3936 deserta

361 3960 556 4030 periit.
599 3960 737 4016 Nam
773 3976 900 4016 cum
955 3963 1016 4020 C.
1053 3965 1273 4033 Silium,
1309 3967 1428 4024 Silii
1462 3987 1492 4027 a
1521 3969 1746 4028 Tiberio
1777 3973 1952 4028 inter-

361 4052 495 4108 fecti
553 4053 750 4119 filium,
799 4057 1058 4111 maritum
1109 4059 1213 4114 sibi
1267 4061 1664 4132 ascripsisset,
1727 4068 1956 4138 nuptias

363 4146 676 4216 magnificis
703 4148 885 4218 epulis
907 4149 1228 4218 celebravit,
1269 4165 1326 4208 et
1355 4155 1502 4211 aedes
1532 4156 1609 4210 illi
1643 4158 1823 4228 regias
1855 4161 1955 4217 do-

365 4238 538 4300 mvit,
571 4238 624 4292 in
662 4254 801 4309 quas
831 4241 1233 4310 pretiosissima
1281 4261 1514 4318 qumque
1536 4247 1750 4305 Claudii
1785 4267 1951 4308 orna-

365 4342 554 4387 menta
581 4343 973 4404 congesserat:
1029 4337 1248 4392 tandem
1280 4343 1446 4394 etiam
1480 4343 1764 4399 consulem
1797 4345 1952 4401 illum

366 4424 696 4494 designavit.
747 4426 880 4494 Quae
929 4444 1053 4484 cum
1094 4440 1222 4486 nota
1263 4442 1454 4488 essent
1503 4437 1742 4502 caeteris,
1789 4437 1954 4493 Clau-

367 4516 522 4570 dium
565 4518 832 4575 latebant.
891 4519 996 4576 Sed
1052 4523 1347 4580 Narcissus
1390 4525 1690 4596 aliquando
1721 4545 1952 4602 peregre

369 4611 613 4673 absenti,
656 4611 726 4666 ab
774 4627 951 4682 eaque
1002 4625 1217 4671 remoto
1264 4634 1364 4688 per
1394 4623 1736 4678 concubinas
1769 4625 1955 4680 omnia

366 4701 715 4770 significavit.
747 4703 936 4772 itaque
966 4705 1192 4761 Romam
1227 4724 1504 4775 reversus,
1539 4721 1597 4767 et
1643 4713 1783 4770 alios
1811 4715 1956 4768 mul-

368 4805 457 4848 tos
487 4835 502 4860 ,
551 4804 609 4850 et
657 4794 987 4851 Mnesterem
1033 4799 1349 4855 saltatorem
1403 4804 1702 4860 interfecit.
1748 4807 1958 4863 Deinde

369 4885 490 4955 ipsa
525 4901 747 4957 quoque
779 4888 1070 4944 Messalina
1099 4892 1414 4958 interfecta,
1448 4896 1804 4968 Agrippinam
1844 4899 1957 4953 fra-

370 4978 473 5033 tris
515 4978 703 5044 filiam,
741 4980 1068 5037 libertorum
1102 4983 1344 5052 impulsu
1377 4985 1555 5052 duxit,
1599 4987 1750 5057 quod
1781 4988 1952 5042 filium

370 5071 674 5126 Domitium
720 5073 836 5142 jam
882 5089 1024 5143 pene
1079 5076 1346 5144 puberem
1378 5077 1633 5143 haberet,
1688 5095 1852 5150 quem
1898 5080 1956 5135 in

371 5178 524 5232 spem
557 5165 707 5234 regni
757 5165 991 5229 alerent,
1045 5182 1113 5220 ne
1148 5167 1466 5223 Britannico
1495 5184 1688 5224 necem
1742 5171 1953 5235 matris,

372 5251 618 5324 ipsorum
663 5272 830 5326 opera
882 5258 1204 5321 interfectae,
1257 5259 1443 5314 ultnro
1499 5276 1690 5330 pmnas
1736 5262 1958 5319 darent.

373 5348 606 5404 Decreto
649 5351 762 5420 jam
815 5352 1094 5423 conjugio,
1145 5351 1416 5408 Sillanum
1478 5355 1758 5423 timentes,
1791 5358 1884 5426 qui
1929 5373 1959 5412 α

2049 3239 2368 3310 ἐπεθύμησε
2394 3240 2488 3294 καῖ⁵
2519 3236 2718 3308 ἄνδρας
2741 3234 2969 3297 πολλοὺς
2999 3231 3166 3302 ἔχειν,
3197 3230 3288 3282 καὶ
3317 3225 3649 3297 συνῴκησεν

2049 3333 2116 3387 ἂν
2145 3334 2282 3387 πᾶσι
2304 3334 2418 3396 τοῖς
2450 3333 2588 3402 αὐτῇ
2639 3327 2944 3402 χρωμένοις
2989 3323 3130 3396 μετὰ
3185 3319 3554 3391 συμϐολαίων,
3586 3319 3648 3373 ει

2055 3426 2130 3499 μὴ
2153 3429 2210 3480 ἐν
2238 3424 2317 3496 τῷ
2347 3422 2550 3496 πρώτῳ
2581 3423 2900 3494 φωραθεῖσα
2919 3417 3188 3472 ἀπώλετο.
3224 3415 3366 3476 Ἕως
3402 3414 3503 3482 μὲν
3523 3412 3650 3482 γάρ

2051 3520 2102 3572 oi
2138 3517 2460 3587 Καισάρειοι
2484 3516 2682 3578 πάντες
2703 3512 2977 3584 ὡμονόουν
3004 3510 3165 3578 αὐτῇ,
3203 3506 3355 3560 οὐδὲν
3384 3500 3450 3574 ἦν
3480 3503 3512 3556 δ
3534 3503 3650 3558 οὒκ

2052 3614 2162 3668 ἀπὸ
2192 3612 2378 3682 κοινῆς
2410 3609 2638 3679 γνώμης
2667 3606 2910 3660 ἐποίουν.
2952 3601 3111 3657 Ἐπεὶ
3137 3599 3194 3653 δέ
3216 3597 3307 3651 τὸν
3342 3595 3643 3660 Πολύϐιον,

2053 3704 2231 3757 καίτοι
2255 3699 2495 3770 κάκείνῳ
2512 3696 2908 3767 πλησιάζουσα,
2931 3691 3143 3746 διέϐαλε
3168 3689 3264 3742 καὶ
3285 3687 3642 3742 ἀπέκτεινεν⁹

2052 3796 2234 3851 οὐκέτ’
2258 3795 2393 3864 αὐτῇ
2424 3793 2734 3851 ἐπίστευον,
2761 3787 2857 3840 καὶ
2881 3781 3236 3855 ἐρημωθεῖσα
3261 3779 3358 3849 τῆς
3385 3775 3517 3844 παρ’
3537 3775 3649 3830 αύ-

2051 3891 2160 3945 τῶν
2185 3886 2400 3949 εὐνοίας
2433 3883 2673 3954 ἐφθάρη.
2707 3881 2813 3934 Τὸν
2839 3880 2952 3949 γὰρ
3004 3877 3184 3930 mm
3213 3873 3305 3926 τὸν
3360 3871 3520 3924 Γάϊον
3546 3869 3644 3921 τὸν

2052 3979 2147 4034 τοῦ
2171 3978 2352 4032 Σιλίου
2371 3975 2464 4031 τοῦ
2491 3975 2597 4028 ὑπὸ
2658 3970 2914 4040 Τιϐερίου
2965 3965 3265 4036 σφαγέντος
3317 3963 3430 4014 υἱὸν
3461 3957 3641 4028 ἄνδρα

2055 4069 2430 4140 ἐπεγράψατο,
2451 4067 2544 4120 καὶ
2571 4064 2698 4126 τούς
2731 4080 2791 4116 τε
2816 4061 3031 4130 γάμους
3056 4052 3366 4115 πολυτελῶς
3393 4048 3642 4105 εἱστίασε

2056 4164 2152 4218 καὶ
2174 4161 2354 4216 οἰκίαν
2386 4158 2537 4231 αύτῷ
2567 4155 2854 4228 βασιλικὴν
2881 4151 3200 4224 ἐχαρίσατο,
3252 4147 3432 4200 πάντα
3456 4144 3528 4198 τά
3558 4161 3642 4196 τιο

2059 4250 2307 4324 μιώτατα
2341 4249 2448 4303 τῶν
2483 4247 2580 4302 τοῦ
2602 4244 2870 4299 Κλαυδίου
2900 4239 3201 4337 κειμηλίων
3226 4236 3642 4337 ,συμφορῇ-σασα

2058 4347 2138 4409 εἰς
2167 4345 2362 4414 αὐτὴν,
2385 4342 2480 4394 καὶ
2509 4339 2663 4400 τέλος
2697 4336 2902 4390 ὕπατον
2936 4333 3100 4386 αὑτὸν
3133 4331 3402 4399 ἀπέφηνε.
3451 4327 3643 4380 Ταῦτα

2055 4437 2191 4497 δῆὶα
2218 4439 2327 4498 τοῖς
2350 4433 2528 4494 ἄλλοις
2557 4431 2688 4484 ὄντα
2707 4430 2797 4482 τὸν
2823 4425 3093 4481 Κλαύδιον
3125 4423 3435 4476 ἐλάνθανεν.
3476 4419 3642 4471 ’Δπο-

2057 4529 2318 4600 δημοῦντι
2347 4527 2402 4580 δέ
2436 4541 2565 4579 ποτε
2611 4521 2760 4592 αύτῷ
2791 4522 2884 4575 καὶ
2935 4517 3226 4590 μονωθέντι
3268 4516 3298 4568 ό
3325 4514 3642 4584 Νάρκισσος

2063 4624 2256 4696 μηνύει
2283 4623 2461 4676 πάντα
2485 4618 2572 4673 διά
2601 4615 2708 4668 τῶν
2737 4611 3033 4667 παλλακῶν
3061 4610 3128 4663 τὰ
3157 4608 3439 4676 γινὸμενα.
3458 4603 3642 4708 ς’ὶοθεν

2059 4719 2138 4780 εἰς
2185 4713 2283 4784 τὴν
2344 4711 2562 4779 Ῥώμην
2604 4705 2896 4774 ἐπανῆλθε,
2936 4702 3028 4755 καὶ
3076 4699 3266 4798 ἄλλους
3295 4714 3356 4749 τε
3385 4699 3638 4798 ’ξολλοίθςς

2060 4809 2157 4862 καὶ
2199 4806 2291 4860 τὸν
2344 4802 2622 4874 ὀρχηστὴν
2671 4796 2974 4888 Μνηστῆρα
3019 4789 3642 4888 ἐφόνευσα-καὶ.

2059 4897 2221 4949 τοῦτο
2255 4895 2348 4946 καὶ
2380 4890 2550 4962 αὐτὴν
2573 4888 2673 4954 τὴν
2702 4884 3048 4940 Μεσσαλίναν
3079 4879 3418 4948 ἀπέσφαξεν.
3464 4877 3643 4928 Ἐκιί-

2060 5007 2159 5059 νης
2205 4988 2252 5041 δ’
2303 4984 2450 5038 οὓτω
2502 4979 2922 5050 διαφθαρείσης,
2985 4975 3085 5045 τὴν
3153 4971 3522 5041 ’Λγριππίναν
3541 4969 3642 5038 τὴν

2063 5078 2350 5148 ἀδελφιδῆν
2374 5075 2551 5144 ἔγημε
2579 5071 2782 5140 σπουδῇ
2813 5069 2921 5120 τῶν
2975 5063 3409 5162 άπελευθέρωνἎ
3434 5062 3517 5162 ὅτι
3548 5059 3643 5111 τὸν

2065 5172 2314 5240 Δομίτιον
2336 5170 2393 5230 ἐς
2420 5165 2730 5239 προσήϐους
2754 5162 2853 5233 ἤδη
2881 5158 3140 5212 τελοῦντα
3161 5151 3317 5250 εἶχενΔ
3336 5151 3644 5250 mem-6‘qu

2067 5241 2290 5332 ἔφεδρον
2342 5259 2503 5314 αὑτὸν
2537 5259 2608 5328 τῇ
2648 5252 2790 5326 ἀρχῇ
2835 5253 3148 5324 τρέφοντες,
3198 5247 3366 5320 μηδὲν
3392 5244 3498 5298 ὑπὸ
3543 5241 3643 5296 τοῦ

2072 5353 2435 5427 Βρεττανικοῦ
2468 5349 2938 5411 δεινδνπάθωσιν,
2970 5347 3044 5408 ὼς
3091 5343 3190 5414 τὴν
3215 5341 3392 5425 ..αὐτοῦ
3427 5342 3646 5412 μητέρα

1575 5499 1772 5560 Varia:
1805 5499 2108 5561 lectiones
2154 5506 2214 5562 et
2247 5504 2438 5559 notm.

449 5622 561 5692 (97)
594 5627 696 5701 Καὶ
727 5627 1151 5701 τὸ-κῆδος.νῐιξι
1196 5643 1328 5701 mss.
1381 5629 1614 5684 Wolfius
1659 5629 1952 5701 legendum

377 5701 533 5761 putat
556 5693 730 5759 κῦδος,
753 5693 1003 5767 gfariam.
1036 5699 1142 5754 Sed
1171 5699 1306 5753 nihil
1341 5701 1690 5756 mutandum.

2135 5629 2246 5697 (98)
2287 5629 2551 5690 Δούλοιρς
2583 5626 2940 5688 νοσοῦντας.
2981 5625 3112 5679 Vide
3141 5623 3322 5679 Gloss.
3353 5622 3496 5678 med.
3519 5620 3639 5676 Lat.

2063 5701 2120 5755 in
2160 5717 2210 5755 ν.
2254 5700 2611 5756 Man-amissio
2628 5699 2734 5755 sub
2768 5697 2952 5752 finem.
