3976 6204
315 250 422 317 953

1563 252 1971 319 ANNALIUM
2008 256 2157 325 LIB.
2201 260 2309 327 XI.

3459 269 3568 336 956

313 362 414 433 τὴν
436 358 780 416 Μεσσαλῖναν
808 358 1164 433 ἀναιρεθῆναι
1184 360 1533 435 ποιήσαντες.
1561 362 1883 433 Δεδογμένου

1993 365 2226 446 Claudio
2256 380 2317 427 ut
2347 371 2431 428 vir
2479 371 2658 431 bonus
2682 373 3085 440 bonorabatur,
3130 393 3235 434 nec
3264 394 3374 434 non
3406 379 3569 436 Octa-

312 454 368 507 εδ
402 453 506 524 ἢδη
540 452 638 507 τοῦ
694 452 896 523 γάμου,
949 452 1227 518 δείσαντες
1275 455 1366 509 τὸν
1420 456 1641 508 Σιλανὸν
1668 455 1773 507 ὑπὸ
1797 452 1893 506 τοῦ

1994 461 2138 516 viam
2188 462 2354 519 tiliam
2400 465 2524 535 ejus
2574 465 2785 523 Sillano
2831 466 3186 538 desponsam.
3251 470 3569 541 Agrippinae

312 542 584 597 Κλαυδίου
615 542 926 612 τιμώμενον
975 542 1050 607 ὡς
1103 542 1273 615 ἄνδρα
1299 543 1518 612 ἀγαθὸν,
1560 543 1679 614 ἅμα
1708 544 1765 597 δὲ
1797 543 1883 596 καί

1995 551 2109 609 filio
2154 555 2396 611 Domitio
2443 558 2555 625 jam
2593 566 2720 615 ante
2751 559 3127 616 deetinantes:
3176 560 3407 616 Claudio
3443 578 3569 631 per-

310 638 415 709 τὴν
447 634 746 691 ὀκταϐίαν
773 634 873 706 τὴν
903 635 1183 708 θυγατέρα
1217 635 1406 701 αὑτοῦ,
1430 636 1509 707 τῷ
1534 637 1632 704 τῆς
1658 635 1890 707 Ἀγριπ-

311 729 477 798 πίνης
506 726 609 797 υἱῷ
640 726 719 799 τῷ
738 726 976 799 Δομιτίῳ
1007 731 1414 800 προμνώμενοι,
1476 727 1893 800 ἐγγεγυημένην

309 819 391 890 τῷ
417 818 646 889 Σιλανῷ,
675 819 922 873 πείθουσι
947 819 1039 875 τὸν
1060 820 1347 886 Κλαύδιον,
1371 822 1447 884 ὠς
1469 818 1893 875 ὲπιϐυυλεύοντά

308 912 363 965 οί
391 911 486 964 τὸν
546 911 770 965 Σιλανὸν
829 912 1177 971 ἀποκτεῖναι.
1232 914 1535 985 Γενομένου
1578 914 1634 968 δέ
1674 915 1888 979 τούτου,

307 1003 507 1073 λόγους
536 1004 595 1056 έν
620 1005 689 1075 τῇ
721 1003 884 1077 βουλῇ
911 1006 940 1058 6
967 1005 1275 1069 Οὐϊτέλλιος
1302 1002 1618 1078 ἐποιήσατο,
1642 1008 1726 1061 δτι
1753 1025 1891 1078 συμ-

309 1097 472 1166 φέρει
534 1098 613 1167 τῷ
664 1099 850 1167 κοινῷ,
908 1099 1089 1168 γῆμαι
1136 1098 1229 1153 τὸν
1289 1100 1579 1154 Κλαύδιον.
1640 1099 1745 1153 Καὶ
1791 1099 1890 1171 τὴν

310 1186 691 1258 ’Δγριππίναν
711 1187 1021 1257 ἐπιτηδείαν
1042 1189 1123 1253 είς
1147 1188 1307 1244 τοῦτο
1328 1189 1619 1258 ἀπέφαινε,
1651 1190 1748 1245 καὶ
1767 1190 1889 1262 βιά-

310 1276 512 1332 σασθαι
557 1278 744 1347 σφίσιν
800 1280 963 1334 αὐτὸν
985 1281 1080 1334 ἐπὶ
1126 1280 1220 1336 τὸν
1267 1284 1445 1353 γάμον
1483 1283 1886 1363 συνεϐούλευεν.

306 1365 595 1422 Ἐντεῦθεν
620 1369 958 1440 ὁρμηθέντες
990 1371 1041 1424 oi
1071 1370 1381 1441 βουλευταὶ,
1419 1373 1558 1444 πρὸς
1586 1373 1675 1428 τὸν
1704 1373 1886 1428 Κλαύ-

304 1461 422 1515 διον
448 1456 636 1533 ἦλθον,
674 1464 768 1515 καὶ
789 1462 1114 1533 ἠνάγκασαν
1138 1461 1300 1536 δῆθεν
1332 1464 1498 1518 αὑτὸν
1547 1466 1746 1535 γῆμαι.
1775 1465 1888 1519 Καὶ

304 1555 568 1628 ψήςρισμα
593 1557 922 1627 ἃποιήσαντο
974 1557 1177 1625 ἐξεῖναι
1247 1558 1543 1629 Ῥωμαίοις
1597 1557 1884 1629 ἀδελφιδᾶς

1991 643 2250 711 suadent,
2284 653 2347 699 ut
2378 646 2644 703 Sillanum
2699 664 2799 720 pro
2829 650 3153 707 insidiatore
3183 651 3418 706 occidat.
3449 651 3571 717 Quo

1991 733 2161 802 facto,
2209 736 2462 795 Vitellius
2508 742 2565 797 in
2607 752 2800 798 senatu
2847 746 3158 813 preposuit,
3186 758 3305 800 esse
3334 759 3364 797 e
3400 760 3570 814 repu-

1994 826 2160 893 blica,
2190 839 2251 885 ut
2276 829 2541 888 Claudius
2568 850 2795 889 uxorem
2828 835 3027 891 ducat:
3055 845 3112 891 et
3137 836 3493 906 Agrippinam
3516 833 3568 889 ei

1989 918 2110 975 fore
2155 921 2409 978 idoneam
2461 926 2861 994 pronuntiavit,
2920 935 3089 997 utque
3133 927 3201 981 ad
3226 942 3320 981 eas
3348 925 3570 995 nuptias

1990 1012 2308 1079 adigeretur
2363 1026 2560 1071 auctor
2610 1017 2734 1072 fuit.
2792 1017 2869 1073 ita
2914 1028 3200 1074 senatores
3232 1034 3467 1089 propere
3499 1016 3569 1071 ad

1989 1101 2280 1159 Claudiutn
2311 1104 2588 1167 abierunt.
2623 1124 2861 1179 eumque
2891 1116 3186 1180 coegerent
3224 1109 3458 1170 scilicet,
3511 1117 3572 1161 ut

1990 1197 2405 1253 matrimonium
2438 1201 2790 1257 contraheret
2825 1220 2839 1257 :
2889 1204 3035 1257 facto
3064 1201 3569 1266 senatusconsulto,

1990 1297 2050 1343 ut
2076 1288 2309 1343 fratrum
2359 1300 2415 1346 et
2475 1307 2729 1347 sororum
2763 1294 2901 1348 filias
2926 1296 3127 1349 ducere
3161 1293 3320 1365 565
3355 1293 3567 1357 liceret,

1988 1380 2137 1449 quod
2166 1389 2296 1437 ante
2340 1383 2574 1438 vetitum
2624 1393 2763 1439 erat.
2807 1384 3050 1439 Peractis
3097 1384 3326 1456 nuptiis,
3374 1383 3572 1437 mulier

1988 1471 2193 1545 ingenii
2230 1474 2596 1540 callidissimi,
2644 1476 2937 1532 Claudium
2988 1477 3145 1546 plane
3180 1476 3235 1530 in
3270 1490 3367 1528 sua
3408 1474 3568 1542 quasi

1989 1565 2156 1621 verba
2201 1567 2390 1638 jurare
2425 1568 2642 1639 coegit:
2697 1568 2905 1624 amicos
2952 1569 3093 1641 ejus,
3147 1569 3345 1639 partim
3393 1574 3568 1633 metu,

304 1651 538 1719 ἄγεσθαι
557 1665 573 1682 ⁸
605 1649 871 1723 πρότερον
900 1651 1010 1723 γὰρ
1051 1649 1384 1708 ἐκεκώλυτο.
1453 1652 1545 1717 Ὠς
1572 1651 1618 1705 δ’
1645 1652 1674 1705 6
1709 1650 1883 1722 γάμος

1989 1657 2189 1728 partim
2236 1658 2525 1716 beneficiis
2555 1659 2661 1717 sibi
2703 1661 3039 1717 conciliavit.
3073 1661 3322 1731 Denique
3350 1659 3570 1713 Britan-

304 1743 589 1815 ἐτελέσθη,
615 1747 712 1799 τόν
751 1761 813 1798 τε
861 1743 1134 1799 Κλαύδιον
1164 1745 1576 1817 ἐσφετερίσατο,
1603 1746 1882 1818 δεινοτάτη

301 1833 445 1889 οὖσα
501 1836 790 1906 πράγμασι
843 1835 1103 1907 χρῆσθαι,
1134 1836 1231 1891 καὶ
1285 1836 1423 1908 πρὸς
1480 1836 1575 1902 οὓς
1618 1836 1883 1904 εὐνοϊκῶς

302 1925 516 1989 έκεῖιος
570 1923 704 1996 εἶχε,
765 1927 893 1989 τοὺς
944 1928 1046 1997 μὲν
1088 1929 1261 2000 φόϐῳ,
1292 1930 1419 1994 τοὺς
1445 1930 1502 1984 δὲ
1537 1929 1885 2001 εὐεργεσίαις

301 2018 639 2090 ᾠκειώσατο.
666 2018 777 2073 Καὶ
796 2020 950 2085 τέλος
975 2019 1069 2075 τὸν
1092 2021 1190 2093 μὲν
1208 2023 1571 2094 Βρεττανικὸν
1600 2024 1691 2077 τὸν
1715 2026 1885 2080 παῖδα

303 2109 475 2164 αἰτοῦ
494 2111 569 2173 ὡς
591 2110 698 2164 τῶν
723 2112 999 2182 τυχόντων
1023 2110 1146 2168 τινὰ
1169 2114 1468 2183 τρέφεσθαι
1492 2116 1666 2170 ιποίει
1691 2116 1751 2187 (6
1772 2118 1884 2190 γὰρ

296 2202 497 2274 ἔτερος
525 2203 717 2272 ἔθανε)
745 2204 835 2258 τὸν
865 2205 920 2259 δὲ
953 2207 1205 2277 Δομίτιον
1243 2207 1367 2262 τότε
1397 2206 1496 2278 μὲν
1524 2208 1776 2281 γαμϐρὸν
1808 2209 1883 2284 τῷ

292 2295 566 2367 Κλαυδίῳ
593 2296 895 2364 ἀπέδειξεν,
935 2298 1165 2371 ὕστερον
1197 2299 1255 2354 δὲ
1296 2300 1392 2355 καὶ
1416 2303 1752 2375 είσεποίησε,
1786 2304 1884 2360 καὶ

295 2388 671 2459 εἰσποιήσασα
699 2388 778 2460 τῷ
811 2390 1062 2461 Κλαυδίῳ
1097 2391 1263 2447 αὐτὸν
1294 2394 1389 2447 καὶ
1416 2395 1552 2465 πρὸς
1586 2397 1646 2449 τὸ
1678 2397 1882 2468 κράτος

295 2478 556 2551 ἑξήσκει,
583 2482 682 2534 καὶ
706 2482 857 2553 παρά
886 2481 963 2553 τῷ
993 2483 1199 2554 Σενέκα
1224 2482 1588 2562 ἰξεπαίδευεν.
1637 2487 1881 2559 ’Δμύθη-

294 2576 403 2629 τόν
425 2589 484 2626 τε
508 2571 739 2627 πλοῦτον
772 2573 1078 2644 συνέλεγεν,
1113 2576 1236 2631 οὐδὲ
1264 2577 1366 2648 τὴν
1406 2577 1678 2650 τυχοῦσαν
1707 2578 1880 2652 λαϐὴν

296 2659 400 2718 ετξ*
423 2664 760 2736 ἀργυρισμῷ
803 2666 1246 2734 παραλείπουσα,
1296 2668 1525 2735 πολλοὺς
1555 2672 1611 2724 δὲ
1651 2673 1745 2725 καὶ
1782 2690 1883 2742 φο-

294 2757 540 2810 νεύουσα
587 2756 677 2811 διὰ
711 2757 972 2829 χρήματα
992 2773 1008 2790 ’
1056 2759 1159 2829 ήδη
1216 2759 1273 2814 δέ
1305 2776 1459 2822 τινας
1491 2761 1586 2814 καὶ
1617 2766 1880 2830 γυναῖκας

295 2847 731 2918 ζηλοτυπήσασα
758 2847 988 2904 ἔκτεινε.
1019 2849 1130 2920 Τὴν
1161 2849 1291 2919 γοῦν
1313 2850 1583 2906 Παυλίναν
1612 2851 1711 2921 τὴν
1741 2854 1876 2906 Λολο

293 2941 429 2995 λίαν
463 2939 858 3006 ἀποκτείνασα,
883 2941 984 2995 καὶ
1011 2941 1110 3014 τὴν
1133 2943 1374 3015 κεφαλὴν
1401 2944 1572 3015 αὐτῆς
1601 2945 1880 3014 κομισθεί-

297 3049 410 3087 σαν
439 3031 514 3104 μὴ
550 3031 887 3103 γνωρίσασα,
918 3032 980 3086 τό
1008 3049 1066 3086 τε
1123 3033 1301 3105 στόμα
1345 3034 1518 3104 αὐτῆς
1569 3036 1707 3107 αὐτὴ
1760 3038 1881 3099 ταῖς

294 3124 496 3196 χερσὶν
520 3122 747 3194 ἀνέῳξε,
779 3124 875 3178 καὶ
903 3124 1031 3189 τοὺς
1065 3124 1283 3189 ὀδόντας
1315 3126 1694 3197 ἐπεσκέψατο,
1733 3127 1881 3193 ἰδίως

294 3231 425 3277 πως
454 3213 700 3285 ἔχοντας.
734 3214 892 3269 Μετὰ
924 3214 1100 3271 ταῦτα
1146 3216 1205 3271 δὲ
1257 3219 1355 3272 καὶ
1417 3219 1735 3288 Αὐγοῦσταν
1780 3222 1882 3293 τὴν

305 3302 683 3379 ’Δγριππίναν
729 3308 759 3360 6
797 3307 1063 3372 Κλαύδιος
1108 3310 1438 3379 ἐπεκάλεσε,
1500 3313 1595 3368 κα)⁸
1640 3313 1733 3367 τὸν
1767 3314 1883 3369 υἱὸν

297 3401 478 3470 αὐτῆς
506 3401 980 3472 εἰσποιησάμενος,
1024 3405 1378 3476 μετωνόμασε
1415 3406 1665 3479 Τιϐέριον
1696 3408 1884 3462 Κλαύ-

292 3494 418 3547 διον
464 3492 694 3563 Νέρωνα
733 3493 969 3564 Δροῦσον
1000 3495 1341 3566 Γερμανικὸν
1400 3500 1678 3573 Καίσαρα,
1715 3503 1883 3573 μηδὲν

296 3585 602 3657 φροντίσας
632 3585 715 3639 ὅτι
747 3585 999 3640 καίεσθαι
1029 3587 1057 3640 6
1082 3578 1314 3660 οὐρανὸς
1345 3589 1445 3662 τὴν
1485 3593 1704 3663 ἡμέραν
1733 3596 1881 3649 ἑκεί-

292 3696 402 3748 νην
430 3678 596 3746 ἔδοξε.
626 3680 738 3733 Καὶ
764 3679 903 3751 μετά
927 3678 1089 3736 τοῦτο
1117 3684 1215 3753 τὴν
1246 3683 1525 3756 θυγατέρα
1552 3686 1653 3759 τὴν
1691 3689 1886 3745 Ὀκτα-

296 3767 430 3821 ϐίαν
458 3769 538 3830 είς
560 3768 746 3838 ἔτερόν
771 3786 825 3821 τι
843 3768 1001 3838 γένος
1035 3770 1372 3840 εἰσαγαγὼν,
1405 3771 1494 3828 ἴνα
1520 3773 1595 3845 μὴ
1618 3775 1884 3846 ἀδελφοὺς

296 3857 632 3923 συνοικίζειν
659 3860 816 3929 δοκῇ,
868 3860 1202 3933 ἐνεγγύησεν
1236 3863 1407 3934 αὐτῷ.
1461 3864 1796 3931 Ἀγριππίνα
1826 3867 1882 3922 δὲ

295 3951 402 4006 καὶ
424 3951 805 4025 Καλπουρνίαν
828 3954 1066 4020 γυναῖκα
1087 3954 1198 4008 τῶν
1228 3955 1461 4024 πρώτων
1482 3957 1879 4025 ἐφυγάδευσεν,

292 4044 333 4115 ἢ
366 4042 441 4107 ὡς
466 4044 685 4112 λέγεται
708 4045 802 4100 καὶ
830 4047 1175 4112 ἀπέκτεινεν,
1196 4049 1386 4120 ἐπειδὴ
1404 4048 1466 4103 τὺ
1485 4050 1680 4116 κάλλος
1710 4050 1882 4121 αὐτῆς

294 4137 329 4189 6
365 4135 628 4201 Κλαύδιος
658 4135 940 4208 ἐθαύμασε
971 4139 1068 4192 καὶ
1098 4139 1358 4211 ἐπῄνεσε.
1395 4142 1503 4196 Τοῦ
1532 4142 1590 4196 δὲ
1628 4144 1882 4216 Νέρωνος

1986 1751 2171 1806 nicum
2204 1752 2517 1824 privignum
2554 1752 2771 1824 plebeio
2807 1771 2960 1810 more
2990 1755 3212 1809 educari
3260 1754 3394 1809 fecit
3419 1755 3567 1821 (nam

1984 1841 2129 1897 alter
2155 1842 2392 1916 obierat)
2422 1845 2722 1900 Domitium
2752 1855 2938 1903 autem
2971 1854 3085 1902 tum
3116 1862 3379 1917 generum
3408 1844 3574 1902 Clau-

1984 1932 2062 1989 dii
2109 1933 2439 2007 designavit,
2488 1945 2615 2008 post
2653 1938 2819 1994 etiam
2873 1936 3255 2009 adaptandum
3313 1936 3569 1993 curavit:

1983 2044 2095 2098 quo
2139 2029 2308 2095 facto,
2354 2031 2613 2086 eumdem
2647 2030 2715 2086 ad
2743 2030 3040 2102 imperium
3090 2031 3194 2086 sub
3229 2038 3569 2100 praeceptore

1986 2123 2196 2180 Seneca
2221 2123 2450 2179 erudiit.
2482 2123 2712 2181 Divitias
2739 2124 2919 2195 coegit
2948 2123 3279 2186 ineffabiles,
3305 2138 3375 2177 ne
3405 2121 3571 2176 levis-

1983 2216 2124 2271 sima
2158 2214 2383 2286 quidem
2436 2215 2685 2286 pecunia:
2714 2215 2979 2272 faciendae
3006 2213 3299 2273 occasione
3339 2220 3571 2282 praeter-

1983 2308 2175 2374 missa,
2221 2306 2414 2364 multis
2466 2309 2634 2364 etiam
2664 2308 2915 2381 pecunia:
2943 2323 3108 2363 causa
3136 2304 3358 2361 occisis.
3393 2303 3572 2359 luter-

1981 2397 2115 2455 fecit
2164 2397 2333 2453 etiam
2383 2399 2649 2455 mulieres
2692 2397 2990 2452 nonnullas
3045 2412 3111 2452 ex
3171 2394 3464 2465 zelotypia,
3504 2396 3570 2447 ut

1982 2486 2216 2544 Lolliam
2253 2488 2538 2545 Paulinam
2565 2530 2582 2556 ,
2625 2491 2783 2562 cujus
2809 2498 2976 2559 caput
3003 2488 3071 2543 ad
3104 2503 3162 2542 se
3188 2486 3410 2542 allatum
3438 2499 3566 2541 cum

1981 2597 2095 2637 non
2136 2591 2483 2652 agnosceret,
2517 2580 2637 2636 suis
2667 2580 2926 2636 manibus
2962 2595 3026 2635 os
3064 2578 3304 2648 aperuit,
3340 2586 3400 2631 ut
3429 2576 3568 2631 den-

1982 2684 2067 2729 tes
2098 2675 2389 2744 aspiceret,
2423 2688 2660 2744 quorum
2704 2670 3005 2743 peculiaris
3034 2679 3154 2726 erat
3178 2671 3371 2725 series.
3402 2668 3568 2722 Postv

1982 2766 2101 2821 haec
2147 2765 2451 2837 Augustam
2500 2764 2797 2835 appellavit
2852 2762 3207 2834 Agrippinam
3262 2758 3567 2815 Claudius:

1980 2868 2037 2913 et
2069 2857 2242 2913 lilium
2269 2857 2391 2928 ejus
2436 2856 2784 2927 adoptatum,
2826 2855 3112 2911 Tiberium
3140 2852 3433 2910 Claudium
3457 2850 3568 2907 Ne-

1982 2963 2174 3003 ronem
2210 2947 2443 3004 Drusum
2487 2946 2873 3004 Germanicum
2927 2945 3196 3003 Caesarem
3239 2942 3567 3007 nominavit,

1981 3042 2123 3098 nihil
2163 3042 2439 3107 turbatus,
2483 3042 2631 3112 quod
2682 3056 2750 3097 eo
2797 3041 2889 3097 die
2916 3041 3117 3097 caelum
3166 3038 3361 3094 ardere
3387 3036 3567 3091 visum

1981 3145 2090 3194 est.
2145 3136 2357 3192 Deinde
2404 3134 2574 3190 tiliam
2626 3133 2909 3192 Octaviam
2972 3133 3027 3189 in
3083 3134 3247 3189 aliam
3304 3130 3567 3187 familiam

1982 3229 2321 3300 adoptatam,
2353 3244 2426 3284 ne
2475 3228 2707 3283 fratrem
2754 3236 2812 3282 et
2839 3241 3088 3282 sororem
3121 3224 3384 3294 copulare
3415 3220 3571 3276 vide-

1985 3334 2161 3389 retur,
2202 3322 2253 3378 ei
2287 3319 2604 3392 despondit.
2638 3318 2941 3391 Agrippina
2970 3316 3323 3388 Calpurniam
3350 3326 3571 3386 quoque

1984 3416 2292 3490 principem
2345 3424 2653 3471 matronam
2702 3413 2791 3469 vel
2822 3412 2885 3466 in'
2906 3410 3163 3466 exsilium
3199 3407 3336 3479 egit,
3365 3406 3475 3471 vel,
3510 3412 3572 3458 ut

1982 3509 2184 3573 fertur,
2211 3508 2380 3564 etiam
2409 3507 2618 3565 occidit
2642 3524 2656 3561 :
2709 3504 2857 3576 quod
2898 3502 3163 3559 Claudius
3188 3501 3310 3571 ejus
3337 3500 3570 3554 formam

1983 3600 2288 3655 admiratus
2336 3608 2505 3663 esset,
2554 3613 2620 3653 ac
2667 3596 2967 3652 laudasset.
2997 3594 3117 3662 Quo
3144 3594 3236 3648 die
3268 3593 3415 3648 Nero
3443 3591 3573 3656 (hoc

1984 3692 2134 3748 enim
2180 3708 2381 3746 nomen
2417 3690 2530 3745 fere
2569 3689 2890 3758 usurpatur)
2932 3687 3153 3741 virilem
3189 3697 3367 3756 togam
3419 3698 3572 3738 sum-

1994 3785 2127 3855 psit,
2157 3793 2303 3839 terra
2335 3784 2444 3838 late
2491 3795 2759 3837 concussa
2787 3788 2895 3844 est,
2927 3786 2983 3834 et
3009 3788 3176 3833 noctu
3217 3775 3475 3830 omnibus
3501 3789 3571 3828 ex

1984 3890 2142 3944 aequo
2172 3882 2353 3928 terror
2382 3871 2658 3927 incussus.
2687 3868 3082 3926 Crescentibus
3106 3868 3342 3924 Neronis
3366 3866 3569 3936 opibus

1985 3966 2341 4022 Britannicus
2363 3964 2485 4020 sine
2518 3962 2631 4018 ullo
2665 3963 2879 4017 honore
2911 3961 3132 4032 penitus
3163 3959 3568 4030 negligebatur,

1984 4058 2258 4114 ministris
2294 4058 2412 4126 ejus
2451 4054 2521 4109 ab
2552 4052 2849 4125 Agrippina
2881 4050 3078 4122 partim
3112 4048 3335 4120 fugatis,
3369 4046 3570 4118 partim

1985 4152 2204 4208 occisis.
2258 4148 2513 4205 Sosibius
2559 4156 2767 4209 autem,
2794 4146 2881 4201 cui
2923 4143 3180 4200 educatio
3203 4148 3260 4197 et
3289 4138 3570 4196 institutio

294 4226 496 4297 (τοῦτο
516 4229 625 4300 γὰρ
655 4231 716 4284 τὸ
744 4229 917 4299 ὄνομα
951 4230 1040 4285 ἐπ’
1071 4231 1222 4304 αῦτῷ
1246 4232 1599 4305 ἐξενίκησεν)
1646 4236 1706 4299 ές
1754 4237 1881 4300 τοὺς

1988 4242 2134 4297 illius
2169 4240 2423 4295 mandata
2466 4244 2607 4301 erat,
2638 4234 2796 4305 quasi
2832 4233 3035 4289 Neroni
3083 4232 3380 4287 insidiatus
3398 4237 3568 4296 esset,

293 4320 539 4391 ἐφήϐους
560 4323 952 4394 ἐγγραφέντος,
979 4326 1121 4378 κατὰ
1147 4323 1246 4395 τὴν
1276 4324 1491 4395 ἡμέραν
1514 4320 1625 4401 ὲνῇ
1655 4327 1883 4400 ἐνεγρά-

297 4402 401 4485 φη,
422 4415 483 4467 τὸ
507 4413 786 4484 δαιμόνιον
819 4416 920 4487 τήν
956 4433 1016 4469 τε
1051 4417 1154 4486 γῆν
1200 4417 1294 4472 ἐπὶ
1352 4417 1490 4473 πολὺ
1520 4419 1739 4486 ἔσεισε,
1791 4422 1887 4476 καὶ

297 4507 471 4577 φόϐον
500 4506 698 4570 νυκτὸς
730 4507 896 4561 πᾶσιν
921 4508 1122 4578 ὁμοίως
1156 4510 1402 4567 ἐνέϐαλε.
1425 4512 1623 4582 Νέρων
1658 4512 1760 4585 μὲν
1788 4509 1885 4569 οὖν

292 4598 516 4669 ηὔξετο,
553 4598 914 4669 Βρεττανικὸς
950 4601 1007 4654 δὲ
1035 4598 1159 4655 οὔτε
1186 4602 1311 4657 τινά
1342 4602 1511 4675 τιμὴν
1536 4603 1661 4658 οὔτε
1686 4605 1885 4676 ἐπιμέ-

292 4692 451 4745 λειαν
503 4687 690 4762 εἶχεν·
752 4694 785 4762 ἡ
814 4692 925 4764 γὰρ
967 4693 1304 4764 ’Λγριππίνα
1359 4696 1488 4761 τοὺς
1516 4699 1886 4768 περιέποντας

297 4783 466 4859 αὐτὸν
488 4784 615 4847 τοὺς
643 4783 742 4855 μὲν
762 4783 1015 4856 ἐξήλασε,
1045 4787 1172 4849 τοὺς
1210 4785 1268 4839 δὲ
1300 4788 1395 4842 καὶ
1424 4789 1716 4845 ἀπέκτεινε
1737 4807 1753 4824 ο
1786 4788 1882 4846 καὶ

290 4876 387 4929 τὸν
421 4877 685 4932 Σωσίϐιον
713 4878 850 4949 (99),
890 4872 935 4947 ᾧ
983 4879 1016 4949 ἡ
1049 4879 1225 4949 τροφὴ
1249 4880 1415 4937 αὐτοῦ
1447 4884 1541 4936 καὶ
1571 4884 1603 4953 ὴ
1662 4883 1880 4939 παιδεία

295 4969 727 5039 προσετέτακτο,
788 4970 1152 5039 κατέσφαξεν,
1188 4971 1264 5036 ὡς
1296 4973 1376 5044 τῷ
1403 4974 1621 5046 Νέρωνι
1652 4975 1878 5032 ἐπιϐου-

291 5054 547 5118 λεύοντα.
582 5063 693 5116 Καὶ
722 5063 1046 5134 παραδοῦσα
1076 5064 1240 5119 αὐτὸν
1272 5060 1353 5131 οἷς
1381 5066 1592 5137 ἢθελεν,
1633 5066 1756 5125 οὔτε
1799 5069 1880 5142 τῷ

293 5154 468 5223 πατρὶ
487 5157 759 5235 ρυνεῖναι,
794 5153 920 5209 οὔτε
974 5156 1328 5227 δημοσιεύειν
1380 5160 1493 5215 εἴα.
1527 5158 1794 5216 Ἦδύνατο
1819 5162 1878 5218 δὲ

295 5245 484 5300 πάντα
511 5243 605 5299 τοῦ
644 5245 913 5301 Κλαυδίου
953 5247 1253 5318 κρατοῦσα,
1297 5249 1393 5305 καὶ
1435 5251 1528 5306 τδν
1562 5248 1879 5323 Νάρκισσον

292 5338 395 5392 καὶ
426 5336 522 5392 τὸν
558 5337 846 5394 Πάλλαντα
877 5339 1301 5414 οίκειωσαμένη.
1343 5338 1404 5397 ’0
1437 5342 1545 5415 γὰρ
1577 5344 1880 5414 Κάλλιστος

1986 4332 2315 4390 interfectus
2359 4338 2469 4387 est.
2522 4327 2906 4383 Britannicum
2950 4340 3083 4381 vero
3109 4325 3178 4379 iis
3210 4322 3568 4379 commissum

1987 4441 2129 4497 quos
2154 4424 2271 4496 ipse
2296 4421 2584 4494 probabat,
2610 4434 2714 4476 nec
2738 4435 2864 4475 cum
2890 4431 3046 4490 patre
3067 4418 3275 4481 vivere,
3308 4433 3411 4472 nec
3440 4431 3572 4488 pro-

1986 4519 2106 4575 dire
2142 4517 2197 4572 in
2228 4515 2510 4587 publicum
2542 4529 2703 4586 passa
2737 4520 2843 4570 est.
2890 4512 3116 4568 Poterat
3141 4519 3328 4566 autem
3359 4511 3568 4574 omnia,

1986 4625 2113 4667 cum
2149 4606 2383 4665 Claudio
2426 4604 2835 4668 dominaretur,
2886 4610 2941 4659 et
3001 4601 3317 4658 Narcissum
3350 4616 3416 4657 ac
3444 4600 3573 4658 Pal-

1986 4701 2195 4757 lantem
2227 4699 2437 4754 amicos
2473 4697 2728 4752 haberet.
2759 4696 2896 4752 Nam
2939 4693 3224 4758 Callistus,
3266 4693 3571 4764 potentiam

1991 4793 2284 4850 maximam
2311 4789 2566 4861 adeptus,
2595 4790 2832 4844 obierat.
2867 4787 3139 4858 Astrologi
3171 4796 3286 4842 tum
3326 4794 3438 4841 tota
3465 4785 3575 4840 ita-

1986 4888 2060 4944 lia
2095 4885 2237 4957 pulsi
2271 4891 2422 4947 sunt,
2477 4890 2533 4938 et
2581 4882 2675 4952 qui
2730 4896 2828 4936 eos
2864 4880 3271 4945 consulebant,
3327 4876 3568 4933 multati.

1970 4977 2269 5035 Caratacus
2293 4973 2520 5045 quidam
2562 4971 2933 5025 Barbarorutn
2977 4969 3243 5041 princeps
3274 4978 3488 5039 captus,
3514 4973 3574 5022 et

1976 5074 2210 5131 Romam
2240 5071 2465 5134 ductus,
2500 5067 2717 5123 veniam
2748 5084 2777 5120 a
2800 5064 3034 5121 Claudio
3066 5062 3401 5134 impetravit.
3429 5058 3567 5115 Cum

1980 5166 2249 5224 dimissus
2281 5172 2452 5227 esset,
2475 5171 2532 5218 et
2563 5161 2752 5216 Roma:
2786 5158 3138 5230 splendorem
3166 5163 3332 5225 atque
3365 5151 3566 5223 ampli-

1976 5259 2227 5316 tudinem
2273 5256 2437 5330 εδδ
2480 5254 2905 5326 perlustrasset:
2959 5249 3135 5315 Itane,
3187 5249 3387 5319 inquit,
3450 5259 3570 5299 tum

1976 5351 2088 5407 hac
2117 5357 2168 5405 et
2213 5347 2517 5419 hujusmodi
2552 5346 2813 5410 habeatis,
2847 5351 3029 5399 nostra
3057 5339 3325 5413 tuguriola
3375 5353 3568 5393 caucu-
3600 5350 3603 5359 '

1423 5504 1624 5572 Varias
1644 5507 1959 5572 lectiones
2004 5516 2068 5572 et
2133 5517 2326 5574 notae.

369 5630 482 5701 (99)
512 5628 1113 5704 ΚριᾲτὸνίΣωνσίδιον.
1168 5632 1243 5690 lta
1277 5636 1629 5704 reposuimus
1651 5653 1716 5692 ex
1748 5652 1881 5693 mss.

306 5701 445 5772 Reg.
477 5711 535 5757 et
555 5700 711 5759 Colb.
738 5702 829 5759 ubi
859 5703 1087 5762 Wolfius
1112 5700 1369 5760 Σωαεκωῖι
1391 5722 1678 5778 perperam
1711 5725 1724 5763 :
1758 5723 1882 5764 nam

1995 5634 2253 5692 Sosibium
2284 5644 2485 5691 vocant
2514 5635 2676 5690 etiam
2703 5634 2946 5699 Tacitus,
2990 5630 3086 5686 lib.
3130 5644 3205 5695 ιι,
3259 5633 3314 5683 et
3376 5623 3558 5681 Dioiu

1995 5706 2282 5779 Escerptis
2308 5705 2632 5774 Valesianis,
2652 5720 2687 5777 ρ
2736 5705 2861 5761 678.
