  <div class='ocr_page' id='page_1' title='image "/cluster/home/n/w/nwhite01/storage/ocr_20150623/134/hvd.32044073502510/485.png"; bbox 0 0 3976 6204; ppageno 0'>
   <div class='ocr_carea' id='block_1_1' title="bbox 399 215 3670 289">
    <p class='ocr_par' dir='ltr' id='par_1_1' title="bbox 399 215 3670 289">
     <span class='ocr_line' id='line_1_1' title="bbox 399 215 3670 289; baseline 0.001 -4"><span class='ocrx_word' id='word_1_1' title='bbox 399 215 509 285; x_wconf 67' lang='lat'><strong>9.35</strong></span> <span class='ocrx_word' id='word_1_2' title='bbox 1588 224 1592 229; x_wconf 80' lang='grc'><strong>’</strong></span> <span class='ocrx_word' id='word_1_3' title='bbox 1680 221 2011 286; x_wconf 77' lang='lat' dir='ltr'><strong>JOANNIS</strong></span> <span class='ocrx_word' id='word_1_4' title='bbox 2034 226 2355 289; x_wconf 58' lang='lat' dir='ltr'><strong>ZONAR-xﬂ</strong></span> <span class='ocrx_word' id='word_1_5' title='bbox 3545 226 3670 289; x_wconf 71' lang='lat'><strong>956</strong></span> 
     </span>
    </p>
   </div>
   <div class='ocr_carea' id='block_1_2' title="bbox 398 318 1984 411">
    <p class='ocr_par' dir='ltr' id='par_1_2' title="bbox 398 318 1981 391">
     <span class='ocr_line' id='line_1_2' title="bbox 398 318 1981 391; baseline 0.006 -10"><span class='ocrx_word' id='word_1_6' title='bbox 398 318 643 391; x_wconf 67' lang='lat' dir='ltr'><strong>pisritis.’</strong></span> <span class='ocrx_word' id='word_1_7' title='bbox 687 329 893 387; x_wconf 86' lang='lat' dir='ltr'><strong>Julium</strong></span> <span class='ocrx_word' id='word_1_8' title='bbox 925 329 1196 387; x_wconf 85' lang='lat' dir='ltr'><strong>Gallicum</strong></span> <span class='ocrx_word' id='word_1_9' title='bbox 1248 328 1513 389; x_wconf 89' lang='lat' dir='ltr'><strong>Claudius</strong></span> <span class='ocrx_word' id='word_1_10' title='bbox 1539 346 1761 388; x_wconf 82' lang='lat' dir='ltr'><strong>causam</strong></span> <span class='ocrx_word' id='word_1_11' title='bbox 1791 334 1981 389; x_wconf 85' lang='lat' dir='ltr'><strong>dicen-</strong></span> 
     </span>
    </p>
   </div>
   <div class='ocr_carea' id='block_1_3' title="bbox 2088 318 3672 411">
    <p class='ocr_par' dir='ltr' id='par_1_3' title="bbox 2088 335 3672 411">
     <span class='ocr_line' id='line_1_3' title="bbox 2088 335 3672 411; baseline 0.004 -18"><span class='ocrx_word' id='word_1_12' title='bbox 2088 340 2176 393; x_wconf 75' lang='grc' dir='ltr'>ἐπὶ</span> <span class='ocrx_word' id='word_1_13' title='bbox 2210 338 2344 393; x_wconf 81' lang='grc' dir='ltr'>πολὺ</span> <span class='ocrx_word' id='word_1_14' title='bbox 2392 336 2758 409; x_wconf 79' lang='grc' dir='ltr'>προχωρήσας</span> <span class='ocrx_word' id='word_1_15' title='bbox 2814 335 3098 408; x_wconf 71' lang='grc' dir='ltr'>δυνάμεως</span> <span class='ocrx_word' id='word_1_16' title='bbox 3138 338 3538 411; x_wconf 64' lang='grc' dir='ltr'>ἐτελεύτησεν.</span> <span class='ocrx_word' id='word_1_17' title='bbox 3600 342 3672 399; x_wconf 73' lang='grc' dir='ltr'><strong>οξ</strong></span> 
     </span>
    </p>
   </div>
   <div class='ocr_carea' id='block_1_4' title="bbox 399 423 1984 505">
    <p class='ocr_par' dir='ltr' id='par_1_4' title="bbox 399 423 1980 496">
     <span class='ocr_line' id='line_1_4' title="bbox 399 423 1980 496; baseline 0.004 -22"><span class='ocrx_word' id='word_1_18' title='bbox 399 430 533 486; x_wconf 92' lang='lat' dir='ltr'><strong>tem,</strong></span> <span class='ocrx_word' id='word_1_19' title='bbox 570 424 620 477; x_wconf 93' lang='lat' dir='ltr'><strong>in</strong></span> <span class='ocrx_word' id='word_1_20' title='bbox 656 423 899 477; x_wconf 83' lang='lat' dir='ltr'><strong>Tiberim</strong></span> <span class='ocrx_word' id='word_1_21' title='bbox 929 424 1103 477; x_wconf 74' lang='lat' dir='ltr'><strong>iratus</strong></span> <span class='ocrx_word' id='word_1_22' title='bbox 1136 424 1468 493; x_wconf 66' lang='lat' dir='ltr'><strong>prtecipitari</strong></span> <span class='ocrx_word' id='word_1_23' title='bbox 1501 426 1685 494; x_wconf 86' lang='lat' dir='ltr'><strong>jussit.</strong></span> <span class='ocrx_word' id='word_1_24' title='bbox 1724 426 1785 480; x_wconf 92' lang='lat' dir='ltr'><strong>ln</strong></span> <span class='ocrx_word' id='word_1_25' title='bbox 1814 443 1980 496; x_wconf 86' lang='lat' dir='ltr'><strong>quem</strong></span> 
     </span>
    </p>
   </div>
   <div class='ocr_carea' id='block_1_5' title="bbox 2088 423 3678 505">
    <p class='ocr_par' dir='ltr' id='par_1_5' title="bbox 2088 427 3678 505">
     <span class='ocr_line' id='line_1_5' title="bbox 2088 427 3678 505; baseline 0.001 -22"><span class='ocrx_word' id='word_1_26' title='bbox 2088 428 2401 499; x_wconf 72' lang='grc' dir='ltr'>ἀστρολόγοι</span> <span class='ocrx_word' id='word_1_27' title='bbox 2423 427 2479 481; x_wconf 82' lang='grc' dir='ltr'><strong>δέ</strong></span> <span class='ocrx_word' id='word_1_28' title='bbox 2506 427 2566 489; x_wconf 79' lang='grc' dir='ltr'>ἐξ</span> <span class='ocrx_word' id='word_1_29' title='bbox 2597 428 2815 497; x_wconf 78' lang='grc' dir='ltr'>ἁπάσης</span> <span class='ocrx_word' id='word_1_30' title='bbox 2841 427 2944 497; x_wconf 83' lang='grc' dir='ltr'><strong>τῆς</strong></span> <span class='ocrx_word' id='word_1_31' title='bbox 2977 428 3211 493; x_wconf 84' lang='grc' dir='ltr'>Ἰταλίας</span> <span class='ocrx_word' id='word_1_32' title='bbox 3241 432 3549 505; x_wconf 80' lang='grc' dir='ltr'>ἠλάθησαν,</span> <span class='ocrx_word' id='word_1_33' title='bbox 3570 436 3678 486; x_wconf 74' lang='grc' dir='ltr'>καὶ</span> 
     </span>
    </p>
   </div>
   <div class='ocr_carea' id='block_1_6' title="bbox 403 511 1984 592">
    <p class='ocr_par' dir='ltr' id='par_1_6' title="bbox 403 511 1983 586">
     <span class='ocr_line' id='line_1_6' title="bbox 403 511 1983 586; baseline 0.004 -20"><span class='ocrx_word' id='word_1_34' title='bbox 403 511 675 569; x_wconf 84' lang='lat' dir='ltr'><strong>Domitius</strong></span> <span class='ocrx_word' id='word_1_35' title='bbox 701 514 855 579; x_wconf 78' lang='lat' dir='ltr'><strong>Afer,</strong></span> <span class='ocrx_word' id='word_1_36' title='bbox 903 514 1148 584; x_wconf 88' lang='lat' dir='ltr'><strong>optimus</strong></span> <span class='ocrx_word' id='word_1_37' title='bbox 1188 515 1337 570; x_wconf 91' lang='lat' dir='ltr'><strong>illius</strong></span> <span class='ocrx_word' id='word_1_38' title='bbox 1361 515 1541 571; x_wconf 77' lang='lat' dir='ltr'><strong>:etatis</strong></span> <span class='ocrx_word' id='word_1_39' title='bbox 1586 526 1870 586; x_wconf 73' lang='lat' dir='ltr'><strong>patronus.</strong></span> <span class='ocrx_word' id='word_1_40' title='bbox 1903 518 1983 574; x_wconf 86' lang='lat' dir='ltr'><strong>fa-</strong></span> 
     </span>
    </p>
   </div>
   <div class='ocr_carea' id='block_1_7' title="bbox 2088 511 3678 592">
    <p class='ocr_par' dir='ltr' id='par_1_7' title="bbox 2088 518 3678 592">
     <span class='ocr_line' id='line_1_7' title="bbox 2088 518 3678 592; baseline 0.004 -19"><span class='ocrx_word' id='word_1_41' title='bbox 2088 521 2129 573; x_wconf 75' lang='grc' dir='ltr'><strong>οί</strong></span> <span class='ocrx_word' id='word_1_42' title='bbox 2161 520 2343 582; x_wconf 76' lang='grc' dir='ltr'>αὐτοῖς</span> <span class='ocrx_word' id='word_1_43' title='bbox 2369 518 2749 589; x_wconf 84' lang='grc' dir='ltr'>συγγινόμενοι</span> <span class='ocrx_word' id='word_1_44' title='bbox 2796 519 3192 588; x_wconf 77' lang='grc' dir='ltr'>ἐκολάσθησαν.</span> <span class='ocrx_word' id='word_1_45' title='bbox 3239 522 3576 592; x_wconf 84' lang='grc' dir='ltr'>Καράτακος</span> <span class='ocrx_word' id='word_1_46' title='bbox 3611 524 3678 579; x_wconf 75' lang='grc' dir='ltr'>δέ</span> 
     </span>
    </p>
   </div>
   <div class='ocr_carea' id='block_1_8' title="bbox 400 609 1984 685">
    <p class='ocr_par' dir='ltr' id='par_1_8' title="bbox 400 609 1984 680">
     <span class='ocr_line' id='line_1_8' title="bbox 400 609 1984 680; baseline 0.003 -19"><span class='ocrx_word' id='word_1_47' title='bbox 400 620 521 663; x_wconf 88' lang='lat' dir='ltr'><strong>cete</strong></span> <span class='ocrx_word' id='word_1_48' title='bbox 547 610 841 663; x_wconf 80' lang='lat' dir='ltr'><strong>admodum</strong></span> <span class='ocrx_word' id='word_1_49' title='bbox 864 609 1083 678; x_wconf 83' lang='lat' dir='ltr'><strong>jocalus</strong></span> <span class='ocrx_word' id='word_1_50' title='bbox 1109 616 1207 664; x_wconf 86' lang='lat' dir='ltr'><strong>est.</strong></span> <span class='ocrx_word' id='word_1_51' title='bbox 1245 609 1380 664; x_wconf 83' lang='lat' dir='ltr'><strong>Nam</strong></span> <span class='ocrx_word' id='word_1_52' title='bbox 1409 626 1532 665; x_wconf 90' lang='lat' dir='ltr'><strong>cum</strong></span> <span class='ocrx_word' id='word_1_53' title='bbox 1557 610 1780 680; x_wconf 89' lang='lat' dir='ltr'><strong>quidam</strong></span> <span class='ocrx_word' id='word_1_54' title='bbox 1806 626 1836 665; x_wconf 90' lang='lat' dir='ltr'><strong>a</strong></span> <span class='ocrx_word' id='word_1_55' title='bbox 1858 609 1984 666; x_wconf 86' lang='lat' dir='ltr'><strong>Gal-</strong></span> 
     </span>
    </p>
   </div>
   <div class='ocr_carea' id='block_1_9' title="bbox 2088 609 3684 685">
    <p class='ocr_par' dir='ltr' id='par_1_9' title="bbox 2088 609 3684 685">
     <span class='ocr_line' id='line_1_9' title="bbox 2088 609 3684 685; baseline 0.002 -22"><span class='ocrx_word' id='word_1_56' title='bbox 2088 627 2159 673; x_wconf 87' lang='grc' dir='ltr'><strong>τις</strong></span> <span class='ocrx_word' id='word_1_57' title='bbox 2192 610 2497 680; x_wconf 80' lang='grc' dir='ltr'>Βαρόάρων</span> <span class='ocrx_word' id='word_1_58' title='bbox 2530 609 2777 680; x_wconf 78' lang='grc' dir='ltr'>ἀρχηγὸς</span> <span class='ocrx_word' id='word_1_59' title='bbox 2812 610 2975 673; x_wconf 75' lang='grc' dir='ltr'>ἁλοὺς</span> <span class='ocrx_word' id='word_1_60' title='bbox 3008 613 3105 664; x_wconf 76' lang='grc' dir='ltr'>καὶ</span> <span class='ocrx_word' id='word_1_61' title='bbox 3137 613 3217 675; x_wconf 81' lang='grc' dir='ltr'><strong>είς</strong></span> <span class='ocrx_word' id='word_1_62' title='bbox 3277 615 3377 682; x_wconf 71' lang='grc' dir='ltr'><strong>τὴν</strong></span> <span class='ocrx_word' id='word_1_63' title='bbox 3439 615 3684 685; x_wconf 74' lang='grc' dir='ltr'>Ῥώμην</span> 
     </span>
    </p>
   </div>
   <div class='ocr_carea' id='block_1_10' title="bbox 399 696 1984 775">
    <p class='ocr_par' dir='ltr' id='par_1_10' title="bbox 399 696 1980 775">
     <span class='ocr_line' id='line_1_10' title="bbox 399 696 1980 775; baseline 0.004 -23"><span class='ocrx_word' id='word_1_64' title='bbox 399 696 505 753; x_wconf 85' lang='lat' dir='ltr'><strong>lico</strong></span> <span class='ocrx_word' id='word_1_65' title='bbox 536 701 862 775; x_wconf 85' lang='lat' dir='ltr'><strong>destiturus,</strong></span> <span class='ocrx_word' id='word_1_66' title='bbox 909 702 1031 770; x_wconf 84' lang='lat' dir='ltr'><strong>ejus</strong></span> <span class='ocrx_word' id='word_1_67' title='bbox 1090 701 1356 755; x_wconf 81' lang='lat' dir='ltr'><strong>auxilium</strong></span> <span class='ocrx_word' id='word_1_68' title='bbox 1406 702 1791 772; x_wconf 71' lang='lat' dir='ltr'><strong>implorasset:</strong></span> <span class='ocrx_word' id='word_1_69' title='bbox 1850 703 1980 769; x_wconf 71' lang='lat' dir='ltr'><strong>Qui:</strong></span> 
     </span>
    </p>
   </div>
   <div class='ocr_carea' id='block_1_11' title="bbox 2088 696 3688 775">
    <p class='ocr_par' dir='ltr' id='par_1_11' title="bbox 2088 700 3688 775">
     <span class='ocr_line' id='line_1_11' title="bbox 2088 700 3688 775; baseline 0.003 -21"><span class='ocrx_word' id='word_1_70' title='bbox 2088 701 2283 771; x_wconf 73' lang='grc' dir='ltr'>Ξιχθεὶς,</span> <span class='ocrx_word' id='word_1_71' title='bbox 2316 702 2411 754; x_wconf 72' lang='grc' dir='ltr'>καὶ</span> <span class='ocrx_word' id='word_1_72' title='bbox 2442 700 2772 770; x_wconf 73' lang='grc' dir='ltr'><strong>συγγνώμης</strong></span> <span class='ocrx_word' id='word_1_73' title='bbox 2807 702 2956 769; x_wconf 70' lang='grc' dir='ltr'>παρά</span> <span class='ocrx_word' id='word_1_74' title='bbox 3007 700 3106 754; x_wconf 83' lang='grc' dir='ltr'>τοῦ</span> <span class='ocrx_word' id='word_1_75' title='bbox 3143 702 3412 757; x_wconf 73' lang='grc' dir='ltr'><strong>Κλαυδίου</strong></span> <span class='ocrx_word' id='word_1_76' title='bbox 3458 703 3688 775; x_wconf 77' lang='grc' dir='ltr'>τυχών.</span> 
     </span>
    </p>
   </div>
   <div class='ocr_carea' id='block_1_12' title="bbox 397 773 1984 862">
    <p class='ocr_par' dir='ltr' id='par_1_12' title="bbox 397 773 1979 862">
     <span class='ocr_line' id='line_1_12' title="bbox 397 773 1979 862; baseline 0.002 -20"><span class='ocrx_word' id='word_1_77' title='bbox 397 782 513 855; x_wconf 74' lang='lat' dir='ltr'><strong>tibi,</strong></span> <span class='ocrx_word' id='word_1_78' title='bbox 550 773 771 862; x_wconf 59' lang='lat' dir='ltr'><strong>inquit,</strong></span> <span class='ocrx_word' id='word_1_79' title='bbox 801 794 1066 857; x_wconf 85' lang='lat' dir='ltr'><strong>narravit,</strong></span> <span class='ocrx_word' id='word_1_80' title='bbox 1119 808 1201 847; x_wconf 85' lang='lat' dir='ltr'><strong>me</strong></span> <span class='ocrx_word' id='word_1_81' title='bbox 1230 801 1531 848; x_wconf 78' lang='lat' dir='ltr'><strong>natatomn</strong></span> <span class='ocrx_word' id='word_1_82' title='bbox 1570 792 1666 847; x_wconf 83' lang='lat' dir='ltr'><strong>illo</strong></span> <span class='ocrx_word' id='word_1_83' title='bbox 1710 790 1979 846; x_wconf 83' lang='lat' dir='ltr'><strong>meliorem</strong></span> 
     </span>
    </p>
   </div>
   <div class='ocr_carea' id='block_1_13' title="bbox 2088 773 3690 862">
    <p class='ocr_par' dir='ltr' id='par_1_13' title="bbox 2088 773 3690 862">
     <span class='ocr_line' id='line_1_13' title="bbox 2088 773 3690 862; baseline 0.004 -23"><span class='ocrx_word' id='word_1_84' title='bbox 2088 781 2214 840; x_wconf 72' lang='grc' dir='ltr'>Εἶτα</span> <span class='ocrx_word' id='word_1_85' title='bbox 2247 788 2647 856; x_wconf 76' lang='grc' dir='ltr'>περινοστήσας</span> <span class='ocrx_word' id='word_1_86' title='bbox 2676 788 2776 856; x_wconf 73' lang='grc' dir='ltr'>τὴν</span> <span class='ocrx_word' id='word_1_87' title='bbox 2812 789 2965 841; x_wconf 72' lang='grc' dir='ltr'>πόλιν</span> <span class='ocrx_word' id='word_1_88' title='bbox 2999 792 3140 858; x_wconf 77' lang='grc' dir='ltr'>μετὰ</span> <span class='ocrx_word' id='word_1_89' title='bbox 3186 791 3284 862; x_wconf 72' lang='grc' dir='ltr'>τὴν</span> <span class='ocrx_word' id='word_1_90' title='bbox 3311 773 3690 860; x_wconf 38' lang='grc' dir='ltr'>ἄφεσινξκαὶ</span> 
     </span>
    </p>
   </div>
   <div class='ocr_carea' id='block_1_14' title="bbox 398 879 3691 953">
    <p class='ocr_par' dir='ltr' id='par_1_14' title="bbox 398 879 3691 953">
     <span class='ocr_line' id='line_1_14' title="bbox 398 879 3691 953; baseline 0.003 -21"><span class='ocrx_word' id='word_1_91' title='bbox 398 881 558 934; x_wconf 76' lang='lat' dir='ltr'><strong>esse?</strong></span> <span class='ocrx_word' id='word_1_92' title='bbox 2078 879 2200 933; x_wconf 82' lang='grc' dir='ltr'>ἰδὼν</span> <span class='ocrx_word' id='word_1_93' title='bbox 2220 879 2392 947; x_wconf 79' lang='grc' dir='ltr'>αὐτῆς</span> <span class='ocrx_word' id='word_1_94' title='bbox 2420 880 2519 952; x_wconf 75' lang='grc' dir='ltr'><strong>τὴν</strong></span> <span class='ocrx_word' id='word_1_95' title='bbox 2555 880 2919 952; x_wconf 76' lang='grc' dir='ltr'><strong>λαμπρότητα</strong></span> <span class='ocrx_word' id='word_1_96' title='bbox 2953 883 3046 934; x_wconf 76' lang='grc' dir='ltr'>καὶ</span> <span class='ocrx_word' id='word_1_97' title='bbox 3082 882 3136 936; x_wconf 76' lang='grc' dir='ltr'>τὸ</span> <span class='ocrx_word' id='word_1_98' title='bbox 3169 884 3399 953; x_wconf 84' lang='grc' dir='ltr'>μέγεθος</span> <span class='ocrx_word' id='word_1_99' title='bbox 3421 902 3436 915; x_wconf 75' lang='grc' dir='ltr'><strong>ο</strong></span> <span class='ocrx_word' id='word_1_100' title='bbox 3496 880 3691 950; x_wconf 77' lang='grc' dir='ltr'>Εἶτα.</span> 
     </span>
    </p>
   </div>
   <div class='ocr_carea' id='block_1_15' title="bbox 397 970 1984 1049">
    <p class='ocr_par' dir='ltr' id='par_1_15' title="bbox 397 971 1979 1044">
     <span class='ocr_line' id='line_1_15' title="bbox 397 971 1979 1044; baseline 0.001 -18"><span class='ocrx_word' id='word_1_101' title='bbox 397 974 527 1044; x_wconf 73' lang='grc' dir='ltr'>ἔφη,</span> <span class='ocrx_word' id='word_1_102' title='bbox 558 973 745 1028; x_wconf 84' lang='grc' dir='ltr'>ταῦτα</span> <span class='ocrx_word' id='word_1_103' title='bbox 764 973 864 1027; x_wconf 78' lang='grc' dir='ltr'><strong>καί</strong></span> <span class='ocrx_word' id='word_1_104' title='bbox 894 972 963 1027; x_wconf 80' lang='grc' dir='ltr'>τὰ</span> <span class='ocrx_word' id='word_1_105' title='bbox 996 971 1244 1027; x_wconf 81' lang='grc' dir='ltr'>τοιαῦτα</span> <span class='ocrx_word' id='word_1_106' title='bbox 1270 974 1624 1044; x_wconf 78' lang='grc' dir='ltr'><strong>κεκτημένοι</strong></span> <span class='ocrx_word' id='word_1_107' title='bbox 1673 973 1793 1028; x_wconf 78' lang='grc' dir='ltr'><strong>τῶν</strong></span> <span class='ocrx_word' id='word_1_108' title='bbox 1859 991 1979 1042; x_wconf 85' lang='grc' dir='ltr'>σκη</span> 
     </span>
    </p>
   </div>
   <div class='ocr_carea' id='block_1_16' title="bbox 2088 970 3693 1049">
    <p class='ocr_par' dir='ltr' id='par_1_16' title="bbox 2088 970 3693 1048">
     <span class='ocr_line' id='line_1_16' title="bbox 2088 970 3693 1048; baseline 0.002 -23"><span class='ocrx_word' id='word_1_109' title='bbox 2088 974 2192 1026; x_wconf 81' lang='grc' dir='ltr'><strong>[ων</strong></span> <span class='ocrx_word' id='word_1_110' title='bbox 2250 970 2417 1041; x_wconf 70' lang='grc' dir='ltr'><strong>ἡμῶν</strong></span> <span class='ocrx_word' id='word_1_111' title='bbox 2477 972 2858 1044; x_wconf 72' lang='grc' dir='ltr'>ἐπιθυμεῖτες</span> <span class='ocrx_word' id='word_1_112' title='bbox 2924 974 3129 1046; x_wconf 79' lang='grc' dir='ltr'><strong>Ἰουλίῳ</strong></span> <span class='ocrx_word' id='word_1_113' title='bbox 3172 977 3231 1030; x_wconf 83' lang='grc' dir='ltr'>δέ</span> <span class='ocrx_word' id='word_1_114' title='bbox 3274 994 3380 1032; x_wconf 90' lang='grc' dir='ltr'>τινι</span> <span class='ocrx_word' id='word_1_115' title='bbox 3415 978 3693 1048; x_wconf 76' lang='grc' dir='ltr'>Γαλλικῷ</span> 
     </span>
    </p>
   </div>
   <div class='ocr_carea' id='block_1_17' title="bbox 398 1058 3697 1151">
    <p class='ocr_par' dir='ltr' id='par_1_17' title="bbox 398 1058 3697 1151">
     <span class='ocr_line' id='line_1_17' title="bbox 398 1058 3697 1151; baseline 0.002 -32"><span class='ocrx_word' id='word_1_116' title='bbox 398 1067 556 1135; x_wconf 78' lang='grc' dir='ltr'>δίκην</span> <span class='ocrx_word' id='word_1_117' title='bbox 586 1065 799 1133; x_wconf 80' lang='grc' dir='ltr'>λέγοντι</span> <span class='ocrx_word' id='word_1_118' title='bbox 826 1065 1112 1135; x_wconf 79' lang='grc' dir='ltr'><strong>ἀχθεσθεὶς</strong></span> <span class='ocrx_word' id='word_1_119' title='bbox 1142 1066 1477 1131; x_wconf 77' lang='grc' dir='ltr'>ὁΚλαύδιος,</span> <span class='ocrx_word' id='word_1_120' title='bbox 1535 1058 1824 1122; x_wconf 75' lang='grc' dir='ltr'>ἐκέλευσεν</span> <span class='ocrx_word' id='word_1_121' title='bbox 1882 1068 2046 1121; x_wconf 68' lang='grc' dir='ltr'>αὑτὸν</span> <span class='ocrx_word' id='word_1_122' title='bbox 2086 1068 2166 1130; x_wconf 88' lang='grc' dir='ltr'><strong>εἰς</strong></span> <span class='ocrx_word' id='word_1_123' title='bbox 2210 1065 2303 1119; x_wconf 81' lang='grc' dir='ltr'>τὸν</span> <span class='ocrx_word' id='word_1_124' title='bbox 2335 1066 2557 1136; x_wconf 71' lang='grc' dir='ltr'>Τίϐεριν</span> <span class='ocrx_word' id='word_1_125' title='bbox 2615 1066 2996 1151; x_wconf 73' lang='grc' dir='ltr'>ἐμϐληθῆναιο</span> <span class='ocrx_word' id='word_1_126' title='bbox 3048 1072 3136 1140; x_wconf 78' lang='grc' dir='ltr'>ἐφ’</span> <span class='ocrx_word' id='word_1_127' title='bbox 3191 1065 3235 1140; x_wconf 82' lang='grc' dir='ltr'><strong>ᾧ</strong></span> <span class='ocrx_word' id='word_1_128' title='bbox 3280 1071 3344 1143; x_wconf 77' lang='grc' dir='ltr'>δὴ</span> <span class='ocrx_word' id='word_1_129' title='bbox 3409 1074 3697 1143; x_wconf 74' lang='grc' dir='ltr'>Δομίτιος</span> 
     </span>
    </p>
   </div>
   <div class='ocr_carea' id='block_1_18' title="bbox 398 1156 3693 1235">
    <p class='ocr_par' dir='ltr' id='par_1_18' title="bbox 398 1156 3693 1235">
     <span class='ocr_line' id='line_1_18' title="bbox 398 1156 3693 1235; baseline 0.002 -25"><span class='ocrx_word' id='word_1_130' title='bbox 398 1158 635 1229; x_wconf 69' lang='grc' dir='ltr'><strong>’Ἄφροῇ</strong></span> <span class='ocrx_word' id='word_1_131' title='bbox 671 1156 926 1210; x_wconf 78' lang='grc' dir='ltr'>πλεῖστον</span> <span class='ocrx_word' id='word_1_132' title='bbox 949 1158 1057 1210; x_wconf 86' lang='grc' dir='ltr'><strong>τῶν</strong></span> <span class='ocrx_word' id='word_1_133' title='bbox 1092 1158 1214 1212; x_wconf 69' lang='grc' dir='ltr'>κατ’</span> <span class='ocrx_word' id='word_1_134' title='bbox 1246 1160 1406 1213; x_wconf 72' lang='grc' dir='ltr'>αὑτὸν</span> <span class='ocrx_word' id='word_1_135' title='bbox 1436 1161 1493 1212; x_wconf 88' lang='grc' dir='ltr'><strong>ἐν</strong></span> <span class='ocrx_word' id='word_1_136' title='bbox 1527 1160 1602 1230; x_wconf 81' lang='grc' dir='ltr'>τῷ</span> <span class='ocrx_word' id='word_1_137' title='bbox 1654 1162 1975 1231; x_wconf 81' lang='grc' dir='ltr'><strong>συνηγορεῖν</strong></span> <span class='ocrx_word' id='word_1_138' title='bbox 2012 1157 2258 1233; x_wconf 84' lang='grc' dir='ltr'>ίσχύσας.</span> <span class='ocrx_word' id='word_1_139' title='bbox 2327 1158 2593 1214; x_wconf 80' lang='grc' dir='ltr'>κάλλιστα</span> <span class='ocrx_word' id='word_1_140' title='bbox 2639 1160 2960 1229; x_wconf 78' lang='grc' dir='ltr'>ἀπέσκωψε.</span> <span class='ocrx_word' id='word_1_141' title='bbox 3015 1164 3309 1231; x_wconf 78' lang='grc' dir='ltr'>Δεηθέντος</span> <span class='ocrx_word' id='word_1_142' title='bbox 3376 1165 3486 1235; x_wconf 75' lang='grc' dir='ltr'><strong>γάρ</strong></span> <span class='ocrx_word' id='word_1_143' title='bbox 3516 1182 3693 1229; x_wconf 71' lang='grc' dir='ltr'>τινος</span> 
     </span>
    </p>
   </div>
   <div class='ocr_carea' id='block_1_19' title="bbox 399 1249 3686 1324">
    <p class='ocr_par' dir='ltr' id='par_1_19' title="bbox 399 1249 3686 1324">
     <span class='ocr_line' id='line_1_19' title="bbox 399 1249 3686 1324; baseline 0.003 -21"><span class='ocrx_word' id='word_1_144' title='bbox 399 1252 498 1320; x_wconf 77' lang='grc' dir='ltr'><strong>τῆς</strong></span> <span class='ocrx_word' id='word_1_145' title='bbox 550 1253 681 1322; x_wconf 77' lang='grc' dir='ltr'>παρ’</span> <span class='ocrx_word' id='word_1_146' title='bbox 724 1252 891 1305; x_wconf 77' lang='grc' dir='ltr'>αὑτοῦ</span> <span class='ocrx_word' id='word_1_147' title='bbox 950 1251 1233 1322; x_wconf 74' lang='grc' dir='ltr'>βοηθείας,</span> <span class='ocrx_word' id='word_1_148' title='bbox 1259 1252 1449 1322; x_wconf 81' lang='grc' dir='ltr'>ἐπειδὴ</span> <span class='ocrx_word' id='word_1_149' title='bbox 1497 1252 1603 1306; x_wconf 83' lang='grc' dir='ltr'><strong>ὑπὸ</strong></span> <span class='ocrx_word' id='word_1_150' title='bbox 1634 1252 1727 1306; x_wconf 84' lang='grc' dir='ltr'><strong>τοῦ</strong></span> <span class='ocrx_word' id='word_1_151' title='bbox 1781 1250 2049 1306; x_wconf 81' lang='grc' dir='ltr'>Γαλλικοῦ</span> <span class='ocrx_word' id='word_1_152' title='bbox 2089 1249 2506 1324; x_wconf 74' lang='grc' dir='ltr'><strong>ἐγκατελείφθη,</strong></span> <span class='ocrx_word' id='word_1_153' title='bbox 2530 1250 2638 1324; x_wconf 80' lang='grc' dir='ltr'>ἐφη</span> <span class='ocrx_word' id='word_1_154' title='bbox 2667 1252 2803 1322; x_wconf 75' lang='grc' dir='ltr'>πρὸς</span> <span class='ocrx_word' id='word_1_155' title='bbox 2829 1254 2993 1308; x_wconf 70' lang='grc' dir='ltr'>αὐτόν</span> <span class='ocrx_word' id='word_1_156' title='bbox 3014 1270 3027 1283; x_wconf 91' lang='grc'><strong>·</strong></span> <span class='ocrx_word' id='word_1_157' title='bbox 3059 1256 3170 1310; x_wconf 77' lang='grc' dir='ltr'>Καὶ</span> <span class='ocrx_word' id='word_1_158' title='bbox 3222 1256 3314 1322; x_wconf 79' lang='grc' dir='ltr'><strong>τίς</strong></span> <span class='ocrx_word' id='word_1_159' title='bbox 3351 1273 3450 1311; x_wconf 90' lang='grc' dir='ltr'><strong>σοι</strong></span> <span class='ocrx_word' id='word_1_160' title='bbox 3484 1253 3686 1312; x_wconf 64' lang='grc' dir='ltr'>εἶπεν</span> 
     </span>
    </p>
   </div>
   <div class='ocr_carea' id='block_1_20' title="bbox 400 1341 1409 1414">
    <p class='ocr_par' dir='ltr' id='par_1_20' title="bbox 400 1341 1409 1414">
     <span class='ocr_line' id='line_1_20' title="bbox 400 1341 1409 1414; baseline 0.006 -19"><span class='ocrx_word' id='word_1_161' title='bbox 400 1342 489 1395; x_wconf 75' lang='grc' dir='ltr'>ὅτι</span> <span class='ocrx_word' id='word_1_162' title='bbox 534 1341 825 1408; x_wconf 62' lang='grc' dir='ltr'>κρεῖσσον</span> <span class='ocrx_word' id='word_1_163' title='bbox 842 1344 1081 1399; x_wconf 76' lang='grc' dir='ltr'>ἐκείνου</span> <span class='ocrx_word' id='word_1_164' title='bbox 1106 1344 1369 1414; x_wconf 79' lang='grc' dir='ltr'>νήχομαι</span> <span class='ocrx_word' id='word_1_165' title='bbox 1389 1362 1409 1411; x_wconf 87' lang='grc'><strong><em>;</em></strong></span> 
     </span>
    </p>
   </div>
   <div class='ocr_carea' id='block_1_21' title="bbox 470 1431 1975 1507">
    <p class='ocr_par' dir='ltr' id='par_1_21' title="bbox 470 1431 1975 1507">
     <span class='ocr_line' id='line_1_21' title="bbox 470 1431 1975 1507; baseline 0.003 -21"><span class='ocrx_word' id='word_1_166' title='bbox 470 1431 562 1487; x_wconf 76' lang='lat' dir='ltr'><strong>XI.</strong></span> <span class='ocrx_word' id='word_1_167' title='bbox 613 1434 740 1488; x_wconf 86' lang='lat' dir='ltr'><strong>Post</strong></span> <span class='ocrx_word' id='word_1_168' title='bbox 771 1433 885 1489; x_wconf 66' lang='lat' dir='ltr'><strong>bare</strong></span> <span class='ocrx_word' id='word_1_169' title='bbox 923 1435 1153 1490; x_wconf 73' lang='lat' dir='ltr'><strong>Claudio</strong></span> <span class='ocrx_word' id='word_1_170' title='bbox 1194 1445 1528 1507; x_wconf 67' lang='lat' dir='ltr'><strong>aegrotante,</strong></span> <span class='ocrx_word' id='word_1_171' title='bbox 1577 1438 1723 1494; x_wconf 89' lang='lat' dir='ltr'><strong>Nero</strong></span> <span class='ocrx_word' id='word_1_172' title='bbox 1762 1437 1975 1495; x_wconf 88' lang='lat' dir='ltr'><strong>curiam</strong></span> 
     </span>
    </p>
   </div>
   <div class='ocr_carea' id='block_1_22' title="bbox 400 1524 1976 1599">
    <p class='ocr_par' dir='ltr' id='par_1_22' title="bbox 400 1524 1976 1599">
     <span class='ocr_line' id='line_1_22' title="bbox 400 1524 1976 1599; baseline 0.004 -20"><span class='ocrx_word' id='word_1_173' title='bbox 400 1524 703 1595; x_wconf 75' lang='lat' dir='ltr'><strong>ingressus,</strong></span> <span class='ocrx_word' id='word_1_174' title='bbox 740 1524 901 1579; x_wconf 89' lang='lat' dir='ltr'><strong>ludos</strong></span> <span class='ocrx_word' id='word_1_175' title='bbox 950 1526 1226 1582; x_wconf 85' lang='lat' dir='ltr'><strong>circenses</strong></span> <span class='ocrx_word' id='word_1_176' title='bbox 1274 1530 1648 1599; x_wconf 87' lang='lat' dir='ltr'><strong>nuncupavit,</strong></span> <span class='ocrx_word' id='word_1_177' title='bbox 1683 1531 1728 1585; x_wconf 91' lang='lat' dir='ltr'><strong>si</strong></span> <span class='ocrx_word' id='word_1_178' title='bbox 1774 1546 1976 1586; x_wconf 88' lang='lat' dir='ltr'><strong>conva-</strong></span> 
     </span>
    </p>
   </div>
   <div class='ocr_carea' id='block_1_23' title="bbox 2153 1428 3686 1503">
    <p class='ocr_par' dir='ltr' id='par_1_23' title="bbox 2153 1428 3686 1503">
     <span class='ocr_line' id='line_1_23' title="bbox 2153 1428 3686 1503; baseline 0.005 -21"><span class='ocrx_word' id='word_1_179' title='bbox 2153 1429 2257 1487; x_wconf 80' lang='lat' dir='ltr'><strong>IA&#39;.</strong></span> <span class='ocrx_word' id='word_1_180' title='bbox 2289 1428 2635 1499; x_wconf 71' lang='grc' dir='ltr'>Νοσήσαντος</span> <span class='ocrx_word' id='word_1_181' title='bbox 2693 1428 2752 1484; x_wconf 82' lang='grc' dir='ltr'><strong>δέ</strong></span> <span class='ocrx_word' id='word_1_182' title='bbox 2807 1428 2949 1503; x_wconf 81' lang='grc' dir='ltr'>μετὰ</span> <span class='ocrx_word' id='word_1_183' title='bbox 2995 1430 3168 1486; x_wconf 76' lang='grc' dir='ltr'>ταῦτα</span> <span class='ocrx_word' id='word_1_184' title='bbox 3211 1433 3306 1488; x_wconf 83' lang='grc' dir='ltr'><strong>τοῦ</strong></span> <span class='ocrx_word' id='word_1_185' title='bbox 3364 1436 3686 1491; x_wconf 62' lang='grc' dir='ltr'>Κλαυδίου.</span> 
     </span>
    </p>
   </div>
   <div class='ocr_carea' id='block_1_24' title="bbox 2080 1520 3693 1602">
    <p class='ocr_par' dir='ltr' id='par_1_24' title="bbox 2080 1520 3693 1602">
     <span class='ocr_line' id='line_1_24' title="bbox 2080 1520 3693 1602; baseline 0.001 -25"><span class='ocrx_word' id='word_1_186' title='bbox 2080 1521 2333 1593; x_wconf 79' lang='grc' dir='ltr'>εἰσῆλθεν</span> <span class='ocrx_word' id='word_1_187' title='bbox 2361 1522 2389 1574; x_wconf 98' lang='lat'><strong>6</strong></span> <span class='ocrx_word' id='word_1_188' title='bbox 2424 1520 2616 1592; x_wconf 81' lang='grc' dir='ltr'><strong>Νέρων</strong></span> <span class='ocrx_word' id='word_1_189' title='bbox 2647 1521 2727 1584; x_wconf 84' lang='grc' dir='ltr'><strong>είς</strong></span> <span class='ocrx_word' id='word_1_190' title='bbox 2753 1523 2814 1573; x_wconf 82' lang='grc' dir='ltr'><strong>τὸ</strong></span> <span class='ocrx_word' id='word_1_191' title='bbox 2850 1524 3156 1595; x_wconf 81' lang='grc' dir='ltr'>συνέδριον,</span> <span class='ocrx_word' id='word_1_192' title='bbox 3184 1528 3278 1580; x_wconf 81' lang='grc' dir='ltr'>καὶ</span> <span class='ocrx_word' id='word_1_193' title='bbox 3331 1529 3379 1581; x_wconf 82' lang='grc' dir='ltr'><strong>εί</strong></span> <span class='ocrx_word' id='word_1_194' title='bbox 3406 1531 3693 1602; x_wconf 65' lang='grc' dir='ltr'>ἀναρῤω-</span> 
     </span>
    </p>
   </div>
   <div class='ocr_carea' id='block_1_25' title="bbox 400 1611 1984 1713">
    <p class='ocr_par' dir='ltr' id='par_1_25' title="bbox 400 1615 1975 1688">
     <span class='ocr_line' id='line_1_25' title="bbox 400 1615 1975 1688; baseline 0.001 -18"><span class='ocrx_word' id='word_1_195' title='bbox 400 1615 617 1671; x_wconf 88' lang='lat' dir='ltr'><strong>luisset.</strong></span> <span class='ocrx_word' id='word_1_196' title='bbox 651 1616 948 1686; x_wconf 81' lang='lat' dir='ltr'><strong>Agrippina</strong></span> <span class='ocrx_word' id='word_1_197' title='bbox 983 1617 1129 1671; x_wconf 87' lang='lat' dir='ltr'><strong>enim</strong></span> <span class='ocrx_word' id='word_1_198' title='bbox 1161 1616 1381 1688; x_wconf 83' lang='lat' dir='ltr'><strong>quidvis</strong></span> <span class='ocrx_word' id='word_1_199' title='bbox 1421 1619 1701 1687; x_wconf 89' lang='lat' dir='ltr'><strong>teutabat,</strong></span> <span class='ocrx_word' id='word_1_200' title='bbox 1744 1628 1803 1673; x_wconf 94' lang='lat' dir='ltr'><strong>ut</strong></span> <span class='ocrx_word' id='word_1_201' title='bbox 1831 1619 1975 1675; x_wconf 87' lang='lat' dir='ltr'><strong>Nero</strong></span> 
     </span>
    </p>
   </div>
   <div class='ocr_carea' id='block_1_26' title="bbox 2088 1611 3693 1713">
    <p class='ocr_par' dir='ltr' id='par_1_26' title="bbox 2088 1611 3693 1692">
     <span class='ocr_line' id='line_1_26' title="bbox 2088 1611 3693 1692; baseline 0.004 -26"><span class='ocrx_word' id='word_1_202' title='bbox 2088 1614 2236 1684; x_wconf 71' lang='grc' dir='ltr'>τιθείη</span> <span class='ocrx_word' id='word_1_203' title='bbox 2266 1615 2293 1667; x_wconf 89' lang='lat'><strong>6</strong></span> <span class='ocrx_word' id='word_1_204' title='bbox 2317 1611 2603 1677; x_wconf 78' lang='grc' dir='ltr'><strong>Κλαύδιος,</strong></span> <span class='ocrx_word' id='word_1_205' title='bbox 2637 1612 3005 1686; x_wconf 75' lang='grc' dir='ltr'><strong>ἱπποδρομίαν</strong></span> <span class='ocrx_word' id='word_1_206' title='bbox 3032 1617 3313 1689; x_wconf 80' lang='grc' dir='ltr'>ὑπέσχετο.</span> <span class='ocrx_word' id='word_1_207' title='bbox 3347 1620 3529 1675; x_wconf 80' lang='grc' dir='ltr'><strong>Πάντα</strong></span> <span class='ocrx_word' id='word_1_208' title='bbox 3553 1623 3693 1692; x_wconf 75' lang='grc' dir='ltr'>γὰρ</span> 
     </span>
    </p>
   </div>
   <div class='ocr_carea' id='block_1_27' title="bbox 403 1708 1976 1782">
    <p class='ocr_par' dir='ltr' id='par_1_27' title="bbox 403 1708 1976 1782">
     <span class='ocr_line' id='line_1_27' title="bbox 403 1708 1976 1782; baseline 0.006 -25"><span class='ocrx_word' id='word_1_209' title='bbox 403 1708 590 1777; x_wconf 84' lang='lat' dir='ltr'><strong>populi</strong></span> <span class='ocrx_word' id='word_1_210' title='bbox 621 1709 851 1778; x_wconf 74' lang='lat' dir='ltr'><strong>gratiam</strong></span> <span class='ocrx_word' id='word_1_211' title='bbox 886 1709 1192 1780; x_wconf 77' lang='lat' dir='ltr'><strong>colligeret,</strong></span> <span class='ocrx_word' id='word_1_212' title='bbox 1224 1720 1280 1767; x_wconf 89' lang='lat' dir='ltr'><strong>et</strong></span> <span class='ocrx_word' id='word_1_213' title='bbox 1318 1727 1462 1767; x_wconf 84' lang='lat' dir='ltr'><strong>unus</strong></span> <span class='ocrx_word' id='word_1_214' title='bbox 1500 1712 1715 1782; x_wconf 89' lang='lat' dir='ltr'><strong>imperii</strong></span> <span class='ocrx_word' id='word_1_215' title='bbox 1755 1726 1976 1768; x_wconf 89' lang='lat' dir='ltr'><strong>succes-</strong></span> 
     </span>
    </p>
   </div>
   <div class='ocr_carea' id='block_1_28' title="bbox 401 1788 1975 1872">
    <p class='ocr_par' dir='ltr' id='par_1_28' title="bbox 401 1788 1975 1872">
     <span class='ocr_line' id='line_1_28' title="bbox 401 1788 1975 1872; baseline 0.004 -21"><span class='ocrx_word' id='word_1_216' title='bbox 401 1813 494 1851; x_wconf 84' lang='lat' dir='ltr'><strong>sor</strong></span> <span class='ocrx_word' id='word_1_217' title='bbox 545 1797 665 1851; x_wconf 87' lang='lat' dir='ltr'><strong>fore</strong></span> <span class='ocrx_word' id='word_1_218' title='bbox 723 1808 1031 1868; x_wconf 73' lang='lat' dir='ltr'><strong>putaretur.</strong></span> <span class='ocrx_word' id='word_1_219' title='bbox 1089 1801 1279 1872; x_wconf 85' lang='lat' dir='ltr'><strong>Itaque</strong></span> <span class='ocrx_word' id='word_1_220' title='bbox 1333 1813 1390 1858; x_wconf 91' lang='lat' dir='ltr'><strong>et</strong></span> <span class='ocrx_word' id='word_1_221' title='bbox 1442 1803 1600 1859; x_wconf 86' lang='lat' dir='ltr'><strong>ludos</strong></span> <span class='ocrx_word' id='word_1_222' title='bbox 1642 1788 1975 1869; x_wconf 36' lang='lat' dir='ltr'><strong>.circeuses,</strong></span> 
     </span>
    </p>
   </div>
   <div class='ocr_carea' id='block_1_29' title="bbox 404 1889 1979 1958">
    <p class='ocr_par' dir='ltr' id='par_1_29' title="bbox 404 1889 1979 1958">
     <span class='ocr_line' id='line_1_29' title="bbox 404 1889 1979 1958; baseline 0.007 -18"><span class='ocrx_word' id='word_1_223' title='bbox 404 1889 610 1957; x_wconf 83' lang='lat' dir='ltr'><strong>quibus</strong></span> <span class='ocrx_word' id='word_1_224' title='bbox 657 1891 891 1944; x_wconf 76' lang='lat' dir='ltr'><strong>maxime</strong></span> <span class='ocrx_word' id='word_1_225' title='bbox 945 1892 1174 1947; x_wconf 84' lang='lat' dir='ltr'><strong>Romani</strong></span> <span class='ocrx_word' id='word_1_226' title='bbox 1225 1892 1539 1958; x_wconf 86' lang='lat' dir='ltr'><strong>studebant,</strong></span> <span class='ocrx_word' id='word_1_227' title='bbox 1584 1911 1614 1949; x_wconf 88' lang='lat' dir='ltr'><strong>a</strong></span> <span class='ocrx_word' id='word_1_228' title='bbox 1647 1896 1867 1952; x_wconf 88' lang='lat' dir='ltr'><strong>Nerone</strong></span> <span class='ocrx_word' id='word_1_229' title='bbox 1907 1895 1979 1951; x_wconf 93' lang='lat' dir='ltr'><strong>ob</strong></span> 
     </span>
    </p>
   </div>
   <div class='ocr_carea' id='block_1_30' title="bbox 403 1980 1980 2059">
    <p class='ocr_par' dir='ltr' id='par_1_30' title="bbox 403 1980 1980 2059">
     <span class='ocr_line' id='line_1_30' title="bbox 403 1980 1980 2059; baseline 0.004 -25"><span class='ocrx_word' id='word_1_230' title='bbox 403 1981 635 2035; x_wconf 78' lang='lat' dir='ltr'><strong>salutem</strong></span> <span class='ocrx_word' id='word_1_231' title='bbox 661 1980 901 2044; x_wconf 79' lang='lat' dir='ltr'><strong>Claudii,</strong></span> <span class='ocrx_word' id='word_1_232' title='bbox 938 1999 1102 2052; x_wconf 90' lang='lat' dir='ltr'><strong>quam</strong></span> <span class='ocrx_word' id='word_1_233' title='bbox 1134 1984 1367 2040; x_wconf 81' lang='lat' dir='ltr'><strong>maxime</strong></span> <span class='ocrx_word' id='word_1_234' title='bbox 1396 1985 1815 2055; x_wconf 79' lang='lat' dir='ltr'><strong>deprecabatur,</strong></span> <span class='ocrx_word' id='word_1_235' title='bbox 1853 2001 1980 2059; x_wconf 88' lang='lat' dir='ltr'><strong>pro-</strong></span> 
     </span>
    </p>
   </div>
   <div class='ocr_carea' id='block_1_31' title="bbox 412 2074 1979 2149">
    <p class='ocr_par' dir='ltr' id='par_1_31' title="bbox 412 2074 1979 2149">
     <span class='ocr_line' id='line_1_31' title="bbox 412 2074 1979 2149; baseline 0.007 -25"><span class='ocrx_word' id='word_1_236' title='bbox 412 2074 708 2129; x_wconf 89' lang='lat' dir='ltr'><strong>mittendos</strong></span> <span class='ocrx_word' id='word_1_237' title='bbox 741 2078 955 2130; x_wconf 82' lang='lat' dir='ltr'><strong>curavit</strong></span> <span class='ocrx_word' id='word_1_238' title='bbox 988 2093 1002 2129; x_wconf 88' lang='lat'><strong>:</strong></span> <span class='ocrx_word' id='word_1_239' title='bbox 1034 2089 1088 2132; x_wconf 90' lang='lat' dir='ltr'><strong>et</strong></span> <span class='ocrx_word' id='word_1_240' title='bbox 1121 2077 1355 2132; x_wconf 89' lang='lat' dir='ltr'><strong>tumultu</strong></span> <span class='ocrx_word' id='word_1_241' title='bbox 1399 2078 1471 2132; x_wconf 92' lang='lat' dir='ltr'><strong>ob</strong></span> <span class='ocrx_word' id='word_1_242' title='bbox 1514 2082 1673 2149; x_wconf 89' lang='lat' dir='ltr'><strong>panis</strong></span> <span class='ocrx_word' id='word_1_243' title='bbox 1706 2079 1979 2135; x_wconf 78' lang='lat' dir='ltr'><strong>venditio-</strong></span> 
     </span>
    </p>
   </div>
   <div class='ocr_carea' id='block_1_32' title="bbox 413 2167 1980 2242">
    <p class='ocr_par' dir='ltr' id='par_1_32' title="bbox 413 2167 1980 2242">
     <span class='ocr_line' id='line_1_32' title="bbox 413 2167 1980 2242; baseline 0.004 -24"><span class='ocrx_word' id='word_1_244' title='bbox 413 2181 538 2219; x_wconf 64' lang='lat' dir='ltr'><strong>nem</strong></span> <span class='ocrx_word' id='word_1_245' title='bbox 571 2167 895 2233; x_wconf 89' lang='lat' dir='ltr'><strong>subornato,</strong></span> <span class='ocrx_word' id='word_1_246' title='bbox 931 2168 1163 2224; x_wconf 87' lang='lat' dir='ltr'><strong>Claudio</strong></span> <span class='ocrx_word' id='word_1_247' title='bbox 1196 2172 1499 2241; x_wconf 87' lang='lat' dir='ltr'><strong>persuasit,</strong></span> <span class='ocrx_word' id='word_1_248' title='bbox 1534 2182 1592 2225; x_wconf 87' lang='lat' dir='ltr'><strong>ut</strong></span> <span class='ocrx_word' id='word_1_249' title='bbox 1632 2170 1835 2242; x_wconf 90' lang='lat' dir='ltr'><strong>populo</strong></span> <span class='ocrx_word' id='word_1_250' title='bbox 1883 2187 1980 2241; x_wconf 88' lang='lat' dir='ltr'><strong>per</strong></span> 
     </span>
    </p>
   </div>
   <div class='ocr_carea' id='block_1_33' title="bbox 407 2256 1976 2333">
    <p class='ocr_par' dir='ltr' id='par_1_33' title="bbox 407 2256 1976 2333">
     <span class='ocr_line' id='line_1_33' title="bbox 407 2256 1976 2333; baseline 0.005 -25"><span class='ocrx_word' id='word_1_251' title='bbox 407 2256 690 2326; x_wconf 82' lang='lat' dir='ltr'><strong>publicum</strong></span> <span class='ocrx_word' id='word_1_252' title='bbox 719 2259 986 2323; x_wconf 90' lang='lat' dir='ltr'><strong>edictum,</strong></span> <span class='ocrx_word' id='word_1_253' title='bbox 1008 2261 1222 2315; x_wconf 81' lang='lat' dir='ltr'><strong>senatui</strong></span> <span class='ocrx_word' id='word_1_254' title='bbox 1256 2278 1351 2331; x_wconf 91' lang='lat' dir='ltr'><strong>per</strong></span> <span class='ocrx_word' id='word_1_255' title='bbox 1385 2263 1598 2319; x_wconf 90' lang='lat' dir='ltr'><strong>litteras</strong></span> <span class='ocrx_word' id='word_1_256' title='bbox 1621 2262 1976 2333; x_wconf 80' lang='lat' dir='ltr'><strong>signiﬁcaret,</strong></span> 
     </span>
    </p>
   </div>
   <div class='ocr_carea' id='block_1_34' title="bbox 398 2340 1978 2428">
    <p class='ocr_par' dir='ltr' id='par_1_34' title="bbox 398 2340 1978 2428">
     <span class='ocr_line' id='line_1_34' title="bbox 398 2340 1978 2428; baseline 0.003 -24"><span class='ocrx_word' id='word_1_257' title='bbox 398 2340 509 2405; x_wconf 42' lang='lat' dir='ltr'><strong>&#39;e&#39;si</strong></span> <span class='ocrx_word' id='word_1_258' title='bbox 544 2350 659 2422; x_wconf 89' lang='lat' dir='ltr'><strong>ipse</strong></span> <span class='ocrx_word' id='word_1_259' title='bbox 688 2364 1025 2417; x_wconf 84' lang='lat' dir='ltr'><strong>moreretur,</strong></span> <span class='ocrx_word' id='word_1_260' title='bbox 1047 2353 1325 2409; x_wconf 80' lang='lat' dir='ltr'><strong>Neronem</strong></span> <span class='ocrx_word' id='word_1_261' title='bbox 1348 2355 1457 2428; x_wconf 83' lang='lat' dir='ltr'><strong>jam</strong></span> <span class='ocrx_word' id='word_1_262' title='bbox 1484 2354 1550 2409; x_wconf 91' lang='lat' dir='ltr'><strong>ad</strong></span> <span class='ocrx_word' id='word_1_263' title='bbox 1583 2354 1978 2426; x_wconf 85' lang='lat' dir='ltr'><strong>rempublicam</strong></span> 
     </span>
    </p>
   </div>
   <div class='ocr_carea' id='block_1_35' title="bbox 405 2442 1980 2517">
    <p class='ocr_par' dir='ltr' id='par_1_35' title="bbox 405 2442 1980 2517">
     <span class='ocr_line' id='line_1_35' title="bbox 405 2442 1980 2517; baseline 0.005 -22"><span class='ocrx_word' id='word_1_264' title='bbox 405 2442 899 2498; x_wconf 76' lang='lat' dir='ltr'><strong>administrandam</strong></span> <span class='ocrx_word' id='word_1_265' title='bbox 938 2460 1061 2500; x_wconf 89' lang='lat' dir='ltr'><strong>esse</strong></span> <span class='ocrx_word' id='word_1_266' title='bbox 1115 2445 1396 2501; x_wconf 90' lang='lat' dir='ltr'><strong>idoneum.</strong></span> <span class='ocrx_word' id='word_1_267' title='bbox 1446 2446 1499 2501; x_wconf 89' lang='lat' dir='ltr'><strong>ls</strong></span> <span class='ocrx_word' id='word_1_268' title='bbox 1556 2445 1725 2517; x_wconf 81' lang='lat' dir='ltr'><strong>igitur</strong></span> <span class='ocrx_word' id='word_1_269' title='bbox 1780 2461 1847 2500; x_wconf 79' lang='lat' dir='ltr'><strong>ex</strong></span> <span class='ocrx_word' id='word_1_270' title='bbox 1912 2461 1980 2503; x_wconf 91' lang='lat' dir='ltr'><strong>eo</strong></span> 
     </span>
    </p>
   </div>
   <div class='ocr_carea' id='block_1_36' title="bbox 410 2534 1981 2603">
    <p class='ocr_par' dir='ltr' id='par_1_36' title="bbox 410 2534 1981 2603">
     <span class='ocr_line' id='line_1_36' title="bbox 410 2534 1981 2603; baseline 0.006 -18"><span class='ocrx_word' id='word_1_271' title='bbox 410 2549 640 2603; x_wconf 80' lang='lat' dir='ltr'><strong>magnus</strong></span> <span class='ocrx_word' id='word_1_272' title='bbox 667 2534 793 2597; x_wconf 85' lang='lat' dir='ltr'><strong>fuit,</strong></span> <span class='ocrx_word' id='word_1_273' title='bbox 827 2546 878 2589; x_wconf 93' lang='lat' dir='ltr'><strong>et</strong></span> <span class='ocrx_word' id='word_1_274' title='bbox 913 2536 1136 2591; x_wconf 89' lang='lat' dir='ltr'><strong>celeber</strong></span> <span class='ocrx_word' id='word_1_275' title='bbox 1169 2555 1182 2591; x_wconf 92' lang='lat'><strong>:</strong></span> <span class='ocrx_word' id='word_1_276' title='bbox 1211 2536 1593 2593; x_wconf 89' lang='lat' dir='ltr'><strong>Britannicum</strong></span> <span class='ocrx_word' id='word_1_277' title='bbox 1636 2554 1765 2593; x_wconf 90' lang='lat' dir='ltr'><strong>vero</strong></span> <span class='ocrx_word' id='word_1_278' title='bbox 1793 2538 1981 2594; x_wconf 88' lang='lat' dir='ltr'><strong>vivere</strong></span> 
     </span>
    </p>
   </div>
   <div class='ocr_carea' id='block_1_37' title="bbox 409 2624 1983 2697">
    <p class='ocr_par' dir='ltr' id='par_1_37' title="bbox 409 2624 1983 2697">
     <span class='ocr_line' id='line_1_37' title="bbox 409 2624 1983 2697; baseline 0.005 -22"><span class='ocrx_word' id='word_1_279' title='bbox 409 2624 660 2694; x_wconf 79' lang='lat' dir='ltr'><strong>plerique</strong></span> <span class='ocrx_word' id='word_1_280' title='bbox 703 2626 1065 2697; x_wconf 78' lang='lat' dir='ltr'><strong>ignorabant,</strong></span> <span class='ocrx_word' id='word_1_281' title='bbox 1098 2628 1282 2684; x_wconf 79' lang='lat' dir='ltr'><strong>caeteri</strong></span> <span class='ocrx_word' id='word_1_282' title='bbox 1328 2644 1393 2684; x_wconf 80' lang='lat' dir='ltr'><strong>ex</strong></span> <span class='ocrx_word' id='word_1_283' title='bbox 1437 2629 1754 2685; x_wconf 90' lang='lat' dir='ltr'><strong>rumoribus</strong></span> <span class='ocrx_word' id='word_1_284' title='bbox 1802 2646 1833 2685; x_wconf 90' lang='lat' dir='ltr'><strong>a</strong></span> <span class='ocrx_word' id='word_1_285' title='bbox 1880 2646 1983 2684; x_wconf 84' lang='lat' dir='ltr'><strong>no-</strong></span> 
     </span>
    </p>
   </div>
   <div class='ocr_carea' id='block_1_38' title="bbox 409 2717 1982 2789">
    <p class='ocr_par' dir='ltr' id='par_1_38' title="bbox 409 2717 1982 2789">
     <span class='ocr_line' id='line_1_38' title="bbox 409 2717 1982 2789; baseline 0.007 -25"><span class='ocrx_word' id='word_1_286' title='bbox 409 2730 569 2768; x_wconf 63' lang='grc' dir='ltr'>τοι·ιά</span> <span class='ocrx_word' id='word_1_287' title='bbox 601 2717 840 2784; x_wconf 87' lang='lat' dir='ltr'><strong>sparsis,</strong></span> <span class='ocrx_word' id='word_1_288' title='bbox 879 2717 1167 2772; x_wconf 87' lang='lat' dir='ltr'><strong>vecordem</strong></span> <span class='ocrx_word' id='word_1_289' title='bbox 1214 2728 1271 2772; x_wconf 89' lang='lat' dir='ltr'><strong>et</strong></span> <span class='ocrx_word' id='word_1_290' title='bbox 1309 2718 1611 2774; x_wconf 89' lang='lat' dir='ltr'><strong>lunatieum</strong></span> <span class='ocrx_word' id='word_1_291' title='bbox 1656 2733 1778 2774; x_wconf 89' lang='lat' dir='ltr'><strong>esse</strong></span> <span class='ocrx_word' id='word_1_292' title='bbox 1818 2729 1982 2789; x_wconf 89' lang='lat' dir='ltr'><strong>puta-</strong></span> 
     </span>
    </p>
   </div>
   <div class='ocr_carea' id='block_1_39' title="bbox 400 2805 1983 2875">
    <p class='ocr_par' dir='ltr' id='par_1_39' title="bbox 400 2805 1983 2875">
     <span class='ocr_line' id='line_1_39' title="bbox 400 2805 1983 2875; baseline 0.006 -16"><span class='ocrx_word' id='word_1_293' title='bbox 400 2805 563 2860; x_wconf 74' lang='lat' dir='ltr'><strong>lumt.</strong></span> <span class='ocrx_word' id='word_1_294' title='bbox 600 2806 735 2861; x_wconf 89' lang='lat' dir='ltr'><strong>Cum</strong></span> <span class='ocrx_word' id='word_1_295' title='bbox 769 2807 1034 2864; x_wconf 88' lang='lat' dir='ltr'><strong>Claudius</strong></span> <span class='ocrx_word' id='word_1_296' title='bbox 1062 2811 1455 2875; x_wconf 77' lang='lat' dir='ltr'><strong>convaluisset,</strong></span> <span class='ocrx_word' id='word_1_297' title='bbox 1489 2812 1635 2868; x_wconf 87' lang='lat' dir='ltr'><strong>Nero</strong></span> <span class='ocrx_word' id='word_1_298' title='bbox 1668 2812 1827 2869; x_wconf 88' lang='lat' dir='ltr'><strong>ludos</strong></span> <span class='ocrx_word' id='word_1_299' title='bbox 1864 2829 1983 2868; x_wconf 85' lang='lat' dir='ltr'><strong>ma-</strong></span> 
     </span>
    </p>
   </div>
   <div class='ocr_carea' id='block_1_40' title="bbox 407 2899 1980 2976">
    <p class='ocr_par' dir='ltr' id='par_1_40' title="bbox 407 2899 1980 2976">
     <span class='ocr_line' id='line_1_40' title="bbox 407 2899 1980 2976; baseline 0.006 -25"><span class='ocrx_word' id='word_1_300' title='bbox 407 2900 606 2969; x_wconf 79' lang='lat' dir='ltr'><strong>gnifice</strong></span> <span class='ocrx_word' id='word_1_301' title='bbox 638 2899 802 2967; x_wconf 84' lang='lat' dir='ltr'><strong>fecit,</strong></span> <span class='ocrx_word' id='word_1_302' title='bbox 836 2911 890 2955; x_wconf 90' lang='lat' dir='ltr'><strong>et</strong></span> <span class='ocrx_word' id='word_1_303' title='bbox 917 2904 1020 2957; x_wconf 90' lang='lat' dir='ltr'><strong>sub</strong></span> <span class='ocrx_word' id='word_1_304' title='bbox 1048 2904 1192 2958; x_wconf 90' lang='lat' dir='ltr'><strong>idem</strong></span> <span class='ocrx_word' id='word_1_305' title='bbox 1229 2914 1443 2976; x_wconf 87' lang='lat' dir='ltr'><strong>tempus</strong></span> <span class='ocrx_word' id='word_1_306' title='bbox 1483 2902 1763 2961; x_wconf 81' lang='lat' dir='ltr'><strong>Octaviam</strong></span> <span class='ocrx_word' id='word_1_307' title='bbox 1803 2905 1980 2968; x_wconf 77' lang='lat' dir='ltr'><strong>duxit,</strong></span> 
     </span>
    </p>
   </div>
   <div class='ocr_carea' id='block_1_41' title="bbox 2075 1703 3693 1782">
    <p class='ocr_par' dir='ltr' id='par_1_41' title="bbox 2075 1703 3693 1782">
     <span class='ocr_line' id='line_1_41' title="bbox 2075 1703 3693 1782; baseline 0.007 -27"><span class='ocrx_word' id='word_1_308' title='bbox 2075 1705 2278 1774; x_wconf 67' lang='grc' dir='ltr'>τρόπον</span> <span class='ocrx_word' id='word_1_309' title='bbox 2308 1705 2344 1775; x_wconf 72' lang='grc' dir='ltr'><strong>ἡ</strong></span> <span class='ocrx_word' id='word_1_310' title='bbox 2382 1703 2714 1774; x_wconf 81' lang='grc' dir='ltr'>Ἀγριππίνα</span> <span class='ocrx_word' id='word_1_311' title='bbox 2736 1704 2936 1771; x_wconf 81' lang='grc' dir='ltr'>ἐκίνει,</span> <span class='ocrx_word' id='word_1_312' title='bbox 2974 1705 3059 1759; x_wconf 78' lang='grc' dir='ltr'>ἵνα</span> <span class='ocrx_word' id='word_1_313' title='bbox 3086 1707 3165 1778; x_wconf 82' lang='grc' dir='ltr'><strong>τῷ</strong></span> <span class='ocrx_word' id='word_1_314' title='bbox 3195 1725 3253 1761; x_wconf 87' lang='grc' dir='ltr'><strong>τε</strong></span> <span class='ocrx_word' id='word_1_315' title='bbox 3284 1709 3477 1781; x_wconf 83' lang='grc' dir='ltr'>πλήθει</span> <span class='ocrx_word' id='word_1_316' title='bbox 3501 1713 3693 1782; x_wconf 68' lang='grc' dir='ltr'>χαρί-</span> 
     </span>
    </p>
   </div>
   <div class='ocr_carea' id='block_1_42' title="bbox 2077 1795 3694 1876">
    <p class='ocr_par' dir='ltr' id='par_1_42' title="bbox 2077 1795 3694 1876">
     <span class='ocr_line' id='line_1_42' title="bbox 2077 1795 3694 1876; baseline 0.004 -27"><span class='ocrx_word' id='word_1_317' title='bbox 2077 1796 2224 1860; x_wconf 69' lang='grc' dir='ltr'>ζοιτο</span> <span class='ocrx_word' id='word_1_318' title='bbox 2278 1797 2375 1850; x_wconf 78' lang='grc' dir='ltr'>καὶ</span> <span class='ocrx_word' id='word_1_319' title='bbox 2435 1796 2601 1867; x_wconf 81' lang='grc' dir='ltr'>μόνος</span> <span class='ocrx_word' id='word_1_320' title='bbox 2649 1795 2875 1851; x_wconf 77' lang='grc' dir='ltr'>ἔσεσθαι</span> <span class='ocrx_word' id='word_1_321' title='bbox 2907 1798 3185 1869; x_wconf 75' lang='grc' dir='ltr'>νομίζοιτο</span> <span class='ocrx_word' id='word_1_322' title='bbox 3215 1801 3313 1871; x_wconf 80' lang='grc' dir='ltr'><strong>τῆς</strong></span> <span class='ocrx_word' id='word_1_323' title='bbox 3360 1803 3694 1876; x_wconf 73' lang='grc' dir='ltr'>αύταρχίεις</span> 
     </span>
    </p>
   </div>
   <div class='ocr_carea' id='block_1_43' title="bbox 2075 1885 3691 1965">
    <p class='ocr_par' dir='ltr' id='par_1_43' title="bbox 2075 1885 3691 1965">
     <span class='ocr_line' id='line_1_43' title="bbox 2075 1885 3691 1965; baseline 0.006 -23"><span class='ocrx_word' id='word_1_324' title='bbox 2075 1888 2344 1958; x_wconf 68' lang='grc' dir='ltr'>διάδοχος.</span> <span class='ocrx_word' id='word_1_325' title='bbox 2371 1886 2464 1940; x_wconf 83' lang='grc' dir='ltr'>Διδ</span> <span class='ocrx_word' id='word_1_326' title='bbox 2498 1888 2587 1942; x_wconf 81' lang='grc' dir='ltr'>τόν</span> <span class='ocrx_word' id='word_1_327' title='bbox 2614 1904 2673 1941; x_wconf 85' lang='grc' dir='ltr'><strong>τε</strong></span> <span class='ocrx_word' id='word_1_328' title='bbox 2721 1889 2948 1944; x_wconf 72' lang='grc' dir='ltr'>ίππικδν</span> <span class='ocrx_word' id='word_1_329' title='bbox 2978 1891 3186 1958; x_wconf 83' lang='grc' dir='ltr'>ἀγῶνα,</span> <span class='ocrx_word' id='word_1_330' title='bbox 3231 1885 3274 1959; x_wconf 82' lang='grc' dir='ltr'>ᾧ</span> <span class='ocrx_word' id='word_1_331' title='bbox 3304 1896 3691 1965; x_wconf 75' lang='grc' dir='ltr'><strong>προσέκειντο</strong></span> 
     </span>
    </p>
   </div>
   <div class='ocr_carea' id='block_1_44' title="bbox 2081 1978 3689 2058">
    <p class='ocr_par' dir='ltr' id='par_1_44' title="bbox 2081 1978 3689 2058">
     <span class='ocr_line' id='line_1_44' title="bbox 2081 1978 3689 2058; baseline 0.005 -25"><span class='ocrx_word' id='word_1_332' title='bbox 2081 1979 2339 2051; x_wconf 84' lang='grc' dir='ltr'>μάλιστα,</span> <span class='ocrx_word' id='word_1_333' title='bbox 2367 1978 2589 2050; x_wconf 83' lang='grc' dir='ltr'>ἐποίησε</span> <span class='ocrx_word' id='word_1_334' title='bbox 2622 1978 2711 2033; x_wconf 73' lang='grc' dir='ltr'>τὸν</span> <span class='ocrx_word' id='word_1_335' title='bbox 2730 1980 2961 2053; x_wconf 81' lang='grc' dir='ltr'>Νέρωνα</span> <span class='ocrx_word' id='word_1_336' title='bbox 2992 1983 3330 2054; x_wconf 75' lang='grc' dir='ltr'>ὑποσχέσθαι</span> <span class='ocrx_word' id='word_1_337' title='bbox 3356 1989 3449 2039; x_wconf 73' lang='grc' dir='ltr'>ἐπὶ</span> <span class='ocrx_word' id='word_1_338' title='bbox 3472 1990 3540 2058; x_wconf 78' lang='grc' dir='ltr'>τῇ</span> <span class='ocrx_word' id='word_1_339' title='bbox 3568 1987 3689 2041; x_wconf 70' lang='grc' dir='ltr'>τοῦ</span> 
     </span>
    </p>
   </div>
   <div class='ocr_carea' id='block_1_45' title="bbox 2080 2072 3692 2151">
    <p class='ocr_par' dir='ltr' id='par_1_45' title="bbox 2080 2072 3692 2151">
     <span class='ocr_line' id='line_1_45' title="bbox 2080 2072 3692 2151; baseline 0.004 -25"><span class='ocrx_word' id='word_1_340' title='bbox 2080 2072 2350 2126; x_wconf 79' lang='grc' dir='ltr'>Κλαυδίου</span> <span class='ocrx_word' id='word_1_341' title='bbox 2375 2072 2555 2143; x_wconf 82' lang='grc' dir='ltr'>ύγείᾳ,</span> <span class='ocrx_word' id='word_1_342' title='bbox 2587 2072 2658 2143; x_wconf 78' lang='grc' dir='ltr'>ἢν</span> <span class='ocrx_word' id='word_1_343' title='bbox 2697 2073 2790 2126; x_wconf 74' lang='grc' dir='ltr'>καὶ</span> <span class='ocrx_word' id='word_1_344' title='bbox 2826 2073 2966 2126; x_wconf 83' lang='grc' dir='ltr'>πάνυ</span> <span class='ocrx_word' id='word_1_345' title='bbox 3002 2075 3316 2148; x_wconf 84' lang='grc' dir='ltr'>ἅπηύχετο·</span> <span class='ocrx_word' id='word_1_346' title='bbox 3377 2080 3473 2132; x_wconf 82' lang='grc' dir='ltr'>καὶ</span> <span class='ocrx_word' id='word_1_347' title='bbox 3520 2080 3692 2151; x_wconf 74' lang='grc' dir='ltr'>πρὸς</span> 
     </span>
    </p>
   </div>
   <div class='ocr_carea' id='block_1_46' title="bbox 2079 2166 3690 2245">
    <p class='ocr_par' dir='ltr' id='par_1_46' title="bbox 2079 2166 3690 2245">
     <span class='ocr_line' id='line_1_46' title="bbox 2079 2166 3690 2245; baseline 0.006 -27"><span class='ocrx_word' id='word_1_348' title='bbox 2079 2166 2175 2237; x_wconf 78' lang='grc' dir='ltr'>τὴν</span> <span class='ocrx_word' id='word_1_349' title='bbox 2198 2167 2402 2236; x_wconf 80' lang='grc' dir='ltr'>πρᾶσιν</span> <span class='ocrx_word' id='word_1_350' title='bbox 2426 2166 2534 2219; x_wconf 85' lang='grc' dir='ltr'><strong>τῶν</strong></span> <span class='ocrx_word' id='word_1_351' title='bbox 2566 2166 2748 2237; x_wconf 80' lang='grc' dir='ltr'>ἄρτων</span> <span class='ocrx_word' id='word_1_352' title='bbox 2784 2166 3013 2240; x_wconf 75' lang='grc' dir='ltr'>θόρυϐον</span> <span class='ocrx_word' id='word_1_353' title='bbox 3039 2186 3162 2222; x_wconf 90' lang='grc' dir='ltr'>τινα</span> <span class='ocrx_word' id='word_1_354' title='bbox 3194 2170 3445 2238; x_wconf 78' lang='grc' dir='ltr'>γενέσθαι</span> <span class='ocrx_word' id='word_1_355' title='bbox 3476 2191 3690 2245; x_wconf 65' lang='grc' dir='ltr'>παραυ</span> 
     </span>
    </p>
   </div>
   <div class='ocr_carea' id='block_1_47' title="bbox 2082 2258 3693 2337">
    <p class='ocr_par' dir='ltr' id='par_1_47' title="bbox 2082 2258 3693 2337">
     <span class='ocr_line' id='line_1_47' title="bbox 2082 2258 3693 2337; baseline 0.006 -26"><span class='ocrx_word' id='word_1_356' title='bbox 2082 2258 2425 2323; x_wconf 76' lang='grc' dir='ltr'>σκευάσασα,</span> <span class='ocrx_word' id='word_1_357' title='bbox 2457 2258 2714 2312; x_wconf 84' lang='grc' dir='ltr'>ἀνέπεισε</span> <span class='ocrx_word' id='word_1_358' title='bbox 2743 2258 2835 2312; x_wconf 80' lang='grc' dir='ltr'>τὸν</span> <span class='ocrx_word' id='word_1_359' title='bbox 2889 2259 3178 2324; x_wconf 83' lang='grc' dir='ltr'>Κλαύδιον,</span> <span class='ocrx_word' id='word_1_360' title='bbox 3205 2261 3284 2333; x_wconf 82' lang='grc' dir='ltr'><strong>τῷ</strong></span> <span class='ocrx_word' id='word_1_361' title='bbox 3315 2262 3370 2316; x_wconf 86' lang='grc' dir='ltr'><strong>δέ</strong></span> <span class='ocrx_word' id='word_1_362' title='bbox 3398 2264 3567 2337; x_wconf 79' lang='grc' dir='ltr'>δήμῳ</span> <span class='ocrx_word' id='word_1_363' title='bbox 3608 2269 3693 2322; x_wconf 72' lang='grc' dir='ltr'><strong>ἐκ</strong></span> 
     </span>
    </p>
   </div>
   <div class='ocr_carea' id='block_1_48' title="bbox 2082 2348 3685 2428">
    <p class='ocr_par' dir='ltr' id='par_1_48' title="bbox 2082 2348 3685 2428">
     <span class='ocr_line' id='line_1_48' title="bbox 2082 2348 3685 2428; baseline 0.006 -28"><span class='ocrx_word' id='word_1_364' title='bbox 2082 2351 2410 2419; x_wconf 79' lang='grc' dir='ltr'>προγραφῆς</span> <span class='ocrx_word' id='word_1_365' title='bbox 2433 2348 2694 2419; x_wconf 85' lang='grc' dir='ltr'>δηλῶσαι,</span> <span class='ocrx_word' id='word_1_366' title='bbox 2723 2350 2816 2404; x_wconf 81' lang='grc' dir='ltr'>καὶ</span> <span class='ocrx_word' id='word_1_367' title='bbox 2837 2353 2903 2421; x_wconf 77' lang='grc' dir='ltr'>τῇ</span> <span class='ocrx_word' id='word_1_368' title='bbox 2935 2352 3196 2425; x_wconf 78' lang='grc' dir='ltr'>γερουσίᾳ</span> <span class='ocrx_word' id='word_1_369' title='bbox 3216 2356 3516 2411; x_wconf 79' lang='grc' dir='ltr'>ἐπιστεῖλαι</span> <span class='ocrx_word' id='word_1_370' title='bbox 3545 2359 3685 2428; x_wconf 79' lang='grc' dir='ltr'>ὅτι,</span> 
     </span>
    </p>
   </div>
   <div class='ocr_carea' id='block_1_49' title="bbox 2080 2438 3687 2520">
    <p class='ocr_par' dir='ltr' id='par_1_49' title="bbox 2080 2438 3687 2520">
     <span class='ocr_line' id='line_1_49' title="bbox 2080 2438 3687 2520; baseline 0.005 -29"><span class='ocrx_word' id='word_1_371' title='bbox 2080 2438 2186 2492; x_wconf 79' lang='grc' dir='ltr'>κᾶν</span> <span class='ocrx_word' id='word_1_372' title='bbox 2215 2438 2377 2503; x_wconf 74' lang='grc' dir='ltr'>αὐτὸς</span> <span class='ocrx_word' id='word_1_373' title='bbox 2406 2439 2691 2504; x_wconf 80' lang='grc' dir='ltr'>ἀποθάνοι,</span> <span class='ocrx_word' id='word_1_374' title='bbox 2743 2441 2773 2493; x_wconf 95' lang='lat'><strong>6</strong></span> <span class='ocrx_word' id='word_1_375' title='bbox 2828 2439 3019 2512; x_wconf 79' lang='grc' dir='ltr'>Νέρων</span> <span class='ocrx_word' id='word_1_376' title='bbox 3052 2443 3120 2495; x_wconf 83' lang='grc' dir='ltr'>τὰ</span> <span class='ocrx_word' id='word_1_377' title='bbox 3144 2446 3295 2497; x_wconf 68' lang='grc' dir='ltr'>κοινὰ</span> <span class='ocrx_word' id='word_1_378' title='bbox 3325 2445 3510 2508; x_wconf 75' lang='grc' dir='ltr'>ἱκανὸς</span> <span class='ocrx_word' id='word_1_379' title='bbox 3552 2448 3687 2520; x_wconf 63' lang='grc' dir='ltr'><strong>ἤδη</strong></span> 
     </span>
    </p>
   </div>
   <div class='ocr_carea' id='block_1_50' title="bbox 2080 2530 3691 2607">
    <p class='ocr_par' dir='ltr' id='par_1_50' title="bbox 2080 2530 3691 2607">
     <span class='ocr_line' id='line_1_50' title="bbox 2080 2530 3691 2607; baseline 0.006 -25"><span class='ocrx_word' id='word_1_380' title='bbox 2080 2530 2200 2584; x_wconf 76' lang='grc' dir='ltr'>ἐστὶ</span> <span class='ocrx_word' id='word_1_381' title='bbox 2252 2531 2495 2586; x_wconf 80' lang='grc' dir='ltr'><strong>διοικεῖν.</strong></span> <span class='ocrx_word' id='word_1_382' title='bbox 2556 2531 2670 2585; x_wconf 72' lang='grc' dir='ltr'><strong>Καὶ</strong></span> <span class='ocrx_word' id='word_1_383' title='bbox 2719 2533 2747 2585; x_wconf 92' lang='lat'><strong>6</strong></span> <span class='ocrx_word' id='word_1_384' title='bbox 2781 2533 2879 2603; x_wconf 86' lang='grc' dir='ltr'>μὲν</span> <span class='ocrx_word' id='word_1_385' title='bbox 2916 2533 3078 2597; x_wconf 87' lang='grc' dir='ltr'>πολύς</span> <span class='ocrx_word' id='word_1_386' title='bbox 3105 2552 3162 2587; x_wconf 89' lang='grc' dir='ltr'>τε</span> <span class='ocrx_word' id='word_1_387' title='bbox 3202 2533 3387 2589; x_wconf 75' lang='grc' dir='ltr'>ἔκτοτε</span> <span class='ocrx_word' id='word_1_388' title='bbox 3437 2532 3533 2607; x_wconf 79' lang='grc' dir='ltr'>ἦν,</span> <span class='ocrx_word' id='word_1_389' title='bbox 3567 2542 3691 2592; x_wconf 68' lang='grc' dir='ltr'>καὶ</span> 
     </span>
    </p>
   </div>
   <div class='ocr_carea' id='block_1_51' title="bbox 2081 2621 3693 2699">
    <p class='ocr_par' dir='ltr' id='par_1_51' title="bbox 2081 2621 3693 2699">
     <span class='ocr_line' id='line_1_51' title="bbox 2081 2621 3693 2699; baseline 0.005 -23"><span class='ocrx_word' id='word_1_390' title='bbox 2081 2621 2169 2677; x_wconf 70' lang='grc' dir='ltr'><strong>διὰ</strong></span> <span class='ocrx_word' id='word_1_391' title='bbox 2209 2626 2480 2693; x_wconf 85' lang='grc' dir='ltr'>στόματος</span> <span class='ocrx_word' id='word_1_392' title='bbox 2518 2622 2684 2694; x_wconf 67' lang='grc' dir='ltr'>ἤγετο</span> <span class='ocrx_word' id='word_1_393' title='bbox 2711 2623 2906 2680; x_wconf 78' lang='grc' dir='ltr'>ἅπασι.</span> <span class='ocrx_word' id='word_1_394' title='bbox 2934 2625 3037 2679; x_wconf 81' lang='grc' dir='ltr'><strong>Τὸν</strong></span> <span class='ocrx_word' id='word_1_395' title='bbox 3062 2626 3118 2680; x_wconf 84' lang='grc' dir='ltr'><strong>δέ</strong></span> <span class='ocrx_word' id='word_1_396' title='bbox 3154 2625 3515 2699; x_wconf 82' lang='grc' dir='ltr'>Βρεττανικὸν</span> <span class='ocrx_word' id='word_1_397' title='bbox 3564 2648 3693 2684; x_wconf 75' lang='lat' dir='ltr'><strong>cu-</strong></span> 
     </span>
    </p>
   </div>
   <div class='ocr_carea' id='block_1_52' title="bbox 2083 2714 3690 2794">
    <p class='ocr_par' dir='ltr' id='par_1_52' title="bbox 2083 2714 3690 2794">
     <span class='ocr_line' id='line_1_52' title="bbox 2083 2714 3690 2794; baseline 0.006 -27"><span class='ocrx_word' id='word_1_398' title='bbox 2083 2716 2199 2786; x_wconf 73' lang='grc' dir='ltr'>χνοὶ</span> <span class='ocrx_word' id='word_1_399' title='bbox 2223 2716 2321 2785; x_wconf 77' lang='grc' dir='ltr'><strong>μὲν</strong></span> <span class='ocrx_word' id='word_1_400' title='bbox 2353 2714 2464 2768; x_wconf 80' lang='grc' dir='ltr'>οὐδ’</span> <span class='ocrx_word' id='word_1_401' title='bbox 2494 2719 2542 2769; x_wconf 89' lang='grc' dir='ltr'><strong>εί</strong></span> <span class='ocrx_word' id='word_1_402' title='bbox 2568 2717 2665 2787; x_wconf 75' lang='grc' dir='ltr'><strong>ἐζη</strong></span> <span class='ocrx_word' id='word_1_403' title='bbox 2711 2717 3033 2786; x_wconf 89' lang='grc' dir='ltr'>ἐγίνωσκον,</span> <span class='ocrx_word' id='word_1_404' title='bbox 3078 2721 3127 2773; x_wconf 76' lang='grc' dir='ltr'><strong>οἱ</strong></span> <span class='ocrx_word' id='word_1_405' title='bbox 3157 2719 3339 2774; x_wconf 79' lang='grc' dir='ltr'>λο.ποὶ</span> <span class='ocrx_word' id='word_1_406' title='bbox 3390 2721 3443 2775; x_wconf 73' lang='grc' dir='ltr'>δὲ</span> <span class='ocrx_word' id='word_1_407' title='bbox 3477 2739 3690 2794; x_wconf 72' lang='grc' dir='ltr'>παρα-</span> 
     </span>
    </p>
   </div>
   <div class='ocr_carea' id='block_1_53' title="bbox 2085 2807 3691 2885">
    <p class='ocr_par' dir='ltr' id='par_1_53' title="bbox 2085 2807 3691 2885">
     <span class='ocr_line' id='line_1_53' title="bbox 2085 2807 3691 2885; baseline 0.005 -25"><span class='ocrx_word' id='word_1_408' title='bbox 2085 2807 2425 2877; x_wconf 76' lang='grc' dir='ltr'>πλῆγα’καὶ</span> <span class='ocrx_word' id='word_1_409' title='bbox 2488 2808 2833 2879; x_wconf 75' lang='grc' dir='ltr'>ἐπίληπτον,</span> <span class='ocrx_word' id='word_1_410' title='bbox 2892 2809 3065 2864; x_wconf 80' lang='grc' dir='ltr'>ταῦτα</span> <span class='ocrx_word' id='word_1_411' title='bbox 3129 2813 3507 2885; x_wconf 80' lang='grc' dir='ltr'>κηρυττούσης</span> <span class='ocrx_word' id='word_1_412' title='bbox 3562 2818 3691 2885; x_wconf 75' lang='grc' dir='ltr'>τῆς</span> 
     </span>
    </p>
   </div>
   <div class='ocr_carea' id='block_1_54' title="bbox 2095 2895 3688 2969">
    <p class='ocr_par' dir='ltr' id='par_1_54' title="bbox 2095 2895 3688 2969">
     <span class='ocr_line' id='line_1_54' title="bbox 2095 2895 3688 2969; baseline 0.002 -18"><span class='ocrx_word' id='word_1_413' title='bbox 2095 2897 2485 2969; x_wconf 79' lang='grc' dir='ltr'>Ἀγριππίνης,</span> <span class='ocrx_word' id='word_1_414' title='bbox 2537 2895 2738 2969; x_wconf 76' lang='grc' dir='ltr'>ᾧοντο’</span> <span class='ocrx_word' id='word_1_415' title='bbox 2795 2898 3087 2969; x_wconf 77' lang='grc' dir='ltr'>ραἲσαντος</span> <span class='ocrx_word' id='word_1_416' title='bbox 3130 2899 3185 2953; x_wconf 87' lang='grc' dir='ltr'><strong>δέ</strong></span> <span class='ocrx_word' id='word_1_417' title='bbox 3214 2897 3308 2952; x_wconf 79' lang='grc' dir='ltr'><strong>τοῦ</strong></span> <span class='ocrx_word' id='word_1_418' title='bbox 3365 2899 3688 2967; x_wconf 76' lang='grc' dir='ltr'>Κλαυδίου,</span> 
     </span>
    </p>
   </div>
   <div class='ocr_carea' id='block_1_55' title="bbox 411 2988 1984 3065">
    <p class='ocr_par' dir='ltr' id='par_1_55' title="bbox 411 2995 1984 3065">
     <span class='ocr_line' id='line_1_55' title="bbox 411 2995 1984 3065; baseline 0.006 -21"><span class='ocrx_word' id='word_1_419' title='bbox 411 3001 471 3044; x_wconf 89' lang='lat' dir='ltr'><strong>ut</strong></span> <span class='ocrx_word' id='word_1_420' title='bbox 503 3006 570 3045; x_wconf 79' lang='lat' dir='ltr'><strong>ex</strong></span> <span class='ocrx_word' id='word_1_421' title='bbox 605 3006 671 3046; x_wconf 93' lang='lat' dir='ltr'><strong>eo</strong></span> <span class='ocrx_word' id='word_1_422' title='bbox 696 3009 917 3063; x_wconf 87' lang='lat' dir='ltr'><strong>quoque</strong></span> <span class='ocrx_word' id='word_1_423' title='bbox 949 2995 1063 3065; x_wconf 89' lang='lat' dir='ltr'><strong>jam</strong></span> <span class='ocrx_word' id='word_1_424' title='bbox 1094 2995 1177 3049; x_wconf 84' lang='lat' dir='ltr'><strong>vir</strong></span> <span class='ocrx_word' id='word_1_425' title='bbox 1216 3011 1339 3051; x_wconf 88' lang='lat' dir='ltr'><strong>esse</strong></span> <span class='ocrx_word' id='word_1_426' title='bbox 1374 2997 1675 3052; x_wconf 84' lang='lat' dir='ltr'><strong>videretur.</strong></span> <span class='ocrx_word' id='word_1_427' title='bbox 1724 2997 1984 3065; x_wconf 87' lang='lat' dir='ltr'><strong>Quamvis</strong></span> 
     </span>
    </p>
   </div>
   <div class='ocr_carea' id='block_1_56' title="bbox 2088 2988 3688 3065">
    <p class='ocr_par' dir='ltr' id='par_1_56' title="bbox 2090 2988 3688 3061">
     <span class='ocr_line' id='line_1_56' title="bbox 2090 2988 3688 3061; baseline 0.001 -20"><span class='ocrx_word' id='word_1_428' title='bbox 2090 2990 2185 3060; x_wconf 82' lang='grc' dir='ltr'><strong>τὴν</strong></span> <span class='ocrx_word' id='word_1_429' title='bbox 2221 2988 2586 3060; x_wconf 78' lang='grc' dir='ltr'>ἱπποδρομίαν</span> <span class='ocrx_word' id='word_1_430' title='bbox 2612 2990 2640 3041; x_wconf 90' lang='lat'><strong>6</strong></span> <span class='ocrx_word' id='word_1_431' title='bbox 2662 2989 2851 3060; x_wconf 83' lang='grc' dir='ltr'><strong>Νέρων</strong></span> <span class='ocrx_word' id='word_1_432' title='bbox 2880 2991 3314 3061; x_wconf 85' lang='grc' dir='ltr'>μεγαλοπρεπῶς</span> <span class='ocrx_word' id='word_1_433' title='bbox 3346 2991 3688 3057; x_wconf 72' lang='grc' dir='ltr'>ἐπετέλεσε,</span> 
     </span>
    </p>
   </div>
   <div class='ocr_carea' id='block_1_57' title="bbox 408 3085 1985 3157">
    <p class='ocr_par' dir='ltr' id='par_1_57' title="bbox 408 3085 1985 3157">
     <span class='ocr_line' id='line_1_57' title="bbox 408 3085 1985 3157; baseline 0.006 -22"><span class='ocrx_word' id='word_1_434' title='bbox 408 3090 596 3137; x_wconf 87' lang='lat' dir='ltr'><strong>autem</strong></span> <span class='ocrx_word' id='word_1_435' title='bbox 622 3085 934 3155; x_wconf 61' lang='lat' dir='ltr'><strong>Agrippinae</strong></span> <span class='ocrx_word' id='word_1_436' title='bbox 959 3095 1014 3141; x_wconf 86' lang='lat' dir='ltr'><strong>et</strong></span> <span class='ocrx_word' id='word_1_437' title='bbox 1045 3101 1108 3141; x_wconf 89' lang='lat' dir='ltr'><strong>ea</strong></span> <span class='ocrx_word' id='word_1_438' title='bbox 1138 3102 1259 3157; x_wconf 72' lang='lat' dir='ltr'><strong>qua:</strong></span> <span class='ocrx_word' id='word_1_439' title='bbox 1285 3086 1438 3143; x_wconf 89' lang='lat' dir='ltr'><strong>Livia</strong></span> <span class='ocrx_word' id='word_1_440' title='bbox 1471 3087 1773 3155; x_wconf 90' lang='lat' dir='ltr'><strong>habuerat,</strong></span> <span class='ocrx_word' id='word_1_441' title='bbox 1803 3090 1985 3145; x_wconf 89' lang='lat' dir='ltr'><strong>omnia</strong></span> 
     </span>
    </p>
   </div>
   <div class='ocr_carea' id='block_1_58' title="bbox 410 3175 1984 3245">
    <p class='ocr_par' dir='ltr' id='par_1_58' title="bbox 410 3175 1984 3245">
     <span class='ocr_line' id='line_1_58' title="bbox 410 3175 1984 3245; baseline 0.006 -21"><span class='ocrx_word' id='word_1_442' title='bbox 410 3188 672 3228; x_wconf 83' lang='lat' dir='ltr'><strong>concessa</strong></span> <span class='ocrx_word' id='word_1_443' title='bbox 700 3212 717 3238; x_wconf 92' lang='lat'><strong>,</strong></span> <span class='ocrx_word' id='word_1_444' title='bbox 771 3183 827 3228; x_wconf 89' lang='lat' dir='ltr'><strong>et</strong></span> <span class='ocrx_word' id='word_1_445' title='bbox 874 3175 1032 3245; x_wconf 88' lang='lat' dir='ltr'><strong>plura</strong></span> <span class='ocrx_word' id='word_1_446' title='bbox 1080 3179 1246 3232; x_wconf 88' lang='lat' dir='ltr'><strong>etiam</strong></span> <span class='ocrx_word' id='word_1_447' title='bbox 1297 3177 1521 3234; x_wconf 74' lang='lat' dir='ltr'><strong>decreta</strong></span> <span class='ocrx_word' id='word_1_448' title='bbox 1567 3187 1753 3234; x_wconf 88' lang='lat' dir='ltr'><strong>essent</strong></span> <span class='ocrx_word' id='word_1_449' title='bbox 1794 3197 1807 3233; x_wconf 91' lang='lat'><strong>:</strong></span> <span class='ocrx_word' id='word_1_450' title='bbox 1848 3179 1984 3234; x_wconf 89' lang='lat' dir='ltr'><strong>nihil</strong></span> 
     </span>
    </p>
   </div>
   <div class='ocr_carea' id='block_1_59' title="bbox 398 3250 1985 3341">
    <p class='ocr_par' dir='ltr' id='par_1_59' title="bbox 398 3250 1985 3341">
     <span class='ocr_line' id='line_1_59' title="bbox 398 3250 1985 3341; baseline 0.006 -26"><span class='ocrx_word' id='word_1_451' title='bbox 398 3256 597 3316; x_wconf 72' lang='lat' dir='ltr'><strong>tamen</strong></span> <span class='ocrx_word' id='word_1_452' title='bbox 627 3264 677 3317; x_wconf 94' lang='lat' dir='ltr'><strong>ei</strong></span> <span class='ocrx_word' id='word_1_453' title='bbox 718 3264 857 3319; x_wconf 89' lang='lat' dir='ltr'><strong>satis</strong></span> <span class='ocrx_word' id='word_1_454' title='bbox 885 3250 1041 3332; x_wconf 85' lang='lat' dir='ltr'><strong>erat,</strong></span> <span class='ocrx_word' id='word_1_455' title='bbox 1087 3267 1142 3321; x_wconf 92' lang='lat' dir='ltr'><strong>ni</strong></span> <span class='ocrx_word' id='word_1_456' title='bbox 1198 3268 1488 3324; x_wconf 79' lang='lat' dir='ltr'><strong>manifeste</strong></span> <span class='ocrx_word' id='word_1_457' title='bbox 1536 3286 1604 3324; x_wconf 84' lang='lat' dir='ltr'><strong>ex</strong></span> <span class='ocrx_word' id='word_1_458' title='bbox 1652 3285 1810 3341; x_wconf 64' lang='lat' dir='ltr'><strong>aequo</strong></span> <span class='ocrx_word' id='word_1_459' title='bbox 1859 3286 1985 3326; x_wconf 90' lang='lat' dir='ltr'><strong>cum</strong></span> 
     </span>
    </p>
   </div>
   <div class='ocr_carea' id='block_1_60' title="bbox 410 3353 1990 3433">
    <p class='ocr_par' dir='ltr' id='par_1_60' title="bbox 410 3353 1990 3433">
     <span class='ocr_line' id='line_1_60' title="bbox 410 3353 1990 3433; baseline 0.007 -25"><span class='ocrx_word' id='word_1_460' title='bbox 410 3353 645 3408; x_wconf 83' lang='lat' dir='ltr'><strong>Claudio</strong></span> <span class='ocrx_word' id='word_1_461' title='bbox 701 3354 1023 3427; x_wconf 71' lang='lat' dir='ltr'><strong>imper-atri:</strong></span> <span class='ocrx_word' id='word_1_462' title='bbox 1074 3361 1459 3417; x_wconf 86' lang='lat' dir='ltr'><strong>nominaretur</strong></span> <span class='ocrx_word' id='word_1_463' title='bbox 1501 3380 1516 3418; x_wconf 87' lang='lat'><strong>:</strong></span> <span class='ocrx_word' id='word_1_464' title='bbox 1559 3372 1615 3419; x_wconf 89' lang='lat' dir='ltr'><strong>et</strong></span> <span class='ocrx_word' id='word_1_465' title='bbox 1660 3379 1856 3433; x_wconf 79' lang='lat' dir='ltr'><strong>magno</strong></span> <span class='ocrx_word' id='word_1_466' title='bbox 1903 3364 1990 3419; x_wconf 89' lang='lat' dir='ltr'><strong>in-</strong></span> 
     </span>
    </p>
   </div>
   <div class='ocr_carea' id='block_1_61' title="bbox 412 3444 1983 3526">
    <p class='ocr_par' dir='ltr' id='par_1_61' title="bbox 412 3444 1983 3526">
     <span class='ocr_line' id='line_1_61' title="bbox 412 3444 1983 3526; baseline 0.008 -29"><span class='ocrx_word' id='word_1_467' title='bbox 412 3444 609 3499; x_wconf 85' lang='lat' dir='ltr'><strong>cendio</strong></span> <span class='ocrx_word' id='word_1_468' title='bbox 646 3447 838 3502; x_wconf 90' lang='lat' dir='ltr'><strong>urbem</strong></span> <span class='ocrx_word' id='word_1_469' title='bbox 884 3461 1239 3521; x_wconf 75' lang='lat' dir='ltr'><strong>perv-agaute,</strong></span> <span class='ocrx_word' id='word_1_470' title='bbox 1272 3469 1379 3507; x_wconf 91' lang='lat' dir='ltr'><strong>uua</strong></span> <span class='ocrx_word' id='word_1_471' title='bbox 1434 3470 1558 3509; x_wconf 90' lang='lat' dir='ltr'><strong>cum</strong></span> <span class='ocrx_word' id='word_1_472' title='bbox 1602 3456 1779 3510; x_wconf 89' lang='lat' dir='ltr'><strong>eo.ad</strong></span> <span class='ocrx_word' id='word_1_473' title='bbox 1826 3471 1983 3526; x_wconf 90' lang='lat' dir='ltr'><strong>opem</strong></span> 
     </span>
    </p>
   </div>
   <div class='ocr_carea' id='block_1_62' title="bbox 410 3535 1987 3619">
    <p class='ocr_par' dir='ltr' id='par_1_62' title="bbox 410 3535 1987 3619">
     <span class='ocr_line' id='line_1_62' title="bbox 410 3535 1987 3619; baseline 0.009 -30"><span class='ocrx_word' id='word_1_474' title='bbox 410 3535 698 3592; x_wconf 78' lang='lat' dir='ltr'><strong>ferendam</strong></span> <span class='ocrx_word' id='word_1_475' title='bbox 757 3540 811 3595; x_wconf 91' lang='lat' dir='ltr'><strong>in</strong></span> <span class='ocrx_word' id='word_1_476' title='bbox 869 3542 1149 3611; x_wconf 86' lang='lat' dir='ltr'><strong>publicum</strong></span> <span class='ocrx_word' id='word_1_477' title='bbox 1204 3545 1429 3615; x_wconf 89' lang='lat' dir='ltr'><strong>prodiit.</strong></span> <span class='ocrx_word' id='word_1_478' title='bbox 1495 3546 1758 3603; x_wconf 89' lang='lat' dir='ltr'><strong>Claudius</strong></span> <span class='ocrx_word' id='word_1_479' title='bbox 1818 3549 1987 3619; x_wconf 78' lang='lat' dir='ltr'><strong>igitur</strong></span> 
     </span>
    </p>
   </div>
   <div class='ocr_carea' id='block_1_63' title="bbox 412 3628 1983 3713">
    <p class='ocr_par' dir='ltr' id='par_1_63' title="bbox 412 3628 1983 3713">
     <span class='ocr_line' id='line_1_63' title="bbox 412 3628 1983 3713; baseline 0.008 -30"><span class='ocrx_word' id='word_1_480' title='bbox 412 3628 658 3686; x_wconf 81' lang='lat' dir='ltr'><strong>oﬂ‘eusus</strong></span> <span class='ocrx_word' id='word_1_481' title='bbox 710 3633 780 3687; x_wconf 92' lang='lat' dir='ltr'><strong>iis</strong></span> <span class='ocrx_word' id='word_1_482' title='bbox 825 3650 949 3704; x_wconf 65' lang='lat' dir='ltr'><strong>qua:</strong></span> <span class='ocrx_word' id='word_1_483' title='bbox 991 3635 1262 3693; x_wconf 88' lang='lat' dir='ltr'><strong>hactenus</strong></span> <span class='ocrx_word' id='word_1_484' title='bbox 1288 3649 1405 3693; x_wconf 85' lang='lat' dir='ltr'><strong>acta</strong></span> <span class='ocrx_word' id='word_1_485' title='bbox 1448 3654 1570 3696; x_wconf 89' lang='lat' dir='ltr'><strong>esse</strong></span> <span class='ocrx_word' id='word_1_486' title='bbox 1613 3652 1983 3713; x_wconf 78' lang='lat' dir='ltr'><strong>cognoverat,</strong></span> 
     </span>
    </p>
   </div>
   <div class='ocr_carea' id='block_1_64' title="bbox 412 3722 1987 3793">
    <p class='ocr_par' dir='ltr' id='par_1_64' title="bbox 412 3722 1987 3793">
     <span class='ocr_line' id='line_1_64' title="bbox 412 3722 1987 3793; baseline 0.008 -17"><span class='ocrx_word' id='word_1_487' title='bbox 412 3736 516 3776; x_wconf 88' lang='lat' dir='ltr'><strong>nec</strong></span> <span class='ocrx_word' id='word_1_488' title='bbox 564 3722 789 3779; x_wconf 90' lang='lat' dir='ltr'><strong>ferenda</strong></span> <span class='ocrx_word' id='word_1_489' title='bbox 831 3725 943 3793; x_wconf 89' lang='lat' dir='ltr'><strong>illa,</strong></span> <span class='ocrx_word' id='word_1_490' title='bbox 991 3738 1050 3783; x_wconf 90' lang='lat' dir='ltr'><strong>et</strong></span> <span class='ocrx_word' id='word_1_491' title='bbox 1099 3729 1387 3785; x_wconf 86' lang='lat' dir='ltr'><strong>mulierem</strong></span> <span class='ocrx_word' id='word_1_492' title='bbox 1440 3733 1803 3788; x_wconf 82' lang='lat' dir='ltr'><strong>coercendam</strong></span> <span class='ocrx_word' id='word_1_493' title='bbox 1861 3749 1987 3789; x_wconf 89' lang='lat' dir='ltr'><strong>esse</strong></span> 
     </span>
    </p>
   </div>
   <div class='ocr_carea' id='block_1_65' title="bbox 411 3814 1992 3892">
    <p class='ocr_par' dir='ltr' id='par_1_65' title="bbox 411 3814 1992 3892">
     <span class='ocr_line' id='line_1_65' title="bbox 411 3814 1992 3892; baseline 0.009 -27"><span class='ocrx_word' id='word_1_494' title='bbox 411 3822 589 3875; x_wconf 88' lang='lat' dir='ltr'><strong>ratus,</strong></span> <span class='ocrx_word' id='word_1_495' title='bbox 628 3814 1006 3871; x_wconf 83' lang='lat' dir='ltr'><strong>Britannicum</strong></span> <span class='ocrx_word' id='word_1_496' title='bbox 1031 3819 1156 3873; x_wconf 88' lang='lat' dir='ltr'><strong>data</strong></span> <span class='ocrx_word' id='word_1_497' title='bbox 1191 3819 1334 3875; x_wconf 88' lang='lat' dir='ltr'><strong>virili</strong></span> <span class='ocrx_word' id='word_1_498' title='bbox 1368 3829 1489 3892; x_wconf 81' lang='lat' dir='ltr'><strong>toga</strong></span> <span class='ocrx_word' id='word_1_499' title='bbox 1520 3822 1736 3892; x_wconf 89' lang='lat' dir='ltr'><strong>imperii</strong></span> <span class='ocrx_word' id='word_1_500' title='bbox 1767 3839 1992 3879; x_wconf 82' lang='lat' dir='ltr'><strong>succes-</strong></span> 
     </span>
    </p>
   </div>
   <div class='ocr_carea' id='block_1_66' title="bbox 413 3906 1984 3986">
    <p class='ocr_par' dir='ltr' id='par_1_66' title="bbox 413 3906 1984 3986">
     <span class='ocr_line' id='line_1_66' title="bbox 413 3906 1984 3986; baseline 0.008 -28"><span class='ocrx_word' id='word_1_501' title='bbox 413 3919 595 3959; x_wconf 87' lang='lat' dir='ltr'><strong>sorem</strong></span> <span class='ocrx_word' id='word_1_502' title='bbox 630 3906 919 3977; x_wconf 84' lang='lat' dir='ltr'><strong>designare</strong></span> <span class='ocrx_word' id='word_1_503' title='bbox 971 3908 1025 3963; x_wconf 91' lang='lat' dir='ltr'><strong>in</strong></span> <span class='ocrx_word' id='word_1_504' title='bbox 1067 3912 1254 3965; x_wconf 88' lang='lat' dir='ltr'><strong>animo</strong></span> <span class='ocrx_word' id='word_1_505' title='bbox 1288 3912 1501 3968; x_wconf 89' lang='lat' dir='ltr'><strong>habuit.</strong></span> <span class='ocrx_word' id='word_1_506' title='bbox 1534 3913 1654 3981; x_wconf 87' lang='lat' dir='ltr'><strong>Quo</strong></span> <span class='ocrx_word' id='word_1_507' title='bbox 1686 3915 1984 3986; x_wconf 82' lang='lat' dir='ltr'><strong>Agrippina</strong></span> 
     </span>
    </p>
   </div>
   <div class='ocr_carea' id='block_1_67' title="bbox 412 3996 1984 4078">
    <p class='ocr_par' dir='ltr' id='par_1_67' title="bbox 412 3996 1984 4078">
     <span class='ocr_line' id='line_1_67' title="bbox 412 3996 1984 4078; baseline 0.01 -30"><span class='ocrx_word' id='word_1_508' title='bbox 412 3996 665 4067; x_wconf 81' lang='lat' dir='ltr'><strong>cognito,</strong></span> <span class='ocrx_word' id='word_1_509' title='bbox 704 4014 919 4053; x_wconf 88' lang='lat' dir='ltr'><strong>veneno</strong></span> <span class='ocrx_word' id='word_1_510' title='bbox 967 4018 1092 4056; x_wconf 87' lang='lat' dir='ltr'><strong>eum</strong></span> <span class='ocrx_word' id='word_1_511' title='bbox 1142 4013 1515 4071; x_wconf 89' lang='lat' dir='ltr'><strong>antevertere,</strong></span> <span class='ocrx_word' id='word_1_512' title='bbox 1554 4006 1874 4078; x_wconf 86' lang='lat' dir='ltr'><strong>priusquam</strong></span> <span class='ocrx_word' id='word_1_513' title='bbox 1922 4023 1984 4063; x_wconf 90' lang='lat' dir='ltr'><strong>ea</strong></span> 
     </span>
    </p>
   </div>
   <div class='ocr_carea' id='block_1_68' title="bbox 413 4088 1985 4162">
    <p class='ocr_par' dir='ltr' id='par_1_68' title="bbox 413 4088 1985 4162">
     <span class='ocr_line' id='line_1_68' title="bbox 413 4088 1985 4162; baseline 0.008 -19"><span class='ocrx_word' id='word_1_514' title='bbox 413 4088 731 4158; x_wconf 84' lang='lat' dir='ltr'><strong>perficeret,</strong></span> <span class='ocrx_word' id='word_1_515' title='bbox 763 4093 1021 4149; x_wconf 69' lang='lat' dir='ltr'><strong>inszituit.</strong></span> <span class='ocrx_word' id='word_1_516' title='bbox 1058 4094 1213 4162; x_wconf 87' lang='lat' dir='ltr'><strong>Quod</strong></span> <span class='ocrx_word' id='word_1_517' title='bbox 1244 4113 1367 4152; x_wconf 92' lang='lat' dir='ltr'><strong>cum</strong></span> <span class='ocrx_word' id='word_1_518' title='bbox 1414 4099 1484 4154; x_wconf 89' lang='lat' dir='ltr'><strong>ob</strong></span> <span class='ocrx_word' id='word_1_519' title='bbox 1534 4114 1745 4154; x_wconf 91' lang='lat' dir='ltr'><strong>merum</strong></span> <span class='ocrx_word' id='word_1_520' title='bbox 1778 4100 1985 4156; x_wconf 84' lang='lat' dir='ltr'><strong>all‘atim</strong></span> 
     </span>
    </p>
   </div>
   <div class='ocr_carea' id='block_1_69' title="bbox 413 4182 1985 4254">
    <p class='ocr_par' dir='ltr' id='par_1_69' title="bbox 413 4182 1985 4254">
     <span class='ocr_line' id='line_1_69' title="bbox 413 4182 1985 4254; baseline 0.007 -19"><span class='ocrx_word' id='word_1_521' title='bbox 413 4195 633 4251; x_wconf 88' lang='lat' dir='ltr'><strong>semper</strong></span> <span class='ocrx_word' id='word_1_522' title='bbox 658 4196 688 4236; x_wconf 91' lang='lat' dir='ltr'><strong>a</strong></span> <span class='ocrx_word' id='word_1_523' title='bbox 714 4182 942 4239; x_wconf 85' lang='lat' dir='ltr'><strong>Claudio</strong></span> <span class='ocrx_word' id='word_1_524' title='bbox 970 4185 1178 4241; x_wconf 90' lang='lat' dir='ltr'><strong>hauriri</strong></span> <span class='ocrx_word' id='word_1_525' title='bbox 1209 4188 1432 4243; x_wconf 87' lang='lat' dir='ltr'><strong>solitum</strong></span> <span class='ocrx_word' id='word_1_526' title='bbox 1454 4229 1470 4254; x_wconf 93' lang='lat'><strong>,</strong></span> <span class='ocrx_word' id='word_1_527' title='bbox 1506 4197 1563 4246; x_wconf 87' lang='lat' dir='ltr'><strong>et</strong></span> <span class='ocrx_word' id='word_1_528' title='bbox 1586 4191 1764 4247; x_wconf 92' lang='lat' dir='ltr'><strong>victus</strong></span> <span class='ocrx_word' id='word_1_529' title='bbox 1813 4193 1985 4246; x_wconf 85' lang='lat' dir='ltr'><strong>ratio-</strong></span> 
     </span>
    </p>
   </div>
   <div class='ocr_carea' id='block_1_70' title="bbox 413 4278 1986 4354">
    <p class='ocr_par' dir='ltr' id='par_1_70' title="bbox 413 4278 1986 4354">
     <span class='ocr_line' id='line_1_70' title="bbox 413 4278 1986 4354; baseline 0.009 -29"><span class='ocrx_word' id='word_1_530' title='bbox 413 4286 565 4338; x_wconf 76' lang='lat' dir='ltr'><strong>nem,</strong></span> <span class='ocrx_word' id='word_1_531' title='bbox 616 4288 722 4342; x_wconf 89' lang='lat' dir='ltr'><strong>qua</strong></span> <span class='ocrx_word' id='word_1_532' title='bbox 774 4289 967 4331; x_wconf 89' lang='lat' dir='ltr'><strong>omnes</strong></span> <span class='ocrx_word' id='word_1_533' title='bbox 1017 4278 1295 4349; x_wconf 89' lang='lat' dir='ltr'><strong>principes</strong></span> <span class='ocrx_word' id='word_1_534' title='bbox 1355 4282 1572 4337; x_wconf 68' lang='lat' dir='ltr'><strong>tuenda:</strong></span> <span class='ocrx_word' id='word_1_535' title='bbox 1616 4283 1812 4338; x_wconf 90' lang='lat' dir='ltr'><strong>salutis</strong></span> <span class='ocrx_word' id='word_1_536' title='bbox 1856 4299 1986 4354; x_wconf 75' lang='lat' dir='ltr'><strong>ergo</strong></span> 
     </span>
    </p>
   </div>
   <div class='ocr_carea' id='block_1_71' title="bbox 414 4364 1986 4439">
    <p class='ocr_par' dir='ltr' id='par_1_71' title="bbox 414 4364 1986 4439">
     <span class='ocr_line' id='line_1_71' title="bbox 414 4364 1986 4439; baseline 0.009 -22"><span class='ocrx_word' id='word_1_537' title='bbox 414 4365 491 4418; x_wconf 86' lang='lat' dir='ltr'><strong>uti</strong></span> <span class='ocrx_word' id='word_1_538' title='bbox 522 4364 734 4430; x_wconf 83' lang='lat' dir='ltr'><strong>snleut,</strong></span> <span class='ocrx_word' id='word_1_539' title='bbox 778 4366 970 4423; x_wconf 81' lang='lat' dir='ltr'><strong>fuisset</strong></span> <span class='ocrx_word' id='word_1_540' title='bbox 1005 4369 1250 4425; x_wconf 74' lang='lat' dir='ltr'><strong>inefﬁcax</strong></span> <span class='ocrx_word' id='word_1_541' title='bbox 1281 4390 1295 4426; x_wconf 91' lang='lat'><strong>:</strong></span> <span class='ocrx_word' id='word_1_542' title='bbox 1324 4372 1614 4428; x_wconf 81' lang='lat' dir='ltr'><strong>Locustam</strong></span> <span class='ocrx_word' id='word_1_543' title='bbox 1643 4420 1655 4439; x_wconf 83' lang='lat'><strong>,</strong></span> <span class='ocrx_word' id='word_1_544' title='bbox 1688 4376 1986 4432; x_wconf 87' lang='lat' dir='ltr'><strong>veneficam</strong></span> 
     </span>
    </p>
   </div>
   <div class='ocr_carea' id='block_1_72' title="bbox 396 4454 1985 4539">
    <p class='ocr_par' dir='ltr' id='par_1_72' title="bbox 396 4454 1985 4539">
     <span class='ocr_line' id='line_1_72' title="bbox 396 4454 1985 4539; baseline 0.007 -28"><span class='ocrx_word' id='word_1_545' title='bbox 396 4454 712 4519; x_wconf 52' lang='lat' dir='ltr'><strong>&#39;celvbrem,</strong></span> <span class='ocrx_word' id='word_1_546' title='bbox 739 4459 809 4513; x_wconf 90' lang='lat' dir='ltr'><strong>ub</strong></span> <span class='ocrx_word' id='word_1_547' title='bbox 837 4461 888 4514; x_wconf 90' lang='lat' dir='ltr'><strong>id</strong></span> <span class='ocrx_word' id='word_1_548' title='bbox 918 4462 1092 4530; x_wconf 88' lang='lat' dir='ltr'><strong>ipsum</strong></span> <span class='ocrx_word' id='word_1_549' title='bbox 1123 4466 1330 4519; x_wconf 87' lang='lat' dir='ltr'><strong>crimen</strong></span> <span class='ocrx_word' id='word_1_550' title='bbox 1357 4483 1533 4536; x_wconf 89' lang='lat' dir='ltr'><strong>nuper</strong></span> <span class='ocrx_word' id='word_1_551' title='bbox 1561 4468 1985 4539; x_wconf 80' lang='lat' dir='ltr'><strong>deprehensam,</strong></span> 
     </span>
    </p>
   </div>
   <div class='ocr_carea' id='block_1_73' title="bbox 415 4550 1987 4629">
    <p class='ocr_par' dir='ltr' id='par_1_73' title="bbox 415 4550 1987 4629">
     <span class='ocr_line' id='line_1_73' title="bbox 415 4550 1987 4629; baseline 0.01 -29"><span class='ocrx_word' id='word_1_552' title='bbox 415 4550 744 4614; x_wconf 83' lang='lat' dir='ltr'><strong>accersivit,</strong></span> <span class='ocrx_word' id='word_1_553' title='bbox 800 4552 959 4622; x_wconf 85' lang='lat' dir='ltr'><strong>cujus</strong></span> <span class='ocrx_word' id='word_1_554' title='bbox 1013 4570 1180 4623; x_wconf 89' lang='lat' dir='ltr'><strong>opera</strong></span> <span class='ocrx_word' id='word_1_555' title='bbox 1242 4557 1452 4612; x_wconf 88' lang='lat' dir='ltr'><strong>boletos</strong></span> <span class='ocrx_word' id='word_1_556' title='bbox 1504 4559 1714 4629; x_wconf 87' lang='lat' dir='ltr'><strong>aliquot</strong></span> <span class='ocrx_word' id='word_1_557' title='bbox 1774 4575 1987 4615; x_wconf 85' lang='lat' dir='ltr'><strong>veneno</strong></span> 
     </span>
    </p>
   </div>
   <div class='ocr_carea' id='block_1_74' title="bbox 416 4637 1989 4718">
    <p class='ocr_par' dir='ltr' id='par_1_74' title="bbox 416 4637 1989 4718">
     <span class='ocr_line' id='line_1_74' title="bbox 416 4637 1989 4718; baseline 0.011 -29"><span class='ocrx_word' id='word_1_558' title='bbox 416 4637 578 4709; x_wconf 77' lang='lat'><strong>567</strong></span> <span class='ocrx_word' id='word_1_559' title='bbox 612 4642 865 4698; x_wconf 90' lang='lat' dir='ltr'><strong>lethifero</strong></span> <span class='ocrx_word' id='word_1_560' title='bbox 894 4645 1084 4701; x_wconf 86' lang='lat' dir='ltr'><strong>infecit</strong></span> <span class='ocrx_word' id='word_1_561' title='bbox 1113 4664 1127 4700; x_wconf 89' lang='lat'><strong>:</strong></span> <span class='ocrx_word' id='word_1_562' title='bbox 1156 4663 1218 4701; x_wconf 90' lang='lat' dir='ltr'><strong>ac</strong></span> <span class='ocrx_word' id='word_1_563' title='bbox 1259 4650 1373 4718; x_wconf 84' lang='lat' dir='ltr'><strong>ipsa</strong></span> <span class='ocrx_word' id='word_1_564' title='bbox 1413 4650 1479 4704; x_wconf 92' lang='lat' dir='ltr'><strong>de</strong></span> <span class='ocrx_word' id='word_1_565' title='bbox 1509 4651 1722 4705; x_wconf 69' lang='lat' dir='ltr'><strong>czeteris</strong></span> <span class='ocrx_word' id='word_1_566' title='bbox 1750 4652 1899 4709; x_wconf 86' lang='lat' dir='ltr'><strong>edit.</strong></span> <span class='ocrx_word' id='word_1_567' title='bbox 1932 4661 1989 4706; x_wconf 89' lang='lat' dir='ltr'><strong>et</strong></span> 
     </span>
    </p>
   </div>
   <div class='ocr_carea' id='block_1_75' title="bbox 417 4731 1989 4814">
    <p class='ocr_par' dir='ltr' id='par_1_75' title="bbox 417 4731 1989 4814">
     <span class='ocr_line' id='line_1_75' title="bbox 417 4731 1989 4814; baseline 0.008 -28"><span class='ocrx_word' id='word_1_568' title='bbox 417 4731 571 4786; x_wconf 84' lang='lat' dir='ltr'><strong>illum</strong></span> <span class='ocrx_word' id='word_1_569' title='bbox 612 4744 670 4787; x_wconf 91' lang='lat' dir='ltr'><strong>ut</strong></span> <span class='ocrx_word' id='word_1_570' title='bbox 714 4748 985 4791; x_wconf 88' lang='lat' dir='ltr'><strong>venenato</strong></span> <span class='ocrx_word' id='word_1_571' title='bbox 1023 4740 1115 4808; x_wconf 85' lang='lat' dir='ltr'><strong>qui</strong></span> <span class='ocrx_word' id='word_1_572' title='bbox 1164 4742 1436 4796; x_wconf 75' lang='lat' dir='ltr'><strong>maximus</strong></span> <span class='ocrx_word' id='word_1_573' title='bbox 1480 4751 1535 4797; x_wconf 88' lang='lat' dir='ltr'><strong>et</strong></span> <span class='ocrx_word' id='word_1_574' title='bbox 1583 4743 1989 4814; x_wconf 84' lang='lat' dir='ltr'><strong>pulcherrimus</strong></span> 
     </span>
    </p>
   </div>
   <div class='ocr_carea' id='block_1_76' title="bbox 417 4828 1990 4898">
    <p class='ocr_par' dir='ltr' id='par_1_76' title="bbox 417 4828 1990 4898">
     <span class='ocr_line' id='line_1_76' title="bbox 417 4828 1990 4898; baseline 0.011 -25"><span class='ocrx_word' id='word_1_575' title='bbox 417 4836 759 4891; x_wconf 86' lang='lat' dir='ltr'><strong>vcsccretur,</strong></span> <span class='ocrx_word' id='word_1_576' title='bbox 795 4828 1033 4898; x_wconf 87' lang='lat' dir='ltr'><strong>impulit.</strong></span> <span class='ocrx_word' id='word_1_577' title='bbox 1067 4831 1149 4885; x_wconf 80' lang='lat' dir='ltr'><strong>Ad</strong></span> <span class='ocrx_word' id='word_1_578' title='bbox 1197 4833 1344 4889; x_wconf 89' lang='lat' dir='ltr'><strong>hunc</strong></span> <span class='ocrx_word' id='word_1_579' title='bbox 1390 4836 1611 4889; x_wconf 87' lang='lat' dir='ltr'><strong>modum</strong></span> <span class='ocrx_word' id='word_1_580' title='bbox 1664 4835 1854 4890; x_wconf 86' lang='lat' dir='ltr'><strong>fraude</strong></span> <span class='ocrx_word' id='word_1_581' title='bbox 1885 4837 1990 4891; x_wconf 87' lang='lat' dir='ltr'><strong>cir-</strong></span> 
     </span>
    </p>
   </div>
   <div class='ocr_carea' id='block_1_77' title="bbox 419 4927 1992 4994">
    <p class='ocr_par' dir='ltr' id='par_1_77' title="bbox 419 4927 1992 4994">
     <span class='ocr_line' id='line_1_77' title="bbox 419 4927 1992 4994; baseline 0.008 -24"><span class='ocrx_word' id='word_1_582' title='bbox 419 4929 768 4981; x_wconf 75' lang='lat' dir='ltr'><strong>cumventus,</strong></span> <span class='ocrx_word' id='word_1_583' title='bbox 808 4930 1065 4991; x_wconf 89' lang='lat' dir='ltr'><strong>tanquam</strong></span> <span class='ocrx_word' id='word_1_584' title='bbox 1097 4927 1316 4994; x_wconf 78' lang='lat' dir='ltr'><strong>crapula</strong></span> <span class='ocrx_word' id='word_1_585' title='bbox 1348 4935 1402 4979; x_wconf 90' lang='lat' dir='ltr'><strong>et</strong></span> <span class='ocrx_word' id='word_1_586' title='bbox 1429 4927 1721 4987; x_wconf 87' lang='lat' dir='ltr'><strong>ebrietate,</strong></span> <span class='ocrx_word' id='word_1_587' title='bbox 1760 4938 1819 4981; x_wconf 86' lang='lat' dir='ltr'><strong>ut</strong></span> <span class='ocrx_word' id='word_1_588' title='bbox 1857 4927 1992 4982; x_wconf 84' lang='lat' dir='ltr'><strong>alias</strong></span> 
     </span>
    </p>
   </div>
   <div class='ocr_carea' id='block_1_78' title="bbox 420 5008 1991 5084">
    <p class='ocr_par' dir='ltr' id='par_1_78' title="bbox 420 5008 1991 5084">
     <span class='ocr_line' id='line_1_78' title="bbox 420 5008 1991 5084; baseline 0.006 -22"><span class='ocrx_word' id='word_1_589' title='bbox 420 5008 621 5077; x_wconf 73' lang='lat' dir='ltr'><strong>smpius</strong></span> <span class='ocrx_word' id='word_1_590' title='bbox 665 5008 867 5064; x_wconf 89' lang='lat' dir='ltr'><strong>factum</strong></span> <span class='ocrx_word' id='word_1_591' title='bbox 917 5023 1057 5074; x_wconf 88' lang='lat' dir='ltr'><strong>erat,</strong></span> <span class='ocrx_word' id='word_1_592' title='bbox 1104 5031 1401 5084; x_wconf 78' lang='lat' dir='ltr'><strong>Oppressus</strong></span> <span class='ocrx_word' id='word_1_593' title='bbox 1440 5025 1605 5079; x_wconf 77' lang='lat' dir='ltr'><strong>esset,</strong></span> <span class='ocrx_word' id='word_1_594' title='bbox 1658 5034 1688 5071; x_wconf 89' lang='lat' dir='ltr'><strong>e</strong></span> <span class='ocrx_word' id='word_1_595' title='bbox 1736 5019 1991 5072; x_wconf 84' lang='lat' dir='ltr'><strong>convivio</strong></span> 
     </span>
    </p>
   </div>
   <div class='ocr_carea' id='block_1_79' title="bbox 418 5100 1988 5173">
    <p class='ocr_par' dir='ltr' id='par_1_79' title="bbox 418 5100 1988 5173">
     <span class='ocr_line' id='line_1_79' title="bbox 418 5100 1988 5173; baseline 0.008 -21"><span class='ocrx_word' id='word_1_596' title='bbox 418 5100 619 5160; x_wconf 84' lang='lat' dir='ltr'><strong>elatus.</strong></span> <span class='ocrx_word' id='word_1_597' title='bbox 651 5110 703 5154; x_wconf 91' lang='lat' dir='ltr'><strong>et</strong></span> <span class='ocrx_word' id='word_1_598' title='bbox 731 5115 761 5154; x_wconf 87' lang='lat' dir='ltr'><strong>a</strong></span> <span class='ocrx_word' id='word_1_599' title='bbox 800 5116 1011 5157; x_wconf 76' lang='lat' dir='ltr'><strong>veneno</strong></span> <span class='ocrx_word' id='word_1_600' title='bbox 1040 5120 1137 5173; x_wconf 89' lang='lat' dir='ltr'><strong>per</strong></span> <span class='ocrx_word' id='word_1_601' title='bbox 1168 5117 1383 5161; x_wconf 75' lang='lat' dir='ltr'><strong>HOClt&#39;lll</strong></span> <span class='ocrx_word' id='word_1_602' title='bbox 1417 5105 1721 5170; x_wconf 76' lang='lat' dir='ltr'><strong>confectus,</strong></span> <span class='ocrx_word' id='word_1_603' title='bbox 1758 5108 1988 5170; x_wconf 85' lang='lat' dir='ltr'><strong>interiit,</strong></span> 
     </span>
    </p>
   </div>
   <div class='ocr_carea' id='block_1_80' title="bbox 418 5187 1993 5269">
    <p class='ocr_par' dir='ltr' id='par_1_80' title="bbox 418 5187 1993 5269">
     <span class='ocr_line' id='line_1_80' title="bbox 418 5187 1993 5269; baseline 0.008 -27"><span class='ocrx_word' id='word_1_604' title='bbox 418 5195 474 5242; x_wconf 91' lang='lat' dir='ltr'><strong>et</strong></span> <span class='ocrx_word' id='word_1_605' title='bbox 508 5187 709 5258; x_wconf 67' lang='lat' dir='ltr'><strong>liugure</strong></span> <span class='ocrx_word' id='word_1_606' title='bbox 760 5198 816 5245; x_wconf 90' lang='lat' dir='ltr'><strong>et</strong></span> <span class='ocrx_word' id='word_1_607' title='bbox 867 5192 1084 5245; x_wconf 89' lang='lat' dir='ltr'><strong>aurium</strong></span> <span class='ocrx_word' id='word_1_608' title='bbox 1133 5210 1233 5248; x_wconf 91' lang='lat' dir='ltr'><strong>usu</strong></span> <span class='ocrx_word' id='word_1_609' title='bbox 1285 5197 1469 5250; x_wconf 87' lang='lat' dir='ltr'><strong>statim</strong></span> <span class='ocrx_word' id='word_1_610' title='bbox 1522 5199 1799 5269; x_wconf 89' lang='lat' dir='ltr'><strong>adempto.</strong></span> <span class='ocrx_word' id='word_1_611' title='bbox 1846 5200 1993 5256; x_wconf 75' lang='lat' dir='ltr'><strong>Vixit</strong></span> 
     </span>
    </p>
   </div>
   <div class='ocr_carea' id='block_1_81' title="bbox 420 5287 1992 5360">
    <p class='ocr_par' dir='ltr' id='par_1_81' title="bbox 420 5287 1992 5360">
     <span class='ocr_line' id='line_1_81' title="bbox 420 5287 1992 5360; baseline 0.01 -27"><span class='ocrx_word' id='word_1_612' title='bbox 420 5295 597 5335; x_wconf 85' lang='lat' dir='ltr'><strong>annos</strong></span> <span class='ocrx_word' id='word_1_613' title='bbox 628 5298 795 5345; x_wconf 72' lang='lat' dir='ltr'><strong>um,</strong></span> <span class='ocrx_word' id='word_1_614' title='bbox 835 5299 1057 5339; x_wconf 80' lang='lat' dir='ltr'><strong>menses</strong></span> <span class='ocrx_word' id='word_1_615' title='bbox 1084 5302 1170 5347; x_wconf 69' lang='grc' dir='ltr'>χι,</span> <span class='ocrx_word' id='word_1_616' title='bbox 1209 5287 1327 5342; x_wconf 89' lang='lat' dir='ltr'><strong>dies</strong></span> <span class='ocrx_word' id='word_1_617' title='bbox 1373 5305 1495 5351; x_wconf 78' lang='lat' dir='ltr'><strong>xm;</strong></span> <span class='ocrx_word' id='word_1_618' title='bbox 1548 5290 1837 5360; x_wconf 86' lang='lat' dir='ltr'><strong>imperavit</strong></span> <span class='ocrx_word' id='word_1_619' title='bbox 1890 5308 1992 5348; x_wconf 86' lang='lat' dir='ltr'><strong>au-</strong></span> 
     </span>
    </p>
   </div>
   <div class='ocr_carea' id='block_1_82' title="bbox 420 5380 1991 5453">
    <p class='ocr_par' dir='ltr' id='par_1_82' title="bbox 420 5380 1991 5453">
     <span class='ocr_line' id='line_1_82' title="bbox 420 5380 1991 5453; baseline 0.007 -26"><span class='ocrx_word' id='word_1_620' title='bbox 420 5388 522 5427; x_wconf 86' lang='lat' dir='ltr'><strong>nos</strong></span> <span class='ocrx_word' id='word_1_621' title='bbox 550 5389 670 5439; x_wconf 71' lang='lat' dir='ltr'><strong>.v&#39;n,</strong></span> <span class='ocrx_word' id='word_1_622' title='bbox 706 5391 923 5431; x_wconf 80' lang='lat' dir='ltr'><strong>menses</strong></span> <span class='ocrx_word' id='word_1_623' title='bbox 956 5391 1068 5442; x_wconf 76' lang='lat' dir='ltr'><strong>rm,</strong></span> <span class='ocrx_word' id='word_1_624' title='bbox 1094 5380 1212 5433; x_wconf 79' lang='lat' dir='ltr'><strong>dies</strong></span> <span class='ocrx_word' id='word_1_625' title='bbox 1241 5396 1305 5433; x_wconf 75' lang='lat' dir='ltr'><strong>xx</strong></span> <span class='ocrx_word' id='word_1_626' title='bbox 1362 5380 1484 5436; x_wconf 66' lang='lat' dir='ltr'><strong>Hmc</strong></span> <span class='ocrx_word' id='word_1_627' title='bbox 1514 5382 1809 5453; x_wconf 73' lang='lat' dir='ltr'><strong>Agrippina</strong></span> <span class='ocrx_word' id='word_1_628' title='bbox 1836 5384 1991 5452; x_wconf 87' lang='lat' dir='ltr'><strong>fecit,</strong></span> 
     </span>
    </p>
   </div>
   <div class='ocr_carea' id='block_1_83' title="bbox 420 5463 1994 5548">
    <p class='ocr_par' dir='ltr' id='par_1_83' title="bbox 420 5463 1994 5548">
     <span class='ocr_line' id='line_1_83' title="bbox 420 5463 1994 5548; baseline 0.009 -29"><span class='ocrx_word' id='word_1_629' title='bbox 420 5463 675 5519; x_wconf 72' lang='lat' dir='ltr'><strong>Narcisso</strong></span> <span class='ocrx_word' id='word_1_630' title='bbox 710 5465 763 5520; x_wconf 93' lang='lat' dir='ltr'><strong>iu</strong></span> <span class='ocrx_word' id='word_1_631' title='bbox 797 5467 1150 5534; x_wconf 81' lang='lat' dir='ltr'><strong>Campaniam</strong></span> <span class='ocrx_word' id='word_1_632' title='bbox 1189 5470 1255 5524; x_wconf 87' lang='lat' dir='ltr'><strong>ad</strong></span> <span class='ocrx_word' id='word_1_633' title='bbox 1289 5473 1496 5529; x_wconf 82' lang='lat' dir='ltr'><strong>calidas</strong></span> <span class='ocrx_word' id='word_1_634' title='bbox 1526 5492 1697 5545; x_wconf 82' lang='lat' dir='ltr'><strong>aquas</strong></span> <span class='ocrx_word' id='word_1_635' title='bbox 1742 5478 1994 5548; x_wconf 63' lang='lat' dir='ltr'><strong>podagrae</strong></span> 
     </span>
    </p>
   </div>
   <div class='ocr_carea' id='block_1_84' title="bbox 422 5554 1992 5634">
    <p class='ocr_par' dir='ltr' id='par_1_84' title="bbox 422 5554 1992 5634">
     <span class='ocr_line' id='line_1_84' title="bbox 422 5554 1992 5634; baseline 0.008 -26"><span class='ocrx_word' id='word_1_636' title='bbox 422 5554 696 5610; x_wconf 72' lang='lat' dir='ltr'><strong>lcuicudm</strong></span> <span class='ocrx_word' id='word_1_637' title='bbox 725 5574 885 5612; x_wconf 78' lang='lat' dir='ltr'><strong>causa</strong></span> <span class='ocrx_word' id='word_1_638' title='bbox 920 5558 1192 5630; x_wconf 80' lang='lat' dir='ltr'><strong>ablegato.</strong></span> <span class='ocrx_word' id='word_1_639' title='bbox 1229 5561 1360 5616; x_wconf 89' lang='lat' dir='ltr'><strong>Nam</strong></span> <span class='ocrx_word' id='word_1_640' title='bbox 1401 5563 1496 5618; x_wconf 81' lang='lat' dir='ltr'><strong>illo</strong></span> <span class='ocrx_word' id='word_1_641' title='bbox 1538 5579 1821 5634; x_wconf 67' lang='lat' dir='ltr'><strong>lrmsente,</strong></span> <span class='ocrx_word' id='word_1_642' title='bbox 1858 5566 1992 5621; x_wconf 88' lang='lat' dir='ltr'><strong>nihil</strong></span> 
     </span>
    </p>
   </div>
   <div class='ocr_carea' id='block_1_85' title="bbox 423 5645 1997 5722">
    <p class='ocr_par' dir='ltr' id='par_1_85' title="bbox 423 5645 1997 5722">
     <span class='ocr_line' id='line_1_85' title="bbox 423 5645 1997 5722; baseline 0.012 -25"><span class='ocrx_word' id='word_1_643' title='bbox 423 5645 737 5715; x_wconf 70' lang='lat' dir='ltr'><strong>huiusmodi</strong></span> <span class='ocrx_word' id='word_1_644' title='bbox 769 5649 1042 5708; x_wconf 83' lang='lat' dir='ltr'><strong>conficere</strong></span> <span class='ocrx_word' id='word_1_645' title='bbox 1070 5656 1340 5722; x_wconf 78' lang='lat' dir='ltr'><strong>potuisset</strong></span> <span class='ocrx_word' id='word_1_646' title='bbox 1374 5677 1385 5708; x_wconf 88' lang='lat'>:</span> <span class='ocrx_word' id='word_1_647' title='bbox 1422 5668 1527 5710; x_wconf 84' lang='lat' dir='ltr'><strong>tam</strong></span> <span class='ocrx_word' id='word_1_648' title='bbox 1561 5668 1855 5714; x_wconf 77' lang='lat' dir='ltr'><strong>accuratus</strong></span> <span class='ocrx_word' id='word_1_649' title='bbox 1878 5671 1997 5715; x_wconf 78' lang='lat' dir='ltr'><strong>erat</strong></span> 
     </span>
    </p>
   </div>
   <div class='ocr_carea' id='block_1_86' title="bbox 2090 3079 3691 3153">
    <p class='ocr_par' dir='ltr' id='par_1_86' title="bbox 2090 3079 3691 3153">
     <span class='ocr_line' id='line_1_86' title="bbox 2090 3079 3691 3153; baseline 0.003 -21"><span class='ocrx_word' id='word_1_650' title='bbox 2090 3080 2182 3133; x_wconf 73' lang='grc' dir='ltr'>καὶ</span> <span class='ocrx_word' id='word_1_651' title='bbox 2216 3082 2314 3152; x_wconf 79' lang='grc' dir='ltr'><strong>τὴν</strong></span> <span class='ocrx_word' id='word_1_652' title='bbox 2343 3079 2641 3135; x_wconf 81' lang='grc' dir='ltr'>Ὀκταϐίαν</span> <span class='ocrx_word' id='word_1_653' title='bbox 2689 3080 2747 3135; x_wconf 85' lang='grc' dir='ltr'><strong>δέ</strong></span> <span class='ocrx_word' id='word_1_654' title='bbox 2798 3082 2922 3136; x_wconf 89' lang='grc' dir='ltr'>τότε</span> <span class='ocrx_word' id='word_1_655' title='bbox 2962 3081 3194 3153; x_wconf 74' lang='grc' dir='ltr'>ἔγημεν,</span> <span class='ocrx_word' id='word_1_656' title='bbox 3251 3081 3391 3137; x_wconf 81' lang='grc' dir='ltr'>ὥστε</span> <span class='ocrx_word' id='word_1_657' title='bbox 3442 3082 3545 3136; x_wconf 82' lang='grc' dir='ltr'>καὶ</span> <span class='ocrx_word' id='word_1_658' title='bbox 3604 3086 3691 3138; x_wconf 72' lang='grc' dir='ltr'><strong>ἐκ</strong></span> 
     </span>
    </p>
   </div>
   <div class='ocr_carea' id='block_1_87' title="bbox 2087 3167 3687 3249">
    <p class='ocr_par' dir='ltr' id='par_1_87' title="bbox 2087 3167 3687 3249">
     <span class='ocr_line' id='line_1_87' title="bbox 2087 3167 3687 3249; baseline 0.003 -25"><span class='ocrx_word' id='word_1_659' title='bbox 2087 3171 2277 3226; x_wconf 88' lang='grc' dir='ltr'>τούτου</span> <span class='ocrx_word' id='word_1_660' title='bbox 2321 3172 2459 3246; x_wconf 76' lang='grc' dir='ltr'><strong>ἀνὴρ</strong></span> <span class='ocrx_word' id='word_1_661' title='bbox 2512 3167 2653 3227; x_wconf 72' lang='grc' dir='ltr'>εἶναι</span> <span class='ocrx_word' id='word_1_662' title='bbox 2707 3173 2809 3244; x_wconf 72' lang='grc' dir='ltr'><strong>ἢδη</strong></span> <span class='ocrx_word' id='word_1_663' title='bbox 2837 3173 3037 3229; x_wconf 79' lang='grc' dir='ltr'>δοκεῖν.</span> <span class='ocrx_word' id='word_1_664' title='bbox 3087 3175 3251 3229; x_wconf 81' lang='grc' dir='ltr'>Ούδέν</span> <span class='ocrx_word' id='word_1_665' title='bbox 3274 3173 3329 3228; x_wconf 70' lang='grc' dir='ltr'><strong>δὲ</strong></span> <span class='ocrx_word' id='word_1_666' title='bbox 3359 3174 3564 3245; x_wconf 82' lang='grc' dir='ltr'>ἀρκοῦν</span> <span class='ocrx_word' id='word_1_667' title='bbox 3600 3180 3687 3249; x_wconf 73' lang='grc' dir='ltr'><strong>τῇ</strong></span> 
     </span>
    </p>
   </div>
   <div class='ocr_carea' id='block_1_88' title="bbox 2098 3264 3691 3340">
    <p class='ocr_par' dir='ltr' id='par_1_88' title="bbox 2098 3264 3691 3340">
     <span class='ocr_line' id='line_1_88' title="bbox 2098 3264 3691 3340; baseline -0.001 -23"><span class='ocrx_word' id='word_1_668' title='bbox 2098 3265 2433 3336; x_wconf 77' lang='grc' dir='ltr'>Ἀγριππίνῃ</span> <span class='ocrx_word' id='word_1_669' title='bbox 2461 3264 2657 3332; x_wconf 65' lang='grc' dir='ltr'>ἐδῦκει,</span> <span class='ocrx_word' id='word_1_670' title='bbox 2688 3266 2868 3319; x_wconf 82' lang='grc' dir='ltr'>καίτοι</span> <span class='ocrx_word' id='word_1_671' title='bbox 2899 3268 3000 3321; x_wconf 78' lang='grc' dir='ltr'>ὅσα</span> <span class='ocrx_word' id='word_1_672' title='bbox 3042 3284 3103 3320; x_wconf 88' lang='grc' dir='ltr'>τε</span> <span class='ocrx_word' id='word_1_673' title='bbox 3138 3268 3171 3337; x_wconf 79' lang='grc' dir='ltr'>ἡ</span> <span class='ocrx_word' id='word_1_674' title='bbox 3210 3267 3370 3323; x_wconf 76' lang='grc' dir='ltr'>Λιϐία</span> <span class='ocrx_word' id='word_1_675' title='bbox 3399 3268 3527 3340; x_wconf 78' lang='grc' dir='ltr'>ἐτχε</span> <span class='ocrx_word' id='word_1_676' title='bbox 3559 3273 3691 3324; x_wconf 62' lang='lat' dir='ltr'><strong>xi-</strong></span> 
     </span>
    </p>
   </div>
   <div class='ocr_carea' id='block_1_89' title="bbox 2088 3360 3688 3435">
    <p class='ocr_par' dir='ltr' id='par_1_89' title="bbox 2088 3360 3688 3435">
     <span class='ocr_line' id='line_1_89' title="bbox 2088 3360 3688 3435; baseline 0.004 -21"><span class='ocrx_word' id='word_1_677' title='bbox 2088 3362 2246 3432; x_wconf 76' lang='grc' dir='ltr'>κείνῃ</span> <span class='ocrx_word' id='word_1_678' title='bbox 2304 3360 2537 3426; x_wconf 83' lang='grc' dir='ltr'>ἐδέδοτο,</span> <span class='ocrx_word' id='word_1_679' title='bbox 2574 3362 2669 3414; x_wconf 73' lang='grc' dir='ltr'>καὶ</span> <span class='ocrx_word' id='word_1_680' title='bbox 2703 3361 2841 3415; x_wconf 80' lang='grc' dir='ltr'>ἄλλα</span> <span class='ocrx_word' id='word_1_681' title='bbox 2892 3379 2953 3415; x_wconf 89' lang='grc' dir='ltr'><strong>τε</strong></span> <span class='ocrx_word' id='word_1_682' title='bbox 2978 3363 3148 3416; x_wconf 81' lang='grc' dir='ltr'>πλείω</span> <span class='ocrx_word' id='word_1_683' title='bbox 3178 3365 3461 3435; x_wconf 75' lang='grc' dir='ltr'>ἐψήςριστο.</span> <span class='ocrx_word' id='word_1_684' title='bbox 3510 3366 3579 3418; x_wconf 81' lang='grc' dir='ltr'>Ἡ</span> <span class='ocrx_word' id='word_1_685' title='bbox 3615 3366 3688 3421; x_wconf 76' lang='grc' dir='ltr'>δὲ</span> 
     </span>
    </p>
   </div>
   <div class='ocr_carea' id='block_1_90' title="bbox 2088 3451 3687 3526">
    <p class='ocr_par' dir='ltr' id='par_1_90' title="bbox 2088 3451 3687 3526">
     <span class='ocr_line' id='line_1_90' title="bbox 2088 3451 3687 3526; baseline 0.003 -20"><span class='ocrx_word' id='word_1_686' title='bbox 2088 3455 2182 3506; x_wconf 69' lang='grc' dir='ltr'><strong>καὶ</strong></span> <span class='ocrx_word' id='word_1_687' title='bbox 2235 3453 2531 3524; x_wconf 78' lang='grc' dir='ltr'>ίσοκρατὴς</span> <span class='ocrx_word' id='word_1_688' title='bbox 2576 3451 2653 3523; x_wconf 80' lang='grc' dir='ltr'><strong>τῷ</strong></span> <span class='ocrx_word' id='word_1_689' title='bbox 2707 3453 2962 3525; x_wconf 83' lang='grc' dir='ltr'>Κλαυδίῳ</span> <span class='ocrx_word' id='word_1_690' title='bbox 3006 3453 3268 3526; x_wconf 72' lang='grc' dir='ltr'>ἄντικρυς</span> <span class='ocrx_word' id='word_1_691' title='bbox 3298 3455 3687 3525; x_wconf 71' lang='grc' dir='ltr'>ὀνομάζεσθαι</span> 
     </span>
    </p>
   </div>
   <div class='ocr_carea' id='block_1_91' title="bbox 2088 3543 3684 3619">
    <p class='ocr_par' dir='ltr' id='par_1_91' title="bbox 2088 3543 3684 3619">
     <span class='ocr_line' id='line_1_91' title="bbox 2088 3543 3684 3619; baseline 0.004 -22"><span class='ocrx_word' id='word_1_692' title='bbox 2088 3545 2271 3616; x_wconf 72' lang='grc' dir='ltr'>ἧθελε,</span> <span class='ocrx_word' id='word_1_693' title='bbox 2327 3544 2420 3598; x_wconf 89' lang='grc' dir='ltr'><strong>καί</strong></span> <span class='ocrx_word' id='word_1_694' title='bbox 2479 3561 2612 3597; x_wconf 84' lang='grc' dir='ltr'>ποτε</span> <span class='ocrx_word' id='word_1_695' title='bbox 2668 3543 2866 3599; x_wconf 81' lang='grc' dir='ltr'>πολλοῦ</span> <span class='ocrx_word' id='word_1_696' title='bbox 2924 3548 3025 3616; x_wconf 77' lang='grc' dir='ltr'><strong>τὴν</strong></span> <span class='ocrx_word' id='word_1_697' title='bbox 3058 3547 3214 3600; x_wconf 83' lang='grc' dir='ltr'>πόλιν</span> <span class='ocrx_word' id='word_1_698' title='bbox 3260 3550 3684 3619; x_wconf 76' lang='grc' dir='ltr'>ἐπινεμομένου</span> 
     </span>
    </p>
   </div>
   <div class='ocr_carea' id='block_1_92' title="bbox 2088 3633 3680 3710">
    <p class='ocr_par' dir='ltr' id='par_1_92' title="bbox 2088 3633 3680 3710">
     <span class='ocr_line' id='line_1_92' title="bbox 2088 3633 3680 3710; baseline 0.004 -22"><span class='ocrx_word' id='word_1_699' title='bbox 2088 3634 2281 3706; x_wconf 80' lang='grc' dir='ltr'>πυρὸς,</span> <span class='ocrx_word' id='word_1_700' title='bbox 2312 3634 2448 3707; x_wconf 75' lang='grc' dir='ltr'>πρὸς</span> <span class='ocrx_word' id='word_1_701' title='bbox 2476 3633 2576 3705; x_wconf 80' lang='grc' dir='ltr'><strong>τὴν</strong></span> <span class='ocrx_word' id='word_1_702' title='bbox 2596 3636 2914 3707; x_wconf 74' lang='grc' dir='ltr'>ἐπικουρίαν</span> <span class='ocrx_word' id='word_1_703' title='bbox 2948 3635 3146 3708; x_wconf 86' lang='grc' dir='ltr'>ἐκείνῳ</span> <span class='ocrx_word' id='word_1_704' title='bbox 3191 3640 3680 3710; x_wconf 67' lang='grc' dir='ltr'>συμπαμγὲνετο.</span> 
     </span>
    </p>
   </div>
   <div class='ocr_carea' id='block_1_93' title="bbox 2097 3722 3681 3801">
    <p class='ocr_par' dir='ltr' id='par_1_93' title="bbox 2097 3722 3681 3801">
     <span class='ocr_line' id='line_1_93' title="bbox 2097 3722 3681 3801; baseline 0.003 -23"><span class='ocrx_word' id='word_1_705' title='bbox 2097 3725 2159 3778; x_wconf 86' lang='lat'><strong>&#39;0</strong></span> <span class='ocrx_word' id='word_1_706' title='bbox 2195 3724 2326 3794; x_wconf 81' lang='grc' dir='ltr'>γοῦν</span> <span class='ocrx_word' id='word_1_707' title='bbox 2359 3722 2629 3788; x_wconf 78' lang='grc' dir='ltr'>Κλαύίιος</span> <span class='ocrx_word' id='word_1_708' title='bbox 2688 3726 2996 3797; x_wconf 85' lang='grc' dir='ltr'>ἀχθόμενος</span> <span class='ocrx_word' id='word_1_709' title='bbox 3045 3729 3159 3790; x_wconf 82' lang='grc' dir='ltr'>τοῖς</span> <span class='ocrx_word' id='word_1_710' title='bbox 3200 3727 3503 3801; x_wconf 74' lang='grc' dir='ltr'>δρωμένοις</span> <span class='ocrx_word' id='word_1_711' title='bbox 3553 3733 3681 3797; x_wconf 74' lang='grc' dir='ltr'>τοῖς</span> 
     </span>
    </p>
   </div>
   <div class='ocr_carea' id='block_1_94' title="bbox 2086 3814 3681 3890">
    <p class='ocr_par' dir='ltr' id='par_1_94' title="bbox 2086 3814 3681 3890">
     <span class='ocr_line' id='line_1_94' title="bbox 2086 3814 3681 3890; baseline 0.004 -21"><span class='ocrx_word' id='word_1_712' title='bbox 2086 3816 2225 3879; x_wconf 85' lang='grc' dir='ltr'>τέως</span> <span class='ocrx_word' id='word_1_713' title='bbox 2245 3816 2325 3879; x_wconf 88' lang='grc' dir='ltr'><strong>είς</strong></span> <span class='ocrx_word' id='word_1_714' title='bbox 2352 3816 2555 3884; x_wconf 81' lang='grc' dir='ltr'>γνῶσιν</span> <span class='ocrx_word' id='word_1_715' title='bbox 2588 3814 2760 3869; x_wconf 83' lang='grc' dir='ltr'>ίοῦσιν</span> <span class='ocrx_word' id='word_1_716' title='bbox 2792 3816 2964 3887; x_wconf 85' lang='grc' dir='ltr'>αύτῷ,</span> <span class='ocrx_word' id='word_1_717' title='bbox 2999 3819 3095 3870; x_wconf 76' lang='grc' dir='ltr'>καὶ</span> <span class='ocrx_word' id='word_1_718' title='bbox 3131 3818 3478 3890; x_wconf 85' lang='grc' dir='ltr'>Βρεττανικῷ</span> <span class='ocrx_word' id='word_1_719' title='bbox 3501 3822 3681 3875; x_wconf 67' lang='grc' dir='ltr'>δπᾷτι</span> 
     </span>
    </p>
   </div>
   <div class='ocr_carea' id='block_1_95' title="bbox 2088 3907 3679 3984">
    <p class='ocr_par' dir='ltr' id='par_1_95' title="bbox 2088 3907 3679 3984">
     <span class='ocr_line' id='line_1_95' title="bbox 2088 3907 3679 3984; baseline 0.004 -23"><span class='ocrx_word' id='word_1_720' title='bbox 2088 3908 2302 3979; x_wconf 87' lang='grc' dir='ltr'>ἐντύχοι</span> <span class='ocrx_word' id='word_1_721' title='bbox 2334 3907 2672 3977; x_wconf 79' lang='grc' dir='ltr'>φιλοφρόνως</span> <span class='ocrx_word' id='word_1_722' title='bbox 2737 3911 3153 3979; x_wconf 83' lang='grc' dir='ltr'>συγγινόμενος,</span> <span class='ocrx_word' id='word_1_723' title='bbox 3212 3910 3313 3964; x_wconf 78' lang='grc' dir='ltr'><strong>οὐκ</strong></span> <span class='ocrx_word' id='word_1_724' title='bbox 3364 3913 3566 3984; x_wconf 70' lang='grc' dir='ltr'>ἧνεγκε</span> <span class='ocrx_word' id='word_1_725' title='bbox 3598 3914 3679 3969; x_wconf 67' lang='grc' dir='ltr'>τὰ</span> 
     </span>
    </p>
   </div>
   <div class='ocr_carea' id='block_1_96' title="bbox 2087 4001 3677 4073">
    <p class='ocr_par' dir='ltr' id='par_1_96' title="bbox 2087 4001 3677 4073">
     <span class='ocr_line' id='line_1_96' title="bbox 2087 4001 3677 4073; baseline 0.003 -17"><span class='ocrx_word' id='word_1_726' title='bbox 2087 4004 2371 4073; x_wconf 85' lang='grc' dir='ltr'>γινόμενα,</span> <span class='ocrx_word' id='word_1_727' title='bbox 2403 4001 2520 4055; x_wconf 81' lang='grc' dir='ltr'>ἀλλ’</span> <span class='ocrx_word' id='word_1_728' title='bbox 2556 4002 2772 4071; x_wconf 80' lang='grc' dir='ltr'>ἐκείνην</span> <span class='ocrx_word' id='word_1_729' title='bbox 2800 4020 2859 4056; x_wconf 90' lang='grc' dir='ltr'><strong>τε</strong></span> <span class='ocrx_word' id='word_1_730' title='bbox 2914 4005 3240 4069; x_wconf 82' lang='grc' dir='ltr'>καταλῦσαι,</span> <span class='ocrx_word' id='word_1_731' title='bbox 3278 4006 3369 4059; x_wconf 82' lang='grc' dir='ltr'>καὶ</span> <span class='ocrx_word' id='word_1_732' title='bbox 3411 4007 3504 4060; x_wconf 76' lang='grc' dir='ltr'>τὸν</span> <span class='ocrx_word' id='word_1_733' title='bbox 3552 4008 3677 4062; x_wconf 84' lang='grc' dir='ltr'>υί’ν</span> 
     </span>
    </p>
   </div>
   <div class='ocr_carea' id='block_1_97' title="bbox 2089 4094 3676 4167">
    <p class='ocr_par' dir='ltr' id='par_1_97' title="bbox 2089 4094 3676 4167">
     <span class='ocr_line' id='line_1_97' title="bbox 2089 4094 3676 4167; baseline 0.003 -18"><span class='ocrx_word' id='word_1_734' title='bbox 2089 4097 2144 4159; x_wconf 88' lang='grc' dir='ltr'><strong>ἐς</strong></span> <span class='ocrx_word' id='word_1_735' title='bbox 2175 4094 2301 4158; x_wconf 77' lang='grc' dir='ltr'>τοὺς</span> <span class='ocrx_word' id='word_1_736' title='bbox 2331 4094 2571 4165; x_wconf 72' lang='grc' dir='ltr'>ἐφήόους</span> <span class='ocrx_word' id='word_1_737' title='bbox 2598 4095 2918 4164; x_wconf 81' lang='grc' dir='ltr'>εἰσαγαγεῖν</span> <span class='ocrx_word' id='word_1_738' title='bbox 2972 4096 3070 4151; x_wconf 76' lang='grc' dir='ltr'>καὶ</span> <span class='ocrx_word' id='word_1_739' title='bbox 3096 4095 3341 4167; x_wconf 79' lang='grc' dir='ltr'>διάδοχον</span> <span class='ocrx_word' id='word_1_740' title='bbox 3383 4098 3676 4166; x_wconf 71' lang='grc' dir='ltr'>ἀποδ;ῐξαι</span> 
     </span>
    </p>
   </div>
   <div class='ocr_carea' id='block_1_98' title="bbox 2088 4184 3680 4262">
    <p class='ocr_par' dir='ltr' id='par_1_98' title="bbox 2088 4184 3680 4262">
     <span class='ocr_line' id='line_1_98' title="bbox 2088 4184 3680 4262; baseline 0.004 -25"><span class='ocrx_word' id='word_1_741' title='bbox 2088 4184 2555 4257; x_wconf 75' lang='grc' dir='ltr'>παρεσκευάζετο.</span> <span class='ocrx_word' id='word_1_742' title='bbox 2588 4185 2796 4240; x_wconf 81' lang='grc' dir='ltr'>Γνοῦσα</span> <span class='ocrx_word' id='word_1_743' title='bbox 2830 4186 2885 4240; x_wconf 85' lang='grc' dir='ltr'><strong>δέ</strong></span> <span class='ocrx_word' id='word_1_744' title='bbox 2907 4185 3081 4240; x_wconf 75' lang='grc' dir='ltr'>ταῦτα</span> <span class='ocrx_word' id='word_1_745' title='bbox 3107 4190 3139 4259; x_wconf 76' lang='grc' dir='ltr'><strong>ὴ</strong></span> <span class='ocrx_word' id='word_1_746' title='bbox 3171 4187 3508 4257; x_wconf 79' lang='grc' dir='ltr'>Ἀγριππίνα</span> <span class='ocrx_word' id='word_1_747' title='bbox 3535 4207 3680 4262; x_wconf 86' lang='grc' dir='ltr'>προ-</span> 
     </span>
    </p>
   </div>
   <div class='ocr_carea' id='block_1_99' title="bbox 2090 4278 3675 4354">
    <p class='ocr_par' dir='ltr' id='par_1_99' title="bbox 2090 4278 3675 4354">
     <span class='ocr_line' id='line_1_99' title="bbox 2090 4278 3675 4354; baseline 0.003 -22"><span class='ocrx_word' id='word_1_748' title='bbox 2090 4278 2416 4333; x_wconf 75' lang='grc' dir='ltr'>καταλαϐεῖν</span> <span class='ocrx_word' id='word_1_749' title='bbox 2452 4279 2615 4333; x_wconf 77' lang='grc' dir='ltr'>αὑτὸν</span> <span class='ocrx_word' id='word_1_750' title='bbox 2645 4278 2927 4350; x_wconf 73' lang='grc' dir='ltr'>φαρμάκῳ</span> <span class='ocrx_word' id='word_1_751' title='bbox 2974 4279 3105 4349; x_wconf 87' lang='grc' dir='ltr'>πρίν</span> <span class='ocrx_word' id='word_1_752' title='bbox 3157 4298 3211 4334; x_wconf 91' lang='grc' dir='ltr'>τι</span> <span class='ocrx_word' id='word_1_753' title='bbox 3250 4281 3493 4334; x_wconf 83' lang='grc' dir='ltr'>τοιοῦτον</span> <span class='ocrx_word' id='word_1_754' title='bbox 3528 4300 3675 4354; x_wconf 79' lang='grc' dir='ltr'>πρα-</span> 
     </span>
    </p>
   </div>
   <div class='ocr_carea' id='block_1_100' title="bbox 2042 4348 3674 4440">
    <p class='ocr_par' dir='ltr' id='par_1_100' title="bbox 2042 4348 3674 4440">
     <span class='ocr_line' id='line_1_100' title="bbox 2042 4348 3674 4440; baseline -0.004 -16"><span class='ocrx_word' id='word_1_755' title='bbox 2042 4348 2063 4390; x_wconf 61' lang='lat'><strong>)</strong></span> <span class='ocrx_word' id='word_1_756' title='bbox 2092 4370 2309 4440; x_wconf 83' lang='grc' dir='ltr'>χθῆναι,</span> <span class='ocrx_word' id='word_1_757' title='bbox 2347 4348 2705 4424; x_wconf 79' lang='grc' dir='ltr'>ἐσπούδασεν.</span> <span class='ocrx_word' id='word_1_758' title='bbox 2745 4348 2836 4434; x_wconf 79' lang='grc' dir='ltr'>Ὧς</span> <span class='ocrx_word' id='word_1_759' title='bbox 2866 4348 2912 4424; x_wconf 50' lang='grc' dir='ltr'><strong>δὲ</strong></span> <span class='ocrx_word' id='word_1_760' title='bbox 2945 4348 3124 4425; x_wconf 83' lang='grc' dir='ltr'>ἐκεῖνο</span> <span class='ocrx_word' id='word_1_761' title='bbox 3144 4372 3299 4425; x_wconf 80' lang='grc' dir='ltr'>οὐδὲν</span> <span class='ocrx_word' id='word_1_762' title='bbox 3332 4374 3438 4427; x_wconf 81' lang='grc' dir='ltr'><strong>ὑπό</strong></span> <span class='ocrx_word' id='word_1_763' title='bbox 3478 4393 3539 4429; x_wconf 79' lang='grc' dir='ltr'>τε</span> <span class='ocrx_word' id='word_1_764' title='bbox 3571 4348 3674 4429; x_wconf 47' lang='grc' dir='ltr'>ξοδ</span> 
     </span>
    </p>
   </div>
   <div class='ocr_carea' id='block_1_101' title="bbox 2089 4462 3670 4539">
    <p class='ocr_par' dir='ltr' id='par_1_101' title="bbox 2089 4462 3670 4539">
     <span class='ocr_line' id='line_1_101' title="bbox 2089 4462 3670 4539; baseline 0.004 -24"><span class='ocrx_word' id='word_1_765' title='bbox 2089 4463 2257 4523; x_wconf 74' lang='grc' dir='ltr'>οἴνου,</span> <span class='ocrx_word' id='word_1_766' title='bbox 2293 4462 2351 4515; x_wconf 87' lang='grc' dir='ltr'><strong>δν</strong></span> <span class='ocrx_word' id='word_1_767' title='bbox 2379 4462 2546 4515; x_wconf 75' lang='grc' dir='ltr'>πολὺν</span> <span class='ocrx_word' id='word_1_768' title='bbox 2568 4463 2657 4515; x_wconf 87' lang='grc' dir='ltr'><strong>ἀεί</strong></span> <span class='ocrx_word' id='word_1_769' title='bbox 2686 4464 2712 4515; x_wconf 84' lang='lat'><strong>6</strong></span> <span class='ocrx_word' id='word_1_770' title='bbox 2739 4463 3007 4526; x_wconf 81' lang='grc' dir='ltr'>Κλαύδιος</span> <span class='ocrx_word' id='word_1_771' title='bbox 3032 4463 3236 4529; x_wconf 80' lang='grc' dir='ltr'>ἔπινεν,</span> <span class='ocrx_word' id='word_1_772' title='bbox 3288 4465 3670 4539; x_wconf 77' lang='grc' dir='ltr'>ἐξειργάσατο,</span> 
     </span>
    </p>
   </div>
   <div class='ocr_carea' id='block_1_102' title="bbox 2091 4550 3673 4629">
    <p class='ocr_par' dir='ltr' id='par_1_102' title="bbox 2091 4550 3673 4629">
     <span class='ocr_line' id='line_1_102' title="bbox 2091 4550 3673 4629; baseline 0.004 -24"><span class='ocrx_word' id='word_1_773' title='bbox 2091 4554 2184 4606; x_wconf 71' lang='grc' dir='ltr'>καὶ</span> <span class='ocrx_word' id='word_1_774' title='bbox 2220 4554 2324 4607; x_wconf 72' lang='grc' dir='ltr'><strong>ὑπὸ</strong></span> <span class='ocrx_word' id='word_1_775' title='bbox 2370 4557 2467 4625; x_wconf 83' lang='grc' dir='ltr'>τῆς</span> <span class='ocrx_word' id='word_1_776' title='bbox 2521 4553 2686 4624; x_wconf 82' lang='grc' dir='ltr'>ἄλλης</span> <span class='ocrx_word' id='word_1_777' title='bbox 2714 4554 2950 4623; x_wconf 79' lang='grc' dir='ltr'>διαίτης,</span> <span class='ocrx_word' id='word_1_778' title='bbox 3076 4558 3275 4619; x_wconf 86' lang='grc' dir='ltr'>πάντες</span> <span class='ocrx_word' id='word_1_779' title='bbox 3300 4558 3506 4610; x_wconf 77' lang='grc' dir='ltr'>ἐπίπαν</span> <span class='ocrx_word' id='word_1_780' title='bbox 3531 4560 3580 4610; x_wconf 81' lang='grc' dir='ltr'>οἱ</span> <span class='ocrx_word' id='word_1_781' title='bbox 3608 4559 3673 4612; x_wconf 79' lang='grc' dir='ltr'><strong>τδ</strong></span> 
     </span>
    </p>
   </div>
   <div class='ocr_carea' id='block_1_103' title="bbox 2090 4645 3675 4718">
    <p class='ocr_par' dir='ltr' id='par_1_103' title="bbox 2090 4645 3675 4718">
     <span class='ocr_line' id='line_1_103' title="bbox 2090 4645 3675 4718; baseline 0.003 -19"><span class='ocrx_word' id='word_1_782' title='bbox 2090 4648 2288 4716; x_wconf 77' lang='grc' dir='ltr'>κράτος</span> <span class='ocrx_word' id='word_1_783' title='bbox 2325 4646 2539 4716; x_wconf 73' lang='grc' dir='ltr'>ἔχοντες</span> <span class='ocrx_word' id='word_1_784' title='bbox 2570 4645 2809 4717; x_wconf 85' lang='grc' dir='ltr'>χρῶνται</span> <span class='ocrx_word' id='word_1_785' title='bbox 2845 4648 2981 4717; x_wconf 70' lang='grc' dir='ltr'>πρὸς</span> <span class='ocrx_word' id='word_1_786' title='bbox 3005 4649 3252 4718; x_wconf 79' lang='grc' dir='ltr'>φυλακὴν</span> <span class='ocrx_word' id='word_1_787' title='bbox 3275 4650 3509 4715; x_wconf 83' lang='grc' dir='ltr'>ἐαυτῶν,</span> <span class='ocrx_word' id='word_1_788' title='bbox 3529 4652 3675 4703; x_wconf 81' lang='grc' dir='ltr'><strong>Λου-</strong></span> 
     </span>
    </p>
   </div>
   <div class='ocr_carea' id='block_1_104' title="bbox 2090 4738 3669 4815">
    <p class='ocr_par' dir='ltr' id='par_1_104' title="bbox 2090 4738 3669 4815">
     <span class='ocr_line' id='line_1_104' title="bbox 2090 4738 3669 4815; baseline 0.003 -23"><span class='ocrx_word' id='word_1_789' title='bbox 2090 4738 2321 4792; x_wconf 79' lang='grc' dir='ltr'>κοῦσταν</span> <span class='ocrx_word' id='word_1_790' title='bbox 2353 4740 2672 4809; x_wconf 80' lang='grc' dir='ltr'>φαρμακίδα</span> <span class='ocrx_word' id='word_1_791' title='bbox 2692 4757 2745 4793; x_wconf 87' lang='grc' dir='ltr'><strong>τι</strong></span> <span class='ocrx_word' id='word_1_792' title='bbox 2781 4739 2815 4793; x_wconf 85' lang='grc' dir='ltr'><strong>ά</strong></span> <span class='ocrx_word' id='word_1_793' title='bbox 2848 4740 3171 4809; x_wconf 70' lang='grc' dir='ltr'>περιϐὁητον</span> <span class='ocrx_word' id='word_1_794' title='bbox 3208 4742 3294 4794; x_wconf 80' lang='grc' dir='ltr'>ἐπ’</span> <span class='ocrx_word' id='word_1_795' title='bbox 3318 4742 3468 4813; x_wconf 77' lang='grc' dir='ltr'>αὖτῴ</span> <span class='ocrx_word' id='word_1_796' title='bbox 3491 4744 3669 4815; x_wconf 84' lang='grc' dir='ltr'>τούτῳ</span> 
     </span>
    </p>
   </div>
   <div class='ocr_carea' id='block_1_105' title="bbox 2088 4831 3671 4906">
    <p class='ocr_par' dir='ltr' id='par_1_105' title="bbox 2088 4831 3671 4906">
     <span class='ocr_line' id='line_1_105' title="bbox 2088 4831 3671 4906; baseline 0.003 -22"><span class='ocrx_word' id='word_1_797' title='bbox 2088 4833 2211 4884; x_wconf 80' lang='grc' dir='ltr'>νέον</span> <span class='ocrx_word' id='word_1_798' title='bbox 2274 4832 2580 4884; x_wconf 83' lang='grc' dir='ltr'>ἑαλωκυῖαν</span> <span class='ocrx_word' id='word_1_799' title='bbox 2640 4831 3073 4901; x_wconf 77' lang='grc' dir='ltr'>μετεπέμψατοο</span> <span class='ocrx_word' id='word_1_800' title='bbox 3132 4833 3224 4886; x_wconf 87' lang='grc' dir='ltr'><strong>καί</strong></span> <span class='ocrx_word' id='word_1_801' title='bbox 3279 4850 3331 4886; x_wconf 90' lang='grc' dir='ltr'>τι</span> <span class='ocrx_word' id='word_1_802' title='bbox 3374 4836 3671 4906; x_wconf 79' lang='grc' dir='ltr'>φάρμακον</span> 
     </span>
    </p>
   </div>
   <div class='ocr_carea' id='block_1_106' title="bbox 2092 4923 3669 4995">
    <p class='ocr_par' dir='ltr' id='par_1_106' title="bbox 2092 4923 3669 4995">
     <span class='ocr_line' id='line_1_106' title="bbox 2092 4923 3669 4995; baseline 0.003 -18"><span class='ocrx_word' id='word_1_803' title='bbox 2092 4924 2282 4995; x_wconf 82' lang='grc' dir='ltr'>ἓτερον</span> <span class='ocrx_word' id='word_1_804' title='bbox 2311 4925 2555 4994; x_wconf 78' lang='grc' dir='ltr'>ἄφυκτον</span> <span class='ocrx_word' id='word_1_805' title='bbox 2603 4925 2918 4978; x_wconf 77' lang='grc' dir='ltr'>σκευάσασα</span> <span class='ocrx_word' id='word_1_806' title='bbox 2967 4923 3037 4977; x_wconf 85' lang='grc' dir='ltr'><strong>δι’</strong></span> <span class='ocrx_word' id='word_1_807' title='bbox 3071 4924 3267 4994; x_wconf 74' lang='grc' dir='ltr'>αὐτῆς,</span> <span class='ocrx_word' id='word_1_808' title='bbox 3304 4928 3382 4988; x_wconf 85' lang='grc' dir='ltr'><strong>εἰς</strong></span> <span class='ocrx_word' id='word_1_809' title='bbox 3415 4928 3535 4981; x_wconf 71' lang='lat' dir='ltr'><strong>Evt:</strong></span> <span class='ocrx_word' id='word_1_810' title='bbox 3561 4930 3669 4981; x_wconf 82' lang='grc' dir='ltr'><strong>τῶν</strong></span> 
     </span>
    </p>
   </div>
   <div class='ocr_carea' id='block_1_107' title="bbox 2096 5016 3671 5089">
    <p class='ocr_par' dir='ltr' id='par_1_107' title="bbox 2096 5016 3671 5089">
     <span class='ocr_line' id='line_1_107' title="bbox 2096 5016 3671 5089; baseline 0.003 -19"><span class='ocrx_word' id='word_1_811' title='bbox 2096 5017 2447 5085; x_wconf 78' lang='grc' dir='ltr'>καλουμένων</span> <span class='ocrx_word' id='word_1_812' title='bbox 2482 5019 2740 5089; x_wconf 76' lang='grc' dir='ltr'>μυκήτων</span> <span class='ocrx_word' id='word_1_813' title='bbox 2766 5016 3013 5083; x_wconf 75' lang='grc' dir='ltr'>ἐνέϐαλε,</span> <span class='ocrx_word' id='word_1_814' title='bbox 3040 5019 3136 5070; x_wconf 72' lang='grc' dir='ltr'>καὶ</span> <span class='ocrx_word' id='word_1_815' title='bbox 3161 5018 3301 5089; x_wconf 76' lang='grc' dir='ltr'>αὑτὴ</span> <span class='ocrx_word' id='word_1_816' title='bbox 3334 5019 3436 5089; x_wconf 83' lang='grc' dir='ltr'>μὲν</span> <span class='ocrx_word' id='word_1_817' title='bbox 3460 5022 3522 5072; x_wconf 82' lang='grc' dir='ltr'><strong>ἐκ</strong></span> <span class='ocrx_word' id='word_1_818' title='bbox 3562 5021 3671 5074; x_wconf 80' lang='grc' dir='ltr'>τῶν</span> 
     </span>
    </p>
   </div>
   <div class='ocr_carea' id='block_1_108' title="bbox 2093 5104 3673 5184">
    <p class='ocr_par' dir='ltr' id='par_1_108' title="bbox 2093 5104 3673 5184">
     <span class='ocr_line' id='line_1_108' title="bbox 2093 5104 3673 5184; baseline 0.003 -22"><span class='ocrx_word' id='word_1_819' title='bbox 2093 5104 2269 5162; x_wconf 79' lang='grc' dir='ltr'>ἄλλων</span> <span class='ocrx_word' id='word_1_820' title='bbox 2298 5110 2505 5181; x_wconf 73' lang='grc' dir='ltr'>ἤσθιεν,</span> <span class='ocrx_word' id='word_1_821' title='bbox 2539 5112 2749 5162; x_wconf 83' lang='grc' dir='ltr'>ἐκεῖνον</span> <span class='ocrx_word' id='word_1_822' title='bbox 2779 5110 2833 5161; x_wconf 84' lang='grc' dir='ltr'>δὲ</span> <span class='ocrx_word' id='word_1_823' title='bbox 2870 5110 2934 5163; x_wconf 82' lang='grc' dir='ltr'><strong>ἐκ</strong></span> <span class='ocrx_word' id='word_1_824' title='bbox 2988 5110 3078 5163; x_wconf 75' lang='grc' dir='ltr'>τοῦ</span> <span class='ocrx_word' id='word_1_825' title='bbox 3108 5111 3166 5163; x_wconf 79' lang='grc' dir='ltr'><strong>τὸ</strong></span> <span class='ocrx_word' id='word_1_826' title='bbox 3201 5113 3492 5182; x_wconf 79' lang='grc' dir='ltr'>φάρμακον</span> <span class='ocrx_word' id='word_1_827' title='bbox 3519 5114 3673 5184; x_wconf 77' lang='grc' dir='ltr'>ἔχον-</span> 
     </span>
    </p>
   </div>
   <div class='ocr_carea' id='block_1_109' title="bbox 2092 5200 3676 5280">
    <p class='ocr_par' dir='ltr' id='par_1_109' title="bbox 2092 5200 3676 5280">
     <span class='ocr_line' id='line_1_109' title="bbox 2092 5200 3676 5280; baseline 0.004 -28"><span class='ocrx_word' id='word_1_828' title='bbox 2092 5212 2204 5262; x_wconf 76' lang='grc' dir='ltr'>τος,</span> <span class='ocrx_word' id='word_1_829' title='bbox 2228 5201 2378 5263; x_wconf 66' lang='grc' dir='ltr'>ὄντος</span> <span class='ocrx_word' id='word_1_830' title='bbox 2411 5200 2670 5270; x_wconf 81' lang='grc' dir='ltr'>μεγίστου</span> <span class='ocrx_word' id='word_1_831' title='bbox 2697 5218 2755 5252; x_wconf 88' lang='grc' dir='ltr'><strong>τε</strong></span> <span class='ocrx_word' id='word_1_832' title='bbox 2798 5201 2891 5253; x_wconf 75' lang='grc' dir='ltr'>καὶ</span> <span class='ocrx_word' id='word_1_833' title='bbox 2916 5201 3229 5263; x_wconf 81' lang='grc' dir='ltr'>καλλίστου,</span> <span class='ocrx_word' id='word_1_834' title='bbox 3282 5206 3479 5272; x_wconf 76' lang='grc' dir='ltr'>φαγεῖν</span> <span class='ocrx_word' id='word_1_835' title='bbox 3531 5223 3676 5280; x_wconf 84' lang='grc' dir='ltr'>παρ-</span> 
     </span>
    </p>
   </div>
   <div class='ocr_carea' id='block_1_110' title="bbox 2094 5291 3661 5370">
    <p class='ocr_par' dir='ltr' id='par_1_110' title="bbox 2094 5291 3661 5370">
     <span class='ocr_line' id='line_1_110' title="bbox 2094 5291 3661 5370; baseline 0.004 -26"><span class='ocrx_word' id='word_1_836' title='bbox 2094 5291 2379 5344; x_wconf 84' lang='grc' dir='ltr'>εσκεύασε.</span> <span class='ocrx_word' id='word_1_837' title='bbox 2408 5293 2513 5344; x_wconf 77' lang='grc' dir='ltr'>Καὶ</span> <span class='ocrx_word' id='word_1_838' title='bbox 2541 5294 2568 5345; x_wconf 85' lang='lat'><strong>6</strong></span> <span class='ocrx_word' id='word_1_839' title='bbox 2601 5293 2698 5361; x_wconf 83' lang='grc' dir='ltr'>μὲν</span> <span class='ocrx_word' id='word_1_840' title='bbox 2728 5293 2899 5355; x_wconf 67' lang='grc' dir='ltr'>οὕτως</span> <span class='ocrx_word' id='word_1_841' title='bbox 2944 5292 3353 5359; x_wconf 70' lang='grc' dir='ltr'>ἐπιϐουλευθεὶς</span> <span class='ocrx_word' id='word_1_842' title='bbox 3400 5295 3474 5359; x_wconf 85' lang='grc' dir='ltr'><strong>ὡς</strong></span> <span class='ocrx_word' id='word_1_843' title='bbox 3503 5297 3661 5370; x_wconf 60' lang='grc' dir='ltr'>ὓπερο</span> 
     </span>
    </p>
   </div>
   <div class='ocr_carea' id='block_1_111' title="bbox 2092 5383 3673 5457">
    <p class='ocr_par' dir='ltr' id='par_1_111' title="bbox 2092 5383 3673 5457">
     <span class='ocr_line' id='line_1_111' title="bbox 2092 5383 3673 5457; baseline 0.003 -20"><span class='ocrx_word' id='word_1_844' title='bbox 2092 5383 2264 5453; x_wconf 79' lang='grc' dir='ltr'>κορὴς</span> <span class='ocrx_word' id='word_1_845' title='bbox 2310 5384 2514 5453; x_wconf 74' lang='grc' dir='ltr'>σφόδρα</span> <span class='ocrx_word' id='word_1_846' title='bbox 2562 5387 2626 5455; x_wconf 77' lang='grc' dir='ltr'><strong>τῇ</strong></span> <span class='ocrx_word' id='word_1_847' title='bbox 2665 5384 2802 5455; x_wconf 80' lang='grc' dir='ltr'>μέθῃ</span> <span class='ocrx_word' id='word_1_848' title='bbox 2856 5385 3170 5454; x_wconf 83' lang='grc' dir='ltr'>γενόμενος,</span> <span class='ocrx_word' id='word_1_849' title='bbox 3197 5388 3332 5457; x_wconf 78' lang='grc' dir='ltr'>ὅπερ</span> <span class='ocrx_word' id='word_1_850' title='bbox 3361 5391 3458 5442; x_wconf 72' lang='grc' dir='ltr'>καὶ</span> <span class='ocrx_word' id='word_1_851' title='bbox 3482 5389 3673 5448; x_wconf 67' lang='grc' dir='ltr'>ἄλλοτε</span> 
     </span>
    </p>
   </div>
   <div class='ocr_carea' id='block_1_112' title="bbox 2097 5473 3669 5551">
    <p class='ocr_par' dir='ltr' id='par_1_112' title="bbox 2097 5473 3669 5551">
     <span class='ocr_line' id='line_1_112' title="bbox 2097 5473 3669 5551; baseline 0.004 -24"><span class='ocrx_word' id='word_1_852' title='bbox 2097 5474 2357 5539; x_wconf 72' lang='grc' dir='ltr'>πολλάκις</span> <span class='ocrx_word' id='word_1_853' title='bbox 2416 5473 2657 5544; x_wconf 76' lang='grc' dir='ltr'>ἐγένετο,</span> <span class='ocrx_word' id='word_1_854' title='bbox 2720 5474 2783 5527; x_wconf 77' lang='grc' dir='ltr'><strong>ἐκ</strong></span> <span class='ocrx_word' id='word_1_855' title='bbox 2839 5473 2935 5527; x_wconf 86' lang='grc' dir='ltr'><strong>τοῦ</strong></span> <span class='ocrx_word' id='word_1_856' title='bbox 2970 5476 3275 5544; x_wconf 78' lang='grc' dir='ltr'>συμποσίου</span> <span class='ocrx_word' id='word_1_857' title='bbox 3315 5477 3669 5551; x_wconf 76' lang='grc' dir='ltr'>ἑξεκομίσθη.</span> 
     </span>
    </p>
   </div>
   <div class='ocr_carea' id='block_1_113' title="bbox 2100 5565 3672 5641">
    <p class='ocr_par' dir='ltr' id='par_1_113' title="bbox 2100 5565 3672 5641">
     <span class='ocr_line' id='line_1_113' title="bbox 2100 5565 3672 5641; baseline 0.004 -24"><span class='ocrx_word' id='word_1_858' title='bbox 2100 5565 2513 5637; x_wconf 82' lang='grc' dir='ltr'>Κατεργασθε“ις</span> <span class='ocrx_word' id='word_1_859' title='bbox 2555 5565 2613 5618; x_wconf 75' lang='grc' dir='ltr'><strong>δέ</strong></span> <span class='ocrx_word' id='word_1_860' title='bbox 2639 5565 2717 5636; x_wconf 80' lang='grc' dir='ltr'>τῷ</span> <span class='ocrx_word' id='word_1_861' title='bbox 2764 5567 3043 5636; x_wconf 75' lang='grc' dir='ltr'>φαρμάκῳ</span> <span class='ocrx_word' id='word_1_862' title='bbox 3094 5568 3398 5637; x_wconf 74' lang='grc' dir='ltr'>μετήλλαξε</span> <span class='ocrx_word' id='word_1_863' title='bbox 3429 5569 3518 5622; x_wconf 67' lang='grc' dir='ltr'>διὰ</span> <span class='ocrx_word' id='word_1_864' title='bbox 3572 5576 3672 5641; x_wconf 74' lang='grc' dir='ltr'><strong>τῆς</strong></span> 
     </span>
    </p>
   </div>
   <div class='ocr_carea' id='block_1_114' title="bbox 2096 5656 3669 5734">
    <p class='ocr_par' dir='ltr' id='par_1_114' title="bbox 2096 5656 3669 5734">
     <span class='ocr_line' id='line_1_114' title="bbox 2096 5656 3669 5734; baseline -0.002 -23"><span class='ocrx_word' id='word_1_865' title='bbox 2096 5658 2308 5721; x_wconf 72' lang='grc' dir='ltr'>νυκτὸς,</span> <span class='ocrx_word' id='word_1_866' title='bbox 2349 5656 2473 5729; x_wconf 74' lang='grc' dir='ltr'>μήτ’</span> <span class='ocrx_word' id='word_1_867' title='bbox 2498 5659 2673 5712; x_wconf 78' lang='grc' dir='ltr'>εἰπεῖν</span> <span class='ocrx_word' id='word_1_868' title='bbox 2707 5658 2829 5729; x_wconf 80' lang='grc' dir='ltr'>μήτ’</span> <span class='ocrx_word' id='word_1_869' title='bbox 2860 5656 3095 5712; x_wconf 64' lang='grc' dir='ltr'>ἀκοῦσαί</span> <span class='ocrx_word' id='word_1_870' title='bbox 3129 5675 3181 5712; x_wconf 87' lang='grc' dir='ltr'><strong>τι</strong></span> <span class='ocrx_word' id='word_1_871' title='bbox 3202 5658 3473 5732; x_wconf 71' lang='grc' dir='ltr'>δυνηθεὶς,</span> <span class='ocrx_word' id='word_1_872' title='bbox 3498 5661 3669 5734; x_wconf 66' lang='grc' dir='ltr'><strong>ζῄσις</strong></span> 
     </span>
    </p>
   </div>
  </div>
