3976 6204
375 268 486 335 957

1621 273 2026 336 ANNALIUM
2068 275 2214 337 LIB.
2255 275 2365 336 XI.

3517 272 3626 335 958

371 383 470 452 ιτη
497 381 587 434 ἐπὶ
629 379 811 448 τρισὶν
842 379 1108 448 ἑξήκοντα
1135 383 1230 434 καὶ
1263 380 1440 450 μῆνας
1469 381 1564 436 δύο
1608 385 1702 436 καὶ
1729 380 1944 456 ἠμὲρας

2053 385 2253 441 domini
2285 395 2492 442 custos.
2539 384 2647 442 Sed
2679 383 2916 444 Claudio
2940 383 3236 447 defuncto,
3271 391 3330 438 et
3363 382 3480 453 ipse
3513 392 3624 439 sta-

370 470 757 542 τρισναίδεκα,
793 471 1153 540 αὐταρχήσας
1183 472 1229 524 δ’
1258 473 1540 536 ἐνιαυτοὺς
1573 476 1948 542 τρισκαίδεκα,

372 563 551 633 μῆνάς
567 579 624 614 τε
643 560 787 614 ὀκτὼ
809 562 905 614 καὶ
928 563 1033 629 ήμέ
1043 578 1142 630 ρας
1164 565 1358 618 εἴκοσι.
1381 565 1572 620 Ταῦτα
1587 566 1645 619 δὲ
1669 569 1701 636 ή
1724 567 1953 636 Ἀγριπ-

371 654 508 706 πένα
533 651 824 716 πεποίηκε,
849 654 942 704 τὸν
977 652 1293 721 Νάρκισσον
1318 655 1398 717 είς
1454 656 1788 724 Καμπανίαν
1811 674 1950 726 προ-

370 743 665 812 πέμψατα,
707 743 785 805 ὡς
815 745 927 805 τοῖς
990 743 1179 799 ὕδασιν
1209 746 1326 798 ἐκεῖ
1353 746 1492 816 πρὸς
1519 746 1621 818 τὴν
1669 747 1950 818 ποδάγραν

369 837 736 906 χρησόμενον.
769 835 844 888 Οὐ
879 836 989 905 γάρ
1018 853 1150 889 ποτε
1178 838 1446 907 παρόντος
1466 839 1675 893 ἐκείνου
1705 839 1950 893 τοιοῦτόν

367 943 426 978 τι
458 926 782 996 δεδρακέναι
812 927 1034 997 ἴσχυσεν
1059 929 1148 990 ἂν,
1174 928 1416 990 τοιοῦτος
1439 928 1532 982 τοῦ
1563 929 1824 983 δεσπότου
1849 929 1952 998 φύ-

367 1017 472 1082 λαξ
496 1017 788 1088 ὲτύγχανε.
825 1017 1095 1082 Θανόντος
1124 1018 1181 1071 δὲ
1235 1018 1330 1072 τοῦ
1364 1020 1636 1073 Κλαυδίου
1665 1021 1760 1074 καὶ
1783 1022 1950 1084 αὐτὸς

367 1108 535 1172 εὐθὺς
595 1108 889 1178 διεφθάρη,
949 1109 1211 1178 μέγιστον
1268 1109 1540 1177 δυνηθείς.
1590 1111 1705 1180 Πρὸ
1763 1112 1821 1164 δὲ
1853 1112 1948 1165 τοῦ

371 1201 650 1269 σφαγῆναι
675 1199 839 1267 ἔργον
863 1200 1118 1269 λαμπρὸν
1147 1199 1498 1271 διεπράξατο.
1530 1202 1612 1255 Τὰ
1635 1203 1743 1273 γὰρ
1769 1203 1952 1274 γράμ-

371 1305 523 1361 ματα
574 1289 671 1344 τοῦ
721 1292 994 1346 Κλαυδίου
1046 1293 1148 1345 ὅσα
1191 1292 1483 1362 ἀπόρρητα
1540 1294 1682 1347 κατά
1733 1311 1790 1346 τε
1849 1295 1949 1362 τῆς

383 1385 755 1455 Ἀγριππίνης
812 1385 907 1440 καὶ
960 1385 1084 1438 καθ’
1119 1387 1326 1455 ἐτέρων
1349 1386 1514 1440 τινῶν
1545 1387 1705 1456 ἔχων,
1737 1382 1826 1441 οἷα
1851 1386 1949 1450 τὰς

367 1477 668 1538 ἐπιστολὰς
725 1476 892 1530 αὐτοῦ
926 1477 1168 1542 διοικῶν,
1225 1478 1442 1532 ἅπαντα
1476 1480 1947 1549 προκατέκαυσεν.

2055 477 2149 530 tim
2193 478 2435 544 interiit,
2487 493 2616 533 cum
2663 492 2934 534 summam
2983 474 3288 546 potentiam
3332 475 3622 532 tenuisset.

2049 568 2357 636 Antequam
2399 577 2584 623 autem
2631 567 3024 631 occideretur,
3075 565 3356 635 egregium
3411 564 3625 620 facinus

2049 659 2245 714 edidit.
2274 659 2410 714 Nam
2440 660 2652 716 litteras
2689 658 2905 715 Claudii
2943 672 3174 713 arcanas
3200 666 3393 710 contra
3427 654 3628 724 Agrip-

2051 752 2237 822 pinam
2269 761 2326 808 et
2350 753 2488 809 alios
2515 754 2756 824 scriptas
2779 753 3068 816 cremavit,
3094 767 3252 820 quas.
3300 759 3362 805 ut
3399 750 3492 818 qui
3545 748 3624 802 illi

2049 853 2196 899 esset
2223 845 2292 899 ab
2320 845 2591 914 epistolis.
2617 860 2811 900 omnes
2838 843 3097 898 habebat.
3130 842 3226 896 Est
3262 850 3447 897 autem
3470 841 3626 911 juxta

2053 936 2354 996 Messalinae
2398 936 2717 1005 sepulcrum
2779 933 3153 989 interfectus:
3195 932 3340 1001 quod
3397 931 3626 988 fortuito

2051 1028 2280 1090 laetum,
2333 1026 2387 1080 in
2444 1026 2593 1081 illius
2645 1026 2914 1080 ultionem
2966 1023 3236 1078 accidisse
3280 1023 3460 1076 visum
3517 1030 3622 1074 est.

2048 1116 2275 1172 Cometa
2326 1118 2648 1186 longissimo
2685 1125 2934 1187 tempore
2963 1117 3241 1186 apparuit,
3271 1124 3328 1171 et
3364 1113 3626 1169 vexillum

2050 1209 2349 1264 satellitum
2376 1209 2547 1280 guttis
2583 1209 2904 1279 sanguineis
2942 1208 3230 1272 infectum,
3272 1217 3328 1260 et
3375 1205 3443 1260 de
3483 1202 3626 1258 caelo

2050 1309 2277 1354 tactum.
2311 1298 2676 1369 Contigerant
2717 1307 2774 1353 et
2824 1299 2876 1352 id
2907 1313 3084 1368 genus
3113 1298 3253 1361 alia,
3303 1311 3426 1365 quae
3473 1295 3627 1364 signa

2056 1391 2316 1446 interitus
2371 1392 2588 1448 Claudii
2639 1392 2998 1461 putabantur.
3055 1390 3169 1445 Sub
3216 1389 3322 1442 hoc
3374 1386 3627 1455 principe

2050 1483 2307 1540 Theudas
2327 1485 2558 1547 exstitit,
2581 1486 2741 1554 cujus
2761 1486 2822 1539 ι).
2857 1485 3036 1538 Lucas
3064 1483 3118 1536 in
3147 1481 3298 1536 Actis
3325 1478 3581 1533 meminit
3606 1493 3621 1532 :

380 1567 628 1636 Ἐσφάγη
657 1568 714 1620 δὲ
739 1568 892 1638 παρὰ
913 1567 991 1636 τῷ
1020 1569 1117 1637 τῆς
1143 1568 1492 1636 Μεσσαλίνης
1518 1570 1792 1639 μνημείῳ,
1809 1571 1948 1643 ὅπερ

2053 1585 2105 1633 et
2142 1576 2418 1647 Josophus
2461 1577 2856 1648 Antiquitatum
2909 1562 3053 1630 libro
3111 1589 3198 1628 xIx
3242 1571 3444 1635 refert,
3495 1584 3624 1624 eum

368 1661 437 1712 ὲκ
465 1660 761 1729 συντυχίας
792 1660 1136 1729 συνενεχθὲν,
1169 1661 1350 1727 εδοξεν
1378 1662 1461 1724 εἰς
1489 1663 1588 1731 τὴν
1619 1664 1836 1732 ἐκείνης
1863 1681 1940 1716 τι.

2053 1669 2219 1725 fuisse
2268 1671 2648 1738 impostorem,
2699 1669 2794 1738 qui
2849 1669 3055 1723 multos
3097 1665 3404 1725 seduxerit,
3450 1661 3626 1716 donec

371 1752 590 1822 μωρίαν
623 1724 902 1818 γενέσθαι.
934 1724 1128 1822 ’ἀξοθηῠ
1155 1724 1346 1821 μέντοι
1379 1724 1625 1824 κομήτης
1653 1724 1950 1826 ἀστὴρὲπὶ

2053 1763 2231 1818 Fadus
2262 1724 2466 1819 Judaeaa
2505 1724 2854 1832 procurator,
2890 1760 3073 1814 missis
3097 1755 3379 1826 equitibus
3427 1752 3627 1806 nmltos

364 1845 646 1906 πλεῖστον,
685 1844 778 1897 καὶ
804 1844 985 1912 ψεκὰς
1012 1845 1351 1914 αἱματώδης,
1381 1846 1480 1898 καὶ
1518 1847 1762 1914 σκηπτὸς
1798 1849 1855 1909 ἐς
1889 1847 1951 1900 τὸ

2053 1859 2170 1924 ejus
2220 1865 2526 1911 sectatores
2565 1855 2871 1917 occiderit,
2920 1852 3123 1907 multos
3177 1847 3427 1918 ceperit,
3459 1853 3625 1912 atque

363 1935 730 2005 δορυφορικὸν
766 1938 992 2005 σημεῖον
1034 1937 1260 1990 ἐνέπεσε
1282 1978 1297 2004 ,
1345 1939 1440 1991 καὶ
1468 1938 1611 2008 ἕτερ’
1637 1939 1774 1994 ἄττα
1823 1957 1950 1993 συν-

2053 1947 2155 2017 ipsi
2192 1947 2434 2002 Theudae
2467 1953 2632 2015 caput
2663 1944 2985 2014 ampularit.
3031 1942 3218 1996 Simon
3248 1951 3469 2008 quoque
3514 1935 3627 1989 Ma-

364 2029 470 2082 ἐπε
480 2046 568 2081 σεν
589 2029 624 2082 ἃ
652 2031 852 2099 σημεῖα
874 2029 971 2098 τῆς
992 2029 1260 2083 Κλαυδίου
1284 2030 1542 2100 τελευτῆς
1562 2033 1946 2101 ἐλογίσθησαν.

367 2118 579 2172 Τούτου
606 2119 736 2186 γοῦν
767 2119 1164 2189 μοναρχοῦντος
1215 2121 1312 2174 καὶ
1371 2121 1573 2185 Θευδᾶς
1607 2123 1824 2192 ἐγένετο
1847 2164 1861 2188 ,
1887 2118 1950 2178 οὐ

366 2212 469 2264 καὶ
501 2213 530 2263 6
558 2210 703 2274 θεῖος
729 2212 942 2274 Λουκᾶς
977 2212 1035 2264 ἐν
1061 2214 1181 2272 ταῖς
1211 2212 1448 2285 Πράξεσι
1485 2215 1780 2286 μέμνηται,
1804 2216 1899 2268 καὶ
1923 2218 1952 2269 6

383 2303 648 2374 Ἰώσηπος
669 2307 726 2357 ὲν
752 2305 831 2374 τῷ
862 2305 1333 2376 ἐννεακαιδεκάτῳ
1365 2307 1510 2375 λόγῳ
1535 2309 1634 2378 τῆς
1678 2309 1950 2377 Ἀρχαιο-

365 2395 581 2465 Jay-lac
613 2397 838 2460 ἱστορεῖ,
883 2395 1060 2462 γόητα
1118 2396 1281 2450 αὐτὸν
1310 2397 1442 2451 ὄντα
1466 2399 1698 2463 πολλοὺς
1729 2402 1948 2471 ἀπατῆ-

369 2503 492 2550 σαι,
519 2485 625 2548 ἕως
654 2486 824 2548 Φάδος
857 2488 886 2538 ό
910 2487 1010 2556 τῆς
1039 2485 1301 2552 Ἰουδαίας
1351 2491 1652 2560 ἐπίτροπος
1686 2491 1806 2562 ἴλην
1859 2494 1952 2546 ἱπ-

367 2580 522 2632 πέων
549 2578 773 2658 πέμψας
819 2579 1050 2643 πολλοὺς
1071 2580 1180 2634 τῶν
1234 2584 1364 2653 περὶ
1389 2584 1552 2636 αὐτὸν
1582 2585 1784 2650 ἀνεῖλε,
1819 2587 1952 2640 πολο

363 2671 498 2733 λούς
518 2671 566 2724 δ’
610 2671 917 2741 ἐζώγρησε,
959 2671 1056 2728 καὶ
1107 2671 1276 2726 αὐτοῦ
1308 2673 1365 2726 δὲ
1406 2674 1502 2728 τοῦ
1533 2675 1708 2730 Θευδᾶ
1736 2677 1955 2748 ζωγρη-

369 2761 558 2822 θέντος
616 2762 716 2829 τὴν
749 2761 924 2830 κάραν
961 2762 1228 2832 ἀπέτεμε.
1261 2765 1373 2817 Καὶ
1423 2765 1605 2834 Σίμων
1637 2767 1681 2820 δ’
1711 2771 1738 2820 6
1762 2769 1953 2836 Μάγος

369 2854 468 2906 ἐπὶ
516 2854 707 2905 τούτου
766 2853 861 2905 τοῦ
923 2854 1189 2922 βασιλέως
1230 2858 1295 2925 τῇ
1369 2857 1558 2928 Ῥώμῃ
1603 2859 1952 2932 ἐπιδημήσας

369 2947 605 3011 πολλοὺς
657 2949 767 3000 τῶν
818 2949 987 3017 αὐτὴν
1046 2949 1342 3004 οἰκούντων
1371 2953 1650 3022 γοητείαις
1700 2955 1950 3027 ἠπάτησε

2051 2042 2282 2113 gushoc
2312 2041 2620 2109 imperante
2670 2039 2856 2091 Romae
2907 2043 3192 2095 versatus,
3239 2030 3442 2084 multos
3489 2039 3626 2094 pra).

2051 2132 2234 2202 stigiis
2261 2132 2523 2200 deceptos
2553 2132 2606 2184 in
2647 2144 2802 2183 suam
2833 2135 3038 2182 sectam
3073 2121 3357 2193 pertraxit.
3392 2117 3448 2172 Id
3477 2113 3628 2185 quod

2049 2223 2303 2281 Justinus
2331 2221 2697 2293 philosophus
2725 2229 2782 2275 et
2812 2227 3020 2288 martyr
3049 2217 3102 2270 in
3136 2213 3469 2268 Defensione
3500 2206 3630 2262 reli-

2051 2319 2232 2389 gionis
2273 2324 2473 2370 nostrae
2499 2313 2567 2368 ad
2595 2311 2895 2368 Antonium
2937 2309 3217 2369 declarat,
3263 2304 3353 2358 his
3398 2298 3624 2356 verbis:

2054 2408 2180 2463 Post
2233 2407 2443 2462 Domini
2505 2406 2562 2459 in
2615 2403 2802 2458 emtum
2853 2399 3310 2468 assumptionem,
3365 2393 3630 2447 dwmones

2052 2500 2309 2570 quosdam
2340 2497 2573 2558 homines
2600 2494 2962 2550 subornarnnt
2982 2531 2996 2553 ,
3035 2490 3125 2555 qui
3153 2503 3208 2541 se
3242 2486 3362 2539 deos
3390 2497 3500 2536 esse
3544 2480 3632 2532 di-

2051 2600 2227 2646 cerent
2258 2607 2278 2644 :
2301 2591 2392 2659 qui
2421 2590 2552 2643 adeo
2591 2605 2624 2642 a
2655 2586 2796 2641 vobis
2820 2585 2956 2656 pulsi
2979 2599 3083 2637 non
3112 2591 3259 2640 sunt,
3289 2586 3344 2630 ut
3369 2577 3442 2629 eis
3465 2576 3632 2628 hono-

2053 2700 2164 2737 rem
2199 2682 2510 2738 habueritis.
2553 2680 2790 2744 Qnornm
2819 2693 2846 2730 e
2877 2689 3096 2729 numero
3141 2672 3240 2742 fuit
3285 2669 3470 2724 Simon
3525 2663 3631 2719 Sn-

2053 2776 2386 2836 maritanus,
2437 2788 2465 2826 ε
2503 2787 2640 2841 pago
2683 2769 2899 2825 Cittano
2928 2783 2946 2820 :
2975 2766 3064 2835 qui
3102 2779 3221 2817 cum
3269 2760 3362 2814 sub
3405 2757 3630 2811 Claudio

2054 2867 2266 2923 (ἔφθανε
2295 2866 2594 2918 daemonum
2621 2876 2782 2929 opera
2813 2856 3076 2913 miracula
3107 2853 3348 2908 edidisset
3371 2890 3388 2913 ,
3421 2851 3475 2902 in
3500 2846 3628 2901 urbe

2053 2974 2227 3020 vestra
2257 2947 2593 3030 iniperatrice
2617 2955 2807 3020 Roma,
2833 2954 2961 3007 deus
2993 2961 3068 3005 est
3103 2948 3312 3002 habitus
3335 2961 3353 2998 :
3375 2945 3618 2997 decreta-

368 3044 469 3096 καὶ
493 3041 902 3111 ἐσφετερίσατο.
936 3044 1099 3114 Δηλοί
1134 3042 1190 3095 δὲ
1230 3043 1393 3097 τοῦτο
1424 3042 1709 3108 Ἰουστίνος
1743 3049 1772 3099 6
1802 3047 1951 3116 φιλό-

2055 3071 2154 3119 que
2184 3055 2230 3106 ei
2256 3060 2436 3107 statua
2471 3052 2527 3105 in
2568 3048 2738 3104 Tiberi
2763 3047 2922 3116 ﬂuuio
2950 3045 3089 3097 inter
3126 3040 3256 3093 duos
3305 3043 3509 3107 pontes,
3543 3030 3630 3086 cui

369 3135 539 3203 σοφός
566 3151 626 3187 τε
667 3137 760 3188 καὶ
795 3137 1006 3206 μάρτυς
1061 3137 1118 3189 ὲν
1160 3139 1225 3206 τῇ
1277 3138 1415 3208 πρὸς
1461 3139 1778 3192 Ἀντωνῖνον
1810 3141 1954 3212 ὑπὲρ

372 3229 468 3282 τοῦ
499 3228 621 3281 καθ’
651 3230 796 3298 ήμᾶ,
828 3229 1098 3297 δόγματος
1131 3230 1416 3300 ἀπολογίᾳ,
1470 3232 1698 3300 γράφων
1744 3234 1915 3290 ταῦτα
1935 3250 1949 3265 ’

368 3321 484 3375 Καὶ
510 3321 661 3389 μετὰ
690 3318 803 3385 τὴν
822 3319 1136 3388 ἀνάληψιν
1165 3319 1272 3373 τοῦ
1320 3321 1542 3388 Κυρίου
1563 3325 1649 3388 εἰς
1669 3324 1949 3391 οὐρανὸν,

374 3412 828 3480 προεϐάλλοντο
864 3415 918 3465 οι
955 3411 1238 3482 δαίμονες
1281 3412 1636 3482 ἀνθρώπους
1664 3415 1830 3481 τινὰς
1853 3414 1952 3470 λέ-

369 3521 590 3574 γοντας
642 3504 896 3570 ἑαυτοὺς
943 3501 1099 3558 εἶναι
1159 3505 1353 3572 θεοὺς,
1403 3505 1461 3559 οἳ
1511 3508 1583 3560 οὐ
1608 3508 1804 3575 μόνον
1838 3511 1951 3562 οὐκ

371 3596 753 3663 ἐδιώχθησαν
790 3598 888 3665 ὑφ’
939 3595 1125 3665 ὑμῶν,
1181 3598 1344 3650 ἀλλὰ
1366 3598 1461 3651 καὶ
1493 3597 1665 3667 τιμῆς
1695 3599 1952 3666 ἠξιώθη-

371 3703 532 3744 σαν·
565 3684 653 3742 ὧν
681 3684 764 3752 εἷς
796 3690 889 3744 καὶ
926 3691 1122 3760 Σίμων
1147 3693 1178 3742 ὀ
1203 3691 1508 3758 Σαμαρεὺς
1536 3693 1569 3744 ό
1603 3691 1720 3745 ἀπὸ
1751 3690 1952 3761 κώμης

372 3780 623 3842 Γιττῶν,
648 3781 716 3843 ὃς
749 3781 847 3834 ἐπὶ
876 3782 1180 3835 Κλαυδίου
1221 3783 1520 3848 Καίσαρος
1560 3780 1658 3833 διὰ
1684 3780 1792 3848 τῆς
1833 3781 1953 3834 τῶν

375 3875 678 3944 δαιμόνων
709 3875 1011 3942 ἐνεργείας
1055 3872 1343 3941 δυνάμεις
1380 3872 1642 3941 μανικὰς
1691 3873 1954 3940 ποιήσας

2063 3145 2312 3202 Romanis
2350 3143 2536 3198 litteris
2566 3140 2875 3208 inscriptum
2909 3143 3005 3197 est,
3039 3131 3242 3186 Simoni
3280 3132 3381 3180 deo
3417 3129 3627 3178 sancto.

2056 3241 2254 3294 Petrus
2283 3252 2505 3307 quoque
2553 3235 2722 3305 568
2752 3231 2854 3288 sub
2885 3228 3114 3285 Claudio
3146 3227 3333 3280 Romae
3371 3215 3633 3276 salutaris

2057 3328 2313 3400 przecouii
2364 3328 2574 3382 semina
2627 3323 2864 3394 sparsit,
2915 3321 3004 3376 cui
3046 3319 3203 3372 multi
3258 3331 3325 3370 ex
3367 3307 3632 3366 Romanis

2058 3420 2216 3475 fidem
2261 3419 2575 3474 habuerunt
2609 3433 2623 3471 :
2657 3416 2843 3484 itaque
2889 3410 3139 3467 doctrina
3188 3403 3454 3477 principis
3500 3414 3633 3468 apo-

2055 3514 2322 3568 stolorum
2357 3510 2502 3580 capti
2542 3517 2690 3566 sunt.
2720 3516 2780 3560 ut
2807 3505 2940 3561 solis
2968 3504 3089 3573 ejus
3119 3499 3306 3554 verbis
3336 3511 3444 3550 non
3495 3505 3633 3546 cono

2058 3608 2214 3669 tenti,
2247 3604 2488 3658 Marcum
2527 3600 2862 3671 apostolum,
2899 3595 3046 3652 Petri
3094 3591 3349 3648 comitem
3376 3626 3391 3648 ,
3435 3597 3634 3638 exora-

2057 3703 2182 3750 rent
2217 3704 2278 3749 ut
2325 3693 2626 3748 conciones
2671 3689 2870 3746 summi
2903 3687 3005 3741 viri
3039 3682 3258 3752 scriptis
3296 3677 3580 3732 mandaret
3611 3685 3629 3726 :

2057 3795 2224 3855 atque
2256 3786 2310 3838 in
2342 3799 2507 3839 causa
2543 3791 2765 3845 essent,
2800 3787 2860 3832 ut
2885 3777 3050 3832 Marci
3095 3769 3450 3841 Evangelium
3489 3779 3630 3819 con-

2061 3879 2422 3940 scriberetur,
2455 3870 2917 3944 quemadmodum
2951 3867 3117 3922 refert
3148 3861 3440 3918 Eusebius.

373 3972 446 4023 ἑν
481 3971 555 4038 τῇ
582 3973 754 4024 πόλει
785 3969 950 4039 ὑμῶν
982 3968 1058 4036 τῇ
1077 3968 1359 4032 ,βασιλίδι
1403 3967 1614 4037 Ῥώμῃ,
1658 3967 1794 4034 θεὸς
1858 3969 2172 4040 ἐνομίσθη,
2235 3969 2333 4024 καὶ
2393 3942 2704 4036 ἀνδριάντι
2727 3963 2862 4032 παρ’
2907 3960 3052 4031 ὑμῖν
3115 3956 3414 4025 τετίμηται
3453 3949 3522 4003 ἐν
3550 3942 3630 4010 τῷ

382 4063 626 4131 Τιόἐριδι
650 4061 893 4141 ποταμῷ
946 4061 1174 4130 μεταξὺ
1243 4058 1361 4114 τῶν
1403 4059 1514 4114 δύο
1559 4060 1835 4130 γεφυρῶν
1905 4039 2205 4131 Ισνταμένῳ
2232 4101 2248 4126 ,
2316 4061 2656 4131 γράμμασιν
2712 4050 3190 4125 ἐπιγεγραμμένῳ
3262 4039 3630 4114 Ῥωμαῖκοῖςν

375 4160 593 4226 Σίμωνι
626 4137 742 4223 δέῳ
761 4158 1000 4226 σὰγκτῳ
1019 4175 1032 4188 ·
1064 4159 1200 4226 ὅπερ
1225 4155 1722 4226 ἑξελληνιζόμενον,
1778 4156 1981 4227 Σίμωνι
2023 4157 2130 4227 θεῷ
2189 4158 2329 4228 ἁγίῳ
2355 4156 2523 4228 δηλοῖ.
2559 4156 2670 4209 Καὶ
2702 4155 2730 4207 6
2766 4153 2970 4221 Πέτρος
2993 4151 3047 4202 δὲ
3074 4149 3167 4200 ἐπὶ
3194 4141 3454 4196 Κλαυδίου
3477 4134 3631 4206 πρῶ·

375 4272 469 4316 τον
515 4254 832 4322 ἐπεδήμησε
890 4255 956 4321 τῇ
1025 4251 1238 4324 Ῥώμῃ,
1272 4251 1335 4304 τὸ
1395 4252 1663 4321 σωτήριον
1729 4251 1992 4322 κήρυγμα
2025 4251 2482 4320 ὲγκατασπείρων
2548 4251 2710 4317 αὐτῇ,
2760 4246 2855 4300 καὶ
2913 4243 2990 4312 τῷ
3039 4241 3176 4309 φωτὶ
3228 4239 3324 4306 τῆς
3375 4229 3636 4302 ἀληθείας

377 4349 742 4417 καταυγάζων
767 4351 864 4412 τὰς
894 4348 1133 4412 διανοίας
1162 4347 1268 4401 τῶν
1301 4349 1359 4400 ὲν
1391 4348 1551 4416 αὐτῇ,
1621 4347 1696 4410 ὡς
1766 4349 1860 4402 καὶ
1927 4347 2153 4410 πολλοὺς
2208 4346 2498 4400 πιστεῦσαι
2523 4344 2632 4398 τῶν
2669 4339 2982 4410 Ῥωμαίων,
3021 4335 3118 4388 καὶ
3139 4333 3309 4394 οὕτως
3343 4327 3630 4394 ἀλῶναιτῇ

374 4443 696 4512 διδασκαλίᾳ
717 4441 812 4494 τοῦ
851 4441 1156 4510 κορυφαίου
1192 4440 1300 4492 τῶν
1339 4441 1654 4493 ἀποστόλων
1699 4439 1774 4504 ὼς
1813 4441 1950 4510 μηδὲ
1986 4443 2098 4504 τοῖς
2157 4441 2338 4507 λόγοις
2399 4436 2565 4491 αὐτοῦ
2619 4431 2956 4505 ἁρκεσθῆναι
2990 4427 3198 4496 μόνοις.
3249 4419 3640 4491 παρακῖήπεσι

373 4537 432 4588 δὲ
477 4535 615 4604 πρὸς
649 4508 875 4603 Μάρκον
924 4508 1232 4603 χρησασθαι
1277 4533 1367 4584 τὸν
1401 4531 1700 4586 ἀπόστολον
1752 4508 1949 4586 ὀπαδὸν
1994 4533 2124 4587 ὄντα
2179 4533 2413 4602 Πέτρου,
2473 4530 2754 4598 ἔγγραφον
2785 4525 2968 4582 αὐτοῖς
3015 4520 3111 4587 τῆς
3179 4515 3270 4568 τοῦ
3333 4508 3638 4583 κορυφαίου

372 4627 720 4691 διδασκαλίας
748 4627 1003 4680 ἐκθέσθαι
1041 4627 1364 4694 ὑπόμνημα,
1401 4625 1496 4678 καὶ
1519 4627 1719 4690 αὐτοὺς
1780 4626 1991 4690 αίτίους
2031 4626 2284 4696 γενέσθαι
2313 4626 2410 4695 τῆς
2443 4623 2538 4676 τοῦ
2562 4619 2706 4674 κατὰ
2734 4617 2960 4686 Μάρκον
2990 4608 3323 4678 Εὐαγγελίου
3393 4619 3633 4672 συγγραο

375 4726 508 4794 φῆς.
537 4722 694 4775 Οὕτω
719 4719 871 4773 ταῦθ’
907 4721 1189 4791 ἱστόρησεν
1212 4723 1239 4774 6
1267 4721 1546 4784 Εὐσέϐιος.

447 4817 548 4873 ΙΒ’.
586 4818 695 4870 Καὶ
722 4816 989 4879 Κλαύδιος
1038 4817 1134 4886 μὲν
1162 4816 1221 4869 ὃν
1275 4817 1489 4887 εἴρηται
1543 4817 1742 4888 τρόπον
1772 4817 1831 4881 ἐξ
1852 4819 1946 4871 ἁν-

2125 4815 2244 4870 Xll.
2289 4810 2520 4868 Claudio
2543 4809 2610 4863 ad
2638 4807 2787 4861 hunc
2817 4800 3062 4864 modum,
3096 4806 3153 4852 ut
3190 4793 3497 4865 expositum
3526 4798 3636 4853 est,

377 4911 614 4982 θρώπων
650 4910 868 4978 ἐγένετο
887 4927 901 4940 '
937 4910 1036 4979 τὴν
1059 4909 1103 4962 δ’
1134 4911 1432 4978 ἡγεμονίαν
1463 4887 1652 4980 Νέρων
1676 4911 1951 4982 ὲσφετερί·

2061 4908 2227 4962 rebus
2287 4902 2541 4958 humanis
2605 4908 2903 4966 exempto,
2965 4895 3112 4948 Nero
3164 4889 3458 4959 adoptivus
3516 4887 3637 4953 ejus
3684 4935 3686 4938 ,

379 5020 512 5057 σατο
543 5003 640 5069 τῆς
687 5001 1055 5069 Ἀγριππίνης
1105 5001 1309 5071 σπουδῇ
1335 5040 1348 5062 ,
1401 5002 1513 5062 υίὸς
1546 5001 1715 5071 αὐτῆς
1762 5001 1839 5054 ῶν
1869 5005 1951 5055 καὶ

2060 5001 2238 5059 filius.
2270 4995 2580 5065 Agrippinae
2607 4989 2796 5044 matris
2826 5003 2993 5057 opera
3038 4985 3144 5038 sibi
3173 4979 3479 5036 vindicavit
3525 4977 3634 5031 imo

375 5095 692 5164 εἰσποιητὸς
727 5095 856 5155 παῖς
884 5091 962 5161 τῷ
992 5091 1245 5160 Κλαυδίῳ
1275 5092 1588 5160 γενόμενος,
1615 5093 1724 5146 τῶν
1757 5110 1810 5144 τε
1838 5094 1960 5146 διαο

376 5188 563 5255 om?”
587 5185 684 5238 τοῦ
717 5185 985 5237 Κλαυδίου
1012 5183 1420 5250 ἀφανισθεισῶν
1444 5185 1650 5238 καὶτοῦ
1671 5187 1960 5258 Βρεττανιο

377 5275 478 5331 κοῦ
511 5294 579 5328 πα
593 5273 1064 5344 ρηγκωνισμένου,
1091 5273 1149 5335 ὃς
1177 5274 1396 5342 γνήσιος
1421 5269 1490 5345 ἦν
1525 5273 1618 5328 τοῦ
1664 5276 1960 5340 τεθνεῶτος

2059 5091 2295 5161 perium,
2330 5084 2544 5142 Claudii
2575 5089 2906 5138 testamento
2947 5076 3174 5139 abolito,
3217 5083 3273 5130 ct
3315 5069 3638 5127 Britannico

2057 5193 2262 5245 amoto,
2297 5180 2391 5250 qui
2423 5191 2720 5250 germanus
2755 5171 2997 5230 defuncti
3039 5172 3182 5225 [ilius
3206 5209 3220 5231 ,
3249 5167 3494 5238 pueritiae
3533 5177 3632 5216 au-

2055 5290 2157 5329 nos
2187 5271 2432 5327 nondum
2461 5277 2790 5325 excesserat.
2828 5267 3044 5320 Nerone
3085 5279 3114 5317 a
3148 5271 3341 5316 senatu
3386 5269 3441 5313 et
3481 5255 3630 5309 mili-

376 5370 514 5432 υἰὶς,
543 5369 600 5419 ἐν
631 5367 854 5435 παιδικῇ
886 5365 981 5434 ἐτη
1003 5365 1286 5434 τυγχάνων
1310 5368 1372 5431 τῇ
1401 5366 1607 5438 ἡλικίᾳ.
1643 5367 1749 5420 Τοῦ
1776 5368 1951 5436 Νέρωε

2057 5366 2206 5425 tibus
2233 5365 2565 5433 imperatore
2595 5369 2651 5414 et
2686 5361 2936 5429 Augusto
2977 5355 3255 5411 declarato
3283 5392 3298 5417 ,
3333 5347 3633 5418 Agrippina

372 5480 464 5525 νος
487 5462 545 5514 δὲ
570 5462 975 5533 αὐτοκράτορος
1003 5479 1097 5517 και
1130 5459 1445 5529 Αὐγούστου
1476 5461 1582 5514 ὐπό
1607 5477 1666 5513 τε
1692 5461 1794 5530 τῆς
1825 5461 1951 5530 βου-

2055 5457 2347 5527 imperium
2375 5456 2476 5510 sub
2510 5455 2658 5510 illius
2685 5448 3356 5520 nomineadministrans,
3405 5445 3622 5496 venalia

376 5557 475 5622 λῆς
506 5557 600 5609 καὶ
623 5559 720 5627 τῆς
745 5558 1000 5627 στρατιᾶς
1039 5555 1518 5625 ἀναγορευθέντος,
1540 5556 1574 5624 ἡ
1620 5553 1951 5624 Ἀγριππίνα

2053 5549 2247 5606 habuit
2298 5548 2483 5603 omnia
2525 5565 2540 5602 :
2581 5547 2676 5601 sed
2729 5553 2975 5612 tempore
3033 5537 3367 5608 procedente
3418 5532 3627 5588 Seneca

379 5647 562 5700 πάντα
592 5623 748 5717 τὰττῇ
778 5623 921 5717 ἀνρχῇ
974 5623 1321 5716 προσήκοντα
1375 5644 1563 5715 διῴκει
1611 5643 1691 5714 τῷ
1741 5644 1951 5697 ἐκείνου

2053 5640 2346 5712 praefectus
2372 5638 2694 5696 satellitum.
2733 5643 2785 5689 ct
2815 5635 3024 5688 Burrus
3063 5627 3324 5697 magister
3350 5623 3583 5680 Neronis
3608 5664 3623 5680 .

381 5740 612 5811 inritam:
635 5739 1017 5812 καπηλεύουαα
1042 5738 1236 5806 πάντα.
1266 5739 1548 5810 Προϊόντος
1570 5736 1625 5792 δὲ
1650 5736 1742 5792 τοῦ
1762 5734 1951 5808 χρόνου

2053 5735 2142 5790 illa
2189 5733 2467 5800 submota,
2528 5729 2819 5799 imperium
2869 5721 3112 5794 quaudiu
3167 5719 3363 5786 licuit,
3416 5720 3632 5790 optime
