3890 6196
245 265 348 334 961

1477 277 1886 342 ANNALIUM
1927 280 2074 341 LIB.
2116 281 2250 343 XI.‘

3396 293 3506 358 962

240 385 316 448 ὡς
367 384 416 436 οἱ
471 381 726 453 πρόγονοι
771 383 960 451 αὐτοῦ,
995 383 1109 439 ἀλλ’
1133 385 1226 440 ἐπὶ
1278 383 1533 458 ὀρχήσει,
1587 389 1684 444 καὶ
1727 391 1790 443 s11

1895 404 2111 447 .causa.
2145 391 2257 446 Nec
2282 389 2431 447 enim
2461 393 2514 447 ei
2553 393 2727 449 Roma
2770 394 2906 450 satis
2948 395 3129 466 ampla
3187 407 3354 456 erat:
3404 404 3500 458 sed

240 474 636 544 κιθαρῳδήσει,
665 475 895 546 κηρύξει
935 494 996 530 τε
1030 477 1127 530 καὶ
1168 478 1476 549 τραγῳδίας
1506 482 1818 551 ὑποκρίσει.

240 568 321 621 06
376 569 489 637 γὰρ
552 569 714 638 ηρκει
761 568 915 637 αὐτῷ
965 572 998 639 ἠ
1043 570 1257 639 Ῥώμη,
1310 570 1425 623 ἀλλ’
1473 571 1670 642 ἐδεήθη
1723 572 1820 624 καὶ

239 660 628 730 ἐκστρατείας,
662 660 749 712 ἵνα
775 661 872 712 καὶ
895 661 1300 732 Περιοδονίκης,
1336 661 1412 725 ὡς
1441 661 1622 730 ἔλεγε,
1655 664 1818 733 γένη·

235 771 350 807 ται.
403 751 562 804 Ἀλλά
601 752 652 804 τί
705 752 770 804 ἄν
798 769 880 814 τις
920 752 1044 804 καθ’
1079 752 1313 805 ἕκαστον
1351 752 1500 820 λέγοι
1543 752 1652 806 τῶν
1684 751 1816 822 παρ’

234 843 453 895 ἂκείνου
507 841 942 910 πραττομένωνς
993 841 1170 894 πάντα
1223 842 1334 911 γὰρ
1379 843 1588 910 ἁπλῶς,
1633 845 1733 897 ὅσα
1764 843 1815 896 ei

231 932 500 998 τυχόντες
575 932 962 999 ὑποκρίνονται
995 969 1012 996 ,
1087 936 1340 996 κάκεῖνος
1384 934 1540 1002 ἔλεγὲ
1613 953 1671 988 τε
1721 938 1815 989 καὶ

228 1020 520 1090 ἔπραττε,
576 1023 670 1073 καὶ
720 1022 926 1091 ἔπασχε
956 1062 972 1086 ,
1003 1022 1142 1092 πλὴν
1202 1024 1324 1076 καθ’
1391 1025 1514 1077 ὅσον
1580 1028 1812 1096 χρυσαῖς

225 1113 408 1165 ἐδεῖτο
467 1113 764 1166 ἀλύσεσιν·
806 1114 867 1166 ού
913 1114 1020 1182 γὰρ
1051 1115 1258 1184 ἔπρεπε
1303 1115 1594 1185 Ῥωμαίων
1653 1117 1818 1169 αὑτο-

222 1207 476 1275 κράτορα
501 1205 748 1276 σιδηραῖς
795 1207 1022 1260 δεῖσθαι.
1060 1207 1408 1278 Στρατιώτης
1437 1209 1494 1260 δέ
1527 1225 1641 1273 τις,
1685 1209 1812 1262 ίόὼν

221 1300 393 1349 αὑτὸν
434 1300 564 1351 ποτὲ
588 1299 698 1352 δεδε
710 1300 894 1369 μένον,
923 1301 1414 1370 ἡγανάκτησε,καὶ
1442 1301 1812 1370 προσδραμὼν

219 1390 445 1446 ἔλυσεν.
475 1393 702 1463 Ἕτερος
731 1396 807 1459 δὲ,
843 1398 1108 1466 ἐρομένου
1139 1399 1279 1461 τινὸς
1316 1398 1380 1452 Τί
1409 1399 1572 1452 ποιεῖ
1627 1402 1660 1452 ὀ
1699 1402 1808 1453 αὺ-

217 1486 570 1556 τοκράτωρ;
602 1492 938 1561 ἀπεκρίνατο
991 1493 1076 1545 ὅτι
1129 1494 1338 1547 Τίκτει.
1388 1494 1644 1546 Τοιοῦτον
1699 1495 1810 1563 γάρ

214 1595 271 1631 τι
301 1581 634 1650 ὑπεκρίνετο
666 1583 812 1636 τότε.
847 1583 1089 1652 ’Ἠρξατο
1122 1584 1176 1636 δὲ
1211 1586 1303 1638 καὶ
1338 1585 1428 1637 τὸν
1481 1585 1691 1652 Ἰσθμὸν
1711 1586 1810 1655 τῆς

219 1671 649 1743 Πελοποννήσου
727 1675 994 1744 διορύξαι,
1057 1679 1261 1744 καίπερ
1321 1677 1432 1729 τῶν
1501 1675 1807 1746 ἀνθρώπων

1923 483 2276 553 expeditione
2302 493 2422 540 erat
2450 501 2613 556 opus,
2647 499 2705 542 ut
2743 488 3132 546 Periodonices
3166 533 3182 556 ,
3232 491 3339 547 hoc
3377 507 3498 560 est,

1921 577 2125 644 passim
2163 577 2361 641 victor,
2390 577 2456 632 ut
2486 579 2696 646 aiebat,
2723 581 3005 636 evaderet.
3063 580 3169 638 Sed
3215 586 3343 652 quis
3378 587 3498 640 sin-

1918 667 2044 736 gula
2077 669 2198 738 ejus
2228 667 2368 723 facta
2399 672 2735 726 enunieret?
2776 673 2912 726 Nam
2948 689 3059 727 uno
3090 676 3282 737 verbo.
3333 678 3510 745 quid-

1917 760 2048 828 quid
2081 760 2562 817 vilesbistriones
2597 774 3018 833 repraasentant,
3051 781 3116 820 ea
3155 767 3338 820 omnia
3382 768 3499 836 ipse

1915 861 1972 905 et
1999 851 2221 906 dicebat
2255 863 2312 908 et
2345 853 2582 908 faciebat
2614 864 2670 908 et
2704 855 2976 910 tolerabat
3000 895 3015 919 ,
3054 858 3157 911 nisi
3208 861 3354 928 quod
3399 875 3500 912 au-

1917 939 2029 993 reis
2060 942 2271 996 catenis
2298 943 2648 998 vincicbatur
2691 961 2707 1000 2
2735 961 2857 998 nam
2888 947 3082 1000 ferrem
3117 947 3492 1003 Romanorum

1916 1030 2301 1100 imperatorem
2359 1034 2503 1088 haud
2563 1036 2899 1091 docuissent.
2954 1038 3265 1107 Aliquando
3327 1039 3498 1109 igitur

1915 1123 2075 1176 miles
2105 1125 2351 1178 vinctum
2389 1127 2780 1195 conspicatus,
2817 1143 2928 1195 prae
2969 1128 3346 1196 indignatione
3404 1146 3500 1184 ac-

1915 1215 2126 1276 currit,
2173 1231 2412 1286 eumque
2451 1218 2638 1272 solvit.
2693 1218 2854 1272 Alius
2908 1220 3277 1289 interrogatus
3307 1261 3320 1284 ,
3368 1223 3496 1290 quid

1913 1316 2090 1377 ageret
2130 1309 2441 1376 imperator,
2498 1309 2806 1377 respondit,
2855 1326 2969 1362 eum
3018 1313 3308 1378 parturire.
3360 1313 3493 1366 Par-

1915 1408 2028 1452 tum
2063 1401 2210 1452 enim
2242 1407 2357 1452 tum
2404 1400 2862 1468 repraesentabat.
2915 1402 3090 1470 Coepit
3134 1404 3298 1456 etiam
3357 1404 3496 1458 Isth-

1911 1505 2060 1542 mum
2098 1489 2422 1558 perfodere;
2450 1506 2479 1542 a
2521 1506 2630 1559 quo
2657 1506 2780 1544 cum
2811 1494 3061 1546 ltonnucs
3103 1494 3489 1557 abhorrerent.

1910 1579 2074 1650 570
2107 1591 2324 1650 sumpto
2352 1581 2531 1650 ligone
2567 1582 2681 1650 ipse
2728 1582 2916 1638 fodere.
2956 1586 3125 1653 erepit
3153 1624 3168 1645 ,
3232 1585 3490 1656 idemque

1911 1690 2012 1729 suo
2038 1676 2290 1742 exemplo
2325 1673 2506 1728 facere
2541 1685 2772 1728 caeteros
2806 1677 3004 1746 coegit.
3054 1678 3251 1732 Fertur
3303 1690 3490 1734 autent

210 1765 547 1818 ὀκνούντων.
587 1765 785 1819 Λαϐὼν
840 1765 932 1821 οὖν
973 1769 1132 1831 αὐτὸ,
1189 1769 1462 1834 δίκελλαν,
1505 1769 1599 1821 καί
1629 1785 1683 1820 τι
1706 1769 1790 1820 καὶ

1907 1767 2128 1835 sanguis
2153 1765 2437 1819 ebulliis<e
2465 1803 2481 1828 ,
2515 1781 2638 1819 eum
2672 1775 2814 1819 terra
2857 1770 3097 1836 primum
3143 1780 3487 1840 tangeretur,

210 1857 560 1926 ἀνασκάψας,
596 1857 782 1910 ἔπεισε
843 1865 934 1912 καὶ
978 1861 1103 1923 τοὺς
1142 1860 1332 1922 ἄλλους
1372 1862 1584 1932 ἀνάγκῃ
1633 1860 1798 1913 αὑτὸν

213 1951 590 2018 μιμήσασθαι.
650 1949 802 2022 Αἷμα
857 1954 913 2005 δὲ
944 1956 1059 2016 τοῖς
1084 1953 1320 2025 πρώτοις
1370 1954 1676 2024 ἁψαμένοις
1699 1953 1795 2022 τῆς

1905 1859 2230 1928 etgemitus
2251 1869 2307 1914 et
2337 1863 2578 1926 mugitus
2605 1860 2898 1915 exauditus
2951 1876 3071 1916 esse
3100 1902 3116 1928 ,
3169 1873 3225 1916 ct
3267 1872 3488 1933 spectra

1903 1954 2076 2006 multa
2107 1951 2452 2020 apparuisse.

207 2042 321 2110 γῆς
383 2042 602 2110 λέγεται
673 2044 975 2100 ἀναϐλύσαι
1015 2049 1112 2100 καὶ
1177 2048 1426 2118 οἰμωγὰς
1489 2050 1587 2101 καὶ
1656 2044 1984 2117 μυκηομοὺς
2023 2045 2410 2111 ἐξακούεσθαι,
2457 2043 2555 2097 καὶ
2603 2043 2842 2100 εἰδώλων
2876 2047 3131 2115 γενέσθαι
3182 2051 3485 2119 φαντασίαν

207 2136 449 2192 πολλῶν.

284 2231 385 2283 1Γ’.
446 2227 614 2295 Οὗτος
679 2235 895 2304 πρῶτος
965 2239 1058 2290 καὶ
1105 2238 1202 2292 τοῦ
1253 2240 1398 2292 κατά
1444 2237 1790 2310 Χριστιανῶν

205 2323 420 2393 ἤρξατο
450 2325 716 2396 διωγμοῦ,
750 2329 846 2380 καὶ
873 2329 1076 2400 Πέτρον
1103 2333 1198 2384 καὶ
1230 2331 1440 2385 Παῦλον
1467 2334 1593 2392 τοὺς
1628 2348 1793 2400 κορυ-

204 2415 414 2482 φαίους
445 2419 554 2469 τῶν
609 2420 928 2474 ἀποστόλων
981 2423 1273 2490 ἀπέκτεινε
1319 2425 1463 2477 κατὰ
1504 2422 1596 2474 τὸν
1627 2422 1792 2475 αὑτὸν

200 2507 427 2577 καιρὸν,
481 2507 557 2572 ὡς
604 2511 634 2562 ό
681 2510 939 2576 Εὐσέϐιος
995 2515 1231 2584 ἱστορεῖ,
1289 2515 1354 2567 ἐκ
1409 2514 1790 2583 παλαιοτέρων

202 2601 580 2670 συγγραφέων
608 2604 918 2673 μαρτυρίας
969 2607 1259 2677 παράγων.
1302 2606 1524 2675 Ἕτεροι
1551 2606 1607 2660 δὲ
1644 2607 1787 2659 κατά

197 2691 306 2761 τὴν
324 2691 497 2762 αὐτὴν
519 2694 738 2765 ἡμέραν
772 2699 908 2765 φασὶ
939 2699 1293 2768 τελειωθῆναι
1329 2700 1426 2752 καὶ
1460 2698 1634 2767 ἄμφω
1655 2700 1786 2760 τοὺς

1969 2230 2108 2286 ΧΙΙΙ.
2142 2231 2242 2286 llic
2274 2233 2678 2301 persecutionis
2711 2235 3158 2292 Christianorum
3201 2237 3482 2308 princeps,

1896 2323 2121 2378 Petrum
2148 2331 2204 2376 et
2236 2323 2465 2376 Paulum
2497 2325 2778 2394 principes
2819 2327 3204 2396 apostolorum
3254 2327 3486 2384 interfe-

1894 2416 1994 2479 cit,
2025 2417 2218 2470 eodem
2260 2422 2534 2484 tempore,
2565 2425 2626 2470 ut
2656 2416 2937 2472 Eusebius
2996 2433 3062 2473 ex
3116 2419 3478 2489 antiquorum
3523 2439 3525 2444 ·

1897 2508 2231 2564 testimoniis
2281 2509 2503 2566 asserit.
2535 2508 2670 2562 Nam
2716 2509 2810 2562 alii
2857 2510 3053 2564 eodem
3114 2511 3339 2580 quidem
3389 2510 3482 2566 die

1893 2607 2190 2668 utrumque
2231 2609 2670 2653 consummatum
2699 2614 2822 2654 esse
2851 2599 3122 2662 tradunt.
3176 2601 3275 2656 sed
3329 2617 3478 2657 anno

1891 2690 2135 2746 diverso.
2164 2690 2293 2744 Post
2327 2690 2575 2754 Petrum,
2609 2691 2824 2759 primus
2852 2692 3098 2760 pontifex
3132 2693 3305 2748 Linus
3339 2692 3474 2750 fuit.

197 2783 565 2848 ἀποστόλους,
616 2786 674 2838 ἐν
731 2787 878 2858 ἄλλῳ
940 2787 998 2842 δὲ
1052 2789 1163 2842 ἔτει
1211 2792 1306 2844 καὶ
1337 2789 1506 2860 ἄλλῳ.
1539 2791 1694 2843 Μετά
1731 2789 1790 2843 δὲ

1895 2781 2038 2836 Nero
2064 2781 2248 2836 adhuc
2271 2781 2327 2836 in
2358 2780 2568 2836 Graecia
2594 2781 2825 2852 degens.
2878 2782 3299 2852 Vespasianum,
3340 2799 3477 2840 con-

199 2873 416 2944 Πέτρον
450 2875 669 2946 πρῶτος
703 2878 997 2950 ἀρχιερεὺς
1031 2881 1134 2949 τῆς
1165 2882 1387 2952 Ῥώμης
1420 2884 1446 2934 ὁ
1475 2882 1638 2945 Λίνος
1664 2882 1788 2950 tri-

195 2979 347 3016 νετο.
379 2965 503 3018 "Bst
527 2967 576 3020 δ’
605 2971 664 3021 ἑν
682 2973 748 3039 τῇ
797 2969 1012 3025 Ἐλλάδι
1039 2972 1191 3037 ὄντος
1226 2971 1322 3026 τοῦ
1359 2973 1613 3044 Νέρωνος
1653 2974 1788 3027 ἰου-

193 3057 342 3111 δαίοι
383 3060 462 3121 εις
521 3056 800 3131 προῦπτον
837 3065 1178 3135 ἀπέστησαν,
1207 3067 1304 3120 καὶ
1333 3067 1424 3121 ἐπ’
1447 3067 1646 3132 αὐτοὺς
1695 3067 1787 3123 τὸν

193 3153 622 3208 οὐεσπασιανὸν
676 3155 916 3227 ἔπεμσζνε.
961 3160 1074 3214 Καὶ
1125 3162 1174 3213 ei
1202 3163 1262 3214 ὲν
1290 3163 1357 3232 τῇ
1401 3161 1784 3234 Βρεττανίαδὲ

195 3245 298 3298 καὶ
326 3247 377 3298 οἱ
408 3246 646 3302 Γαλάται
679 3247 1043 3320 βαρυνόμενοι
1077 3256 1198 3318 ταῖς
1229 3255 1516 3325 εἰσφοραῖς
1573 3255 1786 3327 ἤσχαλ-

193 3337 296 3390 λον
337 3339 405 3392 ὲκ
436 3339 702 3404 πλείονος,
728 3345 821 3396 καὶ
849 3346 1241 3416 ἑφλέγμαινον.
1275 3348 1433 3412 Γάϊος
1465 3351 1523 3404 δὲ
1567 3351 1786 3414 Ἰούλιος

192 3431 418 3498 Οὒῐνδιξ
468 3434 569 3502 (l),
602 3435 742 3506 ἀνὴρ
790 3439 930 3491 κατά
962 3439 1055 3492 τὸν
1092 3443 1310 3512 πατέρα
1353 3442 1647 3513 βουλευτὴς
1671 3445 1784 3499 τῶν

202 3525 528 3595 Ῥωμαίων,
557 3529 701 3600 ὀρῶν
727 3535 854 3594 τοὺς
884 3533 1192 3603 ὁμοφύλους
1218 3537 1468 3601 Γαλάτας
1499 3538 1783 3611 ὀργῶντας

189 3617 341 3688 πρὸς
396 3621 754 3686 ἀποστασίαν,
815 3623 886 3677 δι’
935 3620 1011 3678 ῶν
1057 3626 1480 3699 ἐδημηγόρησεν
1524 3629 1783 3700 ἠρέθισεν

189 3711 424 3777 αὐτοὺς,
471 3717 567 3771 καὶ
590 3713 822 3786 ὥρκωσε
879 3720 1060 3773 πάντα
1117 3720 1259 3791 ὑπὲρ
1310 3722 1409 3791 τῆς
1439 3721 1641 3792 βουλῆς
1686 3725 1781 3776 καὶ

187 3803 294 3856 τοῦ
311 3804 484 3875 δήμου
512 3805 618 3859 τῶν
641 3808 928 3877 Ῥωμαίων
960 3814 1228 3879 ποιήσειν,
1259 3813 1354 3865 καὶ
1382 3811 1602 3876 ἑαυτὸν,
1631 3813 1698 3867 ἄν
1728 3831 1782 3866 τι

192 3899 356 3966 παρά
410 3899 585 3951 ταῦτα
634 3901 839 3972 πράξῃ,
877 3902 1185 3970 φονεύσειν.
1265 3905 1655 3977 Αὑτοκράτορα
1723 3907 1782 3961 δὲ

191 3989 418 4043 Nle
466 3991 558 4044 τὸν
611 3992 922 4060 Σερουΐλιον
972 3994 1065 4046 τὸν
1103 3995 1430 4049 Σουλπίκιον
1461 3999 1777 4070 προεχειρίο

191 4094 351 4141 σατο,
386 4080 681 4148 γενόμενον
713 4080 774 4146 ἐξ
806 4083 1172 4155 εὐπατριδῶν,
1214 4086 1309 4138 καὶ
1339 4087 1461 4139 τότε
1509 4091 1609 4157 τῆς
1648 4089 1781 4160 ’16η-

191 4171 322 4239 ρίας
382 4171 640 4242 ἄρχοντα.
706 4175 817 4228 Καὶ
849 4175 909 4236 ὃς
953 4176 1053 4248 τὴν
1082 4179 1382 4248 ἡγεμονίαν
1411 4180 1651 4246 ἐδέξατο,
1675 4182 1778 4236 οὐκ

185 4258 431 4332 ἠθέλησε
463 4263 521 4316 δὲ
573 4266 673 4327 τὰς
721 4268 818 4336 τῆς
855 4269 1161 4338 αὑταρχίας
1185 4269 1506 4341 ἐπικλήσεις
1537 4273 1777 4341 προσλα-

188 4356 313 4406 6εἶν
364 4357 509 4408 τότε.
577 4356 690 4427 Τῆς
749 4359 794 4411 δ’
849 4361 1197 4425 ἀποστασίας
1238 4365 1712 4434 παρατεινομένης
1750 4368 1780 4418 ό

194 4448 420 4514 Οὐΐνδιξ
446 4450 638 4502 ἑαυτὸν
657 4451 964 4520 ἀπέσφαξε,
1006 4455 1119 4507 τῶν
1170 4455 1288 4524 μετ’
1309 4457 1476 4509 αὑτοῦ
1506 4474 1778 4528 στρατιω-

195 4539 312 4591 τῶν
359 4539 823 4597 κινδυνευσάντων
887 4545 1320 4618 ὑπεραλγήσας,
1377 4549 1472 4601 καὶ
1527 4553 1667 4620 πρὸς
1716 4552 1778 4605 τὸ

192 4628 484 4697 δαιμόνιον
533 4633 954 4704 ἀγανακτήσας,
994 4637 1095 4688 θὸτι
1148 4639 1396 4692 τοιούτου
1450 4642 1778 4712 πράγματος

189 4720 533 4790 ὀριγνηθεὶς,
567 4722 662 4776 τοῦ
687 4727 779 4777 τὸν
805 4726 1038 4798 Νέρωνα
1065 4731 1318 4784 καθελεῖν
1349 4733 1443 4786 καὶ
1469 4736 1597 4796 τοὺς
1641 4736 1775 4788 Ῥω-

195 4813 402 4880 μαίους
463 4815 829 4886 ἐλευθερῶσαι
873 4821 975 4874 οὐκ
1009 4821 1320 4886 ἐξετέλεσεν
1342 4827 1496 4879 αὑτό.
1521 4828 1773 4901 Τοσαύτη

186 4903 302 4973 γὰρ
340 4904 623 4978 προθυμίᾳ
653 4908 789 4979 πρὸς
836 4909 998 4963 τοῦτο
1035 4913 1330 4984 ἐχρήσατο,
1363 4915 1507 4969 ὥστε
1541 4917 1637 4970 τοῦ
1662 4919 1774 4970 Νέ-

190 5012 370 5066 ρωνος
397 4998 679 5063 διακοσίας
729 5001 823 5054 καὶ
863 5004 1206 5073 πεντήκοντα
1259 5009 1527 5077 μυριάδας
1573 5011 1769 5079 ἐπικη-

189 5089 457 5160 ρύξαντος
505 5093 586 5164 τῷ
643 5095 744 5165 τὴν
813 5099 1060 5168 κεφαλὴν
1112 5101 1263 5168 αὐτῴ
1329 5103 1615 5172 κομίσοντι
1673 5105 1770 5157 τοῦ

185 5184 498 5248 Οὐΐνδικος,
531 5189 736 5250 ἐκεῖνος
771 5189 876 5260 ἔφη
908 5191 990 5243 ὅτι
1033 5191 1087 5243 Ὁ
1114 5192 1360 5260 Νέρωνα
1381 5195 1769 5265 ἀποκτείνας,

187 5276 291 5329 καί
313 5277 429 5343 τὴν
456 5279 693 5335 ἐκείνου
716 5283 972 5350 κομίσας
1014 5301 1118 5353 μοι
1158 5287 1436 5355 κεφαλὴν
1477 5289 1592 5356 τὴν
1616 5291 1774 5360 ἐμὴν

186 5374 590 5444 ἀντιλήψεται
653 5377 950 5448 κεφαλήν.
989 5378 1049 5431 '0
1081 5377 1137 5431 δὲ
1189 5377 1404 5449 Νέρων,
1449 5380 1640 5449 μαθὼν
1673 5384 1771 5434 καὶ

1894 2882 1980 2928 tra
2015 2874 2254 2937 Iudaeos,
2288 2873 2381 2942 qui
2411 2875 2520 2943 jam
2552 2883 2742 2941 aperte
2769 2873 3110 2938 defecerant,
3151 2875 3325 2930 misit.
3355 2875 3480 2929 Bri-

1891 2968 2043 3023 tanni
2080 2981 2302 3036 quoque
2325 2976 2382 3022 et
2407 2966 2546 3022 Galli
2580 2967 2966 3022 exactionibus
2989 2967 3204 3038 gravari
3236 2984 3296 3024 se
3325 3007 3342 3032 ,
3372 2967 3480 3023 ini-

1891 3060 2017 3130 quis
2049 3068 2106 3114 et
2129 3060 2460 3115 exulceratis
2483 3060 2685 3114 animis
2737 3061 3114 3129 patiebantur.
3162 3061 3351 3131 Itaque
3406 3061 3471 3118 C.

1887 3154 2069 3210 Julius
2100 3153 2314 3210 Vindex
2334 3154 2596 3210 senatorii
2624 3155 2858 3220 ordinis,
2895 3163 2957 3209 ut
2989 3166 3045 3210 et
3084 3165 3242 3226 pater
3265 3155 3471 3222 fuerat,

1888 3247 2183 3318 populares
2211 3261 2342 3301 suos
2365 3246 2478 3316 jam
2506 3255 2633 3301 ante
2681 3245 2750 3300 ad
2805 3246 3174 3302 defectionem
3235 3263 3476 3320 propen-

1887 3354 1981 3396 sos
2010 3378 2026 3405 ,
2063 3339 2240 3409 magis
2269 3338 2439 3394 etiam
2485 3339 2858 3394 concionibus
2905 3340 3213 3410 instigavit,
3266 3341 3476 3414 jureju-

1887 3433 2060 3488 rando
2089 3433 2336 3498 adactos,
2369 3447 2428 3488 se
2458 3447 2560 3502 pro
2591 3443 2788 3489 senatu
2848 3435 3164 3504 populoque
3216 3434 3470 3491 Romano

1885 3527 2136 3582 facturos
2164 3541 2290 3583 esse
2317 3526 2503 3582 omnia
2542 3546 2554 3582 :
2589 3535 2643 3582 et
2679 3529 2882 3598 ipsum,
2917 3528 2962 3583 si
2993 3527 3126 3598 quid
3179 3543 3340 3583 secus
3390 3528 3474 3583 fe-

1883 3619 2103 3682 cisset,
2150 3621 2458 3676 occisuros.
2529 3621 2929 3692 Imperatorem
2991 3635 3122 3675 vero
3171 3619 3468 3676 Servilium

1884 3710 2189 3780 Sulpicium
2228 3711 2454 3766 Galbam
2487 3713 2842 3782 designavit,
2895 3714 3074 3766 virum
3118 3711 3414 3780 patricium
3448 3749 3467 3777 ,

1887 3813 2006 3856 tum
2036 3803 2313 3872 Hispania:
2342 3811 2634 3872 praetorem
2671 3819 2784 3859 :ac
2834 3803 2880 3858 is
2918 3803 3290 3874 principatum
3339 3801 3466 3870 qui-

1881 3894 2006 3948 dem
2036 3894 2300 3962 suscepit,
2340 3893 2436 3948 sed
2470 3893 2686 3962 imperii
2719 3904 3091 3963 cognomenta
3139 3903 3252 3948 tum
3305 3909 3466 3948 assu-

1881 4002 2035 4042 mere
2062 3987 2258 4040 noluit.
2287 3986 2425 4041 Cum
2457 3995 2640 4040 autem
2671 3987 2910 4042 defectio
2935 3987 3084 4042 lente
3115 3989 3462 4054 procederet.

1881 4079 2097 4135 Vindex
2130 4095 2242 4148 pra:
2279 4077 2468 4133 dolore
2497 4088 2724 4149 propter
2751 4079 2995 4148 militum
3047 4093 3276 4135 suorum
3309 4079 3466 4148 peri-

1884 4173 2070 4227 culum
2117 4171 2222 4226 sibi
2275 4172 2377 4240 ipsi
2419 4186 2616 4227 manus
2661 4172 2882 4236 attulit,
2943 4169 3179 4224 fortunae
3229 4171 3410 4226 iratus
3443 4212 3460 4238 ,

1882 4265 2028 4333 quod
2065 4273 2174 4317 tam
2204 4263 2528 4333 praeclarum
2561 4263 2777 4317 facinus
2805 4261 3094 4316 occidendi
3127 4261 3362 4316 Neronis
3404 4273 3464 4318 et

1881 4356 2070 4426 pepuli
2103 4356 2336 4410 Romani
2374 4355 2648 4409 liberandi
2681 4354 2747 4408 ad
2773 4354 2983 4408 exitum
3013 4353 3318 4422 perducere
3343 4367 3456 4409 non

1880 4449 2172 4519 potuisset.
2198 4447 2355 4514 Quod
2381 4455 2532 4501 tanta
2559 4446 2849 4501 alacritate
2899 4447 2969 4500 ab
3018 4459 3088 4500 eo
3141 4454 3460 4514 susceptum

1879 4542 2005 4605 fuit,
2039 4550 2100 4594 ut
2129 4555 2255 4595 eum
2293 4539 2436 4594 Nero
2463 4539 2551 4594 bis
2582 4539 2782 4594 millies
2827 4549 2885 4594 et
2912 4538 3260 4608 quingenties
3313 4537 3462 4592 mille

1879 4629 2169 4685 drachmas
2191 4631 2244 4684 ei
2283 4629 2654 4698 promitteret,
2687 4629 2783 4699 qui
2841 4629 2946 4683 sibi
3004 4628 3251 4684 Vindicis
3296 4636 3464 4697 caput

1878 4721 2176 4785 attulisset,
2204 4721 2425 4787 dixerit,
2456 4736 2512 4774 se
2535 4721 2583 4774 ei
2625 4722 2717 4791 qui
2769 4719 2994 4776 Neronis
3043 4721 3308 4792 interfecti
3363 4720 3464 4774 sibi

1876 4823 2035 4885 caput
2071 4813 2372 4877 attulisset,
2407 4829 2564 4868 suum
2599 4821 2760 4884 caput
2783 4815 3012 4870 vicissim
3039 4815 3295 4867 daturum
3329 4827 3460 4868 esse.

1877 4921 2023 4978 Nero
2049 4937 2182 4977 vero
2213 4939 2338 4978 cum
2388 4922 2707 4980 Petronium
2758 4937 2980 4993 quoque
3007 4963 3023 4986 ,
3083 4930 3275 4980 contra
3316 4920 3462 4975 sedi-

1877 5015 2051 5070 tiosos
2083 5031 2206 5070 cum
2238 5018 2427 5087 majori
2457 5027 2614 5088 parte
2647 5018 2929 5087 c0piarum
2966 5017 3310 5086 prtemissum
3333 5057 3348 5083 ,
3388 5013 3457 5068 ad

1876 5106 2104 5161 Galbam
2130 5108 2398 5164 defecisse
2429 5109 2797 5178 cognovisset,
2835 5124 2930 5179 spe
2976 5123 3253 5163 armorum
3309 5106 3460 5177 abje—

1875 5209 1986 5264 cta,
2022 5201 2078 5254 in
2108 5202 2293 5256 animo
2326 5201 2541 5267 habuit,
2577 5211 2770 5257 senatu
2809 5202 3026 5266 occiso,
3060 5211 3118 5255 et
3179 5200 3316 5254 urbe
3369 5199 3456 5250 in-

1874 5308 2062 5357 censa,
2098 5295 2353 5364 navigare
2385 5294 2768 5350 Alexandriam
2799 5310 2812 5347 :
2849 5303 3016 5366 atque
3051 5291 3254 5363 adjecit
3285 5306 3301 5342 :
3334 5287 3454 5342 Etsi

1875 5386 2098 5456 imperio
2129 5387 2499 5455 exeiden’mus,
2534 5394 2710 5441 tamen
2742 5385 2856 5440 illic
2891 5402 2979 5439 ars
3009 5399 3102 5437 nos
3151 5379 3276 5435 alet.
3321 5377 3456 5444 Quae

1399 5539 1596 5601 Varite
1649 5539 1957 5608 lectiones
1999 5552 2059 5607 et
2093 5554 2284 5608 nota».

265 5690 344 5756 (ι)
385 5692 653 5760 Οὑΐνδιξ.
712 5693 818 5762 Qui
847 5695 1028 5762 Βίνδιξ
1093 5697 1254 5754 Dioni
1307 5697 1406 5753 lib.
1447 5712 1598 5762 um,
1642 5712 1764 5767 pag.
1803 5695 1930 5752 79.5.
