3976 6204
249 292 372 356 965

1510 289 1903 351 ANNALIU.“
1953 289 2095 349 LIB.
2136 290 2239 351 Χῐ.

3402 301 3506 362 966

243 411 398 472 νίαις
450 407 779 478 στρατιῶται
813 403 1256 478 προστητάμενοι
1311 401 1482 460 Αὖλον
1531 407 1837 458 Οὐϊτέλλιον

1945 405 2290 473 prudentem,
2344 404 2664 476 adoptatum
2695 405 2856 477 572
2909 407 3177 462 Cmsarem
3237 409 3394 465 dixit.
3454 412 3512 466 ld

244 501 654 571 ἐπανέστησαν.
693 501 752 552 'O
773 499 870 552 οὖν
899 500 1136 564 Γάλϐα·,
1183 501 1282 570 τὴν
1331 499 1704 553 ἐπανάστασιν
1733 515 1837 550 πυ.

247 590 489 660 θόμενος
522 628 538 649 ,
615 588 850 642 Λούκιον
929 589 1178 641 Πείσωνα
1251 589 1540 641 νεανίσκον
1590 588 1832 655 εὐγενῆ,

243 682 495 748 ἐπιεικῆ.
547 681 814 751 φρόνιμον
849 679 1232 749 υίοθετήσατο,
1279 679 1378 732 καὶ
1409 679 1660 743 ἀπέδειξε
1698 679 1836 732 Καί-

245 790 421 841 σαρα.
442 770 502 826 Ὀ
531 772 588 824 δὲ
621 772 807 823 Ὄθων
832 773 861 824 ό
886 770 1112 840 Μάρκος
1156 774 1183 823 ὁ
1211 771 1488 835 Σαλούῖος,
1520 772 1836 838 ἀγανακτή-

246 880 356 924 σας
370 864 453 915 ὅτι
483 863 559 932 μὴ
591 862 754 924 αὐτὸς
783 862 890 915 ὑπο
918 862 1014 914 τοῦ
1050 863 1256 915 ramos
1283 862 1597 932 υίοθετήθη,
1633 861 1834 915 ὲπανέυ

245 972 356 1022 στη
389 952 563 1023 αύτῷ,
594 953 891 1023 τριάκοντα
930 954 1127 1022 μόνους
1159 952 1498 1023 στρατιώτας
1541 953 1836 1022 ἑτοιμασά-

248 1062 441 1114 μενος.
484 1044 639 1097 Ἐπεὶ
691 1045 800 1114 γὰρ
841 1045 1024 1098 θύοντι
1051 1043 1128 1114 τῷ
1174 1044 1354 1114 Γάλϐᾳ
1383 1044 1540 1112 μόνος
1564 1043 1673 1096 τῶν
1712 1043 1832 1113 βου-

243 1137 464 1188 λευτῶν
491 1136 641 1206 αὐτῷ
667 1137 939 1206 παρέστη,
973 1137 1067 1189 καὶ
1100 1137 1194 1188 τοῦ
1226 1137 1478 1207 ἱερόπτου
1513 1134 1832 1189 ἐπιϐουλευ-

247 1226 525 1294 θήσεσθαι
555 1226 720 1280 αύτδν
749 1228 1000 1290 εἰπόντες
1033 1228 1257 1298 ἤκουσε,
1309 1228 1402 1278 καὶ
1439 1225 1833 1296 παραινοῦντος

245 1316 399 1368 οἶκοι
439 1320 640 1385 μεῖναι,
674 1319 768 1370 καὶ
804 1318 1028 1387 μηδαμῆ
1067 1318 1386 1387 προελθεῖν·
1426 1317 1737 1386 κατέδραμέ
1773 1333 1834 1368 τε

248 1409 445 1471 εὐθὺς.
475 1408 550 1470 ώς
593 1409 679 1460 ἐπ’
744 1410 875 1461 ἄλλο
928 1426 977 1462 τι
1016 1410 1096 1472 εἰς
1125 1409 1189 1461 τὸ
1228 1408 1590 1478 στρατόπεδον
1628 1405 1833 1472 ἀπιὼν,

247 1503 354 1549 και
382 1499 488 1550 ὑπὸ
536 1498 645 1550 τῶν
684 1501 1158 1569 συνομωμοκότων
1194 1499 1345 1569 αύτῴ
1377 1499 1722 1569 στρατιωτῶν
1754 1502 1834 1562 εἰς

245 1587 314 1641 τὸ
375 1593 558 1659 τεῖχος
617 1591 869 1660 είσήχθη,
931 1592 1028 1643 καὶ
1077 1592 1202 1654 τοὺς
1260 1591 1454 1653 ἀλλους
1498 1593 1834 1660 στρατιώτας

247 1683 738 1753 προσαναπείσας,
768 1684 800 1753 ἢ
841 1683 1040 1752 μᾶλλον
1070 1686 1268 1748 εἰπεῖν,
1298 1684 1668 1754 ἐκπριάμενος
1703 1685 1834 1736 πολ-

242 1774 374 1836 λαῖς
400 1775 756 1842 ὑποσχέσεσι,
815 1775 947 1846 παρ’
986 1775 1212 1828 ἐκείνων
1256 1793 1313 1828 τε
1362 1778 1707 1847 παραχρῆμα
1737 1779 1834 1832 καὶ

243 1869 364 1922 τῶν
389 1867 567 1922 ἄλλων
597 1867 757 1920 ἔλαϐε
789 1869 889 1939 τὴν
913 1868 1113 1938 ἀρχήν.
1153 1869 1211 1922 ’0
1233 1868 1444 1932 Γάλϐας
1465 1870 1522 1922 δὲ
1547 1871 1735 1940 μαθὼν
1767 1872 1834 1926 τὰ

243 1962 638 2030 πρασσόμενα,
671 1960 916 2030 ἐπεμψεν
946 1962 1022 2023 είς
1048 1961 1109 2014 τὸ
1150 1962 1516 2031 στρατόπεδόν
1544 1979 1718 2028 τινας,
1756 1963 1852 2027 ὡς·

247 2053 594 2121 μεταπεῖσαι
630 2053 755 2114 τοὺς
786 2052 846 2102 ἐν
888 2051 1042 2122 αὐτῷ
1069 2051 1465 2121 δυνησόμενος.
1509 2053 1628 2105 Κάν
1659 2052 1836 2122 τούτῳ

244 2143 602 2212 στρατιώτης
626 2161 708 2205 τις
755 2145 961 2212 γυμνὸν
981 2145 1041 2198 τὸ
1063 2144 1217 2214 ξίφος
1244 2145 1337 2199 καὶ
1361 2145 1682 2216 ᾑμαγμένον
1705 2146 1837 2199 ἀνα-

241 2236 468 2300 τείνων,
488 2235 794 2306 προσῆλθεν
820 2236 986 2307 αὐτῷ,
1010 2236 1233 2306 φάσκων
1248 2251 1262 2266 ·
1285 2236 1524 2305 Θάρσει,
1547 2239 1834 2302 αὐτοκρά-

240 2345 390 2396 τωρ,
425 2329 650 2382 Ὄθωνα
674 2329 783 2398 γὰρ
817 2330 1160 2384 ἀπέκτεινα.
1191 2331 1496 2394 Πιττεύσας
1527 2327 1621 2386 οὖν
1649 2333 1676 2384 ὁ
1703 2331 1836 2384 Γάλ-

242 2420 375 2484 ϐας,
395 2422 474 2482 είς
493 2421 554 2472 τὸ
569 2420 917 2476 Καπιτώλιον
932 2422 1004 2486 ὼς
1026 2421 1205 2476 θύσων
1219 2422 1384 2492 ὦρμη
1395 2439 1479 2488 σε,
1503 2425 1596 2476 καὶ
1617 2425 1674 2474 ἐν
1695 2423 1836 2495 μέσῃ

241 2516 316 2584 τῇ
364 2514 544 2583 ἀγορᾷ
565 2514 978 2584 ἀπαντήσαντες
1001 2515 1152 2586 αύτῷ
1199 2517 1293 2568 καὶ
1329 2517 1514 2578 ίππεῖς
1557 2516 1654 2569 καὶ
1681 2516 1836 2589 πεζοὶ

242 2609 374 2660 ἐκεῖ
405 2607 498 2660 τὸν
514 2606 744 2676 γέροντα
772 2606 864 2660 τὸν
895 2608 1233 2670 ὖπατον,τὸν
1267 2609 1554 2679 ἀρχιερέα,
1578 2612 1671 2661 τὸν
1699 2608 1838 2663 Καί-

177 2685 182 2688 ’
244 2713 426 2766 σαρα,
445 2698 536 2750 τὸν
570 2698 952 2768 αὐτοκράτορα
974 2697 1186 2772 πολλῶν
1208 2696 1460 2767 ὁρώντων
1482 2697 1792 2768 κατέκοψαν
1817 2713 1834 2730 ⁸

242 2790 353 2842 καὶ
386 2790 487 2859 τὴν
506 2789 747 2860 κεφαλὴν
765 2791 1167 2860 ἀποκόψαντες,
1193 2791 1368 2861 κοντῷ
1388 2791 1677 2862 ἐνέπειραν
1697 2807 1712 2821 ·
1743 2792 1837 2844 καὶ

241 2883 270 2935 ὁ
308 2882 416 2951 μὲν
445 2881 620 2945 οὕτως
673 2881 940 2952 ἐφονεύθη
988 2881 1147 2934 τοῦτο
1199 2881 1359 2951 μόνον
1395 2881 1566 2933 είπών
1591 2895 1607 2911 ο
1632 2879 1740 2934 Kal
1780 2878 1838 2932 τί

243 2973 451 3027 κακὸν
503 2975 804 3040 ἐποίησα;
870 2972 1137 3027 Ἀπέθανε
1190 2971 1247 3025 δὲ
1296 2974 1389 3025 καὶ
1419 2972 1450 3024 ὁ
1478 2969 1712 3036 Πείσων,
1743 2971 1837 3022 καὶ

1939 497 2008 549 Μ.
2043 498 2256 551 Salvius
2285 496 2430 553 Otho
2459 513 2601 568 aegre
2637 498 2841 562 ferens,
2875 499 3020 568 quod
3053 500 3167 569 ipse
3220 501 3514 570 adoptatus

1937 602 2048 640 non
2081 598 2248 654 esset,
2280 590 2608 644 seditionem
2647 590 2833 652 movit,
2870 607 2971 649 xu
3004 592 3273 646 duntaxat
3317 595 3513 647 militi-

1938 678 2040 732 bus
2071 679 2262 734 lretus.
2301 681 2436 735 Nam
2483 697 2606 737 eum
2665 682 2848 737 Galba:
2891 683 3192 738 immolanti
3244 685 3395 739 solus
3445 701 3512 740 ex

1943 772 2294 825 senatoribus
2327 781 2532 837 astans,
2571 777 2878 843 aruspicem
2923 775 3148 830 insidias
3175 777 3223 830 ei
3258 777 3512 845 portendi

1937 861 2118 915 dicere
2145 863 2412 925 audisset,
2443 880 2506 916 ac
2539 880 2762 918 monere
2795 877 2855 918 ut
2882 865 3028 919 domi
3072 877 3315 921 maneret
3346 909 3361 933 ,
3408 883 3514 926 nec

1938 967 2167 1021 usquam
2219 955 2648 1023 progrederetur
2685 959 2939 1011 z-statim
2993 959 3145 1027 quasi
3195 974 3292 1028 per
3348 961 3508 1014 aliam

1937 1056 2156 1095 causam
2192 1043 2245 1096 in
2274 1053 2454 1096 castra
2487 1045 2774 1107 decurrit,
2803 1056 2858 1097 et
2909 1059 2937 1097 a
2982 1045 3282 1114 coniuratis
3323 1046 3514 1099 militi-

1937 1131 2043 1185 bus
2067 1132 2120 1185 in
2151 1134 2510 1187 munitionem
2549 1146 2823 1204 receptus,
2861 1136 3074 1190 caeteris
3121 1151 3339 1205 quoque
3384 1153 3511 1205 per-

1936 1225 2137 1290 suasis,
2163 1235 2277 1287 aut,
2320 1233 2376 1279 ut
2407 1227 2610 1281 rectius
2647 1228 2822 1281 dicam
2853 1267 2868 1294 ,
2903 1228 3113 1296 magnis
3158 1228 3512 1296 pollicitatio-

1936 1316 2100 1371 nibus
2133 1319 2352 1386 emptis,
2386 1319 2684 1388 imperator
2729 1322 2913 1374 statim
2939 1321 3207 1374 salutatus
3251 1333 3356 1374 cs'.
3390 1320 3511 1386 Quo

1935 1405 2103 1462 Galba
2125 1411 2367 1480 cognito,
2398 1413 2664 1481 quosdam
2700 1413 2751 1465 in
2780 1425 2954 1467 castra
2986 1414 3153 1475 misit,
3189 1414 3279 1481 qui
3311 1413 3422 1465 mili
3451 1428 3512 1467 es

1936 1515 1965 1552 a
2000 1502 2276 1556 sententia
2322 1502 2689 1558 ditnoverent.
2743 1504 2953 1559 Interea
2999 1520 3128 1559 vero
3183 1504 3340 1559 miles
3384 1505 3512 1572 qui-

1937 1590 2060 1644 dam
2100 1606 2225 1645 cum
2256 1593 2438 1662 gladio
2481 1604 2714 1648 cruento
2764 1610 2891 1648 eum
2937 1597 3211 1660 accessit,
3250 1609 3314 1650 ac
3361 1595 3511 1650 Bono

1940 1683 2118 1736 animo
2147 1699 2220 1747 es,
2263 1684 2439 1754 inquit
2469 1723 2485 1749 ,
2517 1685 2809 1754 imperator
2831 1727 2844 1744 ,
2871 1683 3122 1738 Othonem
3159 1685 3298 1738 enim
3324 1686 3511 1742 occidi.

1937 1775 2092 1842 Quod
2120 1775 2288 1831 Galba
2317 1777 2570 1842 credens,
2615 1793 2739 1831 cum
2791 1777 2846 1830 in
2894 1777 3226 1846 Capitolium
3283 1776 3351 1830 ad
3395 1793 3511 1831 rem

1937 1868 2178 1923 divinam
2202 1868 2510 1925 faciendam
2542 1878 2883 1939 properaret.
2915 1869 2970 1922 in
3003 1867 3186 1922 medio
3217 1867 3340 1922 foro
3369 1909 3384 1931 ,
3420 1881 3518 1936 pe-

1936 1959 2110 2016 ditum
2145 1971 2201 2016 et
2224 1962 2471 2031 equitum
2499 1976 2755 2018 occursu.
2787 1975 2974 2021 senex,
2999 1959 3214 2021 consul,
3247 1957 3511 2026 pontifex,

1935 2049 2138 2117 C'rsar,
2177 2054 2495 2123 imperator,
2528 2051 2716 2106 multis
2750 2050 3189 2120 inspectantibus
3221 2060 3306 2104 est
3333 2049 3513 2103 truci-

1937 2146 2098 2199 datus
2137 2162 2150 2196 :
2188 2151 2354 2212 caput
2382 2141 2502 2210 ejus
2527 2149 2690 2194 conto
2741 2139 3047 2208 pratixum.
3099 2139 3237 2192 Cum
3291 2139 3514 2192 occide-

1938 2242 2112 2294 retur,
2147 2231 2284 2285 nihil
2318 2230 2468 2284 aliud
2506 2230 2722 2283 locutus
2743 2237 2866 2292 est,
2917 2228 3024 2281 nisi
3060 2245 3076 2281 :
3119 2227 3324 2297 Ecquid
3385 2229 3518 2282 mali

1939 2323 2081 2390 feci?
2108 2321 2278 2376 Periit
2313 2320 2477 2375 etiam
2504 2320 2648 2383 Piso,
2681 2329 2738 2375 et
2766 2318 2856 2373 alii
2894 2318 3073 2372 tuulti.
3111 2317 3208 2372 llis
3253 2317 3512 2387 peractis,

1938 2414 2141 2467 milites
2163 2412 2340 2481 capita
2380 2412 2600 2465 illorum
2633 2411 2686 2464 in
2725 2419 2900 2464 castra
2925 2410 2994 2463 ad
3035 2409 3306 2463 Otltonetn
3356 2418 3413 2463 et
3460 2410 3516 2464 in

1937 2507 2149 2570 curiam
2209 2505 2538 2560 attulerunt.
2611 2503 2824 2569 Quibus
2889 2501 3222 2557 consternati
3288 2510 3511 2570 patres,

1937 2597 2124 2653 laetitia
2154 2595 2433 2657 simulata,
2465 2593 2661 2650 Othoni
2693 2593 2878 2647 omnia
2925 2608 3048 2662 quae
3097 2592 3162 2646 ad
3219 2591 3514 2660 imperium

1933 2685 2262 2755 pertinent,
2321 2685 2714 2738 decreverunt.
2772 2680 2962 2750 Neque
3022 2696 3156 2735 vero
3215 2679 3515 2734 obscurum

1939 2804 2078 2861 erat,
2115 2809 2242 2849 eum
2275 2793 2490 2848 senatui
2531 2793 2640 2846 vim
2668 2792 2897 2854 fecisse,
2947 2801 3000 2844 et
3046 2789 3385 2859 petulantius
3432 2799 3516 2843 at-

1939 2901 2048 2956 que
2082 2884 2339 2940 acerbius
2370 2884 2488 2953 ipso
2505 2884 2723 2937 Nerone
2751 2884 3150 2952 imperaturum
3174 2897 3315 2936 esse.
3343 2882 3514 2936 Gallia

1940 2991 2118 3031 annos
2150 2977 2496 3046 septuaginta
2526 2976 2688 3038 duos,
2719 2975 2838 3030 dies
2873 2985 2982 3029 tres
3016 2983 3072 3028 et
3094 2974 3286 3043 viginti
3331 2984 3516 3037 natus,

243 3065 412 3118 ἄλλοι
463 3067 668 3134 συχνοί.
721 3067 829 3118 Καὶ
867 3064 1173 3135 πράξαντες
1199 3062 1372 3116 ταῦτα
1397 3064 1444 3115 oi
1479 3061 1834 3132 στρατιῶται,

1943 3067 2158 3137 imperii
2189 3082 2376 3121 mense
2405 3081 2572 3132 nono,
2600 3076 2657 3121 et
2695 3067 2783 3120 die
2837 3065 3054 3120 decimo
3101 3065 3264 3120 tertio
3289 3105 3307 3133 ,
3363 3066 3514 3121 hunc

245 3157 360 3220 τάς
397 3173 456 3209 τε
516 3158 758 3225 κεφαλὰς
797 3157 1026 3210 ἐκείνων
1081 3156 1490 3224 ἀποτεμόντες,
1550 3155 1687 3225 πρὸς
1741 3156 1836 3209 τὸν

1944 3159 2152 3212 exitum
2185 3157 2402 3212 habuit.

248 3250 478 3304 Ὄθωνα
535 3251 701 3315 αὑτὰς
743 3254 800 3304 ἐν
832 3250 1283 3322 τῷστρατοπέδῳ
1333 3251 1429 3304 καὶ
1497 3253 1578 3314 είς
1649 3249 1714 3304 τὸ
1784 3253 2062 3325 συνέδριον
2131 3255 2422 3324 ἐκόμισαν,
2492 3253 2635 3307 ὥστε
2683 3253 2811 3316 τοὺς
2862 3251 3160 3322 βουλευτὰς
3227 3254 3512 3308 καταπλα-

244 3343 455 3412 γέντας
514 3343 729 3414 χαίρειν
778 3361 838 3396 τε
894 3346 1334 3414 προσποιεῖσθαι,
1372 3345 1468 3397 καὶ
1518 3345 1596 3415 τῷ
1666 3344 1870 3400 Ὄθωνι
1911 3349 2089 3402 πάντα
2151 3349 2222 3401 τὰ
2283 3349 2422 3418 πρὸς
2476 3348 2576 3418 τὴν
2619 3345 2798 3417 ἀρχὴν
2862 3344 3098 3414 φέροντα
3146 3343 3512 3415 ψηφίσασθαι·
3594 3338 3601 3346 ’

246 3438 378 3490 uim
413 3437 668 3490 ἐλάνθανε
707 3437 766 3490 δέ
822 3437 904 3489 ὅτι
952 3437 1114 3499 αὐτὸς
1167 3437 1267 3506 τὴν
1343 3436 1539 3506 βουλὴν
1594 3437 1866 3506 ἐϐιάζετο,
1906 3444 2001 3493 καὶ
2040 3439 2117 3504 ὡς
2163 3441 2563 3511 ἀσελγέστερον
2621 3439 2716 3493 καὶ
2751 3438 3078 3509 πικρότερον
3134 3436 3230 3490 τοῦ
3263 3438 3518 3507 Νέρωνος

246 3531 444 3600 ἄρξειν
468 3531 680 3599 ἔμελλε.
712 3530 894 3602 Γάλϐα
941 3531 1040 3600 μὲν
1074 3525 1167 3584 οὖν
1217 3529 1446 3598 ζήσαντι
1491 3530 1587 3599 ἐτη
1649 3530 1743 3584 δύο
1805 3533 1902 3586 καὶ
1939 3531 2339 3604 ἐϐδομήκοντα,
2365 3534 2464 3588 καὶ
2491 3533 2712 3604 ἡμέρας
2735 3533 2885 3602 τρεῖς
2913 3529 3008 3583 καὶ
3033 3527 3260 3595 εἴκοσιν,
3289 3528 3519 3599 ἄρξαντι

246 3627 310 3679 δὲ
350 3626 524 3695 μῆνας
543 3626 699 3678 ἐννέα
733 3627 826 3678 καὶ
852 3625 1065 3694 ἡμέρας
1095 3623 1469 3694 τρισκαίδεκα,
1500 3624 1660 3678 τοῦτο
1677 3623 1831 3690 τέλος
1874 3628 2114 3696 ἐγένετο.

329 3716 429 3770 ΙΕ’.
476 3718 536 3772 ⁸0
565 3716 622 3769 δέ
657 3715 839 3770 Ὄθων
891 3721 1140 3784 μετέγνω
1211 3715 1310 3782 μὲν
1349 3717 1438 3767 ἐπὶ
1471 3717 1583 3776 τοῖς
1621 3732 1835 3785 πεπρα-

2008 3719 2122 3774 XV.
2159 3720 2454 3785 Othonem,
2493 3734 2618 3775 cum
2651 3729 2776 3773 exta
2799 3715 3130 3773 sacriﬁcanti
3171 3729 3363 3784 parum
3394 3713 3515 3768 fau-

246 3811 506 3882 γμένοις,
537 3809 646 3864 τῶν
679 3809 837 3880 ἱερῶν
869 3809 1020 3878 αύτῷ
1059 3809 1242 3862 θύοντι
1275 3809 1530 3879 πονηρῶν
1557 3809 1835 3876 ὀφθέντων

1939 3818 2017 3864 sta
2051 3819 2256 3875 essent,
2282 3809 2499 3878 aliaque
2531 3811 2684 3878 signa
2731 3808 3156 3877 apparuissent,
3207 3807 3511 3876 perpetrati

247 3907 364 3960 atat
384 3905 562 3960 ἄλλων
591 3903 837 3974 σημείων
855 3903 1007 3973 αὐτῷ
1045 3903 1359 3971 γενομένων
1380 3918 1394 3931 ·
1418 3901 1532 3954 ἀλλ’
1559 3903 1660 3954 οὒκ
1685 3897 1834 3972 εῖχεν

1939 3901 2194 3957 facinoris
2218 3903 2473 3973 paenituit
2503 3920 2517 3956 :
2545 3901 2637 3956 sed
2662 3900 2889 3969 imperio
2910 3939 2924 3965 ,
2971 3898 3116 3968 quod
3169 3899 3338 3953 semel
3392 3914 3516 3953 sus~

247 4000 340 4062 εἰς
362 3997 461 4068 τὴν
496 3995 672 4067 ἀρχὴν
705 3995 805 4067 ήδη
825 3992 1087 4048 εἰσελθὼν
1113 3993 1394 4058 ἀναδῦναι,
1429 3994 1522 4045 καὶ
1555 3993 1832 4064 ἐνέμεινεν

1939 4003 2151 4065 ceptum
2176 3995 2452 4064 deponere
2482 4009 2592 4048 non
2619 3993 2820 4046 licebat
2885 3999 3098 4045 retento
3123 4029 3138 4052 ,
3167 4005 3358 4059 pmnas
3409 3990 3510 4044 de-

249 4093 426 4161 αὐτῇ,
465 4090 560 4144 καὶ
583 4089 739 4160 δίκην
759 4088 1009 4142 δέδωκεν.
1056 4085 1146 4140 Ἐν
1175 4085 1385 4147 τούτοις
1402 4087 1459 4140 δέ
1481 4104 1588 4154 τις,
1625 4087 1837 4142 πλασά-

1939 4087 2040 4142 dit.
2075 4087 2288 4142 Interea
2352 4087 2576 4156 quidam
2631 4085 2702 4140 ob
2751 4085 3207 4138 lineamentorum
3266 4083 3516 4152 corporis

255 4199 427 4253 μενος
443 4182 638 4251 Νέρων
673 4179 813 4234 εἷναι
865 4182 930 4232 ἐκ
969 4179 1072 4248 τῆς
1108 4179 1244 4250 πρὸς
1284 4179 1376 4230 τὸν
1409 4178 1640 4250 Νέρωνα
1670 4176 1837 4248 οὔσης

1940 4178 2357 4234 similitudinem
2393 4193 2451 4234 se
2486 4177 2754 4232 Neronem
2806 4188 2930 4230 esse
2971 4172 3289 4244 professus,
3343 4181 3512 4228 totam

254 4275 561 4346 ἐμφερείας
590 4272 762 4343 αὐτῷ,
787 4273 887 4343 τὴν
917 4272 1146 4326 Ἐλλάδα
1171 4271 1356 4340 ὀλίγου
1377 4273 1558 4325 πᾶσαν
1584 4271 1837 4341 ἐτάραξε,

1939 4285 2077 4339 pene
2103 4268 2366 4324 Graeciam
2420 4266 2817 4323 conturbavit:
2865 4273 2921 4320 et
2977 4279 3143 4318 manu
3187 4264 3513 4318 sicariorum

255 4369 362 4421 καὶ
429 4369 588 4435 χεῖρα
639 4363 969 4434 κακούργων
1010 4363 1226 4434 ἀνδρῶν
1281 4361 1566 4433 ἀθροίσας,
1599 4362 1735 4433 πρὸς
1771 4363 1837 4416 τὰ

1939 4355 2276 4431 comparata,
2312 4359 2378 4414 ad
2425 4359 2676 4430 Syriacas
2725 4357 2971 4427 legiones
3017 4355 3354 4425 properavit.
3404 4355 3512 4411 Sed

257 4463 325 4513 ἐν
373 4462 440 4528 τῇ
500 4458 672 4528 Συρίᾳ
724 4455 1064 4526 στρατόπεδα
1099 4453 1387 4524 ὥρμησεν.
1437 4455 1524 4506 Ἐν
1567 4455 1759 4524 Κύδνῳ
1781 4455 1837 4507 δὲ

1943 4468 2068 4508 eum
2100 4451 2474 4521 Calphurnius
2503 4452 2556 4504 in
2589 4450 2819 4518 trajectu
2859 4446 3033 4517 Cydni
3066 4447 3242 4501 amnis
3265 4460 3515 4516 compre-

258 4549 667 4620 περαιούμενον
725 4547 890 4600 αὑτὸν
933 4548 962 4599 ὁ
1015 4544 1398 4613 Καλπούρνιος
1439 4543 1700 4597 συνέλαϐε
1741 4545 1838 4598 καὶ

259 4644 611 4697 ἀπέκτεινεν.
652 4640 711 4693 ’0
744 4639 802 4692 δὲ
836 4638 1016 4692 Ὄθων
1067 4636 1244 4706 λάθρα
1304 4635 1536 4698 πολλοὺς
1569 4635 1704 4704 πρὸς
1746 4635 1840 4690 τὺν

260 4733 576 4788 Ούῖτέλλιον
594 4732 686 4784 ἐπὶ
709 4731 1025 4801 καταλλαγῇ
1049 4731 1317 4800 ἐπεμψεν.
1361 4730 1448 4794 Ὠς
1480 4730 1536 4782 δὲ
1558 4731 1658 4783 οὐκ
1689 4731 1786 4782 ἐπε
1799 4731 1841 4782 ί·-

263 4827 414 4890 θετο,
482 4826 826 4896 πρεσϐευτὰς
898 4824 1186 4878 ἀπέστειλε
1259 4824 1534 4893 φανερῶς.
1584 4821 1722 4876 Οὔτε
1781 4821 1839 4874 δὲ

262 4918 608 4989 ἀπεκρίνατό
646 4933 700 4969 τι
757 4917 917 4978 αὐτὸς
968 4911 1439 4976 Οὐϊτέλλιος,ούτε
1493 4909 1843 4979 ἀντέπεμψεν

263 5009 490 5072 αύτούς.
548 5004 680 5060 Εἶτα
736 5004 983 5076 ἔπεμψεν
1017 5003 1198 5057 Ὄθων
1253 5001 1408 5072 ἰσχὺν
1459 5002 1599 5054 κατά
1634 5000 1738 5069 γῆν
1781 5015 1838 5050 τε

265 5102 365 5156 καὶ
394 5101 536 5154 κατά
555 5101 858 5165 θάλασσαν,
913 5096 1124 5167 ἡττήθη
1157 5095 1214 5147 δὲ
1256 5095 1347 5147 διὰ
1375 5093 1743 5163 πολυαρχίαν,
1776 5092 1837 5144 οὐ

263 5195 335 5249 δι’
385 5195 694 5260 ἀσθένειαν,
733 5194 841 5246 κάκ
874 5195 973 5263 τῆς
1029 5191 1254 5260 Ῥώμης
1304 5187 1362 5242 δὲ
1414 5187 1710 5256 ἐξωρμήθη
1746 5183 1841 5238 καὶ

265 5291 393 5354 τοὺς
430 5289 679 5361 πρώτους
737 5287 994 5358 ἐξήγαγε.
1033 5284 1215 5351 Μέρος
1245 5281 1301 5334 δέ
1348 5298 1401 5333 τι
1432 5281 1531 5350 τῆς
1558 5280 1842 5347 δυνάμεως

265 5383 348 5450 τῷ
382 5382 612 5452 Πρόκλῳ
634 5379 783 5444 δοὺς,
824 5377 988 5438 αὐτὸς
1042 5374 1383 5444 ἀνεχώρησε,
1419 5370 1600 5437 λέγων
1637 5370 1710 5438 μὴ
1746 5367 1843 5434 φέο

271 5489 389 5542 ρειν
417 5472 599 5541 μάχην
629 5467 840 5539 ἀνδρῶν
875 5463 1162 5537 ὁμοφύλων
1193 5463 1340 5515 ἰδεῖν.
1379 5459 1542 5512 Ὀθεν
1569 5455 1844 5526 μαλακίαν

269 5563 437 5617 αὑτοῦ
473 5563 836 5631 καταγνόντες
858 5560 908 5612 οἱ
928 5557 1261 5628 στρατιῶται
1286 5552 1380 5607 καὶ
1395 5552 1444 5604 οξ
1479 5549 1839 5620 στρατάρχαι,

269 5657 422 5708 οὐδὲν
447 5655 556 5708 τῶν
609 5653 842 5706 δεόντων
890 5649 1160 5719 ἔπραξαν,
1205 5644 1321 5699 ἀλλ’
1371 5641 1710 5712 ἡττήθησαν,
1747 5637 1842 5691 καὶ

270 5752 383 5812 τοῖς
397 5750 491 5804 τοῦ
511 5745 824 5803 Οὐϊτελλίου
853 5738 1393 5812 ἐπεκηρυκεύσαντο,
1417 5735 1512 5788 καὶ
1537 5729 1842 5802 ἀνεμίχθη-

1941 4545 2172 4598 hensum
2201 4542 2498 4610 interfecit.
2532 4540 2600 4594 At
2629 4538 2770 4594 Otho
2801 4539 2939 4592 clam
2973 4536 3176 4590 multos
3220 4537 3286 4589 ad
3343 4535 3516 4590 Vitel-

1939 4631 2072 4685 lium
2149 4628 2610 4685 reconciliandam
2645 4666 2659 4691 ,
2727 4641 2851 4680 cum
2919 4625 3058 4678 nihil
3113 4625 3514 4693 impetrasset,

1940 4730 2128 4792 aperte
2175 4723 2384 4792 legatos
2444 4720 2612 4774 misit.
2675 4717 2822 4784 Quos
2871 4732 2994 4771 cum
3060 4715 3312 4770 Vitellius
3364 4717 3517 4770 nullo

1942 4828 2207 4886 responso
2239 4813 2493 4882 dignatus
2518 4821 2685 4874 esset,
2719 4819 2883 4878 atque
2933 4808 3098 4862 etiam
3147 4807 3466 4862 retinuisset
3496 4823 3512 4860 :

1943 4908 2118 4976 copiis
2151 4917 2296 4960 terra
2326 4903 2571 4971 marique
2602 4901 2762 4971 573
2799 4900 2979 4954 missis
3004 4939 3018 4964 ,
3067 4915 3175 4953 non
3226 4915 3291 4954 ex
3342 4900 3516 4954 imbe-

1941 4999 2186 5062 cillitate,
2221 4995 2317 5051 sed
2355 5002 2578 5064 prepter
2605 4992 2806 5045 ducum
2862 4991 3276 5045 multitudinem
3312 4991 3512 5054 victus,

1943 5091 2058 5161 ipse
2089 5090 2261 5144 Roma
2292 5101 2415 5141 cum
2452 5083 2787 5155 primoribus
2809 5097 3061 5154 egressus
3095 5092 3179 5137 est
3208 5102 3220 5136 :
3265 5093 3320 5136 et
3359 5092 3514 5151 parte

1943 5182 2174 5236 militum
2200 5177 2395 5232 Proclo
2433 5177 2579 5239 data,
2618 5173 2842 5228 recessit
2869 5212 2883 5237 ,
2912 5187 2970 5227 se
3017 5187 3253 5242 pugnam
3311 5171 3513 5225 civium

1943 5277 2089 5329 inter
2115 5285 2172 5324 se
2209 5269 2392 5322 videre
2425 5282 2580 5336 posse
2614 5280 2839 5334 negans.
2871 5264 3062 5328 Itaque
3095 5263 3295 5316 milites
3321 5271 3377 5315 et
3404 5261 3511 5314 du-

1942 5379 2034 5418 ces
2065 5361 2330 5432 ignaviam
2362 5361 2480 5430 ejus
2511 5358 2752 5427 pertaesi,
2789 5373 2849 5410 re
2913 5356 3052 5409 male
3088 5364 3260 5421 gesta,
3310 5353 3375 5406 ad
3422 5351 3517 5406 Vi-

1945 5455 2195 5508 tellianos
2254 5451 2591 5506 defecerunt.
2661 5449 2815 5516 Quod
2873 5464 2998 5503 cum
3054 5463 3225 5515 eques
3290 5443 3515 5512 quidam

1942 5544 2142 5600 Othoni
2179 5543 2510 5606 nuntiasset,
2533 5551 2698 5610 atque
2729 5542 2774 5594 is
2805 5555 2912 5593 non
2947 5537 3199 5593 crederet
3229 5551 3240 5586 :
3277 5533 3513 5596 Utinam,

1945 5636 2143 5704 inquit,
2179 5634 2376 5697 Ca’sar,
2415 5634 2523 5685 [cccc
2558 5633 2696 5700 falsa
2723 5640 2891 5684 essent
2915 5671 2930 5695 ,
2979 5642 3146 5696 seque
3190 5623 3370 5680 statim
3426 5625 3514 5678 in-

1951 5727 2183 5782 terfecit.
2214 5725 2422 5779 Deinde
2451 5739 2574 5777 cum
2601 5737 2792 5777 omnes
2814 5723 2880 5776 de
2936 5733 3130 5790 pugnae
3169 5725 3366 5771 eventu
3404 5731 3516 5770 non
