3976 6204
525 238 630 300 967
1789 235 2095 299 IOANNIS

2149 235 2476 300 ΖΟΝΑΗᾸΞ
3626 251 3707 314 988

519 346 760 417 amplius
783 345 1140 414 dubitantes,
1169 345 1353 402 denuo
1402 345 1589 402 nlartis
1633 345 1808 402 aleam
1853 347 2089 417 experiri

2137 353 2167 408 Δ
2199 368 2300 405 σαν
2335 353 2514 421 σφίσι.
2541 351 2631 422 Τῷ
2655 351 2713 407 δδ
2757 349 2975 405 Ὄθωνι
2995 350 3220 421 ἦγγειλε
3253 351 3414 408 ταῦτα
3453 355 3624 423 ἱππεὺς
3651 363 3707 430 ιὸ)

519 439 701 506 parati
729 447 914 492 essent
969 439 1141 508 (nam
1203 447 1258 493 et
1303 439 1567 494 satellites
1615 439 1819 506 multi,
1886 449 1944 493 et
2002 439 2089 492 alii

2205 445 2300 496 καὶ
2326 444 2755 514 ἀπιστούμενος,
2789 444 2953 508 Εἴθε,
2989 443 3118 513 ἔφη,
3163 444 3345 498 ταῦτα
3380 448 3576 515 ψευδῆ,
3606 454 3709 506 καῖ.

521 544 632 582 non
663 529 821 597 pauci
851 529 1113 599 aberant)
1146 545 1386 598 eumque
1429 539 1729 599 rogarent,
1775 545 1846 584 ne
1895 539 2091 584 semet-

2203 551 2344 600 O‘ltp,
2381 534 2496 601 ἦν’
2549 535 2647 588 καὶ⁵
2698 532 2900 594 εἰπὼν,
2933 534 3132 586 ἑαυτὸν
3173 533 3498 603 διεχρήσατο.
3537 540 3711 596 Πίστευ-

525 619 708 690 ipsum
741 633 798 675 et
831 623 980 691 ipsos
1011 622 1339 676 destitueret
1373 640 1387 676 :
1417 636 1475 677 sc
1518 623 1664 675 enim
1689 636 1880 676 omnes
1910 621 2095 674 liben-

2204 626 2416 679 σάντων
2446 627 2491 680 δ’
2525 627 2589 680 ὲκ
2611 624 2814 678 τούτου
2867 625 3121 685 πάντων.
3166 627 3260 678 καὶ
3287 625 3502 696 ἑτοίμως
3529 630 3711 698 ἐχόντων

523 720 608 766 ter
641 728 738 781 pro
766 728 831 767 eo
861 714 1173 767 morituros.
1217 712 1363 767 Otbo
1391 751 1406 776 ,
1439 711 1605 765 multo
1631 714 1828 782 aquius
1852 728 1984 776 esse,
2019 711 2093 766 di-

2201 715 2657 786 ἀναμαχέσασθαι
2708 714 2784 782 (oi
2807 731 2868 768 τε
2912 715 3025 784 γὰρ
3077 714 3366 784 δορυφόροι
3402 721 3565 788 συχνοὶ
3587 716 3708 789 ἦσαν,

523 804 625 867 xit,
656 820 818 856 unum
835 821 931 871 pro
954 805 1213 869 omnibus,
1246 821 1405 874 quam
1426 803 1614 857 multos
1641 821 1734 871 pro
1757 820 1860 857 uno
1891 806 2093 873 perire.“

2203 809 2297 860 καὶ
2321 809 2498 877 ἕτεροι
2523 807 2626 860 οὐκ
2646 806 2820 874 ὀλίγοι
2842 805 3130 876 παρῆσαν)
3143 809 3239 859 καὶ
3254 808 3571 864 ἱκετευόντων
3587 814 3710 866 eam

526 909 692 962 neque
720 909 775 946 se
797 896 1238 958 commissurum,
1271 904 1326 946 ut
1368 895 1429 947 ob
1489 911 1650 947 unum
1709 895 1879 947 uirum
1922 894 2096 963 populi

2207 898 2334 968 μήθ’
2357 898 2554 952 ἑαυτὸν
2579 899 2717 968 μήτε
2747 899 2890 966 σφᾶς
2910 897 3208 968 προδοῦναι
3237 914 3249 926 ·
3283 898 3477 962 Πάντες
3503 901 3713 970 751MHz-

525 984 752 1039 Ποπιαηὶ
780 987 966 1039 seditio
994 990 1260 1049 oriretur,
1309 996 1355 1040 et
1406 996 1557 1040 tanta
1613 988 1881 1039 hominum
1919 985 2095 1038 multi-

2202 988 2319 1057 γον)
2350 989 2490 1058 ὐπὶρ
2521 988 2616 1041 σοῦ
2638 988 2813 1058 ἡδέως
2837 988 3302 1058 ἀπαθανούμεθα·
3326 989 3355 1042 δ
3382 990 3564 1056 Ὄθων,
3589 995 3713 1048 Πολὺ

524 1078 648 1130 tudo
690 1079 948 1131 interiret.
986 1079 1080 1132 llis
1127 1077 1309 1144 dictis,
1357 1078 1412 1132 in
1462 1078 1721 1132 conclave
1777 1077 2094 1146 ingressus,

2203 1081 2575 1148 δικαιότερόν
2586 1081 2781 1142 ἐστιν,
2798 1077 2980 1145 εἶπεν,
3005 1081 3116 1134 ἕνα
3141 1081 3292 1147 ὑπὲρ
3313 1083 3536 1136 πάντων
3557 1086 3589 1150 ἦ
3607 1090 3711 1138 παι-

523 1183 647 1222 cum
694 1169 954 1222 nonnulla
1008 1170 1073 1222 ad
1125 1184 1288 1232 suos,
1339 1180 1399 1224 ct
1444 1169 1511 1222 ad
1543 1169 1815 1222 Vitellium
1860 1166 1928 1221 dc
1983 1170 2093 1220 suis

2201 1173 2349 1238 λοὺς
2370 1171 2523 1239 ὑπὲρ
2545 1171 2678 1236 ἑνὸς
2707 1171 3072 1235 ἀπολέσθαι,
3115 1171 3213 1224 καὶ
3235 1170 3319 1239 μὴ
3351 1173 3641 1235 ,βούλεσθαι
3659 1174 3711 1228 δι’

525 1260 853 1328 scripsisset,
881 1260 1080 1314 litteris
1107 1261 1175 1314 ad
1232 1277 1290 1316 se
1317 1272 1507 1315 contra
1539 1262 1691 1315 illum
1726 1259 1946 1328 scriptis
1975 1274 2095 1312 cre-

2202 1266 2316 1319 ἒνα
2361 1263 2552 1330 ἄνδρα
2576 1263 2684 1315 τὸν
2707 1261 2905 1330 δῆμον
2922 1260 3042 1314 τῶν
3086 1262 3376 1330 Ῥωμαίων
3415 1263 3709 1325 στασιάζειν,

527 1348 708 1411 malis,
742 1364 810 1402 ne
840 1350 928 1403 cui
963 1349 1277 1417 periculum
1303 1349 1427 1404 inde
1480 1359 1761 1404 crearetur
1784 1387 1799 1413 ,
1857 1347 2097 1416 singulos

2203 1358 2299 1412 xui
2327 1356 2624 1410 τοσοῦτον
2647 1355 2839 1422 ὄχλον
2857 1353 3192 1422 ἀνθρώπων
3231 1357 3568 1422 φθεφεσθαι.
3588 1357 3710 1410 Ταῦτ’

524 1459 804 1522 salutavit,
858 1467 913 1513 et
947 1458 1458 1528 pecuniadonavit.
1493 1459 1703 1512 Interea
1750 1457 1982 1511 militum
2017 1463 2094 1507 tu-

2203 1450 2376 1505 εἰπὼν
2395 1451 2474 1512 εἰς
2494 1450 2556 1501 τὸ
2572 1447 2851 1515 δωμάτιον
2873 1447 3216 1516 ἀνεχώρησε,
3238 1449 3329 1500 και
3344 1465 3456 1500 τινα
3477 1453 3574 1510 τοῖς
3597 1468 3641 1501 τε
3656 1455 3709 1503 οἱ.

524 1549 700 1603 multu
740 1559 885 1612 orto,
921 1551 1056 1604 exiit
1092 1569 1104 1604 :
1151 1566 1327 1619 eoque
1379 1551 1556 1618 sopito
1590 1591 1604 1613 ,
1649 1565 1754 1602 non
1807 1549 1956 1616 prius
1982 1549 2094 1602 dis-

2203 1543 2371 1604 κείοις
2396 1542 2492 1595 καὶ
2512 1540 2591 1609 τῷ
2614 1537 2914 1608 comma»
2930 1539 3072 1608 ὑπὲρ
3089 1539 3271 1591 αὐτῶν
3285 1539 3583 1601 ὲπιστειλας.
3599 1541 3650 1594 τά
3669 1557 3708 1593 τε

531 1639 716 1702 cessit,
777 1656 938 1708 quam
971 1642 1108 1694 alios
1139 1641 1246 1694 alio
1295 1641 1348 1693 in
1385 1641 1504 1694 loca
1541 1648 1656 1694 tuta
1712 1641 1970 1696 misisset.
2023 1644 2100 1696 Ac

2139 1676 2174 1733 Β
2203 1633 2510 1701 γράμματα
2566 1631 2667 1681 ὅσα
2730 1629 2880 1692 τινὲς
2937 1629 3092 1696 αὐτῴ
3146 1630 3268 1681 κατ’
3300 1632 3498 1683 ἐκείνου
3533 1633 3709 1699 ἐγεγρά-

527 1731 600 1784 ita
633 1731 879 1795 domum,
915 1747 1038 1785 cum
1077 1733 1370 1800 tranquilla
1404 1743 1586 1786 essent
1612 1734 1815 1798 omnia,
1848 1733 2091 1802 seipsum

2139 1719 2174 1733 “’
2203 1741 2419 1795 φεισαν,
2455 1722 2714 1785 ἔκαυσεν,
2747 1719 2890 1774 ὥστε
2944 1720 3154 1790 μηδένα
3181 1721 3238 1786 ἐξ
3262 1721 3434 1773 αὐτῶν
3459 1723 3709 1791 φωραθέντι

527 1823 828 1879 interfecit.
868 1825 1066 1879 Milites
1090 1825 1323 1878 cadaver
1343 1826 1461 1894 ejus
1502 1826 1896 1895 sepeliveruut,
1946 1827 2097 1881 multi

2203 1813 2599 1870 κινδυνεῦσαι·
2644 1812 2740 1864 καὶ
2803 1809 2989 1864 καλῶν
3039 1809 3140 1863 ἕνα
3176 1810 3404 1864 ἕκαστον
3430 1812 3528 1865 τῶν
3557 1813 3711 1881 sapia.

525 1933 745 1987 quoque
769 1933 936 1987 super
961 1934 1028 1972 eo
1081 1921 1510 1990 scjugularunt.
1578 1922 1678 1977 Hic
1731 1922 1954 1977 Othonis
2006 1923 2095 1978 fuit

2202 1926 2331 1973 των,
2360 1905 2644 1976 ἠσπάζετο
2677 1904 2904 1966 αὐτοὺς,
2966 1903 3061 1955 καὶ
3097 1902 3272 1955 ἐδίδου
3318 1903 3461 1970 σφίσι
3488 1905 3708 1973 χρήματα.

523 2009 726 2074 exitus,
757 2026 882 2064 cum
907 2026 1081 2064 annos
1113 2028 1289 2066 xxxvu
1339 2013 1604 2078 vixisset,
1647 2015 1766 2075 dies
1821 2030 1887 2069 xc
1934 2015 2093 2083 impe-

2203 2001 2321 2053 Κάν
2345 1997 2523 2067 τούτῳ
2549 1997 2796 2066 ταραχῆς
2829 1993 3137 2063 γενομένης
3174 1995 3527 2063 στρατιωτῶν,
3551 1993 3708 2063 ἐξῆλθε,

526 2109 722 2165 rasset,
756 2117 867 2170 quo
897 2111 1111 2156 aetatem
1140 2103 1482 2171 superiorem
1534 2104 1706 2174 impie
1741 2117 1798 2159 et
1843 2106 2096 2162 scelerate

2204 2095 2302 2146 καὶ
2333 2090 2686 2159 καταστήσας
2747 2086 2970 2147 αὐτοὺς,
3019 2085 3081 2137 οὐ
3119 2085 3385 2156 πρότερον
3429 2085 3709 2154 ἀνεχώρησε,

525 2201 703 2246 actam
723 2193 1092 2257 obumbravit,
1110 2204 1165 2248 et
1181 2194 1346 2248 vitam
1365 2195 1608 2250 onmium
1628 2197 2095 2266 ﬂagitiosissimam

2205 2185 2336 2254 πρὶν
2404 2184 2461 2245 ἐς
2513 2183 2576 2234 τὸ
2623 2178 2871 2247 ἀσφαλὲς
2913 2179 3115 2242 ἄλλους
3143 2179 3375 2250 ἀλλαχοῦ
3409 2179 3609 2248 πέμψαι.
3636 2179 3710 2231 Kal

527 2294 706 2338 morte
755 2285 1142 2340 honestissima
1208 2287 1512 2342 decoravit.
1561 2289 1692 2343 Post
1719 2293 1837 2356 ejus
1870 2290 2097 2356 obitum,

2203 2275 2402 2340 οὕτως,
2434 2271 2558 2324 ἐπεὶ
2595 2269 2767 2340 μηδὲν
2813 2269 2896 2321 ἔτι
2948 2270 3266 2340 ταραχῶδες
3313 2270 3524 2337 ἐγίνετο,
3573 2269 3710 2321 ἑαυτὸν

535 2377 738 2431 milites
763 2377 947 2430 statim
993 2378 1304 2432 tumultuati
1339 2389 1513 2434 sunt:
1555 2389 1611 2434 et
1636 2380 1826 2435 multis
1869 2380 2105 2434 invicem

2203 2369 2620 2436 κατεχρήσατοο
2676 2361 2772 2415 καὶ
2826 2362 2879 2414 οἱ
2945 2362 3289 2430 στρατιῶται
3331 2361 3390 2414 τὸ
3421 2363 3560 2430 σῶμα
3587 2360 3709 2412 αὐτοῦ

528 2466 705 2528 caesis,
727 2466 900 2537 gratia
925 2467 1274 2521 reconciliata
1295 2483 1354 2523 sc
1377 2468 1444 2522 ad
1471 2469 1707 2524 victores
1724 2469 2098 2524 contulerunt.

2201 2458 2436 2540 ἔθαψαν,
2465 2455 2562 2509 καί
2594 2470 2737 2517 τινες
2786 2451 2938 2522 αὐτῷ
2968 2451 3285 2520 ὲπέσςραξαν
3335 2451 3558 2513 ἑαυτούς.
3587 2450 3710 2502 Τοῦτο

524 2555 588 2606 τὸ
643 2555 796 2618 τέλος
843 2553 922 2624 τῷ
983 2556 1185 2609 Ὄθωνι
1221 2557 1436 2625 γέγονε,
1501 2558 1731 2628 ζήσαντι
1791 2559 1890 2629 μὲν
1922 2560 2061 2612 ἑπτὰ
2104 2554 2203 2610 καὶ
2255 2550 2554 2622 τριάκοντα
2584 2544 2703 2616 ἔτη.
2767 2542 2998 2613 ἄρξαντι
3046 2542 3105 2596 δὲ
3164 2545 3378 2615 ἡμέρας
3422 2543 3710 2612 ἔνενήκοντι·

527 2645 652 2699 ὅθεν
689 2649 786 2699 καὶ
848 2648 947 2716 τὴν
1014 2648 1273 2703 ἀσέϐειαν
1328 2651 1422 2703 καὶ
1470 2651 1570 2721 τὴν
1616 2652 1886 2723 πονηρίαν
1944 2650 2039 2704 τοῦ
2095 2650 2213 2720 βίου
2270 2639 2622 2698 συνεσκίασε.
2668 2636 2925 2690 Κάκιστα
2951 2635 3062 2706 γὰρ
3091 2637 3392 2707 ἀνθρώπων
3429 2635 3593 2703 ζήσας.
3619 2633 3712 2685 κάλ·

531 2738 692 2792 λιστα
745 2737 1037 2792 ἀπέθανεν.
1079 2741 1144 2792 οι
1205 2741 1263 2793 δὲ
1331 2743 1672 2812 στρατιῶται
1738 2745 1900 2808 εὐθὺς
1979 2743 2081 2814 μὲν
2121 2736 2531 2809 ἐταράχθησαν,
2579 2730 2677 2785 καὶ
2728 2729 2822 2783 ὑπ’
2878 2729 3132 2800 ἀλλήλων
3184 2727 3367 2782 πολλοὶ
3411 2725 3710 2797 ἀνῃρέθησαν,

527 2829 718 2883 ἔπειτα
765 2830 1112 2900 ὼμονόησαν,
1145 2833 1237 2886 καὶ
1279 2839 1818 2908 προσκεχωρήκεσαν
1845 2842 1958 2902 τοῖς
1987 2830 2416 2906 κεκρατηκόσιν.
3527 2893 3534 2902 ,

599 2917 737 2972 XVI.
781 2919 1011 2973 Romani
1040 2922 1259 2990 cognito
1292 2921 1525 2979 Othonis
1569 2925 1797 2981 interitu
1833 2927 2006 2999 (nam,
2040 2933 2101 2982 ut

2276 2915 2393 2984 ις’.
2431 2917 2496 2968 Οἱ
2525 2913 2573 2968 δ’
2600 2915 2658 2966 ἐν
2689 2915 2756 2984 τῇ
2791 2913 3007 2984 Ῥώμῃ,
3058 2912 3123 2966 τὸ
3155 2912 3327 2978 πάθος
3377 2912 3604 2982 μαθόντες
3641 2908 3708 2962 τοῦ

526 3017 658 3064 ante
689 3011 898 3065 dictum
935 3020 1042 3074 est,
1080 3012 1218 3068 urbe
1248 3013 1458 3083 aberat)
1495 3016 1770 3073 Vitellium
1799 3021 2096 3088 imperato-

2211 3009 2451 3071 Ὄθωνος
2480 3006 2770 3077 (ἀπεδήμει
2794 3006 2904 3075 γὰρ
2951 3003 3045 3057 τοῦ
3080 3004 3313 3068 ἄστεως,
3339 3005 3411 3066 ὡς
3437 3000 3706 3071 προείρηται)

526 3116 644 3154 rem
679 3101 1060 3170 designarunt.
1114 3101 1214 3157 Cui
1246 3119 1396 3159 mors
1423 3105 1652 3164 Othonis
1683 3110 1736 3163 in
1763 3111 1952 3165 Galliis
1976 3128 2096 3166 ver-

2137 3104 2174 3161 C
2207 3097 2587 3168 αὐτοκράτορα
2615 3095 2710 3148 τὸν
2737 3095 3046 3147 Οὐϊτέλλιον
3073 3093 3428 3164 ἀνηγόρευον.
3462 3095 3592 3146 Ὀντι
3613 3089 3646 3141 δ’
3667 3089 3707 3140 lv

527 3191 668 3245 santi
723 3192 975 3245 nuntiata
1005 3203 1110 3254 est,
1168 3194 1258 3248 ubi
1300 3209 1428 3250 eum
1457 3208 1596 3252 uxOr
1651 3215 1778 3255 cum
1808 3201 1974 3256 ﬁliole
2007 3218 2097 3258 sex

2202 3193 2270 3260 τῇ
2295 3187 2533 3257 Γαλατίᾳ
2557 3187 2586 3239 ὁ
2613 3185 2839 3245 Θάνατος
2901 3185 3149 3255 ἠγγέλθη
3173 3184 3270 3238 τοῦ
3310 3184 3548 3242 Ὄθωνος.
3582 3175 3705 3231 Ἦλθε

528 3295 705 3335 annos
736 3290 864 3334 nato
895 3285 1172 3347 convenit,
1201 3300 1364 3354 quem
1407 3303 1508 3357 pro
1538 3303 1792 3362 suggesto
1819 3291 2097 3349 Germani-

2212 3281 2272 3336 δὲ
2307 3281 2440 3352 πρὸς
2475 3278 2639 3332 αὐτὸν
2662 3279 2756 3332 καὶ
2779 3279 2813 3347 ή
2842 3277 2982 3346 γυνὴ
3017 3279 3114 3330 καὶ
3137 3278 3200 3330 τὸ
3243 3277 3464 3337 παιδίον,
3497 3274 3522 3326 δ
3549 3274 3623 3326 καὶ
3644 3270 3709 3324 ἐπὶ

529 3385 655 3424 cum
684 3380 740 3424 ct
783 3371 1053 3425 Caesarem
1084 3373 1411 3444 designavit.
1443 3380 1562 3435 Jam
1591 3397 1717 3437 cum
1745 3383 2099 3440 divinationi~

2204 3369 2448 3443 βήματος
2478 3369 2819 3438 Γερμανικόν
2847 3385 2905 3420 τε
2951 3369 3043 3420 καὶ⁵
3081 3367 3456 3436 αὐτοκράτορα
3481 3364 3705 3430 ἐπωνόμα-

528 3461 636 3517 bus
662 3461 884 3517 deditus
920 3475 1087 3528 esset,
1137 3483 1243 3523 nec
1275 3470 1396 3526 sine
1444 3472 1511 3528 iis
1555 3475 1642 3531 vel
1673 3475 1898 3531 minima
1928 3479 2098 3533 susci-

2205 3477 2318 3528 σεν,
2345 3460 2565 3524 ἑξάετες
2614 3459 2697 3513 δν.
2733 3457 3059 3528 Φιλόμαντις
3098 3459 3156 3511 δὲ
3194 3458 3467 3528 ὑπάρχων,
3511 3457 3584 3509 καὶ
3612 3451 3707 3522 μηδὲ

529 3560 704 3622 perct.
737 3560 848 3606 tum
887 3562 1250 3622 astronomos,
1279 3568 1401 3628 post
1434 3562 1600 3616 etiam
1633 3565 1834 3620 ariolos
1869 3567 2099 3636 pepulit,

2199 3552 2262 3606 τὸ
2295 3551 2467 3623 βραχὺ
2497 3552 2760 3623 πράσσων
2790 3550 2919 3604 ἄνευ
2953 3551 3158 3612 αὐτῶν,
3186 3551 3306 3603 τότε
3327 3548 3546 3619 μὲντοὺς
3566 3548 3708 3612 ἀστρο-

531 3653 686 3697 ecrto
715 3641 802 3696 die
834 3642 1126 3712 praalinito,
1169 3645 1312 3703 intra
1347 3665 1508 3720 quem
1539 3662 1651 3708 tota
1681 3654 1834 3708 Italia
1861 3655 2100 3712 excede-

2203 3645 2422 3715 νόμους,
2459 3643 2685 3713 ὕστερον
2707 3641 2764 3695 δὲ
2788 3641 2883 3696 καὶ
2911 3643 3037 3706 τοὺς
3085 3643 3290 3712 γόητας
3319 3640 3546 3710 ἐξήλασε,
3572 3651 3706 3705 πριιιι-

531 3739 675 3786 rent.
727 3732 830 3798 Qui
877 3744 1044 3787 noctu
1091 3734 1332 3791 vicissim
1361 3741 1582 3796 schedis
1615 3742 1777 3816 574
1803 3747 2101 3815 propositis

2201 3738 2320 3792 πὼν
2383 3736 2566 3806 σφίσιν
2633 3737 2783 3800 ἐντὸς
2825 3736 2990 3806 τῆσδε
3034 3736 3135 3803 τῆς
3189 3737 3398 3807 ἡμέρας
3440 3733 3493 3800 ὲξ
3542 3729 3705 3795 ἀπάσης

528 3822 582 3876 ei
611 3822 1032 3884 denuntiarunt,
1081 3835 1140 3880 ut
1174 3827 1317 3882 intra
1347 3845 1472 3886 cum
1499 3833 1644 3888 diem
1675 3851 1706 3890 e
1735 3838 1842 3891 vita
1871 3839 2098 3896 excede-

2202 3829 2521 3900 ἔκχωρῆσαι
2553 3831 2648 3900 τῆς
2694 3830 2948 3893 Ἰταλίας.
2991 3831 3257 3883 Κάκεῖνοι
3285 3828 3466 3890 νυκτὸς
3508 3827 3704 3892 ἀντιπρο-

529 3923 639 3980 rel,
669 3929 778 3982 quo
804 3915 1067 3970 excessit.
1105 3917 1240 3972 Dum
1271 3931 1454 3976 autem
1486 3925 1637 3979 luxui
1667 3938 1722 3982 et
1747 3929 1986 3984 lascivia:
2008 3930 2099 3986 de-

2205 3919 2392 3984 θέντες
2423 3921 2858 3992 προγράμματα,
2889 3920 3393 3992 ἀντιπαρήγγειλαν
3422 3916 3552 3986 αὑτῴ
3576 3911 3705 3966 ἀπαλ-

529 4004 699 4069 ditus,
730 4015 785 4060 et
809 4023 836 4058 a
863 4005 1036 4075 prima
1057 4017 1218 4064 aetate
1249 4011 1304 4064 in
1335 4016 1620 4082 cauponis,
1662 4018 1782 4074 foro
1812 4021 2099 4087 aleatorio.

2203 4011 2438 4080 λαγῆναι
2475 4012 2569 4065 τοῦ
2601 4012 2715 4084 βίου
2755 4013 2908 4074 ἐντὸς
2931 4012 3030 4080 τῆς
3067 4014 3285 4083 ἡμέρας
3313 4014 3369 4064 ὲν
3425 4004 3703 4084 ᾖὲτελεύτη·

528 4096 913 4150 saltationibus
959 4108 1015 4152 et
1065 4101 1504 4170 aurigationibus
1551 4119 1800 4164 versatus
1845 4123 2010 4176 esset,
2045 4123 2098 4170 et

2206 4118 2318 4159 cev.
2356 4099 2466 4157 Ἦν
2497 4104 2554 4157 δὲ
2597 4107 2778 4174 τρυφῇ
2811 4120 2870 4156 τε
2927 4105 3025 4157 καὶ
3064 4104 3327 4175 ἀσελγείᾳ
3359 4099 3703 4172 προσκείμενος.

530 4187 741 4241 inﬁnita
775 4189 828 4242 in
861 4204 954 4244 eas
986 4205 1076 4245 res
1111 4194 1344 4260 pecunia
1391 4195 1689 4268 insumpta,
1712 4204 1944 4258 multum
1975 4206 2100 4261 aaris

2204 4197 2297 4247 καὶ
2328 4193 2422 4248 ἀπ’
2451 4195 2626 4265 ἀρχῆς
2684 4194 2924 4254 τοιοῦτος
2957 4194 3031 4248 ὢν
3075 4190 3191 4257 οἶος
3238 4196 3364 4265 περὶ
3409 4193 3470 4246 τὰ
3495 4188 3705 4256 καπηλεῖα

530 4279 695 4333 alicui
738 4280 978 4345 fecisset,
1024 4291 1140 4336 tum
1174 4294 1338 4340 aucto
1371 4287 1500 4342 luxu
1533 4290 1861 4349 insolentius
1898 4312 1956 4352 se
1982 4303 2100 4368 ges-

2204 4288 2301 4340 καὶ
2362 4286 2433 4339 τὰ
2493 4286 2855 4356 κυϐευτήρια,
2903 4287 2996 4338 καὶ
3033 4287 3162 4349 τοὺς
3196 4286 3478 4356 ὀρχηστὰς,
3517 4279 3704 4338 καὶτοϋς

531 4369 625 4432 sit,
665 4372 1009 4442 majorcsque
1055 4384 1308 4444 sumptus
1335 4376 1487 4432 fecit.
1518 4380 1802 4438 Maximam
1833 4386 1942 4441 diei
1976 4405 2101 4458 par-

2205 4379 2595 4449 ἁρματηλάτας
2645 4379 3060 4432 ἐσπουδακέναι.
3129 4381 3241 4432 Καὶ
3289 4377 3524 4446 ἀμύθητα
3567 4373 3613 4434 ἐς
3655 4370 3704 4420 τὰ

534 4469 664 4525 tem,
721 4473 776 4517 et
823 4475 992 4520 noctu
1048 4481 1290 4536 quoque,
1345 4471 1565 4525 secitra
1609 4475 1771 4529 ullam
1795 4480 2103 4534 satietatem

2139 4465 2180 4519 D
2205 4469 2432 4524 τοιαῦτα
2461 4471 2745 4540 ἀνήλισκε,
2785 4472 2878 4522 καὶ
2901 4470 2991 4524 διὰ
3013 4471 3171 4524 τοῦτο
3213 4472 3306 4524 καὶ
3334 4469 3585 4527 δανειστὰς
3609 4460 3703 4513 πολ-

535 4553 944 4622 ingurgitando,
998 4566 1054 4612 et
1106 4560 1342 4614 subinde
1394 4577 1515 4631 qua:
1559 4564 1894 4635 ingesserat,
1945 4586 2103 4625 revo-

2201 4561 2326 4625 λοὺς
2357 4560 2494 4633 εἶχε.
2531 4564 2670 4616 Τότε
2703 4562 2759 4615 δὲ
2812 4565 2906 4616 καὶ
2936 4563 3139 4634 μᾶλλον
3171 4561 3379 4634 ὕϐριζε,
3431 4561 3515 4613 καὶ
3556 4556 3630 4624 τῆς
3659 4566 3701 4604 τε

535 4642 756 4705 mendo,
806 4651 863 4697 ut
891 4646 1008 4700 solo
1039 4647 1372 4704 cibariorum
1399 4653 1629 4708 transitu
1681 4657 1750 4710 ali
1783 4659 2100 4715 videretur:

2200 4657 2414 4725 ἡμέρας
2479 4655 2542 4708 τὸ
2584 4655 2834 4708 πλεῖστον
2873 4659 2973 4727 τῆς
3003 4673 3061 4709 τε
3107 4658 3299 4716 νυκτὸς
3324 4653 3542 4706 ἐδαπάνα
3569 4645 3699 4708 ἀπλή·

533 4748 656 4802 quae
685 4749 769 4788 res
797 4734 1090 4802 eﬂiciebat,
1122 4749 1180 4792 ut
1211 4752 1529 4815 perpetuam
1562 4749 1838 4816 crapulam
1872 4753 2102 4809 tolerare

2203 4762 2342 4808 στως
2380 4747 2814 4817 ἐμφορούμενος,
2847 4748 2940 4799 καὶ
2978 4747 3220 4817 συνεχῶς
3257 4744 3475 4813 ἐξεμῶν,
3510 4739 3572 4800 ὡς
3599 4735 3699 4805 μένῃ

532 4831 741 4891 posset,
777 4839 903 4878 cum
937 4827 1055 4896 ejus
1085 4840 1433 4897 compotores
1463 4835 1696 4901 pessime
1740 4835 2024 4892 haberent.
2063 4840 2102 4892 E

2202 4839 2268 4907 τῇ
2304 4835 2522 4906 παρόδῳ
2554 4835 2660 4889 τῶν
2720 4836 2907 4890 at»th
2960 4836 3276 4907 τρέφεσθαι-
3316 4836 3424 4904 Ἀφ’
3464 4825 3606 4897 οὗπερ
3633 4821 3699 4874 καὶ

530 4928 642 4982 quo
700 4929 932 4969 numero
987 4933 1110 4972 cum
1157 4919 1378 4988 quidam
1437 4933 1660 4991 propter
1715 4927 1968 4982 morbum
2005 4945 2100 4998 per

2205 4932 2497 5001 αὐταρκεῖν
2534 4931 2792 5000 ἠδύνατο.
2821 4931 2885 4984 Οἱ
2913 4931 2968 4984 δὲ
2992 4930 3422 4990 συνδειπνοῦντες
3449 4921 3577 4990 αὐτῷ
3599 4916 3695 4968 πάνν

537 5006 749 5074 aliquot
779 5007 898 5062 dies
922 5024 950 5062 a
977 5011 1263 5065 sodalitate
1294 5013 1576 5075 abfuisset,
1600 5033 1654 5069 se
1674 5020 1883 5072 omnino
1909 5025 2107 5090 peritu-

2202 5023 2388 5085 κακῶς
2418 5022 2849 5092 ἀπηλλάσσοντο.
2883 5023 3047 5075 Ὅθεν
3073 5017 3153 5084 εἷς
3171 5039 3252 5084 τις
3285 5018 3473 5081 αὐτῶν,
3497 5012 3694 5079 νοσήσαςο

534 5112 653 5150 rum
683 5099 841 5166 fuisse
871 5100 1031 5164 dixit,
1062 5105 1162 5156 nisi
1193 5113 1513 5174 a'grotasset.
1543 5107 1653 5162 Nec
1691 5119 1863 5165 totum
1894 5123 2104 5184 tempus

2203 5114 2297 5166 xui.
2327 5113 2417 5166 διὰ
2442 5114 2600 5167 τοῦτο
2652 5115 2865 5184 ἡμέρας
2909 5115 3062 5177 τινὰς
3112 5115 3205 5166 τοῦ
3246 5111 3503 5164 συσσιτίου
3529 5105 3695 5156 ἀπολει-

532 5185 751 5254 imperii
791 5189 910 5260 ejus
940 5193 1238 5263 quidquam
1287 5197 1433 5251 aliud
1490 5198 1614 5259 fuit.
1647 5201 1751 5254 nisi
1783 5202 2022 5258 ebrietas
2049 5215 2102 5261 et

2205 5206 2378 5272 φθεὶς,
2406 5201 2558 5259 εἶπεν
2590 5208 2672 5259 ὅει
2708 5209 2776 5260 Et
2820 5208 2905 5275 μὴ
2927 5207 3222 5274 evomam,
3241 5203 3463 5266 πάντως
3496 5198 3562 5251 ἂν
3582 5195 3704 5247 ἁποτ

532 5286 977 5338 comessationes.
1023 5285 1156 5350 Quis
1194 5297 1378 5342 autem
1429 5290 1639 5360 singula
1669 5297 2102 5350 commemoret?

2202 5295 2442 5351 λώλειν.
2500 5301 2609 5352 Καὶ
2671 5301 2891 5367 ἐγένετο
2929 5303 2956 5352 ὁ
2993 5299 3183 5369 χρόνος
3215 5299 3243 5352 ὁ
3271 5299 3362 5366 τῆς
3390 5292 3543 5364 ἀρχῆς
3569 5277 3689 5339 αὐτοῦ

531 5383 657 5424 cum
690 5370 833 5426 inter
857 5389 1049 5428 omnes
1077 5386 1314 5444 constet,
1339 5394 1464 5434 eum
1500 5381 1714 5451 imperii
1743 5383 1826 5436 sui
1862 5393 2101 5454 tempore

2208 5390 2430 5458 σύμπας
2460 5391 2614 5445 οῦδὲν
2648 5393 2778 5446 ἄλλο
2839 5392 2872 5462 ἦ
2931 5394 3091 5460 μέθαι
3113 5393 3204 5446 καὶ
3251 5391 3438 5460 κίῖιμοι.
3474 5383 3567 5439 Καὶ
3589 5372 3687 5432 τεᾶν

1728 5521 1926 5582 Variae
1961 5523 2270 5588 lectiones
2299 5540 2361 5590 et
2399 5538 2587 5592 notio.

610 5634 686 5705 (5)
730 5635 994 5708 Ἱππεύς.
1024 5641 1119 5698 Dio
1152 5657 1250 5700 seu
1286 5642 1622 5714 Xipliilinus,
1659 5643 1855 5709 ἱππεύς
1881 5661 1962 5713 τε,
2005 5647 2094 5704 ubi
2130 5649 2180 5723 S;

1531 5659 1622 5712 ius.
1659 5643 1855 5709 ἱππεύς
1881 5661 1962 5713 τε,
2005 5647 2094 5704 ubi
2130 5649 2454 5724 Sylburgius
2475 5653 2731 5709 emendat
2761 5654 2956 5717 ἱππεῦ,
2999 5671 3101 5720 τις.
