3890 6196
226 260 326 323 ιω

1446 260 1856 323 ANNALIUM
1902 265 2049 327 LIB.
2105 266 2216 326 XI.

3371 284 3483 350 970

170 440 173 447 ,
225 395 306 441 τις
362 375 486 430 καθ’
541 375 774 429 ἕκαστον
828 374 1011 430 αὐτῶν
1051 375 1386 446 καταλέγοις
1436 378 1600 433 ὁπότε
1661 378 1787 450 πρὸς

1899 380 1986 435 bis
2035 381 2255 448 millies,
2306 384 2560 448 centies,
2611 385 2977 457 quinquagies
3032 397 3261 447 centena
3308 396 3478 452 millia

231 469 450 523 πάντων
486 467 840 541 ὡμολόγηται
927 468 1022 522 δύο
1075 471 1342 543 μυριάδας
1394 470 1673 541 μυριάδων
1709 472 1802 524 καὶ

226 561 403 637 χιλίας
435 560 807 623 παντακοσίας
831 559 909 631 (6)
929 562 988 614 ὲν
1006 560 1085 633 τῷ
1103 563 1199 630 τῆς
1220 563 1393 633 ἀρχῆς
1419 562 1586 616 αὑτοῦ
1624 563 1803 634 χρόνῳ

170 636 175 643 ’
222 653 278 710 ἐς
307 653 373 705 τὰ
401 652 602 706 δεῖπνα
635 651 801 706 αὐτὸν
833 652 1290 722 δεδαπανηκέναι.
1339 652 1604 714 Πολλάκις
1629 654 1684 706 δὲ
1709 655 1803 706 καὶ

221 743 351 814 παρ’
375 744 555 809 ἄλλοις
591 745 850 805 εἱστιᾶτο.
884 745 980 798 καὶ
1021 745 1120 814 τῆς
1168 745 1341 814 αὐτῆς
1398 746 1614 816 ἡμέρας
1649 745 1800 801 ἄλλοι

223 836 320 905 μὲν
353 837 757 906 ἀκρατίσασθαι
799 838 1059 907 παρεῖχον
1100 835 1271 906 αὐτῷ,
1294 837 1446 891 ἄλλοι
1491 838 1549 891 δὲ
1573 837 1800 908 ἀριστῆ-

219 947 330 993 σαι,
378 930 557 999 ἕτεροι
589 930 645 983 δὲ
669 929 907 994 δεῖπνον,
937 931 1030 983 καὶ
1078 928 1258 1001 ἕτεροι
1298 930 1635 1000 μεταδόρπιά
1676 948 1799 984 τινα

219 1021 538 1090 πλησμονῆς
575 1021 922 1092 παραμύθια.
959 1022 1117 1075 Οὕτω
1143 1022 1201 1075 δὲ
1237 1022 1410 1093 βιοὺς,
1444 1023 1546 1076 οὐκ
1571 1023 1800 1092 ἄμοιρος

214 1108 281 1184 ἦν
353 1112 677 1166 παντάπασι
728 1113 826 1167 καὶ
875 1112 1058 1166 καλῶν
1114 1113 1314 1184 ἔργων.
1360 1114 1435 1167 Τό
1466 1130 1525 1167 τε
1564 1114 1673 1185 γὰρ
1705 1115 1798 1168 επὶ

214 1205 488 1274 Νέρωνος,
522 1206 615 1257 καὶ
646 1204 706 1259 τὸ
730 1204 822 1258 ἐπὶ
862 1205 1092 1266 Γάλδου,
1126 1205 1222 1259 τοῦ
1257 1223 1319 1259 τε
1356 1205 1601 1269 Ὄθωνος
1628 1207 1798 1261 κοπὲν

212 1293 459 1364 νόμισμα
512 1296 802 1364 ἐτήρησεν,
866 1295 968 1348 οὐκ
1035 1297 1363 1363 ἀγανακτῶν
1413 1298 1537 1358 ταῖς
1588 1295 1795 1350 εἰκόσιν

210 1386 397 1439 αὐτῶν
426 1402 439 1417 ⁸
472 1387 570 1439 καὶ
595 1389 697 1440 ὅσα
716 1386 860 1440 τισὶν
894 1385 1249 1457 ὲδεδὼρηντο,
1299 1385 1554 1455 ἐφύλαξε,
1590 1386 1796 1458 μηδένα

209 1479 381 1549 μηδὲν
410 1478 763 1549 ἀφελόμενος.
806 1480 918 1533 Καὶ
943 1478 1071 1532 οὔτε
1132 1479 1202 1532 τά
1231 1481 1295 1532 ὲκ
1323 1479 1432 1532 τῶν
1470 1478 1794 1533 συντελειῶν

209 1571 599 1641 ἀποφληθέντα
645 1570 951 1642 ἀπῄτησεν,
992 1570 1119 1626 οὔτε
1172 1572 1362 1626 οὐσίαν
1391 1572 1534 1634 τινὸς
1565 1572 1795 1643 ἐδήμιυο

210 1682 326 1728 σεν,
352 1664 572 1732 ὀλίγους
626 1665 725 1734 μὲν
756 1663 900 1719 πάνυ
929 1664 1038 1717 τῶν
1073 1663 1142 1717 τὰ
1175 1663 1417 1726 Ὄθωνος
1466 1663 1792 1733 πραξάντων

209 1754 568 1820 ἀποκτείνας,
617 1755 751 1824 μηδὲ
801 1753 900 1816 τὰς
945 1754 1179 1825 ἐκείναιν⁹
1218 1753 1401 1822 μέντοι
1449 1751 1639 1815 οὐσίας
1665 1752 1792 1814 τοὺς

205 1847 595 1918 προσήκοντας
647 1846 800 1915 σφῶν
850 1847 1260 1918 ἀποστερήσας.
1291 1846 1401 1900 Καὶ
1429 1847 1543 1909 τοῖς
1569 1845 1791 1908 οἰκείοις

199 1936 265 1996 δὲ
323 1938 435 1992 τῶν
489 1938 759 2009 πρότερόν
806 1955 941 1991 ποτε
972 1937 1397 1991 θανατωθέντων
1468 1937 1790 2005 ἐδωρήσατο

205 2033 389 2084 πάντα
419 2032 519 2084 ὅσα
549 2032 607 2083 ὲν
643 2030 724 2100 τῷ
766 2030 1013 2101 δημοσίῳ
1070 2027 1326 2100 εὕρηντο.
1370 2027 1513 2081 Ἀλλ’
1539 2028 1661 2082 οὐδὲ
1689 2030 1791 2090 τᾲς

200 2122 472 2191 διαθήκας
492 2122 600 2175 τῶν
643 2120 1198 2192 ἀντιπολεμησάντων
1256 2119 1406 2189 αὐτῷ
1452 2121 1548 2173 καὶ
1586 2119 1644 2172 ὲν
1669 2119 1787 2179 ταῖς

204 2215 414 2286 μάχαις
445 2214 716 2267 πεσόντων
741 2215 1007 2286 ⁴ᾐτιάσατο
1042 2231 1058 2245 ·
1087 2213 1435 2283 ἀπηγόρευσε
1465 2211 1523 2264 δὲ
1553 2212 1649 2265 καὶ
1674 2214 1787 2272 τοῖς

203 2307 546 2375 βουλευταῖς.
581 2308 676 2360 καὶ
705 2310 819 2371 τοῖς
853 2306 1081 2359 ἱππεῦσι
1122 2305 1452 2375 μονομαχεῖν
1481 2303 1514 2375 ἢ
1541 2303 1598 2356 ὲν
1621 2303 1787 2374 ὀρχή-

202 2409 346 2465 στρα
377 2393 508 2448 θέαν
540 2398 662 2449 τινὰ
698 2398 1029 2466 παρασχεῖν.
1051 2394 1161 2447 Καὶ
1186 2393 1276 2449 διὰ
1302 2391 1476 2446 ταῦτα
1512 2393 1783 2463 ἐπῃνεῖτο.

210 2487 344 2539 Ἐπὶ
373 2485 581 2545 τούτοις
628 2486 871 2556 ἠγγέλθη
918 2484 1068 2556 αὺτῷ
1098 2486 1132 2558 ὴ
1172 2485 1231 2537 ὲν
1275 2483 1509 2555 Ἰουδαίᾳ
1539 2484 1659 2537 κατ’
1687 2482 1787 2540 αὐ-

199 2577 300 2633 τοῦ
351 2578 751 2641 ἐπανάστασις.
809 2577 920 2634 Καὶ
964 2577 1156 2639 δεινῶς
1203 2576 1488 2630 κατέδεισε
1511 2574 1578 2628 δι’
1616 2573 1786 2644 αὐτὴν

198 2669 382 2723 ἄλλων
407 2686 467 2722 τε
486 2668 810 2739 συμϐάντων
838 2670 1101 2739 σημείων,
1125 2666 1331 2736 καὶτῆς
1354 2666 1586 2738 σελήνης
1635 2666 1785 2735 παρά

201 2761 274 2818 τδ
298 2760 639 2834 καθεστηκὸς
664 2762 745 2825 δὶς
769 2760 1145 2815 ἐκλελοιπέναι
1169 2759 1419 2828 δοξάσης.
1435 2758 1543 2813 Καὶ
1571 2758 1678 2828 γὰρ
1693 2775 1786 2814 τε-

198 2853 442 2923 ταρταὲα
472 2854 565 2906 καὶ
600 2853 864 2924 ὲὸδομαία
893 2852 1162 2921 ὲσκιάσθη
1184 2866 1200 2881 ·
1226 2851 1413 2923 ἡλίους
1433 2866 1494 2907 τε
1521 2849 1640 2919 ἅμα
1663 2851 1785 2903 τότε

196 2944 347 3004 εἶδον
374 2946 438 3000 ἐκ
468 2964 526 3000 τε
568 2947 681 3000 τῶν
720 2946 999 3001 ἀνατολῶν
1048 2946 1143 3001 καὶ
1169 2947 1236 2999 ἐκ
1269 2943 1380 2998 τῶν
1408 2943 1655 3014 δυσμῶν,
1693 2942 1786 2996 τὸν

1907 470 2293 527 drachmarum
2340 472 2396 528 in
2440 487 2627 528 coenas
2690 475 3070 546 insumpsisse.
3131 479 3284 551 Saepe
3314 487 3476 542 etiam

1905 562 2051 630 apud
2095 563 2232 617 alios
2268 564 2595 621 convivatus
2626 574 2749 622 est:
2791 568 3096 639 eodemque
3142 571 3230 627 die
3262 574 3403 631 alius
3427 580 3480 634 ei

1898 650 2265 721 ientaculum,
2308 654 2449 708 alius
2498 656 2811 725 prandium,
2854 659 2997 712 alius
3053 675 3289 727 orenam,
3340 665 3482 721 alius

1904 742 2130 798 bellaria
2162 754 2286 814 post
2321 759 2558 806 ctenam.
2586 746 2656 800 ad
2685 747 2996 802 leniendam
3026 753 3308 820 crapulam
3338 770 3479 824 prte-

1904 837 2163 896 buerunt.
2204 838 2350 892 inter
2378 839 2495 894 haec
2518 840 2649 894 vitia
2681 841 2911 896 virtutes
2942 843 2992 896 ei
3021 859 3128 896 non
3160 844 3476 901 defuerunt.

1870 985 1874 988 ς
1901 928 2182 982 Monetam
2213 929 2361 985 enim
2390 930 2492 985 sub
2520 930 2758 997 Nerone,
2798 932 2991 997 Galba,
3021 933 3234 991 Othone
3257 954 3481 1007 percus-

1823 1711 1867 1770 Β

202 3035 311 3109 μὲν
333 3035 538 3107 ἀσθενῆ
561 3037 654 3090 καὶ
679 3036 882 3108 ὠχρὸν,
927 3035 1020 3091 τὸν
1068 3035 1113 3088 δ’
1139 3034 1199 3103 ἐξ
1224 3034 1505 3090 ἀνατολῶν
1539 3034 1782 3105 ἰσχυρόν.
1813 3068 1856 3125 C

211 3131 502 3203 Ἐπράχθη
531 3132 587 3186 δὲ
619 3132 689 3185 τά
707 3135 805 3203 τῆς
838 3130 1267 3194 ἐπαναστάσεως
1293 3126 1413 3188 ὧδε.
1443 3133 1784 3185 υύεσπασια-

200 3224 295 3286 νὸς
338 3224 400 3275 tv
446 3222 676 3295 Ἰουδαίᾳ
728 3222 1042 3293 διατρίϐων,
1071 3222 1168 3293 (ὡς
1212 3222 1318 3292 γὰρ
1344 3221 1447 3292 ήδη
1477 3220 1780 3292 ἱστόρηται,

201 3313 358 3384 παρά
396 3314 652 3385 Νέρωνος
685 3312 754 3385 ἦν
782 3316 960 3367 ὲκείσε
1005 3312 1219 3376 σταλεὶς
1263 3312 1350 3366 διά
1372 3312 1470 3381 τὴν
1505 3310 1614 3364 τῶν
1649 3310 1784 3362 Ίιυ-

197 3406 373 3464 δαίων
402 3407 765 3473 ἀποστασίαν)
790 3405 869 3476 τῷ
915 3405 1014 3474 μὲν
1042 3404 1221 3474 Γάλϐᾳ
1250 3403 1658 3474 αὐταρχήσαντι
1692 3403 1784 3455 τὸν

199 3500 318 3558 υίδν
370 3498 583 3568 ἔπεμψε
634 3498 792 3553 Τῖτον
842 3495 1218 3568 προσεροῦντα
1270 3495 1434 3551 αὐτόν
1476 3511 1490 3524 ·
1551 3494 1784 3551 ἐπανελ-

200 3592 393 3653 θόντος
418 3591 477 3644 δὲ
505 3590 601 3644 τοῦ
621 3591 805 3655 Τίτου,
846 3590 971 3643 ἐπεὶ
1001 3590 1125 3643 καθ’
1154 3589 1273 3643 ὁδον
1305 3586 1651 3657 ἐμεμαθήκει
1685 3585 1783 3655 τὴν

200 3684 299 3740 τοῦ
334 3682 649 3737 Οὐϊτελλίου
675 3683 768 3737 καὶ
815 3681 910 3736 τοῦ
944 3681 1189 3743 Ὄθωνος
1218 3680 1613 3742 ἐπανάστασιν,
1648 3678 1783 3748 πρὶς

201 3776 513 3847 μοναρχίαν
542 3776 638 3833 καὶ
672 3773 839 3836 αὐτὸς
866 3773 1103 3844 ὡρμήθη
1156 3772 1297 3826 κατά
1340 3772 1433 3824 τὸν
1466 3772 1663 3824 Δίωνα.
1694 3770 1784 3830 Ὠς

200 3870 249 3922 δ’
280 3871 314 3922 ἀ
355 3869 617 3938 Ἰώσηπος
645 3870 703 3921 ἐν
737 3870 803 3938 τῇ
832 3868 930 3937 τῆς
961 3865 1221 3928 ἁλώσεως
1261 3863 1472 3934 ἱστορίᾳ
1505 3863 1695 3935 φησὶν,
1733 3863 1787 3916 cl

203 3959 326 4030 μετ’
356 3960 525 4013 αὐτοῦ
586 3959 945 4030 στρατιῶται,
1013 3957 1277 4029 μαθόντες
1311 3956 1443 4018 τοὺς
1484 3956 1584 4024 μὲν
1629 3955 1686 4006 ὲν
1714 3955 1780 4023 τῇ

200 4052 445 4124 Εὐρώπῃ
475 4050 727 4114 Γαλάτας
779 4049 1185 4111 στασιάσαντας
1239 4046 1453 4101 Γάλϐαν
1502 4047 1783 4117 προχειρί-

201 4143 405 4201 σασθαι
439 4143 837 4213 αὐτοκράτορα,
865 4144 991 4206 τοὺς
1016 4140 1062 4194 δ’
1094 4143 1151 4195 ἐν
1176 4139 1459 4211 Γερμανίᾳ
1490 4153 1783 4209 στρατευο-

204 4236 404 4307 μένους
457 4232 786 4288 ἀνθελέσθαι
842 4233 933 4287 τδν
978 4233 1306 4298 Οὑῖτέλλιον,
1360 4232 1485 4295 τοὺς
1517 4232 1563 4284 δ’
1610 4232 1668 4282 ὲν
1713 4232 1780 4300 τῇ

209 4327 406 4397 Ῥώμῃ
448 4324 897 4398 προχειρίσασθαι
921 4325 1159 4386 Ὄθωνα,
1190 4324 1283 4375 καὶ
1314 4323 1467 4377 αὐτοὶ
1501 4323 1601 4391 τὴν
1650 4308 1782 4392 μον-

1901 1035 2015 1075 sam
2055 1021 2304 1084 retinuit,
2336 1023 2668 1093 imaginibus
2702 1040 2893 1079 eorum
2926 1026 3059 1081 nihil
3094 1027 3180 1081 olI.
3205 1044 3374 1103 nsus:
3424 1040 3483 1085 et

1899 1125 2027 1181 quae
2051 1111 2333 1182 aliquibus
2359 1113 2559 1168 donata
2606 1115 2842 1180 fuerant,
2895 1116 3077 1172 omnia
3118 1126 3233 1174 rata
3264 1117 3476 1184 habuit,

1901 1217 2080 1272 neque
2113 1202 2369 1272 cuiquam
2426 1205 2726 1275 quidquam
2771 1206 3000 1277 eripuit.
3038 1206 3225 1278 Neque
3263 1224 3329 1264 ea
3356 1225 3481 1279 quae

1895 1310 1963 1349 ex
1993 1296 2502 1375 contributionibtts
2551 1297 2897 1353 debebantur
2932 1302 3134 1372 exegit,
3166 1318 3347 1372 neque
3375 1320 3474 1359 cu-

1891 1386 2148 1457 jusquam
2198 1389 2341 1442 bona
2385 1389 2730 1458 publicavit:
2780 1392 2972 1459 paucis
3012 1393 3280 1447 duntaxat
3303 1394 3479 1449 Otho-

1896 1476 2075 1532 niana:
2124 1477 2384 1532 factionis
2428 1479 2646 1543 occisis,
2684 1494 2863 1548 neque
2895 1488 3074 1535 tamen
3106 1495 3297 1535 eorum
3332 1482 3476 1537 bona

1896 1568 2145 1638 cognatis
2173 1570 2403 1639 eripuit.
2456 1571 2661 1628 Eorum
2712 1572 2842 1626 item
2888 1574 3157 1642 cognatis,
3197 1574 3291 1642 qui
3322 1574 3477 1642 prius

1894 1659 2063 1715 occisi
2118 1661 2358 1726 fuerant,
2408 1677 2474 1718 ea
2520 1665 2763 1719 restituit
2813 1664 3019 1725 omnia,
3056 1680 3177 1735 quae
3211 1666 3392 1722 adhuc
3418 1668 3476 1723 in

1898 1752 2122 1822 publico
2150 1755 2595 1823 reperiebantur.
2641 1755 2829 1824 Neque
2873 1746 3198 1812 testamenta
3222 1758 3478 1814 adversa-

1898 1843 2133 1906 riorum,
2185 1844 2280 1915 qui
2313 1845 2368 1899 in
2405 1846 2551 1901 bello
2580 1846 2922 1913 ceciderant,
2957 1849 3337 1917 reprehendit.
3372 1851 3477 1905 Ve-

1898 1936 2004 1993 tuit
2048 1952 2119 1993 ne
2163 1947 2450 1993 senatores
2494 1948 2549 1994 et
2584 1940 2803 2009 equites
2840 1940 2896 1993 in
2951 1955 3116 1995 arena
3146 1950 3471 2013 pugnarent,

1895 2037 1990 2083 aut
2019 2027 2073 2082 in
2091 2027 2376 2083 orchestra
2401 2042 2461 2084 se
2482 2029 2813 2098 spectandos
2839 2029 3187 2098 praeberent:
3216 2040 3383 2101 atque
3403 2032 3478 2087 ob

1893 2118 2012 2177 hec
2040 2119 2396 2179 laudabatur.
2427 2120 2693 2175 Nuntiato
2721 2130 2872 2175 motu
2898 2120 3149 2187 Judaico,
3184 2121 3240 2178 in
3276 2137 3478 2193 magno

1894 2219 2108 2265 terrore
2136 2210 2262 2273 fuit,
2295 2226 2420 2267 cum
2450 2211 2521 2266 ob
2551 2211 2654 2267 alia
2706 2212 2979 2282 prodigia,
3024 2222 3138 2269 tum
3167 2214 3314 2284 quod
3345 2216 3476 2272 luna

1888 2303 1980 2359 bis
2004 2303 2278 2359 defecisse
2325 2312 2526 2372 prteter
2569 2303 2794 2359 solitum
2830 2304 3148 2369 videbatur,
3191 2316 3249 2360 et
3278 2316 3477 2376 quarto

1890 2404 1947 2449 et
1978 2394 2219 2464 septimo
2250 2393 2342 2450 die
2367 2394 2681 2451 obscurata.
2741 2395 2917 2449 Simul
2971 2396 3136 2451 etiam
3184 2396 3294 2451 duo
3326 2399 3477 2453 soles

1889 2487 2016 2553 risi,
2053 2488 2194 2543 alter
2223 2487 2295 2543 ab
2323 2501 2548 2547 occasu,
2588 2487 2730 2542 alter
2775 2487 2846 2541 ab
2871 2488 3127 2543 oriente:
3183 2488 3276 2544 ille
3319 2488 3476 2545 inﬁr-

1891 2593 2014 2635 mus
2041 2589 2096 2634 et
2125 2579 2384 2650 pallidus,
2435 2577 2598 2649 575
2655 2578 2746 2635 hic
2778 2579 3063 2634 robustus.
3119 2578 3297 2634 Motus
3324 2580 3478 2637 iliius

1891 2668 2008 2725 haec
2053 2671 2197 2727 ratio
2243 2670 2367 2726 fuit.
2399 2670 2768 2741 Vespasianus
2798 2670 2853 2724 in
2886 2670 3072 2725 Judzea
3104 2671 3330 2741 degens.
3362 2688 3474 2742 quo

1889 2776 2018 2817 cum
2052 2776 2081 2815 a
2115 2761 2333 2819 Nerone
2355 2770 2584 2830 propter
2603 2759 2916 2816 Iudaeorum
2941 2761 3310 2818 defectionem
3339 2764 3473 2817 mis-

1891 2867 2013 2909 sum
2046 2850 2220 2907 fuisse
2259 2853 2372 2922 jam
2422 2851 2685 2914 diximus,
2739 2850 2909 2906 ﬁlium
2940 2851 3122 2908 Titum
3151 2853 3218 2908 ad
3248 2853 3473 2913 Galbam

1890 2942 2246 2999 salutandum
2275 2942 2446 2998 misit.
2475 2942 2602 2998 Tito
2635 2952 2823 2997 autem
2861 2959 3085 3000 reverso
3118 2946 3266 3000 (nam
3296 2948 3351 3001 in
3386 2947 3475 3002 via

1891 3034 2220 3090 seditionem
2270 3033 2506 3090 Othonis
2557 3044 2616 3090 et
2667 3035 2870 3090 Vitellii
2919 3035 3209 3106 didicerat)
3250 3047 3309 3093 et
3356 3039 3475 3108 ipse

1889 3126 1976 3196 (ut
2002 3128 2139 3183 Dion
2172 3127 2363 3196 refert)
2408 3143 2638 3197 regnum
2694 3127 2995 3183 affectavit.
3048 3127 3292 3199 Joseplto
3344 3146 3476 3186 vero

1886 3230 2114 3276 auctore
2156 3221 2214 3275 in
2260 3219 2477 3275 excidio
2503 3217 2753 3283 Iudaico.
2790 3220 2994 3275 milites
3041 3222 3165 3292 ejus
3187 3238 3312 3277 cum
3367 3239 3474 3277 au-

1890 3313 2126 3379 dissent,
2152 3328 2184 3368 a
2217 3311 2389 3371 Gallis
2428 3312 2715 3381 Europaeis
2743 3310 2972 3367 Galbam
3009 3328 3107 3383 per
3143 3315 3473 3371 seditionem

1891 3405 2283 3476 imperatorem
2310 3420 2433 3463 esse
2471 3413 2742 3469 creatum,
2778 3421 2806 3458 a
2862 3405 3203 3461 Germanicis
3247 3408 3477 3480 legioni-

1891 3496 1996 3554 bus
2035 3498 2345 3560 Vitellium,
2386 3514 2418 3553 a
2463 3500 2727 3554 Romanis
2762 3497 3079 3555 Othonem:
3116 3499 3216 3568 ipsi
3253 3516 3474 3570 quoque

1892 3603 1994 3644 suo
2019 3588 2146 3644 duci
2184 3589 2480 3659 imperium
2537 3591 2905 3645 decreverunt
2929 3632 2945 3655 ,
2990 3599 3154 3659 atque
3182 3590 3307 3644 aliis
3334 3591 3474 3649 alios

1891 3681 2322 3747 concitantibus,
2384 3682 2775 3751 Vespasianum
2834 3682 3218 3750 imperatorem
3268 3683 3475 3739 saluta-

1891 3783 2024 3829 runt
2049 3813 2066 3836 ,
2108 3772 2312 3829 hortati
2376 3782 2437 3827 ut
2464 3772 2796 3843 periclitanti
2847 3773 3166 3841 reipublicae
3202 3774 3471 3829 subveni-

1892 3876 2000 3922 ret.
2057 3865 2372 3936 Refraganti
2437 3865 2644 3920 tribuni
2701 3864 3022 3919 institerunt
3073 3873 3211 3922 :_et
3265 3867 3472 3922 milites

1891 3956 2100 4012 strictis
2140 3957 2369 4011 ensibus
2413 3956 2834 4010 circumstantes
2857 3995 2872 4014 .
2934 3963 3165 4009 mortem
3201 3968 3331 4011 sunt
3369 3957 3473 4009 mi-

1890 4048 2032 4106 nati.
2062 4048 2227 4103 Paret
2258 4046 2445 4116 igitur,
2477 4055 2534 4100 et
2563 4036 2798 4115 primum
2825 4044 2894 4099 ad
2922 4044 3141 4116 [Egypti
3176 4055 3467 4116 praztorem

1891 4140 2113 4204 scribit,
2145 4155 2255 4210 quo
2306 4139 2430 4197 loco
2460 4154 2550 4192 res
2582 4152 2693 4193 suae
2720 4137 2832 4191 sint
2861 4154 2875 4190 :
2912 4152 2944 4191 a
2974 4153 3084 4207 quo
3111 4138 3297 4192 statim
3327 4140 3474 4193 salu-

1894 4243 2040 4290 tatus
2069 4241 2153 4288 est
2199 4233 2519 4302 imperator.
2554 4231 2762 4287 Dcimle
2794 4229 3097 4285 Mutianutu
3127 4229 3299 4301 Syriae
3329 4245 3470 4301 prie,

1895 4334 2072 4379 torem
2100 4324 2155 4377 in
2194 4323 2403 4378 Italiam
2430 4333 2621 4378 contra
2651 4322 2928 4377 Viteltium
2963 4320 3150 4376 mittit.
3184 4318 3304 4388 Quo
3330 4330 3470 4374 tem-

199 4418 404 4489 αρχίαν
434 4415 510 4483 τῷ
562 4414 807 4482 σφετέρῳ
837 4411 1126 4485 στρατηγῷ
1160 4411 1517 4482 ἐψηφίσαντο,
1559 4411 1653 4463 καὶ
1679 4427 1782 4462 παι

1893 4430 2025 4484 pore
2070 4414 2371 4482 Jusephum
2423 4411 2733 4474 Hehrtcum,
2788 4428 2987 4482 quem,
3026 4411 3247 4468 virente
3288 4411 3471 4471 adhuc

198 4509 647 4583 ρακροτήσαντες
682 4509 967 4578 ἀλλήλους,
988 4507 1364 4579 ἀνηγόρευσαν
1400 4508 1490 4560 τὸν
1535 4508 1780 4560 0653m-

201 4603 394 4656 σιανδν
418 4603 816 4673 αὐτοκράτορα,
845 4600 941 4656 καὶ
974 4599 1169 4667 σώζειν
1218 4601 1315 4671 τὴν
1346 4599 1454 4652 τῶν
1491 4599 1782 4671 Ῥωμαίων

201 4694 511 4765 ἠγεμονίαν
548 4693 969 4749 κινδυνεύουσαν
1006 4692 1375 4764 παρεκάλουν.
1417 4692 1779 4763 ’Λρνουμένου

197 4784 244 4838 δ’
275 4785 515 4849 ἐκείνου,
535 4787 586 4839 οί
629 4787 726 4857 μὲν
750 4787 1017 4860 ἡγεμόνες
1048 4787 1419 4856 προσέκειντο,
1445 4787 1496 4838 οἱ
1529 4784 1587 4841 δὲ
1613 4801 1780 4854 στρα-

197 4880 402 4934 τιῶται
460 4878 852 4955 περιχυθέντες
918 4878 1165 4948 ξιφήρεις
1236 4877 1447 4932 ἀνελεῖν
1521 4877 1782 4947 ἠπείλουν

200 4973 395 5026 αὐτόν.
430 4970 690 5024 Πείθεται
719 4965 833 5034 οὖν,
873 4971 969 5022 καὶ
998 4971 1216 5040 πρῶτον
1242 4968 1320 5039 τῷ
1356 4967 1457 5039 τὴν
1487 4968 1661 5039 ἀρχὴν
1691 4969 1788 5039 τῆς

198 5062 489 5131 Αἰγύπτου
523 5061 762 5116 ίθόνοντι
796 5060 1101 5113 ἐπιστέλλει
1130 5060 1258 5130 περὶ
1310 5059 1418 5112 τῶν
1442 5063 1563 5115 κατ’
1599 5061 1784 5126 αὑτὸν,

193 5163 294 5214 καὶ
368 5153 430 5216 ὃς
480 5152 644 5217 εὐθὺς
717 5152 1094 5226 ἀνηγόρευσεν
1160 5150 1325 5207 αὐτὸν
1382 5151 1785 5223 αὐτοκράτορα.

195 5245 617 5307 οὐεσπασιανδς
645 5243 730 5307 at,
768 5243 929 5297 τοῦτο
965 5242 1173 5314 μαθὼν,
1201 5246 1301 5321 τίν-
1320 5244 1421 5314 μὲν
1457 5244 1555 5313 τῆς
1586 5245 1785 5315 Συρίας

1887 4506 2128 4570 Nerone,
2183 4506 2572 4575 imperatorem
2616 4521 2674 4559 se
2720 4505 2998 4574 appellare
3028 4518 3247 4568 ausum,
3287 4509 3467 4574 capti,

1889 4614 2019 4654 vum
2059 4598 2243 4653 adhuc
2272 4598 2328 4651 in
2358 4597 2598 4652 vinculis
2633 4597 2874 4659 tenebat,
2904 4597 2978 4652 ob
3020 4611 3142 4652 eam
3172 4595 3472 4653 divinatio-

1885 4707 2013 4748 nem
2058 4690 2196 4745 solvi
2245 4688 2430 4760 jussit.
2489 4687 2616 4742 Tito
2665 4703 2796 4743 vero
2838 4687 3114 4751 hortante,
3175 4698 3239 4742 ut
3265 4688 3318 4742 ei
3358 4702 3469 4743 una

1885 4801 2010 4840 cum
2038 4785 2186 4843 ferro
2211 4784 2377 4840 etiam
2415 4781 2711 4850 ignominia
2738 4782 3058 4836 demeretur
3079 4780 3247 4851 (quod
3277 4781 3462 4845 fiebat,

1884 4892 2009 4931 cum
2048 4875 2266 4931 vincula
2299 4890 2409 4928 non
2440 4874 2819 4936 solvebantur,
2854 4871 2952 4929 sed
2988 4871 3413 4927 dissecabautur
3446 4888 3459 4925 :

1887 4978 2053 5036 atque
2084 4965 2138 5020 in
2177 4980 2273 5020 eos
2307 4963 2699 5033 usurpabatur,
2732 4963 2827 5032 qui
2862 4977 2961 5031 per
2999 4962 3257 5031 injuriam
3294 4961 3462 5016 vincti

1886 5058 2118 5129 essent),
2150 5057 2492 5128 approbante
2528 5056 2880 5124 Vespasiano,
2912 5052 3136 5123 quidam
3158 5052 3339 5109 securi
3374 5065 3467 5106 ca.

1889 5160 2073 5207 tenam
2121 5147 2407 5204 dissecuit.
2458 5146 2729 5217 Josephus
2758 5146 2904 5203 enim
2945 5147 3030 5215 (ut
3078 5144 3195 5214 ipse
3232 5146 3462 5203 narrat),

1881 5257 2007 5295 cum
2048 5245 2102 5295 in
2134 5240 2308 5295 sacris
2338 5237 2562 5292 Litteris
2600 5236 2879 5290 oraculum
2906 5234 3226 5304 reperisset,
3256 5231 3371 5284 fore
3405 5237 3467 5281 ut

194 5338 512 5409 ἡγούμενον
572 5336 882 5391 Μουκιανὸν
944 5338 1024 5398 εις
1068 5335 1168 5404 τὴν
1232 5333 1467 5387 Ἰταλίαν
1551 5338 1644 5387 ἐπὶ
1692 5338 1783 5389 τὶν

1892 5333 2107 5402 1uidam
2128 5348 2192 5387 ex
2219 5331 2407 5388 Judata
2431 5329 2552 5384 orbi
2583 5338 2851 5384 terrarum
2884 5326 3211 5395 imperaret,
3246 5321 3299 5375 id
3329 5334 3456 5373 ora-

1364 5493 1565 5556 Varite
1612 5495 1918 5557 lectiones
1965 5500 2027 5556 et
2063 5504 2252 5555 note).

273 5627 359 5699 (6)
395 5626 522 5699 Δύω
550 5624 842 5699 μυριάδας
867 5619 1533 5699 μυριάδων-καί-χιᾼζας
1562 5637 1785 5699 πεντα-

1895 5621 2120 5682 pntahat
2175 5621 2295 5689 δισχ
2320 5620 2460 5684 λίπις,
2504 5628 2564 5674 ιιι
2615 5633 2678 5672 ea
2729 5630 2940 5672 summa
2967 5608 3254 5677 conﬂetur,
3296 5624 3463 5680 quam

196 5685 450 5764 m‘o‘l'ac.
491 5685 583 5751 Sic
615 5685 745 5751 mss.
817 5685 962 5764 Regf
981 5701 1038 5747 et
1093 5691 1247 5746 Golb.
1304 5685 1471 5747 Wolf.
1501 5685 1791 5762 tegendum
1892 5685 2128 5745 Tacitus
2160 5685 2333 5762 punit.

545 5800 811 5857 i‘A‘l‘nOL.
861 5797 974 5853 (in.
1025 5789 1361 5857 CXXXIV.

3068 5779 3140 5843 31
