3976 6204
555 237 696 298 1015

1829 237 2155 300 JOANNIS
2193 237 2519 300 ΖΟΝΛΙῌῖΔ

3580 242 3682 308 ltili

546 353 725 398 uiator
754 344 914 416 601
955 354 1011 401 et
1040 362 1240 417 praeco.
1268 349 1344 404 De
1367 348 1762 424 Hierosolymis
1788 363 1952 418 supra
1997 366 2116 403 nar-

2111 380 2123 390 .
2149 355 2202 414 Α
2229 349 2321 402 καὶ
2351 349 2560 418 ἡμέρας
2579 347 3067 418 τεσσαρεσκαίδεκα
3101 351 3506 420 μοναρχήσαντα.
3537 355 3681 425 fitﬁt»-

543 436 828 504 ravimus,
897 437 1046 493 illam
1114 441 1413 496 Ecclesiam
1485 451 1608 509 post
1676 443 2034 497 circumcisos
2086 457 2115 496 a

542 523 722 580 Marco
746 541 866 581 esse
890 528 1274 598 gubernatam,
1308 531 1447 585 urbe
1479 531 1547 585 ab
1603 532 1845 587 Adriano
1899 533 2116 587 instau-

539 625 678 680 rata,
711 625 768 671 et
796 633 826 671 a
857 618 1159 684 gentilibus
1189 619 1464 674 habitata.
1503 618 1564 673 Ei
1599 621 1868 675 successit
1896 619 2115 676 Cassia-

539 711 663 771 n'us,
698 707 827 761 huic
853 706 1100 772 Publius,
1131 707 1327 762 Publio
1350 708 1628 774 Julianus,
1656 709 1877 764 Juliano
1926 708 2114 773 Caius,

536 794 670 850 Caio
712 796 1072 868 Symmachus
1099 837 1114 862 ,
1168 795 1496 868 Symmacho
1543 800 1683 854 alter
1719 796 1923 865 Caius,
1981 799 2115 855 Caio

537 889 679 944 alter
706 889 955 944 Julianus
979 933 992 953 ,
1021 890 1242 944 Juliano
1285 890 1478 960 Capito
1504 931 1520 956 ,
1575 891 1831 963 Capitoni
1878 893 2078 947 Valens
2098 935 2114 958 ,

537 981 749 1035 Valenti
776 982 1131 1038 Dolichi‘anus
1168 1001 1180 1036 :
1218 995 1342 1054 post
1367 1001 1506 1055 quos
1536 1000 1727 1041 omnes
1767 985 2058 1041 Narcissus
2096 1028 2111 1051 ,

538 1071 853 1126 tricesimus
876 1073 944 1127 ab
973 1073 1238 1142 apostolis
1267 1074 1772 1146 Hierosolymorum
1818 1077 2116 1148 episcopus

534 1165 664 1222 fuit.
694 1165 920 1221 Decimo
958 1181 1104 1222 anno
1154 1166 1373 1236 imperii
1423 1168 1711 1222 Commodi
1764 1169 2066 1224 Eleuthero
2096 1208 2112 1235 ,

537 1253 770 1307 Romani
797 1255 1146 1324 episcopatus
1169 1270 1314 1309 anno
1347 1256 1562 1312 decimo
1594 1258 1780 1324 tertio,
1825 1258 2111 1324 defuncto,

534 1343 723 1398 Victor
751 1345 917 1399 coetui
978 1345 1223 1401 fidelium
1265 1347 1504 1418 praefuit.
1540 1349 1760 1404 Iuliano
1799 1361 1922 1419 post
1965 1349 2116 1406 deci-

533 1449 684 1488 mum
713 1424 923 1490 annum
949 1437 1302 1508 episcopatus
1350 1440 1706 1496 Alexandrini
1753 1450 2006 1503 mortuo.
2059 1441 2112 1496 id

533 1541 734 1580 munus
764 1527 1041 1583 Demetrio
1091 1537 1176 1584 est
1223 1532 1600 1591 commissum.
1637 1532 1698 1586 In
1768 1532 2112 1588 Autiochena

533 1617 776 1673 Ecclesia
800 1618 1029 1690 Serapio
1062 1619 1186 1691 po‘st
1245 1621 1600 1677 Maximinum
1661 1622 2110 1679 Christianorum

2219 439 2353 494 κὸτα
2377 441 2432 492 δέ
2460 441 2755 510 τριάκοντα
2782 441 3062 503 ἐνιαυτοὺς
3093 441 3176 510 ἐφ’
3215 443 3306 506 ἑνὶ,
3333 446 3414 497 καὶ
3441 449 3582 515 μῆνας
3597 451 3684 504 τέο.

2218 548 2410 602 σαρας,
2438 533 2516 594 εἰς
2546 531 2605 583 ὃν
2631 533 2664 603 ἡ
2696 527 2845 586 οίκῖα
2871 530 2977 586 τῶν
3013 533 3087 596 ὡς
3133 533 3338 603 ἀληθῶς
3361 537 3596 606 Αὐρηλίων
3616 541 3685 608 τῆς

2216 622 2520 693 αύταρχίας
2557 624 2809 693 Κομὸδου
2841 623 3130 688 Ἰουλιανὸς
3155 626 3251 697 τὴν
3277 628 3539 700 ἐπισκοπὴν
3559 633 3688 700 Ἀλεξ-

2216 713 2470 785 ανδρείας
2497 715 2864 784 ἐνεχειρίσθη,
2901 717 3258 789 Ἀγριππίνου
3285 719 3370 772 ἐπὶ
3412 720 3581 775 δώδεκα
3621 723 3688 794 ἐτη

2216 807 2420 875 ταύτην
2458 808 2943 879 οῖκονομήσαντος,
2966 810 3059 862 καὶ
3090 811 3434 880 μεταστάντος
3462 813 3550 866 τῶν
3583 817 3688 886 τῇδε.

2217 898 2352 953 Τότε
2367 900 2460 952 καὶ
2483 901 2713 973 Κλήμης
2735 903 2762 954 6
2786 902 3142 974 Στρωματεὺς
3166 904 3480 974 ἐγνωρίζετο,
3499 910 3574 959 καὶ
3592 911 3692 960 Παν-

2215 993 2398 1055 ταῖνος
2422 994 2449 1046 ὁ
2472 992 2762 1062 φιλόσοφος
2795 996 3136 1066 σπουδαστής
3156 1013 3213 1050 τε
3235 998 3326 1050 καὶ
3342 998 3495 1066 κῆρυξ
3515 999 3587 1051 τοῦ
3606 1000 3689 1052 καθ’

2216 1084 2364 1153 ἡμᾶς
2384 1084 2704 1154 μυστηρίου.
2726 1083 3014 1156 Ἀνωτέρω
3043 1087 3100 1140 δέ
3127 1087 3223 1157 τῆς
3245 1087 3583 1157 Ἱεροσολύμων
3605 1087 3693 1140 Ἐκ·

2216 1172 2484 1244 κλησίαςό
2509 1175 2933 1247 λόγοςίστόρησε
2973 1177 3017 1230 Μ
3028 1177 3192 1247 ἅρκον
3229 1177 3358 1247 μετὰ
3383 1178 3495 1240 τοὺς
3520 1179 3570 1228 ἐκ
3590 1194 3692 1247 περι·

2215 1266 2388 1334 τομῆς
2404 1266 2821 1337 καθηγήσασθαι
2850 1272 2948 1340 τῆς
2966 1270 3171 1330 Mileto;
3190 1269 3334 1339 παρὰ
3351 1268 3436 1320 τοῦ
3453 1269 3694 1336 automata

2220 1373 2310 1427 ρος
2338 1356 2851 1427 ἀνοικοδομηθείσης
2873 1357 3156 1429 Ἀδριανοῦ
3192 1357 3575 1424 συνοικισθείσης
3593 1374 3635 1409 τε
3654 1357 3693 1424 ἐξ

2215 1447 2405 1502 ἐθνῶν.
2418 1450 2515 1502 ’³ον
2530 1451 2840 1512 Κασσιανδς
2855 1450 2883 1504 δ
2891 1451 3148 1517 ιεδέξατο.
3169 1451 3263 1504 καὶ
3292 1449 3465 1502 τοῦτον
3480 1449 3692 1510 Πούπλιος,

2217 1535 2312 1589 καὶ
2337 1536 2608 1590 Πούπλιον
2630 1537 2945 1601 Ἰουλιανὸς,
2964 1539 3220 1590 κάκεῖνον
3285 1536 3454 1599 Γαῖος,
3488 1537 3566 1588 καὶ
3585 1536 3694 1588 Γαῖαν

2217 1627 2535 1698 Σύμμαχος.
2575 1627 2636 1681 ’0
2669 1627 2714 1682 δ’
2777 1627 2866 1697 ἐφ’
2923 1628 3099 1699 ἑτέρῳ
3159 1629 3301 1696 Γαῖῳ
3346 1625 3597 1697 μετήλλαξε
3629 1626 3695 1692 τὴν

530 1717 720 1778 pastor
751 1710 886 1777 fuit,
919 1722 1147 1768 octavus
1199 1714 1268 1770 ab
1322 1716 1588 1786 apostolis
1633 1715 1903 1786 pontifex.
1957 1715 2100 1772 Tunc

2141 1740 2190 1800 Β
2218 1719 2386 1791 ζωήν.
2417 1717 2534 1773 Εἶθ’
2559 1720 2749 1791 ἔτερος
2777 1719 3069 1784 Ἰουλιανὸς
3138 1718 3234 1790 τὴν
3286 1719 3557 1786 ἐπισκοπὴν
3584 1717 3696 1769 διεδέ-

531 1799 855 1870 Apollonius
920 1803 1290 1876 Philosophus
1331 1807 1533 1880 inclyta
1591 1806 1860 1863 doctrinae
1922 1806 2108 1872 fama,

533 1903 756 1951 senatus
785 1897 1014 1953 Romani
1048 1898 1268 1955 decreto
1292 1899 1709 1968 condemnatus,
1741 1916 1841 1972 per
1907 1909 2110 1972 marty-

535 1986 676 2040 rium
707 1987 762 2041 in
797 1998 1003 2045 aterna
1041 1992 1393 2048 tabernacula
1439 1991 1712 2062 migravit.

2216 1811 2367 1879 ξατο,
2392 1813 2486 1867 καὶ
2515 1811 2709 1868 τούτου
2738 1813 2982 1884 διάδοχος
3015 1813 3275 1866 Καπίτων
3302 1810 3590 1877 ἐγένετοκαὶ
3605 1809 3698 1861 θίιὰ-

2215 1901 2315 1974 λης
2346 1905 2692 1970 Καπίτωνος,
2721 1905 3019 1968 Οὐάλεντος
3049 1904 3109 1958 δέ
3130 1903 3222 1957 καὶ
3243 1900 3536 1970 Δολιχιανδς,
3555 1899 3625 1952 καὶ
3641 1900 3700 1951 ἐπὶ

2217 1997 2352 2050 πᾶσι
2386 1996 2701 2068 Νάρκισσος
2751 1997 3078 2069 τριακοστὸς
3126 1995 3407 2057 ἐπίσκοπος
3455 1993 3544 2047 τῶν
3588 1989 3700 2059 Ἰερο-

533 2076 788 2166 σολύμων
809 2080 916 2132 ἀπὸ
942 2081 1050 2134 τῶν
1071 2082 1390 2166 ἀποστολων
1417 2083 1652 2151 ἐγένετο.
1689 2082 1909 2154 Δεκάτῳ
1965 2082 2010 2137 δ’
2076 2083 2185 2140 ἔτει
2224 2087 2320 2158 τῆς
2345 2088 2592 2158 Κομόδου
2637 2089 2812 2160 ἀρχῆς
2867 2089 3190 2160 Ἐλεύθερος
3247 2089 3274 2141 6
3331 2085 3430 2138 τῶν
3494 2082 3701 2152 Ῥωμαίων

571 2168 882 2238 Εκκλησίας
921 2161 1303 2244 ἐπισκοπήσας
1334 2175 1423 2227 ἐπ’
1461 2174 1555 2246 ἐτη
1605 2173 1962 2244 τρισκαίδεκα
2009 2176 2120 2230 τῶν
2157 2179 2283 2250 τῇδε
2345 2181 2605 2251 μετέστη,
2638 2181 2736 2234 καὶ
2803 2181 3020 2250 Βίκτωρ
3037 2180 3150 2233 τῶν
3174 2182 3287 2234 ἐκεῖ
3310 2180 3519 2252 προέστη
3542 2171 3700 2226 πισιῶνν

535 2259 649 2312 Καὶ
674 2258 968 2315 Ἰουλιανοῦ
1001 2263 1092 2316 ἐπὶ
1120 2265 1351 2318 δέκατον
1409 2265 1526 2326 ἔτος
1571 2264 1671 2335 τὴν
1714 2265 2117 2336 Ἀλεξανδρέων
2159 2269 2491 2340 Ἐκκλησίαν
2551 2272 2850 2339 ίθύναντος,
2903 2274 2998 2326 καὶ
3019 2272 3269 2344 τὸχρεὼν
3285 2271 3700 2346 λειτουργήσαντος,

533 2351 848 2421 Δημήτριος
877 2354 939 2406 τὸ
964 2353 1272 2422 ἐπισκοπῆς
1327 2355 1666 2426 ἐνεχειρίσθη
1719 2353 2116 2425 λειτούργημα.
2157 2357 2246 2412 Ἐν
2315 2360 2371 2414 δὲ
2410 2354 2506 2432 τῇ
2558 2361 2882 2432 ’Δντιοχέων
2944 2361 3246 2432 Ἐκκλησία
3302 2358 3431 2429 μετὰ
3482 2357 3702 2425 Μαξιμίνον

533 2441 828 2512 Σαραπίων
866 2443 1196 2497 ἐπεσκόπτει
1231 2446 1360 2508 τοὺς
1400 2445 1833 2516 χριστωνύμους,
1889 2447 2073 2516 ὄγδοος
2102 2447 2393 2522 ἀρχιερεὺς
2464 2452 2572 2507 ἀπὸ
2627 2455 2735 2508 τῶν
2777 2455 3094 2508 ἀποστόλων
3149 2454 3446 2522 γενόμενος.
3496 2450 3601 2501 Τότε
3640 2443 3703 2497 καὶ

547 2531 941 2605 Ἀπωλλώνιος,
980 2539 1121 2611 ἀνὴρ
1175 2539 1270 2593 ἐπὶ
1301 2540 1519 2612 παιδείᾳ
1559 2541 1653 2595 καὶ
1690 2541 1979 2614 φιλοσοφίᾳ
2032 2543 2382 2617 βεϐοημένος,
2453 2552 2776 2620 μαρτυρικῷ
2866 2550 3010 2605 τέλει
3074 2553 3134 2604 ἐν
3195 2547 3375 2620 Ῥώμῃ
3417 2545 3605 2616 δόγματι
3639 2542 3703 2612 τῆς

535 2638 842 2708 συγκλήτου
871 2635 1008 2706 πρὸς
1037 2637 1138 2699 τὰς
1161 2637 1416 2701 αἰωνίους
1445 2639 1682 2709 μετέστη
1713 2638 1942 2710 σκηνάς.

607 2733 693 2787 Vl.
728 2731 1084 2796 Commodus,
1118 2731 1351 2800 imperio
1406 2731 1474 2785 ad
1517 2731 1668 2785 hunc
1718 2731 1943 2786 modum
1989 2747 2118 2802 per-

2300 2734 2392 2804 (7.
2435 2737 2494 2789 Ὀ
2527 2735 2626 2807 μὲν
2651 2735 2742 2790 οὖν
2763 2735 3006 2806 Κόμοδος
3037 2734 3108 2790 τὰ
3132 2735 3233 2804 τῆς
3257 2734 3420 2805 ἀρχῆς
3447 2727 3700 2797 διαφθείρας.

535 2825 674 2890 (lito,
709 2832 769 2880 ut
798 2824 1107 2894 expositum
1142 2831 1248 2887 est,
1278 2822 1396 2896 ipse
1426 2837 1646 2893 quoque
1675 2823 1860 2893 periit.
1893 2823 2105 2880 Electus

2224 2829 2299 2892 ὡς
2364 2829 2601 2899 εἴρηται,
2653 2830 2876 2881 κάκεῖνο
2933 2827 3248 2898 διέφθαρτο.
3313 2826 3371 2878 Ol
3418 2825 3468 2877 δὲ
3508 2821 3608 2890 περὶ
3641 2820 3699 2870 xiv

535 2933 668 2973 vero
696 2926 753 2971 et
781 2917 963 2972 Laetus
996 2914 1062 2969 ad
1089 2914 1433 2970 Pertinacem
1454 2954 1469 2979 ,
1519 2917 1592 2969 ob
1621 2916 1881 2970 virtutem
1938 2924 1994 2970 et
2023 2915 2112 2969 di-

536 3009 796 3078 gnitatem
824 3007 951 3070 viri,
974 3007 1345 3076 principatum
1378 3006 1699 3062 detulerunt
1725 3025 1737 3062 :
1771 3008 1888 3078 qui,
1919 3009 2111 3078 explo-

2227 2922 2524 2974 Ἐκλεκτον
2555 2921 2651 2975 καὶ
2683 2920 2773 2973 τὸν
2804 2921 3002 2974 Λαῖτον
3071 2919 3164 2990 τὸν
3219 2916 3509 2987 Περτίνακσ.
3539 2914 3599 2976 είς
3635 2910 3701 2979 τὴν

2221 3014 2527 3085 αύταρχίαν
2556 3012 2642 3066 διὰ
2670 3011 2768 3083 τὴν
2791 3012 2993 3084 ἀρετὴν
3032 3012 3129 3065 καὶ
3168 3011 3230 3063 τὸ
3259 3009 3460 3078 ἀξίωμα
3485 3002 3613 3058 αὑτοῦ
3635 3004 3700 3053 ἑτ-

537 3109 654 3153 mta
692 3097 976 3154 Commodi
1005 3108 1202 3164 morte,
1235 3107 1491 3169 suscepto
1531 3100 1761 3169 imperio
1822 3101 1875 3154 in
1935 3111 2107 3155 castra

2147 3096 2187 3112 ν
2227 3107 2498 3171 ελέξαντο.
2519 3105 2578 3160 Ὀ
2595 3107 2672 3171 δέ,
2700 3106 2782 3159 ὅτι
2804 3105 3034 3176 τέθνηκε
3061 3103 3306 3173 Κὸμοδος
3333 3096 3698 3171 ἀκριϐωσόμενος.

535 3189 734 3254 venit,
790 3191 1140 3259 militumque
1201 3189 1388 3245 favore
1428 3199 1484 3244 et
1531 3191 1664 3245 Lteti
1718 3193 2010 3262 praesentia
2063 3201 2120 3247 et

539 3281 756 3350 magnis
821 3280 1314 3351 pollicitationibus
1365 3279 1661 3335 conciliato
1691 3321 1707 3346 ,
1759 3283 1969 3337 curiam
2033 3283 2120 3338 in-

541 3387 783 3441 gressus,
817 3388 870 3426 se
905 3389 937 3426 a
992 3371 1286 3443 legionibus
1339 3373 1674 3443 appellatum
1726 3390 1834 3427 esse
1887 3374 2120 3444 impera-

543 3475 744 3530 torem,
784 3467 876 3518 τεά
927 3473 1146 3532 prapter
1199 3473 1412 3519 (etatem
1477 3475 1522 3518 et
1587 3465 2004 3520 imbecillitatem
2069 3475 2122 3520 et

542 3574 722 3613 rerum
751 3557 1112 3628 difﬁcultatem
1131 3559 1313 3612 cedere
1335 3561 1586 3629 imperio,
1619 3558 1777 3614 dixit.
1807 3558 1943 3614 Cum
1987 3575 2121 3615 vero

544 3669 581 3712 a
609 3659 801 3706 senatu
843 3665 1062 3721 quoque
1114 3650 1432 3706 laudaretur
1480 3661 1535 3706 et
1601 3652 1935 3720 probaretur
1961 3691 1976 3716 ,
2015 3653 2122 3705 im-

548 3752 771 3812 perator
830 3742 1142 3798 declaratus
1188 3751 1318 3798 est:
1373 3743 1710 3798 Commodus
1754 3759 1888 3798 vero
1950 3743 2124 3799 hostis

544 3835 846 3906 judicatus,
879 3844 935 3890 et
968 3851 998 3890 a
1034 3844 1226 3890 senatu
1259 3835 1568 3906 populoque
1609 3835 1960 3891 contumeliis
1989 3835 2124 3890 affe-

548 3937 671 3984 ctus
695 3936 799 3983 est.
833 3928 909 3983 Ac
941 3928 1176 3982 revulsis
1199 3928 1320 3996 ejus
1351 3927 1546 3982 statuis
1571 3970 1584 3992 ,
1621 3928 1676 3982 in
1727 3927 1912 3981 animo
1944 3927 2123 3983 habe-

547 4022 680 4077 bant
709 4021 943 4078 eadaver
971 4021 1136 4076 etiam
1182 4037 1282 4091 per
1325 4021 1478 4076 vicos
1527 4029 1745 4090 raptare
1795 4040 1808 4076 :
1847 4020 1944 4076 sed
1995 4036 2122 4075 cum

547 4115 604 4170 id
659 4115 920 4170 Pertinax
978 4115 1089 4188 jam
1143 4113 1418 4183 sepultum
1477 4127 1600 4167 esse
1647 4111 1908 4176 dixisset,
1955 4126 2020 4166 ea
2067 4126 2123 4166 re

547 4209 772 4275 omissa,
808 4206 1172 4262 Commodum
1222 4205 1489 4262 nefarium
1523 4245 1538 4271 ,
1594 4213 1890 4277 tyrannum
1914 4247 1928 4271 ,
1969 4205 2124 4258 auri-

546 4319 667 4374 gam
697 4340 713 4366 ,
767 4301 1168 4372 gladiatorem,
1201 4306 1258 4354 et
1319 4298 1572 4368 pluribus
1619 4296 1740 4352 aliis
1806 4295 2125 4350 nominibus

2224 3193 2448 3258 ἐδέξατο
2484 3193 2582 3263 τὴν
2617 3193 2816 3265 ἀρχὴν,
2872 3194 2964 3246 καὶ
3004 3193 3256 3263 εἰσῆλθεν
3293 3193 3368 3253 είς
3403 3190 3455 3242 τὸ
3484 3185 3702 3255 στρατόπε-

2223 3285 2334 3348 δον,
2365 3285 2460 3336 καὶ
2490 3287 2555 3354 τῇ
2585 3301 2643 3336 τε
2677 3282 2950 3355 παρουσία
2972 3284 3068 3337 τοῦ
3101 3283 3297 3337 Λαίτου
3329 3280 3417 3335 καὶ
3440 3277 3593 3348 ἁδραῖς
3615 3274 3701 3326 ὓπο-

2229 3376 2445 3446 σχέσεσι
2474 3378 2599 3436 τοὺς
2632 3373 2972 3445 στρατιώτας
3028 3378 3473 3447 προσεποιήσατο.
3515 3365 3615 3422 Εἶτα
3649 3365 3700 3424 είς

2223 3469 2284 3520 τὸ
2309 3468 2585 3538 συνέδριον
2612 3467 2967 3537 ἀφικόμενος,
2990 3463 3148 3519 εἶπεν
3178 3467 3259 3520 ὅτι
3293 3464 3602 3531 Ὦνόμασμαι
3623 3451 3699 3508 ὑπὸ

2224 3558 2333 3626 τῆς
2358 3559 2640 3627 στρατιᾶς
2666 3559 3069 3627 αὐτοκράτωρ,
3113 3559 3417 3626 ἐξίσταμαι
3437 3554 3496 3607 δὲ
3525 3549 3609 3617 τῆς
3633 3546 3695 3611 ἀρ·

2226 3651 2344 3721 χῆς
2381 3651 2479 3705 διά
2512 3668 2576 3704 τε
2612 3649 2728 3718 τὴν
2752 3652 2999 3718 ἠλικίαν
3027 3650 3126 3704 καί
3162 3649 3496 3719 ἁρῤωστίαν,
3526 3641 3598 3696 καί
3625 3635 3698 3702 τὴν

2225 3744 2339 3798 τῶν
2375 3741 2734 3812 πραγμάτων
2761 3741 3150 3812 δυσχέρειαν.
3190 3741 3279 3803 Ὧς
3302 3741 3355 3792 δὲ
3391 3738 3473 3790 καὶ
3499 3732 3614 3800 παρὰ
3635 3728 3698 3794 τῆς

2229 3835 2425 3906 βουλῆς
2456 3835 2552 3888 καὶ
2579 3835 2833 3905 ἐπῃνεῖτο
2869 3835 2963 3886 καὶ
2987 3835 3196 3903 ᾑρεῖτο,
3229 3832 3257 3883 6
3309 3830 3401 3901 μὲν
3433 3820 3695 3906 αὐτοκράτωρ

2227 3905 2547 3994 ἀπεδείχθη,
2578 3926 2606 3976 6
2643 3923 2700 3975 δὲ
2732 3922 2976 3990 Κόμοδος
3009 3921 3288 3992 ἐψηφίσθη
3314 3917 3553 3984 πολέμιος.
3583 3905 3695 3970 Καὶή

2231 4017 2393 4088 βουλὴ
2407 4018 2504 4068 καὶ
2521 4019 2548 4068 δ’
2565 4015 2735 4086 δῆμος
2762 4015 2843 4077 εἰς
2869 4015 3078 4065 ἐκεῖνον
3107 4011 3399 4082 ἐξύϐριζον,
3429 3997 3690 4088 unum

2227 4086 2325 4176 νας
2353 4107 2517 4164 αὐτοῦ
2547 4109 2859 4163 κατέσπων.
2897 4107 3128 4160 Ἤθελον
3177 4106 3232 4160 δέ
3259 4105 3347 4157 καὶ
3369 4103 3423 4154 τδ
3444 4098 3570 4166 σῶμα
3586 4086 3696 4146 αὖτοῧ

2227 4205 2482 4274 διασῦραι
2513 4202 2607 4256 καὶ
2627 4200 2946 4254 διασπάσαι·
2978 4199 3227 4260 εἰπόντος
3249 4196 3303 4249 δὲ
3321 4193 3406 4248 τοῦ
3434 4187 3695 4260 Περτίνακος.

2231 4297 2332 4368 ἤδη
2393 4298 2461 4367 τῇ
2510 4297 2580 4365 γῇ
2634 4291 2945 4364 κεκρύφθαι
2995 4292 3150 4357 αὐτὸ,
3205 4288 3294 4343 τοῦ
3346 4286 3434 4356 μὲν
3461 4281 3697 4368 ἀπέσχοντο.

545 4363 912 4461 appellarunt.
947 4363 1208 4443 Pertinax
1247 4363 1377 4443 Afer
1401 4404 1466 4442 ex
1496 4386 1634 4442 Alba
1667 4387 1925 4458 Pompeia
1953 4428 1968 4450 ,
2026 4402 2115 4454 pa-

2149 4363 2508 4457 Βαλιτήρίον
2556 4363 2615 4441 δὲ
2668 4363 2766 4439 καὶ
2823 4385 3092 4456 τύραννον
3140 4381 3434 4436 ἀπεκάλουν
3466 4371 3608 4430 αὐτὸν,
3636 4363 3696 4414 καὶ

549 4493 631 4537 tre
659 4481 802 4536 haud
870 4479 1085 4544 nobili,
1138 4488 1340 4546 natus,
1395 4480 1652 4535 tribunus
1692 4480 1938 4548 equitum
1982 4478 2121 4542 fuit,

549 4574 700 4627 aditu
732 4573 928 4638 facilis,
959 4572 1108 4626 haud
1149 4573 1411 4644 gravatim
1443 4571 1720 4636 audiebat,
1795 4581 1851 4626 et
1895 4587 2094 4640 respon

547 4664 714 4718 debat
757 4680 876 4733 qua
927 4663 1278 4718 videbantur.
1324 4664 1542 4718 Potitus
1600 4663 1872 4733 imperio,
1927 4673 2125 4734 praeter

549 4757 688 4810 alios
719 4755 905 4810 titulos
958 4756 1120 4810 etiam
1176 4757 1434 4825 princeps
1477 4765 1704 4811 senatus
1747 4755 1920 4810 veteri
1970 4771 2124 4810 more

551 4849 731 4904 dictus
759 4857 864 4904 est.
899 4849 1074 4904 Prava
1099 4848 1371 4914 instituta,
1401 4865 1497 4904 sua
1528 4865 1663 4904 cura
1695 4859 1750 4904 et
1774 4848 2122 4919 providentia

550 4941 714 5012 602
771 4941 1051 5005 correxit,
1111 4949 1276 5010 atque
1327 4941 1382 5000 in
1439 4943 1638 4998 melius
1685 4943 1972 4998 mutavit:
2027 4959 2126 5014 per

551 5035 810 5104 iniuriam
865 5049 1036 5088 caesos
1090 5035 1388 5107 ignominia
1447 5035 1671 5090 exemit.
1731 5035 1867 5089 Cum
1940 5047 2124 5088 autem

551 5126 801 5198 pecunia:
831 5136 978 5182 tanta
1011 5126 1196 5196 inopia
1227 5127 1281 5181 in
1319 5125 1518 5197 palatio
1549 5136 1738 5190 esset,
1781 5136 1842 5181 ut
1889 5127 1943 5182 in
1995 5127 2128 5182 fisco

553 5238 664 5277 non
704 5223 941 5292 amplius
973 5238 1068 5277 ccc
1096 5222 1262 5278 millia
1285 5221 1674 5275 drachmarum
1703 5221 2087 5280 invenirentur
2111 5239 2125 5275 :

551 5330 693 5387 aegre
728 5329 792 5368 ex
818 5314 1031 5378 statuis,
1064 5314 1250 5379 armis,
1304 5313 1608 5368 domestico
1656 5312 2021 5368 instrumento
2074 5323 2129 5368 et

554 5396 766 5461 deliciis
795 5406 1078 5461 Commodi
1111 5415 1320 5459 tantum
1351 5405 1553 5474 coegit,
1590 5414 1650 5458 nt
1683 5404 1839 5458 militi
1888 5405 2130 5459 solveret

552 5514 672 5566 qua:
728 5499 1093 5568 promiserat,
1148 5506 1204 5552 et
1255 5497 1458 5567 populo
1520 5505 1783 5550 centenas
1839 5495 2131 5551 drachmas

552 5589 930 5646 distribueret.
983 5591 1058 5646 Ea
1108 5589 1254 5644 enim
1308 5589 1491 5643 omnia
1543 5587 1746 5656 quibus
1798 5588 2130 5643 Commodus

553 5683 620 5734 ad
647 5681 894 5750 delicias,
929 5683 1360 5753 compositiones
1415 5679 1816 5750 gladiatorum,
1868 5689 1922 5735 et
1984 5683 2127 5736 auri-

2233 4480 2648 4553 ἁρματηλάτην.
2697 4478 2790 4530 καὶ
2845 4475 3176 4546 μονομάχον,
3239 4472 3330 4525 καὶ
3383 4465 3528 4521 πλείω
3569 4461 3695 4553 ἔτερα.

2232 4544 2497 4637 Λιίδουςδ
2520 4544 2636 4642 ἦνὸ
2657 4544 2924 4638 Περτίναξ
2953 4566 3012 4632 ἐξ
3035 4565 3238 4634 ’Ἄλϐης
3263 4559 3531 4631 Πομπεΐας.

2231 4672 2331 4722 οὐκ
2377 4635 2652 4734 εύγενοῦς.
2710 4635 2766 4717 ἐν
2811 4665 2924 4724 τοῖς
2973 4660 3196 4714 ἱππεῦσι
3264 4653 3587 4728 χιλιαρχήσας·
3623 4635 3694 4734 Ἦν

2231 4760 2276 4814 δ’
2325 4726 2755 4830 εὐπροσήγορος,
2799 4754 2966 4827 ἧκουέ
3032 4771 3091 4808 τε
3145 4726 3371 4819 ἑτοίμως
3422 4743 3502 4797 καὶ
3529 4726 3694 4832 calle.“

2232 4869 2360 4906 νατο
2387 4829 2488 4904 ὅσα
2520 4853 2568 4903 οί
2605 4849 2802 4902 ἐδόκει.
2840 4846 2997 4902 Οὕτω
3033 4846 3130 4916 μὲν
3154 4846 3183 4896 6
3212 4837 3460 4910 Περτίναξ
3477 4833 3556 4901 τῆς
3575 4829 3692 4916 ἀρχῆξ

2233 4933 2548 5000 ἐπελάϐετο.
2607 4945 2717 4997 Καὶ
2766 4941 2902 5012 πρὸς
2964 4910 3080 5002 ταῖς
3124 4937 3307 4998 ἄλλαις
3342 4928 3606 4996 ἐπικλήσεσι
3632 4910 3692 4965 και

2234 5038 2525 5110 πρόκριτος
2559 5037 2660 5106 τῆς
2713 5033 3002 5105 γερουσίας
3032 5033 3173 5086 κατᾶ
3211 5029 3269 5082 τδ
3312 5023 3510 5110 ἀρχαῖον

2238 5091 2442 5201 μασθη.
2470 5091 2763 5194 ’ὗσαᾬούν
2782 5091 3023 5176 ’διέκειτο
3051 5091 3390 5190 πλημμελῶς
3539 5091 3693 5203 ibi“

2235 5197 2373 5288 σμον
2406 5197 2806 5288 μετεσκεύαστο
2838 5212 3119 5282 οἰκονομίᾳ
3145 5212 3236 5263 καὶ
3261 5201 3464 5276 προνοίᾳ
3485 5197 3561 5247 τοῦ
3579 5197 3688 5288 ait“:

2233 5310 2518 5380 κράτορος,
2551 5310 2642 5361 καὶ
2677 5309 2710 5378 ἡ
2747 5306 2942 5375 ἀτιμία
3001 5302 3110 5356 τῶν
3144 5301 3334 5357 ἀδίκως
3371 5276 3692 5380 meost-attle

2234 5368 2560 5473 tltieqntetp’
2611 5368 2801 5454 αὐτοῦ.
2845 5368 3094 5466 Ϋοσαύτη
3157 5393 3213 5447 δὲ
3271 5385 3531 5460 χρημάτων

2238 5457 2467 5549 καταιτδ
2493 5457 2764 5563 βασίλειον
2793 5487 2881 5561 ἦν,
2913 5490 2986 5552 ὡς
3012 5457 3170 5542 πέντε
3205 5457 3300 5538 καί
3323 5480 3473 5531 είκοσι
3499 5457 3688 5563 μυριαδαξ

2235 5541 2592 5655 μὲνῖἐ
2855 5541 3041 5650 μόνας.
3078 5577 3242 5639 Μόλις
3270 5574 3309 5626 δ’
3333 5571 3414 5623 οὖν
3449 5569 3472 5619 ὁ
3499 5541 3688 5655 lle-p15va

2239 5677 2672 5750 ἐξᾶνδριάντων,
2701 5677 2792 5731 καὶ
2822 5673 3023 5740 ὅπλων,
3083 5660 3177 5724 καὶ
3219 5663 3452 5723 ἐπίπλων,
3497 5650 3567 5705 καί
3611 5648 3680 5693 των
