3976 6204
462 273 593 338 itm
1721 262 2054 325 JOANNIS
2092 261 2418 323 zonam:
3529 273 3636 344 ιω,

456 393 676 464 δρορον.
711 383 834 444 εἶτα
875 385 1094 450 ἐϐάδιζε
1116 385 1294 454 λέγων
1330 383 1426 438 καὶ
1459 381 1678 437 ἀκούων
1697 381 1768 434 τὰ
1802 385 1869 451 τῇ
1906 382 2048 454 ἀρχῇ
2087 383 2396 453 πρόσφορα,
2438 382 2532 435 καὶ
2583 379 2754 445 οὕτως
2797 380 3046 447 ἐδ’καζεν
3076 382 3180 446 ἕως
3209 381 3305 452 τῆς
3337 390 3625 460 μεσημερίας

452 487 504 536 εί
537 487 611 556 μή
638 501 725 546 τις
761 479 974 551 μεγάλη
1013 475 1082 548 ἢν
1123 477 1308 548 ἑορτὴ,
1349 478 1443 530 καὶ
1487 478 1600 538 τοῖς
1679 475 2062 538 συνδικάζουσι
2104 477 2420 547 παρρησίαν
2471 474 2666 528 ἐδίδου·
2720 477 2815 529 καὶ
2845 477 2937 528 ἐπὶ
2988 477 3196 540 τούτοις
3241 479 3468 544 ἵππευεν,
3531 481 3642 552 εἶτ’,’

455 577 694 640 ἐλούετο,
747 573 948 644 ἠρίστα
970 587 1029 622 τε
1062 571 1157 622 καὶ
1198 567 1480 628 ἐκάθευδε,
1528 567 1624 618 καὶ
1668 566 1908 628 ἀναστὰς
1959 567 2233 636 τὰζλοιπὰ
2258 567 2640 637 προσεδιῴκει,
2709 570 2806 620 καὶ
2855 569 3038 636 λόγοις
3065 570 3259 638 ὡμίλει
3286 572 3340 623 ἐν
3394 580 3632 648 περιπάτῳ

454 671 710 729 Λατίνοις
760 683 820 718 τε
880 664 975 717 καὶ
1031 660 1389 728 Ἑλληνικοῖς,
1452 658 1544 709 καὶ
1594 655 1733 725 πρὸς
1780 657 2025 726 ἑσπέραν
2061 656 2298 722 ἐλούετο,
2358 653 2512 719 αὖθις
2551 658 2645 709 καὶ
2703 656 2963 720 ἐδείπνει,
2993 659 3086 711 καὶ
3125 660 3182 710 ἐν
3201 662 3319 722 ταῖς
3353 663 3478 716 πάνυ
3507 669 3644 736 am-

455 764 640 824 παεαις
665 758 900 830 ἡμέραις
930 756 1000 808 τὰ.
1040 751 1311 821 πολυτελῆ
1356 751 1550 802 δεῖπνα
1582 749 1921 820 συνεκρότει.

527 854 773 912 ΧΙ.Μοια
790 850 894 904 sub
907 851 1026 919 ejus
1040 845 1273 915 imperio
1288 843 1672 913 persecutione
1693 855 1883 896 contra
1901 843 2041 912 pios,

2221 835 2324 890 lA'.
2373 836 2497 889 Ἐπὶ
2518 834 2710 888 τούτου
2739 835 2874 904 (57),
2923 834 3167 906 διωγμοῦ
3222 837 3504 907 κινηθέντος
3540 847 3650 899 κατά

457 949 616 1006 multi
681 944 899 999 fortiter
935 939 1092 993 obito
1135 935 1436 992 certamine
1490 934 1738 1004 martyrii
1771 949 2033 986 coronam

2148 929 2254 982 τῶν
2286 926 2552 989 εὐσεϐῶν,
2606 925 2796 978 πολλοὶ
2853 924 2956 994 μὲν
2997 926 3320 995 ἠνδρίσαντο
3365 929 3450 980 καὶ
3486 947 3650 998 μιρτυ.

460 1046 804 1095 meruerunt.
849 1033 988 1086 Tum
1021 1031 1189 1086 etiam
1228 1027 1524 1090 Leonides,
1558 1027 1813 1095 Origenis
1852 1038 2033 1095 pater,

2148 1021 2268 1091 ρίου
2299 1019 2603 1085 στεφάνους
2663 1018 2891 1086 ἤραντο.
2949 1016 3083 1069 Τότε
3136 1016 3192 1068 δέ
3235 1015 3328 1068 καὶ
3376 1019 3653 1089 Λεωνίδηςδ

458 1142 651 1201 captus
691 1138 746 1181 et
796 1135 916 1196 post
961 1125 1068 1178 alia
1114 1121 1392 1192 supplicia
1434 1121 1820 1184 obtruncatus,
1861 1119 2032 1173 illinunt

2148 1111 2330 1180 πατὴρ
2371 1111 2684 1179 Ὢριγένους
2716 1107 3076 1178 κατασχεθεὶς
3122 1112 3218 1160 καὶ
3260 1108 3343 1174 ἐφ’
3380 1109 3563 1179 ἑτέραις
3592 1131 3653 1165 τι.

463 1200 758 1280 admodum
791 1233 1019 1289 parvum
1059 1215 1288 1285 reliquit
1319 1232 1334 1267 :
1368 1214 1462 1282 qui
1499 1228 1637 1281 puer
1678 1213 1857 1265 adhuc
1890 1227 2036 1264 mar-

2148 1205 2384 1275 μωρίαις
2414 1204 2566 1264 τέλος
2601 1200 2701 1272 τὴν
2739 1201 2981 1271 κεφαλὴν
3009 1202 3326 1270 ἐκτμηθείς,
3366 1202 3475 1254 νέον
3501 1206 3652 1275 κομιδῇ

463 1315 588 1385 tyrii
620 1311 854 1380 cupidus
909 1308 1080 1360 fuisse
1116 1305 1465 1374 perhibetur.
1503 1301 1676 1356 Mater
1705 1302 1871 1371 igitur
1909 1315 2036 1354 eum

2148 1296 2474 1350 καταλείπει
2500 1293 2594 1346 τὸν
2631 1293 2818 1356 παῖδα,
2852 1291 2910 1354 ὃς
2959 1293 3041 1345 ἐτι
3087 1297 3218 1353 παῖς
3260 1292 3334 1344 ὢν
3371 1293 3524 1363 ὀργᾷν
3551 1296 3654 1363 πρὸς

461 1384 590 1460 eum
634 1401 822 1456 verbis
841 1401 1042 1452 frustra
1067 1413 1094 1449 a
1125 1395 1393 1449 sententia
1420 1394 1695 1448 deducere
1720 1402 2033 1457 conaretur,

2148 1387 2206 1440 τδ
2248 1386 2552 1458 μαρτύριον
2589 1386 2829 1454 λέγεται.
2849 1385 2913 1438 Ἥ
2951 1384 3010 1438 δέ
3045 1402 3109 1452 γε
3141 1386 3322 1454 μητὴρ
3349 1386 3495 1440 αὑτοῦ
3519 1388 3654 1454 λόγοις

459 1494 706 1551 vestibus
734 1490 995 1545 omnibus
1036 1487 1350 1550 occultatis,
1382 1486 1571 1540 eﬂ'ccit
1620 1494 1680 1538 ut
1711 1485 1793 1538 vel
1829 1484 2038 1538 invitus

461 1594 713 1642 maneret
762 1583 936 1636 domi.
989 1580 1125 1636 Cum
1180 1590 1363 1634 autem
1417 1579 1606 1646 egredi
1673 1593 1779 1631 non
1828 1585 2035 1646 posset,

461 1690 671 1750 patrem
715 1691 815 1746 per
855 1675 1069 1727 litteras
1107 1671 1172 1725 ad
1209 1671 1531 1742 martyrium
1567 1679 1651 1724 est
1693 1669 2035 1730 cohortatus,

463 1775 607 1828 inter
633 1781 824 1824 ctelera
859 1767 948 1823 his
977 1766 1142 1821 etiam
1181 1763 1371 1817 verbis
1400 1761 1592 1832 p0sitis
1620 1780 1631 1813 :
1674 1760 2034 1823 Perseverate,

463 1880 630 1933 neque
659 1862 824 1915 nostri
859 1875 1023 1912 causa
1070 1857 1300 1910 mutaris
1333 1856 1676 1908 sententiam.
1707 1853 1768 1906 ln
1801 1852 2036 1922 pueritia

459 1970 741 2011 sacrarum
799 1953 1133 2007 Litterarum
1190 1947 1436 2002 studium
1486 1947 1658 2014 patris
1701 1945 1855 2014 jussu
1912 1958 2036 1998 cum

460 2045 787 2101 liberalibus
841 2041 1150 2110 disciplinis
1201 2037 1488 2108 conjunxit
1535 2054 1550 2090 :
1615 2051 1795 2105 neque
1850 2035 2038 2088 divina

462 2137 684 2192 oracula
719 2136 899 2190 obiter
930 2133 1080 2201 legit,
1110 2132 1205 2186 sed
1244 2130 1309 2184 ad
1354 2128 1694 2182 reconditam
1727 2127 2036 2182 doctrinam

2161 1481 2430 1550 πρότερον
2451 1480 2716 1548 ἐπειρᾶτο
2745 1478 2838 1530 τὸν
2881 1478 2996 1530 υιδν
3045 1479 3280 1544 ἀπάγειν
3321 1479 3411 1547 τῆς
3457 1482 3656 1549 ἐγχειρή-

2148 1589 2309 1635 σεως.
2350 1573 2438 1634 Ὠς
2471 1573 2516 1624 δ’
2543 1572 2642 1624 οὐκ
2676 1571 2889 1636 ἔπειθε,
2943 1572 3044 1641 τὴν
3095 1571 3302 1640 ἐσθῆτα
3349 1573 3513 1625 πᾶσαν
3540 1575 3656 1641 ἀφεί-

2142 1667 2268 1718 λετο
2298 1666 2394 1717 καὶ
2423 1663 2600 1727 οὕτως
2632 1665 2773 1718 οἴκοι
2809 1665 2994 1733 μένειν
3027 1664 3126 1716 καὶ
3157 1663 3359 1715 ἄκοντα
3391 1665 3655 1733 παρεσκεύ-

2148 1773 2303 1808 ασεν.
2348 1755 2407 1807 Ὀ
2438 1754 2495 1807 δὲ
2523 1755 2782 1825 ἀπρόῖτος
2823 1755 2900 1807 ὢν
2946 1753 3255 1806 ἐπιστέλλει
3285 1752 3360 1821 τῷ
3399 1756 3549 1824 πατρὶ
3587 1772 3658 1807 κα-

2146 1847 2474 1918 θειργμένῳ,
2505 1847 2822 1915 ὑπαλείφων
2867 1847 3077 1898 ἐκεῖνον
3128 1846 3265 1914 προς
3296 1847 3355 1897 τὴ
3396 1846 3656 1915 μαρτύριον,

2148 1940 2289 2007 πρδς
2334 1942 2447 2000 τοῖς
2476 1938 2662 2000 ἄλλοις
2715 1939 2812 1990 καὶ
2859 1937 3035 1989 ταῦτα
3073 1938 3315 2006 γράψας,
3351 1938 3562 2003 Ἐπεχε,
3592 1940 3655 2006 μὴ

2143 2029 2219 2084 δι’
2258 2027 2417 2098 ἡμᾶς
2463 2027 2623 2083 ἄλλο
2649 2046 2704 2081 τι
2756 2027 3096 2096 φρονήσῃς.
3144 2029 3276 2089 Παῖς
3327 2030 3368 2081 δ’
3396 2030 3468 2082 ἔτι
3499 2032 3657 2098 τυγχά-

2145 2137 2254 2174 νων
2290 2120 2388 2173 καὶ
2439 2119 2541 2190 τὴν
2581 2119 2875 2187 ἐγκύκλιον
2927 2118 3131 2189 μετιὼν
3177 2121 3419 2172 παιδείαν
3462 2122 3659 2185 καὶτοῖς

464 2239 753 2298 penetrare
787 2225 1021 2288 studuit,
1053 2224 1195 2294 patri
1229 2221 1614 2290 frequentibus
1643 2220 2039 2290 interrogatio-

2148 2211 2316 2276 θείαις
2368 2213 2618 2284 Γραφαίς
2668 2211 3025 2279 ἐνησχόλητο,
3078 2209 3244 2264 τοῦτό
3297 2213 3346 2264 οἱ
3370 2212 3456 2263 τοῦ
3494 2213 3657 2280 πατρίς

463 2320 631 2374 nibus
661 2319 944 2374 molestus.
975 2319 1078 2384 Qui
1117 2332 1241 2370 cum
1273 2316 1393 2385 ejus
1439 2313 1820 2367 curiositatem
1854 2313 2040 2366 verbis

2148 2303 2554 2365 ἐπιτάσσοντος.
2598 2301 2658 2354 '0
2685 2301 2742 2354 δὲ
2772 2301 2872 2370 οὐχ
2921 2300 2996 2363 ὡς
3035 2304 3168 2364 παῖς
3216 2304 3326 2365 τοῖς
3376 2303 3533 2370 λόγοις
3573 2307 3658 2366 τοῖς

463 2412 804 2482 objurgaret,
844 2425 1037 2466 revera
1080 2408 1364 2479 ingenium
1405 2405 1755 2460 mirabatur:
1789 2412 1846 2459 et
1882 2403 2036 2473 pueri

465 2504 793 2559 dormientis
852 2512 1050 2574 pectus
1115 2501 1405 2562 nudatum,
1459 2508 1521 2553 ut
1571 2497 1744 2552 sancti
1801 2496 2042 2566 Spiritus

463 2595 879 2656 habitationem,
927 2609 1070 2663 saepe
1103 2590 1555 2654 deosculabatur,
1605 2587 1824 2657 sibique
1873 2588 2038 2640 talem

464 2685 637 2740 illium
685 2684 1087 2755 gratulabatur.
1145 2683 1274 2736 Post
1315 2679 1638 2751 martyrium
1670 2680 1840 2748 patris
1876 2679 2036 2750 611

461 2775 648 2847 luepia
679 2777 954 2840 laborans,
987 2793 1016 2829 a
1053 2774 1364 2829 clarissima
1412 2782 1468 2828 et
1501 2773 1772 2842 locuplete
1807 2772 2042 2840 quadam

461 2868 834 2925 Alexandrina
864 2878 1113 2922 matrona
1147 2876 1442 2936 susceptus
1466 2876 1574 2928 est,
1602 2881 1723 2936 quae
1749 2863 2044 2919 Antioche-

461 2975 593 3015 num
631 2960 862 3014 Paulum
895 2975 961 3013 cx
993 2959 1268 3013 lucreticis
1306 2956 1698 3012 Alexandrinis
1733 2973 1906 3011 unum
1936 2957 2042 3010 sibi

462 3048 754 3118 adoptarat
781 3065 795 3102 :
827 3048 894 3102 ad
926 3061 1090 3118 quem
1119 3061 1242 3100 cum
1267 3044 1338 3099 ob
1370 3046 1702 3113 eloquentiae
1727 3043 2043 3112 opinionem

463 3141 520 3196 in
565 3141 682 3195 dies
731 3139 890 3195 turba
932 3137 1258 3198 conﬂueret,
1305 3135 1576 3204 Origenes
1617 3131 1932 3186 necessario
1968 3129 2046 3185 illi

463 3230 752 3295 familiaris
767 3242 1048 3299 nunquam
1078 3228 1167 3282 vel
1191 3225 1434 3296 precanti
1468 3227 1815 3279 consensisse
1849 3222 2044 3289 lertur,

467 3323 787 3394 perversam
821 3319 1063 3375 hominis
1110 3318 1426 3388 opinionem
1456 3315 1828 3370 abominatus.
1859 3317 2048 3368 Annos

467 3427 602 3471 ινιιι
631 3420 812 3473 natus,
852 3409 1210 3464 instituendis
1233 3407 1566 3463 Christianae
1606 3405 1887 3475 religionis
1911 3405 2046 3459 tiro-

2146 2397 2312 2466 ἱεροῖς
2337 2396 2396 2460 ἐξ
2419 2395 2685 2464 ἐπιπολῆς
2709 2394 3092 2464 ἐνετύγχανεν,
3125 2395 3264 2448 ἀλλὰ
3295 2397 3384 2448 καὶ
3412 2395 3658 2466 βαθυτέρας

2142 2489 2351 2558 ἥπτετο
2382 2489 2640 2559 Θεωρίας,
2681 2489 2776 2542 καὶ
2813 2487 3036 2557 ἐρωτῶν
3077 2487 3322 2556 συνεχῶς
3359 2489 3444 2539 τὸν
3467 2489 3652 2552 πάτερε,

2149 2580 2454 2650 πράγματα
2494 2581 2761 2650 παρεῖχεν
2815 2578 2990 2648 αὐτῷ.
3048 2578 3286 2640 Ἐκεῖνος
3324 2577 3378 2630 δέ
3422 2577 3546 2645 λόγῳ
3583 2580 3658 2644 μὲν

2148 2671 2459 2740 ἐπέπληττε
2506 2672 2600 2724 τὸν
2663 2670 2833 2724 παῖδα
2891 2671 2987 2738 τῆς
3043 2668 3568 2740 πολυπραγμοσύνης,
3605 2671 3652 2737 τῇ

2145 2762 2188 2815 δ’
2255 2762 2488 2833 ἀληθεία
2530 2762 2630 2834 τὴν
2695 2761 2862 2816 αὑτοῦ
2912 2761 3157 2814 διάνοιαν
3203 2761 3550 2830 ἐξεπλήττετοο
3587 2761 3658 2813 καὶ

2149 2855 2406 2908 ὕπνοῦντι
2449 2854 2527 2924 τῷ
2559 2855 2657 2924 υίῷ
2705 2854 3091 2924 ἐφιστάμενος,
3142 2853 3375 2924 ἐγύμνου
3402 2855 3464 2906 τὰ
3506 2853 3658 2921 στέρνα

2149 2947 2414 3010 πολλάκις
2496 2947 2715 3011 τούτου,
2799 2949 2894 3000 καὶ
2969 2947 3354 3016 κατησπάζετο
3419 2947 3489 3010 ὡς
3548 2944 3656 2996 θείου

2149 3043 2468 3112 Πνεύματος
2525 3043 2839 3110 οἰκητήρια,
2891 3041 2983 3094 καὶ
3027 3042 3130 3110 τῆς
3208 3039 3478 3100 εὐτεκνίας
3510 3037 3656 3090 ἐαυτὸν

2148 3133 2480 3204 ἐμακάριζε.
2511 3131 2619 3185 Τοῦ
2672 3131 2730 3184 δὲ
2795 3131 3002 3202 πατρὸς
3064 3130 3234 3185 αὑτοῦ
3297 3129 3552 3202 μαρτυρίᾳ»
3590 3145 3657 3180 τε·

2147 3227 2472 3290 λειωθέντος
2520 3226 2780 3290 ἐσπάνιζε
2813 3216 2952 3279 ’τῶν
2995 3226 3315 3293 ἀναγκαίων
3339 3228 3366 3278 ὁ
3407 3222 3652 3293 Ὠριγὲνης.

2149 3319 2526 3391 Προσληφθιὶς
2557 3319 2614 3372 δὲ
2643 3320 2798 3390 παρά
2825 3336 2969 3384 τινος
2992 3321 3260 3384 γυναικὸς
3320 3317 3424 3370 τῶν
3454 3319 3657 3382 ἐπιφοιτ-

2155 3413 2370 3465 στάτων
2392 3414 2452 3464 ἐν
2491 3408 2892 3481 ’Δλεξανδρείῃ
2988 3410 3083 3463 καὶ
3109 3411 3337 3472 πλοῦτος
3361 3405 3426 3479 ἦν
3459 3404 3654 3474 δαψιλής.

463 3505 630 3560 nibus
647 3505 902 3575 ρι’-ιι·ῐυίιί
919 3517 975 3557 et
995 3511 1288 3574 martyres,
1309 3515 1432 3554 cum
1446 3498 1512 3553 ad
1541 3507 1772 3553 mortem
1791 3512 2043 3568 raperen-

2150 3505 2245 3558 καί
2278 3521 2363 3568 τις
2402 3504 2544 3573 ἀνὴρ
2596 3504 2909 3572 Ἀντιοχεὺς
2952 3506 3032 3567 είς
3068 3503 3230 3556 θετοῦ
3253 3503 3403 3569 τάξιν
3422 3503 3540 3570 αὐτῇ
3571 3501 3655 3550 εισι

466 3605 580 3663 tur,
601 3597 874 3651 comitans
895 3605 1060 3665 atque
1086 3593 1154 3649 ad
1171 3604 1452 3648 certamen
1487 3585 1703 3646 fortiter
1724 3590 2041 3645 obeundum

465 3688 790 3753 cohortaris,
826 3688 1117 3742 earnilices
1148 3685 1350 3754 saepius
1397 3692 1592 3738 contra
1630 3697 1691 3737 se
1736 3683 2046 3738 concitatos

465 3780 650 3835 divina
685 3795 788 3850 ope
819 3778 1030 3849 eﬁ'ugit.
1062 3777 1254 3847 Neque
1295 3792 1428 3831 vero
1473 3775 1729 3830 doctrina
1779 3775 2048 3830 duntaxat

467 3873 754 3937 excelluit,
786 3872 880 3927 sed
916 3879 973 3926 et
1002 3870 1169 3925 vitam
1209 3868 1537 3940 philosopho
1580 3867 1800 3936 dignam
1838 3866 2047 3921 doctri-

467 3975 660 4029 meque
740 3970 1162 4014 eonsentaneam
1228 3959 1359 4028 egit.
1441 3957 1629 4026 Neque
1687 3956 1835 4010 enim
1909 3956 2048 4013 duas

468 4052 728 4106 habuisse
779 4052 1014 4113 tunicas.
1066 4066 1250 4120 neque
1299 4049 1506 4103 calceis
1564 4048 1825 4118 pluribus
1879 4048 2041 4104 annis

469 4157 603 4197 usus
635 4158 780 4204 esse,
812 4152 868 4197 et
907 4143 1036 4196 vino
1085 4142 1442 4202 abstinuisse,
1482 4155 1663 4210 neque
1698 4141 1884 4194 cibum
1935 4140 2043 4195 nisi

469 4234 839 4289 necessarium
863 4237 1075 4304 cepisse
1103 4233 1300 4288 fertur.
1327 4235 1426 4298 Ac,
1454 4241 1514 4286 ut
1545 4241 1733 4285 narrat
1753 4232 2044 4299 Eusebius,

470 4327 739 4381 camitatis
769 4341 956 4380 amore
983 4327 1253 4396 genitales
1280 4325 1383 4379 sibi
1418 4334 1605 4394 partes
1634 4325 1751 4394 ipse
1775 4326 2046 4394 prmcidit.

471 4417 675 4472 Verum
711 4419 802 4473 alii
842 4435 951 4474 non
983 4419 1242 4488 praecisas
1273 4417 1414 4482 illas,
1452 4417 1547 4472 sed
1581 4416 1832 4470 adhibita
1868 4417 2045 4472 herba

472 4511 547 4564 ita
577 4513 910 4566 enmrcuisse
936 4512 1143 4574 ferunt,
1185 4519 1242 4564 nt
1277 4520 1509 4564 mortuae
1539 4523 1662 4563 esse
1695 4509 2044 4564 viderentur.

441 4601 773 4674 .Zcphirino
826 4601 1108 4672 pontifice,
1149 4603 1376 4655 [leniam
1428 4601 1713 4671 profectus
1751 4611 1856 4656 est.
1915 4601 2048 4655 Inde

472 4693 859 4747 Alexandriam
896 4709 1172 4757 reversus,
1207 4692 1478 4747 llebraico
1509 4707 1768 4747 sermone
1797 4693 2044 4762 cognito,

471 4784 676 4852 scripta
721 4783 1072 4838 chmorum
1118 4785 1440 4838 enarravit:
1485 4799 1661 4854 eaque
1694 4785 1894 4838 litteris
1939 4784 2047 4838 lle-

2152 3594 2443 3665 πεποίητο,
2500 3594 2709 3657 Παῦλος
2743 3595 2804 3648 τὸ
2833 3595 3026 3664 δνομα,
3061 3591 3146 3659 εἷς
3176 3613 3262 3660 τις
3291 3599 3394 3650 τῶν
3432 3600 3484 3650 ἐν
3517 3599 3656 3665 Ἀλεξο

2152 3677 2379 3758 ανδρείᾳ
2439 3688 2806 3757 αἱρεσιωτῶν,
2837 3687 2926 3756 ἐφ’
2965 3687 3026 3740 ὃν
3057 3687 3297 3759 πλήθους
3325 3689 3440 3744 καθ’
3469 3691 3655 3759 ἑκάστην

2148 3778 2538 3850 ἀθροιζομένου
2568 3779 2767 3849 (ἐδόκει
2788 3780 2898 3848 γὰρ
2927 3777 3113 3844 ἱκανὸς
3144 3781 3203 3832 ἐν
3225 3780 3399 3850 λόγοις
3419 3781 3436 3853 )
3460 3781 3510 3844 ἐξ
3529 3781 3655 3845 ἀνάγ-

2149 3890 2252 3942 κης
2282 3872 2456 3924 συνὼν
2481 3869 2628 3942 αύτῴ
2649 3857 2699 3924 δ’
2728 3874 3032 3942 Ὤριγένης,
3067 3875 3194 3928 οὐδέ
3231 3892 3358 3929 ποτε
3403 3876 3531 3943 αὐτῷ
3562 3891 3650 3926 ουν⁴

2153 3964 2340 4019 ίστατο
2375 3965 2521 4017 κατὰ
2571 3964 2669 4035 τὴν
2697 3965 2884 4036 εὐχὴν,
2917 3966 2992 4028 ὡς
3029 3967 3330 4038 ἱστόρηται,
3362 3967 3656 4038 βδελυττόμε-

2149 4073 2238 4119 νος
2293 4057 2385 4110 τὸν
2435 4056 2610 4127 ἄνδρα
2643 4055 2717 4119 ὡς
2763 4057 2840 4128 μὴ
2871 4057 3182 4127 ὁροόδοξον.
3229 4057 3591 4114 Ὀκτωκαίδεκα
3621 4055 3655 4107 δ’

2149 4148 2290 4200 ἐτῶν
2338 4147 2604 4216 γεγονὼς,
2653 4147 2751 4200 τοῦ
2793 4150 2854 4199 ἐν
2911 4149 3296 4220 Ἀλεξανδρείᾳ
3347 4143 3653 4217 κατηχητιιιοῦ

2150 4241 2391 4312 προέστη
2446 4240 2848 4305 διδασκαλείου,
2913 4243 3012 4294 καὶ⁴
3072 4243 3202 4305 τοὺς
3254 4242 3370 4294 τότε
3417 4237 3654 4296 ἀθλοῦντας

2148 4331 2433 4401 ἐπώτρυνε
2483 4331 2620 4402 πρὸς
2646 4332 2746 4401 τὴν
2782 4331 3034 4400 ἄθλησιν,
3069 4335 3167 4386 καὶ
3219 4332 3432 4387 ἀπιοῦσι
3456 4330 3537 4399 τὴν
3584 4329 3652 4377 ἐπὶ

2150 4422 2380 4476 θάνατον
2415 4425 2779 4492 παρωμάρτει
2809 4423 2906 4475 καὶ
2935 4423 3328 4496 ἐπεθάρῤυνεν,
3359 4422 3428 4484 ὡς
3453 4420 3533 4473 καὶ
3555 4414 3652 4468 πολ·

2149 4513 2307 4576 λάκις
2335 4514 2486 4582 αὐτῷ
2519 4515 2645 4574 τοὺς
2678 4511 2908 4580 δημίους
2943 4515 3302 4584 ἐπιμανῆναι,
3331 4512 3416 4574 οὓς
3459 4513 3513 4562 ἐκ
3539 4505 3651 4562 θείας

2150 4604 2374 4674 ἀρωγῆς
2397 4603 2789 4673 διεδίδρασκεν.
2826 4604 2900 4658 Οὐ
2933 4605 3075 4676 λόγῳ
3107 4606 3166 4657 δι
3196 4606 3338 4675 μόνῳ
3367 4602 3518 4673 μέγας
3545 4597 3594 4668 ἦν
3627 4593 3649 4644 δ

2149 4696 2310 4766 ἀνὴρ,
2347 4696 2482 4748 ἀλλὰ
2513 4696 2606 4746 καὶ
2638 4695 2753 4764 βίον
2783 4696 2969 4750 διεϐίω
3003 4698 3313 4765 φιλόσοφον,
3344 4697 3427 4747 καὶ
3447 4695 3513 4760 τῷ
3542 4690 3650 4754 λόγῳ

2156 4789 2482 4858 συνᾴδοντα.
2520 4787 2659 4840 Οὔτε
2683 4789 2792 4859 γὰρ
2827 4789 3084 4858 δεύτερον
3119 4791 3262 4860 ἔχειν
3300 4787 3481 4859 χιτῶνα
3547 4780 3650 4832 istd-

475 4874 680 4928 braicis
707 4884 949 4935 exarata,
983 4875 1258 4945 adjunctis
1288 4876 1864 4946 interpretationibus,
1894 4875 2043 4929 vide-

2157 4897 2341 4951 ρηται,
2370 4879 2485 4932 οὗθ’
2516 4879 2834 4933 ὑποδεῖσθαι
2863 4883 2990 4944 τοὺς
3034 4881 3201 4943 πόδας
3245 4880 3330 4933 ἐπ’
3354 4880 3481 4930 ἔτεσι
3513 4871 3649 4924 πλείο-

475 4965 606 5020 licct
663 4966 1026 5036 Septuaginta
1092 4967 1352 5031 duorum,
1410 4967 1643 5036 Aquilaa,
1697 4966 2051 5038 Symmachi,

475 5054 894 5122 Theodotionis,
957 5068 1014 5112 et
1061 5057 1298 5112 duorum
1361 5059 1600 5113 aliorum
1665 5059 2053 5127 interpretum,

2149 4975 2255 5036 σὶν,
2311 4971 2428 5024 οὔτ’
2485 4973 2616 5041 οἴνῳ
2648 4971 2976 5042 κεχρῆσθαι,
3021 4971 3146 5025 οὔτε
3179 4971 3380 5042 τροφὴν
3413 4965 3540 5037 παρά
3580 4960 3649 5026 τὴν

2149 5063 2464 5128 ἀναγκαίαν
2522 5061 2873 5131 προσίεσθαι.
2919 5060 3006 5124 Ὠς
3048 5060 3106 5112 δέ
3135 5062 3163 5112 ὁ
3196 5058 3441 5117 Εὐσέϐιος
3490 5043 3648 5116 ιστορεῖ

475 5166 710 5220 quorum
769 5153 989 5206 nomina
1053 5154 1402 5223 ignorantur,
1460 5162 1868 5208 commentana
1927 5170 2043 5223 quae

2149 5157 2232 5209 ὅτι
2266 5157 2433 5225 ἔρωτι
2470 5156 2852 5224 σωφροσύνης,
2895 5156 2987 5205 καὶ
3038 5152 3281 5222 ἀπέκοψε
3313 5151 3376 5202 τὰ
3410 5141 3647 5208 παιδογόνε

481 5241 750 5313 Hexapla,
802 5245 960 5314 quasi
1003 5244 1342 5315 Seatuplicia
1393 5247 1567 5310 dicas,
1621 5246 1947 5301 elaboravit.
1995 5247 2043 5300 Ir.

2153 5250 2318 5318 μόρια
2386 5246 2551 5306 αὐτὸς
2615 5246 2840 5298 έαυτοῧ’
2897 5243 3048 5298 ἄλλοι
3073 5246 3130 5298 δέ
3158 5259 3286 5313 φασι
3343 5241 3411 5310 μὴ
3447 5231 3646 5318 ἐκτεμεῖν

478 5334 708 5392 Psalmis
740 5351 874 5390 vero
921 5339 1091 5393 etiam
1127 5341 1378 5408 septima:
1428 5339 1899 5409 interpretationis
1943 5353 2057 5393 ine-

476 5427 658 5496 minit,
688 5429 1048 5488 Hierichunte
1087 5442 1342 5502 repertas.
1374 5432 1586 5503 Aquila:
1618 5447 1775 5497 vero,
1807 5432 2055 5503 Synnnao

2145 5317 2310 5393 αὐτὸν
2353 5342 2552 5403 ταῦτα,
2609 5341 2745 5390 πόαν
2775 5338 2832 5391 δέ
2861 5354 2983 5390 τινα
3013 5337 3225 5397 τούτοις
3260 5329 3559 5398 ἐπενεγκεῖν.
3598 5317 3643 5380 ἐξ

2147 5429 2217 5504 ἦς
2259 5430 2615 5501 ναρκωθῆναι
2675 5431 2849 5484 ταῦτα
2905 5431 3104 5500 συνέϐη
3157 5426 3422 5492 τοσοῦτον,
3465 5421 3528 5482 ὡς
3572 5416 3642 5466 καί

1670 5594 1878 5655 Vario:
1925 5593 2229 5656 lectiones
2272 5604 2334 5657 et
2374 5600 2562 5654 notas.

556 5710 817 5780 (57)‘E:zl
845 5714 1084 5783 τούτου,
1121 5724 1228 5770 etc.
1271 5715 1350 5769 Ex
1383 5715 1620 5771 Eusebio
1669 5716 1764 5771 lib.
1806 5733 1854 5770 γι
1909 5718 2042 5772 Ilist.

2148 5719 2208 5771 cl.
2241 5733 2359 5787 cap.
2402 5718 2453 5780 t,
2484 5717 2535 5782 9.,
2564 5715 2618 5779 5,
2651 5714 2707 5780 4,
2741 5722 2852 5768 etc.
