3938 6208
444 330 580 395 1049

1627 336 2026 398 ANNALIUM
2069 334 2220 398 LIB.
2256 322 2401 398 xu.

3534 296 3677 399 lose

437 446 725 511 αγόιισνυς.
761 452 942 496 tum
967 443 1022 496 δὲ
1046 443 1113 498 τά
1130 444 1238 498 τῶν
1259 445 1519 515 ὑπηκόων
1536 446 2012 517 σφετεριζόμενος,

2125 457 2285 511 esset.
2312 444 2691 518 culpantilms.
2750 445 3021 500 Africanae
3072 445 3318 514 legiones
3364 458 3480 504 tum
3510 463 3571 502 ea
3612 446 3681 501 de

439 538 533 586 καὶ
566 534 1042 604 χρηματιζόμενος
1083 537 1369 600 πάντοθεν,
1413 538 1533 591 οὐδὲ
1583 538 1690 590 τῶν
1723 540 1883 606 ίερὼν
1913 539 2017 590 ἀπ·

439 627 652 694 ἐσκετο.
678 628 1024 695 Αίτιωμένων
1052 625 1145 679 οὖν
1173 626 1503 697 ξυμπάντων
1534 629 1661 689 τοὺς
1679 629 2017 699 στρατιώτας

438 714 566 775 τοὺς
605 716 768 767 αὑτὸν
806 713 1256 783 βασιλεύσαντας,
1289 717 1338 768 οί
1374 717 1432 769 ὲν
1488 716 1667 787 Λιϐύῃ
1717 717 2015 787 στρατευό-

445 822 621 874 μενοι,
660 805 833 857 ταῦτα
879 804 1165 875 μαθόντες,
1196 808 1330 874 πρὸς
1384 807 1727 861 ἀποστασίαν
1773 807 2013 871 άπεῖδον,

447 896 541 949 καί
570 914 713 960 τινος
739 898 933 966 ἑτέρας
962 898 1141 959 αἰτίας
1170 899 1498 969 ὲρεθισάσης
1555 899 1771 960 αὐτούς.
1810 900 1873 953 οι
1900 899 2012 967 γὰρ

442 988 553 1040 τῶν
582 989 678 1057 τῆς
711 989 916 1058 Λιϐύης
944 990 1286 1060 πραγμάτων
1317 991 1600 1059 ἐπίτροποι
1646 992 1754 1045 τῶν
1780 993 1839 1042 εν
1868 991 2007 1059 αὐτῇ

450 1078 828 1149 εὐπορούντων
885 1080 984 1143 τὰς
1017 1081 1207 1144 οὐσίας
1242 1082 1300 1146 ἐξ
1358 1082 1617 1152 οὐδεμιᾶς
1648 1082 1869 1149 εὐλόγου
1913 1081 2019 1149 ἀφ-

331 1231 337 1235 ,
448 1171 681 1243 ῃόὖντο
722 1170 914 1239 λαϐῆς,
945 1172 1037 1225 καὶ
1085 1173 1613 1244 τοὺςίκεκτημέιους
1653 1175 1820 1236 αὐτὰς
1846 1192 2017 1245 προσ-

441 1264 747 1319 απώλλυον.
767 1264 1052 1317 Ἐντεῦθεν
1083 1266 1560 1335 ἀγανακτήσαντες
1614 1271 1663 1322 οί
1691 1270 1808 1321 ἐκεῖ
1851 1270 2019 1321 ἐπαν-

444 1356 705 1426 έστησαν,
736 1356 832 1410 καί
854 1373 979 1410 τινα
1010 1357 1118 1409 τῶν
1155 1358 1219 1410 ἐκ
1246 1360 1345 1430 τῆς
1377 1357 1574 1429 βουλῆς
1626 1360 1796 1429 ἄνδρα
1847 1375 2015 1430 πρεσ-

444 1449 614 1518 σὺτην
631 1448 969 1517 κεκλημένον
986 1448 1273 1519 Γορδιανόν
1290 1451 1385 1503 καὶ
1403 1452 1607 1504 ἄκοντα
1629 1451 2013 1521 κατασχόντες,

441 1542 677 1611 διάδημά
700 1556 760 1595 τε
790 1540 964 1610 τούτῳ
995 1539 1361 1610 περιτιθέασι,
1396 1543 1490 1593 καὶ
1517 1542 1809 1610 πορφύραν
1860 1542 2015 1595 ἐνδύ-

443 1651 586 1696 ουσι,
606 1635 701 1686 καὶ
724 1633 1153 1700 ἀναγορεύουσιν
1196 1631 1575 1703 αὐτοκράτορά
1599 1649 1658 1685 τε
1688 1633 1778 1686 καὶ
1805 1631 2017 1700 Αὔγου-

445 1742 586 1777 στον.
643 1725 703 1777 Ὅ
731 1723 786 1777 δὲ
814 1726 872 1777 ὲν
907 1721 1238 1793 Καρθαγένῃ
1266 1725 1650 1794 παραγίνεται,
1699 1726 1797 1779 καὶ
1850 1726 2015 1780 αὑτὸν

445 1816 701 1882 ἁσμένως
755 1814 832 1884 τῷ
886 1814 1022 1884 πρὸς
1070 1815 1161 1869 τὸν
1211 1815 1518 1884 Μαξιμῖνον
1574 1816 1722 1888 μίσει
1764 1818 2016 1884 ἐδέξαντο

447 1907 784 1974 σύμπαντες.
813 1905 1156 1963 Ἐπιστέλλει
1180 1901 1276 1960 οὖν
1299 1910 1366 1977 τῇ
1401 1906 1588 1978 βουλῇ,
1616 1909 1711 1962 καὶ
1740 1912 1868 1973 τοὺς
1917 1913 2019 1981 ἀγ-

446 1996 740 2064 γελοῦντας
764 1998 865 2067 τὴν
892 1997 1195 2070 ἀνάρρησιν
1231 1998 1397 2053 αὑτοῦ
1430 2002 1544 2063 τοῖς
1584 2003 1644 2054 ἐν
1683 2004 1752 2073 τῇ
1826 2003 2015 2076 Ῥώμη

448 2089 761 2144 ἀπέστειλε.
801 2090 921 2143 Τῶν
952 2090 1011 2143 δὲ
1034 2092 1337 2145 σταλέντων
1368 2091 1735 2163 χρονισάντων
1763 2096 1906 2148 κατὰ
1926 2096 2020 2149 τὸν

450 2182 640 2245 πλοῦν,
671 2182 764 2235 καὶ
805 2181 855 2234 οί
876 2184 934 2235 ὲν
958 2184 1024 2253 τῇ
1077 2180 1259 2256 Ῥώμῃ
1294 2182 1369 2254 μή
1412 2183 1670 2254 φέροντες
1697 2186 1798 2254 τὴν
1826 2202 2023 2255 τυραν-

449 2276 567 2329 νξξα
599 2273 692 2328 τοῦ
743 2273 1074 2343 Μαξιμίνου.
1124 2273 1259 2345 πρὸς
1322 2276 1662 2330 ἀποστασίαν
1714 2275 2019 2346 κεκίνηντο,

448 2365 544 2417 sui
570 2365 669 2428 τὰς
702 2365 913 2417 ἐκείνου
946 2365 1163 2427 εἰκόνας
1191 2364 1470 2436 καθῄρουν
1500 2366 1598 2419 καὶ
1644 2366 1722 2435 τῷ
1765 2367 2022 2437 τυράννῳ

332 2457 343 2466 ’
448 2454 830 2524 ὶλοιδοροῦντο.
858 2451 994 2507 Εἶτα
1040 2457 1584 2525 γνωσιμαχήσαντες,
1618 2457 1695 2519 ὼς
1720 2456 1767 2509 εί
1799 2456 2023 2521 σώζοιτο

448 2547 878 2615 Μαξιμϊνος,οὐκ
903 2547 1055 2601 ἔσται
1085 2548 1238 2616 σφίσι
1262 2548 1534 2617 σωτηρίας
1556 2548 1730 2612 ἐλπὶς.
1749 2549 1860 2603 δύω
1886 2566 2021 2619 προ-

408 2666 412 2669 -
451 2638 742 2691 ϐάλλονται
793 2641 1158 2709 στρατηγοὺς,
1208 2640 1462 2710 Μάξιμόν
1505 2658 1565 2694 τε
1611 2643 1708 2694 καὶ
1757 2641 2022 2706 Ἀλϐῖνον,

449 2733 544 2782 καὶ
571 2729 741 2797 ἄμφω
790 2732 859 2799 τῇ
917 2729 1080 2800 βουλῇ
1142 2731 1698 2801 συναριθμουμένους.
1762 2733 1922 2797 Τινὲς
1966 2732 2025 2786 δὲ

450 2820 738 2888 Καίσαρας
768 2819 967 2882 αὐτοὺς
1022 2819 1162 2889 πρὸς
1217 2823 1317 2891 τῆς
1363 2808 1665 2892 συγκλήτου
1727 2823 2025 2894 ἱστόρησαν

449 2910 906 2981 ἀναγορευθῆναι,
957 2913 1124 2983 μήπω
1165 2911 1443 2985 μαθούσης
1471 2913 1569 2986 τὴν
1600 2915 1904 2988 ἀνάρρησιν
1930 2915 2025 2970 τοῦ

2042 1778 2089 1836 Β

2117 554 2303 603 causa,
2335 548 2451 593 tum
2505 538 2609 592 alia
2644 537 2877 607 quadam
2934 553 2995 591 re
3056 537 3283 592 irritatae
3338 536 3677 592 defecerunt.

2116 628 2251 683 Nam
2319 626 2701 682 Africanarum
2771 625 3180 695 provinciarum
3254 631 3677 694 procuratores.

2117 717 2259 771 bona
2289 716 2621 786 locupletum
2653 712 2786 769 sine‘
2803 713 2912 768 ulla
2948 713 3217 783 probabili
3242 716 3425 783 specie
3457 712 3682 767 invade-

2117 809 2249 863 baut
2281 824 2294 861 :
2327 821 2427 862 nec
2463 806 2531 861 iis
2565 805 2833 867 contenti.
2864 805 3014 874 ipsos
3060 820 3282 875 quoque
3334 817 3680 873 possessores

2118 897 2486 954 trucidabant.
2518 896 2758 963 Quarum
2787 910 2970 948 rerum
3005 892 3427 964 indignitate'ad
3462 893 3684 947 seditio-

2117 1006 2242 1047 nem
2308 990 2570 1047 concitati
2636 988 2863 1052 milites,
2912 987 3089 1041 virum
3150 985 3413 1040 senatorii
3474 982 3685 1039 ordinis

2113 1082 2475 1145 Gordianum,
2504 1079 2786 1134 hominem
2823 1086 3099 1147 provecta:
3126 1074 3304 1129 aetatis
3328 1074 3415 1129 vel
3447 1073 3680 1127 invitum

2116 1173 2339 1241 rapiunt
2373 1188 2387 1223 :
2416 1168 2784 1236 impositoque
2812 1165 3141 1225 diademate,
3161 1163 3396 1230 dataque
3415 1175 3680 1231 purpura.

2117 1268 2501 1335 imperatorem
2529 1270 2587 1316 et
2622 1261 2931 1327 Augustum
2966 1257 3231 1312 salutant.
3265 1253 3369 1320 Qui
3401 1252 3687 1321 Carthagi-

2114 1372 2240 1413 nem
2281 1355 2584 1426 profectus,
2612 1362 2667 1406 et
2706 1350 2989 1405 Maximini
3023 1348 3152 1402 odio
3191 1344 3260 1401 ab
3300 1342 3560 1400 omnibus
3586 1343 3685 1399 be-

2116 1449 2282 1518 nigne
2319 1453 2630 1512 susceptus.
2661 1444 2875 1497 litteras
2905 1441 3226 1510 legatosque
3262 1437 3329 1491 de
3385 1449 3482 1490 sua
3535 1433 3685 1489 desi-

2114 1537 2370 1609 gnatione
2387 1535 2453 1590 ad
2474 1542 2725 1590 senatum
2745 1532 2934 1586 mittit.
2961 1530 3208 1596 Quicum
3246 1528 3300 1581 in
3334 1524 3687 1595 navigatione

2116 1628 2312 1683 morati
2334 1635 2540 1689 essent.
2576 1624 2804 1679 Romani
2837 1618 3143 1693 tyrannidis
3168 1616 3444 1671 Maximini
3467 1612 3686 1685 ρει-ικαὶ

2117 1722 2488 1777 defecerunt:
2525 1726 2586 1771 et
2623 1718 2821 1771 statuis
2871 1715 2991 1781 ejus
3043 1710 3268 1771 eversis,
3325 1707 3570 1763 convicia
3626 1706 3683 1759 in

2120 1826 2408 1888 tyrannum
2444 1811 2717 1881 iecerunt.
2754 1806 2958 1862 Deinde
2986 1819 3110 1858 curn
3154 1799 3482 1857 temeritatis
3502 1796 3684 1869 poeni-

2122 1915 2281 1972 teret,
2306 1904 2454 1975 quod
2495 1901 2790 1958 Maximino
2842 1895 3103 1952 incolumi
3163 1893 3313 1948 nulla
3358 1892 3440 1946 eis
3495 1889 3688 1945 salutis

2120 2014 2248 2070 spes
2279 1997 2712 2065 relinqueretur,
2743 1991 2883 2045 duos
2916 2004 2983 2044 ex
3016 1994 3214 2043 senatu
3274 1983 3569 2038 Maximum
3628 1987 3685 2034 et

2121 2089 2381 2143 Albinum
2421 2085 2595 2139 duces
2636 2086 2918 2134 crearunt.
2969 2076 3204 2143 Quidam
3233 2073 3398 2128 etiam
3444 2071 3689 2125 Caesares

2120 2196 2152 2235 a
2216 2189 2413 2234 senatu
2465 2174 2772 2246 appellatos
2813 2184 2936 2226 esse
3001 2168 3208 2232 ferunt,
3254 2160 3689 2233 designationem

2122 2271 2386 2326 Gordiani
2421 2269 2604 2323 adhuc
2633 2266 2947 2335 ignorante.
2981 2260 3194 2327 Quibus
3237 2257 3405 2312 rebus
3445 2250 3690 2308 Maximi-

2122 2378 2227 2416 nus
2265 2358 2522 2429 cognitis.
2584 2355 2766 2409 minas
2815 2359 3010 2406 contra
3056 2357 3306 2404 senatum
3348 2343 3582 2414 spirans,
3633 2339 3688 2393 in

2124 2453 2331 2508 Italiam
2355 2446 2662 2505 contendit.
2705 2442 2813 2498 Sed
2868 2441 2962 2496 ubi
2999 2438 3318 2497 Maximum.
3371 2433 3570 2488 Albino
3621 2429 3689 2484 ad

2124 2542 2281 2596 urnis
2308 2539 2611 2595 custodiam
2636 2534 2855 2595 relicto,
2880 2541 3074 2586 contra
3115 2541 3174 2582 se
3199 2525 3500 2581 adventare
3545 2520 3689 2574 didi-

2124 2633 2222 2695 cit,
2258 2628 2586 2699 Aquileiam,
2607 2638 2714 2693 qua
2750 2621 2912 2691 potiri
2942 2621 2998 2673 in
3022 2618 3218 2687 primis
3251 2613 3527 2676 studebat,
3562 2625 3687 2666 eum

2125 2721 2371 2778 exercitu
2403 2719 2713 2772 Maurorum
2761 2711 3081 2767 declinavit.
3140 2705 3391 2777 Aquileia
3448 2716 3577 2758 vero
3622 2714 3687 2755 ea
3733 2714 3738 2719 ·

2125 2815 2250 2878 fuit.
2282 2827 2405 2883 quas
2438 2823 2587 2864 nunc
2611 2805 2851 2861 Venetiae
2884 2803 3112 2859 dicitur.
3146 2798 3254 2854 Sed
3285 2798 3498 2853 civibus
3528 2793 3691 2865 622

2126 2905 2342 2964 lortiter
2372 2916 2430 2957 se
2469 2894 2913 2957 defendentibus.
2956 2895 3031 2949 ab
3080 2893 3216 2947 urbe
3268 2888 3546 2958 repulsus,
3576 2893 3633 2938 et
3660 2898 3691 2936 a

2127 2997 2368 3053 Maximo
2391 2992 2508 3047 acie
2528 2992 2729 3053 victus.
2757 2989 2810 3042 in
2844 3001 3006 3041 suum
3038 2980 3455 3038 tabernaculum
3485 2974 3649 3030 rediit
3673 2990 3689 3024 :

446 3002 764 3074 Γορδιανοῦ,
806 3004 865 3056 '0
902 3004 960 3059 δέ
998 3021 1063 3074 γε
1092 3007 1398 3075 Μαξιμῖνος
1425 3008 1603 3062 ταῦτα
1662 3008 1870 3078 μαθὼν,
1917 3008 2028 3077 ὥρ-

454 3064 629 3165 μησεν
682 3064 775 3148 ἐπὶ
805 3064 1064 3161 Ἰταλίαν,
1098 3064 1268 3149 πολλά
1303 3064 1694 3167 τῇνσυγκλήτιγ)
1728 3064 2021 3167 ἀπειλησά-

2126 3102 2358 3157 ortoque
2410 3085 2556 3139 inter
2589 3079 2761 3149 ipsius
2789 3078 3055 3133 satellites
3085 3086 3143 3129 et
3170 3073 3373 3126 milites
3419 3064 3691 3127 tumultu,

458 3161 638 3254 μενος.
673 3187 840 3250 Γνοὺς
873 3187 929 3239 δὲ
960 3187 1050 3242 τὸν
1069 3188 1323 3257 Μάξιμον
1345 3161 1682 3258 ⁷ἀωρήσανται⁵
1706 3187 1827 3241 κατ’
1856 3161 2021 3242 αύτοῦ

2125 3193 2401 3252 egressus,
2437 3185 2499 3231 ut
2525 3190 2624 3232 eos
2653 3173 3050 3240 alloqueretur,
3081 3167 3287 3235 impetu
3326 3161 3546 3215 illorum
3580 3169 3689 3209 una
3790 3185 3797 3193 ς

452 3280 503 3332 (ό
539 3279 649 3350 γὰρ
676 3248 918 3342 Ἀλϐίνος
967 3281 1047 3341 είς
1108 3248 1504 3350 φυλακὴνητῆς,
1538 3279 1759 3350 Ῥώμης
1809 3280 2021 3351 ἔμεινεν

2126 3248 2251 3328 cum
2279 3270 2415 3333 lilio,
2463 3280 2629 3336 quem
2660 3277 2849 3317 secum
2905 3258 3230 3314 adduxerat.
3268 3263 3353 3307 est
3420 3248 3638 3304 occisus
3679 3261 3694 3295 :

452 3373 512 3424 iv
550 3339 712 3443 αὐτῇ)
773 3371 871 3425 ἐπὶ
900 3339 1219 3443 -Ἂκυληῖίαν
1277 3339 1569 3436 ἀπένειυσε,
1644 3339 2021 3443 Μαυρουσίους

2129 3371 2292 3416 natus
2322 3372 2497 3414 annos
2530 3372 2561 3409 v
2584 3362 2641 3408 et
2665 3368 2757 3416 ut,
2784 3349 2930 3405 unde
2962 3364 3012 3403 νι
3066 3343 3377 3414 imperavit.
3399 3339 3697 3393 Amborum

451 3464 593 3530 ἔχων
642 3463 762 3532 μεθ’
803 3463 1025 3525 ἑαυτοῦ,
1072 3463 1280 3529 ταύτην
1327 3462 1577 3515 σπεύδων
1625 3462 2021 3531 προκατασχεῖν

2130 3454 2309 3523 capita
2366 3454 2679 3518 amputata,
2746 3438 3194 3509 Aquileiensibus
3245 3442 3537 3493 ostentata,
3595 3429 3701 3482 lto-

451 3561 468 3622 (
486 3524 748 3623 ίλὶκυληῖα
768 3555 824 3607 δὲ
839 3556 872 3623 ή
888 3555 986 3608 νῦν
1001 3555 1219 3607 Βενετία
1231 3524 1470 3623 λέγεται)
1482 3594 1497 3618 ,
1520 3553 1636 3606 ἀλλ’
1655 3524 2021 3622 ἀπεκρούσθη1

2137 3561 2388 3614 mamqne
2420 3542 2585 3597 missa
2617 3545 2768 3592 sunt.
2802 3533 3032 3589 Romani
3067 3544 3197 3585 vero
3228 3524 3502 3582 Maximini
3538 3529 3702 3590 caput

449 3644 559 3695 τῶν
609 3614 686 3696 έν⁷
721 3614 871 3715 αὐτῇ.
917 3614 1362 3714 ἀντιταξαμένων
1420 3614 1572 3713 αύτῷ
1621 3614 2021 3710 γενναιότερονζ

2131 3639 2186 3692 in
2228 3638 2347 3691 foro
2387 3634 2508 3704 palo
2555 3628 2879 3690 aﬁixerunt,
2930 3634 2991 3678 ut
3034 3621 3296 3677 omnibus
3340 3614 3702 3683 conspicuum

452 3733 877 3804 ’Δποκρουσοεὶς
901 3736 959 3790 δὲ
985 3737 1085 3806 τῆς
1136 3736 1431 3801 Ἀκυληΐας
1459 3736 1488 3787 ό
1538 3733 1867 3802 Μαξιμῖνος,
1930 3730 2026 3782 καὶ
2132 3739 2303 3782 esset.

452 3831 778 3902 προσϐαλὼν
811 3835 925 3895 τοῖς
958 3796 1085 3902 περί
1115 3831 1207 3885 τὸν
1238 3796 1490 3899 Μάξιμον
1521 3796 1760 3901 ήττήθῠη,
1813 3826 1911 3880 καὶ⁵
1961 3827 2021 3888 ἐς
2057 3824 2158 3893 τὴν
2211 3821 2423 3875 οἰκείαν
2478 3819 2688 3889 σκηνὴν
2753 3815 3092 3883 ἀνεχώρησε.
3151 3802 3571 3860 Στασιασάπων
3639 3796 3700 3854 δὲ

450 3926 557 3979 τῶν
586 3925 932 3995 στρατιωτῶν
966 3888 1062 3977 καλ
1089 3925 1199 3978 τῶν
1217 3888 1756 3998 δορυιρόρωναύτοῆ,⁷
1778 3917 2016 3989 προῆλθε
2055 3888 2153 3984 τῆς
2180 3913 2386 3983 σκηνῆς
2416 3910 2556 3981 μετὰ
2616 3909 2713 3963 τοῦ
2742 3907 2945 3961 οἰκείου
2967 3901 3175 3962 παιδὸς,
3195 3898 3270 3959 ὼς
3295 3894 3444 3963 σφίσι
3469 3888 3699 3954 διαλεξό.

456 3984 736 4087 μενος.’οί
781 4018 839 4070 δὲ
890 4016 1088 4070 αὐτίκα
1154 3984 1476 4076 ἐπελθόντες
1526 3986 1754 4081 ἀμφοῖν.
1809 3984 2019 4065 άνείλον
2056 4008 2270 4071 αὐτούς.
2328 4001 2437 4058 Ἦν
2485 3995 3075 4068 δὲόΜαξιμῖνοςὲτῶν
3094 3991 3253 4045 πέντε
3293 3989 3387 4041 καὶ
3418 3984 3705 4052 ἑξήκοντα,

453 4112 548 4178 ἀφ’
586 4105 660 4164 ὧν
686 4109 1037 4163 ἐϐασίλευσεν
1068 4107 1149 4172 ἒξ.
1201 4106 1271 4159 Al.
1305 4070 1662 4175 κεφαλαὶ-ϐξ
1726 4070 1837 4156 τῶν
1902 4100 2301 4171 ἀναιρεθέντων
2346 4094 2557 4149 τούτων
2605 4089 2968 4159 ὲκτμηθείσαι
3037 4084 3159 4144 τοῖς
3211 4096 3272 4132 τε
3325 4080 3384 4130 έν
3441 4070 3702 4141 Ἀκυληῖᾳ

454 4165 847 4271 ἐπεδείχθησαν
873 4201 969 4253 καὶ
998 4202 1078 4262 εἰς
1113 4165 1224 4265 τὴν
1269 4165 1490 4267 Ῥώμην
1516 4193 1900 4264 ἐπέμφθησαν.
1937 4196 1997 4246 Oi
2035 4165 2081 4246 θ’
2134 4193 2193 4243 ὲν
2236 4190 2302 4259 τῇ
2376 4186 2568 4258 Ῥώμῃ
2599 4181 2743 4237 κατὰ
2781 4180 2881 4250 τὴν
2942 4174 3152 4245 ἀγορὰν
3183 4173 3285 4242 τὴν
3319 4166 3562 4237 κεφαλὴν
3610 4165 3706 4220 τοῦ

456 4293 768 4366 Μαξιμίνου
805 4290 1259 4357 ἀνεσκολόπισαν,
1317 4291 1385 4344 ἶν’
1411 4290 1499 4359 εἴη
1551 4291 1689 4340 πᾶσι
1723 4288 2042 4356 περίοπτος.

524 4390 624 4443 lZ'.
652 4384 935 4440 Ἐντεῦθεν
957 4386 985 4438 ό
1011 4383 1262 4453 Μάξιμος
1291 4384 1370 4445 είς
1395 4383 1495 4452 τὴν
1530 4380 1748 4450 Ῥώμην
1772 4377 2038 4446 ἐπανελή-

2215 4373 2378 4430 XVll.
2402 4371 2651 4427 Posthtec
2669 4365 2937 4424 Maximus
2956 4364 3186 4419 Romam
3212 4370 3487 4416 reversus,
3508 4353 3708 4408 Albino

454 4478 602 4542 λυθε,
641 4478 735 4531 καὶ
786 4477 815 4527 ὁ
858 4443 1463 4542 Ἀλϐῖνος-ύπήντήκεί
1489 4443 1659 4540 αὐτῷ,
1694 4443 1790 4523 καὶ
1815 4471 1843 4522 ό
1865 4443 2021 4538 δῆμός

2139 4467 2356 4522 obviam
2412 4475 2656 4532 egresso,
2701 4474 2733 4512 a
2780 4463 2973 4511 senatu
3028 4450 3340 4521 populoque
3388 4460 3513 4501 cum
3568 4443 3710 4498 laetis

455 4569 512 4623 δὲ
534 4570 628 4621 καὶ
659 4568 693 4637 ή
725 4565 1029 4634 σύγκλητος
1062 4566 1159 4619 σὺν
1184 4562 1483 4634 εὐφημίαις
1507 4562 1602 4614 καὶ
1627 4560 1844 4629 κρότοις
1869 4559 2033 4612 αὑτὸν

461 4659 812 4724 ὑπεδέξαντο,
843 4657 935 4711 καὶ
966 4657 1230 4726 συνῆρχον
1264 4654 1453 4725 ἄμφω,
1476 4655 1569 4706 καὶ
1600 4647 1770 4723 ἦρχον
1823 4648 2027 4711 καλῶς.

456 4755 520 4806 Οί
547 4753 607 4807 δέ
637 4768 699 4819 γε
727 4748 1052 4819 στρατιῶται
1071 4748 1358 4801 ἐδάκνοντό
1388 4748 1471 4800 ὅτι
1499 4746 1599 4798 οὐκ
1628 4743 1802 4804 αὐτοὶ,
1842 4740 1958 4793 ἀλλ’
1994 4741 2027 4810 ή

460 4845 625 4917 βουλὴ
652 4845 742 4897 καὶ
771 4844 799 4895 ὁ
827 4844 999 4911 δῆμος
1029 4842 1159 4903 τοὺς
1193 4840 1604 4909 αὐτοκράτορας
1632 4836 2027 4907 προεϐάλοντο.

462 4932 595 4989 Εἶτα
631 4932 727 4986 καὶ
778 4932 936 4986 αὐτοὶ
984 4931 1033 4982 οῑ
1094 4926 1335 4999 βασιλεῖς
1388 4927 1526 4996 πρὸς
1563 4925 1827 4994 ἀλλήλους
1869 4922 2027 4991 ἔσχον

456 5025 741 5097 διαφορὰς,
792 5022 887 5077 καὶ
912 5020 1059 5075 τοῦτ’
1116 5019 1290 5071 αἴτιον
1344 5017 1529 5079 αὐτοῖς
1586 5015 1686 5086 τῆς
1750 5010 2027 5073 ἀπωλείας

457 5121 697 5184 ἐγένετο.
726 5115 949 5177 Γνόντες
970 5112 1079 5182 γὰρ
1109 5113 1157 5164 οί
1192 5109 1521 5179 στρατιῶται
1550 5108 1625 5171 ὡς
1653 5105 2024 5176 διαφέρονται,

458 5211 693 5279 ἐπῆλθον
717 5209 921 5269 αὐτοῖς,
960 5204 1057 5258 καὶ
1116 5202 1462 5275 ἀμφοτέρους
1514 5200 1906 5268 δεσμήσαντες,
1938 5192 2028 5247 διὰ

458 5303 641 5372 πάσης
669 5302 767 5370 τῆς
799 5299 1008 5360 πόλεως
1042 5296 1241 5356 αὖτοὺς
1266 5292 1624 5362 περιήγαγον,
1659 5293 2029 5359 έμπαροινου-

461 5397 655 5464 μένους
673 5409 731 5444 τε
757 5392 851 5444 καὶ
878 5387 1342 5458 ὲμπαιζομένουῖ,
1380 5382 1516 5437 ἀλλὰ
1551 5382 1659 5452 μὴν
1689 5380 1782 5433 καὶ⁵
1812 5378 2027 5444 uinito-

463 5490 678 5556 μένους.
716 5482 846 5539 Εἶτα
878 5483 1171 5551 πυθόμενοι
1196 5484 1272 5542 ὡς
1301 5481 1350 5532 οἱ
1400 5478 1675 5549 Γερμανοὶ
1724 5475 2022 5543 ἀφελέσθαι

457 5578 658 5640 αὐτοὺς
687 5577 783 5630 καὶ
806 5573 1109 5644 περισῶσαι
1168 5570 1534 5641 βουλεύονται,
1589 5568 1676 5621 ἵνα
1733 5569 1807 5636 μὴ
1866 5566 2023 5619 τοῦτο

459 5669 707 5737 γένηται,
760 5669 1083 5723 ἀπέκτειναν
1128 5663 1348 5727 αὐτούς.
1397 5657 1500 5715 Ὧν
1545 5665 1572 5716 ὁ
1624 5663 1721 5731 μὲν
1772 5659 2021 5728 Μάξιμος

461 5761 596 5812 ἑτῶν
625 5757 693 5830 ἦν
720 5760 1087 5832 ἐϐδομήκοντα
1119 5755 1211 5809 καὶ
1236 5754 1538 5826 τεσσάρων,
1597 5755 1627 5806 ό
1689 5753 1744 5805 δὲ
1778 5751 2018 5813 Ἀλϐῖνος

2135 4554 2636 4617 acclamationibus
2704 4559 2760 4604 et
2828 4547 3023 4616 plausu
3050 4551 3137 4597 est
3199 4549 3514 4606 susceptus.
3574 4535 3708 4590 Inde

2134 4652 2298 4706 ambo
2333 4663 2439 4701 una
2461 4687 2475 4711 ,
2505 4652 2561 4700 et
2593 4643 2816 4713 quidem
2852 4639 2993 4692 bene
3020 4636 3381 4704 imperarunt.
3418 4629 3525 4685 Sed
3559 4629 3707 4682 mili-

2135 4751 2217 4796 tes
2256 4753 2397 4809 aegre
2427 4735 2679 4791 ferebant
2724 4745 2821 4786 eos
2851 4744 2959 4782 non
2992 4742 3022 4780 a
3068 4740 3148 4790 se,
3182 4722 3278 4778 sed
3306 4737 3334 4775 a
3379 4729 3570 4776 senatu
3603 4734 3706 4787 po-

2132 4833 2372 4903 puloque
2399 4826 2710 4881 declaratos
2737 4836 2881 4876 esse.
2917 4819 3048 4873 Post
3078 4815 3182 4885 ipsi
3214 4814 3380 4869 etiam
3413 4811 3707 4880 imperato-

2133 4938 2224 4977 res
2253 4922 2397 4974 inter
2428 4933 2486 4973 se
2524 4913 2940 4973 dissentientes,
2975 4907 3145 4964 exitio
3175 4922 3277 4961 suo
3311 4917 3533 4958 causam
3568 4916 3704 4977 pra:-

2133 5016 2393 5070 buerunt.
2429 5010 2566 5066 Nam
2600 5023 2665 5062 ea
2696 5002 3042 5061 dissensione
3074 5000 3280 5054 milites
3312 4994 3550 5064 cognita,
3581 5006 3703 5043 am-

2130 5110 2233 5163 bos
2282 5103 2518 5160 vinculis
2560 5098 2892 5156 constrictos
2944 5110 3043 5164 per
3088 5100 3257 5146 totam
3305 5089 3539 5145 urbem.
3599 5095 3699 5150 per

2130 5197 2431 5254 ludibrium
2480 5205 2537 5248 et
2578 5188 2991 5248 contumeliam.
3045 5198 3151 5237 nec
3190 5180 3305 5235 sine
3345 5172 3694 5235 verberibus.

2129 5287 2638 5344 circumduxerunt.
2671 5279 2877 5336 Deinde
2912 5292 3036 5331 cum
3066 5271 3425 5329 audivissent.
3460 5263 3692 5318 Germa-

2129 5396 2230 5436 nos
2267 5379 2483 5449 eripere
2529 5385 2584 5430 et
2615 5383 2945 5428 conservare
2996 5365 3118 5419 illos
3170 5360 3348 5414 velle:
3394 5365 3697 5420 utrumque

2128 5470 2471 5532 occiderunt,
2513 5480 2745 5536 quorum
2796 5458 3060 5515 Maximus
3096 5465 3266 5508 annos
3307 5462 3490 5507 LxxtV.
3539 5443 3692 5499 All-i-

2128 5579 2232 5618 nus
2272 5577 2335 5615 ιχ
2372 5567 2539 5614 natus
2581 5563 2723 5610 erat.
2773 5551 3124 5619 lmperarunt
3174 5541 3288 5602 vel.
3333 5546 3394 5592 ut
3439 5533 3693 5591 nonnulli

2127 5664 2385 5708 auctores
2430 5657 2579 5715 sunt,
2619 5646 2741 5701 dies
2784 5657 2915 5703 χιιι,
2949 5636 3052 5700 vel,
3084 5643 3145 5689 ut
3177 5631 3267 5687 alii
3300 5629 3540 5688 tradunt.
3564 5642 3686 5680 ‘non

2127 5755 2238 5801 tres
2271 5757 2489 5799 menses
2536 5740 2798 5807 integros.
2842 5732 2970 5788 Post
3007 5728 3112 5784 hos
3137 5723 3365 5796 quidam
3402 5719 3684 5792 Pompeia-
