3904 6204
352 311 488 378 1051
1627 313 1946 377 JOANNIS
1983 316 2307 380 ZONARE

3418 317 3532 382 1052

350 441 483 481 num
531 439 718 480 rerum
766 425 1003 495 potitum
1055 440 1178 484 esse
1222 425 1485 493 tradunt;
1543 426 1641 482 sed
1691 427 1927 497 lmpcrio

2060 431 2318 498 ξήκοντα.
2356 430 2466 485 Καὶ
2487 430 2846 484 ἐϐασίλευσαν
2871 424 3013 481 κατὰ
3038 443 3182 492 τινας
3235 429 3324 499 μὲν
3358 431 3535 501 ἡμέρας

349 532 439 570 Vix
485 531 583 586 per
626 517 902 573 somnium
938 519 1249 588 degustato,
1292 518 1585 574 celerrime
1629 520 1924 575 excidisse.

2064 523 2123 574 ύο
2138 524 2234 575 καὶ
2254 525 2450 588 ετκοσι,
2470 523 2592 577 καθ’
2611 522 2904 588 ὲτέρουςδὲ
2927 522 3024 592 οὐχ
3066 521 3214 581 ὅλους
3236 521 3389 590 μῆνας
3399 525 3539 591 τρεῖς.

351 607 680 677 Priusquam
729 610 877 663 enim
929 608 1041 663 duo
1094 624 1312 665 menses
1365 609 1766 674 elaberentur,
1821 627 1927 665 una

2056 616 2185 668 Δετά
2198 614 2421 678 τούτους
2435 616 2482 668 oi
2518 615 2618 684 μὲν
2645 614 2996 683 Πομπηῖανόν
3017 629 3134 664 τινα
3158 612 3262 680 (6'2)
3287 614 3545 682 συγγεγράο

351 712 478 751 cum
511 695 742 768 imperio
782 699 892 753 vita
941 699 1108 752 etiam
1157 699 1429 768 privatum
1475 714 1635 753 esse:
1666 715 1696 754 a
1727 700 1930 769 quibus

2033 724 2165 773 φασι
2199 707 2302 777 τὴν
2355 706 2645 776 Ῥωμαεων
2683 705 2974 776 ἐσχηκέναι
3008 703 3196 773 ἀρχὴν,
3237 703 3478 771 ταχύτατα
3508 705 3547 758 δ’

353 799 560 854 autem,
609 797 667 844 et
711 790 914 858 quibus
960 789 1029 844 de
1081 790 1286 850 causis,
1337 805 1463 844 cum
1507 790 1775 860 scriptum
1819 807 1930 844 non

2034 797 2456 851 ἐκπεπτωκέναι
2511 797 2702 866 αὐτῆς,
2740 798 2818 858 ὡς
2859 797 2919 848 ἐν
2969 796 3160 866 ὀνείρῳ
3207 798 3299 862 τῆς
3343 795 3549 860 ἐξουσίας

2035 886 2442 940 ἀπολαύσαντα.
2475 885 2644 940 Οὔπω
2671 889 2779 956 γὰρ
2811 885 2906 939 δύο
2937 883 3357 955 παρεληλυθέναι
3388 885 3551 954 μῆνας,

2035 981 2134 1031 καὶ
2165 977 2496 1048 στερηθῆναι
2531 977 2697 1030 αὐτὸν
2732 977 2871 1047 πρὸς
2916 980 2982 1048 τῇ
3049 976 3306 1048 μοναρχὲᾳ
3349 977 3432 1028 καὶ
3473 976 3554 1044 τῆς

2037 1069 2184 1138 ζωῆς
2203 1069 2582 1140 ἀναιρεθέντα·
2610 1067 2760 1139 παρά
2782 1070 2944 1122 τινων
2968 1069 3023 1122 δὲ
3043 1068 3138 1121 καὶ
3157 1068 3240 1120 διὰ
3254 1068 3369 1121 τίνα
3389 1068 3557 1134 αἰτίαν,

2042 1162 2117 1230 μὴ
2150 1161 2425 1229 εὑρηκὼς,
2461 1161 2865 1231 παρεσιώπησα
2897 1160 2991 1213 καὶ
3022 1159 3204 1221 αὐτός.
3224 1157 3352 1212 Μεθ’
3381 1159 3558 1229 ὃν(63),

2040 1255 2316 1310 Πούπλιον
2363 1253 2788 1324 ἀντεισαχθῆναι
2823 1253 3086 1306 Βαλύίνον
3136 1253 3430 1322 ἱστόρησαν.
3472 1255 3562 1307 Καὶ

2044 1348 2243 1418 μικρόν
2273 1365 2325 1400 τι
2370 1348 2627 1400 κάκεῖνον
2669 1346 2767 1416 τῆς
2806 1345 3115 1415 αύταρχιας
3164 1345 3564 1414 ἀπογευσάμενον

2043 1440 2157 1510 (ἐπὶ
2207 1440 2353 1510 τρισὶ
2381 1439 2491 1508 γὰρ
2523 1440 2690 1510 μησὶν
2718 1437 2871 1507 αὐτῷ
2898 1438 3000 1508 τὴν
3033 1437 3206 1508 ἀρχὴν
3237 1437 3568 1507 περιγράφου-

2045 1533 2174 1601 σιν),
2207 1532 2564 1602 ἀναιρεθῆναι
2619 1532 2898 1596 κάκεῖνον,
2947 1531 3073 1600 ἄρτι
3109 1529 3480 1591 καταλαϐόντος
3519 1529 3569 1581 ix

358 881 683 945 invenerim,
709 882 929 936 silentio
952 891 1008 935 et
1039 883 1154 951 ipse
1179 881 1440 952 praeterii.
1475 881 1533 934 Ei
1562 883 1618 936 P.
1646 881 1930 936 Balbinum

356 974 690 1028 successisse
744 971 1007 1026 tradunt:
1066 974 1199 1043 qui,
1245 988 1372 1026 rum
1418 989 1516 1043 per
1562 983 1676 1028 tres
1719 989 1936 1028 menses

359 1064 576 1133 imperii
624 1065 862 1119 fructum
904 1066 1127 1120 brevem
1169 1066 1526 1135 percepisset,
1573 1067 1626 1121 in
1672 1067 1936 1122 Gordiani

358 1156 626 1227 designati
675 1157 1022 1228 imperatoris
1072 1158 1168 1227 (ut
1198 1159 1406 1213 dictum
1449 1159 1574 1229 est)
1651 1175 1719 1214 ex
1753 1161 1936 1215 Africa

361 1249 600 1304 adventu
634 1250 849 1306 occisus
881 1250 1069 1305 fuerit.
1103 1250 1442 1306 Gordianum
1472 1267 1627 1317 vero,
1665 1269 1790 1309 cum
1824 1253 1939 1308 Ro-

364 1358 510 1396 mam
564 1344 838 1407 venisset,
894 1352 1224 1413 tegrotasse,
1276 1345 1472 1413 partim
1519 1346 1592 1400 ob
1636 1357 1936 1401 extremam

364 1444 580 1490 aetatem
629 1437 823 1502 (annos
866 1435 1014 1489 enim
1051 1453 1210 1490 LXXIX
1244 1438 1529 1505 habebat),
1551 1440 1750 1508 partim
1790 1439 1937 1510 quod

364 1543 432 1583 ex
479 1527 725 1597 longiore
770 1529 1137 1597 navigationis
1169 1530 1458 1585 vexatione
1499 1531 1734 1586 aﬂlictus
1771 1543 1939 1594 esset,

367 1619 602 1683 obiisse,
648 1636 759 1674 xxn
794 1618 1062 1674 duntaxat
1091 1620 1292 1676 diebus
1324 1622 1379 1676 in
1417 1623 1650 1693 imperio
1686 1625 1939 1680 exactis:

368 1711 653 1781 liliumque
691 1711 1027 1766 Gordianqu
1074 1727 1453 1769 successorem
1496 1715 1809 1786 reliquisse.
1849 1718 1945 1772 At-

369 1816 478 1871 que
511 1802 603 1857 alii
637 1803 752 1857 haec
795 1803 868 1858 ita
899 1813 1195 1859 consecuta
1225 1818 1346 1859 esse
1375 1805 1618 1861 tradunt.
1655 1807 1763 1862 Alii
1803 1807 1946 1863 scri-

370 1891 532 1956 bunt,
565 1893 833 1962 quosdam
868 1893 1150 1951 Gordiano
1177 1896 1231 1950 in
1260 1896 1447 1952 Africa
1481 1897 1806 1968 imperatori
1842 1915 1944 1969 ap-

371 1983 597 2052 pellato,
619 1985 948 2041 seditionem
982 1986 1244 2052 movisse,
1274 1999 1332 2045 et
1353 1988 1618 2045 Gordiani
1647 1990 1810 2060 623
1839 1991 1946 2044 mi-

372 2072 500 2128 lites
545 2075 906 2132 succubuisse
953 2094 969 2134 :
1025 2079 1326 2148 multisque
1371 2081 1552 2143 caesis,
1600 2091 1770 2151 atque
1825 2081 1947 2152 ipso

373 2162 633 2219 Gordiani
673 2165 817 2231 ﬁlio,
844 2181 1033 2222 senem
1070 2183 1182 2238 prae
1221 2171 1430 2227 doloris
1461 2173 1828 2243 impatientia,
1867 2177 1949 2230 la-

375 2269 521 2324 queo
566 2255 734 2309 vitain
783 2256 1046 2312 linit'isse.
1092 2258 1224 2324 Alii,
1274 2261 1370 2330 qui
1415 2263 1624 2332 juniori
1670 2264 1950 2320 Gordiano

378 2353 504 2415 post
528 2345 704 2415 patris
740 2347 952 2401 obitum
981 2365 1048 2403 ex
1071 2349 1264 2404 morbo
1293 2348 1585 2421 imperium
1614 2355 1948 2423 attribuunt,

373 2451 504 2490 eum
551 2437 734 2491 Persis
777 2437 1036 2494 intulisse
1082 2440 1288 2496 bellum
1335 2441 1559 2497 ferunt:
1605 2444 1848 2514 dumque
1895 2447 1948 2502 in

379 2544 561 2597 pugna
603 2543 750 2599 equo
796 2529 1026 2586 incitato
1072 2533 1246 2587 aciem
1291 2533 1773 2600 circumvolitans,
1821 2555 1952 2594 suos

377 2619 449 2674 ad
473 2636 588 2674 rem
608 2629 832 2676 strenue
855 2624 1151 2692 gerendam
1179 2625 1526 2689 cohortatur,
1546 2643 1613 2682 ex
1639 2629 1764 2698 equi
1795 2630 1949 2699 lapsu

378 2710 591 2768 femore
639 2713 812 2769 fracto
858 2716 1085 2771 Romam
1134 2718 1400 2787 perlatum
1448 2719 1786 2782 decessisse.
1826 2738 1952 2776 cum

381 2819 481 2859 sex
500 2820 677 2860 annos
709 2806 1050 2876 imperasset.
1079 2808 1330 2866 Urbanus
1355 2810 1602 2865 Romano
1631 2813 1950 2882 pontiﬁcatu

381 2896 546 2950 anuis
599 2906 728 2951 octo
781 2897 1040 2961 functus,
1093 2899 1390 2955 Maximino
1445 2902 1747 2970 imperante
1794 2903 1951 2963 obiit.

384 2985 657 3040 Pontiano
712 3002 1058 3044 successore.
1115 2988 1476 3045 Antiochena:
1525 2991 1782 3046 Ecclesize
1834 3002 1957 3062 post

1971 1770 2018 1829 Β

2044 1624 2253 1694 Λιϐύης
2284 1621 2607 1692 Γορδιανοῦ,
2651 1622 2709 1685 ὃς
2761 1622 2898 1687 ἐκεῖ,
2951 1621 3030 1682 ὡς
3086 1621 3188 1690 ἤδη
3242 1637 3328 1689 μοι
3377 1620 3570 1692 ἐρρήθη,

2044 1716 2512 1785 προανηγόρευτο.
2551 1712 2655 1766 Τὸν
2679 1713 2736 1766 δὲ
2763 1711 3060 1783 Γορδιανδν
3108 1711 3209 1778 τῆς
3240 1709 3445 1777 Ῥώμης
3478 1710 3573 1762 ἑπι-

2046 1807 2322 1875 6ε6ηκότα
2355 1806 2612 1874 νοσῆσαι,
2640 1803 2702 1857 τὸ
2735 1802 2835 1874 μὲν
2880 1804 2964 1856 ὅτι
2996 1802 3325 1871 ὑπέργηρως
3344 1796 3406 1870 ἦν
3432 1799 3574 1868 (ἑϐδο-

2050 1902 2294 1971 μήκοντα
2315 1896 2422 1968 γάρ
2447 1897 2542 1950 καὶ
2568 1895 2729 1950 ἐννέα
2773 1894 2907 1947 ισιω
2935 1891 3265 1962 ἐνιαυτοὺς),
3322 1891 3380 1943 τὸ
3431 1891 3471 1944 δ’
3513 1892 3577 1943 ὅτι

2046 1989 2481 2063 χρονοτρισήσας
2507 1989 2568 2040 ὲν
2597 1988 2663 2057 τῇ
2697 1985 2947 2057 θαλάσσῃ
2976 1983 3122 2037 κατὰ
3155 1983 3245 2035 τὸν
3260 1980 3439 2044 πλοῦν,
3461 1979 3578 2033 πάνυ

2046 2081 2518 2148 τεταλαιπιὶιρητο,
2550 2079 2645 2131 καὶ
2673 2080 2738 2131 ὲκ
2767 2077 2864 2146 τῆς
2887 2074 3049 2128 νόσου
3075 2075 3277 2142 ταύτης
3304 2070 3581 2124 ἐκλελοιπέ-

2049 2191 2160 2239 ναι,
2198 2173 2365 2242 μόνας
2399 2172 2577 2224 εἴκοσι
2612 2171 2706 2223 καὶ
2735 2168 2846 2223 δύω
2873 2169 3090 2238 ἡμέρας
3112 2168 3170 2218 ἐν
3217 2165 3385 2236 ταύτῃ
3427 2163 3582 2228 διαγα-

2049 2270 2237 2334 γόνταο
2271 2265 2368 2318 καὶ
2406 2265 2558 2333 σχεῖν
2588 2263 2681 2316 ἐπὶ
2733 2264 2797 2332 τῇ
2835 2259 3087 2332 βασιλείᾳ
3133 2257 3369 2325 διάδοχον
3401 2254 3481 2307 τὸν
3520 2254 3584 2305 οἱ·

2051 2357 2197 2408 κεῖον
2242 2355 2377 2418 υίδιν,
2433 2350 2722 2421 Γορδιανὸν
2785 2351 3044 2404 κάκεῖνον
3119 2345 3461 2413 καλούμενον,
3507 2344 3584 2394 καὶ

2051 2446 2447 2517 όμωνυμοῦντα
2485 2445 2565 2510 τῷ
2616 2443 2801 2513 οἰκείῳ
2844 2441 3034 2512 πατρί.
3089 2442 3154 2494 Oi
3191 2441 3287 2511 μὲν
3337 2435 3423 2491 οὖν
3471 2435 3588 2491 οὖτω

2054 2537 2599 2610 παρηκολουθηκέναι
2621 2535 2775 2590 ταῦθ’
2797 2535 3177 2605 ἱστορήκασιν·
3209 2534 3257 2586 oi
3279 2533 3333 2584 δὲ
3370 2529 3443 2599 τῷ
3479 2544 3587 2598 πρε·

2055 2630 2229 2700 σὸύτῃ
2246 2625 2900 2698 Γορδιανῷάναῤῥηθέντι
2929 2623 3074 2678 κατὰ
3101 2623 3307 2689 Διϐύην
3336 2623 3454 2692 φασὶ
3476 2638 3590 2674 ναυο

2054 2725 2369 2791 τοκρατορι,
2401 2717 2771 2788 ὲπαναστῆναι
2802 2734 2976 2779 τινας,
3023 2717 3123 2769 καὶ
3179 2716 3356 2784 μάχης
3389 2728 3571 2780 συγκρο

2053 2810 2333 2879 τηθείσης,
2353 2807 2656 2879 ἡττηθῆναι
2682 2807 2809 2866 τοὺς
2831 2805 2928 2858 τοῦ
2946 2805 3266 2876 Γορδιανοῦ,
3287 2804 3379 2857 καὶ
3397 2801 3592 2864 πολλοὺς

2055 2899 2256 2964 αὐτῶν,
2289 2898 2423 2952 ἀλλά
2461 2899 2569 2968 μὴν
2604 2898 2699 2950 καὶ
2731 2897 2822 2950 τδν
2870 2896 2987 2948 υἱὸν
3043 2893 3213 2949 αὑτοῦ
3258 2893 3590 2963 ἀναιρεθῆναι.

2056 2991 2162 3043 Τὸν
2205 2989 2263 3042 δὲ
2316 2988 2775 3057 ύπεραλγὴσαντα
2832 2987 3206 3054 ἀπάγξασθαι,
3278 2986 3365 3039 καὶ
3445 2982 3594 3045 οὕτως

386 3076 662 3132 Philetum
687 3078 928 3134 Zebinus
949 3081 1189 3150 praefuit.
1216 3081 1330 3136 Sub
1351 3082 1626 3137 Gordiano
1651 3083 1784 3148 ﬁlio,
1810 3086 1951 3138 Pon-

2062 3081 2252 3134 ἑαυτὸν
2279 3081 2380 3148 τῆς
2413 3080 2560 3148 ζωῆς
2593 3077 2985 3146 ὑπεξαγαγεῖν.
3021 3079 3085 3131 Oi
3111 3078 3171 3131 δὲ
3192 3075 3269 3146 τῷ
3298 3075 3397 3145 υἱῷ
3418 3075 3595 3128 ἐκείνου

387 3169 540 3224 tiano
574 3171 823 3225 Romano
854 3172 1124 3240 pontiﬁci,
1155 3184 1312 3228 sexto
1353 3174 1644 3228 ministerii
1683 3191 1827 3228 anno
1856 3175 1955 3228 dc-

389 3261 612 3327 functo,
654 3264 918 3318 successit
951 3264 1212 3328 Anteros,
1241 3281 1305 3319 ac
1345 3267 1510 3334 paulo
1547 3277 1670 3335 post
1708 3268 1760 3320 in
1796 3269 1958 3323 aliam

388 3353 559 3406 vitam
593 3355 866 3422 migravit.
903 3356 1033 3410 Post
1061 3372 1226 3424 quem
1265 3358 1578 3424 Flavianus,
1619 3359 1810 3415 divino
1837 3363 1959 3416 suf-

389 3445 585 3513 fragio,
631 3453 692 3498 ut
733 3457 924 3500 narrat
960 3448 1256 3513 Eusebius,
1297 3450 1796 3520 episcopatunnest
1827 3455 1961 3508 ade-

392 3547 541 3604 ptus.
589 3535 785 3590 Fertur
825 3537 1012 3599 enim,
1063 3539 1316 3594 ﬁdelibus
1364 3541 1637 3610 deligendi
1683 3544 1962 3614 pontiﬁcis

391 3642 554 3681 causa
591 3629 970 3697 congregatis,
1023 3630 1340 3686 Flavianum
1387 3649 1609 3703 quoque
1659 3651 1852 3690 recens
1893 3652 1960 3690 ex

392 3733 526 3786 agro
575 3718 898 3780 advenisse,
960 3735 1137 3789 neque
1186 3721 1254 3776 ab
1305 3723 1414 3778 ullo
1463 3725 1797 3779 mentionem
1840 3743 1962 3783 esse

389 3809 625 3872 factam,
667 3812 823 3878 quasi
873 3811 916 3866 is
963 3813 1222 3868 Ecclesiae
1265 3815 1601 3884 przefuturus
1641 3828 1829 3873 esset:
1865 3819 1960 3875 sed

393 3900 690 3955 concilium
741 3916 987 3965 curasse,
1021 3919 1316 3972 quemnam
1359 3921 1424 3962 ex
1472 3906 1596 3962 aliis
1639 3908 1960 3964 anteferret.

395 3995 608 4048 Interea
653 3995 965 4050 columbam
1006 3998 1350 4052 advolantem
1427 4000 1591 4069 capiti
1629 4001 1774 4056 illius
1815 4002 1964 4057 inse-

395 4086 565 4151 disse,
589 4095 754 4156 atque
783 4088 911 4143 inde
937 4104 1131 4146 omnes
1155 4092 1321 4145 veluti
1353 4093 1510 4162 signo
1539 4093 1668 4148 dato
1695 4110 1801 4148 una
1831 4110 1962 4149 voce

395 4179 748 4246 cxclamasse,
777 4197 903 4235 eum
927 4181 1150 4250 dignum
1176 4185 1494 4253 pontiﬁcatu
1524 4202 1621 4240 :ac
1638 4188 1773 4240 citra
1795 4187 1960 4241 ullam

397 4272 806 4327 cunctationem
839 4273 894 4326 in
929 4273 1128 4327 throno
1158 4275 1486 4331 collocatum
1513 4292 1658 4331 esse.
1691 4277 1831 4331 Tum
1864 4277 1966 4332 Ze-

398 4363 531 4418 bino
556 4380 777 4436 quoque
804 4367 1108 4423 Antiochia:
1141 4368 1423 4430 defuncto.
1444 4371 1710 4425 successit
1740 4369 1958 4441 Babyla.

2059 3173 2137 3243 τῷ
2159 3175 2266 3240 νέῳ
2295 3171 2568 3242 Γορδιανῷ
2598 3171 2696 3240 τὴν
2716 3171 2826 3222 τῶν
2861 3167 3154 3236 Ῥωμαίων
3177 3169 3466 3238 ἠγεμονίαν
3489 3165 3601 3235 μετὰ

2059 3267 2151 3318 τὸν
2177 3267 2243 3317 ὲκ
2274 3264 2432 3316 νόσου
2487 3263 2717 3317 θάνατον
2761 3260 2856 3314 τοῦ
2918 3261 3301 3331 πρεσϐυτέρου
3345 3255 3600 3330 Γορδιανοῦ

2061 3354 2562 3424 προσκληροῦντες,
2607 3354 2751 3407 κατά
2805 3352 3032 3422 Περσῶν
3086 3351 3252 3406 αὑτὸν
3297 3352 3601 3423 γεγράφασιν

2061 3448 2538 3519 ἐπιστρατεύσαντα
2577 3449 2671 3500 καὶ
2730 3445 3082 3514 συμϐαλόντα
3131 3449 3338 3506 αὐτοῖς.
3411 3447 3506 3497 κάν
3549 3445 3603 3510 τῇ

2064 3539 2213 3609 μάχῃ
2243 3539 2334 3591 τὸν
2364 3539 2530 3590 ἵππον
2556 3535 2868 3598 ἐλαύνοντα,
2897 3535 2993 3587 καὶ
3026 3535 3157 3598 τοὺς
3202 3535 3428 3588 οἰκείους
3449 3547 3604 3600 παρα-

2063 3631 2424 3704 θαρρύνοντα,
2463 3631 2556 3682 καὶ
2592 3630 2729 3698 πρὸς
2749 3628 2923 3696 ἀλκὴν
2950 3626 3346 3695 ὲπαλείφοντα.
3390 3626 3607 3691 Ὀλισθή-

2064 3741 2258 3786 σαντος
2291 3723 2348 3773 δὲ
2378 3721 2473 3774 τοῦ
2525 3721 2696 3774 ἵππου
2739 3719 2834 3771 καὶ
2890 3717 3275 3787 συμπεσόντος
3325 3716 3487 3785 αύτῷ,
3532 3716 3607 3766 τὶν

2065 3817 2241 3887 μηρὸν
2291 3813 2648 3880 κατεαγῆναι.
2705 3812 2817 3864 Καὶ
2860 3807 3035 3870 οὕτως
3067 3808 3496 3879 ἀνακομισθῆναι
3545 3807 3610 3866 el;

2073 3906 2316 3976 Ῥώμην,
2345 3903 2442 3976 καὶ
2471 3905 2534 3956 ὲκ
2582 3900 2679 3954 τοῦ
2731 3898 3097 3968 κατάγματος
3157 3897 3491 3965 τελευτῆσαι,
3534 3895 3611 3946 ἐπὶ

2065 3998 2125 4062 ἒξ
2166 3975 2447 4060 ἐνιαυτοὺς
2493 3993 2943 4064 αύταρχήσαντα.
2999 3992 3289 4061 ούρδανὺς
3353 3991 3406 4043 δὲ
3453 3994 3480 4044 ό
3531 3989 3610 4055 τῆς

2076 4088 2296 4160 Ῥώμης
2317 4091 2613 4160 ἀρχιερεὺς
2641 4093 2820 4144 ἐτεσιν
2867 4092 3312 4162 ἀρχιερατεύσας
3355 4087 3508 4153 ὀκτὼ,
3531 4085 3611 4138 τοῦ

2065 4184 2373 4254 Μαξιμίνου
2417 4184 2797 4255 βασιλεύοντος
2830 4185 3062 4247 ἀπεϐίω,
3119 4185 3180 4238 ὃν
3216 4186 3496 4245 Ποντιανὸς
3523 4181 3614 4233 διε·

2064 4279 2275 4342 δέξατο.
2297 4280 2409 4348 Τῆς
2433 4280 2480 4333 θ’
2505 4279 2823 4349 Ἀντιοχέων
2845 4278 3183 4348 ἐκκλησίας
3230 4279 3365 4349 μετά
3413 4273 3612 4344 Φιλητὺν

2067 4371 2306 4440 προέστη
2337 4371 2584 4442 Ζηῦῐνος.
2631 4373 2753 4426 Ἐπὶ
2781 4373 2841 4424 δέ
2879 4389 2940 4440 γε
2973 4371 3276 4442 Γορδιανού
3319 4369 3411 4425 τοῦ
3441 4369 3551 4422 νέου
3591 4368 3615 4417 ό

397 4433 662 4525 Origenes
688 4433 838 4510 ’νει-ο
879 4456 982 4511 sub
1033 4456 1087 4512 id
1114 4467 1328 4528 tempus
1355 4459 1619 4516 Caesareae
1665 4433 1951 4514 Palaestina

2069 4463 2178 4514 τῶν
2203 4463 2261 4514 ὲν
2310 4462 2498 4536 Ῥώμῃ
2529 4465 2739 4516 πιστῶν
2796 4462 3161 4533 προεστηκὼς
3200 4460 3482 4528 Ποντιανδς
3505 4473 3614 4527 μετ’

398 4547 636 4617 degens,
691 4559 890 4617 praeter
942 4549 1082 4606 alios
1129 4551 1225 4620 qui
1275 4551 1517 4622 undique
1567 4551 1964 4616 conﬂuxerant,

2069 4553 2308 4619 αλλάξας
2368 4555 2464 4608 τὸν
2505 4555 2619 4628 βίον
2642 4595 2657 4619 ,
2681 4551 2806 4625 ἔσχε
2830 4555 3079 4624 διάδοχον
3101 4554 3195 4606 τὸν
3231 4553 3540 4622 Ἀντέρωτα,
3567 4550 3617 4602 ἐν

1555 4703 1752 4764 νοτία)
1787 4703 2095 4766 lectiones
2128 4711 2193 4764 et
2230 4713 2420 4769 notte.

474 4823 587 4896 (69.)
629 4825 1041 4896 Πομπηΐαν-όν.
1100 4825 1332 4896 Haximo
1385 4837 1442 4882 et
1473 4828 1671 4882 Albino
1718 4827 1969 4882 Publium

403 4895 732 4951 successisse
782 4895 976 4948 scribit
1023 4907 1216 4949 anetor
1268 4895 1512 4951 Chronici
1573 4899 1961 4961 Alexandrini,

403 4963 645 5034 linicque
687 4962 1021 5018 Gordianum
1057 4965 1328 5018 seniorem
1363 4984 1379 5031 ;
1413 4967 1458 5020 is
1511 4976 1694 5022 autem
1736 4967 1967 5022 Publius

402 5036 671 5107 Maximus
729 5034 992 5088 Balbinus
1059 5034 1334 5107 Pupienus
1414 5038 1737 5098 vocabatur,
1799 5053 1960 5107 quem

403 5105 657 5176 eumdem
689 5118 810 5176 esse
839 5119 963 5158 cum
1002 5105 1332 5174 Pompeiano
1363 5107 1588 5161 Zonarae
1641 5105 1830 5176 putat‘
1859 5108 1963 5176 Ca-

404 5175 707 5244 saubonus.
740 5173 789 5228 Is
818 5189 972 5237 vero,
1011 5173 1372 5244 Pompeianus
1397 5177 1602 5240 Civica,
1637 5173 1829 5232 consul
1855 5175 1960 5232 fuit

406 5260 532 5318 cum
563 5243 841 5318 Gordiano
875 5243 1200 5318 secundum,
1251 5249 1408 5318 cujus
1456 5248 1791 5318 consulatus
1810 5263 1962 5302 men-

411 5316 596 5388 iioest
615 5315 686 5388 in
718 5313 891 5368 veteri
925 5315 1287 5385 inscriptione
1315 5313 1492 5388 nuper
1515 5316 1662 5372 edita
1690 5332 1720 5372 a
1753 5317 1960 5381 Thoma

407 5384 664 5443 Reinesio
697 5401 712 5442 :

940 5457 1004 5512 Θ.
1223 5459 1295 5515 Κ.

761 5529 1112 5586 ΑΝἹὨΝΕΙΔ
1147 5529 1358 5584 MouCA

763 5603 886 5655 ΚΑΙ
916 5603 990 5654 Μ.
1024 5598 1464 5654 ΔΝΤΩΝΕΙΝΟΟ

765 5671 1062 5724 ΑΛΚΜΑΝ
1089 5669 1384 5724 ΦῘλΟΟΟΦ.

778 5741 1009 5796 (ΓΙὈΙΚ.
1046 5739 1229 5794 ΔΝΕΘ

2415 4902 2556 4956 ΑΥΤ
2592 4904 2776 4959 KAIC.
2809 4906 2886 4957 Μ.
2922 4903 3234 4956 ANTONIO

2422 4973 2760 5027 remum
2791 4975 2877 5026 TE
2912 4974 3105 5033 (seru.
3133 4975 3225 5042 Β.)

2411 5043 2531 5097 ΚΑΙ
2565 5045 2955 5098 ΠΟΜΠΗΑΝΩ

2413 5114 2712 5168 ΚΙυΥΙΚΔ
2750 5113 2910 5168 KOC.

2068 5225 2242 5308 Liuius
2303 5225 2624 5308 Eompeiani
2688 5229 2909 5308 gentilis
2955 5227 3056 5281 fuit
3093 5225 3299 5308 ξρετε-αξ
3333 5225 3610 5308 vendentis

2045 5294 2251 5351 'Giviea
2302 5294 2666 5366 Pompeianus
2692 5294 2896 5353 'cousul
2944 5312 3068 5352 cum
3104 5296 3168 5352 L.
3204 5298 3432 5352 Calonio
3461 5294 3606 5349 Coni-

2073 5367 2236 5421 modo
2263 5382 2356 5421 an.
2384 5368 2470 5423 VI.
2502 5368 2565 5423 C.
2598 5369 2722 5423 838.

2150 5458 2263 5527 ('63)
2294 5457 2727 5528 Παρεσιώπησιι
2758 5459 2852 5512 καὶ
2882 5460 3086 5522 αὑτός·
3135 5460 3193 5511 οι
3236 5458 3291 5510 δ’
3324 5456 3517 5528 ἔτερόν
3545 5468 3617 5504 τι·

2079 5544 2158 5582 να
2183 5527 2312 5603 μεθ’
2335 5527 2435 5603 δν,
2480 5530 2704 5603 ιιοριιηι,
2731 5530 2878 5603 nunc
2909 5529 3133 5603 Wolﬁus
3196 5537 3256 5603 ut
3317 5527 3612 5603 mendosum

2081 5596 2234 5653 notat
2263 5599 2316 5652 in
2350 5599 2526 5653 tribus
2573 5597 2867 5654 Codicibus
2899 5599 3040 5651 unde
3072 5597 3172 5650 tria
3212 5599 3329 5651 haec
3364 5596 3516 5650 verba
3564 5596 3608 5642 in

2085 5669 2361 5738 versione,
2423 5671 2472 5721 oi
2506 5668 2551 5720 δ’
2611 5669 2800 5738 ἔτερόν
2867 5684 2988 5720 τινα
3045 5667 3232 5722 omisit
3279 5684 3292 5721 :
3333 5677 3385 5722 et
3446 5675 3609 5719 revera

2088 5736 2289 5792 desunt
2325 5738 2380 5793 iu
2406 5739 2566 5795 codd.
2600 5736 2734 5809 Reg.
2769 5746 2824 5795 et
2849 5739 3162 5793 Golberteo.
