3904 6204
395 297 532 370 1055

1665 297 1990 362 JOANNIS
2031 297 2351 360 ZONAR/E
2385 297 2391 304 ”

3475 291 3589 358 MSS

393 430 525 485 erga
581 411 932 468 Christianos
991 410 1134 465 bene
1193 408 1424 464 affectus
1479 408 1620 472 fuit;
1673 423 1739 462 ac
1787 408 1972 477 potius

2081 408 2128 460 δὲ
2157 410 2184 460 6
2218 406 2509 478 Σαπὼρης,
2545 405 2735 474 ὥσπερ
2783 403 3090 474 ἱστόρηται,
3135 401 3490 472 ὑπερμεγέθης
3513 402 3591 455 τις.

391 515 650 558 auctores
675 503 900 572 quidam
930 510 1081 564 sunt,
1109 515 1236 555 eum
1261 499 1632 555 Christianam
1661 498 1821 551 ﬁdem
1847 511 1964 551 am-

392 611 650 666 plexum,
707 596 763 648 in
809 595 1042 648 ecclesia
1091 592 1404 646 communia
1465 607 1592 647 cum
1639 589 1968 645 Christianis

391 696 519 740 vota
555 685 774 747 fecisse,
818 694 874 738 et
905 695 1131 752 peccata
1172 696 1270 736 sua
1313 698 1420 736 non
1456 692 1716 752 gravatim
1748 680 1968 735 confes-

393 793 515 831 sum
545 789 688 829 esse.
720 774 853 827 Nam
889 788 1012 827 cum
1042 790 1072 828 a
1106 775 1402 842 praeposito
1429 773 1688 828 Ecclesia:
1720 772 1787 826 ad
1818 786 1969 825 com-

398 868 719 922 munionem
751 883 862 920 non
903 866 1313 928 admitteretur,
1357 864 1461 919 nisi
1501 864 1752 918 conﬁteri
1784 864 1966 926 vellet,

396 970 454 1014 et
490 974 688 1013 nomen
740 973 900 1012 suum
939 958 1080 1010 inter
1122 957 1453 1026 pmnitentes
1489 956 1732 1025 proliteri
1770 972 1785 1010 :
1827 955 1968 1011 haud

397 1063 700 1104 recusasse.
728 1049 830 1112 Qui
862 1062 996 1102 vero
1025 1063 1150 1103 eum
1181 1047 1434 1118 martyris
1460 1046 1716 1116 Eugeniae
1745 1056 1962 1117 patrem

398 1153 522 1192 esse
556 1137 802 1201 tradunt,
836 1144 1048 1190 errant.
1079 1135 1216 1189 Nam
1251 1137 1296 1190 is
1329 1137 1554 1206 quidem
1587 1146 1642 1192 et
1675 1138 1794 1206 ipse
1828 1154 1970 1206 prae-

397 1231 582 1286 fectus
615 1232 784 1286 fuisse
812 1241 1087 1296 narratur,
1125 1232 1220 1286 sed
1257 1230 1496 1302 Egypti,
1528 1248 1636 1288 non
1670 1235 1967 1302 praetorio:

398 1336 463 1377 ac
487 1330 612 1391 post
632 1321 995 1377 Christianam
1025 1322 1206 1388 ﬁdem,
1231 1323 1415 1392 posito
1441 1323 1785 1394 magistratu,
1812 1323 1969 1379 Chri-

398 1423 544 1467 stum
577 1413 793 1468 fortiter
820 1413 1121 1482 professus,
1152 1429 1216 1468 ac
1239 1415 1484 1484 martyrii
1515 1430 1719 1470 corona
1745 1425 1974 1471 ornatus

399 1511 504 1556 est.
539 1503 638 1556 Hic
676 1515 865 1558 autem
899 1503 1191 1573 Philippus
1224 1505 1520 1573 imperator
1561 1520 1684 1558 cum
1715 1516 1973 1576 suscepto

400 1595 663 1648 adversus
694 1594 926 1666 Scythas
954 1595 1116 1659 bello,
1153 1595 1382 1650 Romam
1416 1595 1700 1662 rediisset,
1727 1596 1971 1651 Marinus

403 1684 628 1753 quidam
653 1685 912 1739 ordinum
940 1685 1139 1740 ductor
1169 1701 1200 1740 a
1228 1685 1496 1748 militibus
1520 1685 1572 1740 in
1600 1685 1769 1757 Mysia
1800 1686 1974 1754 impe-

2074 499 2237 562 ὄγκον
2266 497 2362 550 τοῦ
2395 498 2669 567 σώματος,
2699 498 2792 550 καὶ
2820 493 2929 560 οἷος
2955 494 3115 548 οὔπω
3141 496 3258 547 τότε
3286 494 3428 564 ὤφθη
3455 496 3590 563 ἁνήρ.

2087 587 2494 652 Ἐπαναζεύξας
2525 587 2582 640 δὲ
2609 589 2636 639 6
2665 587 2954 651 Φίλιππος,
2987 585 3222 654 εὐμενὴς
3249 579 3314 654 ἧν
3343 589 3443 646 toi;
3482 586 3592 654 Χρι-

2077 682 2334 743 στιανοῖς,
2373 680 2606 747 μάλιστα
2629 679 2686 731 δὲ
2717 679 2860 732 κατὰ
2886 677 3086 740 ἐνίους,
3115 678 3210 729 καὶ
3243 676 3520 746 προσετέθη
3539 681 3594 748 τῇ

2077 773 2255 824 πίστει
2306 773 2562 842 Χριστοῦ,
2620 772 2763 825 ὥστε
2816 771 2914 824 καὶ
2960 771 3141 840 εὐχῶν
3192 772 3278 824 ἐπ’
3317 771 3600 840 Ἐκκλησίας

2077 865 2407 934 κοινωνῆσαι
2455 867 2826 934 Χριστιανοῖς,
2861 866 2954 918 καὶ
3001 865 3255 934 ἁσμένως
3289 862 3602 932 ἐξαγορεῦσαι

2077 956 2177 1008 ὅσα
2203 956 2253 1008 οἱ
2288 956 2599 1026 ἡμάρτητο.
2626 953 2702 1010 Ού
2731 956 2840 1026 γὰρ
2869 956 3046 1018 ἄλλως
3080 958 3162 1017 εἰς
3192 954 3460 1008 κοινωνίαν
3483 958 3604 1026 παρὰ

2078 1046 2172 1100 τοῦ
2232 1048 2578 1116 προεστῶτος
2638 1049 2742 1116 τῆς
2794 1047 3130 1116 Ἐκκλησίας
3184 1046 3411 1116 ἐδέχετο,
3457 1047 3501 1098 εί
3543 1047 3604 1117 μὴ

2080 1138 2560 1209 ἐξομολογήσεται,
2603 1137 2698 1190 καὶ
2725 1139 2839 1200 τοῖς
2873 1136 3087 1190 αἰτοῦσι
3118 1135 3402 1205 μετάνοιαν
3446 1136 3606 1188 ἐαυτὸν

2081 1226 2372 1292 καταλέξει
2401 1243 2416 1258 ο
2475 1227 2730 1280 κάκεῖνον
2795 1227 3016 1296 λέγεται
3074 1225 3452 1296 πειθαρχήσαι.
3496 1225 3607 1277 Φασὶ

2085 1321 2268 1390 μέντοι
2299 1321 2443 1382 τινὲς
2476 1322 2667 1375 τοῦτον
2693 1317 2832 1376 εἶναι
2866 1321 2958 1374 τὸν
2991 1320 3210 1392 πατέρα
3242 1320 3339 1387 τῆς
3370 1319 3607 1388 μάρτυρος

2083 1413 2346 1479 Εὑγενίας
2379 1412 2514 1482 (66),
2544 1413 2682 1466 ἀλλὰ
2715 1411 2848 1483 περὶ
2877 1412 2976 1482 τὴν
3003 1411 3167 1476 δόξαν
3209 1410 3408 1480 ταύτην
3433 1409 3608 1462 πεπλά-

2082 1520 2293 1573 νηνται.
2337 1505 2618 1573 Ἔπαρχος
2661 1504 2760 1572 μὲν
2791 1503 2902 1572 γὰρ
2933 1503 3188 1563 κάκεῖνος
3222 1487 3464 1568 γενέσθαι
3495 1499 3609 1551 ἱστᾶ-

2085 1613 2266 1668 ρηται,
2300 1596 2416 1650 ἀλλ’
2442 1595 2746 1662 Αἰγύπτου,
2781 1595 2877 1648 καὶ
2916 1594 2975 1646 οὐ
3012 1593 3112 1646 τοῦ
3147 1590 3510 1660 δορυφορικοῦο
3536 1592 3613 1642 καὶ

2085 1688 2223 1758 μετὰ
2266 1685 2363 1756 τὴν
2391 1689 2470 1750 εἰς
2501 1686 2738 1756 Χριστὸν
2766 1686 2951 1738 πίστιν
2991 1687 3203 1746 ἐκεῖνος
3237 1682 3612 1752 παραιτησάμε-

405 1785 558 1826 rator
598 1782 682 1827 est
722 1773 990 1827 delectus.
1055 1771 1173 1838 Qua
1223 1773 1498 1828 seditione
1547 1774 1802 1828 turbatus
1851 1789 1976 1829 cum

2081 1797 2171 1844 νος
2216 1780 2316 1850 τὴν
2362 1779 2556 1851 ἀρχὴν,
2605 1778 2745 1850 ὑπὲρ
2797 1779 2896 1847 τῆς
2951 1779 3033 1840 είς
3083 1775 3320 1846 Χριστὸν
3367 1773 3612 1844 ὁμολογίας

404 1862 551 1932 apud
581 1871 829 1918 senatum
862 1863 1025 1917 verba
1059 1864 1284 1926 faceret,
1312 1863 1523 1920 caneris
1550 1864 1878 1931 tacentibus,
1905 1866 1974 1922 dc

408 1954 618 2009 Marino
647 1954 808 2026 625
831 1954 880 2009 ei
909 1971 1017 2009 non
1045 1955 1408 2010 laborandum
1433 1971 1556 2012 esse
1584 1958 1724 2013 dixit
1755 1959 1973 2022 Decius,

406 2050 552 2117 quod
598 2058 658 2101 ut
703 2047 869 2102 homo
913 2063 1085 2118 regno
1131 2049 1412 2120 indignus,
1458 2052 1662 2105 ultroa
1705 2052 1976 2107 militibus

404 2139 740 2195 occidendus
766 2149 915 2194 esset
943 2157 954 2192 :
994 2141 1160 2208 idque
1194 2150 1254 2194 ut
1299 2141 1389 2194 ille
1421 2143 1779 2210 praedixerat,
1812 2146 1976 2212 paulo

405 2238 532 2299 post
560 2229 784 2284 accidit.
810 2230 925 2295 Qua
951 2230 1018 2284 de
1048 2246 1210 2285 causa
1237 2231 1527 2302 Philippus
1552 2235 1772 2289 Decium
1801 2237 1978 2291 admi-

405 2329 590 2385 ratus,
631 2319 685 2374 in
727 2319 949 2390 Mysiam
984 2321 1138 2375 abire
1176 2331 1231 2377 et
1269 2323 1558 2378 seditionis
1587 2338 1840 2380 auctores
1873 2345 1976 2397 pu-

406 2413 526 2466 nire
556 2412 741 2480 jussit.
775 2409 822 2466 ls
856 2428 986 2467 vero
1019 2428 1140 2466 eam
1177 2413 1528 2482 legationem,
1557 2419 1703 2484 quod
1741 2435 1841 2475 nec
1869 2421 1974 2475 sibi

409 2516 589 2569 neque
639 2501 879 2556 mittenti
936 2502 1118 2557 futura
1169 2515 1314 2559 esset
1372 2507 1556 2569 utilis,
1611 2509 1974 2578 deprecatus:

409 2601 592 2646 tamen
628 2603 856 2661 urgente
897 2593 1173 2664 Philippo,
1210 2597 1346 2650 abiit
1379 2599 1605 2663 invitus,
1640 2610 1696 2654 et
1725 2617 1754 2653 a
1786 2602 1976 2656 militi-

2079 1874 2388 1945 ὴνδρίσατο,
2438 1872 2530 1924 καὶ
2583 1869 2871 1942 μαρτυρίῳ
2911 1871 3285 1938 κεκόσμηται.
3313 1867 3482 1930 Οὕτως
3531 1865 3616 1918 6'6

2077 1963 2441 2035 αὐτοκράτωρ
2469 1965 2497 2015 6
2526 1963 2787 2023 Φίλιππος
2816 1960 2951 2032 πρὸς
2986 1959 3205 2020 Σκύθας
3252 1959 3509 2027 ἀράμενος
3534 1953 3608 2006 πό·

2075 2058 2263 2127 λεμον,
2315 2057 2395 2119 είς
2433 2055 2654 2124 Ῥώμην
2689 2054 3017 2123 ἐπανῆλθεν.
3071 2053 3160 2105 Ἐν
3195 2052 3250 2104 δὲ
3281 2052 3472 2111 Μυσοῖς
3519 2049 3614 2102 Μαι

2080 2153 2224 2221 ρῖνος
2262 2147 2374 2218 (67)
2397 2165 2480 2208 τις
2510 2146 2813 2215 ταξιάρχης
2841 2145 2940 2210 ὢν,
2969 2145 3127 2214 παρᾶ
3161 2144 3271 2196 τῶν
3303 2137 3610 2214 στρατιωτῶν

2080 2240 2386 2310 βασιλεύειν
2415 2232 2610 2312 ᾖρέθη.
2644 2239 2753 2290 Καὶ
2778 2237 2867 2291 διὰ
2892 2238 3054 2290 τοῦτο
3078 2239 3106 2288 6
3132 2234 3393 2295 Φίλιππος
3419 2229 3609 2297 τεθορύ-

2081 2333 2236 2402 ϐητο,
2262 2331 2359 2386 καὶ
2391 2334 2457 2401 τῇ
2485 2330 2776 2400 συγκλήτῳ
2797 2328 3077 2398 διειλέχθη
3105 2327 3233 2397 περὶ
3263 2326 3357 2392 τῆς
3391 2323 3611 2380 στάσεως-

2081 2423 2203 2476 Τῶν
2235 2421 2412 2476 ἄλλων
2441 2421 2498 2474 δὲ
2539 2421 2890 2480 σιωπώντων,
2921 2422 2948 2473 6
2982 2421 3180 2481 Δέκιος
3245 2417 3317 2486 μὴ
3353 2416 3454 2468 δεῖν
3481 2429 3616 2482 φρον-

2079 2516 2250 2574 τίζειν
2282 2509 2435 2565 εἶπεν
2469 2511 2617 2580 αύτῷ
2669 2512 2797 2580 περὶ
2830 2510 2924 2563 τοῦ
2981 2510 3260 2580 Μαρίνου,
3299 2506 3371 2568 ὡς
3401 2503 3514 2574 παρ’
3537 2503 3616 2555 αύ-

2081 2606 2189 2659 τῶν
2218 2605 2720 2674 ἀναιρεθησομένου
2752 2603 2859 2655 τῶν
2896 2602 3276 2671 στρατιωτῶν,
3312 2594 3396 2652 οἷα
3435 2596 3614 2661 ἀναξίου

407 2683 511 2737 bus
553 2685 738 2738 statim
797 2687 1006 2740 strictis
1065 2689 1294 2744 ensibus
1349 2691 1603 2760 accipere
1661 2694 1976 2762 imperium,

2081 2697 2182 2767 τῆς
2211 2695 2489 2767 βασιλείας
2515 2713 2606 2764 tu;
2619 2695 2898 2766 χάνοντος.
2931 2697 2999 2747 Ὃ
3033 2694 3154 2764 μετ’
3181 2693 3357 2758 ὀλίγον
3387 2690 3512 2744 κατὰ
3539 2688 3615 2754 τὴν

405 2777 762 2844 quanlumvis
805 2788 1120 2844 recusaret,
1158 2793 1413 2846 coactus,
1459 2783 1712 2854 Philippo
1763 2787 1975 2852 scribit,

2083 2790 2292 2842 ἐκείνου
2328 2789 2518 2854 γέγονε
2564 2789 2891 2857 πρόρρησιν.
2924 2786 3230 2853 Θαυμάσας
3260 2779 3351 2836 οὖν
3392 2783 3417 2834 6
3461 2779 3617 2832 Φίλιπ-

407 2880 477 2919 ne
514 2866 806 2921 turbetur:
847 2883 905 2922 se
939 2869 1128 2932 enim,.
1154 2870 1248 2924 ubi
1293 2871 1522 2926 Romam
1563 2877 1797 2937 venerit.
1831 2879 1976 2946 posi-

2088 2897 2187 2942 πος
2216 2879 2302 2932 διὰ
2325 2879 2483 2931 τοῦτο
2514 2881 2604 2932 τὸν
2640 2879 2849 2934 Δέκιον.
2879 2877 3140 2930 ἀπελθεῖν
3185 2875 3534 2944 προετρέπετο
3554 2868 3617 2927 είς

409 2965 593 3011 turum
625 2973 745 3013 esse
782 2958 1015 3030 insignia
1061 2961 1302 3031 imperii.
1348 2964 1503 3030 Quod
1539 2966 1828 3037 Philippus
1866 2985 1976 3024 non

2084 2971 2326 3035 Μυσίαν,
2361 2970 2456 3023 καὶ
2487 2970 2717 3023 κολάσαι
2751 2971 2874 3032 τοὺς
2902 2968 3116 3029 αίτίους
3147 2969 3244 3035 τῆς
3296 2964 3536 3024 στάσεως.
3568 2957 3614 3011 '0

408 3048 676 3112 credens,
726 3049 932 3104 bellum
965 3052 1015 3107 ei
1060 3052 1284 3108 intulit:
1322 3057 1727 3126 commissoque
1765 3061 1976 3128 praelio,

2083 3063 2140 3116 δὲ
2188 3062 2286 3133 τὴν
2343 3063 2648 3132 ἀποστολὴν
2702 3063 3023 3132 παρῃτεῖτο,
3078 3060 3256 3127 λέγων
3303 3055 3452 3126 μήθ’·-
3471 3050 3614 3119 ἐαυτῷ

411 3139 466 3192 in
509 3141 682 3209 prima
722 3144 838 3196 acie
869 3144 1142 3198 dimicans
1173 3162 1279 3199 una
1313 3163 1435 3201 cum
1467 3148 1580 3203 ﬁlio
1611 3151 1862 3222 Philippo
1891 3169 1976 3208 ce-

2085 3155 2222 3223 μήτε
2258 3152 2335 3221 τῷ
2367 3153 2638 3205 στέλλοντι
2685 3153 2990 3222 συμφέρειν
3023 3152 3193 3204 αὐτὸν
3228 3151 3342 3203 ἐκεῖ
3375 3145 3614 3200 ἀπελθεῖν·

410 3231 566 3286 cidit.
601 3233 810 3297 Quibus
835 3234 1084 3299 sublatis,
1119 3238 1360 3292 universi
1387 3254 1444 3293 se
1477 3240 1543 3293 ad
1585 3240 1808 3295 Decium
1848 3258 1976 3297 con-

2081 3248 2107 3298 6
2136 3247 2192 3298 δὲ
2221 3245 2486 3308 Φίλιππος
2511 3247 2604 3299 καὶ
2651 3245 2731 3298 ἐτι
2763 3245 3006 3298 ἐνέκειτο
3032 3262 3047 3277 ο
3083 3245 3334 3305 κάκεῖνος
3376 3241 3464 3292 καὶ
3497 3239 3616 3290 ἄκων

410 3323 681 3376 tulerunt.
719 3325 987 3394 Regnavit
1015 3337 1222 3388 autem.
1258 3338 1317 3382 ut
1345 3331 1568 3399 quidam
1604 3332 1846 3395 tradunt,
1883 3350 1976 3387 an-

2081 3336 2272 3407 ὰπῄει,
2319 3337 2414 3388 καὶ
2461 3335 2768 3391 ἀπελθόντα
2806 3336 2968 3398 εὐθὺς
3021 3336 3189 3388 αὑτὸν
3239 3333 3289 3386 oi
3334 3327 3619 3400 στρατιῶται

415 3430 518 3469 nos
552 3430 602 3480 ν,
641 3424 698 3468 ut
747 3416 838 3469 alii
869 3432 945 3480 vr,
982 3427 1036 3472 et
1079 3421 1304 3476 totidem
1348 3438 1585 3477 menses.
1632 3425 1758 3478 Fuit
1800 3436 1976 3479 autem

2084 3426 2312 3497 βασιλέα
2339 3427 2690 3497 εὐφήμησαν.
2721 3426 2828 3479 Τοῦ
2856 3426 2912 3478 δὲ
2939 3424 3403 3491 ἀπαναινομένου,
3430 3419 3491 3472 τὰ
3517 3417 3620 3484 ξίφη

411 3505 620 3558 Bostris
643 3505 932 3569 oriundus,
975 3507 1063 3562 ubi
1091 3525 1257 3580 regno
1281 3513 1512 3581 potitus,
1557 3514 1976 3585 PhilippOpolim

2084 3521 2448 3592 σπασάμενοι,
2481 3518 2737 3583 δέξασθαι
2768 3512 2932 3570 αὑτὸν
2971 3517 3299 3587 ἠνάγκασαν
3338 3513 3431 3583 τὴν
3452 3508 3614 3580 ἀρχὴν.

410 3594 479 3648 de
510 3611 611 3649 suo
644 3597 865 3650 nomine
896 3597 1166 3654 condidit.
1219 3670 1236 3688 .

2081 3610 2280 3680 Γράφει
2315 3606 2410 3664 οὖν
2452 3612 2662 3664 ἐκεῖθεν
2689 3610 2764 3678 τῷ
2790 3610 3042 3677 Φιλίππῳ
3091 3611 3166 3679 μὴ
3205 3605 3550 3677 ταραχθῆναι’
3579 3597 3617 3650 εί

409 3689 520 3755 γὰρ
569 3687 824 3758 ἐπισταίη
871 3692 936 3761 τῇ
984 3691 1193 3762 Ῥώμῃ.
1259 3693 1594 3765 ἀποϐήσεται
1637 3695 1706 3749 τὰ
1769 3700 1869 3767 τῆς
1934 3697 2215 3768 βασιλείας
2255 3703 2584 3771 παράσημα.
2666 3701 2803 3754 Ἀλλ’
2826 3703 3140 3770 ἀπιστήσας
3185 3699 3356 3768 τούτῳ
3395 3699 3421 3748 6
3466 3693 3621 3748 Φίλιπ-

411 3794 530 3840 πος,
570 3778 955 3849 ἐξεστράτευσε
1004 3785 1124 3838 κατ’
1153 3785 1317 3838 αὑτοῦ
1343 3802 1358 3815 ·
1410 3789 1504 3840 καὶ
1539 3789 1834 3858 συμϐαλὼν
1901 3793 2016 3855 τοῖς
2089 3793 2186 3847 τοῦ
2222 3795 2411 3847 Δεκίου
2456 3795 2654 3847 ἔπεσεν
2704 3795 2763 3846 ἐν
2795 3797 2908 3857 τοῖς
2958 3796 3203 3860 πρώτοις
3244 3791 3618 3860 ἀγωνιζόμενος.

410 3872 516 3924 Σὺν
551 3873 696 3941 αύτῷ
748 3873 803 3924 δὲ
846 3873 937 3926 καὶ
983 3877 1011 3928 6
1061 3876 1174 3938 υίὸς
1213 3878 1376 3931 αὑτοῦ
1413 3879 1655 3950 ἀνῄρητο
1686 3882 1975 3946 Φίλιππος’
2016 3877 2092 3938 ὧν
2137 3885 2436 3948 θανόντων,
2503 3887 2582 3956 τῷ
2645 3886 2821 3954 Δεκίῳ
2865 3883 3177 3954 ξύμπαντες
3217 3882 3620 3954 προσεχώρησανο

422 3965 769 4018 Ἐϐασίλευσε
825 3968 881 4020 δὲ
933 3970 1072 4022 κατὰ
1107 3970 1208 4038 μέν
1256 3988 1410 4033 τινας
1457 3975 1622 4025 πέντε
1667 3974 1973 4039 ἐνιαυτοὺς,
2015 3975 2140 4030 καθ’
2207 3975 2428 4047 ἐτέρους
2463 3978 2520 4030 δέ
2556 3979 2639 4042 ἓξ,
2673 3976 2769 4032 ἐπὶ
2831 3978 3127 4040 τοσούτους
3181 3980 3374 4047 μῆνας.
3412 3975 3620 4044 Ὠρμητσ

408 4057 454 4110 δ’
484 4062 547 4109 εκ
599 4057 867 4127 Βόστρων,
901 4061 1034 4115 ὅπου
1083 4063 1178 4114 καὶ
1220 4063 1375 4114 πόλιν
1407 4061 1734 4135 βασιλεύσας
1794 4065 2084 4138 ἐπώνυμον
2149 4069 2326 4140 ἐαυτῷ
2397 4070 2731 4141 ἐδομήσατο,
2791 4055 3228 4124 Φιλιππούπολιν
3261 4068 3366 4138 (68)
3388 4065 3618 4133 ὀνομάσας

409 4149 600 4219 αὐτήν.

484 4244 600 4298 XX.
644 4245 940 4301 Enimvero
991 4248 1188 4304 Decius
1234 4252 1491 4308 omnibus
1543 4253 1853 4324 legionibus
1893 4270 1976 4309 ac-

2166 4253 2251 4309 K'.
2297 4253 2364 4306 '0
2409 4269 2473 4320 γε
2520 4252 2627 4324 μὴν
2670 4251 2859 4314 Δέκιος
2901 4249 3144 4314 πάντων,
3175 4247 3250 4309 ὡς
3287 4247 3506 4316 εἴρηται,
3531 4237 3618 4290 τῶν

409 4335 586 4402 ceptis
612 4336 842 4392 Romam
869 4338 1169 4406 profectus,
1198 4341 1490 4410 imperium
1522 4343 1790 4409 ﬁrmavit;
1818 4355 1976 4414 atque

2086 4345 2514 4418 στρατευμάτων
2546 4341 3055 4412 προσχωρησάντων
3084 4339 3261 4409 αὐτῷ,
3284 4341 3359 4401 εἰς
3384 4336 3471 4404 τὴν
3512 4328 3616 4384 Ῥώ-

411 4426 531 4495 ejus
566 4429 927 4497 amplitudine
987 4446 1051 4485 ac
1082 4434 1436 4504 negotiorum
1469 4437 1825 4492 multitudine
1854 4453 1986 4492 con-

411 4518 683 4582 siderata,
727 4529 788 4574 ut
827 4523 1056 4592 quidam
1103 4526 1296 4592 aiunt,
1331 4528 1681 4584 Valerianum
1723 4532 1984 4600 collegam

410 4609 603 4664 ascivit
630 4627 643 4663 :
676 4620 730 4664 et
763 4622 992 4682 uterque
1022 4615 1256 4670 alterum
1281 4619 1624 4687 cohortatus,
1652 4623 1987 4691 persecutio-

413 4713 538 4753 nem
570 4701 974 4754 atrocissimam
1001 4714 1193 4763 contra
1223 4704 1567 4762 Christianos
1604 4709 1982 4766 instituerunt.

415 4789 556 4844 Sunt
578 4792 670 4859 qui
701 4793 912 4858 dicant,
942 4795 1177 4864 Philippi
1209 4797 1359 4864 odio,
1391 4799 1830 4855 Christianorum
1869 4803 1988 4855 cul-

413 4883 572 4946 toris,
612 4883 836 4937 Decium
865 4896 1081 4942 nostros
1146 4901 1492 4958 persecutum
1529 4910 1673 4948 esse.
1716 4894 1847 4950 Utut
1879 4902 1983 4960 est,

412 4977 603 5025 contra
655 4972 846 5028 ﬁdeles
880 4975 1125 5044 profecto
1153 4979 1399 5036 insaniit.
1447 4981 1524 5036 Eo
1566 4993 1810 5053 tempore
1860 4983 1984 5038 Fla-

415 5057 647 5121 vianus,
705 5062 962 5118 Ecclesiae
1021 5065 1279 5123 Romana:
1339 5071 1665 5143 cpiscopus,
1726 5075 1986 5145 martyrio

414 5147 582 5204 vitam
611 5151 769 5207 finiit.
804 5155 937 5211 ltcm
976 5156 1203 5229 Babylas
1233 5161 1631 5227 Antiochenus,
1671 5175 1726 5218 et
1754 5166 1987 5220 Alexan-

2090 4454 2199 4507 μην
2248 4435 2640 4506 ἐπανελήλυθε,
2689 4435 2784 4485 καὶ
2823 4434 2925 4499 τῆς
2961 4432 3267 4502 ἡγεμονίας
3313 4430 3514 4495 γέγονεν
3544 4424 3616 4487 ἐγ·

2083 4527 2312 4598 κρατής.
2372 4526 2791 4593 Ἀποσκοπήσας
2837 4523 2896 4577 δὲ
2948 4524 3086 4592 πρὸς
3135 4523 3226 4576 τὸν
3272 4521 3364 4589 τῆς
3405 4514 3615 4582 ἐξουσίας

2083 4620 2269 4685 ὖγκον,
2295 4616 2388 4671 καὶ
2415 4617 2513 4688 τήν
2542 4615 2650 4668 τῶν
2679 4617 3025 4686 πραγμάτων
3055 4611 3392 4680 οἰκονομίαν,
3415 4609 3480 4669 ὼς
3506 4604 3614 4656 ἐνιοι

2083 4711 2324 4779 λέγουσι,
2369 4711 2461 4764 τὸν
2515 4708 2840 4778 Βαλεριανὸν
2894 4707 2990 4760 ἐπὶ
3039 4709 3106 4778 τῇ
3163 4705 3272 4759 τῶν
3324 4697 3612 4772 πραγμάτων

2083 4805 2349 4875 διοικήσει
2376 4803 2717 4874 προσείλετο.
2749 4804 2860 4856 Καὶ
2887 4802 3089 4854 αὐτίκα
3124 4799 3386 4867 ἀλλήλους
3415 4795 3488 4854 εἰς
3516 4788 3612 4875 Θεομ-

2089 4872 2290 4963 μαχίαν
2324 4872 2871 4965 παρακροτήσαντες,
2904 4891 3143 4959 διωγμὸν
3183 4888 3469 4956 ἐπήγειραν
3499 4872 3610 4965 κατα

2246 4962 2656 5056 Χριστωνύμων
2705 4985 3092 5055 σφοδρότατον.
3138 4980 3262 5033 Εἰσὶ
3309 4976 3351 5028 δ’
3382 4973 3426 5025 οἳ
3454 4970 3534 5020 καὶ
3557 4962 3611 5015 δι’

2085 5076 2242 5146 ἐλίθος
2269 5079 2332 5130 τὺ
2367 5078 2502 5147 πρὸς
2541 5078 2636 5131 τὸν
2682 5077 2948 5130 Φίλιππόν
2981 5092 3118 5145 φασι
3153 5075 3264 5133 τοῖς
3308 5056 3610 5147 Χριστιανοῖς

2085 5169 2369 5224 ἐπιθέσθαι
2415 5169 2506 5222 τὸν
2549 5169 2762 5235 Δέκιον,
2806 5163 2896 5221 οἷα
2938 5169 3068 5234 παρ’
3093 5163 3300 5218 ἐκείνου
3343 5145 3605 5216 σεὸαζοὲιέ”

1627 5317 1826 5380 Varias
1868 5319 2177 5382 lectiones
2219 5328 2280 5382 et
2319 5327 2511 5382 notae.

489 5492 604 5564 (66)
636 5491 946 5564 Ειιξγενίας.
979 5493 1112 5549 Vide
1145 5491 1540 5550 Casaubonum
1573 5494 1641 5549 ad
1675 5491 1814 5548 llist.
1874 5493 1987 5546 Au-

419 5563 656 5632 gustam,
703 5563 763 5617 P.
801 5564 932 5628 20!,
967 5582 1000 5618 ll
1039 5565 1171 5618 edit.

495 5634 611 5706 (δῖ)
639 5632 938 5706 ΑΜαρῖνος.
984 5635 1160 5706 istius
1197 5637 1412 5695 Marini,
1465 5644 1663 5703 praeter
1697 5633 1988 5706 Zonaran}.

426 5702 681 5759 meminit
742 5709 910 5758 etiam
981 5705 1280 5761 Zosimus:
1337 5707 1496 5774 cujus
1579 5713 1837 5757 uit-terum
1905 5702 1993 5753 vix

2095 5489 2225 5544 alibi
2281 5488 2489 5542 mentio
2556 5487 2820 5542 occurrit.

2171 5559 2282 5626 (6x)
2306 5559 2793 5611 Φιλιππούπολιν
2820 5554 3144 5627 ὀνομάσας.
3165 5555 3309 5627 "Vide
3351 5547 3599 5627 ,οζδθττπθ

2099 5645 2128 5683 a
2161 5621 2438 5699 Scaligero
2465 5628 2532 5682 ad
2566 5628 2884 5691 Eusebium,
2915 5621 3038 5696 pag.
3087 5625 3209 5682 245.
3245 5640 3278 5677 ιι
3301 5621 3421 5674 edit.
