3938 6208
424 202 564 273 1057

1668 212 2066 273 ANNALIUM
2114 213 2255 274 LIB.
2297 214 2376 273 XI
2393 214 2439 272 l.

3512 178 3655 292 mea

406 318 542 382 νοις.
584 316 880 389 Ἐμεμήνει
933 317 1064 388 γοῦν
1121 317 1263 372 κατὰ
1313 318 1421 373 τῶν
1472 322 1706 384 πιστῶν,
1744 322 1837 374 ὅτε
1885 325 1980 375 καὶ

2092 321 2180 375 der
2209 322 2742 394 Hierosolymitanus
2767 325 3084 396 episcopus,
3125 331 3220 399 qui
3248 346 3356 386 non
3394 341 3508 390 tum
3541 342 3654 406 pri—

400 408 705 472 Φλαϐιανδς
751 409 781 461 ὁ
831 409 932 477 τῆς
980 408 1040 462 ἑν
1082 408 1271 483 Ῥώμῃ
1306 412 1706 480 προϊστάμενος
1748 411 1976 481 Ἐκκλη-

407 501 527 563 σίας
562 500 724 569 ἔτυχε
754 499 938 562 τέλους
973 499 1336 569 μαρτυρικοῦ,
1369 500 1463 554 καὶ
1513 498 1759 564 Βαδύλας
1792 504 1822 555 ό
1867 505 1976 555 τῶν

405 594 464 644 ὲν
507 590 809 663 Ἀντιοχείᾳ
861 590 1067 643 πιστῶν
1098 590 1199 659 τὴν
1241 589 1569 663 Ἐκκλησίαν
1608 591 1834 657 διέπων,
1882 596 1977 647 καὶ

419 682 765 751 Ἀλέξανδρος
813 683 840 733 ό
886 680 997 733 τῶν
1041 681 1430 750 Ἱεροσολύμων
1472 682 1793 746 ἐπίσκοπος,
1825 680 1881 744 ὃς
1910 684 1973 736 ού

404 774 525 824 τότε
558 770 791 840 πρώτως
821 770 1170 841 ύπερήθλησε
1215 770 1314 849 τῆς
1357 772 1437 835 είς
1465 772 1556 825 τὸν
1589 773 1818 844 Σωτῆρα
1862 775 1971 827 Κύ-

408 881 527 936 ριον
563 864 822 926 πίστεως,
850 863 985 916 άλλά
1012 865 1105 917 καὶ
1139 864 1353 934 πρώην,
1386 864 1461 928 ώς
1493 864 1594 936 ῆδη
1625 865 1975 939 προείρηται,

405 956 504 1009 καὶ
544 956 666 1008 τότε
710 954 769 1007 δὲ
831 954 1174 1025 καθειρχθεὶς
1211 992 1228 1018 ,
1290 954 1434 1009 κατὰ
1495 955 1556 1009 τὸ
1602 955 1976 1029 δεσμωτήριον

404 1047 656 1116 τελευτᾷ.
705 1046 865 1100 Ἀλλὰ
912 1047 1007 1099 καὶ
1053 1049 1079 1098 ὁ
1115 1046 1289 1115 μέγας
1335 1046 1653 1117 Κυπριανὸς
1694 1048 1793 1117 τῆς
1822 1048 1977 1119 Καρ-

407 1142 647 1210 θαγένης
692 1140 989 1202 ἐπίσκοπος
1045 1138 1121 1193 ὣν
1165 1141 1469 1210 τηνικαῦτα
1500 1142 1599 1208 τῆς
1628 1143 1710 1206 είς
1741 1143 1977 1212 Χριστὸν

408 1232 759 1301 ὑπερηθλητε
782 1231 1038 1293 πίστεως.
1059 1230 1180 1285 Τῶν
1212 1228 1306 1285 οὖν
1331 1233 1643 1303 εἰρημένων
1674 1236 1977 1306 ἀρχιερέων

412 1322 826 1393 μετηλλαχότων
858 1321 948 1375 τὸν
977 1321 1112 1392 βίον,
1146 1325 1203 1375 ἐν
1237 1325 1337 1394 μὲν
1380 1324 1570 1396 Ῥώμῃ
1598 1326 1720 1379 ἀντὶ
1744 1327 1980 1381 Φλαὸια-

410 1416 505 1469 νοῦ
550 1416 847 1486 Κορνήλιος
876 1418 1280 1486 ἐπεσκόηιτησεν,
1318 1418 1377 1472 ὲν
1414 1418 1720 1492 Ἀντιοχείᾳ
1757 1420 1814 1474 δὲ
1857 1421 1978 1475 ἀντὶ

411 1507 631 1561 Βαϐύλα
659 1506 980 1571 Φλαόιανδς,
1013 1508 1105 1560 καὶ
1144 1508 1202 1560 ὲν
1249 1506 1628 1579 Ἀλεξανδρείᾳ
1677 1510 1977 1578 Διονύσιος,

411 1601 471 1651 ὲν
517 1597 563 1651 δ’
610 1598 1007 1668 Ἱεροσολύμοις
1044 1599 1168 1652 ἀντὶ
1220 1596 1572 1668 Ἀλεξάνδρου
1618 1599 1975 1672 Μαζαϐάνης,

2092 429 2240 469 mum
2297 428 2399 484 pro
2436 415 2762 472 Christiana
2802 418 2912 473 ﬁde
2969 419 3294 487 decertavit,
3352 424 3448 479 sed
3498 432 3651 492 prius

2082 506 2273 572 etiam,
2307 515 2366 561 ut
2390 507 2505 578 jam
2527 512 2842 579 expositum
2878 519 3001 568 est:
3031 520 3144 567 tum
3177 528 3309 569 vero
3338 516 3395 569 in
3428 533 3650 574 carcere

2083 596 2236 653 obiit.
2279 597 2386 655 Sed
2434 610 2492 655 et
2535 616 2765 670 magnus
2815 601 3158 672 Cyprianus,
3183 604 3652 678 Carthaginiensis

2085 688 2406 759 episcopus,
2449 708 2548 762 pro
2587 692 2900 749 Christiana
2931 695 3036 749 (ide
3068 697 3320 752 certarit.
3353 698 3452 754 llis
3484 699 3652 770 igitur

2084 781 2441 847 pontiﬁcibus
2468 783 2776 848 defunctis,
2823 786 3011 841 Romae
3041 786 3300 843 Flaviano
3336 789 3650 857 Cornelius,

2081 877 2427 933 Antiocheno
2465 878 2680 949 Babylae
2731 880 3055 941 Flavianus,
3079 882 3424 937 Alexandriae
3448 884 3650 955 Diony-

2082 967 2219 1032 sius,
2255 968 2651 1040 Hierosolymis
2674 971 2984 1025 Alexandro
3011 972 3331 1028 Mazabanes
3361 977 3649 1030 successit.

2084 1060 2190 1118 Sed
2229 1075 2285 1120 et
2313 1064 2407 1119 alii
2444 1065 2669 1132 plurimi
2703 1067 2947 1136 martyrii
2988 1066 3254 1135 dignitate
3283 1077 3412 1121 sunt
3447 1070 3651 1123 ornati.

2084 1152 2239 1207 Tunc
2283 1155 2451 1209 etiam
2497 1153 2763 1224 Origenes
2809 1155 2881 1210 ad
2924 1158 3269 1226 tyrannicum
3311 1157 3548 1212 tribunal
3592 1168 3655 1214 ut

2087 1243 2294 1300 Christi
2336 1246 2518 1300 cultor
2556 1247 2829 1303 adductus
2869 1257 2975 1310 est,
3021 1249 3119 1303 sed
3163 1249 3371 1304 honore
3404 1253 3655 1323 martyrii

2083 1337 2261 1391 caruit
2295 1338 2495 1400 miser,
2522 1338 2574 1394 ei
2611 1348 2831 1408 negato,
2867 1350 2927 1394 ut
2964 1340 3182 1409 Opinor,
3217 1357 3246 1396 a
3286 1342 3401 1397 Deo
3426 1343 3497 1397 ob
3532 1359 3657 1413 per»

2083 1442 2272 1483 versas
2297 1428 2612 1496 opiniones.
2642 1429 2777 1484 Nam
2814 1440 3084 1485 tormenta
3128 1433 3294 1502 626
3315 1435 3424 1504 jam
3449 1450 3655 1505 expern
3716 1436 3741 1463 '

2086 1524 2195 1579 tus,
2235 1522 2417 1570 tamen
2451 1517 2700 1571 ordinem
2736 1515 2999 1572 deseruit.
3039 1516 3158 1579 Hic,
3194 1528 3252 1572 ut
3281 1530 3408 1573 ante
3441 1518 3651 1574 dictum

2085 1614 2190 1671 est,
2227 1622 2351 1661 cum
2383 1606 2639 1661 doctrina
2675 1617 2730 1661 et
2763 1608 3080 1676 eloquentia
3119 1609 3438 1674 excelleret,
3464 1625 3659 1680 super-

413 1691 506 1743 xa't
533 1689 680 1744 ἄλλοι
702 1689 760 1742 δὲ
788 1689 1031 1742 πλεῖστοι
1057 1692 1357 1760 μαρτυρίου
1387 1689 1509 1742 τότε
1536 1691 1978 1763 κατηξιώθησαν.

2092 1700 2173 1755 bia
2195 1709 2252 1756 et
2270 1703 2583 1772 arrogantia
2603 1702 2799 1765 elatus,
2824 1711 3072 1758 veterum
3098 1713 3411 1759 sanctorum
3434 1704 3657 1760 Patrum

411 1781 545 1833 ἰ’ότε
570 1782 667 1834 καὶ
709 1780 989 1853 Ὀριγένης
1020 1781 1277 1851 παρήχθη
1316 1781 1416 1850 μὲν
1468 1783 1553 1844 εἰς
1583 1783 1735 1852 βῆμα
1781 1800 1982 1855 τυραν·

410 1871 567 1925 νικδν
593 1872 668 1935 ὼς
696 1869 988 1941 σεόόμενος
1017 1872 1108 1924 τὸν
1133 1871 1495 1941 Χριστὸν,ούκ
1527 1873 1684 1944 ἔτυχε
1712 1875 1769 1927 δὲ
1799 1877 1982 1940 τέλους

414 1963 783 2035 μαρτυρικοῦ,
816 1959 972 2033 οἶμαι
1005 1960 1101 2015 τοῦ
1144 1961 1280 2017 Θεοῦ
1327 1965 1535 2034 ταύτης
1564 1964 1725 2019 αὐτὸν
1758 1965 1835 2039 μὴ
1864 1968 1986 2037 κρί-

410 2074 605 2115 ναντος
652 2055 800 2120 ἄξιον
829 2054 917 2107 διὰ
947 2054 1009 2106 τὸ
1049 2054 1180 2124 περὶ
1223 2054 1291 2108 τά
1320 2055 1580 2128 ὀρθόδοξα
1610 2057 1857 2127 δόγματα
1890 2058 1982 2112 τοῦ

412 2148 604 2203 ἀθλίου
656 2147 868 2201 ἐκείνου
912 2146 1264 2216 διάστροφον.
1313 2149 1679 2200 Λειποτακτεῖ
1717 2146 1848 2219 γάρ,
1889 2150 1985 2201 καὶ

410 2242 589 2295 ταῦτα
619 2240 756 2310 μετὰ
790 2241 984 2308 πεῖραν
1017 2236 1289 2308 βασάνων.
1326 2234 1516 2304 Οὗτος,
1552 2239 1628 2303 ὡς
1672 2239 1985 2311 ἔμπροσθεν

413 2332 650 2401 εἴρηται,
714 2331 886 2402 μέγας
950 2330 1008 2381 ὲν
1066 2328 1248 2396 λόγοις
1313 2330 1624 2401 γενόμενος,
1688 2331 1989 2385 κάντεῦθεν

413 2424 838 2493 ὑπερφρονήσας
886 2422 981 2474 καὶ
1018 2420 1555 2490 ἀλαζονευσάμενος,
1607 2422 1668 2474 ού
1713 2423 1827 2484 τοῖς
1878 2422 1987 2477 τῶν

414 2514 527 2585 πρὸ
571 2513 737 2566 αὐτοῦ
786 2511 1043 2584 Πατέρων
1100 2512 1262 2584 ιερῶν
1311 2511 1644 2583 ἠκολούθησε
1699 2498 1985 2584 δόγμασιν,

413 2604 530 2658 ἀλλ’
565 2602 744 2673 ἑαυτῷ
772 2603 1077 2675 θαρρήσας,
1096 2602 1299 2656 καινῶν
1331 2603 1621 2673 δογμάτων
1650 2605 1987 2674 είσαγωγεὺς

415 2697 779 2768 ἐχρημάτισε,
807 2697 901 2747 καὶ
923 2694 1275 2765 βλασφημίας
1297 2696 1377 2758 είς
1400 2711 1460 2747 τε
1482 2694 1583 2765 τὴν
1602 2695 1764 2763 άγίαν
1783 2695 1988 2769 Τριάδα

415 2791 513 2843 καὶ
556 2789 658 2857 τὴν
709 2788 858 2840 θείαν
906 2786 1325 2858 ὲνανθρώπησιν
1371 2790 1436 2840 ὲκ
1481 2787 1576 2840 τοῦ
1613 2789 1853 2858 πονηροῦ
1889 2791 1988 2862 θη·-

419 2881 626 2953 σαυροῦ
667 2881 767 2950 τῆς
801 2879 1033 2952 καρδίας
1075 2877 1240 2932 αὑτοῦ
1276 2877 1630 2950 ἑξηρεύξατο,
1664 2881 1761 2934 καὶ
1810 2882 1989 2951 πάσης

2084 1792 2325 1849 decretis
2350 1791 2637 1862 neglectis,
2666 1807 2931 1848 novarum
2961 1793 3282 1863 Opinionum
3313 1809 3399 1849 auv
3419 1802 3506 1847 tor
3536 1809 3658 1850 esse

2084 1901 2193 1940 non
2218 1885 2493 1940 dubitavit
2518 1901 2534 1941 :
2558 1895 2617 1941 et
2646 1886 3020 1954 blaspliemias
3052 1888 3104 1940 in
3138 1895 3382 1942 sanctam
3410 1887 3658 1945 Trinita-

2085 1987 2218 2035 tem.
2242 1976 2601 2043 dirinamque
2623 1974 3137 2031 inhumanationem
3168 1991 3236 2030 ex
3263 1977 3513 2047 improbo
3539 1992 3661 2031 cor-

2084 2066 2172 2123 dis
2195 2065 2283 2121 sui
2315 2066 2574 2120 thesauro
2604 2066 2896 2131 ernctavit,
2946 2081 3048 2120 nec
3082 2067 3192 2120 ulla
3222 2067 3338 2122 lere
3370 2075 3517 2122 secta
3546 2076 3656 2127 est,

2085 2158 2175 2213 cui
2206 2173 2316 2212 non
2354 2157 2570 2210 initium
2600 2157 2919 2225 praebuerit.
2939 2157 3074 2212 Nam
3108 2165 3165 2211 et
3188 2158 3532 2227 unigenitum
3562 2158 3659 2213 Dei

2089 2251 2284 2305 Filium
2325 2250 2612 2306 conditum
2656 2266 2780 2306 esse
2826 2252 3047 2311 docuit.
3079 2268 3109 2305 a
3151 2263 3376 2322 paterna
3402 2254 3573 2323 gloria
3604 2262 3664 2309 et

2085 2344 2329 2398 essentia
2361 2343 2602 2397 alienum
2633 2360 2644 2397 :
2673 2351 2729 2398 et
2753 2344 3015 2413 Spiritum
3042 2353 3291 2399 sanctum
3317 2344 3459 2399 inl‘ra
3480 2344 3662 2399 Patris

2087 2443 2144 2489 et
2196 2434 2319 2489 Filii
2371 2434 2699 2504 dignitatem
2755 2435 3066 2498 collocavit,
3120 2435 3433 2501 aliirmans,
3482 2451 3665 2506 neque

2088 2524 2305 2578 Patrem
2328 2539 2358 2578 a
2389 2509 2548 2587 Filio,
2572 2539 2749 2593 neque
2775 2523 2969 2579 Filium
2992 2540 3024 2579 ιι
3046 2525 3255 2593 Spiritu
3280 2532 3472 2579 sancto
3497 2540 3661 2593 posse

2089 2615 2242 2671 cerni
2271 2622 2377 2671 :'ut
2416 2630 2518 2670 nec
2546 2613 2815 2684 Spiritum
2846 2614 2916 2669 ab
2942 2615 3173 2684 angelis,
3215 2628 3317 2668 nec
3344 2615 3567 2686 angelos
3591 2616 3663 2670 ab

2091 2705 2514 2760 hominibus.Ac
2545 2704 2629 2759 lue
2657 2713 2786 2758 sunt
2810 2702 3064 2772 Origenis
3089 2704 3141 2757 in
3173 2712 3415 2758 sanctam
3446 2713 3503 2759 et
3529 2719 3664 2760 con-

2088 2795 2502 2851 sulistantialem
2526 2794 2854 2851 Trinitatem
2881 2792 3255 2861 blasphemiae.
3277 2793 3434 2849 Circa
3454 2792 3664 2853 Christ!

2091 2901 2223 2939 vero
2252 2884 2784 2949 inhumanationem,
2812 2882 3092 2938 Christum
3117 2881 3413 2938 animatum
3435 2897 3659 2939 carnem

418 2976 609 3046 σχεδὸν
644 2976 907 3044 αἱρέσεως
957 2973 1172 3043 ἐγένετο
1206 2973 1471 3043 ἀρχηγός·
1510 2973 1705 3027 Τόντε
1753 2973 1860 3046 γὰρ
1893 2992 1987 3045 μο·

2095 2994 2159 3035 ex
2199 2956 2656 3049 sanctaWirgine
2696 2977 3058 3047 assumpsisse
3102 2977 3268 3047 impie
3302 2988 3506 3050 negat;
3565 2981 3663 3037 sed

418 3068 616 3138 νογενῆ
652 3066 745 3118 τοῦ
775 3066 911 3119 Θεοῦ
957 3065 1087 3119 Υἰδν
1126 3066 1344 3118 κτιστδν
1373 3065 1719 3136 ἐδογμάτισε,
1751 3068 1847 3120 καὶ
1891 3070 1987 3136 τῆς

417 3159 578 3229 δόξης
605 3157 765 3210 αὐτὸν
798 3156 1080 3228 ἠλλοτρίου
1110 3158 1206 3210 καὶ
1232 3157 1329 3227 τῆς
1353 3157 1542 3222 οὐσίας
1569 3158 1669 3227 τῆς
1691 3159 1987 3231 πατρικῆς

418 3254 518 3305 καὶ
554 3253 616 3303 τὸ
642 3250 866 3320 Πνεῦμα
896 3250 953 3303 τὸ
982 3248 1137 3319 ἅγιον
1167 3249 1469 3313 ύπεὸίόαζε
1503 3251 1602 3320 τῆς
1634 3249 1727 3304 τοῦ
1778 3252 1989 3322 Πατρὶς

416 3344 577 3410 ἀξίας
629 3345 723 3396 καὶ
771 3344 866 3395 τοῦ
919 3342 1072 3405 Υίοῦ,
1122 3343 1293 3410 λέγων
1328 3341 1402 3406 ὡς
1452 3341 1579 3395 οὕτε
1630 3343 1721 3396 τὸν
1770 3346 1991 3414 Πατέρα

417 3438 646 3489 δύναται
671 3435 806 3505 όρᾷν
837 3435 865 3486 ό
900 3433 1047 3497 Υἱὸς,
1088 3431 1213 3485 οὔτε
1244 3434 1351 3503 μὴν
1383 3433 1469 3487 τὸν
1504 3433 1631 3487 Υίὸν
1660 3434 1719 3485 τὺ
1742 3435 1989 3503 Πνεῦμα,

419 3527 614 3595 ὥσ-ερ
643 3525 767 3578 οὐδὲ
803 3525 852 3577 οἱ
887 3526 1112 3593 ἄγγελοι
1141 3525 1199 3576 τὸ
1235 3523 1480 3594 Πνεῦμα,
1511 3524 1634 3577 οὔτε
1667 3526 1791 3589 τοὺς
1822 3525 1988 3593 άγγέο

417 3619 546 3682 λους
576 3619 626 3670 οἱ
652 3616 954 3687 ἄνθρωποι.
996 3610 1166 3669 Αῦται
1195 3615 1294 3685 μὲν
1323 3616 1379 3692 ai
1415 3617 1545 3686 περὶ
1574 3616 1671 3686 τῆς
1704 3617 1866 3685 ἁγίας
1898 3620 1990 3669 καὶ

416 3713 707 3783 όμοουσίου
738 3709 971 3780 Τριάδος
1003 3709 1345 3778 βλασφημίαι
1389 3708 1720 3777 Ὠριγὲνους.
1770 3709 1903 3778 Περὶ
1935 3708 1991 3760 δέ

415 3823 484 3875 γε
514 3806 614 3876 τὴν
653 3802 1067 3873 ὲνανθρώπησιν
1097 3801 1191 3853 τοῦ
1226 3799 1355 3852 Υίοῦ
1390 3797 1485 3852 τοῦ
1535 3799 1673 3852 Θεοῦ
1716 3798 1990 3866 ἐϐλατφήο

421 3913 535 3967 μει.
569 3894 846 3957 δυσσεϐῶς
894 3895 1132 3961 εἰσάγων
1184 3891 1258 3962 μὴ
1318 3891 1497 3960 σάρκα
1527 3890 1891 3958 ὲψυχωμένην
1927 3891 1993 3940 ὲκ

418 3991 525 4059 τῆς
559 3988 720 4056 ἁγίας
755 3984 1031 4056 Παρθένου
1061 3984 1247 4037 λαϐεῖν
1295 3984 1386 4036 τὸν
1420 3984 1461 4035 Χ
1474 3983 1675 4052 ριστόν.
1719 3981 1992 4033 Ἦνώσοαι

420 4083 536 4148 γάρ
591 4077 890 4148 ἐμυθεύετο
938 4075 1030 4128 τὸν
1068 4075 1337 4145 μονογενῆ
1386 4074 1477 4125 τοῦ
1522 4072 1657 4125 Θεοῦ
1705 4071 1834 4125 Υἱὸν
1887 4071 1994 4141 πρὸ

422 4168 732 4240 καταϐολῆς
779 4168 990 4238 κόσμου
1023 4166 1100 4235 τῷ
1136 4165 1233 4235 νῷ,
1288 4164 1349 4218 ὃν
1401 4164 1734 4217 ἀνέπλαττεν
1785 4165 1991 4226 ἐκεῖνος

421 4259 837 4330 ἐκλελεγμένον,
881 4258 976 4311 καὶ
1025 4256 1215 4309 κλόνον
1253 4256 1351 4326 οὐχ
1379 4255 1713 4320 ὑποστάντα,
1745 4255 1840 4307 καὶ
1892 4255 1989 4308 σὺν

2099 3072 2444 3143 unigenitum
2490 3071 2582 3126 Dei
2633 3070 2832 3125 Filium
2879 3081 3004 3125 ante
3056 3071 3321 3125 mundmn
3375 3072 3659 3131 omnlitum

2096 3163 2266 3218 menti
2327 3163 2543 3218 unitum
2597 3161 2769 3216 fuisse
2815 3161 3129 3226 fabulatur,
3183 3170 3239 3215 ει
3260 3161 3495 3215 elei-tum
3542 3177 3670 3218 esse

2097 3254 2282 3324 lingit,
2325 3261 2380 3306 rt
2425 3268 2640 3307 ramum
2687 3254 2780 3322 qui
2830 3252 3127 3322 aliquando
3158 3266 3268 3307 non
3310 3251 3498 3318 fuerit,
3540 3268 3667 3309 cum

2097 3361 2276 3417 eoque
2330 3345 2592 3401 extremis
2651 3345 2990 3413 temporibus
3047 3343 3463 3399 inbumanatum
3519 3361 3667 3411 esse,

2096 3448 2376 3508 assumpta
2423 3452 2587 3493 carne
2631 3438 2840 3506 absque
2888 3436 3068 3490 anima
3114 3437 3452 3506 intelligente
3495 3446 3552 3491 et
3583 3452 3667 3492 ra-

2099 3533 2246 3585 tione
2291 3521 2515 3601 prmdita
2546 3548 2559 3583 :
2605 3544 2670 3583 ac
2704 3545 2895 3583 rursus
2941 3528 3267 3598 depOsuisse
3299 3544 3520 3582 carnem
3554 3528 3665 3583 Do-

2099 3621 2329 3682 minum,
2356 3630 2411 3673 et
2446 3618 2609 3671 finem
2648 3618 2958 3670 habiturum
2993 3632 3112 3670 esse
3140 3616 3261 3685 ejus
3284 3630 3510 3685 regnum
3548 3625 3664 3668 sta-

2101 3712 2224 3763 tuit.
2273 3711 2338 3764 Et
2388 3709 2664 3763 dzemones
2710 3708 2763 3759 in
2812 3690 3084 3776 integrum
3129 3704 3507 3760 restituendos
3546 3720 3669 3759 esse

2100 3798 2305 3852 tradit:
2348 3804 2405 3850 et
2438 3794 2767 3864 supplicium
2812 3794 2973 3859 ﬁniti,
3009 3810 3115 3848 non
3151 3796 3342 3847 aeterni
3370 3793 3488 3851 fore
3529 3803 3664 3847 tem.

2100 3891 2270 3959 poris,
2306 3886 2613 3958 purgationi
2649 3885 2973 3940 delictorum
3003 3884 3246 3937 omnium
3297 3883 3665 3937 destinatum:

2099 3996 2204 4049 qua
2266 3989 2507 4050 peracta,
2552 3993 2742 4031 omnes
2787 3974 2853 4030 ad
2898 3975 3165 4029 unitatem
3208 3973 3481 4028 redituros
3522 3988 3664 4037 εδει»,

2101 4080 2209 4123 tam
2243 4070 2497 4124 homines
2523 4085 2685 4138 quam
2718 4068 3017 4136 daemones.
3047 4066 3286 4122 Unitatis
3312 4076 3492 4119 autem
3518 4066 3667 4119 illius

2101 4164 2392 4226 rationem,
2435 4177 2531 4216 seu
2573 4176 2744 4232 nugas
2777 4160 2983 4230 potius,
3019 4175 3142 4215 cum
3181 4160 3300 4213 sine
3330 4158 3516 4213 multis
3542 4172 3663 4211 ver-

2103 4255 2188 4309 bis
2226 4253 2493 4308 declarari
2544 4252 2687 4305 haud
2739 4251 2971 4320 possint,
3014 4248 3482 4318 prartcrmisimus,
3522 4256 3668 4302 utet

420 4350 601 4422 τούτῳ
628 4350 715 4404 ἐπ’
746 4349 987 4419 ἐσχάτων
1010 4348 1453 4417 ὲνανθρωπῆσαι.
1486 4350 1577 4399 καὶ.
1622 4347 1802 4417 σάρκα
1824 4363 1987 4416 προσ-

2099 4347 2232 4400 alias
2260 4346 2380 4414 ejus
2414 4342 2799 4412 blasphemias.
2837 4344 3013 4410 Atque
3051 4341 3166 4395 hinc
3193 4339 3261 4393 de
3288 4339 3542 4408 Origene.
3572 4339 3666 4408 qui

422 4444 711 4514 ειληφὲναι
779 4442 901 4510 δίχα
934 4439 1112 4509 ψυχῆς
1146 4436 1338 4509 νοερᾶς
1363 4454 1425 4490 τε
1456 4439 1548 4489 καὶ
1575 4436 1824 4506 λογικῆς.
1884 4437 1995 4490 Καὶ

423 4522 728 4589 άποθέσθὲι
749 4533 806 4586 δὲ
829 4534 927 4603 τὴν
951 4536 1130 4599 σάρκα
1159 4531 1323 4583 πάλιν
1345 4530 1434 4581 τον
1461 4527 1689 4598 Κύριον,
1718 4531 1813 4581 καὶ
1840 4527 1996 4590 τέλος

423 4629 574 4695 ἕξειν
602 4626 700 4695 τὴν
734 4621 1015 4693 βασιλείαν
1041 4622 1206 4673 αὑτοῦ
1238 4619 1583 4687 ἑδογμάτιζε.
1610 4619 1718 4671 Καὶ
1743 4618 1850 4672 τῶν
1878 4620 1997 4671 δαι-

427 4722 608 4793 μόνων
661 4718 935 4786 εἰσηγεῖτο
988 4713 1205 4767 ἔσεσθαι
1258 4700 1474 4782 μέλλειν
1524 4713 1997 4777 ἀποκατάστασιν,

428 4813 523 4865 καὶ
560 4809 661 4878 τὴν
711 4807 934 4858 κόλασιν
972 4799 1255 4872 χρονικὴν,
1303 4799 1419 4853 ἀλλ’
1460 4799 1563 4852 οὐκ
1614 4799 1993 4861 αἰωνίζουσαν·

426 4900 566 4970 πρὸς
616 4896 889 4967 κάθαρσιν
936 4894 991 4946 δὲ
1043 4893 1151 4944 τῶν
1204 4888 1619 4960 ἁμαρτημάτων
1645 4889 1995 4958 γενησεσθαι,

431 4993 575 5063 μετά
598 4991 657 5044 τὸ
683 4988 1026 5058 καθαρθῆναι
1064 4984 1139 5048 δὲ,
1176 4987 1386 5046 πάντας
1417 4984 1497 5047 εἰς
1530 4982 1629 5051 τὴν
1663 4980 1825 5034 ever;
1864 4983 1998 5033 ἁπο-

428 5084 794 5153 γαταστῆναι,
816 5081 912 5133 καὶ
939 5080 1064 5140 τοὺς
1087 5076 1410 5146 ἀνθρώπους
1440 5076 1533 5127 καὶ
1565 5074 1692 5136 τοὺς
1714 5074 1996 5144 δαίμονας.

429 5180 472 5231 Τ
477 5181 513 5232 ά
544 5176 603 5229 δὲ
630 5176 758 5243 περὶ
783 5173 880 5238 τῆς
915 5171 1098 5232 ἑνάδος
1128 5168 1334 5235 ταύτης
1362 5164 1563 5233 πολλῆς
1616 5166 1998 5235 μακρηγοριχς

431 5268 688 5336 δεόμενα,
718 5261 785 5316 ἶν’
811 5265 840 5316 ὁ
870 5261 1073 5331 ταύτης
1113 5257 1272 5320 ὕθλος
1305 5253 1692 5325 σαφηνισθείη,
1727 5254 1996 5324 παρείθηο

434 5374 561 5423 σαν,
592 5354 783 5424 ὥσπερ
815 5354 908 5407 καὶ
940 5351 1075 5404 duo.
1111 5348 1220 5400 τῶν
1253 5347 1463 5399 ἐκείνου
1502 5345 1887 5414 βλασφημιῶν.
1917 5345 1999 5396 Ti

433 5452 536 5520 μὲν
570 5446 662 5501 οῦν
692 5446 835 5498 κατὰ
861 5446 953 5496 τὸν
999 5439 1307 5512 Ὠριγένην,
1337 5436 1395 5490 ὃν
1424 5435 1655 5490 ἐκάλουν
1711 5438 1806 5488 καὶ
1845 5436 1998 5489 Ἀδα-

434 5541 684 5612 μάντιον,
714 5540 774 5590 ὲν
800 5534 1032 5596 τούτοις.
1059 5534 1193 5585 Τότε
1213 5530 1268 5582 δὲ
1304 5529 1396 5584 καὶ
1419 5528 1690 5594 Ναυάτος,
1728 5529 1827 5597 τῆς
1856 5529 2000 5582 κατά

441 5630 668 5701 Ῥώμην
743 5625 1067 5698 Ἐκκλησίας
1146 5623 1520 5700 πρεσϐύτερος
1550 5661 1565 5687 ,
1637 5621 1998 5691 αἱρεσιάρχης

2100 4437 2267 4490 etiam
2291 4433 2650 4487 Adamantius
2676 4432 2983 4487 dicebatur.
3004 4431 3142 4485 Tum
3161 4430 3403 4484 Novatus
3424 4446 3665 4500 quoque,

2102 4527 2364 4580 Romanae
2392 4524 2652 4579 Ecclesiae
2679 4523 2991 4593 presbyter,
3021 4522 3416 4596 lueresiarches
3435 4522 3667 4581 exstitit:

2099 4636 2404 4690 eorumque
2434 4619 2528 4690 qui
2559 4634 2617 4673 se
2640 4619 2909 4674 Catharos
2934 4634 3031 4672 seu
3069 4618 3243 4672 Puros
3274 4616 3487 4679 dicunt,
3516 4617 3661 4685 prin-

2099 4728 2261 4782 ceps:
2295 4711 2361 4766 iis
2386 4711 2477 4780 qui
2503 4713 2889 4779 persecutione
2916 4709 3116 4773 territi,
3145 4708 3454 4762 simulacris
3480 4707 3670 4761 inuno-

2098 4807 2316 4868 larunt,
2366 4812 2421 4858 et
2472 4810 2630 4872 post,
2680 4801 2867 4872 agnito
2918 4809 3172 4871 peccato,
3216 4816 3275 4854 se
3315 4807 3665 4861 convertunt,

2100 4893 2482 4963 ptenitentiam
2513 4908 2742 4961 negans,
2781 4903 2836 4948 et
2866 4892 3146 4960 supplices
3179 4905 3242 4943 ac
3275 4890 3457 4944 delicti
3490 4889 3668 4943 medi-

2099 4987 2280 5038 cinam
2315 4983 2567 5037 dolenter
2602 4983 2913 5051 alllicloque
2942 4982 3127 5035 animo
3160 4979 3508 5050 requirentes
3558 4993 3668 5032 non

2100 5075 2414 5130 admittens.
2449 5076 2652 5129 Contra
2682 5074 2829 5127 hunc
2866 5075 3049 5128 Roma!
3082 5072 3376 5127 concilium
3410 5079 3491 5125 est
3526 5068 3669 5123 indi-

2099 5177 2272 5232 ctum,
2306 5168 2394 5222 cui
2423 5165 2712 5223 Cornelius
2738 5167 2956 5236 praefuit
2985 5184 2999 5222 :
3030 5167 3085 5220 in
3114 5182 3224 5236 quo
3250 5166 3530 5221 decretum
3559 5168 3663 5219 est.

2103 5269 2347 5330 tempore
2401 5260 2804 5329 persecutionis
2849 5260 3035 5328 lapsos
3092 5257 3471 5328 recipiendos,
3518 5255 3564 5308 si
3608 5268 3667 5307 se

2102 5353 2515 5413 converterint,
2551 5352 2714 5422 627
2763 5362 2820 5406 et
2863 5351 3200 5421 pmnitentia:
3247 5348 3518 5401 medicina
3565 5360 3665 5398 cu-

2101 5445 2304 5500 randos
2342 5459 2483 5498 esse.
2514 5443 2780 5497 Novatum
2816 5459 2943 5496 vero
2976 5442 3148 5495 sancti
3181 5440 3258 5492 illi
3294 5447 3498 5505 patres,
3530 5452 3666 5489 con-

2100 5536 2213 5592 cilii
2248 5538 2472 5590 decreto
2505 5550 2617 5587 non
2651 5533 3114 5602 acquiescentem,
3142 5528 3383 5582 Ecclesia
3420 5526 3665 5595 pulsum,

2101 5638 2162 5686 ut
2192 5627 2422 5682 fratrum
2470 5624 2719 5690 hostem,
2757 5624 3098 5678 abdicarunt.
3138 5617 3405 5673 Eusebius
3442 5620 3665 5686 quoque
