  <div class='ocr_page' id='page_1' title='image "/cluster/home/n/w/nwhite01/storage/ocr_20150623/134/hvd.32044073502510/538.png"; bbox 0 0 3938 6208; ppageno 0'>
   <div class='ocr_carea' id='block_1_1' title="bbox 331 199 467 262">
    <p class='ocr_par' dir='ltr' id='par_1_1' title="bbox 331 199 467 262">
     <span class='ocr_line' id='line_1_1' title="bbox 331 199 467 262; baseline -0.022 0"><span class='ocrx_word' id='word_1_1' title='bbox 331 199 467 262; x_wconf 81' lang='lat'>1061</span> 
     </span>
    </p>
   </div>
   <div class='ocr_carea' id='block_1_2' title="bbox 1583 199 2366 267">
    <p class='ocr_par' dir='ltr' id='par_1_2' title="bbox 1583 199 2366 267">
     <span class='ocr_line' id='line_1_2' title="bbox 1583 199 2366 267; baseline 0.008 -9"><span class='ocrx_word' id='word_1_2' title='bbox 1583 199 1989 267; x_wconf 77' lang='lat' dir='ltr'>ANNALIUM</span> <span class='ocrx_word' id='word_1_3' title='bbox 2034 200 2183 262; x_wconf 77' lang='lat' dir='ltr'><strong>LIB.</strong></span> <span class='ocrx_word' id='word_1_4' title='bbox 2222 201 2366 264; x_wconf 86' lang='lat' dir='ltr'>XII.</span> 
     </span>
    </p>
   </div>
   <div class='ocr_carea' id='block_1_3' title="bbox 3453 211 3596 278">
    <p class='ocr_par' dir='ltr' id='par_1_3' title="bbox 3453 211 3596 278">
     <span class='ocr_line' id='line_1_3' title="bbox 3453 211 3596 278; baseline 0.028 -3"><span class='ocrx_word' id='word_1_5' title='bbox 3453 211 3596 278; x_wconf 75' lang='lat' dir='ltr'><strong>I062</strong></span> 
     </span>
    </p>
   </div>
   <div class='ocr_carea' id='block_1_4' title="bbox 329 311 1923 392">
    <p class='ocr_par' dir='ltr' id='par_1_4' title="bbox 329 311 1916 384">
     <span class='ocr_line' id='line_1_4' title="bbox 329 311 1916 384; baseline -0.001 -18"><span class='ocrx_word' id='word_1_6' title='bbox 329 311 670 384; x_wconf 72' lang='grc' dir='ltr'>γεγράφασι,</span> <span class='ocrx_word' id='word_1_7' title='bbox 697 312 793 366; x_wconf 69' lang='grc' dir='ltr'>καὶ</span> <span class='ocrx_word' id='word_1_8' title='bbox 828 311 1128 382; x_wconf 78' lang='grc' dir='ltr'>συνάρχειν</span> <span class='ocrx_word' id='word_1_9' title='bbox 1162 311 1336 383; x_wconf 79' lang='grc' dir='ltr'>αὐτῷ.</span> <span class='ocrx_word' id='word_1_10' title='bbox 1372 313 1673 383; x_wconf 75' lang='grc' dir='ltr'>Κρατήσας</span> <span class='ocrx_word' id='word_1_11' title='bbox 1731 318 1916 366; x_wconf 83' lang='grc' dir='ltr'>τοίνυν</span> 
     </span>
    </p>
   </div>
   <div class='ocr_carea' id='block_1_5' title="bbox 2027 311 3601 392">
    <p class='ocr_par' dir='ltr' id='par_1_5' title="bbox 2027 313 3601 392">
     <span class='ocr_line' id='line_1_5' title="bbox 2027 313 3601 392; baseline 0.004 -24"><span class='ocrx_word' id='word_1_12' title='bbox 2027 330 2139 384; x_wconf 72' lang='lat' dir='ltr'><strong>gain</strong></span> <span class='ocrx_word' id='word_1_13' title='bbox 2183 327 2306 384; x_wconf 76' lang='lat' dir='ltr'><strong>ejus</strong></span> <span class='ocrx_word' id='word_1_14' title='bbox 2337 351 2356 378; x_wconf 85' lang='lat'>,</span> <span class='ocrx_word' id='word_1_15' title='bbox 2390 313 2753 371; x_wconf 78' lang='lat' dir='ltr'><strong>Volusianum</strong></span> <span class='ocrx_word' id='word_1_16' title='bbox 2800 317 3138 388; x_wconf 85' lang='lat' dir='ltr'><strong>appellatum</strong></span> <span class='ocrx_word' id='word_1_17' title='bbox 3191 336 3314 377; x_wconf 87' lang='lat' dir='ltr'><strong>esse</strong></span> <span class='ocrx_word' id='word_1_18' title='bbox 3335 318 3379 388; x_wconf 89' lang='lat'><strong>),</strong></span> <span class='ocrx_word' id='word_1_19' title='bbox 3407 336 3601 392; x_wconf 75' lang='lat' dir='ltr'><strong>pactus</strong></span> 
     </span>
    </p>
   </div>
   <div class='ocr_carea' id='block_1_6' title="bbox 330 403 1920 475">
    <p class='ocr_par' dir='ltr' id='par_1_6' title="bbox 330 403 1920 475">
     <span class='ocr_line' id='line_1_6' title="bbox 330 403 1920 475; baseline 0.002 -18"><span class='ocrx_word' id='word_1_20' title='bbox 330 406 432 473; x_wconf 72' lang='grc' dir='ltr'>τῆς</span> <span class='ocrx_word' id='word_1_21' title='bbox 465 403 578 457; x_wconf 84' lang='grc' dir='ltr'>τῶν</span> <span class='ocrx_word' id='word_1_22' title='bbox 621 405 912 475; x_wconf 83' lang='grc' dir='ltr'>Ῥωμαίων</span> <span class='ocrx_word' id='word_1_23' title='bbox 946 407 974 458; x_wconf 86' lang='grc' dir='ltr'>ό</span> <span class='ocrx_word' id='word_1_24' title='bbox 1017 405 1218 468; x_wconf 80' lang='grc' dir='ltr'>Γάλλος</span> <span class='ocrx_word' id='word_1_25' title='bbox 1248 405 1427 475; x_wconf 83' lang='grc' dir='ltr'>ἀρχῆς</span> <span class='ocrx_word' id='word_1_26' title='bbox 1475 407 1765 460; x_wconf 77' lang='grc' dir='ltr'>σπένδεται</span> <span class='ocrx_word' id='word_1_27' title='bbox 1808 411 1920 468; x_wconf 86' lang='grc' dir='ltr'>τοῖς</span> 
     </span>
    </p>
   </div>
   <div class='ocr_carea' id='block_1_7' title="bbox 331 496 1922 568">
    <p class='ocr_par' dir='ltr' id='par_1_7' title="bbox 331 496 1922 568">
     <span class='ocr_line' id='line_1_7' title="bbox 331 496 1922 568; baseline 0.001 -19"><span class='ocrx_word' id='word_1_28' title='bbox 331 497 642 567; x_wconf 68' lang='grc' dir='ltr'>Βαρϐάρςις</span> <span class='ocrx_word' id='word_1_29' title='bbox 685 497 782 550; x_wconf 70' lang='grc' dir='ltr'>ἐπὶ</span> <span class='ocrx_word' id='word_1_30' title='bbox 833 497 1137 568; x_wconf 75' lang='grc' dir='ltr'>συνθήκαις</span> <span class='ocrx_word' id='word_1_31' title='bbox 1171 496 1268 550; x_wconf 82' lang='grc' dir='ltr'>τοῦ</span> <span class='ocrx_word' id='word_1_32' title='bbox 1316 497 1620 566; x_wconf 91' lang='grc' dir='ltr'>λαμϐάνειν</span> <span class='ocrx_word' id='word_1_33' title='bbox 1676 498 1922 562; x_wconf 75' lang='grc' dir='ltr'>ἐκείνους</span> 
     </span>
    </p>
   </div>
   <div class='ocr_carea' id='block_1_8' title="bbox 335 587 1918 660">
    <p class='ocr_par' dir='ltr' id='par_1_8' title="bbox 335 587 1918 660">
     <span class='ocr_line' id='line_1_8' title="bbox 335 587 1918 660; baseline -0.003 -16"><span class='ocrx_word' id='word_1_34' title='bbox 335 590 484 660; x_wconf 67' lang='grc' dir='ltr'>παρὰ</span> <span class='ocrx_word' id='word_1_35' title='bbox 525 588 823 658; x_wconf 80' lang='grc' dir='ltr'>Ῥωμαίων</span> <span class='ocrx_word' id='word_1_36' title='bbox 844 587 1054 658; x_wconf 79' lang='grc' dir='ltr'>δασμὸν</span> <span class='ocrx_word' id='word_1_37' title='bbox 1098 587 1371 642; x_wconf 69' lang='grc' dir='ltr'>ινιαύσιον</span> <span class='ocrx_word' id='word_1_38' title='bbox 1404 587 1503 640; x_wconf 79' lang='grc' dir='ltr'>καὶ</span> <span class='ocrx_word' id='word_1_39' title='bbox 1538 587 1616 658; x_wconf 79' lang='grc' dir='ltr'>μὴ</span> <span class='ocrx_word' id='word_1_40' title='bbox 1666 587 1738 640; x_wconf 73' lang='grc' dir='ltr'>τά</span> <span class='ocrx_word' id='word_1_41' title='bbox 1781 587 1918 641; x_wconf 77' lang='grc' dir='ltr'>Ῥωο</span> 
     </span>
    </p>
   </div>
   <div class='ocr_carea' id='block_1_9' title="bbox 331 678 1921 754">
    <p class='ocr_par' dir='ltr' id='par_1_9' title="bbox 331 678 1921 754">
     <span class='ocr_line' id='line_1_9' title="bbox 331 678 1921 754; baseline 0 -19"><span class='ocrx_word' id='word_1_42' title='bbox 331 683 509 754; x_wconf 80' lang='grc' dir='ltr'>μαίων</span> <span class='ocrx_word' id='word_1_43' title='bbox 547 679 831 752; x_wconf 74' lang='grc' dir='ltr'>ληῖζεσθαι</span> <span class='ocrx_word' id='word_1_44' title='bbox 855 696 868 711; x_wconf 77' lang='grc' dir='ltr'><strong><em>ο</em></strong></span> <span class='ocrx_word' id='word_1_45' title='bbox 893 682 990 736; x_wconf 75' lang='grc' dir='ltr'>καὶ</span> <span class='ocrx_word' id='word_1_46' title='bbox 1015 680 1382 750; x_wconf 75' lang='grc' dir='ltr'>σπεισάμενος</span> <span class='ocrx_word' id='word_1_47' title='bbox 1403 678 1578 743; x_wconf 80' lang='grc' dir='ltr'>οὕτως</span> <span class='ocrx_word' id='word_1_48' title='bbox 1607 680 1921 750; x_wconf 74' lang='grc' dir='ltr'>ἐπανῆλθεν</span> 
     </span>
    </p>
   </div>
   <div class='ocr_carea' id='block_1_10' title="bbox 331 771 1922 845">
    <p class='ocr_par' dir='ltr' id='par_1_10' title="bbox 331 771 1922 845">
     <span class='ocr_line' id='line_1_10' title="bbox 331 771 1922 845; baseline -0.004 -15"><span class='ocrx_word' id='word_1_49' title='bbox 331 779 412 840; x_wconf 81' lang='grc' dir='ltr'>είς</span> <span class='ocrx_word' id='word_1_50' title='bbox 444 775 690 845; x_wconf 83' lang='grc' dir='ltr'>Ῥώμην.</span> <span class='ocrx_word' id='word_1_51' title='bbox 743 773 966 827; x_wconf 73' lang='grc' dir='ltr'>καὶτὸν</span> <span class='ocrx_word' id='word_1_52' title='bbox 1015 773 1132 826; x_wconf 73' lang='grc' dir='ltr'>υἱὸν</span> <span class='ocrx_word' id='word_1_53' title='bbox 1194 772 1365 826; x_wconf 78' lang='grc' dir='ltr'>αὑτοῦ</span> <span class='ocrx_word' id='word_1_54' title='bbox 1419 771 1512 827; x_wconf 83' lang='grc' dir='ltr'>τὸν</span> <span class='ocrx_word' id='word_1_55' title='bbox 1565 773 1922 826; x_wconf 72' lang='grc' dir='ltr'>Βολουσιανὸν</span> 
     </span>
    </p>
   </div>
   <div class='ocr_carea' id='block_1_11' title="bbox 331 861 1924 936">
    <p class='ocr_par' dir='ltr' id='par_1_11' title="bbox 331 861 1924 936">
     <span class='ocr_line' id='line_1_11' title="bbox 331 861 1924 936; baseline -0.001 -17"><span class='ocrx_word' id='word_1_56' title='bbox 331 868 668 936; x_wconf 72' lang='grc' dir='ltr'>ἀνηγόρευσε</span> <span class='ocrx_word' id='word_1_57' title='bbox 694 866 972 935; x_wconf 80' lang='grc' dir='ltr'>Καίσαρα.</span> <span class='ocrx_word' id='word_1_58' title='bbox 1031 865 1212 936; x_wconf 77' lang='grc' dir='ltr'>Βαρὺς</span> <span class='ocrx_word' id='word_1_59' title='bbox 1241 864 1298 918; x_wconf 80' lang='grc' dir='ltr'>δὲ</span> <span class='ocrx_word' id='word_1_60' title='bbox 1325 864 1416 917; x_wconf 73' lang='grc' dir='ltr'>καὶ</span> <span class='ocrx_word' id='word_1_61' title='bbox 1445 861 1568 917; x_wconf 85' lang='grc' dir='ltr'>εἶτα</span> <span class='ocrx_word' id='word_1_62' title='bbox 1591 864 1784 932; x_wconf 76' lang='grc' dir='ltr'>γέγονε</span> <span class='ocrx_word' id='word_1_63' title='bbox 1809 867 1924 928; x_wconf 88' lang='grc' dir='ltr'>τοῖς</span> 
     </span>
    </p>
   </div>
   <div class='ocr_carea' id='block_1_12' title="bbox 331 953 1922 1028">
    <p class='ocr_par' dir='ltr' id='par_1_12' title="bbox 331 953 1922 1028">
     <span class='ocr_line' id='line_1_12' title="bbox 331 953 1922 1028; baseline -0.004 -17"><span class='ocrx_word' id='word_1_64' title='bbox 331 957 710 1028; x_wconf 68' lang='grc' dir='ltr'>Χριστιανοῖς.</span> <span class='ocrx_word' id='word_1_65' title='bbox 754 956 851 1010; x_wconf 74' lang='grc' dir='ltr'>καὶ</span> <span class='ocrx_word' id='word_1_66' title='bbox 882 957 985 1025; x_wconf 78' lang='grc' dir='ltr'>οὐχ</span> <span class='ocrx_word' id='word_1_67' title='bbox 1013 955 1214 1024; x_wconf 73' lang='grc' dir='ltr'>ἥττονα</span> <span class='ocrx_word' id='word_1_68' title='bbox 1242 956 1439 1008; x_wconf 68' lang='grc' dir='ltr'>Δεκίου</span> <span class='ocrx_word' id='word_1_69' title='bbox 1497 953 1744 1024; x_wconf 79' lang='grc' dir='ltr'>διωγμὸν</span> <span class='ocrx_word' id='word_1_70' title='bbox 1801 954 1922 1008; x_wconf 87' lang='grc' dir='ltr'>κατ’</span> 
     </span>
    </p>
   </div>
   <div class='ocr_carea' id='block_1_13' title="bbox 331 1045 1922 1119">
    <p class='ocr_par' dir='ltr' id='par_1_13' title="bbox 331 1045 1922 1119">
     <span class='ocr_line' id='line_1_13' title="bbox 331 1045 1922 1119; baseline -0.003 -15"><span class='ocrx_word' id='word_1_71' title='bbox 331 1051 518 1104; x_wconf 72' lang='grc' dir='ltr'>αὐτῶν</span> <span class='ocrx_word' id='word_1_72' title='bbox 561 1051 807 1119; x_wconf 70' lang='grc' dir='ltr'>ἐγείρας,</span> <span class='ocrx_word' id='word_1_73' title='bbox 865 1050 959 1104; x_wconf 74' lang='grc' dir='ltr'>καὶ</span> <span class='ocrx_word' id='word_1_74' title='bbox 1011 1047 1245 1110; x_wconf 83' lang='grc' dir='ltr'>πολλοὺς</span> <span class='ocrx_word' id='word_1_75' title='bbox 1304 1045 1532 1101; x_wconf 89' lang='grc' dir='ltr'>ἀνελών.</span> <span class='ocrx_word' id='word_1_76' title='bbox 1592 1047 1839 1116; x_wconf 78' lang='grc' dir='ltr'>’Ἠρξατο</span> <span class='ocrx_word' id='word_1_77' title='bbox 1875 1047 1922 1100; x_wconf 77' lang='grc' dir='ltr'>δ’</span> 
     </span>
    </p>
   </div>
   <div class='ocr_carea' id='block_1_14' title="bbox 333 1135 1923 1208">
    <p class='ocr_par' dir='ltr' id='par_1_14' title="bbox 333 1135 1923 1208">
     <span class='ocr_line' id='line_1_14' title="bbox 333 1135 1923 1208; baseline -0.004 -15"><span class='ocrx_word' id='word_1_78' title='bbox 333 1141 496 1202; x_wconf 78' lang='grc' dir='ltr'>αὖθις</span> <span class='ocrx_word' id='word_1_79' title='bbox 535 1141 626 1192; x_wconf 71' lang='grc' dir='ltr'>ἐπὶ</span> <span class='ocrx_word' id='word_1_80' title='bbox 669 1139 860 1192; x_wconf 87' lang='grc' dir='ltr'>τούτου</span> <span class='ocrx_word' id='word_1_81' title='bbox 889 1139 922 1208; x_wconf 75' lang='grc' dir='ltr'>ἡ</span> <span class='ocrx_word' id='word_1_82' title='bbox 947 1137 1164 1206; x_wconf 77' lang='grc' dir='ltr'>κίνησις</span> <span class='ocrx_word' id='word_1_83' title='bbox 1188 1137 1300 1190; x_wconf 86' lang='grc' dir='ltr'>τῶν</span> <span class='ocrx_word' id='word_1_84' title='bbox 1336 1135 1586 1208; x_wconf 83' lang='grc' dir='ltr'>Περσῶν,</span> <span class='ocrx_word' id='word_1_85' title='bbox 1631 1139 1728 1190; x_wconf 76' lang='grc' dir='ltr'>καὶ</span> <span class='ocrx_word' id='word_1_86' title='bbox 1790 1154 1923 1190; x_wconf 76' lang='grc' dir='ltr'>κατ-</span> 
     </span>
    </p>
   </div>
   <div class='ocr_carea' id='block_1_15' title="bbox 337 1227 1923 1301">
    <p class='ocr_par' dir='ltr' id='par_1_15' title="bbox 337 1227 1923 1301">
     <span class='ocr_line' id='line_1_15' title="bbox 337 1227 1923 1301; baseline -0.001 -18"><span class='ocrx_word' id='word_1_87' title='bbox 337 1231 540 1301; x_wconf 80' lang='grc' dir='ltr'>εσχέθη</span> <span class='ocrx_word' id='word_1_88' title='bbox 565 1232 699 1301; x_wconf 74' lang='grc' dir='ltr'>παρ’</span> <span class='ocrx_word' id='word_1_89' title='bbox 725 1231 907 1284; x_wconf 73' lang='grc' dir='ltr'>αὐτῶν</span> <span class='ocrx_word' id='word_1_90' title='bbox 937 1233 970 1301; x_wconf 83' lang='grc' dir='ltr'><strong>ἡ</strong></span> <span class='ocrx_word' id='word_1_91' title='bbox 1004 1230 1286 1301; x_wconf 80' lang='grc' dir='ltr'>Ἀρμενία,</span> <span class='ocrx_word' id='word_1_92' title='bbox 1310 1229 1403 1282; x_wconf 85' lang='grc' dir='ltr'>τοῦ</span> <span class='ocrx_word' id='word_1_93' title='bbox 1434 1227 1640 1299; x_wconf 82' lang='grc' dir='ltr'>ταύτης</span> <span class='ocrx_word' id='word_1_94' title='bbox 1658 1227 1923 1300; x_wconf 81' lang='grc' dir='ltr'>βασιλέως</span> 
     </span>
    </p>
   </div>
   <div class='ocr_carea' id='block_1_16' title="bbox 334 1321 1926 1396">
    <p class='ocr_par' dir='ltr' id='par_1_16' title="bbox 334 1321 1926 1396">
     <span class='ocr_line' id='line_1_16' title="bbox 334 1321 1926 1396; baseline -0.004 -18"><span class='ocrx_word' id='word_1_95' title='bbox 334 1325 640 1396; x_wconf 81' lang='grc' dir='ltr'>ἰὐριδάτου</span> <span class='ocrx_word' id='word_1_96' title='bbox 697 1323 984 1391; x_wconf 78' lang='grc' dir='ltr'>φυγόντος,</span> <span class='ocrx_word' id='word_1_97' title='bbox 1037 1323 1148 1376; x_wconf 82' lang='grc' dir='ltr'>τῶν</span> <span class='ocrx_word' id='word_1_98' title='bbox 1173 1323 1227 1374; x_wconf 76' lang='grc' dir='ltr'>δὲ</span> <span class='ocrx_word' id='word_1_99' title='bbox 1263 1322 1469 1375; x_wconf 82' lang='grc' dir='ltr'>παίδων</span> <span class='ocrx_word' id='word_1_100' title='bbox 1501 1321 1710 1374; x_wconf 78' lang='grc' dir='ltr'>ἐκείνου</span> <span class='ocrx_word' id='word_1_101' title='bbox 1762 1337 1926 1389; x_wconf 88' lang='grc' dir='ltr'>προσ-</span> 
     </span>
    </p>
   </div>
   <div class='ocr_carea' id='block_1_17' title="bbox 336 1413 1924 1484">
    <p class='ocr_par' dir='ltr' id='par_1_17' title="bbox 336 1413 1924 1484">
     <span class='ocr_line' id='line_1_17' title="bbox 336 1413 1924 1484; baseline -0.002 -17"><span class='ocrx_word' id='word_1_102' title='bbox 336 1416 578 1484; x_wconf 80' lang='grc' dir='ltr'>ρυέντων</span> <span class='ocrx_word' id='word_1_103' title='bbox 609 1417 724 1477; x_wconf 88' lang='grc' dir='ltr'>τοῖς</span> <span class='ocrx_word' id='word_1_104' title='bbox 756 1415 1023 1484; x_wconf 81' lang='grc' dir='ltr'>Πέρσαις.</span> <span class='ocrx_word' id='word_1_105' title='bbox 1065 1414 1174 1467; x_wconf 72' lang='grc' dir='ltr'>Καὶ</span> <span class='ocrx_word' id='word_1_106' title='bbox 1205 1413 1412 1466; x_wconf 84' lang='grc' dir='ltr'>Σκύθαι</span> <span class='ocrx_word' id='word_1_107' title='bbox 1468 1413 1527 1465; x_wconf 83' lang='grc' dir='ltr'>δὲ</span> <span class='ocrx_word' id='word_1_108' title='bbox 1551 1414 1633 1476; x_wconf 87' lang='grc' dir='ltr'>είς</span> <span class='ocrx_word' id='word_1_109' title='bbox 1654 1414 1753 1482; x_wconf 75' lang='grc' dir='ltr'>τὴν</span> <span class='ocrx_word' id='word_1_110' title='bbox 1789 1413 1924 1466; x_wconf 83' lang='grc' dir='ltr'>Ἰτα-</span> 
     </span>
    </p>
   </div>
   <div class='ocr_carea' id='block_1_18' title="bbox 334 1504 1924 1576">
    <p class='ocr_par' dir='ltr' id='par_1_18' title="bbox 334 1504 1924 1576">
     <span class='ocr_line' id='line_1_18' title="bbox 334 1504 1924 1576; baseline -0.001 -16"><span class='ocrx_word' id='word_1_111' title='bbox 334 1507 458 1560; x_wconf 87' lang='grc' dir='ltr'>λίαν</span> <span class='ocrx_word' id='word_1_112' title='bbox 485 1505 792 1570; x_wconf 77' lang='grc' dir='ltr'>είσέϐαλον,</span> <span class='ocrx_word' id='word_1_113' title='bbox 819 1506 1027 1576; x_wconf 84' lang='grc' dir='ltr'>πλῆθος</span> <span class='ocrx_word' id='word_1_114' title='bbox 1065 1506 1219 1568; x_wconf 80' lang='grc' dir='ltr'>δντες</span> <span class='ocrx_word' id='word_1_115' title='bbox 1254 1504 1441 1576; x_wconf 82' lang='grc' dir='ltr'>σχεδὸν</span> <span class='ocrx_word' id='word_1_116' title='bbox 1474 1505 1808 1575; x_wconf 83' lang='grc' dir='ltr'>ὑπερϐαῖνον</span> <span class='ocrx_word' id='word_1_117' title='bbox 1828 1506 1924 1558; x_wconf 80' lang='grc' dir='ltr'>καὶ</span> 
     </span>
    </p>
   </div>
   <div class='ocr_carea' id='block_1_19' title="bbox 335 1595 1923 1668">
    <p class='ocr_par' dir='ltr' id='par_1_19' title="bbox 335 1595 1923 1668">
     <span class='ocr_line' id='line_1_19' title="bbox 335 1595 1923 1668; baseline -0.002 -18"><span class='ocrx_word' id='word_1_118' title='bbox 335 1598 598 1668; x_wconf 73' lang='grc' dir='ltr'>ἀριθμὸν,</span> <span class='ocrx_word' id='word_1_119' title='bbox 635 1597 729 1651; x_wconf 78' lang='grc' dir='ltr'>καὶ</span> <span class='ocrx_word' id='word_1_120' title='bbox 763 1596 1133 1663; x_wconf 73' lang='grc' dir='ltr'>Μακεδονίαν,</span> <span class='ocrx_word' id='word_1_121' title='bbox 1191 1596 1286 1650; x_wconf 78' lang='grc' dir='ltr'>καὶ</span> <span class='ocrx_word' id='word_1_122' title='bbox 1311 1595 1636 1661; x_wconf 75' lang='grc' dir='ltr'>Θεσσαλίαν,</span> <span class='ocrx_word' id='word_1_123' title='bbox 1666 1595 1763 1648; x_wconf 77' lang='grc' dir='ltr'>καὶ</span> <span class='ocrx_word' id='word_1_124' title='bbox 1805 1595 1923 1647; x_wconf 80' lang='grc' dir='ltr'>Ἑλ-</span> 
     </span>
    </p>
   </div>
   <div class='ocr_carea' id='block_1_20' title="bbox 334 1675 1993 1762">
    <p class='ocr_par' dir='ltr' id='par_1_20' title="bbox 334 1675 1993 1762">
     <span class='ocr_line' id='line_1_20' title="bbox 334 1675 1993 1762; baseline -0.001 -18"><span class='ocrx_word' id='word_1_125' title='bbox 334 1690 475 1744; x_wconf 82' lang='grc' dir='ltr'>λάδα</span> <span class='ocrx_word' id='word_1_126' title='bbox 536 1691 898 1762; x_wconf 79' lang='grc' dir='ltr'>κατέδραμον.</span> <span class='ocrx_word' id='word_1_127' title='bbox 943 1691 1181 1758; x_wconf 84' lang='grc' dir='ltr'>Λέγεται</span> <span class='ocrx_word' id='word_1_128' title='bbox 1229 1691 1288 1744; x_wconf 82' lang='grc' dir='ltr'>δὲ</span> <span class='ocrx_word' id='word_1_129' title='bbox 1321 1689 1530 1744; x_wconf 88' lang='grc' dir='ltr'>τούτων</span> <span class='ocrx_word' id='word_1_130' title='bbox 1578 1691 1773 1761; x_wconf 88' lang='grc' dir='ltr'>μοῖράν</span> <span class='ocrx_word' id='word_1_131' title='bbox 1796 1708 1918 1743; x_wconf 88' lang='grc' dir='ltr'>τινα</span> <span class='ocrx_word' id='word_1_132' title='bbox 1949 1675 1993 1732; x_wconf 82' lang='grc' dir='ltr'>Β</span> 
     </span>
    </p>
   </div>
   <div class='ocr_carea' id='block_1_21' title="bbox 335 1781 1922 1852">
    <p class='ocr_par' dir='ltr' id='par_1_21' title="bbox 335 1781 1922 1852">
     <span class='ocr_line' id='line_1_21' title="bbox 335 1781 1922 1852; baseline -0.001 -17"><span class='ocrx_word' id='word_1_133' title='bbox 335 1781 426 1836; x_wconf 81' lang='grc' dir='ltr'>διὰ</span> <span class='ocrx_word' id='word_1_134' title='bbox 464 1782 743 1852; x_wconf 79' lang='grc' dir='ltr'>Βοσπόρου</span> <span class='ocrx_word' id='word_1_135' title='bbox 780 1782 1183 1851; x_wconf 77' lang='grc' dir='ltr'>παρελθοῦσαν,</span> <span class='ocrx_word' id='word_1_136' title='bbox 1214 1782 1309 1834; x_wconf 75' lang='grc' dir='ltr'>καὶ</span> <span class='ocrx_word' id='word_1_137' title='bbox 1337 1781 1439 1852; x_wconf 85' lang='grc' dir='ltr'>τὴν</span> <span class='ocrx_word' id='word_1_138' title='bbox 1495 1781 1782 1836; x_wconf 80' lang='grc' dir='ltr'>Μαιώτιδα</span> <span class='ocrx_word' id='word_1_139' title='bbox 1840 1781 1922 1833; x_wconf 88' lang='grc' dir='ltr'>λί-</span> 
     </span>
    </p>
   </div>
   <div class='ocr_carea' id='block_1_22' title="bbox 337 1872 1919 1943">
    <p class='ocr_par' dir='ltr' id='par_1_22' title="bbox 337 1872 1919 1943">
     <span class='ocr_line' id='line_1_22' title="bbox 337 1872 1919 1943; baseline 0.001 -20"><span class='ocrx_word' id='word_1_140' title='bbox 337 1891 480 1943; x_wconf 85' lang='grc' dir='ltr'>μνην</span> <span class='ocrx_word' id='word_1_141' title='bbox 507 1875 845 1942; x_wconf 81' lang='grc' dir='ltr'>ὑπερϐᾶσαν,</span> <span class='ocrx_word' id='word_1_142' title='bbox 878 1874 970 1926; x_wconf 73' lang='grc' dir='ltr'>ἐπὶ</span> <span class='ocrx_word' id='word_1_143' title='bbox 996 1874 1088 1927; x_wconf 83' lang='grc' dir='ltr'>τὸν</span> <span class='ocrx_word' id='word_1_144' title='bbox 1127 1872 1377 1938; x_wconf 76' lang='grc' dir='ltr'>Εὔξεινον</span> <span class='ocrx_word' id='word_1_145' title='bbox 1400 1873 1653 1940; x_wconf 88' lang='grc' dir='ltr'>γενέσθαι</span> <span class='ocrx_word' id='word_1_146' title='bbox 1697 1873 1919 1937; x_wconf 83' lang='grc' dir='ltr'>Πόντον,</span> 
     </span>
    </p>
   </div>
   <div class='ocr_carea' id='block_1_23' title="bbox 334 1964 1922 2035">
    <p class='ocr_par' dir='ltr' id='par_1_23' title="bbox 334 1964 1922 2035">
     <span class='ocr_line' id='line_1_23' title="bbox 334 1964 1922 2035; baseline 0.002 -18"><span class='ocrx_word' id='word_1_147' title='bbox 334 1965 431 2017; x_wconf 77' lang='grc' dir='ltr'>καὶ</span> <span class='ocrx_word' id='word_1_148' title='bbox 455 1965 640 2034; x_wconf 90' lang='grc' dir='ltr'>χώρας</span> <span class='ocrx_word' id='word_1_149' title='bbox 673 1965 948 2035; x_wconf 84' lang='grc' dir='ltr'>πορθῆσαι</span> <span class='ocrx_word' id='word_1_150' title='bbox 981 1965 1206 2028; x_wconf 78' lang='grc' dir='ltr'>πολλάς.</span> <span class='ocrx_word' id='word_1_151' title='bbox 1241 1965 1353 2019; x_wconf 73' lang='grc' dir='ltr'>Καὶ</span> <span class='ocrx_word' id='word_1_152' title='bbox 1380 1964 1517 2019; x_wconf 81' lang='grc' dir='ltr'>ἀλλα</span> <span class='ocrx_word' id='word_1_153' title='bbox 1544 1964 1601 2018; x_wconf 77' lang='grc' dir='ltr'>δὲ</span> <span class='ocrx_word' id='word_1_154' title='bbox 1623 1965 1793 2018; x_wconf 87' lang='grc' dir='ltr'>πολλὰ</span> <span class='ocrx_word' id='word_1_155' title='bbox 1813 1965 1922 2020; x_wconf 82' lang='grc' dir='ltr'>τῶν</span> 
     </span>
    </p>
   </div>
   <div class='ocr_carea' id='block_1_24' title="bbox 335 2055 1920 2130">
    <p class='ocr_par' dir='ltr' id='par_1_24' title="bbox 335 2055 1920 2130">
     <span class='ocr_line' id='line_1_24' title="bbox 335 2055 1920 2130; baseline 0.003 -23"><span class='ocrx_word' id='word_1_156' title='bbox 335 2055 509 2108; x_wconf 72' lang='grc' dir='ltr'>ιθνῶν</span> <span class='ocrx_word' id='word_1_157' title='bbox 541 2055 665 2109; x_wconf 77' lang='grc' dir='ltr'>τότε</span> <span class='ocrx_word' id='word_1_158' title='bbox 733 2057 878 2109; x_wconf 81' lang='grc' dir='ltr'>κατά</span> <span class='ocrx_word' id='word_1_159' title='bbox 905 2057 1006 2126; x_wconf 83' lang='grc' dir='ltr'>τῆς</span> <span class='ocrx_word' id='word_1_160' title='bbox 1054 2055 1374 2128; x_wconf 77' lang='grc' dir='ltr'>Ῥωμαῖκῆς</span> <span class='ocrx_word' id='word_1_161' title='bbox 1421 2057 1782 2129; x_wconf 71' lang='grc' dir='ltr'>ἐπικρατείας</span> <span class='ocrx_word' id='word_1_162' title='bbox 1807 2057 1920 2130; x_wconf 80' lang='grc' dir='ltr'>ώρ-</span> 
     </span>
    </p>
   </div>
   <div class='ocr_carea' id='block_1_25' title="bbox 339 2149 1918 2220">
    <p class='ocr_par' dir='ltr' id='par_1_25' title="bbox 339 2149 1918 2220">
     <span class='ocr_line' id='line_1_25' title="bbox 339 2149 1918 2220; baseline -0.001 -18"><span class='ocrx_word' id='word_1_163' title='bbox 339 2153 614 2220; x_wconf 82' lang='grc' dir='ltr'>μήκεσαν.</span> <span class='ocrx_word' id='word_1_164' title='bbox 659 2149 819 2203; x_wconf 74' lang='grc' dir='ltr'>Ἀλλά</span> <span class='ocrx_word' id='word_1_165' title='bbox 855 2150 952 2204; x_wconf 73' lang='grc' dir='ltr'>καὶ</span> <span class='ocrx_word' id='word_1_166' title='bbox 984 2150 1173 2220; x_wconf 76' lang='grc' dir='ltr'>λοιμὸς</span> <span class='ocrx_word' id='word_1_167' title='bbox 1201 2150 1326 2203; x_wconf 84' lang='grc' dir='ltr'>τότε</span> <span class='ocrx_word' id='word_1_168' title='bbox 1373 2153 1494 2214; x_wconf 89' lang='grc' dir='ltr'>ταῖς</span> <span class='ocrx_word' id='word_1_169' title='bbox 1555 2149 1761 2220; x_wconf 81' lang='grc' dir='ltr'>χώραις</span> <span class='ocrx_word' id='word_1_170' title='bbox 1800 2149 1918 2202; x_wconf 67' lang='grc' dir='ltr'>ἐνέ-</span> 
     </span>
    </p>
   </div>
   <div class='ocr_carea' id='block_1_26' title="bbox 339 2238 1918 2311">
    <p class='ocr_par' dir='ltr' id='par_1_26' title="bbox 339 2238 1918 2311">
     <span class='ocr_line' id='line_1_26' title="bbox 339 2238 1918 2311; baseline -0.001 -17"><span class='ocrx_word' id='word_1_171' title='bbox 339 2258 411 2294; x_wconf 88' lang='grc' dir='ltr'>σκ</span> <span class='ocrx_word' id='word_1_172' title='bbox 438 2241 545 2311; x_wconf 75' lang='grc' dir='ltr'>,ψε,</span> <span class='ocrx_word' id='word_1_173' title='bbox 575 2238 634 2304; x_wconf 72' lang='grc' dir='ltr'>ἐξ</span> <span class='ocrx_word' id='word_1_174' title='bbox 665 2239 951 2304; x_wconf 79' lang='grc' dir='ltr'>Αἰθιοπίας</span> <span class='ocrx_word' id='word_1_175' title='bbox 997 2240 1326 2310; x_wconf 68' lang='grc' dir='ltr'>ἀρξάμενος,</span> <span class='ocrx_word' id='word_1_176' title='bbox 1380 2240 1477 2293; x_wconf 74' lang='grc' dir='ltr'>καὶ</span> <span class='ocrx_word' id='word_1_177' title='bbox 1508 2243 1692 2294; x_wconf 80' lang='grc' dir='ltr'>πᾶσαν</span> <span class='ocrx_word' id='word_1_178' title='bbox 1724 2240 1918 2310; x_wconf 67' lang='grc' dir='ltr'>σχεδὸν</span> 
     </span>
    </p>
   </div>
   <div class='ocr_carea' id='block_1_27' title="bbox 339 2330 1924 2403">
    <p class='ocr_par' dir='ltr' id='par_1_27' title="bbox 339 2330 1924 2403">
     <span class='ocr_line' id='line_1_27' title="bbox 339 2330 1924 2403; baseline -0.001 -18"><span class='ocrx_word' id='word_1_179' title='bbox 339 2332 699 2403; x_wconf 76' lang='grc' dir='ltr'>ἑπινεμηθεὶς</span> <span class='ocrx_word' id='word_1_180' title='bbox 725 2331 908 2403; x_wconf 80' lang='grc' dir='ltr'>χώραν</span> <span class='ocrx_word' id='word_1_181' title='bbox 935 2330 1075 2402; x_wconf 75' lang='grc' dir='ltr'>ἑῴαν</span> <span class='ocrx_word' id='word_1_182' title='bbox 1098 2349 1157 2384; x_wconf 88' lang='grc' dir='ltr'>τε</span> <span class='ocrx_word' id='word_1_183' title='bbox 1193 2333 1285 2385; x_wconf 76' lang='grc' dir='ltr'>καὶ</span> <span class='ocrx_word' id='word_1_184' title='bbox 1337 2333 1616 2401; x_wconf 78' lang='grc' dir='ltr'>ἑσπέριον,</span> <span class='ocrx_word' id='word_1_185' title='bbox 1666 2332 1762 2384; x_wconf 79' lang='grc' dir='ltr'>καὶ</span> <span class='ocrx_word' id='word_1_186' title='bbox 1794 2331 1924 2384; x_wconf 79' lang='grc' dir='ltr'>πολ·</span> 
     </span>
    </p>
   </div>
   <div class='ocr_carea' id='block_1_28' title="bbox 339 2423 1924 2493">
    <p class='ocr_par' dir='ltr' id='par_1_28' title="bbox 339 2423 1924 2493">
     <span class='ocr_line' id='line_1_28' title="bbox 339 2423 1924 2493; baseline -0.002 -16"><span class='ocrx_word' id='word_1_187' title='bbox 339 2425 444 2487; x_wconf 78' lang='grc' dir='ltr'>λάς</span> <span class='ocrx_word' id='word_1_188' title='bbox 471 2425 582 2479; x_wconf 82' lang='grc' dir='ltr'>τῶν</span> <span class='ocrx_word' id='word_1_189' title='bbox 607 2425 820 2478; x_wconf 85' lang='grc' dir='ltr'>πόλεων</span> <span class='ocrx_word' id='word_1_190' title='bbox 841 2425 951 2478; x_wconf 85' lang='grc' dir='ltr'>τῶν</span> <span class='ocrx_word' id='word_1_191' title='bbox 991 2423 1298 2493; x_wconf 80' lang='grc' dir='ltr'>οἰκητόρων</span> <span class='ocrx_word' id='word_1_192' title='bbox 1331 2423 1622 2490; x_wconf 65' lang='grc' dir='ltr'>ἐκένωσεν,</span> <span class='ocrx_word' id='word_1_193' title='bbox 1668 2423 1762 2476; x_wconf 70' lang='grc' dir='ltr'>ἐπὶ</span> <span class='ocrx_word' id='word_1_194' title='bbox 1795 2441 1924 2477; x_wconf 80' lang='grc' dir='ltr'>πεν-</span> 
     </span>
    </p>
   </div>
   <div class='ocr_carea' id='block_1_29' title="bbox 337 2511 1926 2584">
    <p class='ocr_par' dir='ltr' id='par_1_29' title="bbox 337 2511 1926 2584">
     <span class='ocr_line' id='line_1_29' title="bbox 337 2511 1926 2584; baseline -0.004 -14"><span class='ocrx_word' id='word_1_195' title='bbox 337 2515 638 2570; x_wconf 84' lang='grc' dir='ltr'>τεκαίδεκα</span> <span class='ocrx_word' id='word_1_196' title='bbox 671 2513 974 2584; x_wconf 75' lang='grc' dir='ltr'>διαρκέσας</span> <span class='ocrx_word' id='word_1_197' title='bbox 1005 2511 1312 2576; x_wconf 69' lang='grc' dir='ltr'>ὲνιαυτούς.</span> <span class='ocrx_word' id='word_1_198' title='bbox 1379 2512 1447 2564; x_wconf 84' lang='grc' dir='ltr'>Οῖ</span> <span class='ocrx_word' id='word_1_199' title='bbox 1473 2529 1538 2580; x_wconf 86' lang='grc' dir='ltr'>γε</span> <span class='ocrx_word' id='word_1_200' title='bbox 1573 2512 1682 2582; x_wconf 80' lang='grc' dir='ltr'>μὴν</span> <span class='ocrx_word' id='word_1_201' title='bbox 1720 2512 1926 2566; x_wconf 84' lang='grc' dir='ltr'>Σκύθαι</span> 
     </span>
    </p>
   </div>
   <div class='ocr_carea' id='block_1_30' title="bbox 335 2603 1924 2678">
    <p class='ocr_par' dir='ltr' id='par_1_30' title="bbox 335 2603 1924 2678">
     <span class='ocr_line' id='line_1_30' title="bbox 335 2603 1924 2678; baseline -0.001 -18"><span class='ocrx_word' id='word_1_202' title='bbox 335 2608 655 2678; x_wconf 80' lang='grc' dir='ltr'>τεταγμένα</span> <span class='ocrx_word' id='word_1_203' title='bbox 691 2608 844 2677; x_wconf 70' lang='grc' dir='ltr'>παρὰ</span> <span class='ocrx_word' id='word_1_204' title='bbox 883 2605 1178 2676; x_wconf 83' lang='grc' dir='ltr'>Ῥωμαίων</span> <span class='ocrx_word' id='word_1_205' title='bbox 1207 2605 1350 2658; x_wconf 74' lang='grc' dir='ltr'>κατὰ</span> <span class='ocrx_word' id='word_1_206' title='bbox 1392 2605 1669 2673; x_wconf 78' lang='grc' dir='ltr'>συνθήκας</span> <span class='ocrx_word' id='word_1_207' title='bbox 1705 2603 1924 2676; x_wconf 77' lang='grc' dir='ltr'>λαμϐάο</span> 
     </span>
    </p>
   </div>
   <div class='ocr_carea' id='block_1_31' title="bbox 344 2696 1929 2769">
    <p class='ocr_par' dir='ltr' id='par_1_31' title="bbox 344 2696 1929 2769">
     <span class='ocr_line' id='line_1_31' title="bbox 344 2696 1929 2769; baseline -0.003 -17"><span class='ocrx_word' id='word_1_208' title='bbox 344 2717 534 2762; x_wconf 87' lang='grc' dir='ltr'>νοντες</span> <span class='ocrx_word' id='word_1_209' title='bbox 564 2699 851 2764; x_wconf 72' lang='grc' dir='ltr'>ἐπετείως,</span> <span class='ocrx_word' id='word_1_210' title='bbox 900 2699 1073 2769; x_wconf 78' lang='grc' dir='ltr'>ἦκασι</span> <span class='ocrx_word' id='word_1_211' title='bbox 1123 2696 1298 2752; x_wconf 85' lang='grc' dir='ltr'>ταῦτα</span> <span class='ocrx_word' id='word_1_212' title='bbox 1332 2696 1655 2767; x_wconf 70' lang='grc' dir='ltr'>ληψόμενοι,</span> <span class='ocrx_word' id='word_1_213' title='bbox 1709 2699 1804 2751; x_wconf 77' lang='grc' dir='ltr'>καὶ</span> <span class='ocrx_word' id='word_1_214' title='bbox 1831 2697 1929 2766; x_wconf 76' lang='grc' dir='ltr'>ἦτ-</span> 
     </span>
    </p>
   </div>
   <div class='ocr_carea' id='block_1_32' title="bbox 339 2786 1925 2860">
    <p class='ocr_par' dir='ltr' id='par_1_32' title="bbox 339 2786 1925 2860">
     <span class='ocr_line' id='line_1_32' title="bbox 339 2786 1925 2860; baseline -0.002 -15"><span class='ocrx_word' id='word_1_215' title='bbox 339 2809 474 2845; x_wconf 87' lang='grc' dir='ltr'>τονα</span> <span class='ocrx_word' id='word_1_216' title='bbox 531 2791 786 2860; x_wconf 76' lang='grc' dir='ltr'>λέγοντες</span> <span class='ocrx_word' id='word_1_217' title='bbox 835 2786 972 2844; x_wconf 75' lang='grc' dir='ltr'>εῖναι</span> <span class='ocrx_word' id='word_1_218' title='bbox 1041 2790 1148 2843; x_wconf 84' lang='grc' dir='ltr'>τῶν</span> <span class='ocrx_word' id='word_1_219' title='bbox 1195 2788 1598 2859; x_wconf 77' lang='grc' dir='ltr'>ὑπεσχημένων</span> <span class='ocrx_word' id='word_1_220' title='bbox 1650 2789 1721 2842; x_wconf 84' lang='grc' dir='ltr'>τὰ</span> <span class='ocrx_word' id='word_1_221' title='bbox 1771 2790 1925 2858; x_wconf 85' lang='grc' dir='ltr'>σφίσι</span> 
     </span>
    </p>
   </div>
   <div class='ocr_carea' id='block_1_33' title="bbox 337 2881 1928 2955">
    <p class='ocr_par' dir='ltr' id='par_1_33' title="bbox 337 2881 1928 2955">
     <span class='ocr_line' id='line_1_33' title="bbox 337 2881 1928 2955; baseline -0.004 -16"><span class='ocrx_word' id='word_1_222' title='bbox 337 2885 620 2954; x_wconf 80' lang='grc' dir='ltr'>διδόμενα,</span> <span class='ocrx_word' id='word_1_223' title='bbox 653 2884 903 2955; x_wconf 79' lang='grc' dir='ltr'>ἀπῄεσαν</span> <span class='ocrx_word' id='word_1_224' title='bbox 927 2881 1338 2952; x_wconf 84' lang='grc' dir='ltr'>άπειλούμενοι·</span> <span class='ocrx_word' id='word_1_225' title='bbox 1378 2881 1699 2952; x_wconf 79' lang='grc' dir='ltr'>Αἰμιλιανὸς</span> <span class='ocrx_word' id='word_1_226' title='bbox 1750 2881 1808 2934; x_wconf 79' lang='grc' dir='ltr'>δέ</span> <span class='ocrx_word' id='word_1_227' title='bbox 1844 2884 1928 2946; x_wconf 75' lang='grc' dir='ltr'>τίς</span> 
     </span>
    </p>
   </div>
   <div class='ocr_carea' id='block_1_34' title="bbox 338 2972 1996 3080">
    <p class='ocr_par' dir='ltr' id='par_1_34' title="bbox 338 2972 1996 3080">
     <span class='ocr_line' id='line_1_34' title="bbox 338 2972 1996 3080; baseline -0.002 -50"><span class='ocrx_word' id='word_1_228' title='bbox 338 2975 511 3038; x_wconf 83' lang='grc' dir='ltr'>Λίϐυς</span> <span class='ocrx_word' id='word_1_229' title='bbox 543 2975 705 3046; x_wconf 83' lang='grc' dir='ltr'>ἀνὴρ,</span> <span class='ocrx_word' id='word_1_230' title='bbox 749 2974 935 3046; x_wconf 79' lang='grc' dir='ltr'>ἄρχων</span> <span class='ocrx_word' id='word_1_231' title='bbox 979 2973 1076 3027; x_wconf 82' lang='grc' dir='ltr'>τοῦ</span> <span class='ocrx_word' id='word_1_232' title='bbox 1130 2975 1190 3027; x_wconf 78' lang='grc' dir='ltr'>ὲν</span> <span class='ocrx_word' id='word_1_233' title='bbox 1240 2972 1426 3044; x_wconf 71' lang='grc' dir='ltr'>Μυσία</span> <span class='ocrx_word' id='word_1_234' title='bbox 1491 2973 1923 3044; x_wconf 80' lang='grc' dir='ltr'>στρατεύματος,</span> <span class='ocrx_word' id='word_1_235' title='bbox 1953 3022 1996 3080; x_wconf 77' lang='lat' dir='ltr'><strong>C</strong></span> 
     </span>
    </p>
   </div>
   <div class='ocr_carea' id='block_1_35' title="bbox 337 3063 1926 3136">
    <p class='ocr_par' dir='ltr' id='par_1_35' title="bbox 337 3063 1926 3136">
     <span class='ocr_line' id='line_1_35' title="bbox 337 3063 1926 3136; baseline -0.003 -15"><span class='ocrx_word' id='word_1_236' title='bbox 337 3069 454 3130; x_wconf 84' lang='grc' dir='ltr'>τοῖς</span> <span class='ocrx_word' id='word_1_237' title='bbox 505 3067 872 3136; x_wconf 85' lang='grc' dir='ltr'>στρατιώταις</span> <span class='ocrx_word' id='word_1_238' title='bbox 903 3065 1098 3120; x_wconf 83' lang='grc' dir='ltr'>δώσειν</span> <span class='ocrx_word' id='word_1_239' title='bbox 1157 3064 1342 3118; x_wconf 86' lang='grc' dir='ltr'>πάντα</span> <span class='ocrx_word' id='word_1_240' title='bbox 1392 3065 1463 3118; x_wconf 82' lang='grc' dir='ltr'>τά</span> <span class='ocrx_word' id='word_1_241' title='bbox 1533 3066 1648 3126; x_wconf 89' lang='grc' dir='ltr'>τοῖς</span> <span class='ocrx_word' id='word_1_242' title='bbox 1689 3063 1926 3127; x_wconf 83' lang='grc' dir='ltr'>Σκύθαις</span> 
     </span>
    </p>
   </div>
   <div class='ocr_carea' id='block_1_36' title="bbox 338 3155 1932 3228">
    <p class='ocr_par' dir='ltr' id='par_1_36' title="bbox 338 3155 1932 3228">
     <span class='ocr_line' id='line_1_36' title="bbox 338 3155 1932 3228; baseline 0 -19"><span class='ocrx_word' id='word_1_243' title='bbox 338 3157 601 3227; x_wconf 75' lang='grc' dir='ltr'>διδόμενα</span> <span class='ocrx_word' id='word_1_244' title='bbox 629 3157 1022 3228; x_wconf 72' lang='grc' dir='ltr'>ἐπηγγείλατο,</span> <span class='ocrx_word' id='word_1_245' title='bbox 1056 3159 1105 3210; x_wconf 82' lang='grc' dir='ltr'>εἰ</span> <span class='ocrx_word' id='word_1_246' title='bbox 1143 3159 1256 3217; x_wconf 82' lang='grc' dir='ltr'>τοῖς</span> <span class='ocrx_word' id='word_1_247' title='bbox 1289 3155 1594 3226; x_wconf 79' lang='grc' dir='ltr'>Βαρϐάροις</span> <span class='ocrx_word' id='word_1_248' title='bbox 1630 3157 1932 3225; x_wconf 63' lang='grc' dir='ltr'>συνάψειαν</span> 
     </span>
    </p>
   </div>
   <div class='ocr_carea' id='block_1_37' title="bbox 341 3247 1930 3321">
    <p class='ocr_par' dir='ltr' id='par_1_37' title="bbox 341 3247 1930 3321">
     <span class='ocr_line' id='line_1_37' title="bbox 341 3247 1930 3321; baseline -0.001 -20"><span class='ocrx_word' id='word_1_249' title='bbox 341 3248 610 3318; x_wconf 82' lang='grc' dir='ltr'>πόλεμον.</span> <span class='ocrx_word' id='word_1_250' title='bbox 645 3249 710 3302; x_wconf 81' lang='lat' dir='ltr'><strong>Ol</strong></span> <span class='ocrx_word' id='word_1_251' title='bbox 739 3248 822 3312; x_wconf 83' lang='grc' dir='ltr'>δὲ,</span> <span class='ocrx_word' id='word_1_252' title='bbox 852 3249 1175 3321; x_wconf 81' lang='grc' dir='ltr'>ἀπροόπτως</span> <span class='ocrx_word' id='word_1_253' title='bbox 1198 3248 1518 3310; x_wconf 74' lang='grc' dir='ltr'>ἐπελθόντες</span> <span class='ocrx_word' id='word_1_254' title='bbox 1545 3250 1653 3310; x_wconf 87' lang='grc' dir='ltr'>τοῖς</span> <span class='ocrx_word' id='word_1_255' title='bbox 1672 3247 1930 3316; x_wconf 80' lang='grc' dir='ltr'>Σκύθαις,</span> 
     </span>
    </p>
   </div>
   <div class='ocr_carea' id='block_1_38' title="bbox 341 3335 1933 3406">
    <p class='ocr_par' dir='ltr' id='par_1_38' title="bbox 341 3335 1933 3406">
     <span class='ocr_line' id='line_1_38' title="bbox 341 3335 1933 3406; baseline 0.001 -20"><span class='ocrx_word' id='word_1_256' title='bbox 341 3335 479 3404; x_wconf 84' lang='grc' dir='ltr'>ἄτερ</span> <span class='ocrx_word' id='word_1_257' title='bbox 531 3335 726 3404; x_wconf 84' lang='grc' dir='ltr'>ὀλίγων</span> <span class='ocrx_word' id='word_1_258' title='bbox 774 3337 1108 3391; x_wconf 83' lang='grc' dir='ltr'>ἀπέκτειναν</span> <span class='ocrx_word' id='word_1_259' title='bbox 1162 3337 1434 3398; x_wconf 75' lang='grc' dir='ltr'>ἅπαντας,</span> <span class='ocrx_word' id='word_1_260' title='bbox 1483 3338 1578 3389; x_wconf 80' lang='grc' dir='ltr'>καὶ</span> <span class='ocrx_word' id='word_1_261' title='bbox 1625 3336 1845 3406; x_wconf 81' lang='grc' dir='ltr'>λάφυρα</span> <span class='ocrx_word' id='word_1_262' title='bbox 1873 3337 1933 3402; x_wconf 82' lang='grc' dir='ltr'>ἐξ</span> 
     </span>
    </p>
   </div>
   <div class='ocr_carea' id='block_1_39' title="bbox 347 3427 1934 3500">
    <p class='ocr_par' dir='ltr' id='par_1_39' title="bbox 347 3427 1934 3500">
     <span class='ocr_line' id='line_1_39' title="bbox 347 3427 1934 3500; baseline 0.003 -22"><span class='ocrx_word' id='word_1_263' title='bbox 347 3428 583 3481; x_wconf 84' lang='grc' dir='ltr'>ἐκείνων</span> <span class='ocrx_word' id='word_1_264' title='bbox 614 3428 844 3482; x_wconf 89' lang='grc' dir='ltr'>πλεῖστα</span> <span class='ocrx_word' id='word_1_265' title='bbox 887 3429 1220 3498; x_wconf 82' lang='grc' dir='ltr'>συνήγαγον,</span> <span class='ocrx_word' id='word_1_266' title='bbox 1270 3427 1372 3498; x_wconf 82' lang='grc' dir='ltr'>τὴν</span> <span class='ocrx_word' id='word_1_267' title='bbox 1411 3427 1596 3500; x_wconf 87' lang='grc' dir='ltr'>χώραν</span> <span class='ocrx_word' id='word_1_268' title='bbox 1656 3429 1934 3499; x_wconf 84' lang='grc' dir='ltr'>καταδρα-</span> 
     </span>
    </p>
   </div>
   <div class='ocr_carea' id='block_1_40' title="bbox 2021 404 3599 480">
    <p class='ocr_par' dir='ltr' id='par_1_40' title="bbox 2021 404 3599 480">
     <span class='ocr_line' id='line_1_40' title="bbox 2021 404 3599 480; baseline 0.01 -23"><span class='ocrx_word' id='word_1_269' title='bbox 2021 419 2148 458; x_wconf 90' lang='lat' dir='ltr'>cum</span> <span class='ocrx_word' id='word_1_270' title='bbox 2192 404 2473 472; x_wconf 85' lang='lat' dir='ltr'><strong>Barbaris,</strong></span> <span class='ocrx_word' id='word_1_271' title='bbox 2497 416 2558 461; x_wconf 91' lang='lat' dir='ltr'>ut</span> <span class='ocrx_word' id='word_1_272' title='bbox 2585 422 2776 462; x_wconf 91' lang='lat' dir='ltr'><strong>annuo</strong></span> <span class='ocrx_word' id='word_1_273' title='bbox 2812 407 3022 462; x_wconf 91' lang='lat' dir='ltr'><strong>tributo</strong></span> <span class='ocrx_word' id='word_1_274' title='bbox 3073 422 3304 480; x_wconf 86' lang='lat' dir='ltr'><strong>accepto</strong></span> <span class='ocrx_word' id='word_1_275' title='bbox 3329 453 3345 478; x_wconf 90' lang='lat'>,</span> <span class='ocrx_word' id='word_1_276' title='bbox 3393 415 3599 472; x_wconf 79' lang='lat' dir='ltr'><strong>Roma-</strong></span> 
     </span>
    </p>
   </div>
   <div class='ocr_carea' id='block_1_41' title="bbox 2022 497 3596 568">
    <p class='ocr_par' dir='ltr' id='par_1_41' title="bbox 2022 497 3596 568">
     <span class='ocr_line' id='line_1_41' title="bbox 2022 497 3596 568; baseline 0.009 -18"><span class='ocrx_word' id='word_1_277' title='bbox 2022 497 2108 552; x_wconf 86' lang='lat' dir='ltr'>nis</span> <span class='ocrx_word' id='word_1_278' title='bbox 2140 499 2441 568; x_wconf 75' lang='lat' dir='ltr'>provinciis</span> <span class='ocrx_word' id='word_1_279' title='bbox 2465 500 2827 564; x_wconf 87' lang='lat' dir='ltr'><strong>abstinerent,</strong></span> <span class='ocrx_word' id='word_1_280' title='bbox 2861 502 3092 556; x_wconf 83' lang='lat' dir='ltr'><strong>Romam</strong></span> <span class='ocrx_word' id='word_1_281' title='bbox 3115 502 3289 568; x_wconf 86' lang='lat' dir='ltr'><strong>abiit,</strong></span> <span class='ocrx_word' id='word_1_282' title='bbox 3323 520 3390 560; x_wconf 90' lang='lat' dir='ltr'>ac</span> <span class='ocrx_word' id='word_1_283' title='bbox 3423 507 3596 564; x_wconf 82' lang='lat' dir='ltr'><strong>illium</strong></span> 
     </span>
    </p>
   </div>
   <div class='ocr_carea' id='block_1_42' title="bbox 2025 589 3604 653">
    <p class='ocr_par' dir='ltr' id='par_1_42' title="bbox 2025 589 3604 653">
     <span class='ocr_line' id='line_1_42' title="bbox 2025 589 3604 653; baseline 0.006 -9"><span class='ocrx_word' id='word_1_284' title='bbox 2025 589 2382 644; x_wconf 77' lang='lat' dir='ltr'><strong>Volusianum</strong></span> <span class='ocrx_word' id='word_1_285' title='bbox 2413 590 2683 646; x_wconf 72' lang='lat' dir='ltr'><strong>Casarem</strong></span> <span class='ocrx_word' id='word_1_286' title='bbox 2716 592 3036 648; x_wconf 83' lang='lat' dir='ltr'><strong>declaravit.</strong></span> <span class='ocrx_word' id='word_1_287' title='bbox 3076 594 3202 649; x_wconf 84' lang='lat' dir='ltr'><strong>Fuit</strong></span> <span class='ocrx_word' id='word_1_288' title='bbox 3227 607 3282 650; x_wconf 89' lang='lat' dir='ltr'>et</span> <span class='ocrx_word' id='word_1_289' title='bbox 3317 595 3409 651; x_wconf 82' lang='lat' dir='ltr'>hic</span> <span class='ocrx_word' id='word_1_290' title='bbox 3437 597 3604 653; x_wconf 70' lang='lat' dir='ltr'><strong>Chrio</strong></span> 
     </span>
    </p>
   </div>
   <div class='ocr_carea' id='block_1_43' title="bbox 2021 682 3602 760">
    <p class='ocr_par' dir='ltr' id='par_1_43' title="bbox 2021 682 3602 760">
     <span class='ocr_line' id='line_1_43' title="bbox 2021 682 3602 760; baseline 0.006 -24"><span class='ocrx_word' id='word_1_291' title='bbox 2021 682 2217 737; x_wconf 87' lang='lat' dir='ltr'><strong>stianis</strong></span> <span class='ocrx_word' id='word_1_292' title='bbox 2241 686 2444 753; x_wconf 79' lang='lat' dir='ltr'>gravis,</span> <span class='ocrx_word' id='word_1_293' title='bbox 2475 700 2586 739; x_wconf 91' lang='lat' dir='ltr'>non</span> <span class='ocrx_word' id='word_1_294' title='bbox 2617 686 2831 741; x_wconf 89' lang='lat' dir='ltr'><strong>minore</strong></span> <span class='ocrx_word' id='word_1_295' title='bbox 2878 702 3042 756; x_wconf 90' lang='lat' dir='ltr'><strong>quam</strong></span> <span class='ocrx_word' id='word_1_296' title='bbox 3094 688 3292 744; x_wconf 79' lang='lat' dir='ltr'>Decius</span> <span class='ocrx_word' id='word_1_297' title='bbox 3338 705 3602 760; x_wconf 87' lang='lat' dir='ltr'><strong>persecu-</strong></span> 
     </span>
    </p>
   </div>
   <div class='ocr_carea' id='block_1_44' title="bbox 2023 778 3590 851">
    <p class='ocr_par' dir='ltr' id='par_1_44' title="bbox 2023 778 3590 851">
     <span class='ocr_line' id='line_1_44' title="bbox 2023 778 3590 851; baseline 0.006 -20"><span class='ocrx_word' id='word_1_298' title='bbox 2023 778 2174 834; x_wconf 91' lang='lat' dir='ltr'><strong>tione</strong></span> <span class='ocrx_word' id='word_1_299' title='bbox 2201 779 2473 844; x_wconf 87' lang='lat' dir='ltr'><strong>inchoata,</strong></span> <span class='ocrx_word' id='word_1_300' title='bbox 2507 781 2802 851; x_wconf 72' lang='lat' dir='ltr'><strong>multisque</strong></span> <span class='ocrx_word' id='word_1_301' title='bbox 2833 782 3160 839; x_wconf 81' lang='lat' dir='ltr'><strong>interfectis.</strong></span> <span class='ocrx_word' id='word_1_302' title='bbox 3194 784 3310 839; x_wconf 86' lang='lat' dir='ltr'>Sub</span> <span class='ocrx_word' id='word_1_303' title='bbox 3335 785 3439 839; x_wconf 86' lang='lat' dir='ltr'>hoc</span> <span class='ocrx_word' id='word_1_304' title='bbox 3471 801 3590 840; x_wconf 91' lang='lat' dir='ltr'><strong>mo-</strong></span> 
     </span>
    </p>
   </div>
   <div class='ocr_carea' id='block_1_45' title="bbox 2026 871 3598 947">
    <p class='ocr_par' dir='ltr' id='par_1_45' title="bbox 2026 871 3598 947">
     <span class='ocr_line' id='line_1_45' title="bbox 2026 871 3598 947; baseline 0.005 -22"><span class='ocrx_word' id='word_1_305' title='bbox 2026 880 2116 925; x_wconf 87' lang='lat' dir='ltr'>tus</span> <span class='ocrx_word' id='word_1_306' title='bbox 2135 871 2424 926; x_wconf 89' lang='lat' dir='ltr'><strong>Persarum</strong></span> <span class='ocrx_word' id='word_1_307' title='bbox 2452 875 2756 939; x_wconf 86' lang='lat' dir='ltr'><strong>recruduit,</strong></span> <span class='ocrx_word' id='word_1_308' title='bbox 2775 876 2868 945; x_wconf 86' lang='lat' dir='ltr'>qui</span> <span class='ocrx_word' id='word_1_309' title='bbox 2891 877 3203 931; x_wconf 77' lang='lat' dir='ltr'><strong>Armeniam</strong></span> <span class='ocrx_word' id='word_1_310' title='bbox 3235 888 3598 947; x_wconf 80' lang='lat' dir='ltr'><strong>occuparunt,</strong></span> 
     </span>
    </p>
   </div>
   <div class='ocr_carea' id='block_1_46' title="bbox 2024 961 3602 1039">
    <p class='ocr_par' dir='ltr' id='par_1_46' title="bbox 2024 961 3602 1039">
     <span class='ocr_line' id='line_1_46' title="bbox 2024 961 3602 1039; baseline 0.006 -23"><span class='ocrx_word' id='word_1_311' title='bbox 2024 961 2284 1034; x_wconf 84' lang='lat' dir='ltr'><strong>Tyridate</strong></span> <span class='ocrx_word' id='word_1_312' title='bbox 2314 979 2441 1035; x_wconf 88' lang='lat' dir='ltr'><strong>rege</strong></span> <span class='ocrx_word' id='word_1_313' title='bbox 2479 965 2603 1035; x_wconf 80' lang='lat' dir='ltr'><strong>fuga</strong></span> <span class='ocrx_word' id='word_1_314' title='bbox 2626 967 2832 1036; x_wconf 90' lang='lat' dir='ltr'><strong>elapso,</strong></span> <span class='ocrx_word' id='word_1_315' title='bbox 2861 968 3020 1039; x_wconf 87' lang='lat' dir='ltr'><strong>cujus</strong></span> <span class='ocrx_word' id='word_1_316' title='bbox 3066 969 3161 1022; x_wconf 83' lang='lat' dir='ltr'><strong>illii</strong></span> <span class='ocrx_word' id='word_1_317' title='bbox 3203 984 3264 1024; x_wconf 90' lang='lat' dir='ltr'>se</span> <span class='ocrx_word' id='word_1_318' title='bbox 3304 970 3371 1023; x_wconf 91' lang='lat' dir='ltr'>ad</span> <span class='ocrx_word' id='word_1_319' title='bbox 3413 971 3602 1025; x_wconf 78' lang='lat' dir='ltr'><strong>hostes</strong></span> 
     </span>
    </p>
   </div>
   <div class='ocr_carea' id='block_1_47' title="bbox 2023 1055 3602 1130">
    <p class='ocr_par' dir='ltr' id='par_1_47' title="bbox 2023 1055 3602 1130">
     <span class='ocr_line' id='line_1_47' title="bbox 2023 1055 3602 1130; baseline 0.005 -22"><span class='ocrx_word' id='word_1_320' title='bbox 2023 1055 2392 1110; x_wconf 82' lang='lat' dir='ltr'><strong>contulerant.</strong></span> <span class='ocrx_word' id='word_1_321' title='bbox 2447 1055 2775 1128; x_wconf 83' lang='lat' dir='ltr'><strong>Scytharum</strong></span> <span class='ocrx_word' id='word_1_322' title='bbox 2841 1074 3062 1129; x_wconf 87' lang='lat' dir='ltr'><strong>quoque</strong></span> <span class='ocrx_word' id='word_1_323' title='bbox 3119 1061 3416 1116; x_wconf 86' lang='lat' dir='ltr'><strong>multitudo</strong></span> <span class='ocrx_word' id='word_1_324' title='bbox 3459 1077 3602 1130; x_wconf 86' lang='lat' dir='ltr'><strong>pene</strong></span> 
     </span>
    </p>
   </div>
   <div class='ocr_carea' id='block_1_48' title="bbox 2025 1147 3599 1222">
    <p class='ocr_par' dir='ltr' id='par_1_48' title="bbox 2025 1147 3599 1222">
     <span class='ocr_line' id='line_1_48' title="bbox 2025 1147 3599 1222; baseline 0.006 -23"><span class='ocrx_word' id='word_1_325' title='bbox 2025 1147 2446 1203; x_wconf 88' lang='lat' dir='ltr'><strong>innumerabilis</strong></span> <span class='ocrx_word' id='word_1_326' title='bbox 2472 1149 2527 1203; x_wconf 87' lang='lat' dir='ltr'>in</span> <span class='ocrx_word' id='word_1_327' title='bbox 2583 1150 2794 1206; x_wconf 88' lang='lat' dir='ltr'><strong>Italiam</strong></span> <span class='ocrx_word' id='word_1_328' title='bbox 2844 1151 3263 1222; x_wconf 84' lang='lat' dir='ltr'><strong>impressionem</strong></span> <span class='ocrx_word' id='word_1_329' title='bbox 3305 1153 3476 1212; x_wconf 82' lang='lat' dir='ltr'><strong>iecit:</strong></span> <span class='ocrx_word' id='word_1_330' title='bbox 3528 1155 3599 1209; x_wconf 89' lang='lat' dir='ltr'><strong>ii-</strong></span> 
     </span>
    </p>
   </div>
   <div class='ocr_carea' id='block_1_49' title="bbox 2024 1235 3596 1306">
    <p class='ocr_par' dir='ltr' id='par_1_49' title="bbox 2024 1235 3596 1306">
     <span class='ocr_line' id='line_1_49' title="bbox 2024 1235 3596 1306; baseline 0.005 -16"><span class='ocrx_word' id='word_1_331' title='bbox 2024 1235 2261 1306; x_wconf 89' lang='lat' dir='ltr'><strong>demque</strong></span> <span class='ocrx_word' id='word_1_332' title='bbox 2318 1237 2738 1306; x_wconf 83' lang='lat' dir='ltr'><strong>Macedoniam,</strong></span> <span class='ocrx_word' id='word_1_333' title='bbox 2813 1242 3154 1298; x_wconf 83' lang='lat' dir='ltr'><strong>Thessaliam</strong></span> <span class='ocrx_word' id='word_1_334' title='bbox 3207 1254 3264 1300; x_wconf 89' lang='lat' dir='ltr'>et</span> <span class='ocrx_word' id='word_1_335' title='bbox 3331 1244 3596 1300; x_wconf 66' lang='lat' dir='ltr'><strong>Graeciam</strong></span> 
     </span>
    </p>
   </div>
   <div class='ocr_carea' id='block_1_50' title="bbox 2026 1327 3602 1404">
    <p class='ocr_par' dir='ltr' id='par_1_50' title="bbox 2026 1327 3602 1404">
     <span class='ocr_line' id='line_1_50' title="bbox 2026 1327 3602 1404; baseline 0.005 -24"><span class='ocrx_word' id='word_1_336' title='bbox 2026 1327 2404 1383; x_wconf 86' lang='lat' dir='ltr'><strong>iucursarunt.</strong></span> <span class='ocrx_word' id='word_1_337' title='bbox 2437 1329 2642 1384; x_wconf 87' lang='lat' dir='ltr'><strong>Eorum</strong></span> <span class='ocrx_word' id='word_1_338' title='bbox 2671 1346 2892 1400; x_wconf 88' lang='lat' dir='ltr'><strong>quoque</strong></span> <span class='ocrx_word' id='word_1_339' title='bbox 2918 1348 3070 1402; x_wconf 88' lang='lat' dir='ltr'><strong>pars,</strong></span> <span class='ocrx_word' id='word_1_340' title='bbox 3131 1334 3381 1389; x_wconf 72' lang='lat' dir='ltr'><strong>Maeotide</strong></span> <span class='ocrx_word' id='word_1_341' title='bbox 3403 1335 3602 1404; x_wconf 79' lang='lat' dir='ltr'><strong>palude</strong></span> 
     </span>
    </p>
   </div>
   <div class='ocr_carea' id='block_1_51' title="bbox 2023 1417 3662 1492">
    <p class='ocr_par' dir='ltr' id='par_1_51' title="bbox 2023 1417 3662 1492">
     <span class='ocr_line' id='line_1_51' title="bbox 2023 1417 3662 1492; baseline 0.004 -18"><span class='ocrx_word' id='word_1_342' title='bbox 2023 1429 2326 1489; x_wconf 87' lang='lat' dir='ltr'><strong>superata,</strong></span> <span class='ocrx_word' id='word_1_343' title='bbox 2383 1435 2482 1492; x_wconf 88' lang='lat' dir='ltr'>per</span> <span class='ocrx_word' id='word_1_344' title='bbox 2515 1421 2864 1492; x_wconf 87' lang='lat' dir='ltr'><strong>Bosporum,</strong></span> <span class='ocrx_word' id='word_1_345' title='bbox 2923 1425 2980 1479; x_wconf 92' lang='lat' dir='ltr'>in</span> <span class='ocrx_word' id='word_1_346' title='bbox 3033 1425 3265 1480; x_wconf 86' lang='lat' dir='ltr'><strong>Pontum</strong></span> <span class='ocrx_word' id='word_1_347' title='bbox 3322 1425 3596 1480; x_wconf 78' lang='lat' dir='ltr'><strong>Euxinum</strong></span> <span class='ocrx_word' id='word_1_348' title='bbox 3639 1417 3662 1442; x_wconf 74' lang='grc'><strong>⁸</strong></span> 
     </span>
    </p>
   </div>
   <div class='ocr_carea' id='block_1_52' title="bbox 2025 1509 3597 1586">
    <p class='ocr_par' dir='ltr' id='par_1_52' title="bbox 2025 1509 3597 1586">
     <span class='ocr_line' id='line_1_52' title="bbox 2025 1509 3597 1586; baseline 0.005 -22"><span class='ocrx_word' id='word_1_349' title='bbox 2025 1509 2312 1580; x_wconf 86' lang='lat' dir='ltr'><strong>irripuisse</strong></span> <span class='ocrx_word' id='word_1_350' title='bbox 2351 1511 2564 1578; x_wconf 88' lang='lat' dir='ltr'><strong>iertur,</strong></span> <span class='ocrx_word' id='word_1_351' title='bbox 2615 1529 2681 1568; x_wconf 90' lang='lat' dir='ltr'>ac</span> <span class='ocrx_word' id='word_1_352' title='bbox 2729 1515 2930 1571; x_wconf 88' lang='lat' dir='ltr'><strong>multas</strong></span> <span class='ocrx_word' id='word_1_353' title='bbox 2973 1524 3213 1571; x_wconf 81' lang='lat' dir='ltr'><strong>vastasse</strong></span> <span class='ocrx_word' id='word_1_354' title='bbox 3260 1517 3597 1586; x_wconf 80' lang='lat' dir='ltr'><strong>provincias.</strong></span> 
     </span>
    </p>
   </div>
   <div class='ocr_carea' id='block_1_53' title="bbox 2026 1600 3600 1676">
    <p class='ocr_par' dir='ltr' id='par_1_53' title="bbox 2026 1600 3600 1676">
     <span class='ocr_line' id='line_1_53' title="bbox 2026 1600 3600 1676; baseline 0.002 -18"><span class='ocrx_word' id='word_1_355' title='bbox 2026 1600 2166 1658; x_wconf 87' lang='lat' dir='ltr'><strong>Sunt</strong></span> <span class='ocrx_word' id='word_1_356' title='bbox 2193 1611 2252 1658; x_wconf 84' lang='lat' dir='ltr'>et</span> <span class='ocrx_word' id='word_1_357' title='bbox 2276 1603 2396 1659; x_wconf 66' lang='lat' dir='ltr'><strong>aliae</strong></span> <span class='ocrx_word' id='word_1_358' title='bbox 2431 1605 2618 1672; x_wconf 87' lang='lat' dir='ltr'><strong>plures</strong></span> <span class='ocrx_word' id='word_1_359' title='bbox 2644 1615 2837 1676; x_wconf 86' lang='lat' dir='ltr'><strong>gentes</strong></span> <span class='ocrx_word' id='word_1_360' title='bbox 2865 1616 3059 1662; x_wconf 89' lang='lat' dir='ltr'><strong>contra</strong></span> <span class='ocrx_word' id='word_1_361' title='bbox 3107 1607 3344 1663; x_wconf 86' lang='lat' dir='ltr'><strong>ditiones</strong></span> <span class='ocrx_word' id='word_1_362' title='bbox 3398 1608 3600 1662; x_wconf 80' lang='lat' dir='ltr'><strong>Roma-</strong></span> 
     </span>
    </p>
   </div>
   <div class='ocr_carea' id='block_1_54' title="bbox 2023 1695 3596 1770">
    <p class='ocr_par' dir='ltr' id='par_1_54' title="bbox 2023 1695 3596 1770">
     <span class='ocr_line' id='line_1_54' title="bbox 2023 1695 3596 1770; baseline 0.006 -23"><span class='ocrx_word' id='word_1_363' title='bbox 2023 1709 2218 1748; x_wconf 91' lang='lat' dir='ltr'><strong>norum</strong></span> <span class='ocrx_word' id='word_1_364' title='bbox 2251 1695 2558 1750; x_wconf 70' lang='lat' dir='ltr'><strong>concitatae.</strong></span> <span class='ocrx_word' id='word_1_365' title='bbox 2611 1698 2788 1754; x_wconf 81' lang='lat' dir='ltr'><strong>Pestis</strong></span> <span class='ocrx_word' id='word_1_366' title='bbox 2839 1714 3062 1769; x_wconf 88' lang='lat' dir='ltr'><strong>quoque</strong></span> <span class='ocrx_word' id='word_1_367' title='bbox 3105 1709 3219 1754; x_wconf 88' lang='lat' dir='ltr'>tum</span> <span class='ocrx_word' id='word_1_368' title='bbox 3261 1701 3596 1770; x_wconf 81' lang='lat' dir='ltr'><strong>&#39;proviucias</strong></span> 
     </span>
    </p>
   </div>
   <div class='ocr_carea' id='block_1_55' title="bbox 2025 1785 3600 1862">
    <p class='ocr_par' dir='ltr' id='par_1_55' title="bbox 2025 1785 3600 1862">
     <span class='ocr_line' id='line_1_55' title="bbox 2025 1785 3600 1862; baseline 0.004 -23"><span class='ocrx_word' id='word_1_369' title='bbox 2025 1785 2266 1842; x_wconf 81' lang='lat' dir='ltr'><strong>invasit:</strong></span> <span class='ocrx_word' id='word_1_370' title='bbox 2303 1803 2426 1858; x_wconf 69' lang='lat' dir='ltr'><strong>quae</strong></span> <span class='ocrx_word' id='word_1_371' title='bbox 2468 1789 2537 1843; x_wconf 87' lang='lat' dir='ltr'>ab</span> <span class='ocrx_word' id='word_1_372' title='bbox 2597 1788 2872 1860; x_wconf 71' lang='lat' dir='ltr'><strong>Aithiopia</strong></span> <span class='ocrx_word' id='word_1_373' title='bbox 2934 1799 3055 1844; x_wconf 87' lang='lat' dir='ltr'><strong>orta</strong></span> <span class='ocrx_word' id='word_1_374' title='bbox 3081 1830 3096 1855; x_wconf 93' lang='lat'>,</span> <span class='ocrx_word' id='word_1_375' title='bbox 3133 1800 3422 1862; x_wconf 88' lang='lat' dir='ltr'><strong>totumque</strong></span> <span class='ocrx_word' id='word_1_376' title='bbox 3456 1806 3600 1861; x_wconf 83' lang='lat' dir='ltr'><strong>pene</strong></span> 
     </span>
    </p>
   </div>
   <div class='ocr_carea' id='block_1_56' title="bbox 2023 1876 3602 1952">
    <p class='ocr_par' dir='ltr' id='par_1_56' title="bbox 2023 1876 3602 1952">
     <span class='ocr_line' id='line_1_56' title="bbox 2023 1876 3602 1952; baseline 0.001 -19"><span class='ocrx_word' id='word_1_377' title='bbox 2023 1876 2300 1933; x_wconf 73' lang='lat' dir='ltr'><strong>Orientem</strong></span> <span class='ocrx_word' id='word_1_378' title='bbox 2333 1888 2388 1933; x_wconf 88' lang='lat' dir='ltr'>et</span> <span class='ocrx_word' id='word_1_379' title='bbox 2419 1879 2772 1935; x_wconf 80' lang='lat' dir='ltr'><strong>Occidentem</strong></span> <span class='ocrx_word' id='word_1_380' title='bbox 2819 1892 3144 1952; x_wconf 85' lang='lat' dir='ltr'><strong>pervagata,</strong></span> <span class='ocrx_word' id='word_1_381' title='bbox 3181 1881 3381 1938; x_wconf 89' lang='lat' dir='ltr'><strong>multas</strong></span> <span class='ocrx_word' id='word_1_382' title='bbox 3433 1883 3602 1936; x_wconf 88' lang='lat' dir='ltr'><strong>urbes</strong></span> 
     </span>
    </p>
   </div>
   <div class='ocr_carea' id='block_1_57' title="bbox 2023 1969 3598 2044">
    <p class='ocr_par' dir='ltr' id='par_1_57' title="bbox 2023 1969 3598 2044">
     <span class='ocr_line' id='line_1_57' title="bbox 2023 1969 3598 2044; baseline 0.003 -22"><span class='ocrx_word' id='word_1_383' title='bbox 2023 1969 2240 2024; x_wconf 83' lang='lat' dir='ltr'><strong>civibus</strong></span> <span class='ocrx_word' id='word_1_384' title='bbox 2269 1971 2559 2037; x_wconf 82' lang='lat' dir='ltr'><strong>desolavit,</strong></span> <span class='ocrx_word' id='word_1_385' title='bbox 2583 1973 2910 2044; x_wconf 84' lang='lat' dir='ltr'><strong>duravitque</strong></span> <span class='ocrx_word' id='word_1_386' title='bbox 2942 1989 3039 2043; x_wconf 85' lang='lat' dir='ltr'>per</span> <span class='ocrx_word' id='word_1_387' title='bbox 3066 1988 3234 2028; x_wconf 77' lang='lat' dir='ltr'><strong>annos</strong></span> <span class='ocrx_word' id='word_1_388' title='bbox 3261 1974 3598 2043; x_wconf 85' lang='lat' dir='ltr'><strong>quindecim.</strong></span> 
     </span>
    </p>
   </div>
   <div class='ocr_carea' id='block_1_58' title="bbox 2025 2062 3602 2134">
    <p class='ocr_par' dir='ltr' id='par_1_58' title="bbox 2025 2062 3602 2134">
     <span class='ocr_line' id='line_1_58' title="bbox 2025 2062 3602 2134; baseline 0 -18"><span class='ocrx_word' id='word_1_389' title='bbox 2025 2062 2242 2132; x_wconf 75' lang='lat' dir='ltr'><strong>Scytlue</strong></span> <span class='ocrx_word' id='word_1_390' title='bbox 2278 2079 2408 2118; x_wconf 88' lang='lat' dir='ltr'><strong>vero</strong></span> <span class='ocrx_word' id='word_1_391' title='bbox 2434 2078 2619 2118; x_wconf 89' lang='lat' dir='ltr'><strong>annuo</strong></span> <span class='ocrx_word' id='word_1_392' title='bbox 2670 2064 2881 2119; x_wconf 89' lang='lat' dir='ltr'><strong>tributo</strong></span> <span class='ocrx_word' id='word_1_393' title='bbox 2941 2079 3011 2119; x_wconf 78' lang='lat' dir='ltr'><strong>ex</strong></span> <span class='ocrx_word' id='word_1_394' title='bbox 3051 2074 3212 2134; x_wconf 86' lang='lat' dir='ltr'><strong>pacto</strong></span> <span class='ocrx_word' id='word_1_395' title='bbox 3260 2080 3289 2118; x_wconf 92' lang='lat' dir='ltr'>a</span> <span class='ocrx_word' id='word_1_396' title='bbox 3338 2065 3602 2120; x_wconf 80' lang='lat' dir='ltr'><strong>Romanis</strong></span> 
     </span>
    </p>
   </div>
   <div class='ocr_carea' id='block_1_59' title="bbox 2026 2150 3601 2223">
    <p class='ocr_par' dir='ltr' id='par_1_59' title="bbox 2026 2150 3601 2223">
     <span class='ocr_line' id='line_1_59' title="bbox 2026 2150 3601 2223; baseline 0.001 -17"><span class='ocrx_word' id='word_1_397' title='bbox 2026 2150 2220 2221; x_wconf 88' lang='lat' dir='ltr'><strong>petito,</strong></span> <span class='ocrx_word' id='word_1_398' title='bbox 2263 2153 2522 2220; x_wconf 88' lang='lat' dir='ltr'><strong>pauciora</strong></span> <span class='ocrx_word' id='word_1_399' title='bbox 2569 2153 2675 2207; x_wconf 87' lang='lat' dir='ltr'><strong>sibi</strong></span> <span class='ocrx_word' id='word_1_400' title='bbox 2711 2168 2877 2222; x_wconf 89' lang='lat' dir='ltr'><strong>quam</strong></span> <span class='ocrx_word' id='word_1_401' title='bbox 2925 2154 3193 2223; x_wconf 86' lang='lat' dir='ltr'><strong>promissa</strong></span> <span class='ocrx_word' id='word_1_402' title='bbox 3223 2164 3448 2213; x_wconf 87' lang='lat' dir='ltr'><strong>essent.</strong></span> <span class='ocrx_word' id='word_1_403' title='bbox 3483 2153 3601 2207; x_wconf 88' lang='lat' dir='ltr'><strong>dari</strong></span> 
     </span>
    </p>
   </div>
   <div class='ocr_carea' id='block_1_60' title="bbox 2025 2242 3598 2312">
    <p class='ocr_par' dir='ltr' id='par_1_60' title="bbox 2025 2242 3598 2312">
     <span class='ocr_line' id='line_1_60' title="bbox 2025 2242 3598 2312; baseline 0.003 -16"><span class='ocrx_word' id='word_1_404' title='bbox 2025 2242 2229 2312; x_wconf 86' lang='lat' dir='ltr'><strong>questi,</strong></span> <span class='ocrx_word' id='word_1_405' title='bbox 2286 2243 2652 2297; x_wconf 86' lang='lat' dir='ltr'><strong>minitabundi</strong></span> <span class='ocrx_word' id='word_1_406' title='bbox 2697 2244 2977 2299; x_wconf 89' lang='lat' dir='ltr'><strong>abierunt.</strong></span> <span class='ocrx_word' id='word_1_407' title='bbox 3026 2244 3298 2300; x_wconf 68' lang='lat' dir='ltr'><strong>Caeterum</strong></span> <span class='ocrx_word' id='word_1_408' title='bbox 3345 2244 3598 2300; x_wconf 67' lang='lat' dir='ltr'><strong>Emilia-</strong></span> 
     </span>
    </p>
   </div>
   <div class='ocr_carea' id='block_1_61' title="bbox 2026 2330 3603 2404">
    <p class='ocr_par' dir='ltr' id='par_1_61' title="bbox 2026 2330 3603 2404">
     <span class='ocr_line' id='line_1_61' title="bbox 2026 2330 3603 2404; baseline 0.006 -22"><span class='ocrx_word' id='word_1_409' title='bbox 2026 2345 2150 2392; x_wconf 89' lang='lat' dir='ltr'><strong>nus,</strong></span> <span class='ocrx_word' id='word_1_410' title='bbox 2188 2330 2353 2385; x_wconf 88' lang='lat' dir='ltr'><strong>homo</strong></span> <span class='ocrx_word' id='word_1_411' title='bbox 2379 2330 2530 2394; x_wconf 80' lang='lat' dir='ltr'><strong>Afer,</strong></span> <span class='ocrx_word' id='word_1_412' title='bbox 2570 2331 2756 2402; x_wconf 75' lang='lat' dir='ltr'><strong>Mysiis</strong></span> <span class='ocrx_word' id='word_1_413' title='bbox 2785 2333 3094 2403; x_wconf 80' lang='lat' dir='ltr'><strong>legionibus</strong></span> <span class='ocrx_word' id='word_1_414' title='bbox 3135 2335 3454 2404; x_wconf 66' lang='lat' dir='ltr'><strong>praefectus,</strong></span> <span class='ocrx_word' id='word_1_415' title='bbox 3495 2337 3603 2392; x_wconf 88' lang='lat' dir='ltr'><strong>mi-</strong></span> 
     </span>
    </p>
   </div>
   <div class='ocr_carea' id='block_1_62' title="bbox 2026 2422 3602 2498">
    <p class='ocr_par' dir='ltr' id='par_1_62' title="bbox 2026 2422 3602 2498">
     <span class='ocr_line' id='line_1_62' title="bbox 2026 2422 3602 2498; baseline 0.004 -23"><span class='ocrx_word' id='word_1_416' title='bbox 2026 2422 2217 2478; x_wconf 84' lang='lat' dir='ltr'><strong>litibus</strong></span> <span class='ocrx_word' id='word_1_417' title='bbox 2243 2438 2306 2478; x_wconf 89' lang='lat' dir='ltr'>ea</span> <span class='ocrx_word' id='word_1_418' title='bbox 2335 2425 2518 2479; x_wconf 88' lang='lat' dir='ltr'><strong>omnia</strong></span> <span class='ocrx_word' id='word_1_419' title='bbox 2549 2427 2801 2495; x_wconf 88' lang='lat' dir='ltr'><strong>promisit</strong></span> <span class='ocrx_word' id='word_1_420' title='bbox 2855 2442 2976 2496; x_wconf 64' lang='lat' dir='ltr'><strong>qua</strong></span> <span class='ocrx_word' id='word_1_421' title='bbox 3023 2427 3242 2498; x_wconf 80' lang='lat' dir='ltr'><strong>Scythis</strong></span> <span class='ocrx_word' id='word_1_422' title='bbox 3291 2429 3602 2498; x_wconf 80' lang='lat' dir='ltr'><strong>penderen-</strong></span> 
     </span>
    </p>
   </div>
   <div class='ocr_carea' id='block_1_63' title="bbox 2029 2516 3609 2587">
    <p class='ocr_par' dir='ltr' id='par_1_63' title="bbox 2029 2516 3609 2587">
     <span class='ocr_line' id='line_1_63' title="bbox 2029 2516 3609 2587; baseline 0.003 -20"><span class='ocrx_word' id='word_1_423' title='bbox 2029 2523 2138 2578; x_wconf 91' lang='lat' dir='ltr'><strong>tur,</strong></span> <span class='ocrx_word' id='word_1_424' title='bbox 2178 2516 2380 2571; x_wconf 75' lang='lat' dir='ltr'><strong>si‘cuin</strong></span> <span class='ocrx_word' id='word_1_425' title='bbox 2411 2517 2522 2571; x_wconf 88' lang='lat' dir='ltr'><strong>illis</strong></span> <span class='ocrx_word' id='word_1_426' title='bbox 2554 2527 2878 2587; x_wconf 76' lang='lat' dir='ltr'><strong>pugnarent.</strong></span> <span class='ocrx_word' id='word_1_427' title='bbox 2926 2517 3033 2583; x_wconf 80' lang='lat' dir='ltr'><strong>Qui</strong></span> <span class='ocrx_word' id='word_1_428' title='bbox 3077 2519 3342 2573; x_wconf 81' lang='lat' dir='ltr'><strong>Barbaros</strong></span> <span class='ocrx_word' id='word_1_429' title='bbox 3383 2534 3451 2574; x_wconf 83' lang='lat' dir='ltr'>ex</span> <span class='ocrx_word' id='word_1_430' title='bbox 3503 2519 3609 2573; x_wconf 81' lang='lat' dir='ltr'><strong>im-</strong></span> 
     </span>
    </p>
   </div>
   <div class='ocr_carea' id='block_1_64' title="bbox 2029 2599 3606 2678">
    <p class='ocr_par' dir='ltr' id='par_1_64' title="bbox 2029 2599 3606 2678">
     <span class='ocr_line' id='line_1_64' title="bbox 2029 2599 3606 2678; baseline 0.003 -20"><span class='ocrx_word' id='word_1_431' title='bbox 2029 2599 2252 2674; x_wconf 75' lang='lat' dir='ltr'><strong>proviso</strong></span> <span class='ocrx_word' id='word_1_432' title='bbox 2279 2607 2541 2676; x_wconf 75' lang='lat' dir='ltr'><strong>aggressi,</strong></span> <span class='ocrx_word' id='word_1_433' title='bbox 2573 2608 2764 2676; x_wconf 89' lang='lat' dir='ltr'><strong>paucis</strong></span> <span class='ocrx_word' id='word_1_434' title='bbox 2807 2610 3052 2678; x_wconf 76' lang='lat' dir='ltr'><strong>exceptis</strong></span> <span class='ocrx_word' id='word_1_435' title='bbox 3077 2649 3091 2673; x_wconf 91' lang='lat'>,</span> <span class='ocrx_word' id='word_1_436' title='bbox 3140 2623 3332 2663; x_wconf 89' lang='lat' dir='ltr'><strong>omnes</strong></span> <span class='ocrx_word' id='word_1_437' title='bbox 3381 2609 3606 2664; x_wconf 86' lang='lat' dir='ltr'><strong>occide-</strong></span> 
     </span>
    </p>
   </div>
   <div class='ocr_carea' id='block_1_65' title="bbox 2030 2699 3604 2769">
    <p class='ocr_par' dir='ltr' id='par_1_65' title="bbox 2030 2699 3604 2769">
     <span class='ocr_line' id='line_1_65' title="bbox 2030 2699 3604 2769; baseline 0.002 -18"><span class='ocrx_word' id='word_1_438' title='bbox 2030 2707 2202 2752; x_wconf 89' lang='lat' dir='ltr'><strong>runt:</strong></span> <span class='ocrx_word' id='word_1_439' title='bbox 2235 2709 2290 2752; x_wconf 88' lang='lat' dir='ltr'>et</span> <span class='ocrx_word' id='word_1_440' title='bbox 2319 2699 2519 2768; x_wconf 84' lang='lat' dir='ltr'><strong>Opimis</strong></span> <span class='ocrx_word' id='word_1_441' title='bbox 2562 2700 2752 2768; x_wconf 88' lang='lat' dir='ltr'><strong>spoliis</strong></span> <span class='ocrx_word' id='word_1_442' title='bbox 2811 2700 2980 2769; x_wconf 87' lang='lat' dir='ltr'><strong>partis</strong></span> <span class='ocrx_word' id='word_1_443' title='bbox 3007 2739 3022 2764; x_wconf 91' lang='lat'>,</span> <span class='ocrx_word' id='word_1_444' title='bbox 3086 2699 3365 2769; x_wconf 80' lang='lat' dir='ltr'><strong>regionem</strong></span> <span class='ocrx_word' id='word_1_445' title='bbox 3411 2715 3604 2754; x_wconf 87' lang='lat' dir='ltr'><strong>eorum</strong></span> 
     </span>
    </p>
   </div>
   <div class='ocr_carea' id='block_1_66' title="bbox 2030 2787 3608 2853">
    <p class='ocr_par' dir='ltr' id='par_1_66' title="bbox 2030 2787 3608 2853">
     <span class='ocr_line' id='line_1_66' title="bbox 2030 2787 3608 2853; baseline 0 -11"><span class='ocrx_word' id='word_1_446' title='bbox 2030 2787 2481 2842; x_wconf 82' lang='lat' dir='ltr'><strong>incursarunt.Eo</strong></span> <span class='ocrx_word' id='word_1_447' title='bbox 2515 2803 2771 2844; x_wconf 89' lang='lat' dir='ltr'><strong>successu</strong></span> <span class='ocrx_word' id='word_1_448' title='bbox 2799 2789 2976 2844; x_wconf 86' lang='lat' dir='ltr'><strong>elatus</strong></span> <span class='ocrx_word' id='word_1_449' title='bbox 3021 2787 3352 2843; x_wconf 66' lang='lat' dir='ltr'><strong>IEmilianus</strong></span> <span class='ocrx_word' id='word_1_450' title='bbox 3375 2827 3392 2853; x_wconf 92' lang='lat'>,</span> <span class='ocrx_word' id='word_1_451' title='bbox 3433 2804 3464 2842; x_wconf 89' lang='lat' dir='ltr'>a</span> <span class='ocrx_word' id='word_1_452' title='bbox 3492 2789 3608 2844; x_wconf 83' lang='lat' dir='ltr'><strong>suis</strong></span> 
     </span>
    </p>
   </div>
   <div class='ocr_carea' id='block_1_67' title="bbox 2029 2879 3602 2950">
    <p class='ocr_par' dir='ltr' id='par_1_67' title="bbox 2029 2879 3602 2950">
     <span class='ocr_line' id='line_1_67' title="bbox 2029 2879 3602 2950; baseline 0.001 -17"><span class='ocrx_word' id='word_1_453' title='bbox 2029 2879 2340 2950; x_wconf 81' lang='lat' dir='ltr'><strong>legionibus</strong></span> <span class='ocrx_word' id='word_1_454' title='bbox 2375 2880 2716 2949; x_wconf 85' lang='lat' dir='ltr'><strong>impetravit,</strong></span> <span class='ocrx_word' id='word_1_455' title='bbox 2759 2889 2821 2934; x_wconf 90' lang='lat' dir='ltr'>ut</span> <span class='ocrx_word' id='word_1_456' title='bbox 2871 2881 3170 2949; x_wconf 77' lang='lat' dir='ltr'><strong>imperator</strong></span> <span class='ocrx_word' id='word_1_457' title='bbox 3219 2879 3602 2934; x_wconf 83' lang='lat' dir='ltr'><strong>salutaretur:</strong></span> 
     </span>
    </p>
   </div>
   <div class='ocr_carea' id='block_1_68' title="bbox 2031 2969 3603 3040">
    <p class='ocr_par' dir='ltr' id='par_1_68' title="bbox 2031 2969 3603 3040">
     <span class='ocr_line' id='line_1_68' title="bbox 2031 2969 3603 3040; baseline -0.001 -16"><span class='ocrx_word' id='word_1_458' title='bbox 2031 2970 2346 3040; x_wconf 87' lang='lat' dir='ltr'><strong>coactisque</strong></span> <span class='ocrx_word' id='word_1_459' title='bbox 2377 2971 2431 3025; x_wconf 92' lang='lat' dir='ltr'>in</span> <span class='ocrx_word' id='word_1_460' title='bbox 2467 2987 2636 3025; x_wconf 89' lang='lat' dir='ltr'><strong>unum</strong></span> <span class='ocrx_word' id='word_1_461' title='bbox 2662 2971 2858 3040; x_wconf 82' lang='lat' dir='ltr'><strong>c0piis,</strong></span> <span class='ocrx_word' id='word_1_462' title='bbox 2893 2971 2960 3025; x_wconf 89' lang='lat' dir='ltr'>ad</span> <span class='ocrx_word' id='word_1_463' title='bbox 2990 2970 3199 3024; x_wconf 89' lang='lat' dir='ltr'><strong>Italiam</strong></span> <span class='ocrx_word' id='word_1_464' title='bbox 3226 2969 3603 3040; x_wconf 81' lang='lat' dir='ltr'><strong>occupandam</strong></span> 
     </span>
    </p>
   </div>
   <div class='ocr_carea' id='block_1_69' title="bbox 2029 3062 3604 3134">
    <p class='ocr_par' dir='ltr' id='par_1_69' title="bbox 2029 3062 3604 3134">
     <span class='ocr_line' id='line_1_69' title="bbox 2029 3062 3604 3134; baseline 0.002 -21"><span class='ocrx_word' id='word_1_465' title='bbox 2029 3063 2362 3132; x_wconf 73' lang='lat' dir='ltr'><strong>properavit,</strong></span> <span class='ocrx_word' id='word_1_466' title='bbox 2398 3063 2518 3129; x_wconf 88' lang='lat' dir='ltr'><strong>Quo</strong></span> <span class='ocrx_word' id='word_1_467' title='bbox 2554 3062 2742 3119; x_wconf 84' lang='lat' dir='ltr'><strong>Gallus</strong></span> <span class='ocrx_word' id='word_1_468' title='bbox 2786 3065 3030 3134; x_wconf 87' lang='lat' dir='ltr'><strong>cognito,</strong></span> <span class='ocrx_word' id='word_1_469' title='bbox 3067 3073 3124 3118; x_wconf 88' lang='lat' dir='ltr'>et</span> <span class='ocrx_word' id='word_1_470' title='bbox 3154 3063 3270 3132; x_wconf 92' lang='lat' dir='ltr'><strong>ipse</strong></span> <span class='ocrx_word' id='word_1_471' title='bbox 3300 3071 3494 3117; x_wconf 91' lang='lat' dir='ltr'><strong>contra</strong></span> <span class='ocrx_word' id='word_1_472' title='bbox 3544 3077 3604 3116; x_wconf 91' lang='lat' dir='ltr'>se</span> 
     </span>
    </p>
   </div>
   <div class='ocr_carea' id='block_1_70' title="bbox 2028 3153 3604 3224">
    <p class='ocr_par' dir='ltr' id='par_1_70' title="bbox 2028 3153 3604 3224">
     <span class='ocr_line' id='line_1_70' title="bbox 2028 3153 3604 3224; baseline 0.001 -19"><span class='ocrx_word' id='word_1_473' title='bbox 2028 3153 2239 3222; x_wconf 88' lang='lat' dir='ltr'><strong>paravit</strong></span> <span class='ocrx_word' id='word_1_474' title='bbox 2271 3169 2285 3207; x_wconf 92' lang='lat'><strong>:</strong></span> <span class='ocrx_word' id='word_1_475' title='bbox 2321 3153 2729 3224; x_wconf 87' lang='lat' dir='ltr'><strong>commissoque</strong></span> <span class='ocrx_word' id='word_1_476' title='bbox 2764 3155 2950 3223; x_wconf 69' lang='lat' dir='ltr'><strong>praelio</strong></span> <span class='ocrx_word' id='word_1_477' title='bbox 2987 3153 3188 3220; x_wconf 87' lang='lat' dir='ltr'><strong>victus,</strong></span> <span class='ocrx_word' id='word_1_478' title='bbox 3215 3168 3245 3207; x_wconf 87' lang='lat' dir='ltr'>a</span> <span class='ocrx_word' id='word_1_479' title='bbox 3285 3155 3403 3208; x_wconf 89' lang='lat' dir='ltr'><strong>suis</strong></span> <span class='ocrx_word' id='word_1_480' title='bbox 3451 3153 3604 3208; x_wconf 87' lang='lat' dir='ltr'><strong>mili-</strong></span> 
     </span>
    </p>
   </div>
   <div class='ocr_carea' id='block_1_71' title="bbox 2031 3243 3605 3309">
    <p class='ocr_par' dir='ltr' id='par_1_71' title="bbox 2031 3243 3605 3309">
     <span class='ocr_line' id='line_1_71' title="bbox 2031 3243 3605 3309; baseline 0.001 -11"><span class='ocrx_word' id='word_1_481' title='bbox 2031 3245 2179 3299; x_wconf 87' lang='lat' dir='ltr'><strong>tibus</strong></span> <span class='ocrx_word' id='word_1_482' title='bbox 2206 3260 2312 3300; x_wconf 90' lang='lat' dir='ltr'>una</span> <span class='ocrx_word' id='word_1_483' title='bbox 2350 3259 2474 3299; x_wconf 90' lang='lat' dir='ltr'>cum</span> <span class='ocrx_word' id='word_1_484' title='bbox 2506 3244 2618 3300; x_wconf 82' lang='lat' dir='ltr'><strong>tilio</strong></span> <span class='ocrx_word' id='word_1_485' title='bbox 2647 3249 2862 3300; x_wconf 87' lang='lat' dir='ltr'><strong>occisus</strong></span> <span class='ocrx_word' id='word_1_486' title='bbox 2891 3255 2996 3309; x_wconf 89' lang='lat' dir='ltr'><strong>cst,</strong></span> <span class='ocrx_word' id='word_1_487' title='bbox 3033 3260 3158 3299; x_wconf 91' lang='lat' dir='ltr'>cum</span> <span class='ocrx_word' id='word_1_488' title='bbox 3213 3243 3502 3299; x_wconf 89' lang='lat' dir='ltr'><strong>biennium</strong></span> <span class='ocrx_word' id='word_1_489' title='bbox 3545 3255 3605 3299; x_wconf 89' lang='lat' dir='ltr'>et</span> 
     </span>
    </p>
   </div>
   <div class='ocr_carea' id='block_1_72' title="bbox 2031 3335 3608 3406">
    <p class='ocr_par' dir='ltr' id='par_1_72' title="bbox 2031 3335 3608 3406">
     <span class='ocr_line' id='line_1_72' title="bbox 2031 3335 3608 3406; baseline 0.001 -18"><span class='ocrx_word' id='word_1_490' title='bbox 2031 3349 2248 3390; x_wconf 84' lang='lat' dir='ltr'><strong>menses</strong></span> <span class='ocrx_word' id='word_1_491' title='bbox 2276 3343 2400 3390; x_wconf 92' lang='lat' dir='ltr'><strong>octo</strong></span> <span class='ocrx_word' id='word_1_492' title='bbox 2440 3335 2782 3406; x_wconf 88' lang='lat' dir='ltr'><strong>imperasset.</strong></span> <span class='ocrx_word' id='word_1_493' title='bbox 2821 3336 2956 3406; x_wconf 87' lang='lat' dir='ltr'><strong>Ejus</strong></span> <span class='ocrx_word' id='word_1_494' title='bbox 2974 3351 3106 3392; x_wconf 86' lang='lat' dir='ltr'><strong>vero</strong></span> <span class='ocrx_word' id='word_1_495' title='bbox 3131 3336 3336 3390; x_wconf 87' lang='lat' dir='ltr'><strong>milites</strong></span> <span class='ocrx_word' id='word_1_496' title='bbox 3390 3345 3446 3391; x_wconf 82' lang='lat' dir='ltr'>et</span> <span class='ocrx_word' id='word_1_497' title='bbox 3497 3335 3608 3405; x_wconf 72' lang='lat' dir='ltr'><strong>ipsi</strong></span> 
     </span>
    </p>
   </div>
   <div class='ocr_carea' id='block_1_73' title="bbox 2032 3427 3456 3498">
    <p class='ocr_par' dir='ltr' id='par_1_73' title="bbox 2032 3427 3456 3498">
     <span class='ocr_line' id='line_1_73' title="bbox 2032 3427 3456 3498; baseline 0 -16"><span class='ocrx_word' id='word_1_498' title='bbox 2032 3427 2332 3483; x_wconf 64' lang='lat' dir='ltr'><strong>Ainiiliano</strong></span> <span class='ocrx_word' id='word_1_499' title='bbox 2375 3427 2682 3498; x_wconf 80' lang='lat' dir='ltr'><strong>conjuncti,</strong></span> <span class='ocrx_word' id='word_1_500' title='bbox 2719 3428 3010 3498; x_wconf 90' lang='lat' dir='ltr'><strong>imperium</strong></span> <span class='ocrx_word' id='word_1_501' title='bbox 3036 3428 3456 3483; x_wconf 82' lang='lat' dir='ltr'><strong>conﬁrmarunt.</strong></span> 
     </span>
    </p>
   </div>
   <div class='ocr_carea' id='block_1_74' title="bbox 342 3515 3611 3590">
    <p class='ocr_par' dir='ltr' id='par_1_74' title="bbox 342 3515 3611 3590">
     <span class='ocr_line' id='line_1_74' title="bbox 342 3515 3611 3590; baseline -0 -20"><span class='ocrx_word' id='word_1_502' title='bbox 342 3518 546 3588; x_wconf 86' lang='grc' dir='ltr'>μόντες</span> <span class='ocrx_word' id='word_1_503' title='bbox 572 3519 776 3575; x_wconf 83' lang='grc' dir='ltr'>αὐτῶν.</span> <span class='ocrx_word' id='word_1_504' title='bbox 797 3519 1085 3572; x_wconf 79' lang='grc' dir='ltr'>Ἐντεῦθεν</span> <span class='ocrx_word' id='word_1_505' title='bbox 1127 3520 1156 3572; x_wconf 88' lang='grc' dir='ltr'>ό</span> <span class='ocrx_word' id='word_1_506' title='bbox 1201 3519 1522 3589; x_wconf 76' lang='grc' dir='ltr'>Αἰμιλιανὸς</span> <span class='ocrx_word' id='word_1_507' title='bbox 1565 3520 1983 3590; x_wconf 75' lang='grc' dir='ltr'>ὑπερφρονήσας</span> <span class='ocrx_word' id='word_1_508' title='bbox 2023 3518 2100 3589; x_wconf 81' lang='grc' dir='ltr'>τῷ</span> <span class='ocrx_word' id='word_1_509' title='bbox 2133 3519 2545 3589; x_wconf 83' lang='grc' dir='ltr'>κατορθώματι,</span> <span class='ocrx_word' id='word_1_510' title='bbox 2581 3522 2733 3590; x_wconf 84' lang='grc' dir='ltr'>μέτει</span> <span class='ocrx_word' id='word_1_511' title='bbox 2776 3537 2827 3573; x_wconf 92' lang='grc' dir='ltr'>σι</span> <span class='ocrx_word' id='word_1_512' title='bbox 2857 3521 2984 3583; x_wconf 71' lang='grc' dir='ltr'>τοὺς</span> <span class='ocrx_word' id='word_1_513' title='bbox 3018 3519 3110 3574; x_wconf 76' lang='grc' dir='ltr'>ὑπ’</span> <span class='ocrx_word' id='word_1_514' title='bbox 3147 3519 3311 3573; x_wconf 75' lang='grc' dir='ltr'>αὐτὸν</span> <span class='ocrx_word' id='word_1_515' title='bbox 3344 3515 3611 3588; x_wconf 80' lang='grc' dir='ltr'>στρατιώ-</span> 
     </span>
    </p>
   </div>
   <div class='ocr_carea' id='block_1_75' title="bbox 334 3611 2074 3682">
    <p class='ocr_par' dir='ltr' id='par_1_75' title="bbox 334 3611 2074 3682">
     <span class='ocr_line' id='line_1_75' title="bbox 334 3611 2074 3682; baseline 0 -18"><span class='ocrx_word' id='word_1_516' title='bbox 334 3629 460 3674; x_wconf 77' lang='grc' dir='ltr'>τας,</span> <span class='ocrx_word' id='word_1_517' title='bbox 490 3612 584 3664; x_wconf 75' lang='grc' dir='ltr'>καὶ</span> <span class='ocrx_word' id='word_1_518' title='bbox 628 3611 916 3682; x_wconf 82' lang='grc' dir='ltr'>Ῥωμαίων</span> <span class='ocrx_word' id='word_1_519' title='bbox 976 3611 1140 3665; x_wconf 77' lang='grc' dir='ltr'>αὐτὸν</span> <span class='ocrx_word' id='word_1_520' title='bbox 1201 3612 1628 3682; x_wconf 79' lang='grc' dir='ltr'>ἀναγορεύουσιν</span> <span class='ocrx_word' id='word_1_521' title='bbox 1676 3611 2074 3680; x_wconf 83' lang='grc' dir='ltr'>αὐτοκράτορα.</span> 
     </span>
    </p>
   </div>
   <div class='ocr_carea' id='block_1_76' title="bbox 2155 3609 3605 3682">
    <p class='ocr_par' dir='ltr' id='par_1_76' title="bbox 2155 3609 3605 3682">
     <span class='ocr_line' id='line_1_76' title="bbox 2155 3609 3605 3682; baseline -0.001 -18"><span class='ocrx_word' id='word_1_522' title='bbox 2155 3611 2257 3674; x_wconf 73' lang='grc' dir='ltr'>’ος</span> <span class='ocrx_word' id='word_1_523' title='bbox 2311 3611 2512 3666; x_wconf 81' lang='grc' dir='ltr'>αὐτίκα</span> <span class='ocrx_word' id='word_1_524' title='bbox 2568 3612 2666 3675; x_wconf 83' lang='grc' dir='ltr'>τὰς</span> <span class='ocrx_word' id='word_1_525' title='bbox 2727 3612 2989 3682; x_wconf 90' lang='grc' dir='ltr'>δυνάμεις</span> <span class='ocrx_word' id='word_1_526' title='bbox 3046 3612 3341 3681; x_wconf 83' lang='grc' dir='ltr'>ἀγείρας,“</span> <span class='ocrx_word' id='word_1_527' title='bbox 3377 3609 3605 3663; x_wconf 74' lang='grc' dir='ltr'>ἔσπευδε</span> 
     </span>
    </p>
   </div>
   <div class='ocr_carea' id='block_1_77' title="bbox 337 3700 3606 3776">
    <p class='ocr_par' dir='ltr' id='par_1_77' title="bbox 337 3700 3606 3776">
     <span class='ocr_line' id='line_1_77' title="bbox 337 3700 3606 3776; baseline 0.001 -21"><span class='ocrx_word' id='word_1_528' title='bbox 337 3702 443 3773; x_wconf 80' lang='grc' dir='ltr'>τὴν</span> <span class='ocrx_word' id='word_1_529' title='bbox 464 3702 695 3757; x_wconf 83' lang='grc' dir='ltr'>Ἰταλίαν</span> <span class='ocrx_word' id='word_1_530' title='bbox 727 3704 1078 3760; x_wconf 87' lang='grc' dir='ltr'>καταλαϐεῖν.</span> <span class='ocrx_word' id='word_1_531' title='bbox 1119 3703 1207 3767; x_wconf 87' lang='grc' dir='ltr'>Ὦς</span> <span class='ocrx_word' id='word_1_532' title='bbox 1237 3704 1370 3772; x_wconf 79' lang='grc' dir='ltr'>γοῦν</span> <span class='ocrx_word' id='word_1_533' title='bbox 1395 3707 1474 3768; x_wconf 89' lang='grc' dir='ltr'>είς</span> <span class='ocrx_word' id='word_1_534' title='bbox 1503 3705 1708 3772; x_wconf 85' lang='grc' dir='ltr'>γνῶσιν</span> <span class='ocrx_word' id='word_1_535' title='bbox 1752 3700 1916 3775; x_wconf 81' lang='grc' dir='ltr'>ἦλθον</span> <span class='ocrx_word' id='word_1_536' title='bbox 1952 3704 2122 3758; x_wconf 85' lang='grc' dir='ltr'>ταῦτα</span> <span class='ocrx_word' id='word_1_537' title='bbox 2160 3705 2240 3774; x_wconf 84' lang='grc' dir='ltr'>τῷ</span> <span class='ocrx_word' id='word_1_538' title='bbox 2309 3706 2526 3776; x_wconf 76' lang='grc' dir='ltr'>Γάλλῳ,</span> <span class='ocrx_word' id='word_1_539' title='bbox 2571 3707 2825 3768; x_wconf 84' lang='grc' dir='ltr'>κάκεῖνος</span> <span class='ocrx_word' id='word_1_540' title='bbox 2857 3704 3127 3776; x_wconf 79' lang='grc' dir='ltr'>ἑτέρωθεν</span> <span class='ocrx_word' id='word_1_541' title='bbox 3170 3706 3606 3776; x_wconf 81' lang='grc' dir='ltr'>παρασκευασά-</span> 
     </span>
    </p>
   </div>
   <div class='ocr_carea' id='block_1_78' title="bbox 339 3795 3606 3869">
    <p class='ocr_par' dir='ltr' id='par_1_78' title="bbox 339 3795 3606 3869">
     <span class='ocr_line' id='line_1_78' title="bbox 339 3795 3606 3869; baseline 0.002 -21"><span class='ocrx_word' id='word_1_542' title='bbox 339 3812 528 3866; x_wconf 85' lang='grc' dir='ltr'>μενος,</span> <span class='ocrx_word' id='word_1_543' title='bbox 557 3795 635 3866; x_wconf 83' lang='grc' dir='ltr'>τῷ</span> <span class='ocrx_word' id='word_1_544' title='bbox 664 3796 970 3867; x_wconf 79' lang='grc' dir='ltr'>Λίμιλιανῷ</span> <span class='ocrx_word' id='word_1_545' title='bbox 1021 3797 1516 3867; x_wconf 76' lang='grc' dir='ltr'>ἀντιπαρετάξατο,</span> <span class='ocrx_word' id='word_1_546' title='bbox 1563 3796 1656 3850; x_wconf 83' lang='grc' dir='ltr'>καὶ</span> <span class='ocrx_word' id='word_1_547' title='bbox 1711 3799 2100 3869; x_wconf 71' lang='grc' dir='ltr'>συρραγέντων</span> <span class='ocrx_word' id='word_1_548' title='bbox 2161 3798 2420 3868; x_wconf 79' lang='grc' dir='ltr'>ἀλλήλοις</span> <span class='ocrx_word' id='word_1_549' title='bbox 2482 3799 2591 3851; x_wconf 80' lang='grc' dir='ltr'>τῶν</span> <span class='ocrx_word' id='word_1_550' title='bbox 2655 3799 3109 3868; x_wconf 86' lang='grc' dir='ltr'>στρατευμάτων,</span> <span class='ocrx_word' id='word_1_551' title='bbox 3139 3799 3371 3867; x_wconf 74' lang='grc' dir='ltr'>ἥττηντο</span> <span class='ocrx_word' id='word_1_552' title='bbox 3431 3798 3606 3854; x_wconf 81' lang='grc' dir='ltr'>οῑτοῦ</span> 
     </span>
    </p>
   </div>
   <div class='ocr_carea' id='block_1_79' title="bbox 339 3885 3602 3959">
    <p class='ocr_par' dir='ltr' id='par_1_79' title="bbox 339 3885 3602 3959">
     <span class='ocr_line' id='line_1_79' title="bbox 339 3885 3602 3959; baseline 0.001 -19"><span class='ocrx_word' id='word_1_553' title='bbox 339 3886 570 3942; x_wconf 78' lang='grc' dir='ltr'>Γάλλου.</span> <span class='ocrx_word' id='word_1_554' title='bbox 603 3887 941 3956; x_wconf 79' lang='grc' dir='ltr'>Ὶιττώμενοι</span> <span class='ocrx_word' id='word_1_555' title='bbox 965 3887 1022 3940; x_wconf 79' lang='grc' dir='ltr'>δὲ</span> <span class='ocrx_word' id='word_1_556' title='bbox 1053 3887 1314 3941; x_wconf 67' lang='grc' dir='ltr'>ἐπέθεντο</span> <span class='ocrx_word' id='word_1_557' title='bbox 1382 3886 1462 3959; x_wconf 83' lang='grc' dir='ltr'>τῷ</span> <span class='ocrx_word' id='word_1_558' title='bbox 1529 3885 1682 3956; x_wconf 77' lang='grc' dir='ltr'>σφῶν</span> <span class='ocrx_word' id='word_1_559' title='bbox 1747 3887 2147 3958; x_wconf 78' lang='grc' dir='ltr'>αὐτοκράτορι·</span> <span class='ocrx_word' id='word_1_560' title='bbox 2211 3888 2306 3940; x_wconf 79' lang='grc' dir='ltr'>καὶ</span> <span class='ocrx_word' id='word_1_561' title='bbox 2363 3888 2645 3953; x_wconf 83' lang='grc' dir='ltr'>ἀνελόντες</span> <span class='ocrx_word' id='word_1_562' title='bbox 2675 3890 2952 3954; x_wconf 79' lang='grc' dir='ltr'>κάκεῖνον,</span> <span class='ocrx_word' id='word_1_563' title='bbox 2980 3889 3076 3942; x_wconf 81' lang='grc' dir='ltr'>καὶ</span> <span class='ocrx_word' id='word_1_564' title='bbox 3103 3891 3196 3942; x_wconf 78' lang='grc' dir='ltr'>τὸν</span> <span class='ocrx_word' id='word_1_565' title='bbox 3228 3890 3394 3943; x_wconf 84' lang='grc' dir='ltr'>παῖδα</span> <span class='ocrx_word' id='word_1_566' title='bbox 3411 3890 3602 3952; x_wconf 79' lang='grc' dir='ltr'>αὑτοῦ.</span> 
     </span>
    </p>
   </div>
   <div class='ocr_carea' id='block_1_80' title="bbox 340 3978 3605 4055">
    <p class='ocr_par' dir='ltr' id='par_1_80' title="bbox 340 3978 3605 4055">
     <span class='ocr_line' id='line_1_80' title="bbox 340 3978 3605 4055; baseline 0.001 -22"><span class='ocrx_word' id='word_1_567' title='bbox 340 3979 778 4051; x_wconf 75' lang='grc' dir='ltr'>βασιλεύσαντας</span> <span class='ocrx_word' id='word_1_568' title='bbox 830 3980 927 4050; x_wconf 68' lang='grc' dir='ltr'>ἐτη</span> <span class='ocrx_word' id='word_1_569' title='bbox 981 3979 1075 4034; x_wconf 87' lang='grc' dir='ltr'>δύο</span> <span class='ocrx_word' id='word_1_570' title='bbox 1135 3980 1230 4034; x_wconf 66' lang='grc' dir='ltr'>καὶ</span> <span class='ocrx_word' id='word_1_571' title='bbox 1289 3979 1468 4050; x_wconf 82' lang='grc' dir='ltr'>μῆνας</span> <span class='ocrx_word' id='word_1_572' title='bbox 1497 3978 1663 4046; x_wconf 79' lang='grc' dir='ltr'>ὀκτὼ,</span> <span class='ocrx_word' id='word_1_573' title='bbox 1721 3980 2102 4051; x_wconf 84' lang='grc' dir='ltr'>προστίθενται</span> <span class='ocrx_word' id='word_1_574' title='bbox 2168 3981 2246 4052; x_wconf 85' lang='grc' dir='ltr'>τῷ</span> <span class='ocrx_word' id='word_1_575' title='bbox 2311 3982 2762 4054; x_wconf 78' lang='grc' dir='ltr'>Αἰμιλιανῷ,καὶ</span> <span class='ocrx_word' id='word_1_576' title='bbox 2791 3983 2949 4036; x_wconf 79' lang='grc' dir='ltr'>αὐτοὶ</span> <span class='ocrx_word' id='word_1_577' title='bbox 2976 3984 3074 4054; x_wconf 83' lang='grc' dir='ltr'>τὴν</span> <span class='ocrx_word' id='word_1_578' title='bbox 3137 3983 3416 4055; x_wconf 80' lang='grc' dir='ltr'>βασιλείαν</span> <span class='ocrx_word' id='word_1_579' title='bbox 3453 3983 3605 4055; x_wconf 81' lang='grc' dir='ltr'>αὐτῷ</span> 
     </span>
    </p>
   </div>
   <div class='ocr_carea' id='block_1_81' title="bbox 338 4073 736 4145">
    <p class='ocr_par' dir='ltr' id='par_1_81' title="bbox 338 4073 736 4145">
     <span class='ocr_line' id='line_1_81' title="bbox 338 4073 736 4145; baseline 0.005 -20"><span class='ocrx_word' id='word_1_580' title='bbox 338 4073 736 4145; x_wconf 58' lang='grc' dir='ltr'>ψηνρισάμενοι.</span> 
     </span>
    </p>
   </div>
   <div class='ocr_carea' id='block_1_82' title="bbox 417 4164 1920 4238">
    <p class='ocr_par' dir='ltr' id='par_1_82' title="bbox 417 4164 1920 4238">
     <span class='ocr_line' id='line_1_82' title="bbox 417 4164 1920 4238; baseline -0.003 -16"><span class='ocrx_word' id='word_1_581' title='bbox 417 4169 547 4222; x_wconf 70' lang='lat' dir='ltr'><strong>RB&#39;.</strong></span> <span class='ocrx_word' id='word_1_582' title='bbox 590 4164 950 4238; x_wconf 64' lang='grc' dir='ltr'>Ἀναρῤηθεῖς</span> <span class='ocrx_word' id='word_1_583' title='bbox 987 4165 1043 4219; x_wconf 86' lang='grc' dir='ltr'>δὲ</span> <span class='ocrx_word' id='word_1_584' title='bbox 1088 4164 1262 4229; x_wconf 77' lang='grc' dir='ltr'>οὕτως</span> <span class='ocrx_word' id='word_1_585' title='bbox 1316 4165 1676 4236; x_wconf 81' lang='grc' dir='ltr'>αὐτοκράτωρ</span> <span class='ocrx_word' id='word_1_586' title='bbox 1701 4166 1730 4218; x_wconf 75' lang='grc' dir='ltr'><strong>ὁ</strong></span> <span class='ocrx_word' id='word_1_587' title='bbox 1760 4167 1920 4235; x_wconf 61' lang='lat' dir='ltr'><strong>Atyn.-</strong></span> 
     </span>
    </p>
   </div>
   <div class='ocr_carea' id='block_1_83' title="bbox 343 4256 1921 4326">
    <p class='ocr_par' dir='ltr' id='par_1_83' title="bbox 343 4256 1921 4326">
     <span class='ocr_line' id='line_1_83' title="bbox 343 4256 1921 4326; baseline -0.003 -14"><span class='ocrx_word' id='word_1_588' title='bbox 343 4258 533 4320; x_wconf 82' lang='grc' dir='ltr'>λιανὸς</span> <span class='ocrx_word' id='word_1_589' title='bbox 565 4257 846 4310; x_wconf 70' lang='grc' dir='ltr'>ἐπέστειλε</span> <span class='ocrx_word' id='word_1_590' title='bbox 876 4259 944 4326; x_wconf 83' lang='grc' dir='ltr'>τῇ</span> <span class='ocrx_word' id='word_1_591' title='bbox 997 4256 1311 4326; x_wconf 77' lang='grc' dir='ltr'>συγκλήτῳ,</span> <span class='ocrx_word' id='word_1_592' title='bbox 1339 4256 1815 4326; x_wconf 73' lang='grc' dir='ltr'>ἐπαγγελλόμενος</span> <span class='ocrx_word' id='word_1_593' title='bbox 1846 4256 1921 4318; x_wconf 91' lang='grc' dir='ltr'>ώς</span> 
     </span>
    </p>
   </div>
   <div class='ocr_carea' id='block_1_84' title="bbox 2099 4161 3604 4234">
    <p class='ocr_par' dir='ltr' id='par_1_84' title="bbox 2099 4161 3604 4234">
     <span class='ocr_line' id='line_1_84' title="bbox 2099 4161 3604 4234; baseline -0.001 -16"><span class='ocrx_word' id='word_1_594' title='bbox 2099 4163 2265 4218; x_wconf 55' lang='lat' dir='ltr'><strong>XXII.</strong></span> <span class='ocrx_word' id='word_1_595' title='bbox 2293 4162 2607 4234; x_wconf 82' lang='lat' dir='ltr'><strong>Appellatus</strong></span> <span class='ocrx_word' id='word_1_596' title='bbox 2667 4163 2963 4232; x_wconf 89' lang='lat' dir='ltr'><strong>imperator</strong></span> <span class='ocrx_word' id='word_1_597' title='bbox 3007 4161 3340 4217; x_wconf 62' lang='lat' dir='ltr'><strong>Emilianus</strong></span> <span class='ocrx_word' id='word_1_598' title='bbox 3385 4162 3604 4218; x_wconf 83' lang='lat' dir='ltr'><strong>senatui</strong></span> 
     </span>
    </p>
   </div>
   <div class='ocr_carea' id='block_1_85' title="bbox 2031 4252 3605 4325">
    <p class='ocr_par' dir='ltr' id='par_1_85' title="bbox 2031 4252 3605 4325">
     <span class='ocr_line' id='line_1_85' title="bbox 2031 4252 3605 4325; baseline 0 -17"><span class='ocrx_word' id='word_1_599' title='bbox 2031 4271 2128 4325; x_wconf 88' lang='lat' dir='ltr'>per</span> <span class='ocrx_word' id='word_1_600' title='bbox 2163 4256 2367 4310; x_wconf 86' lang='lat' dir='ltr'><strong>litteras</strong></span> <span class='ocrx_word' id='word_1_601' title='bbox 2402 4255 2675 4324; x_wconf 79' lang='lat' dir='ltr'><strong>promisit.</strong></span> <span class='ocrx_word' id='word_1_602' title='bbox 2701 4270 2760 4309; x_wconf 91' lang='lat' dir='ltr'>se</span> <span class='ocrx_word' id='word_1_603' title='bbox 2815 4253 3090 4308; x_wconf 88' lang='lat' dir='ltr'><strong>Barbaros</strong></span> <span class='ocrx_word' id='word_1_604' title='bbox 3138 4253 3302 4307; x_wconf 86' lang='lat' dir='ltr'><strong>etiam</strong></span> <span class='ocrx_word' id='word_1_605' title='bbox 3369 4252 3605 4308; x_wconf 87' lang='lat' dir='ltr'><strong>Thracia</strong></span> 
     </span>
    </p>
   </div>
   <div class='ocr_carea' id='block_1_86' title="bbox 349 4337 1923 4422">
    <p class='ocr_par' dir='ltr' id='par_1_86' title="bbox 349 4348 1923 4422">
     <span class='ocr_line' id='line_1_86' title="bbox 349 4348 1923 4422; baseline -0.003 -18"><span class='ocrx_word' id='word_1_606' title='bbox 349 4353 449 4405; x_wconf 74' lang='grc' dir='ltr'>καὶ</span> <span class='ocrx_word' id='word_1_607' title='bbox 478 4351 577 4422; x_wconf 80' lang='grc' dir='ltr'>τὴν</span> <span class='ocrx_word' id='word_1_608' title='bbox 635 4350 861 4421; x_wconf 78' lang='grc' dir='ltr'>Θρᾴκην</span> <span class='ocrx_word' id='word_1_609' title='bbox 913 4349 1214 4413; x_wconf 80' lang='grc' dir='ltr'>ἀπαλλάξει</span> <span class='ocrx_word' id='word_1_610' title='bbox 1275 4348 1596 4419; x_wconf 76' lang='grc' dir='ltr'>Βαρϐάρων,</span> <span class='ocrx_word' id='word_1_611' title='bbox 1650 4349 1742 4401; x_wconf 82' lang='grc' dir='ltr'>καὶ</span> <span class='ocrx_word' id='word_1_612' title='bbox 1786 4355 1923 4400; x_wconf 64' lang='grc' dir='ltr'>κατὰ</span> 
     </span>
    </p>
   </div>
   <div class='ocr_carea' id='block_1_87' title="bbox 2027 4337 3603 4422">
    <p class='ocr_par' dir='ltr' id='par_1_87' title="bbox 2034 4343 3603 4417">
     <span class='ocr_line' id='line_1_87' title="bbox 2034 4343 3603 4417; baseline 0.001 -18"><span class='ocrx_word' id='word_1_613' title='bbox 2034 4347 2339 4417; x_wconf 85' lang='lat' dir='ltr'><strong>pulsurum,</strong></span> <span class='ocrx_word' id='word_1_614' title='bbox 2371 4356 2426 4399; x_wconf 86' lang='lat' dir='ltr'>et</span> <span class='ocrx_word' id='word_1_615' title='bbox 2453 4346 2633 4400; x_wconf 88' lang='lat' dir='ltr'><strong>Persis</strong></span> <span class='ocrx_word' id='word_1_616' title='bbox 2677 4346 2883 4400; x_wconf 89' lang='lat' dir='ltr'><strong>bellum</strong></span> <span class='ocrx_word' id='word_1_617' title='bbox 2929 4345 3253 4399; x_wconf 84' lang='lat' dir='ltr'><strong>illaturum:</strong></span> <span class='ocrx_word' id='word_1_618' title='bbox 3311 4343 3603 4414; x_wconf 84' lang='lat' dir='ltr'><strong>omniaque</strong></span> 
     </span>
    </p>
   </div>
   <div class='ocr_carea' id='block_1_88' title="bbox 349 4439 1924 4514">
    <p class='ocr_par' dir='ltr' id='par_1_88' title="bbox 349 4439 1924 4514">
     <span class='ocr_line' id='line_1_88' title="bbox 349 4439 1924 4514; baseline -0.003 -18"><span class='ocrx_word' id='word_1_619' title='bbox 349 4441 582 4514; x_wconf 81' lang='grc' dir='ltr'>Περσῶν</span> <span class='ocrx_word' id='word_1_620' title='bbox 643 4441 1132 4512; x_wconf 71' lang='grc' dir='ltr'>ἔκστρατεύσεται,</span> <span class='ocrx_word' id='word_1_621' title='bbox 1197 4441 1293 4492; x_wconf 72' lang='grc' dir='ltr'>καὶ</span> <span class='ocrx_word' id='word_1_622' title='bbox 1350 4441 1530 4493; x_wconf 85' lang='grc' dir='ltr'>πάντα</span> <span class='ocrx_word' id='word_1_623' title='bbox 1579 4439 1776 4510; x_wconf 78' lang='grc' dir='ltr'>πράξει</span> <span class='ocrx_word' id='word_1_624' title='bbox 1827 4441 1924 4492; x_wconf 77' lang='grc' dir='ltr'>καὶ</span> 
     </span>
    </p>
   </div>
   <div class='ocr_carea' id='block_1_89' title="bbox 349 4531 1920 4605">
    <p class='ocr_par' dir='ltr' id='par_1_89' title="bbox 349 4531 1920 4605">
     <span class='ocr_line' id='line_1_89' title="bbox 349 4531 1920 4605; baseline -0.003 -16"><span class='ocrx_word' id='word_1_625' title='bbox 349 4537 685 4604; x_wconf 79' lang='grc' dir='ltr'>ἀγωνίσεται</span> <span class='ocrx_word' id='word_1_626' title='bbox 717 4535 793 4597; x_wconf 83' lang='grc' dir='ltr'>ώς</span> <span class='ocrx_word' id='word_1_627' title='bbox 831 4536 1136 4605; x_wconf 76' lang='grc' dir='ltr'>στρατηγὸς</span> <span class='ocrx_word' id='word_1_628' title='bbox 1159 4533 1362 4597; x_wconf 75' lang='grc' dir='ltr'>αὐτῶν,</span> <span class='ocrx_word' id='word_1_629' title='bbox 1402 4535 1502 4602; x_wconf 77' lang='grc' dir='ltr'>τὴν</span> <span class='ocrx_word' id='word_1_630' title='bbox 1537 4531 1815 4602; x_wconf 86' lang='grc' dir='ltr'>βασιλείαν</span> <span class='ocrx_word' id='word_1_631' title='bbox 1856 4535 1920 4602; x_wconf 81' lang='grc' dir='ltr'>τῇ</span> 
     </span>
    </p>
   </div>
   <div class='ocr_carea' id='block_1_90' title="bbox 351 4623 1925 4698">
    <p class='ocr_par' dir='ltr' id='par_1_90' title="bbox 351 4623 1925 4698">
     <span class='ocr_line' id='line_1_90' title="bbox 351 4623 1925 4698; baseline -0.003 -18"><span class='ocrx_word' id='word_1_632' title='bbox 351 4627 615 4698; x_wconf 71' lang='grc' dir='ltr'>γερουσία</span> <span class='ocrx_word' id='word_1_633' title='bbox 639 4625 977 4680; x_wconf 83' lang='grc' dir='ltr'>καταλιπών.</span> <span class='ocrx_word' id='word_1_634' title='bbox 1011 4625 1164 4678; x_wconf 76' lang='grc' dir='ltr'>Ἀλλ’</span> <span class='ocrx_word' id='word_1_635' title='bbox 1211 4625 1367 4678; x_wconf 79' lang='grc' dir='ltr'>οὐδὲν</span> <span class='ocrx_word' id='word_1_636' title='bbox 1397 4625 1603 4678; x_wconf 81' lang='grc' dir='ltr'>τούτων</span> <span class='ocrx_word' id='word_1_637' title='bbox 1650 4623 1788 4696; x_wconf 77' lang='grc' dir='ltr'>ἔφθη</span> <span class='ocrx_word' id='word_1_638' title='bbox 1827 4641 1925 4676; x_wconf 82' lang='grc' dir='ltr'>πε-</span> 
     </span>
    </p>
   </div>
   <div class='ocr_carea' id='block_1_91' title="bbox 351 4716 1925 4788">
    <p class='ocr_par' dir='ltr' id='par_1_91' title="bbox 351 4716 1925 4788">
     <span class='ocr_line' id='line_1_91' title="bbox 351 4716 1925 4788; baseline -0.003 -14"><span class='ocrx_word' id='word_1_639' title='bbox 351 4719 619 4788; x_wconf 75' lang='grc' dir='ltr'>ποιηκὼς,</span> <span class='ocrx_word' id='word_1_640' title='bbox 654 4717 1022 4788; x_wconf 71' lang='grc' dir='ltr'>Οὐαλεριανοῦ</span> <span class='ocrx_word' id='word_1_641' title='bbox 1059 4717 1465 4779; x_wconf 66' lang='grc' dir='ltr'>ἐπαναστάντος</span> <span class='ocrx_word' id='word_1_642' title='bbox 1497 4716 1678 4787; x_wconf 78' lang='grc' dir='ltr'>αὐτῷ·</span> <span class='ocrx_word' id='word_1_643' title='bbox 1707 4716 1765 4779; x_wconf 81' lang='grc' dir='ltr'>ὃς</span> <span class='ocrx_word' id='word_1_644' title='bbox 1817 4717 1925 4769; x_wconf 83' lang='grc' dir='ltr'>τῶν</span> 
     </span>
    </p>
   </div>
   <div class='ocr_carea' id='block_1_92' title="bbox 350 4807 1918 4883">
    <p class='ocr_par' dir='ltr' id='par_1_92' title="bbox 350 4807 1918 4883">
     <span class='ocr_line' id='line_1_92' title="bbox 350 4807 1918 4883; baseline -0.004 -17"><span class='ocrx_word' id='word_1_645' title='bbox 350 4813 494 4883; x_wconf 80' lang='grc' dir='ltr'>ὑπὲρ</span> <span class='ocrx_word' id='word_1_646' title='bbox 543 4810 644 4874; x_wconf 74' lang='grc' dir='ltr'>τὰς</span> <span class='ocrx_word' id='word_1_647' title='bbox 681 4809 908 4871; x_wconf 82' lang='grc' dir='ltr'>’Λλπεις</span> <span class='ocrx_word' id='word_1_648' title='bbox 946 4809 1134 4880; x_wconf 79' lang='grc' dir='ltr'>ἄρχων</span> <span class='ocrx_word' id='word_1_649' title='bbox 1174 4807 1480 4878; x_wconf 81' lang='grc' dir='ltr'>δυνάμεων,</span> <span class='ocrx_word' id='word_1_650' title='bbox 1535 4809 1602 4861; x_wconf 75' lang='grc' dir='ltr'>τὰ</span> <span class='ocrx_word' id='word_1_651' title='bbox 1653 4808 1794 4862; x_wconf 76' lang='grc' dir='ltr'>κατὰ</span> <span class='ocrx_word' id='word_1_652' title='bbox 1825 4808 1918 4860; x_wconf 77' lang='grc' dir='ltr'>τὸν</span> 
     </span>
    </p>
   </div>
   <div class='ocr_carea' id='block_1_93' title="bbox 348 4898 1926 4973">
    <p class='ocr_par' dir='ltr' id='par_1_93' title="bbox 348 4898 1926 4973">
     <span class='ocr_line' id='line_1_93' title="bbox 348 4898 1926 4973; baseline -0.004 -14"><span class='ocrx_word' id='word_1_653' title='bbox 348 4903 675 4973; x_wconf 79' lang='grc' dir='ltr'>Αίμιλιανὸν</span> <span class='ocrx_word' id='word_1_654' title='bbox 731 4901 941 4972; x_wconf 85' lang='grc' dir='ltr'>μαθὼν,</span> <span class='ocrx_word' id='word_1_655' title='bbox 1001 4899 1096 4952; x_wconf 77' lang='grc' dir='ltr'>καὶ</span> <span class='ocrx_word' id='word_1_656' title='bbox 1130 4898 1292 4961; x_wconf 79' lang='grc' dir='ltr'>αὐτὸς</span> <span class='ocrx_word' id='word_1_657' title='bbox 1357 4900 1632 4968; x_wconf 83' lang='grc' dir='ltr'>τυραννεῖ.</span> <span class='ocrx_word' id='word_1_658' title='bbox 1687 4899 1792 4950; x_wconf 81' lang='grc' dir='ltr'>Καὶ</span> <span class='ocrx_word' id='word_1_659' title='bbox 1829 4901 1926 4960; x_wconf 64' lang='grc' dir='ltr'>τὰς</span> 
     </span>
    </p>
   </div>
   <div class='ocr_carea' id='block_1_94' title="bbox 347 4989 1924 5063">
    <p class='ocr_par' dir='ltr' id='par_1_94' title="bbox 347 4989 1924 5063">
     <span class='ocr_line' id='line_1_94' title="bbox 347 4989 1924 5063; baseline -0.003 -15"><span class='ocrx_word' id='word_1_660' title='bbox 347 4996 443 5051; x_wconf 76' lang='grc' dir='ltr'>ὑπ’</span> <span class='ocrx_word' id='word_1_661' title='bbox 479 4996 643 5049; x_wconf 57' lang='lat' dir='ltr'>eam</span> <span class='ocrx_word' id='word_1_662' title='bbox 669 4993 928 5063; x_wconf 79' lang='grc' dir='ltr'>δυνάμεις</span> <span class='ocrx_word' id='word_1_663' title='bbox 960 4989 1309 5058; x_wconf 78' lang='grc' dir='ltr'>συναγαγὼν,</span> <span class='ocrx_word' id='word_1_664' title='bbox 1361 4989 1496 5056; x_wconf 76' lang='grc' dir='ltr'>πρὸς</span> <span class='ocrx_word' id='word_1_665' title='bbox 1530 4989 1630 5061; x_wconf 78' lang='grc' dir='ltr'>τὴν</span> <span class='ocrx_word' id='word_1_666' title='bbox 1702 4989 1924 5060; x_wconf 73' lang='grc' dir='ltr'>Ῥώμην</span> 
     </span>
    </p>
   </div>
   <div class='ocr_carea' id='block_1_95' title="bbox 348 5079 1920 5160">
    <p class='ocr_par' dir='ltr' id='par_1_95' title="bbox 348 5079 1920 5160">
     <span class='ocr_line' id='line_1_95' title="bbox 348 5079 1920 5160; baseline -0.004 -20"><span class='ocrx_word' id='word_1_667' title='bbox 348 5089 631 5160; x_wconf 74' lang='grc' dir='ltr'>ἠπείγετο.</span> <span class='ocrx_word' id='word_1_668' title='bbox 675 5086 740 5140; x_wconf 83' lang='lat' dir='ltr'><strong>Ol</strong></span> <span class='ocrx_word' id='word_1_669' title='bbox 778 5084 908 5153; x_wconf 76' lang='grc' dir='ltr'>γοῦν</span> <span class='ocrx_word' id='word_1_670' title='bbox 945 5083 1024 5153; x_wconf 79' lang='grc' dir='ltr'>τῷ</span> <span class='ocrx_word' id='word_1_671' title='bbox 1050 5079 1354 5152; x_wconf 83' lang='grc' dir='ltr'>Αἰμιλιανῷ</span> <span class='ocrx_word' id='word_1_672' title='bbox 1402 5083 1920 5153; x_wconf 78' lang='grc' dir='ltr'>συστρατευόμενοι,</span> 
     </span>
    </p>
   </div>
   <div class='ocr_carea' id='block_1_96' title="bbox 349 5173 1922 5248">
    <p class='ocr_par' dir='ltr' id='par_1_96' title="bbox 349 5173 1922 5248">
     <span class='ocr_line' id='line_1_96' title="bbox 349 5173 1922 5248; baseline -0.006 -13"><span class='ocrx_word' id='word_1_673' title='bbox 349 5184 449 5235; x_wconf 82' lang='grc' dir='ltr'>εὑκ</span> <span class='ocrx_word' id='word_1_674' title='bbox 483 5179 816 5248; x_wconf 78' lang='grc' dir='ltr'>ἀξιομάχους</span> <span class='ocrx_word' id='word_1_675' title='bbox 846 5177 1074 5236; x_wconf 72' lang='grc' dir='ltr'>ἑαυτοὺς</span> <span class='ocrx_word' id='word_1_676' title='bbox 1131 5175 1434 5241; x_wconf 78' lang='grc' dir='ltr'>ἐγνωκότες</span> <span class='ocrx_word' id='word_1_677' title='bbox 1491 5174 1629 5244; x_wconf 84' lang='grc' dir='ltr'>πρὸς</span> <span class='ocrx_word' id='word_1_678' title='bbox 1676 5173 1772 5244; x_wconf 81' lang='grc' dir='ltr'>τὴν</span> <span class='ocrx_word' id='word_1_679' title='bbox 1826 5174 1922 5227; x_wconf 78' lang='grc' dir='ltr'>τοῦ</span> 
     </span>
    </p>
   </div>
   <div class='ocr_carea' id='block_1_97' title="bbox 348 5266 1922 5342">
    <p class='ocr_par' dir='ltr' id='par_1_97' title="bbox 348 5266 1922 5342">
     <span class='ocr_line' id='line_1_97' title="bbox 348 5266 1922 5342; baseline -0.004 -15"><span class='ocrx_word' id='word_1_680' title='bbox 348 5271 719 5342; x_wconf 73' lang='grc' dir='ltr'>Οὐαλεριανοῦ</span> <span class='ocrx_word' id='word_1_681' title='bbox 747 5269 1031 5340; x_wconf 76' lang='grc' dir='ltr'>στρατιάν,</span> <span class='ocrx_word' id='word_1_682' title='bbox 1061 5268 1195 5336; x_wconf 74' lang='grc' dir='ltr'>μηδὲ</span> <span class='ocrx_word' id='word_1_683' title='bbox 1218 5267 1462 5335; x_wconf 78' lang='grc' dir='ltr'>φθείρειν</span> <span class='ocrx_word' id='word_1_684' title='bbox 1483 5269 1577 5321; x_wconf 79' lang='grc' dir='ltr'>καὶ</span> <span class='ocrx_word' id='word_1_685' title='bbox 1602 5266 1922 5337; x_wconf 73' lang='grc' dir='ltr'>φθείρεσθαι</span> 
     </span>
    </p>
   </div>
   <div class='ocr_carea' id='block_1_98' title="bbox 359 5359 1921 5436">
    <p class='ocr_par' dir='ltr' id='par_1_98' title="bbox 359 5359 1921 5436">
     <span class='ocr_line' id='line_1_98' title="bbox 359 5359 1921 5436; baseline -0.004 -17"><span class='ocrx_word' id='word_1_686' title='bbox 359 5365 670 5436; x_wconf 80' lang='grc' dir='ltr'>Ῥωμαίους</span> <span class='ocrx_word' id='word_1_687' title='bbox 701 5363 791 5416; x_wconf 72' lang='grc' dir='ltr'>ὑπ’</span> <span class='ocrx_word' id='word_1_688' title='bbox 817 5361 1063 5430; x_wconf 74' lang='grc' dir='ltr'>ἀλλήλων</span> <span class='ocrx_word' id='word_1_689' title='bbox 1111 5359 1260 5412; x_wconf 81' lang='grc' dir='ltr'>ὅσιον</span> <span class='ocrx_word' id='word_1_690' title='bbox 1313 5362 1598 5428; x_wconf 78' lang='grc' dir='ltr'>κρίναντες</span> <span class='ocrx_word' id='word_1_691' title='bbox 1628 5361 1724 5415; x_wconf 68' lang='grc' dir='ltr'>καὶ</span> <span class='ocrx_word' id='word_1_692' title='bbox 1769 5361 1921 5413; x_wconf 75' lang='grc' dir='ltr'>πολέο</span> 
     </span>
    </p>
   </div>
   <div class='ocr_carea' id='block_1_99' title="bbox 351 5453 1920 5530">
    <p class='ocr_par' dir='ltr' id='par_1_99' title="bbox 351 5453 1920 5530">
     <span class='ocr_line' id='line_1_99' title="bbox 351 5453 1920 5530; baseline -0.003 -19"><span class='ocrx_word' id='word_1_693' title='bbox 351 5476 486 5530; x_wconf 83' lang='grc' dir='ltr'>μους</span> <span class='ocrx_word' id='word_1_694' title='bbox 516 5453 1254 5528; x_wconf 79' lang='grc' dir='ltr'>συγκροτείσθαιόμογενῶν,</span> <span class='ocrx_word' id='word_1_695' title='bbox 1281 5454 1372 5506; x_wconf 78' lang='grc' dir='ltr'>καὶ</span> <span class='ocrx_word' id='word_1_696' title='bbox 1399 5453 1571 5516; x_wconf 78' lang='grc' dir='ltr'>ἄλλως</span> <span class='ocrx_word' id='word_1_697' title='bbox 1599 5454 1656 5506; x_wconf 73' lang='grc' dir='ltr'>δὲ</span> <span class='ocrx_word' id='word_1_698' title='bbox 1677 5455 1770 5507; x_wconf 81' lang='grc' dir='ltr'>τὸν</span> <span class='ocrx_word' id='word_1_699' title='bbox 1819 5455 1920 5523; x_wconf 84' lang='grc' dir='ltr'>μὲν</span> 
     </span>
    </p>
   </div>
   <div class='ocr_carea' id='block_1_100' title="bbox 346 5545 1920 5620">
    <p class='ocr_par' dir='ltr' id='par_1_100' title="bbox 346 5545 1920 5620">
     <span class='ocr_line' id='line_1_100' title="bbox 346 5545 1920 5620; baseline -0.005 -14"><span class='ocrx_word' id='word_1_700' title='bbox 346 5551 665 5620; x_wconf 73' lang='grc' dir='ltr'>Αίμιλιανδν</span> <span class='ocrx_word' id='word_1_701' title='bbox 689 5549 906 5614; x_wconf 78' lang='grc' dir='ltr'>ἀνάξιον</span> <span class='ocrx_word' id='word_1_702' title='bbox 927 5547 1266 5616; x_wconf 77' lang='grc' dir='ltr'>λογιζόμενοι</span> <span class='ocrx_word' id='word_1_703' title='bbox 1301 5545 1600 5615; x_wconf 76' lang='grc' dir='ltr'>βασιλείας,</span> <span class='ocrx_word' id='word_1_704' title='bbox 1637 5546 1712 5610; x_wconf 85' lang='grc' dir='ltr'>ὡς</span> <span class='ocrx_word' id='word_1_705' title='bbox 1735 5545 1920 5611; x_wconf 80' lang='grc' dir='ltr'>ἄδοξόν</span> 
     </span>
    </p>
   </div>
   <div class='ocr_carea' id='block_1_101' title="bbox 347 5637 1923 5713">
    <p class='ocr_par' dir='ltr' id='par_1_101' title="bbox 347 5637 1923 5713">
     <span class='ocr_line' id='line_1_101' title="bbox 347 5637 1923 5713; baseline -0.004 -15"><span class='ocrx_word' id='word_1_706' title='bbox 347 5662 406 5699; x_wconf 86' lang='grc' dir='ltr'>τε</span> <span class='ocrx_word' id='word_1_707' title='bbox 439 5649 533 5697; x_wconf 71' lang='grc' dir='ltr'>καὶ</span> <span class='ocrx_word' id='word_1_708' title='bbox 586 5639 868 5713; x_wconf 78' lang='grc' dir='ltr'>χαμερπῆ,</span> <span class='ocrx_word' id='word_1_709' title='bbox 923 5639 1014 5693; x_wconf 63' lang='grc' dir='ltr'>τὸν</span> <span class='ocrx_word' id='word_1_710' title='bbox 1055 5637 1424 5707; x_wconf 66' lang='grc' dir='ltr'>Οὐαλεριανὸν</span> <span class='ocrx_word' id='word_1_711' title='bbox 1477 5637 1532 5690; x_wconf 85' lang='grc' dir='ltr'>δὲ</span> <span class='ocrx_word' id='word_1_712' title='bbox 1587 5637 1923 5709; x_wconf 71' lang='grc' dir='ltr'>οἰκειότερον</span> 
     </span>
    </p>
   </div>
   <div class='ocr_carea' id='block_1_102' title="bbox 2027 4437 3601 4502">
    <p class='ocr_par' dir='ltr' id='par_1_102' title="bbox 2027 4437 3601 4502">
     <span class='ocr_line' id='line_1_102' title="bbox 2027 4437 3601 4502; baseline -0.001 -10"><span class='ocrx_word' id='word_1_713' title='bbox 2027 4440 2300 4492; x_wconf 82' lang='lat' dir='ltr'><strong>iacturum</strong></span> <span class='ocrx_word' id='word_1_714' title='bbox 2333 4448 2390 4492; x_wconf 89' lang='lat' dir='ltr'>et</span> <span class='ocrx_word' id='word_1_715' title='bbox 2417 4437 2805 4492; x_wconf 87' lang='lat' dir='ltr'><strong>dimicaturum</strong></span> <span class='ocrx_word' id='word_1_716' title='bbox 2841 4478 2856 4502; x_wconf 93' lang='lat'>,</span> <span class='ocrx_word' id='word_1_717' title='bbox 2894 4448 2953 4492; x_wconf 90' lang='lat' dir='ltr'>ut</span> <span class='ocrx_word' id='word_1_718' title='bbox 2983 4437 3179 4492; x_wconf 84' lang='lat' dir='ltr'><strong>ducem</strong></span> <span class='ocrx_word' id='word_1_719' title='bbox 3221 4453 3410 4492; x_wconf 85' lang='lat' dir='ltr'><strong>eorum</strong></span> <span class='ocrx_word' id='word_1_720' title='bbox 3440 4477 3456 4501; x_wconf 90' lang='lat'>,</span> <span class='ocrx_word' id='word_1_721' title='bbox 3495 4439 3601 4490; x_wconf 86' lang='lat' dir='ltr'><strong>im-</strong></span> 
     </span>
    </p>
   </div>
   <div class='ocr_carea' id='block_1_103' title="bbox 2031 4529 3600 4601">
    <p class='ocr_par' dir='ltr' id='par_1_103' title="bbox 2031 4529 3600 4601">
     <span class='ocr_line' id='line_1_103' title="bbox 2031 4529 3600 4601; baseline 0 -18"><span class='ocrx_word' id='word_1_722' title='bbox 2031 4533 2185 4601; x_wconf 88' lang='lat' dir='ltr'><strong>perio</strong></span> <span class='ocrx_word' id='word_1_723' title='bbox 2219 4531 2352 4600; x_wconf 90' lang='lat' dir='ltr'><strong>ipsis</strong></span> <span class='ocrx_word' id='word_1_724' title='bbox 2388 4530 2600 4585; x_wconf 87' lang='lat' dir='ltr'><strong>relicto.</strong></span> <span class='ocrx_word' id='word_1_725' title='bbox 2638 4529 2743 4583; x_wconf 65' lang='lat' dir='ltr'><strong>ted</strong></span> <span class='ocrx_word' id='word_1_726' title='bbox 2776 4530 3097 4598; x_wconf 86' lang='lat' dir='ltr'><strong>priusquam</strong></span> <span class='ocrx_word' id='word_1_727' title='bbox 3147 4530 3344 4582; x_wconf 87' lang='lat' dir='ltr'><strong>horum</strong></span> <span class='ocrx_word' id='word_1_728' title='bbox 3395 4529 3600 4598; x_wconf 77' lang='lat' dir='ltr'><strong>aliquid</strong></span> 
     </span>
    </p>
   </div>
   <div class='ocr_carea' id='block_1_104' title="bbox 2027 4619 3600 4691">
    <p class='ocr_par' dir='ltr' id='par_1_104' title="bbox 2027 4619 3600 4691">
     <span class='ocr_line' id='line_1_104' title="bbox 2027 4619 3600 4691; baseline -0.001 -16"><span class='ocrx_word' id='word_1_729' title='bbox 2027 4623 2250 4687; x_wconf 76' lang='lat' dir='ltr'><strong>faceret,</strong></span> <span class='ocrx_word' id='word_1_730' title='bbox 2289 4623 2606 4678; x_wconf 79' lang='lat' dir='ltr'><strong>Valerianus</strong></span> <span class='ocrx_word' id='word_1_731' title='bbox 2639 4621 3120 4691; x_wconf 89' lang='lat' dir='ltr'><strong>Transalpinarum</strong></span> <span class='ocrx_word' id='word_1_732' title='bbox 3152 4619 3430 4689; x_wconf 86' lang='lat' dir='ltr'><strong>legionum</strong></span> <span class='ocrx_word' id='word_1_733' title='bbox 3467 4620 3600 4684; x_wconf 75' lang='lat' dir='ltr'><strong>dux,</strong></span> 
     </span>
    </p>
   </div>
   <div class='ocr_carea' id='block_1_105' title="bbox 2029 4712 3602 4785">
    <p class='ocr_par' dir='ltr' id='par_1_105' title="bbox 2029 4712 3602 4785">
     <span class='ocr_line' id='line_1_105' title="bbox 2029 4712 3602 4785; baseline -0.002 -14"><span class='ocrx_word' id='word_1_734' title='bbox 2029 4717 2194 4772; x_wconf 88' lang='lat' dir='ltr'><strong>rebus</strong></span> <span class='ocrx_word' id='word_1_735' title='bbox 2241 4715 2519 4770; x_wconf 66' lang='lat' dir='ltr'><strong>Emiliani</strong></span> <span class='ocrx_word' id='word_1_736' title='bbox 2562 4714 2814 4785; x_wconf 78' lang='lat' dir='ltr'><strong>cognitis,</strong></span> <span class='ocrx_word' id='word_1_737' title='bbox 2846 4723 2901 4768; x_wconf 90' lang='lat' dir='ltr'>et</span> <span class='ocrx_word' id='word_1_738' title='bbox 2935 4714 3050 4783; x_wconf 90' lang='lat' dir='ltr'><strong>ipse</strong></span> <span class='ocrx_word' id='word_1_739' title='bbox 3093 4728 3319 4784; x_wconf 78' lang='lat' dir='ltr'><strong>regnum</strong></span> <span class='ocrx_word' id='word_1_740' title='bbox 3377 4712 3602 4768; x_wconf 69' lang='lat' dir='ltr'><strong>allecta-</strong></span> 
     </span>
    </p>
   </div>
   <div class='ocr_carea' id='block_1_106' title="bbox 2029 4803 3598 4876">
    <p class='ocr_par' dir='ltr' id='par_1_106' title="bbox 2029 4803 3598 4876">
     <span class='ocr_line' id='line_1_106' title="bbox 2029 4803 3598 4876; baseline 0 -18"><span class='ocrx_word' id='word_1_741' title='bbox 2029 4810 2153 4862; x_wconf 86' lang='lat' dir='ltr'><strong>vit:</strong></span> <span class='ocrx_word' id='word_1_742' title='bbox 2217 4808 2614 4876; x_wconf 86' lang='lat' dir='ltr'><strong>conductisque</strong></span> <span class='ocrx_word' id='word_1_743' title='bbox 2666 4805 2724 4860; x_wconf 91' lang='lat' dir='ltr'>in</span> <span class='ocrx_word' id='word_1_744' title='bbox 2777 4805 2944 4876; x_wconf 79' lang='lat'>629</span> <span class='ocrx_word' id='word_1_745' title='bbox 2991 4819 3162 4858; x_wconf 92' lang='lat' dir='ltr'><strong>unum</strong></span> <span class='ocrx_word' id='word_1_746' title='bbox 3215 4806 3334 4858; x_wconf 81' lang='lat' dir='ltr'><strong>suis</strong></span> <span class='ocrx_word' id='word_1_747' title='bbox 3389 4803 3598 4873; x_wconf 88' lang='lat' dir='ltr'><strong>copiis,</strong></span> 
     </span>
    </p>
   </div>
   <div class='ocr_carea' id='block_1_107' title="bbox 2030 4893 3600 4968">
    <p class='ocr_par' dir='ltr' id='par_1_107' title="bbox 2030 4893 3600 4968">
     <span class='ocr_line' id='line_1_107' title="bbox 2030 4893 3600 4968; baseline -0.005 -14"><span class='ocrx_word' id='word_1_748' title='bbox 2030 4901 2258 4954; x_wconf 74' lang='lat' dir='ltr'><strong>Romam</strong></span> <span class='ocrx_word' id='word_1_749' title='bbox 2336 4900 2668 4968; x_wconf 83' lang='lat' dir='ltr'><strong>properavit.</strong></span> <span class='ocrx_word' id='word_1_750' title='bbox 2711 4898 2890 4963; x_wconf 86' lang='lat' dir='ltr'><strong>Quare</strong></span> <span class='ocrx_word' id='word_1_751' title='bbox 2937 4897 2975 4951; x_wconf 90' lang='lat' dir='ltr'>ii</span> <span class='ocrx_word' id='word_1_752' title='bbox 3023 4897 3118 4966; x_wconf 89' lang='lat' dir='ltr'>qui</span> <span class='ocrx_word' id='word_1_753' title='bbox 3155 4896 3258 4950; x_wconf 85' lang='lat' dir='ltr'>sub</span> <span class='ocrx_word' id='word_1_754' title='bbox 3304 4893 3600 4949; x_wconf 66' lang='lat' dir='ltr'><strong>Emiliano</strong></span> 
     </span>
    </p>
   </div>
   <div class='ocr_carea' id='block_1_108' title="bbox 2027 4987 3601 5061">
    <p class='ocr_par' dir='ltr' id='par_1_108' title="bbox 2027 4987 3601 5061">
     <span class='ocr_line' id='line_1_108' title="bbox 2027 4987 3601 5061; baseline -0.004 -16"><span class='ocrx_word' id='word_1_755' title='bbox 2027 4992 2300 5061; x_wconf 86' lang='lat' dir='ltr'><strong>stipendia</strong></span> <span class='ocrx_word' id='word_1_756' title='bbox 2363 4991 2690 5055; x_wconf 84' lang='lat' dir='ltr'><strong>merebant,</strong></span> <span class='ocrx_word' id='word_1_757' title='bbox 2743 4990 2872 5058; x_wconf 85' lang='lat' dir='ltr'><strong>quia</strong></span> <span class='ocrx_word' id='word_1_758' title='bbox 2926 5003 2984 5044; x_wconf 85' lang='lat' dir='ltr'>se</span> <span class='ocrx_word' id='word_1_759' title='bbox 3038 4987 3327 5043; x_wconf 83' lang='lat' dir='ltr'><strong>Valeriano</strong></span> <span class='ocrx_word' id='word_1_760' title='bbox 3358 4988 3601 5056; x_wconf 86' lang='lat' dir='ltr'><strong>impares</strong></span> 
     </span>
    </p>
   </div>
   <div class='ocr_carea' id='block_1_109' title="bbox 2027 5079 3596 5150">
    <p class='ocr_par' dir='ltr' id='par_1_109' title="bbox 2027 5079 3596 5150">
     <span class='ocr_line' id='line_1_109' title="bbox 2027 5079 3596 5150; baseline -0.006 -11"><span class='ocrx_word' id='word_1_761' title='bbox 2027 5099 2145 5140; x_wconf 85' lang='lat' dir='ltr'><strong>csse</strong></span> <span class='ocrx_word' id='word_1_762' title='bbox 2167 5094 2382 5147; x_wconf 87' lang='lat' dir='ltr'><strong>norant,</strong></span> <span class='ocrx_word' id='word_1_763' title='bbox 2414 5093 2470 5138; x_wconf 86' lang='lat' dir='ltr'>et</span> <span class='ocrx_word' id='word_1_764' title='bbox 2515 5084 2792 5137; x_wconf 85' lang='lat' dir='ltr'><strong>Romanos</strong></span> <span class='ocrx_word' id='word_1_765' title='bbox 2839 5081 3048 5136; x_wconf 89' lang='lat' dir='ltr'><strong>mutuis</strong></span> <span class='ocrx_word' id='word_1_766' title='bbox 3087 5081 3270 5150; x_wconf 87' lang='lat' dir='ltr'><strong>perire</strong></span> <span class='ocrx_word' id='word_1_767' title='bbox 3313 5079 3596 5142; x_wconf 65' lang='lat' dir='ltr'><strong>caedibus,</strong></span> 
     </span>
    </p>
   </div>
   <div class='ocr_carea' id='block_1_110' title="bbox 2027 5169 3595 5242">
    <p class='ocr_par' dir='ltr' id='par_1_110' title="bbox 2027 5169 3595 5242">
     <span class='ocr_line' id='line_1_110' title="bbox 2027 5169 3595 5242; baseline -0.006 -13"><span class='ocrx_word' id='word_1_768' title='bbox 2027 5191 2091 5229; x_wconf 88' lang='lat' dir='ltr'>ac</span> <span class='ocrx_word' id='word_1_769' title='bbox 2127 5176 2387 5230; x_wconf 84' lang='lat' dir='ltr'><strong>intestina</strong></span> <span class='ocrx_word' id='word_1_770' title='bbox 2432 5175 2573 5229; x_wconf 88' lang='lat' dir='ltr'><strong>bella</strong></span> <span class='ocrx_word' id='word_1_771' title='bbox 2603 5172 2828 5228; x_wconf 84' lang='lat' dir='ltr'><strong>conﬂari</strong></span> <span class='ocrx_word' id='word_1_772' title='bbox 2864 5172 3021 5228; x_wconf 82' lang='lat' dir='ltr'><strong>nefas</strong></span> <span class='ocrx_word' id='word_1_773' title='bbox 3071 5172 3365 5242; x_wconf 87' lang='lat' dir='ltr'><strong>putabant.</strong></span> <span class='ocrx_word' id='word_1_774' title='bbox 3391 5169 3595 5222; x_wconf 84' lang='lat' dir='ltr'><strong>Eodem</strong></span> 
     </span>
    </p>
   </div>
   <div class='ocr_carea' id='block_1_111' title="bbox 2026 5257 3595 5335">
    <p class='ocr_par' dir='ltr' id='par_1_111' title="bbox 2026 5257 3595 5335">
     <span class='ocr_line' id='line_1_111' title="bbox 2026 5257 3595 5335; baseline -0.006 -15"><span class='ocrx_word' id='word_1_775' title='bbox 2026 5267 2338 5332; x_wconf 84' lang='lat' dir='ltr'><strong>accedebat,</strong></span> <span class='ocrx_word' id='word_1_776' title='bbox 2365 5267 2511 5335; x_wconf 90' lang='lat' dir='ltr'><strong>quod</strong></span> <span class='ocrx_word' id='word_1_777' title='bbox 2557 5265 2930 5328; x_wconf 68' lang='lat' dir='ltr'><strong>Emilianum,</strong></span> <span class='ocrx_word' id='word_1_778' title='bbox 2964 5274 3024 5318; x_wconf 89' lang='lat' dir='ltr'>ut</span> <span class='ocrx_word' id='word_1_779' title='bbox 3057 5264 3348 5334; x_wconf 83' lang='lat' dir='ltr'><strong>inglorium</strong></span> <span class='ocrx_word' id='word_1_780' title='bbox 3387 5270 3443 5312; x_wconf 89' lang='lat' dir='ltr'>et</span> <span class='ocrx_word' id='word_1_781' title='bbox 3489 5257 3595 5311; x_wconf 81' lang='lat' dir='ltr'><strong>liu-</strong></span> 
     </span>
    </p>
   </div>
   <div class='ocr_carea' id='block_1_112' title="bbox 2027 5353 3594 5430">
    <p class='ocr_par' dir='ltr' id='par_1_112' title="bbox 2027 5353 3594 5430">
     <span class='ocr_line' id='line_1_112' title="bbox 2027 5353 3594 5430; baseline -0.005 -19"><span class='ocrx_word' id='word_1_782' title='bbox 2027 5359 2235 5424; x_wconf 89' lang='lat' dir='ltr'><strong>milem,</strong></span> <span class='ocrx_word' id='word_1_783' title='bbox 2275 5374 2442 5429; x_wconf 86' lang='lat' dir='ltr'><strong>regno</strong></span> <span class='ocrx_word' id='word_1_784' title='bbox 2488 5358 2769 5430; x_wconf 83' lang='lat' dir='ltr'><strong>indignum</strong></span> <span class='ocrx_word' id='word_1_785' title='bbox 2825 5356 3143 5430; x_wconf 83' lang='lat' dir='ltr'><strong>judicabant</strong></span> <span class='ocrx_word' id='word_1_786' title='bbox 3180 5373 3192 5407; x_wconf 91' lang='lat'>:</span> <span class='ocrx_word' id='word_1_787' title='bbox 3245 5353 3594 5408; x_wconf 70' lang='lat' dir='ltr'><strong>Valerianum</strong></span> 
     </span>
    </p>
   </div>
   <div class='ocr_carea' id='block_1_113' title="bbox 2025 5443 3593 5522">
    <p class='ocr_par' dir='ltr' id='par_1_113' title="bbox 2025 5443 3593 5522">
     <span class='ocr_line' id='line_1_113' title="bbox 2025 5443 3593 5522; baseline -0.004 -18"><span class='ocrx_word' id='word_1_788' title='bbox 2025 5467 2159 5505; x_wconf 84' lang='lat' dir='ltr'><strong>vero</strong></span> <span class='ocrx_word' id='word_1_789' title='bbox 2197 5451 2262 5504; x_wconf 87' lang='lat' dir='ltr'>ad</span> <span class='ocrx_word' id='word_1_790' title='bbox 2293 5453 2658 5522; x_wconf 87' lang='lat' dir='ltr'><strong>principatum</strong></span> <span class='ocrx_word' id='word_1_791' title='bbox 2693 5452 2986 5520; x_wconf 82' lang='lat' dir='ltr'><strong>aptiorem,</strong></span> <span class='ocrx_word' id='word_1_792' title='bbox 3015 5457 3076 5502; x_wconf 89' lang='lat' dir='ltr'>ut</span> <span class='ocrx_word' id='word_1_793' title='bbox 3101 5447 3195 5514; x_wconf 85' lang='lat' dir='ltr'>qui</span> <span class='ocrx_word' id='word_1_794' title='bbox 3242 5443 3434 5514; x_wconf 88' lang='lat' dir='ltr'><strong>majori</strong></span> <span class='ocrx_word' id='word_1_795' title='bbox 3466 5458 3593 5499; x_wconf 88' lang='lat' dir='ltr'>cum</span> 
     </span>
    </p>
   </div>
   <div class='ocr_carea' id='block_1_114' title="bbox 2026 5538 3595 5602">
    <p class='ocr_par' dir='ltr' id='par_1_114' title="bbox 2026 5538 3595 5602">
     <span class='ocr_line' id='line_1_114' title="bbox 2026 5538 3595 5602; baseline -0.004 -4"><span class='ocrx_word' id='word_1_796' title='bbox 2026 5546 2353 5601; x_wconf 86' lang='lat' dir='ltr'><strong>auctoritate</strong></span> <span class='ocrx_word' id='word_1_797' title='bbox 2389 5561 2478 5602; x_wconf 91' lang='lat' dir='ltr'>res</span> <span class='ocrx_word' id='word_1_798' title='bbox 2521 5546 3003 5601; x_wconf 89' lang='lat' dir='ltr'><strong>administraturus</strong></span> <span class='ocrx_word' id='word_1_799' title='bbox 3053 5549 3199 5596; x_wconf 88' lang='lat' dir='ltr'><strong>esset</strong></span> <span class='ocrx_word' id='word_1_800' title='bbox 3235 5556 3249 5591; x_wconf 89' lang='lat'><strong>:</strong></span> <span class='ocrx_word' id='word_1_801' title='bbox 3299 5538 3595 5594; x_wconf 64' lang='lat' dir='ltr'><strong>Emiiiano</strong></span> 
     </span>
    </p>
   </div>
   <div class='ocr_carea' id='block_1_115' title="bbox 2019 5625 3596 5710">
    <p class='ocr_par' dir='ltr' id='par_1_115' title="bbox 2019 5625 3596 5710">
     <span class='ocr_line' id='line_1_115' title="bbox 2019 5625 3596 5710; baseline -0.004 -16"><span class='ocrx_word' id='word_1_802' title='bbox 2019 5639 2270 5695; x_wconf 88' lang='lat' dir='ltr'><strong>nondum</strong></span> <span class='ocrx_word' id='word_1_803' title='bbox 2326 5647 2566 5710; x_wconf 88' lang='lat' dir='ltr'><strong>quatuor</strong></span> <span class='ocrx_word' id='word_1_804' title='bbox 2610 5653 2826 5696; x_wconf 86' lang='lat' dir='ltr'><strong>menses</strong></span> <span class='ocrx_word' id='word_1_805' title='bbox 2881 5625 3111 5704; x_wconf 83' lang='lat' dir='ltr'><strong>imperio</strong></span> <span class='ocrx_word' id='word_1_806' title='bbox 3157 5633 3373 5707; x_wconf 86' lang='lat' dir='ltr'><strong>potito,</strong></span> <span class='ocrx_word' id='word_1_807' title='bbox 3421 5645 3596 5688; x_wconf 90' lang='lat' dir='ltr'><strong>annos</strong></span> 
     </span>
    </p>
   </div>
  </div>
