  <div class='ocr_page' id='page_1' title='image "/cluster/home/n/w/nwhite01/storage/ocr_20150623/134/hvd.32044073502510/548.png"; bbox 0 0 3938 6208; ppageno 0'>
   <div class='ocr_carea' id='block_1_1' title="bbox 311 286 454 354">
    <p class='ocr_par' dir='ltr' id='par_1_1' title="bbox 311 286 454 354">
     <span class='ocr_line' id='line_1_1' title="bbox 311 286 454 354; baseline 0.007 -1"><span class='ocrx_word' id='word_1_1' title='bbox 311 286 454 354; x_wconf 80' lang='grc'>1081</span> 
     </span>
    </p>
   </div>
   <div class='ocr_carea' id='block_1_2' title="bbox 1587 294 2361 370">
    <p class='ocr_par' dir='ltr' id='par_1_2' title="bbox 1587 294 2361 370">
     <span class='ocr_line' id='line_1_2' title="bbox 1587 294 2361 370; baseline 0.012 -9"><span class='ocrx_word' id='word_1_2' title='bbox 1587 303 1990 367; x_wconf 77' lang='lat' dir='ltr'><strong>ANNAUUM</strong></span> <span class='ocrx_word' id='word_1_3' title='bbox 2031 307 2176 367; x_wconf 83' lang='lat' dir='ltr'><strong>LIB.</strong></span> <span class='ocrx_word' id='word_1_4' title='bbox 2217 294 2361 370; x_wconf 81' lang='lat' dir='ltr'><strong>Xll.</strong></span> 
     </span>
    </p>
   </div>
   <div class='ocr_carea' id='block_1_3' title="bbox 3431 308 3576 375">
    <p class='ocr_par' dir='ltr' id='par_1_3' title="bbox 3431 308 3576 375">
     <span class='ocr_line' id='line_1_3' title="bbox 3431 308 3576 375; baseline 0 -2"><span class='ocrx_word' id='word_1_5' title='bbox 3431 308 3576 375; x_wconf 75' lang='lat'><strong>1082</strong></span> 
     </span>
    </p>
   </div>
   <div class='ocr_carea' id='block_1_4' title="bbox 307 417 1895 502">
    <p class='ocr_par' dir='ltr' id='par_1_4' title="bbox 307 417 1892 495">
     <span class='ocr_line' id='line_1_4' title="bbox 307 417 1892 495; baseline 0.008 -28"><span class='ocrx_word' id='word_1_6' title='bbox 307 430 587 483; x_wconf 80' lang='grc' dir='ltr'><strong>γραπται.</strong></span> <span class='ocrx_word' id='word_1_7' title='bbox 619 417 685 469; x_wconf 82' lang='grc' dir='ltr'><strong>Οἱ</strong></span> <span class='ocrx_word' id='word_1_8' title='bbox 722 417 821 486; x_wconf 83' lang='grc' dir='ltr'><strong>μὲν</strong></span> <span class='ocrx_word' id='word_1_9' title='bbox 854 419 962 490; x_wconf 89' lang='grc' dir='ltr'><strong>γάρ</strong></span> <span class='ocrx_word' id='word_1_10' title='bbox 1004 438 1138 490; x_wconf 74' lang='grc' dir='ltr'><strong>φασι</strong></span> <span class='ocrx_word' id='word_1_11' title='bbox 1167 424 1307 475; x_wconf 76' lang='grc' dir='ltr'><strong>κατά</strong></span> <span class='ocrx_word' id='word_1_12' title='bbox 1335 424 1551 478; x_wconf 77' lang='grc' dir='ltr'><strong>Οὒννων</strong></span> <span class='ocrx_word' id='word_1_13' title='bbox 1596 428 1892 495; x_wconf 81' lang='grc' dir='ltr'><strong>ἐστρατευο</strong></span> 
     </span>
    </p>
   </div>
   <div class='ocr_carea' id='block_1_5' title="bbox 1995 417 3571 502">
    <p class='ocr_par' dir='ltr' id='par_1_5' title="bbox 1996 430 3571 502">
     <span class='ocr_line' id='line_1_5' title="bbox 1996 430 3571 502; baseline 0.004 -19"><span class='ocrx_word' id='word_1_14' title='bbox 1996 433 2139 497; x_wconf 89' lang='lat' dir='ltr'><strong>ejus,</strong></span> <span class='ocrx_word' id='word_1_15' title='bbox 2171 432 2324 486; x_wconf 91' lang='lat' dir='ltr'><strong>solus</strong></span> <span class='ocrx_word' id='word_1_16' title='bbox 2356 432 2411 486; x_wconf 90' lang='lat' dir='ltr'><strong>in</strong></span> <span class='ocrx_word' id='word_1_17' title='bbox 2442 431 2691 487; x_wconf 80' lang='lat' dir='ltr'><strong>exercitu</strong></span> <span class='ocrx_word' id='word_1_18' title='bbox 2725 430 2955 486; x_wconf 90' lang='lat' dir='ltr'><strong>relictus</strong></span> <span class='ocrx_word' id='word_1_19' title='bbox 2999 431 3303 502; x_wconf 78' lang='lat' dir='ltr'><strong>imperator</strong></span> <span class='ocrx_word' id='word_1_20' title='bbox 3328 472 3344 496; x_wconf 84' lang='lat'><strong>,</strong></span> <span class='ocrx_word' id='word_1_21' title='bbox 3384 436 3571 489; x_wconf 87' lang='lat' dir='ltr'><strong>statim</strong></span> 
     </span>
    </p>
   </div>
   <div class='ocr_carea' id='block_1_6' title="bbox 305 510 1891 590">
    <p class='ocr_par' dir='ltr' id='par_1_6' title="bbox 305 510 1891 590">
     <span class='ocr_line' id='line_1_6' title="bbox 305 510 1891 590; baseline 0.009 -29"><span class='ocrx_word' id='word_1_22' title='bbox 305 511 448 563; x_wconf 80' lang='grc' dir='ltr'><strong>κότα</strong></span> <span class='ocrx_word' id='word_1_23' title='bbox 482 510 664 563; x_wconf 81' lang='grc' dir='ltr'><strong>ἐκεῖσε</strong></span> <span class='ocrx_word' id='word_1_24' title='bbox 701 513 1091 583; x_wconf 76' lang='grc' dir='ltr'><strong>ἀναιρεθῆναι,</strong></span> <span class='ocrx_word' id='word_1_25' title='bbox 1150 516 1201 569; x_wconf 89' lang='grc' dir='ltr'><strong>οἱ</strong></span> <span class='ocrx_word' id='word_1_26' title='bbox 1248 516 1306 570; x_wconf 81' lang='grc' dir='ltr'><strong>δέ</strong></span> <span class='ocrx_word' id='word_1_27' title='bbox 1356 517 1508 588; x_wconf 76' lang='grc' dir='ltr'><strong>παρὰ</strong></span> <span class='ocrx_word' id='word_1_28' title='bbox 1544 520 1622 588; x_wconf 83' lang='grc' dir='ltr'><strong>τῷ</strong></span> <span class='ocrx_word' id='word_1_29' title='bbox 1658 519 1891 590; x_wconf 81' lang='grc' dir='ltr'><strong>ποταμῷ</strong></span> 
     </span>
    </p>
   </div>
   <div class='ocr_carea' id='block_1_7' title="bbox 307 601 1891 683">
    <p class='ocr_par' dir='ltr' id='par_1_7' title="bbox 307 601 1891 683">
     <span class='ocr_line' id='line_1_7' title="bbox 307 601 1891 683; baseline 0.013 -33"><span class='ocrx_word' id='word_1_30' title='bbox 307 603 548 673; x_wconf 75' lang='grc' dir='ltr'><strong>Τίγρητι</strong></span> <span class='ocrx_word' id='word_1_31' title='bbox 602 601 860 672; x_wconf 84' lang='grc' dir='ltr'><strong>λέγουσιν</strong></span> <span class='ocrx_word' id='word_1_32' title='bbox 900 606 1066 660; x_wconf 79' lang='grc' dir='ltr'><strong>αὑτὸν</strong></span> <span class='ocrx_word' id='word_1_33' title='bbox 1111 609 1484 679; x_wconf 67' lang='grc' dir='ltr'><strong>ἐσκηνῶσθιι,</strong></span> <span class='ocrx_word' id='word_1_34' title='bbox 1518 612 1637 664; x_wconf 85' lang='grc' dir='ltr'><strong>ἐκεῖ</strong></span> <span class='ocrx_word' id='word_1_35' title='bbox 1665 614 1757 667; x_wconf 76' lang='grc' dir='ltr'><strong>καὶ</strong></span> <span class='ocrx_word' id='word_1_36' title='bbox 1790 616 1891 683; x_wconf 79' lang='grc' dir='ltr'><strong>τῆς</strong></span> 
     </span>
    </p>
   </div>
   <div class='ocr_carea' id='block_1_8' title="bbox 308 695 1894 774">
    <p class='ocr_par' dir='ltr' id='par_1_8' title="bbox 308 695 1894 774">
     <span class='ocr_line' id='line_1_8' title="bbox 308 695 1894 774; baseline 0.005 -27"><span class='ocrx_word' id='word_1_37' title='bbox 308 695 479 747; x_wconf 71' lang='grc' dir='ltr'><strong>αὐτοῦ</strong></span> <span class='ocrx_word' id='word_1_38' title='bbox 508 696 770 765; x_wconf 68' lang='grc' dir='ltr'><strong>στρατιᾶς</strong></span> <span class='ocrx_word' id='word_1_39' title='bbox 790 695 1095 771; x_wconf 87' lang='grc' dir='ltr'><strong>βαλομένης</strong></span> <span class='ocrx_word' id='word_1_40' title='bbox 1115 701 1208 752; x_wconf 74' lang='grc' dir='ltr'><strong>τὸν</strong></span> <span class='ocrx_word' id='word_1_41' title='bbox 1225 701 1461 772; x_wconf 87' lang='grc' dir='ltr'><strong>χάρακα,</strong></span> <span class='ocrx_word' id='word_1_42' title='bbox 1494 702 1624 756; x_wconf 74' lang='grc' dir='ltr'><strong>ἔνθα</strong></span> <span class='ocrx_word' id='word_1_43' title='bbox 1642 704 1894 774; x_wconf 86' lang='grc' dir='ltr'><strong>κεραυνῷ</strong></span> 
     </span>
    </p>
   </div>
   <div class='ocr_carea' id='block_1_9' title="bbox 313 787 1894 867">
    <p class='ocr_par' dir='ltr' id='par_1_9' title="bbox 313 787 1894 867">
     <span class='ocr_line' id='line_1_9' title="bbox 313 787 1894 867; baseline 0.007 -28"><span class='ocrx_word' id='word_1_44' title='bbox 313 787 419 856; x_wconf 75' lang='grc' dir='ltr'><strong>τὴν</strong></span> <span class='ocrx_word' id='word_1_45' title='bbox 449 787 663 841; x_wconf 87' lang='grc' dir='ltr'><strong>ἐκείνου</strong></span> <span class='ocrx_word' id='word_1_46' title='bbox 695 790 902 860; x_wconf 83' lang='grc' dir='ltr'><strong>σκηνὴν</strong></span> <span class='ocrx_word' id='word_1_47' title='bbox 932 790 1217 863; x_wconf 81' lang='grc' dir='ltr'><strong>βληθῆναι,</strong></span> <span class='ocrx_word' id='word_1_48' title='bbox 1272 793 1367 846; x_wconf 74' lang='grc' dir='ltr'><strong>καὶ</strong></span> <span class='ocrx_word' id='word_1_49' title='bbox 1427 795 1894 867; x_wconf 79' lang='grc' dir='ltr'><strong>συνδιαφθαρῆναι</strong></span> 
     </span>
    </p>
   </div>
   <div class='ocr_carea' id='block_1_10' title="bbox 309 880 1894 959">
    <p class='ocr_par' dir='ltr' id='par_1_10' title="bbox 309 880 1894 959">
     <span class='ocr_line' id='line_1_10' title="bbox 309 880 1894 959; baseline 0.006 -26"><span class='ocrx_word' id='word_1_50' title='bbox 309 882 453 952; x_wconf 72' lang='grc' dir='ltr'><strong>αὐτῇ</strong></span> <span class='ocrx_word' id='word_1_51' title='bbox 482 883 740 936; x_wconf 80' lang='grc' dir='ltr'><strong>κάκεῖνον</strong></span> <span class='ocrx_word' id='word_1_52' title='bbox 774 884 1093 955; x_wconf 79' lang='grc' dir='ltr'><strong>ἱστόρησαν.</strong></span> <span class='ocrx_word' id='word_1_53' title='bbox 1125 880 1197 957; x_wconf 69' lang='grc' dir='ltr'><strong>⁷ῼ</strong></span> <span class='ocrx_word' id='word_1_54' title='bbox 1239 886 1364 940; x_wconf 82' lang='grc' dir='ltr'><strong>ἐπεὶ</strong></span> <span class='ocrx_word' id='word_1_55' title='bbox 1396 888 1455 942; x_wconf 81' lang='grc' dir='ltr'><strong>τὺ</strong></span> <span class='ocrx_word' id='word_1_56' title='bbox 1498 888 1762 959; x_wconf 82' lang='grc' dir='ltr'><strong>βιώσιμον</strong></span> <span class='ocrx_word' id='word_1_57' title='bbox 1794 889 1894 943; x_wconf 74' lang='grc' dir='ltr'><strong>εἶθ’</strong></span> 
     </span>
    </p>
   </div>
   <div class='ocr_carea' id='block_1_11' title="bbox 306 972 1895 1051">
    <p class='ocr_par' dir='ltr' id='par_1_11' title="bbox 306 972 1895 1051">
     <span class='ocr_line' id='line_1_11' title="bbox 306 972 1895 1051; baseline 0.008 -27"><span class='ocrx_word' id='word_1_58' title='bbox 306 972 493 1036; x_wconf 72' lang='grc' dir='ltr'><strong>οὕτως</strong></span> <span class='ocrx_word' id='word_1_59' title='bbox 536 973 637 1027; x_wconf 72' lang='grc' dir='ltr'><strong>εἴτ’</strong></span> <span class='ocrx_word' id='word_1_60' title='bbox 679 974 855 1038; x_wconf 77' lang='grc' dir='ltr'><strong>ἄλλως</strong></span> <span class='ocrx_word' id='word_1_61' title='bbox 893 977 1253 1045; x_wconf 87' lang='grc' dir='ltr'><strong>ἐπιλελοίπει,</strong></span> <span class='ocrx_word' id='word_1_62' title='bbox 1290 981 1670 1051; x_wconf 82' lang='grc' dir='ltr'><strong>Νουμεριανδς</strong></span> <span class='ocrx_word' id='word_1_63' title='bbox 1722 984 1750 1037; x_wconf 91' lang='grc' dir='ltr'>ὁ</span> <span class='ocrx_word' id='word_1_64' title='bbox 1778 983 1895 1045; x_wconf 78' lang='grc' dir='ltr'><strong>υἱδς</strong></span> 
     </span>
    </p>
   </div>
   <div class='ocr_carea' id='block_1_12' title="bbox 308 1061 1894 1143">
    <p class='ocr_par' dir='ltr' id='par_1_12' title="bbox 308 1061 1894 1143">
     <span class='ocr_line' id='line_1_12' title="bbox 308 1061 1894 1143; baseline 0.008 -29"><span class='ocrx_word' id='word_1_65' title='bbox 308 1061 485 1116; x_wconf 70' lang='grc' dir='ltr'><strong>αύτοῦ</strong></span> <span class='ocrx_word' id='word_1_66' title='bbox 537 1064 701 1133; x_wconf 82' lang='grc' dir='ltr'><strong>μόνος</strong></span> <span class='ocrx_word' id='word_1_67' title='bbox 760 1064 1013 1135; x_wconf 83' lang='grc' dir='ltr'><strong>βασιλεὺς</strong></span> <span class='ocrx_word' id='word_1_68' title='bbox 1043 1069 1102 1122; x_wconf 88' lang='grc' dir='ltr'><strong>ἐν</strong></span> <span class='ocrx_word' id='word_1_69' title='bbox 1137 1069 1217 1140; x_wconf 84' lang='grc' dir='ltr'><strong>τῷ</strong></span> <span class='ocrx_word' id='word_1_70' title='bbox 1260 1071 1612 1142; x_wconf 85' lang='grc' dir='ltr'><strong>στρατοπέδῳ</strong></span> <span class='ocrx_word' id='word_1_71' title='bbox 1646 1073 1894 1143; x_wconf 82' lang='grc' dir='ltr'><strong>περιελέ-</strong></span> 
     </span>
    </p>
   </div>
   <div class='ocr_carea' id='block_1_13' title="bbox 309 1155 1895 1234">
    <p class='ocr_par' dir='ltr' id='par_1_13' title="bbox 309 1155 1895 1234">
     <span class='ocr_line' id='line_1_13' title="bbox 309 1155 1895 1234; baseline 0.006 -27"><span class='ocrx_word' id='word_1_72' title='bbox 309 1155 524 1221; x_wconf 75' lang='grc' dir='ltr'><strong>λειπτο,</strong></span> <span class='ocrx_word' id='word_1_73' title='bbox 551 1156 647 1211; x_wconf 60' lang='grc' dir='ltr'><strong>καί⁸</strong></span> <span class='ocrx_word' id='word_1_74' title='bbox 675 1156 875 1212; x_wconf 80' lang='grc' dir='ltr'><strong>αὐτίκα</strong></span> <span class='ocrx_word' id='word_1_75' title='bbox 905 1158 1048 1215; x_wconf 84' lang='grc' dir='ltr'><strong>κατά</strong></span> <span class='ocrx_word' id='word_1_76' title='bbox 1070 1161 1297 1231; x_wconf 89' lang='grc' dir='ltr'><strong>Περσῶν</strong></span> <span class='ocrx_word' id='word_1_77' title='bbox 1324 1162 1751 1234; x_wconf 79' lang='grc' dir='ltr'><strong>ἐστρατεύσατο.</strong></span> <span class='ocrx_word' id='word_1_78' title='bbox 1785 1165 1895 1218; x_wconf 76' lang='grc' dir='ltr'><strong>Καὶ</strong></span> 
     </span>
    </p>
   </div>
   <div class='ocr_carea' id='block_1_14' title="bbox 313 1248 1897 1328">
    <p class='ocr_par' dir='ltr' id='par_1_14' title="bbox 313 1248 1897 1328">
     <span class='ocr_line' id='line_1_14' title="bbox 313 1248 1897 1328; baseline 0.008 -29"><span class='ocrx_word' id='word_1_79' title='bbox 313 1248 692 1320; x_wconf 73' lang='grc' dir='ltr'><strong>συρραγέντος</strong></span> <span class='ocrx_word' id='word_1_80' title='bbox 722 1250 960 1322; x_wconf 85' lang='grc' dir='ltr'><strong>πολέμου</strong></span> <span class='ocrx_word' id='word_1_81' title='bbox 997 1256 1478 1325; x_wconf 78' lang='grc' dir='ltr'><strong>ἐπικρατεστὲρων</strong></span> <span class='ocrx_word' id='word_1_82' title='bbox 1511 1274 1572 1309; x_wconf 90' lang='grc' dir='ltr'><strong>τε</strong></span> <span class='ocrx_word' id='word_1_83' title='bbox 1610 1257 1720 1310; x_wconf 87' lang='grc' dir='ltr'><strong>τῶν</strong></span> <span class='ocrx_word' id='word_1_84' title='bbox 1755 1259 1897 1328; x_wconf 85' lang='grc' dir='ltr'><strong>Περ-</strong></span> 
     </span>
    </p>
   </div>
   <div class='ocr_carea' id='block_1_15' title="bbox 311 1341 1894 1416">
    <p class='ocr_par' dir='ltr' id='par_1_15' title="bbox 311 1341 1894 1416">
     <span class='ocr_line' id='line_1_15' title="bbox 311 1341 1894 1416; baseline 0.005 -25"><span class='ocrx_word' id='word_1_85' title='bbox 311 1341 426 1392; x_wconf 85' lang='grc' dir='ltr'><strong>σῶν</strong></span> <span class='ocrx_word' id='word_1_86' title='bbox 459 1342 786 1409; x_wconf 83' lang='grc' dir='ltr'><strong>γεγονότων,</strong></span> <span class='ocrx_word' id='word_1_87' title='bbox 838 1344 932 1396; x_wconf 78' lang='grc' dir='ltr'><strong>καὶ</strong></span> <span class='ocrx_word' id='word_1_88' title='bbox 962 1343 1262 1399; x_wconf 69' lang='grc' dir='ltr'><strong>κυλινάντων</strong></span> <span class='ocrx_word' id='word_1_89' title='bbox 1300 1345 1448 1400; x_wconf 87' lang='grc' dir='ltr'><strong>νῶτα</strong></span> <span class='ocrx_word' id='word_1_90' title='bbox 1493 1345 1810 1416; x_wconf 84' lang='grc' dir='ltr'><strong>Ῥωμαίων,</strong></span> <span class='ocrx_word' id='word_1_91' title='bbox 1843 1347 1894 1399; x_wconf 79' lang='grc' dir='ltr'><strong>οἱ</strong></span> 
     </span>
    </p>
   </div>
   <div class='ocr_carea' id='block_1_16' title="bbox 314 1432 1898 1508">
    <p class='ocr_par' dir='ltr' id='par_1_16' title="bbox 314 1432 1898 1508">
     <span class='ocr_line' id='line_1_16' title="bbox 314 1432 1898 1508; baseline 0.005 -24"><span class='ocrx_word' id='word_1_92' title='bbox 314 1432 421 1502; x_wconf 79' lang='grc' dir='ltr'><strong>μὲν</strong></span> <span class='ocrx_word' id='word_1_93' title='bbox 454 1432 620 1487; x_wconf 76' lang='grc' dir='ltr'><strong>αὑτὸν</strong></span> <span class='ocrx_word' id='word_1_94' title='bbox 642 1433 701 1486; x_wconf 79' lang='grc' dir='ltr'><strong>ἐν</strong></span> <span class='ocrx_word' id='word_1_95' title='bbox 728 1436 795 1505; x_wconf 79' lang='grc' dir='ltr'><strong>τῇ</strong></span> <span class='ocrx_word' id='word_1_96' title='bbox 831 1438 979 1505; x_wconf 75' lang='grc' dir='ltr'><strong>φυιγῇ</strong></span> <span class='ocrx_word' id='word_1_97' title='bbox 1032 1436 1408 1507; x_wconf 79' lang='grc' dir='ltr'><strong>συλληφθῆναι</strong></span> <span class='ocrx_word' id='word_1_98' title='bbox 1450 1438 1769 1508; x_wconf 84' lang='grc' dir='ltr'><strong>ἱστόρησαν,</strong></span> <span class='ocrx_word' id='word_1_99' title='bbox 1803 1438 1898 1493; x_wconf 72' lang='grc' dir='ltr'><strong>καὶ</strong></span> 
     </span>
    </p>
   </div>
   <div class='ocr_carea' id='block_1_17' title="bbox 309 1523 1896 1601">
    <p class='ocr_par' dir='ltr' id='par_1_17' title="bbox 309 1523 1896 1601">
     <span class='ocr_line' id='line_1_17' title="bbox 309 1523 1896 1601; baseline 0.004 -23"><span class='ocrx_word' id='word_1_100' title='bbox 309 1524 441 1578; x_wconf 84' lang='grc' dir='ltr'><strong>ὅλου</strong></span> <span class='ocrx_word' id='word_1_101' title='bbox 489 1523 587 1578; x_wconf 84' lang='grc' dir='ltr'><strong>τοῦ</strong></span> <span class='ocrx_word' id='word_1_102' title='bbox 650 1525 903 1596; x_wconf 85' lang='grc' dir='ltr'><strong>σώματος</strong></span> <span class='ocrx_word' id='word_1_103' title='bbox 961 1528 1060 1598; x_wconf 80' lang='grc' dir='ltr'><strong>τὴν</strong></span> <span class='ocrx_word' id='word_1_104' title='bbox 1123 1530 1287 1600; x_wconf 69' lang='grc' dir='ltr'><strong>δορὰν</strong></span> <span class='ocrx_word' id='word_1_105' title='bbox 1338 1530 1685 1601; x_wconf 82' lang='grc' dir='ltr'><strong>ἀποσυρῆναι</strong></span> <span class='ocrx_word' id='word_1_106' title='bbox 1739 1530 1896 1601; x_wconf 89' lang='grc' dir='ltr'><strong>δίκην</strong></span> 
     </span>
    </p>
   </div>
   <div class='ocr_carea' id='block_1_18' title="bbox 308 1615 1896 1693">
    <p class='ocr_par' dir='ltr' id='par_1_18' title="bbox 308 1615 1896 1693">
     <span class='ocr_line' id='line_1_18' title="bbox 308 1615 1896 1693; baseline 0.005 -25"><span class='ocrx_word' id='word_1_107' title='bbox 308 1615 508 1679; x_wconf 79' lang='grc' dir='ltr'><strong>ἀσκοῦ,</strong></span> <span class='ocrx_word' id='word_1_108' title='bbox 563 1615 660 1670; x_wconf 84' lang='grc' dir='ltr'><strong>καὶ</strong></span> <span class='ocrx_word' id='word_1_109' title='bbox 707 1616 850 1670; x_wconf 79' lang='grc' dir='ltr'><strong>οὕτω</strong></span> <span class='ocrx_word' id='word_1_110' title='bbox 897 1617 1265 1690; x_wconf 81' lang='grc' dir='ltr'><strong>διαφθαρῆναι</strong></span> <span class='ocrx_word' id='word_1_111' title='bbox 1298 1635 1316 1656; x_wconf 77' lang='grc' dir='ltr'><strong><em>ο</em></strong></span> <span class='ocrx_word' id='word_1_112' title='bbox 1360 1623 1411 1674; x_wconf 83' lang='grc' dir='ltr'><strong>οἱ</strong></span> <span class='ocrx_word' id='word_1_113' title='bbox 1444 1621 1502 1674; x_wconf 66' lang='grc' dir='ltr'><strong>δὲ</strong></span> <span class='ocrx_word' id='word_1_114' title='bbox 1546 1622 1611 1675; x_wconf 83' lang='grc' dir='ltr'><strong>ἐκ</strong></span> <span class='ocrx_word' id='word_1_115' title='bbox 1637 1622 1896 1693; x_wconf 85' lang='grc' dir='ltr'><strong>Περσίδος</strong></span> 
     </span>
    </p>
   </div>
   <div class='ocr_carea' id='block_1_19' title="bbox 307 1709 1896 1785">
    <p class='ocr_par' dir='ltr' id='par_1_19' title="bbox 307 1709 1896 1785">
     <span class='ocr_line' id='line_1_19' title="bbox 307 1709 1896 1785; baseline 0.003 -22"><span class='ocrx_word' id='word_1_116' title='bbox 307 1709 476 1764; x_wconf 83' lang='grc' dir='ltr'><strong>αὐτὸν</strong></span> <span class='ocrx_word' id='word_1_117' title='bbox 502 1710 797 1764; x_wconf 83' lang='grc' dir='ltr'><strong>ἐπανιόντα</strong></span> <span class='ocrx_word' id='word_1_118' title='bbox 826 1710 1105 1785; x_wconf 75' lang='grc' dir='ltr'><strong>ὀφθαλμία</strong></span> <span class='ocrx_word' id='word_1_119' title='bbox 1127 1717 1446 1783; x_wconf 79' lang='grc' dir='ltr'><strong>περιπεσεῖν</strong></span> <span class='ocrx_word' id='word_1_120' title='bbox 1466 1714 1896 1785; x_wconf 76' lang='grc' dir='ltr'><strong>συνεγράψαντο,</strong></span> 
     </span>
    </p>
   </div>
   <div class='ocr_carea' id='block_1_20' title="bbox 307 1801 1893 1877">
    <p class='ocr_par' dir='ltr' id='par_1_20' title="bbox 307 1801 1893 1877">
     <span class='ocr_line' id='line_1_20' title="bbox 307 1801 1893 1877; baseline 0.003 -22"><span class='ocrx_word' id='word_1_121' title='bbox 307 1802 412 1855; x_wconf 74' lang='grc' dir='ltr'><strong>καὶ</strong></span> <span class='ocrx_word' id='word_1_122' title='bbox 465 1803 619 1873; x_wconf 75' lang='grc' dir='ltr'><strong>παρὰ</strong></span> <span class='ocrx_word' id='word_1_123' title='bbox 668 1801 766 1855; x_wconf 85' lang='grc' dir='ltr'><strong>τοῦ</strong></span> <span class='ocrx_word' id='word_1_124' title='bbox 817 1803 1023 1859; x_wconf 79' lang='grc' dir='ltr'><strong>οἰκείου</strong></span> <span class='ocrx_word' id='word_1_125' title='bbox 1086 1804 1353 1876; x_wconf 80' lang='grc' dir='ltr'><strong>πενθεροῦ</strong></span> <span class='ocrx_word' id='word_1_126' title='bbox 1411 1806 1741 1877; x_wconf 88' lang='grc' dir='ltr'><strong>ἐπάρχοντος</strong></span> <span class='ocrx_word' id='word_1_127' title='bbox 1800 1805 1893 1859; x_wconf 83' lang='grc' dir='ltr'><strong>τοῦ</strong></span> 
     </span>
    </p>
   </div>
   <div class='ocr_carea' id='block_1_21' title="bbox 311 1894 1895 1969">
    <p class='ocr_par' dir='ltr' id='par_1_21' title="bbox 311 1894 1895 1969">
     <span class='ocr_line' id='line_1_21' title="bbox 311 1894 1895 1969; baseline 0.005 -25"><span class='ocrx_word' id='word_1_128' title='bbox 311 1895 691 1964; x_wconf 82' lang='grc' dir='ltr'><strong>στρατοπέδου</strong></span> <span class='ocrx_word' id='word_1_129' title='bbox 737 1894 1136 1964; x_wconf 81' lang='grc' dir='ltr'><strong>ἀναιρεθῆναι,</strong></span> <span class='ocrx_word' id='word_1_130' title='bbox 1181 1899 1248 1969; x_wconf 78' lang='grc' dir='ltr'><strong>τῇ</strong></span> <span class='ocrx_word' id='word_1_131' title='bbox 1305 1897 1582 1969; x_wconf 78' lang='grc' dir='ltr'><strong>αύταρχίᾳ</strong></span> <span class='ocrx_word' id='word_1_132' title='bbox 1617 1897 1895 1967; x_wconf 77' lang='grc' dir='ltr'><strong>ἐποφθαλ-</strong></span> 
     </span>
    </p>
   </div>
   <div class='ocr_carea' id='block_1_22' title="bbox 311 1989 1895 2064">
    <p class='ocr_par' dir='ltr' id='par_1_22' title="bbox 311 1989 1895 2064">
     <span class='ocr_line' id='line_1_22' title="bbox 311 1989 1895 2064; baseline 0.001 -20"><span class='ocrx_word' id='word_1_133' title='bbox 311 1993 640 2061; x_wconf 78' lang='grc' dir='ltr'><strong>μιάσαντος,</strong></span> <span class='ocrx_word' id='word_1_134' title='bbox 675 1989 751 2062; x_wconf 77' lang='grc' dir='ltr'><strong>μὴ</strong></span> <span class='ocrx_word' id='word_1_135' title='bbox 813 1991 1000 2060; x_wconf 88' lang='grc' dir='ltr'><strong>μέντοι</strong></span> <span class='ocrx_word' id='word_1_136' title='bbox 1027 1992 1124 2046; x_wconf 73' lang='grc' dir='ltr'><strong>καὶ</strong></span> <span class='ocrx_word' id='word_1_137' title='bbox 1156 1993 1416 2063; x_wconf 79' lang='grc' dir='ltr'><strong>τυχόντος</strong></span> <span class='ocrx_word' id='word_1_138' title='bbox 1456 1991 1650 2062; x_wconf 82' lang='grc' dir='ltr'><strong>αὐτῆς.</strong></span> <span class='ocrx_word' id='word_1_139' title='bbox 1685 1991 1752 2045; x_wconf 83' lang='grc' dir='ltr'><strong>Ἦ</strong></span> <span class='ocrx_word' id='word_1_140' title='bbox 1786 1991 1895 2064; x_wconf 85' lang='grc' dir='ltr'><strong>γὰρ</strong></span> 
     </span>
    </p>
   </div>
   <div class='ocr_carea' id='block_1_23' title="bbox 310 2083 1898 2156">
    <p class='ocr_par' dir='ltr' id='par_1_23' title="bbox 310 2083 1898 2156">
     <span class='ocr_line' id='line_1_23' title="bbox 310 2083 1898 2156; baseline 0 -19"><span class='ocrx_word' id='word_1_141' title='bbox 310 2084 551 2153; x_wconf 83' lang='grc' dir='ltr'><strong>στρατιὰ</strong></span> <span class='ocrx_word' id='word_1_142' title='bbox 574 2083 667 2136; x_wconf 79' lang='grc' dir='ltr'><strong>τὸν</strong></span> <span class='ocrx_word' id='word_1_143' title='bbox 693 2084 1084 2156; x_wconf 83' lang='grc' dir='ltr'><strong>Διοκλητιανδν</strong></span> <span class='ocrx_word' id='word_1_144' title='bbox 1117 2084 1503 2156; x_wconf 82' lang='grc' dir='ltr'><strong>αὐτοκράτορα</strong></span> <span class='ocrx_word' id='word_1_145' title='bbox 1545 2084 1744 2148; x_wconf 86' lang='grc' dir='ltr'><strong>εἵλετο,</strong></span> <span class='ocrx_word' id='word_1_146' title='bbox 1779 2086 1898 2137; x_wconf 78' lang='grc' dir='ltr'><strong>ἐκεῖ</strong></span> 
     </span>
    </p>
   </div>
   <div class='ocr_carea' id='block_1_24' title="bbox 309 2176 1896 2250">
    <p class='ocr_par' dir='ltr' id='par_1_24' title="bbox 309 2176 1896 2250">
     <span class='ocr_line' id='line_1_24' title="bbox 309 2176 1896 2250; baseline 0.002 -23"><span class='ocrx_word' id='word_1_147' title='bbox 309 2176 439 2229; x_wconf 84' lang='grc' dir='ltr'><strong>τότε</strong></span> <span class='ocrx_word' id='word_1_148' title='bbox 473 2176 741 2247; x_wconf 87' lang='grc' dir='ltr'><strong>παρόντα,</strong></span> <span class='ocrx_word' id='word_1_149' title='bbox 774 2179 869 2231; x_wconf 88' lang='grc' dir='ltr'><strong>καί</strong></span> <span class='ocrx_word' id='word_1_150' title='bbox 898 2177 1151 2248; x_wconf 77' lang='grc' dir='ltr'><strong>ἀνδρείας</strong></span> <span class='ocrx_word' id='word_1_151' title='bbox 1183 2177 1323 2247; x_wconf 74' lang='grc' dir='ltr'><strong>ἔργα</strong></span> <span class='ocrx_word' id='word_1_152' title='bbox 1356 2178 1528 2232; x_wconf 82' lang='grc' dir='ltr'><strong>πολλὰ</strong></span> <span class='ocrx_word' id='word_1_153' title='bbox 1558 2179 1616 2231; x_wconf 91' lang='grc' dir='ltr'><strong>ἐν</strong></span> <span class='ocrx_word' id='word_1_154' title='bbox 1645 2178 1723 2250; x_wconf 82' lang='grc' dir='ltr'><strong>τῷ</strong></span> <span class='ocrx_word' id='word_1_155' title='bbox 1754 2179 1896 2231; x_wconf 82' lang='grc' dir='ltr'><strong>κατὰ</strong></span> 
     </span>
    </p>
   </div>
   <div class='ocr_carea' id='block_1_25' title="bbox 311 2264 1896 2338">
    <p class='ocr_par' dir='ltr' id='par_1_25' title="bbox 311 2264 1896 2338">
     <span class='ocr_line' id='line_1_25' title="bbox 311 2264 1896 2338; baseline 0.001 -18"><span class='ocrx_word' id='word_1_156' title='bbox 311 2264 544 2335; x_wconf 81' lang='grc' dir='ltr'><strong>Περσῶν</strong></span> <span class='ocrx_word' id='word_1_157' title='bbox 584 2264 809 2336; x_wconf 85' lang='grc' dir='ltr'><strong>πολέμῳ</strong></span> <span class='ocrx_word' id='word_1_158' title='bbox 827 2267 1262 2337; x_wconf 83' lang='grc' dir='ltr'><strong>ἐπιδειξάμενον.</strong></span> <span class='ocrx_word' id='word_1_159' title='bbox 1295 2266 1539 2338; x_wconf 85' lang='grc' dir='ltr'><strong>Θάτερος</strong></span> <span class='ocrx_word' id='word_1_160' title='bbox 1575 2270 1761 2338; x_wconf 84' lang='grc' dir='ltr'><strong>μέντοι</strong></span> <span class='ocrx_word' id='word_1_161' title='bbox 1786 2267 1896 2321; x_wconf 88' lang='grc' dir='ltr'><strong>τῶν</strong></span> 
     </span>
    </p>
   </div>
   <div class='ocr_carea' id='block_1_26' title="bbox 308 2359 1896 2433">
    <p class='ocr_par' dir='ltr' id='par_1_26' title="bbox 308 2359 1896 2433">
     <span class='ocr_line' id='line_1_26' title="bbox 308 2359 1896 2433; baseline 0.002 -21"><span class='ocrx_word' id='word_1_162' title='bbox 308 2361 506 2428; x_wconf 80' lang='grc' dir='ltr'><strong>Κάρου</strong></span> <span class='ocrx_word' id='word_1_163' title='bbox 541 2359 676 2412; x_wconf 84' lang='grc' dir='ltr'><strong>υἱῶν</strong></span> <span class='ocrx_word' id='word_1_164' title='bbox 701 2362 730 2414; x_wconf 86' lang='grc' dir='ltr'><strong>ό</strong></span> <span class='ocrx_word' id='word_1_165' title='bbox 760 2362 1002 2431; x_wconf 83' lang='grc' dir='ltr'><strong>Καρῖνος</strong></span> <span class='ocrx_word' id='word_1_166' title='bbox 1030 2361 1110 2425; x_wconf 83' lang='grc' dir='ltr'><strong>είς</strong></span> <span class='ocrx_word' id='word_1_167' title='bbox 1152 2359 1375 2431; x_wconf 84' lang='grc' dir='ltr'><strong>Ῥώμην</strong></span> <span class='ocrx_word' id='word_1_168' title='bbox 1409 2360 1632 2428; x_wconf 80' lang='grc' dir='ltr'><strong>διάγων,</strong></span> <span class='ocrx_word' id='word_1_169' title='bbox 1661 2361 1896 2433; x_wconf 69' lang='grc' dir='ltr'><strong>χαλεπὸς</strong></span> 
     </span>
    </p>
   </div>
   <div class='ocr_carea' id='block_1_27' title="bbox 310 2451 1895 2525">
    <p class='ocr_par' dir='ltr' id='par_1_27' title="bbox 310 2451 1895 2525">
     <span class='ocr_line' id='line_1_27' title="bbox 310 2451 1895 2525; baseline 0.004 -23"><span class='ocrx_word' id='word_1_170' title='bbox 310 2454 429 2515; x_wconf 86' lang='grc' dir='ltr'><strong>τοῖς</strong></span> <span class='ocrx_word' id='word_1_171' title='bbox 469 2451 771 2522; x_wconf 84' lang='grc' dir='ltr'><strong>Ῥωμαίοις</strong></span> <span class='ocrx_word' id='word_1_172' title='bbox 827 2452 1147 2525; x_wconf 82' lang='grc' dir='ltr'><strong>ἐτύγχανεν,</strong></span> <span class='ocrx_word' id='word_1_173' title='bbox 1191 2454 1429 2524; x_wconf 81' lang='grc' dir='ltr'><strong>ἀσελγὴς</strong></span> <span class='ocrx_word' id='word_1_174' title='bbox 1453 2454 1770 2525; x_wconf 87' lang='grc' dir='ltr'><strong>γενόμενος,</strong></span> <span class='ocrx_word' id='word_1_175' title='bbox 1800 2455 1895 2508; x_wconf 80' lang='grc' dir='ltr'><strong>καὶ</strong></span> 
     </span>
    </p>
   </div>
   <div class='ocr_carea' id='block_1_28' title="bbox 309 2544 1893 2618">
    <p class='ocr_par' dir='ltr' id='par_1_28' title="bbox 309 2544 1893 2618">
     <span class='ocr_line' id='line_1_28' title="bbox 309 2544 1893 2618; baseline 0.002 -21"><span class='ocrx_word' id='word_1_176' title='bbox 309 2544 488 2610; x_wconf 69' lang='grc' dir='ltr'><strong>ὦμος,</strong></span> <span class='ocrx_word' id='word_1_177' title='bbox 521 2545 617 2598; x_wconf 84' lang='grc' dir='ltr'><strong>καὶ</strong></span> <span class='ocrx_word' id='word_1_178' title='bbox 674 2545 1040 2616; x_wconf 84' lang='grc' dir='ltr'><strong>μνησίκακος.</strong></span> <span class='ocrx_word' id='word_1_179' title='bbox 1078 2547 1177 2610; x_wconf 84' lang='grc' dir='ltr'><strong>’ος</strong></span> <span class='ocrx_word' id='word_1_180' title='bbox 1221 2546 1328 2601; x_wconf 84' lang='grc' dir='ltr'><strong>ὑπὸ</strong></span> <span class='ocrx_word' id='word_1_181' title='bbox 1365 2546 1758 2618; x_wconf 85' lang='grc' dir='ltr'><strong>Διοκλητιανοῦ</strong></span> <span class='ocrx_word' id='word_1_182' title='bbox 1812 2548 1893 2611; x_wconf 81' lang='grc' dir='ltr'><strong>είς</strong></span> 
     </span>
    </p>
   </div>
   <div class='ocr_carea' id='block_1_29' title="bbox 321 2633 1895 2709">
    <p class='ocr_par' dir='ltr' id='par_1_29' title="bbox 321 2633 1895 2709">
     <span class='ocr_line' id='line_1_29' title="bbox 321 2633 1895 2709; baseline 0.004 -22"><span class='ocrx_word' id='word_1_183' title='bbox 321 2633 549 2706; x_wconf 81' lang='grc' dir='ltr'><strong>Ῥώμην</strong></span> <span class='ocrx_word' id='word_1_184' title='bbox 581 2637 1030 2708; x_wconf 84' lang='grc' dir='ltr'><strong>ἐπιδημήσαντος</strong></span> <span class='ocrx_word' id='word_1_185' title='bbox 1062 2639 1355 2709; x_wconf 84' lang='grc' dir='ltr'><strong>διεφθάρη.</strong></span> <span class='ocrx_word' id='word_1_186' title='bbox 1388 2641 1449 2692; x_wconf 87' lang='lat'><strong>&#39;0</strong></span> <span class='ocrx_word' id='word_1_187' title='bbox 1478 2639 1535 2692; x_wconf 89' lang='grc' dir='ltr'><strong>δέ</strong></span> <span class='ocrx_word' id='word_1_188' title='bbox 1556 2641 1657 2709; x_wconf 77' lang='grc' dir='ltr'><strong>τῆς</strong></span> <span class='ocrx_word' id='word_1_189' title='bbox 1686 2639 1895 2694; x_wconf 88' lang='grc' dir='ltr'><strong>τούτων</strong></span> 
     </span>
    </p>
   </div>
   <div class='ocr_carea' id='block_1_30' title="bbox 305 2727 1896 2803">
    <p class='ocr_par' dir='ltr' id='par_1_30' title="bbox 305 2727 1896 2803">
     <span class='ocr_line' id='line_1_30' title="bbox 305 2727 1896 2803; baseline 0.002 -24"><span class='ocrx_word' id='word_1_190' title='bbox 305 2727 490 2796; x_wconf 78' lang='grc' dir='ltr'><strong>ἀρχῆς</strong></span> <span class='ocrx_word' id='word_1_191' title='bbox 514 2727 703 2797; x_wconf 81' lang='grc' dir='ltr'><strong>χρόνος</strong></span> <span class='ocrx_word' id='word_1_192' title='bbox 734 2729 797 2781; x_wconf 85' lang='grc' dir='ltr'><strong>οὐ</strong></span> <span class='ocrx_word' id='word_1_193' title='bbox 833 2730 1027 2798; x_wconf 83' lang='grc' dir='ltr'><strong>γέγονε</strong></span> <span class='ocrx_word' id='word_1_194' title='bbox 1062 2730 1185 2784; x_wconf 79' lang='grc' dir='ltr'><strong>καθ’</strong></span> <span class='ocrx_word' id='word_1_195' title='bbox 1225 2731 1523 2803; x_wconf 84' lang='grc' dir='ltr'><strong>ὀλόκληρον</strong></span> <span class='ocrx_word' id='word_1_196' title='bbox 1548 2732 1788 2803; x_wconf 87' lang='grc' dir='ltr'><strong>τριετής.</strong></span> <span class='ocrx_word' id='word_1_197' title='bbox 1807 2730 1896 2782; x_wconf 83' lang='grc' dir='ltr'><strong>Ἐν</strong></span> 
     </span>
    </p>
   </div>
   <div class='ocr_carea' id='block_1_31' title="bbox 304 2817 1897 2895">
    <p class='ocr_par' dir='ltr' id='par_1_31' title="bbox 304 2817 1897 2895">
     <span class='ocr_line' id='line_1_31' title="bbox 304 2817 1897 2895; baseline 0.003 -24"><span class='ocrx_word' id='word_1_198' title='bbox 304 2817 527 2881; x_wconf 81' lang='grc' dir='ltr'><strong>τούτοις</strong></span> <span class='ocrx_word' id='word_1_199' title='bbox 553 2820 666 2882; x_wconf 84' lang='grc' dir='ltr'><strong>τοῖς</strong></span> <span class='ocrx_word' id='word_1_200' title='bbox 695 2820 911 2891; x_wconf 84' lang='grc' dir='ltr'><strong>χρόνοις</strong></span> <span class='ocrx_word' id='word_1_201' title='bbox 942 2822 1137 2890; x_wconf 88' lang='grc' dir='ltr'><strong>Μάνης</strong></span> <span class='ocrx_word' id='word_1_202' title='bbox 1168 2824 1196 2876; x_wconf 88' lang='grc' dir='ltr'>ὁ</span> <span class='ocrx_word' id='word_1_203' title='bbox 1236 2825 1675 2895; x_wconf 80' lang='grc' dir='ltr'><strong>τρισκατάρατος</strong></span> <span class='ocrx_word' id='word_1_204' title='bbox 1701 2826 1764 2878; x_wconf 90' lang='grc' dir='ltr'><strong>ἐκ</strong></span> <span class='ocrx_word' id='word_1_205' title='bbox 1788 2824 1897 2876; x_wconf 88' lang='grc' dir='ltr'><strong>τῶν</strong></span> 
     </span>
    </p>
   </div>
   <div class='ocr_carea' id='block_1_32' title="bbox 306 2910 1897 2989">
    <p class='ocr_par' dir='ltr' id='par_1_32' title="bbox 306 2910 1897 2989">
     <span class='ocr_line' id='line_1_32' title="bbox 306 2910 1897 2989; baseline 0.004 -24"><span class='ocrx_word' id='word_1_206' title='bbox 306 2910 546 2982; x_wconf 88' lang='grc' dir='ltr'><strong>Περσῶν</strong></span> <span class='ocrx_word' id='word_1_207' title='bbox 575 2912 653 2975; x_wconf 86' lang='grc' dir='ltr'><strong>είς</strong></span> <span class='ocrx_word' id='word_1_208' title='bbox 679 2912 777 2981; x_wconf 84' lang='grc' dir='ltr'><strong>τὴν</strong></span> <span class='ocrx_word' id='word_1_209' title='bbox 806 2913 929 2967; x_wconf 78' lang='grc' dir='ltr'><strong>καθ’</strong></span> <span class='ocrx_word' id='word_1_210' title='bbox 975 2916 1125 2986; x_wconf 80' lang='grc' dir='ltr'><strong>ἡμᾶς</strong></span> <span class='ocrx_word' id='word_1_211' title='bbox 1176 2914 1507 2989; x_wconf 68' lang='grc' dir='ltr'><strong>οἰκουμένην</strong></span> <span class='ocrx_word' id='word_1_212' title='bbox 1552 2917 1897 2988; x_wconf 58' lang='grc' dir='ltr'><strong>παρεισεφθα-</strong></span> 
     </span>
    </p>
   </div>
   <div class='ocr_carea' id='block_1_33' title="bbox 308 3002 1895 3080">
    <p class='ocr_par' dir='ltr' id='par_1_33' title="bbox 308 3002 1895 3080">
     <span class='ocr_line' id='line_1_33' title="bbox 308 3002 1895 3080; baseline 0.006 -25"><span class='ocrx_word' id='word_1_213' title='bbox 308 3006 452 3076; x_wconf 80' lang='grc' dir='ltr'><strong>ρείς,</strong></span> <span class='ocrx_word' id='word_1_214' title='bbox 479 3005 538 3056; x_wconf 91' lang='grc' dir='ltr'><strong>ἐν</strong></span> <span class='ocrx_word' id='word_1_215' title='bbox 573 3004 748 3076; x_wconf 73' lang='grc' dir='ltr'><strong>ταύτῃ</strong></span> <span class='ocrx_word' id='word_1_216' title='bbox 799 3007 891 3058; x_wconf 80' lang='grc' dir='ltr'><strong>τὸν</strong></span> <span class='ocrx_word' id='word_1_217' title='bbox 933 3009 1135 3059; x_wconf 80' lang='grc' dir='ltr'><strong>οἰκεῖον</strong></span> <span class='ocrx_word' id='word_1_218' title='bbox 1171 3008 1249 3061; x_wconf 82' lang='grc' dir='ltr'><strong>ίδν</strong></span> <span class='ocrx_word' id='word_1_219' title='bbox 1282 3008 1575 3079; x_wconf 81' lang='grc' dir='ltr'><strong>ἐξήμεσεν,</strong></span> <span class='ocrx_word' id='word_1_220' title='bbox 1622 3011 1717 3080; x_wconf 82' lang='grc' dir='ltr'><strong>ἀφ’</strong></span> <span class='ocrx_word' id='word_1_221' title='bbox 1741 3002 1803 3063; x_wconf 81' lang='grc' dir='ltr'><strong>οὗ</strong></span> <span class='ocrx_word' id='word_1_222' title='bbox 1835 3011 1895 3065; x_wconf 86' lang='grc' dir='ltr'><strong>τὸ</strong></span> 
     </span>
    </p>
   </div>
   <div class='ocr_carea' id='block_1_34' title="bbox 304 3096 1965 3188">
    <p class='ocr_par' dir='ltr' id='par_1_34' title="bbox 304 3096 1965 3188">
     <span class='ocr_line' id='line_1_34' title="bbox 304 3096 1965 3188; baseline 0.005 -38"><span class='ocrx_word' id='word_1_223' title='bbox 304 3097 420 3150; x_wconf 83' lang='grc' dir='ltr'><strong>τῶν</strong></span> <span class='ocrx_word' id='word_1_224' title='bbox 451 3096 770 3165; x_wconf 77' lang='grc' dir='ltr'><strong>Μανιχαίων</strong></span> <span class='ocrx_word' id='word_1_225' title='bbox 805 3098 975 3169; x_wconf 77' lang='grc' dir='ltr'><strong>ὄνομα</strong></span> <span class='ocrx_word' id='word_1_226' title='bbox 1024 3099 1188 3170; x_wconf 82' lang='grc' dir='ltr'><strong>μέχρι</strong></span> <span class='ocrx_word' id='word_1_227' title='bbox 1221 3102 1316 3154; x_wconf 81' lang='grc' dir='ltr'><strong>τοῦ</strong></span> <span class='ocrx_word' id='word_1_228' title='bbox 1341 3102 1437 3155; x_wconf 77' lang='grc' dir='ltr'><strong>νῦν</strong></span> <span class='ocrx_word' id='word_1_229' title='bbox 1466 3105 1565 3157; x_wconf 88' lang='grc' dir='ltr'><strong>ούκ</strong></span> <span class='ocrx_word' id='word_1_230' title='bbox 1598 3104 1893 3157; x_wconf 82' lang='grc' dir='ltr'><strong>ἐπέλιπεν·</strong></span> <span class='ocrx_word' id='word_1_231' title='bbox 1923 3129 1965 3188; x_wconf 75' lang='lat' dir='ltr'>c</span> 
     </span>
    </p>
   </div>
   <div class='ocr_carea' id='block_1_35' title="bbox 303 3188 1896 3266">
    <p class='ocr_par' dir='ltr' id='par_1_35' title="bbox 303 3188 1896 3266">
     <span class='ocr_line' id='line_1_35' title="bbox 303 3188 1896 3266; baseline 0.006 -27"><span class='ocrx_word' id='word_1_232' title='bbox 303 3188 367 3251; x_wconf 87' lang='grc' dir='ltr'><strong>δς</strong></span> <span class='ocrx_word' id='word_1_233' title='bbox 400 3188 533 3241; x_wconf 89' lang='grc' dir='ltr'><strong>ποτέ</strong></span> <span class='ocrx_word' id='word_1_234' title='bbox 585 3190 686 3258; x_wconf 78' lang='grc' dir='ltr'><strong>μὲν</strong></span> <span class='ocrx_word' id='word_1_235' title='bbox 735 3190 1093 3261; x_wconf 88' lang='grc' dir='ltr'><strong>Παράκλητον</strong></span> <span class='ocrx_word' id='word_1_236' title='bbox 1144 3192 1339 3245; x_wconf 83' lang='grc' dir='ltr'><strong>ἑαυτὸν</strong></span> <span class='ocrx_word' id='word_1_237' title='bbox 1377 3195 1473 3248; x_wconf 79' lang='grc' dir='ltr'><strong>καὶ</strong></span> <span class='ocrx_word' id='word_1_238' title='bbox 1504 3194 1729 3266; x_wconf 83' lang='grc' dir='ltr'><strong>Πνεῦμα</strong></span> <span class='ocrx_word' id='word_1_239' title='bbox 1758 3196 1896 3250; x_wconf 85' lang='grc' dir='ltr'><strong>ὠνό-</strong></span> 
     </span>
    </p>
   </div>
   <div class='ocr_carea' id='block_1_36' title="bbox 309 3276 1897 3360">
    <p class='ocr_par' dir='ltr' id='par_1_36' title="bbox 309 3276 1897 3360">
     <span class='ocr_line' id='line_1_36' title="bbox 309 3276 1897 3360; baseline 0.005 -27"><span class='ocrx_word' id='word_1_240' title='bbox 309 3281 458 3352; x_wconf 77' lang='grc' dir='ltr'><strong>μαζε</strong></span> <span class='ocrx_word' id='word_1_241' title='bbox 491 3281 668 3350; x_wconf 74' lang='grc' dir='ltr'><strong>ἅγιον,</strong></span> <span class='ocrx_word' id='word_1_242' title='bbox 776 3285 836 3336; x_wconf 79' lang='grc' dir='ltr'><strong>τὸ</strong></span> <span class='ocrx_word' id='word_1_243' title='bbox 884 3285 986 3352; x_wconf 83' lang='grc' dir='ltr'><strong>τῆς</strong></span> <span class='ocrx_word' id='word_1_244' title='bbox 1024 3286 1290 3356; x_wconf 74' lang='grc' dir='ltr'><strong>πονηρίας</strong></span> <span class='ocrx_word' id='word_1_245' title='bbox 1339 3287 1558 3359; x_wconf 73' lang='grc' dir='ltr'><strong>πνεῦμα</strong></span> <span class='ocrx_word' id='word_1_246' title='bbox 1601 3288 1897 3360; x_wconf 82' lang='grc' dir='ltr'><strong>προφανῶς</strong></span> 
     </span>
    </p>
   </div>
   <div class='ocr_carea' id='block_1_37' title="bbox 307 3372 1898 3449">
    <p class='ocr_par' dir='ltr' id='par_1_37' title="bbox 307 3372 1898 3449">
     <span class='ocr_line' id='line_1_37' title="bbox 307 3372 1898 3449; baseline 0.006 -23"><span class='ocrx_word' id='word_1_247' title='bbox 307 3372 692 3443; x_wconf 80' lang='grc' dir='ltr'><strong>ἐγκατῴκιστο</strong></span> <span class='ocrx_word' id='word_1_248' title='bbox 712 3391 728 3407; x_wconf 77' lang='grc' dir='ltr'><strong>ο</strong></span> <span class='ocrx_word' id='word_1_249' title='bbox 762 3377 895 3429; x_wconf 87' lang='grc' dir='ltr'><strong>ποτὲ</strong></span> <span class='ocrx_word' id='word_1_250' title='bbox 925 3377 979 3430; x_wconf 86' lang='grc' dir='ltr'><strong>δέ</strong></span> <span class='ocrx_word' id='word_1_251' title='bbox 1004 3378 1242 3448; x_wconf 76' lang='grc' dir='ltr'><strong>Χριστὸν</strong></span> <span class='ocrx_word' id='word_1_252' title='bbox 1272 3380 1468 3434; x_wconf 74' lang='grc' dir='ltr'><strong>ἐαυτὸν</strong></span> <span class='ocrx_word' id='word_1_253' title='bbox 1500 3381 1710 3449; x_wconf 81' lang='grc' dir='ltr'><strong>ἐκάλει,</strong></span> <span class='ocrx_word' id='word_1_254' title='bbox 1739 3384 1767 3437; x_wconf 85' lang='grc' dir='ltr'>ὁ</span> <span class='ocrx_word' id='word_1_255' title='bbox 1796 3383 1898 3436; x_wconf 80' lang='grc' dir='ltr'><strong>ὑπὸ</strong></span> 
     </span>
    </p>
   </div>
   <div class='ocr_carea' id='block_1_38' title="bbox 305 3467 1895 3542">
    <p class='ocr_par' dir='ltr' id='par_1_38' title="bbox 305 3467 1895 3542">
     <span class='ocr_line' id='line_1_38' title="bbox 305 3467 1895 3542; baseline 0.003 -24"><span class='ocrx_word' id='word_1_256' title='bbox 305 3467 424 3518; x_wconf 81' lang='grc' dir='ltr'><strong>τῶν</strong></span> <span class='ocrx_word' id='word_1_257' title='bbox 460 3467 734 3538; x_wconf 66' lang='grc' dir='ltr'><strong>δαιμόνων</strong></span> <span class='ocrx_word' id='word_1_258' title='bbox 784 3469 865 3532; x_wconf 86' lang='grc' dir='ltr'><strong>είς</strong></span> <span class='ocrx_word' id='word_1_259' title='bbox 914 3468 1260 3538; x_wconf 89' lang='grc' dir='ltr'><strong>λειτουργίαν</strong></span> <span class='ocrx_word' id='word_1_260' title='bbox 1314 3470 1561 3535; x_wconf 79' lang='grc' dir='ltr'><strong>ἐκείνους</strong></span> <span class='ocrx_word' id='word_1_261' title='bbox 1609 3472 1895 3542; x_wconf 76' lang='grc' dir='ltr'><strong>χρισθεὶς,</strong></span> 
     </span>
    </p>
   </div>
   <div class='ocr_carea' id='block_1_39' title="bbox 307 3556 1894 3633">
    <p class='ocr_par' dir='ltr' id='par_1_39' title="bbox 307 3556 1894 3633">
     <span class='ocr_line' id='line_1_39' title="bbox 307 3556 1894 3633; baseline 0.004 -23"><span class='ocrx_word' id='word_1_262' title='bbox 307 3557 409 3610; x_wconf 72' lang='grc' dir='ltr'><strong>καὶ</strong></span> <span class='ocrx_word' id='word_1_263' title='bbox 441 3556 692 3628; x_wconf 78' lang='grc' dir='ltr'><strong>μαθητὰς</strong></span> <span class='ocrx_word' id='word_1_264' title='bbox 719 3559 961 3630; x_wconf 84' lang='grc' dir='ltr'><strong>ἐπήγετο</strong></span> <span class='ocrx_word' id='word_1_265' title='bbox 993 3558 1225 3626; x_wconf 84' lang='grc' dir='ltr'><strong>δώδεκα,</strong></span> <span class='ocrx_word' id='word_1_266' title='bbox 1280 3556 1382 3631; x_wconf 78' lang='grc' dir='ltr'><strong>τῆς</strong></span> <span class='ocrx_word' id='word_1_267' title='bbox 1412 3560 1579 3614; x_wconf 84' lang='grc' dir='ltr'><strong>αὐτοῦ</strong></span> <span class='ocrx_word' id='word_1_268' title='bbox 1626 3562 1894 3633; x_wconf 80' lang='grc' dir='ltr'><strong>φλυαρίας</strong></span> 
     </span>
    </p>
   </div>
   <div class='ocr_carea' id='block_1_40' title="bbox 307 3651 1895 3725">
    <p class='ocr_par' dir='ltr' id='par_1_40' title="bbox 307 3651 1895 3725">
     <span class='ocr_line' id='line_1_40' title="bbox 307 3651 1895 3725; baseline 0.004 -22"><span class='ocrx_word' id='word_1_269' title='bbox 307 3651 610 3714; x_wconf 56' lang='grc' dir='ltr'><strong>κοινωνούς</strong></span> <span class='ocrx_word' id='word_1_270' title='bbox 641 3668 700 3705; x_wconf 89' lang='grc' dir='ltr'><strong>τε</strong></span> <span class='ocrx_word' id='word_1_271' title='bbox 750 3653 844 3706; x_wconf 78' lang='grc' dir='ltr'><strong>καὶ</strong></span> <span class='ocrx_word' id='word_1_272' title='bbox 897 3655 1170 3724; x_wconf 86' lang='grc' dir='ltr'><strong>κήρυκας,</strong></span> <span class='ocrx_word' id='word_1_273' title='bbox 1219 3655 1288 3725; x_wconf 71' lang='grc' dir='ltr'><strong>ἢν</strong></span> <span class='ocrx_word' id='word_1_274' title='bbox 1338 3655 1402 3708; x_wconf 89' lang='grc' dir='ltr'><strong>ἐκ</strong></span> <span class='ocrx_word' id='word_1_275' title='bbox 1454 3656 1666 3709; x_wconf 87' lang='grc' dir='ltr'><strong>πολλῶν</strong></span> <span class='ocrx_word' id='word_1_276' title='bbox 1717 3656 1895 3710; x_wconf 83' lang='grc' dir='ltr'><strong>ἀθέων</strong></span> 
     </span>
    </p>
   </div>
   <div class='ocr_carea' id='block_1_41' title="bbox 305 3743 1895 3816">
    <p class='ocr_par' dir='ltr' id='par_1_41' title="bbox 305 3743 1895 3816">
     <span class='ocr_line' id='line_1_41' title="bbox 305 3743 1895 3816; baseline 0.001 -20"><span class='ocrx_word' id='word_1_277' title='bbox 305 3743 609 3813; x_wconf 86' lang='grc' dir='ltr'><strong>δογμάτων</strong></span> <span class='ocrx_word' id='word_1_278' title='bbox 675 3744 786 3798; x_wconf 86' lang='grc' dir='ltr'><strong>τῶν</strong></span> <span class='ocrx_word' id='word_1_279' title='bbox 842 3744 944 3815; x_wconf 80' lang='grc' dir='ltr'><strong>ήδη</strong></span> <span class='ocrx_word' id='word_1_280' title='bbox 1008 3745 1401 3814; x_wconf 78' lang='grc' dir='ltr'><strong>ἁπεσὸηκυιῶν</strong></span> <span class='ocrx_word' id='word_1_281' title='bbox 1444 3747 1714 3816; x_wconf 74' lang='grc' dir='ltr'><strong>αἱρέσεων</strong></span> <span class='ocrx_word' id='word_1_282' title='bbox 1769 3763 1895 3800; x_wconf 79' lang='grc' dir='ltr'><strong>συν·</strong></span> 
     </span>
    </p>
   </div>
   <div class='ocr_carea' id='block_1_42' title="bbox 307 3836 1895 3909">
    <p class='ocr_par' dir='ltr' id='par_1_42' title="bbox 307 3836 1895 3909">
     <span class='ocr_line' id='line_1_42' title="bbox 307 3836 1895 3909; baseline 0.003 -21"><span class='ocrx_word' id='word_1_283' title='bbox 307 3838 583 3906; x_wconf 70' lang='grc' dir='ltr'><strong>εφόρησε.</strong></span> <span class='ocrx_word' id='word_1_284' title='bbox 635 3836 922 3889; x_wconf 79' lang='grc' dir='ltr'><strong>Διονυσίου</strong></span> <span class='ocrx_word' id='word_1_285' title='bbox 948 3838 1136 3908; x_wconf 85' lang='grc' dir='ltr'><strong>μέντοι</strong></span> <span class='ocrx_word' id='word_1_286' title='bbox 1165 3836 1258 3890; x_wconf 82' lang='grc' dir='ltr'><strong>τοῦ</strong></span> <span class='ocrx_word' id='word_1_287' title='bbox 1311 3838 1439 3901; x_wconf 77' lang='grc' dir='ltr'><strong>τοὺς</strong></span> <span class='ocrx_word' id='word_1_288' title='bbox 1467 3839 1526 3890; x_wconf 91' lang='grc' dir='ltr'><strong>ἐν</strong></span> <span class='ocrx_word' id='word_1_289' title='bbox 1578 3836 1768 3909; x_wconf 80' lang='grc' dir='ltr'><strong>Ῥώμῃ</strong></span> <span class='ocrx_word' id='word_1_290' title='bbox 1801 3855 1895 3892; x_wconf 87' lang='grc' dir='ltr'><strong>πι-</strong></span> 
     </span>
    </p>
   </div>
   <div class='ocr_carea' id='block_1_43' title="bbox 308 3928 1898 4003">
    <p class='ocr_par' dir='ltr' id='par_1_43' title="bbox 308 3928 1898 4003">
     <span class='ocr_line' id='line_1_43' title="bbox 308 3928 1898 4003; baseline 0.002 -22"><span class='ocrx_word' id='word_1_291' title='bbox 308 3930 479 3992; x_wconf 76' lang='grc' dir='ltr'><strong>στοὺς</strong></span> <span class='ocrx_word' id='word_1_292' title='bbox 505 3928 891 3999; x_wconf 87' lang='grc' dir='ltr'><strong>ποιμαίνοντος</strong></span> <span class='ocrx_word' id='word_1_293' title='bbox 932 3929 1027 4000; x_wconf 78' lang='grc' dir='ltr'><strong>ἔτη</strong></span> <span class='ocrx_word' id='word_1_294' title='bbox 1055 3929 1211 3984; x_wconf 80' lang='grc' dir='ltr'><strong>ἐννέα</strong></span> <span class='ocrx_word' id='word_1_295' title='bbox 1247 3930 1303 3983; x_wconf 88' lang='grc' dir='ltr'><strong>ἐν</strong></span> <span class='ocrx_word' id='word_1_296' title='bbox 1346 3929 1521 4003; x_wconf 80' lang='grc' dir='ltr'><strong>ταύτῃ</strong></span> <span class='ocrx_word' id='word_1_297' title='bbox 1551 3932 1618 4001; x_wconf 81' lang='grc' dir='ltr'><strong>τῇ</strong></span> <span class='ocrx_word' id='word_1_298' title='bbox 1652 3933 1898 4002; x_wconf 79' lang='grc' dir='ltr'><strong>λειτουρο</strong></span> 
     </span>
    </p>
   </div>
   <div class='ocr_carea' id='block_1_44' title="bbox 304 4021 1898 4092">
    <p class='ocr_par' dir='ltr' id='par_1_44' title="bbox 304 4021 1898 4092">
     <span class='ocr_line' id='line_1_44' title="bbox 304 4021 1898 4092; baseline 0.002 -19"><span class='ocrx_word' id='word_1_299' title='bbox 304 4023 414 4091; x_wconf 79' lang='grc' dir='ltr'><strong>γίᾳ</strong></span> <span class='ocrx_word' id='word_1_300' title='bbox 435 4024 701 4090; x_wconf 78' lang='grc' dir='ltr'><strong>ήνυκότος</strong></span> <span class='ocrx_word' id='word_1_301' title='bbox 735 4022 829 4074; x_wconf 72' lang='grc' dir='ltr'><strong>καὶ</strong></span> <span class='ocrx_word' id='word_1_302' title='bbox 877 4021 1268 4092; x_wconf 86' lang='grc' dir='ltr'><strong>μεταστάντος,</strong></span> <span class='ocrx_word' id='word_1_303' title='bbox 1304 4021 1474 4092; x_wconf 76' lang='grc' dir='ltr'><strong>Φῆλιξ</strong></span> <span class='ocrx_word' id='word_1_304' title='bbox 1503 4023 1596 4074; x_wconf 84' lang='grc' dir='ltr'><strong>τὸν</strong></span> <span class='ocrx_word' id='word_1_305' title='bbox 1623 4022 1721 4092; x_wconf 83' lang='grc' dir='ltr'><strong>τῆς</strong></span> <span class='ocrx_word' id='word_1_306' title='bbox 1764 4021 1898 4076; x_wconf 85' lang='grc' dir='ltr'><strong>Ῥώ-</strong></span> 
     </span>
    </p>
   </div>
   <div class='ocr_carea' id='block_1_45' title="bbox 308 4111 1898 4186">
    <p class='ocr_par' dir='ltr' id='par_1_45' title="bbox 308 4111 1898 4186">
     <span class='ocr_line' id='line_1_45' title="bbox 308 4111 1898 4186; baseline 0.003 -22"><span class='ocrx_word' id='word_1_307' title='bbox 308 4130 429 4186; x_wconf 84' lang='grc' dir='ltr'><strong>μης</strong></span> <span class='ocrx_word' id='word_1_308' title='bbox 464 4113 739 4183; x_wconf 77' lang='grc' dir='ltr'><strong>ἱερατικὸν</strong></span> <span class='ocrx_word' id='word_1_309' title='bbox 796 4112 1073 4179; x_wconf 80' lang='grc' dir='ltr'><strong>διεδέξατο</strong></span> <span class='ocrx_word' id='word_1_310' title='bbox 1125 4112 1339 4184; x_wconf 87' lang='grc' dir='ltr'><strong>θρόνον.</strong></span> <span class='ocrx_word' id='word_1_311' title='bbox 1389 4111 1598 4166; x_wconf 83' lang='grc' dir='ltr'><strong>Τούτου</strong></span> <span class='ocrx_word' id='word_1_312' title='bbox 1661 4112 1717 4166; x_wconf 88' lang='grc' dir='ltr'><strong>δέ</strong></span> <span class='ocrx_word' id='word_1_313' title='bbox 1761 4116 1898 4184; x_wconf 78' lang='grc' dir='ltr'><strong>μετὰ</strong></span> 
     </span>
    </p>
   </div>
   <div class='ocr_carea' id='block_1_46' title="bbox 302 4205 1898 4280">
    <p class='ocr_par' dir='ltr' id='par_1_46' title="bbox 302 4205 1898 4280">
     <span class='ocr_line' id='line_1_46' title="bbox 302 4205 1898 4280; baseline 0.001 -20"><span class='ocrx_word' id='word_1_314' title='bbox 302 4208 507 4280; x_wconf 88' lang='grc' dir='ltr'><strong>χρόνον</strong></span> <span class='ocrx_word' id='word_1_315' title='bbox 539 4205 793 4271; x_wconf 80' lang='grc' dir='ltr'><strong>θανόντος</strong></span> <span class='ocrx_word' id='word_1_316' title='bbox 829 4205 1130 4275; x_wconf 81' lang='grc' dir='ltr'><strong>πενταετῆ,</strong></span> <span class='ocrx_word' id='word_1_317' title='bbox 1183 4206 1516 4276; x_wconf 77' lang='grc' dir='ltr'><strong>Εὑτυχιανδς</strong></span> <span class='ocrx_word' id='word_1_318' title='bbox 1556 4205 1765 4278; x_wconf 75' lang='grc' dir='ltr'><strong>ἠξιώθη</strong></span> <span class='ocrx_word' id='word_1_319' title='bbox 1797 4210 1898 4279; x_wconf 83' lang='grc' dir='ltr'><strong>τῆς</strong></span> 
     </span>
    </p>
   </div>
   <div class='ocr_carea' id='block_1_47' title="bbox 1995 523 3571 595">
    <p class='ocr_par' dir='ltr' id='par_1_47' title="bbox 1995 523 3571 595">
     <span class='ocr_line' id='line_1_47' title="bbox 1995 523 3571 595; baseline 0.002 -18"><span class='ocrx_word' id='word_1_320' title='bbox 1995 523 2177 577; x_wconf 87' lang='lat' dir='ltr'><strong>Persis</strong></span> <span class='ocrx_word' id='word_1_321' title='bbox 2223 524 2430 578; x_wconf 90' lang='lat' dir='ltr'><strong>bellum</strong></span> <span class='ocrx_word' id='word_1_322' title='bbox 2475 525 2684 589; x_wconf 75' lang='lat' dir='ltr'><strong>intulit,</strong></span> <span class='ocrx_word' id='word_1_323' title='bbox 2729 524 3135 595; x_wconf 78' lang='lat' dir='ltr'><strong>commissaque</strong></span> <span class='ocrx_word' id='word_1_324' title='bbox 3177 524 3388 593; x_wconf 63' lang='lat' dir='ltr'><strong>praelio,</strong></span> <span class='ocrx_word' id='word_1_325' title='bbox 3447 542 3571 580; x_wconf 90' lang='lat' dir='ltr'><strong>cum</strong></span> 
     </span>
    </p>
   </div>
   <div class='ocr_carea' id='block_1_48' title="bbox 1994 614 3571 686">
    <p class='ocr_par' dir='ltr' id='par_1_48' title="bbox 1994 614 3571 686">
     <span class='ocr_line' id='line_1_48' title="bbox 1994 614 3571 686; baseline 0.001 -17"><span class='ocrx_word' id='word_1_326' title='bbox 1994 614 2228 669; x_wconf 83' lang='lat' dir='ltr'><strong>Romani</strong></span> <span class='ocrx_word' id='word_1_327' title='bbox 2254 631 2284 669; x_wconf 90' lang='lat' dir='ltr'><strong>a</strong></span> <span class='ocrx_word' id='word_1_328' title='bbox 2308 616 2493 671; x_wconf 88' lang='lat' dir='ltr'><strong>Persis</strong></span> <span class='ocrx_word' id='word_1_329' title='bbox 2524 616 2769 686; x_wconf 80' lang='lat' dir='ltr'><strong>superati</strong></span> <span class='ocrx_word' id='word_1_330' title='bbox 2803 625 2953 685; x_wconf 81' lang='lat' dir='ltr'><strong>terga</strong></span> <span class='ocrx_word' id='word_1_331' title='bbox 2978 614 3285 682; x_wconf 81' lang='lat' dir='ltr'><strong>dedissent,</strong></span> <span class='ocrx_word' id='word_1_332' title='bbox 3314 615 3404 668; x_wconf 80' lang='lat' dir='ltr'><strong>alii</strong></span> <span class='ocrx_word' id='word_1_333' title='bbox 3445 630 3571 671; x_wconf 88' lang='lat' dir='ltr'><strong>eum</strong></span> 
     </span>
    </p>
   </div>
   <div class='ocr_carea' id='block_1_49' title="bbox 1995 700 3576 780">
    <p class='ocr_par' dir='ltr' id='par_1_49' title="bbox 1995 700 3576 780">
     <span class='ocr_line' id='line_1_49' title="bbox 1995 700 3576 780; baseline 0.002 -19"><span class='ocrx_word' id='word_1_334' title='bbox 1995 707 2050 761; x_wconf 92' lang='lat' dir='ltr'><strong>in</strong></span> <span class='ocrx_word' id='word_1_335' title='bbox 2100 707 2224 779; x_wconf 81' lang='lat' dir='ltr'><strong>fuga</strong></span> <span class='ocrx_word' id='word_1_336' title='bbox 2273 700 2760 779; x_wconf 88' lang='lat' dir='ltr'><strong>comprehensum,</strong></span> <span class='ocrx_word' id='word_1_337' title='bbox 2812 710 2955 780; x_wconf 86' lang='lat' dir='ltr'><strong>pelle</strong></span> <span class='ocrx_word' id='word_1_338' title='bbox 2996 717 3113 764; x_wconf 89' lang='lat' dir='ltr'><strong>toto</strong></span> <span class='ocrx_word' id='word_1_339' title='bbox 3154 724 3387 778; x_wconf 89' lang='lat' dir='ltr'><strong>corpore</strong></span> <span class='ocrx_word' id='word_1_340' title='bbox 3435 709 3576 764; x_wconf 90' lang='lat' dir='ltr'><strong>utris</strong></span> 
     </span>
    </p>
   </div>
   <div class='ocr_carea' id='block_1_50' title="bbox 1996 800 3572 872">
    <p class='ocr_par' dir='ltr' id='par_1_50' title="bbox 1996 800 3572 872">
     <span class='ocr_line' id='line_1_50' title="bbox 1996 800 3572 872; baseline 0.001 -17"><span class='ocrx_word' id='word_1_341' title='bbox 1996 800 2170 855; x_wconf 87' lang='lat' dir='ltr'><strong>instar</strong></span> <span class='ocrx_word' id='word_1_342' title='bbox 2210 800 2455 857; x_wconf 86' lang='lat' dir='ltr'><strong>detracta</strong></span> <span class='ocrx_word' id='word_1_343' title='bbox 2508 802 2739 872; x_wconf 83' lang='lat' dir='ltr'><strong>periisse</strong></span> <span class='ocrx_word' id='word_1_344' title='bbox 2772 809 3126 856; x_wconf 83' lang='lat' dir='ltr'><strong>memorant:</strong></span> <span class='ocrx_word' id='word_1_345' title='bbox 3173 801 3289 865; x_wconf 89' lang='lat' dir='ltr'><strong>alii,</strong></span> <span class='ocrx_word' id='word_1_346' title='bbox 3341 817 3464 856; x_wconf 91' lang='lat' dir='ltr'><strong>cum</strong></span> <span class='ocrx_word' id='word_1_347' title='bbox 3518 802 3572 856; x_wconf 92' lang='lat' dir='ltr'><strong>in</strong></span> 
     </span>
    </p>
   </div>
   <div class='ocr_carea' id='block_1_51' title="bbox 1995 892 3575 957">
    <p class='ocr_par' dir='ltr' id='par_1_51' title="bbox 1995 892 3575 957">
     <span class='ocr_line' id='line_1_51' title="bbox 1995 892 3575 957; baseline 0.002 -11"><span class='ocrx_word' id='word_1_348' title='bbox 1995 892 2176 947; x_wconf 89' lang='lat' dir='ltr'><strong>reditu</strong></span> <span class='ocrx_word' id='word_1_349' title='bbox 2210 909 2278 948; x_wconf 84' lang='lat' dir='ltr'><strong>ex</strong></span> <span class='ocrx_word' id='word_1_350' title='bbox 2308 893 2492 950; x_wconf 83' lang='lat' dir='ltr'><strong>Persia</strong></span> <span class='ocrx_word' id='word_1_351' title='bbox 2518 909 2583 950; x_wconf 83' lang='lat' dir='ltr'><strong>ex</strong></span> <span class='ocrx_word' id='word_1_352' title='bbox 2612 895 2787 950; x_wconf 90' lang='lat' dir='ltr'><strong>oculis</strong></span> <span class='ocrx_word' id='word_1_353' title='bbox 2821 894 3133 957; x_wconf 82' lang='lat' dir='ltr'><strong>laboraret,</strong></span> <span class='ocrx_word' id='word_1_354' title='bbox 3166 911 3195 948; x_wconf 88' lang='lat' dir='ltr'><strong>a</strong></span> <span class='ocrx_word' id='word_1_355' title='bbox 3226 910 3425 948; x_wconf 87' lang='lat' dir='ltr'><strong>socero</strong></span> <span class='ocrx_word' id='word_1_356' title='bbox 3474 911 3575 950; x_wconf 90' lang='lat' dir='ltr'><strong>suo</strong></span> 
     </span>
    </p>
   </div>
   <div class='ocr_carea' id='block_1_52' title="bbox 1995 984 3573 1055">
    <p class='ocr_par' dir='ltr' id='par_1_52' title="bbox 1995 984 3573 1055">
     <span class='ocr_line' id='line_1_52' title="bbox 1995 984 3573 1055; baseline 0.001 -18"><span class='ocrx_word' id='word_1_357' title='bbox 1995 984 2255 1053; x_wconf 70' lang='lat' dir='ltr'><strong>prsetorio</strong></span> <span class='ocrx_word' id='word_1_358' title='bbox 2298 984 2557 1055; x_wconf 70' lang='lat' dir='ltr'><strong>praefecto</strong></span> <span class='ocrx_word' id='word_1_359' title='bbox 2605 986 2911 1055; x_wconf 87' lang='lat' dir='ltr'><strong>cupiditate</strong></span> <span class='ocrx_word' id='word_1_360' title='bbox 2953 986 3173 1054; x_wconf 91' lang='lat' dir='ltr'><strong>imperii</strong></span> <span class='ocrx_word' id='word_1_361' title='bbox 3226 986 3573 1040; x_wconf 81' lang='lat' dir='ltr'><strong>interfectum</strong></span> 
     </span>
    </p>
   </div>
   <div class='ocr_carea' id='block_1_53' title="bbox 1995 1077 3577 1147">
    <p class='ocr_par' dir='ltr' id='par_1_53' title="bbox 1995 1077 3577 1147">
     <span class='ocr_line' id='line_1_53' title="bbox 1995 1077 3577 1147; baseline 0.002 -17"><span class='ocrx_word' id='word_1_362' title='bbox 1995 1092 2157 1131; x_wconf 85' lang='lat' dir='ltr'><strong>esse:</strong></span> <span class='ocrx_word' id='word_1_363' title='bbox 2194 1077 2341 1147; x_wconf 89' lang='lat' dir='ltr'><strong>quod</strong></span> <span class='ocrx_word' id='word_1_364' title='bbox 2391 1086 2572 1132; x_wconf 88' lang='lat' dir='ltr'><strong>tamen</strong></span> <span class='ocrx_word' id='word_1_365' title='bbox 2610 1094 2717 1132; x_wconf 91' lang='lat' dir='ltr'><strong>non</strong></span> <span class='ocrx_word' id='word_1_366' title='bbox 2750 1078 2823 1133; x_wconf 90' lang='lat' dir='ltr'><strong>sit</strong></span> <span class='ocrx_word' id='word_1_367' title='bbox 2873 1087 3181 1143; x_wconf 84' lang='lat' dir='ltr'><strong>assecutus,</strong></span> <span class='ocrx_word' id='word_1_368' title='bbox 3235 1077 3577 1133; x_wconf 83' lang='lat' dir='ltr'><strong>Diocletiano</strong></span> 
     </span>
    </p>
   </div>
   <div class='ocr_carea' id='block_1_54' title="bbox 1995 1167 3569 1234">
    <p class='ocr_par' dir='ltr' id='par_1_54' title="bbox 1995 1167 3569 1234">
     <span class='ocr_line' id='line_1_54' title="bbox 1995 1167 3569 1234; baseline 0 -13"><span class='ocrx_word' id='word_1_369' title='bbox 1995 1184 2027 1221; x_wconf 87' lang='lat' dir='ltr'><strong>a</strong></span> <span class='ocrx_word' id='word_1_370' title='bbox 2061 1167 2327 1223; x_wconf 81' lang='lat' dir='ltr'><strong>militibus</strong></span> <span class='ocrx_word' id='word_1_371' title='bbox 2357 1169 2621 1234; x_wconf 88' lang='lat' dir='ltr'><strong>delatum,</strong></span> <span class='ocrx_word' id='word_1_372' title='bbox 2651 1184 2717 1223; x_wconf 91' lang='lat' dir='ltr'><strong>eo</strong></span> <span class='ocrx_word' id='word_1_373' title='bbox 2750 1169 2897 1223; x_wconf 91' lang='lat' dir='ltr'><strong>bello</strong></span> <span class='ocrx_word' id='word_1_374' title='bbox 2924 1169 3144 1223; x_wconf 89' lang='lat' dir='ltr'><strong>Persico</strong></span> <span class='ocrx_word' id='word_1_375' title='bbox 3176 1168 3367 1222; x_wconf 89' lang='lat' dir='ltr'><strong>multis</strong></span> <span class='ocrx_word' id='word_1_376' title='bbox 3408 1167 3569 1222; x_wconf 72' lang='lat' dir='ltr'><strong>{orti-</strong></span> 
     </span>
    </p>
   </div>
   <div class='ocr_carea' id='block_1_55' title="bbox 1995 1257 3576 1316">
    <p class='ocr_par' dir='ltr' id='par_1_55' title="bbox 1995 1257 3576 1316">
     <span class='ocr_line' id='line_1_55' title="bbox 1995 1257 3576 1316; baseline -0.001 -4"><span class='ocrx_word' id='word_1_377' title='bbox 1995 1258 2099 1313; x_wconf 90' lang='lat' dir='ltr'><strong>bus</strong></span> <span class='ocrx_word' id='word_1_378' title='bbox 2145 1258 2489 1316; x_wconf 76' lang='lat' dir='ltr'><strong>facinoribus</strong></span> <span class='ocrx_word' id='word_1_379' title='bbox 2546 1261 2861 1315; x_wconf 85' lang='lat' dir='ltr'><strong>nobilitato.</strong></span> <span class='ocrx_word' id='word_1_380' title='bbox 2919 1258 3193 1316; x_wconf 58' lang='lat' dir='ltr'><strong>Caeterum</strong></span> <span class='ocrx_word' id='word_1_381' title='bbox 3251 1261 3391 1315; x_wconf 86' lang='lat' dir='ltr'><strong>alter</strong></span> <span class='ocrx_word' id='word_1_382' title='bbox 3451 1257 3576 1313; x_wconf 82' lang='lat' dir='ltr'><strong>Cari</strong></span> 
     </span>
    </p>
   </div>
   <div class='ocr_carea' id='block_1_56' title="bbox 1996 1350 3576 1424">
    <p class='ocr_par' dir='ltr' id='par_1_56' title="bbox 1996 1350 3576 1424">
     <span class='ocr_line' id='line_1_56' title="bbox 1996 1350 3576 1424; baseline -0.002 -18"><span class='ocrx_word' id='word_1_383' title='bbox 1996 1352 2143 1408; x_wconf 81' lang='lat' dir='ltr'><strong>ﬁlius</strong></span> <span class='ocrx_word' id='word_1_384' title='bbox 2165 1352 2424 1418; x_wconf 91' lang='lat' dir='ltr'><strong>Carinus,</strong></span> <span class='ocrx_word' id='word_1_385' title='bbox 2457 1370 2583 1410; x_wconf 92' lang='lat' dir='ltr'><strong>cum</strong></span> <span class='ocrx_word' id='word_1_386' title='bbox 2613 1355 2874 1409; x_wconf 82' lang='lat' dir='ltr'><strong>Romanis</strong></span> <span class='ocrx_word' id='word_1_387' title='bbox 2904 1353 3085 1424; x_wconf 75' lang='lat' dir='ltr'><strong>gravis</strong></span> <span class='ocrx_word' id='word_1_388' title='bbox 3110 1360 3292 1416; x_wconf 84' lang='lat' dir='ltr'><strong>esset,</strong></span> <span class='ocrx_word' id='word_1_389' title='bbox 3326 1350 3576 1405; x_wconf 78' lang='lat' dir='ltr'><strong>luxurio—</strong></span> 
     </span>
    </p>
   </div>
   <div class='ocr_carea' id='block_1_57' title="bbox 1997 1443 3577 1516">
    <p class='ocr_par' dir='ltr' id='par_1_57' title="bbox 1997 1443 3577 1516">
     <span class='ocr_line' id='line_1_57' title="bbox 1997 1443 3577 1516; baseline -0.002 -16"><span class='ocrx_word' id='word_1_390' title='bbox 1997 1460 2128 1511; x_wconf 83' lang='lat' dir='ltr'><strong>sus,</strong></span> <span class='ocrx_word' id='word_1_391' title='bbox 2154 1446 2417 1511; x_wconf 87' lang='lat' dir='ltr'><strong>crudelis,</strong></span> <span class='ocrx_word' id='word_1_392' title='bbox 2471 1454 2529 1502; x_wconf 91' lang='lat' dir='ltr'><strong>et</strong></span> <span class='ocrx_word' id='word_1_393' title='bbox 2573 1447 2723 1501; x_wconf 89' lang='lat' dir='ltr'><strong>ultor</strong></span> <span class='ocrx_word' id='word_1_394' title='bbox 2771 1446 3098 1516; x_wconf 73' lang='lat' dir='ltr'><strong>iniuriarum</strong></span> <span class='ocrx_word' id='word_1_395' title='bbox 3119 1485 3134 1509; x_wconf 91' lang='lat'><strong>,</strong></span> <span class='ocrx_word' id='word_1_396' title='bbox 3168 1460 3199 1499; x_wconf 90' lang='lat' dir='ltr'><strong>a</strong></span> <span class='ocrx_word' id='word_1_397' title='bbox 3232 1443 3577 1498; x_wconf 89' lang='lat' dir='ltr'><strong>Diocletiano</strong></span> 
     </span>
    </p>
   </div>
   <div class='ocr_carea' id='block_1_58' title="bbox 1997 1534 3572 1609">
    <p class='ocr_par' dir='ltr' id='par_1_58' title="bbox 1997 1534 3572 1609">
     <span class='ocr_line' id='line_1_58' title="bbox 1997 1534 3572 1609; baseline -0.003 -16"><span class='ocrx_word' id='word_1_398' title='bbox 1997 1539 2227 1593; x_wconf 80' lang='lat' dir='ltr'><strong>Romam</strong></span> <span class='ocrx_word' id='word_1_399' title='bbox 2268 1538 2521 1609; x_wconf 79' lang='lat' dir='ltr'><strong>ingresso</strong></span> <span class='ocrx_word' id='word_1_400' title='bbox 2549 1537 2766 1592; x_wconf 89' lang='lat' dir='ltr'><strong>occisus</strong></span> <span class='ocrx_word' id='word_1_401' title='bbox 2794 1546 2900 1592; x_wconf 84' lang='lat' dir='ltr'><strong>est.</strong></span> <span class='ocrx_word' id='word_1_402' title='bbox 2937 1535 3180 1605; x_wconf 82' lang='lat' dir='ltr'><strong>Tempus</strong></span> <span class='ocrx_word' id='word_1_403' title='bbox 3209 1535 3424 1605; x_wconf 86' lang='lat' dir='ltr'><strong>imperii</strong></span> <span class='ocrx_word' id='word_1_404' title='bbox 3475 1534 3572 1588; x_wconf 50' lang='lat' dir='ltr'><strong>hoc</strong></span> 
     </span>
    </p>
   </div>
   <div class='ocr_carea' id='block_1_59' title="bbox 1998 1627 3576 1699">
    <p class='ocr_par' dir='ltr' id='par_1_59' title="bbox 1998 1627 3576 1699">
     <span class='ocr_line' id='line_1_59' title="bbox 1998 1627 3576 1699; baseline -0.003 -13"><span class='ocrx_word' id='word_1_405' title='bbox 1998 1647 2122 1686; x_wconf 86' lang='lat' dir='ltr'><strong>rum</strong></span> <span class='ocrx_word' id='word_1_406' title='bbox 2156 1635 2347 1693; x_wconf 85' lang='lat' dir='ltr'><strong>trium,</strong></span> <span class='ocrx_word' id='word_1_407' title='bbox 2377 1631 2678 1686; x_wconf 87' lang='lat' dir='ltr'><strong>triennium</strong></span> <span class='ocrx_word' id='word_1_408' title='bbox 2725 1646 2834 1687; x_wconf 82' lang='lat' dir='ltr'><strong>non</strong></span> <span class='ocrx_word' id='word_1_409' title='bbox 2889 1629 3150 1699; x_wconf 82' lang='lat' dir='ltr'><strong>explevit.</strong></span> <span class='ocrx_word' id='word_1_410' title='bbox 3207 1627 3305 1683; x_wconf 84' lang='lat' dir='ltr'><strong>His</strong></span> <span class='ocrx_word' id='word_1_411' title='bbox 3358 1635 3576 1690; x_wconf 82' lang='lat' dir='ltr'><strong>tempo-</strong></span> 
     </span>
    </p>
   </div>
   <div class='ocr_carea' id='block_1_60' title="bbox 1997 1718 3574 1788">
    <p class='ocr_par' dir='ltr' id='par_1_60' title="bbox 1997 1718 3574 1788">
     <span class='ocr_line' id='line_1_60' title="bbox 1997 1718 3574 1788; baseline -0.006 -9"><span class='ocrx_word' id='word_1_412' title='bbox 1997 1724 2154 1779; x_wconf 91' lang='lat' dir='ltr'><strong>ribus</strong></span> <span class='ocrx_word' id='word_1_413' title='bbox 2202 1722 2423 1788; x_wconf 81' lang='lat' dir='ltr'><strong>Manes,</strong></span> <span class='ocrx_word' id='word_1_414' title='bbox 2488 1722 2655 1776; x_wconf 91' lang='lat' dir='ltr'><strong>homo</strong></span> <span class='ocrx_word' id='word_1_415' title='bbox 2713 1721 3105 1780; x_wconf 87' lang='lat' dir='ltr'><strong>detestandus.</strong></span> <span class='ocrx_word' id='word_1_416' title='bbox 3164 1735 3231 1775; x_wconf 83' lang='lat' dir='ltr'><strong>ex</strong></span> <span class='ocrx_word' id='word_1_417' title='bbox 3279 1719 3467 1775; x_wconf 86' lang='lat' dir='ltr'><strong>Persia</strong></span> <span class='ocrx_word' id='word_1_418' title='bbox 3519 1718 3574 1770; x_wconf 92' lang='lat' dir='ltr'><strong>in</strong></span> 
     </span>
    </p>
   </div>
   <div class='ocr_carea' id='block_1_61' title="bbox 1998 1808 3572 1873">
    <p class='ocr_par' dir='ltr' id='par_1_61' title="bbox 1998 1808 3572 1873">
     <span class='ocr_line' id='line_1_61' title="bbox 1998 1808 3572 1873; baseline -0.008 0"><span class='ocrx_word' id='word_1_419' title='bbox 1998 1827 2248 1873; x_wconf 89' lang='lat' dir='ltr'><strong>nostrum</strong></span> <span class='ocrx_word' id='word_1_420' title='bbox 2281 1816 2474 1870; x_wconf 87' lang='lat' dir='ltr'><strong>orbem</strong></span> <span class='ocrx_word' id='word_1_421' title='bbox 2501 1814 2737 1873; x_wconf 86' lang='lat' dir='ltr'><strong>delatus.</strong></span> <span class='ocrx_word' id='word_1_422' title='bbox 2769 1829 2930 1868; x_wconf 90' lang='lat' dir='ltr'><strong>suum</strong></span> <span class='ocrx_word' id='word_1_423' title='bbox 2968 1827 3243 1867; x_wconf 83' lang='lat' dir='ltr'><strong>venenum</strong></span> <span class='ocrx_word' id='word_1_424' title='bbox 3276 1808 3525 1865; x_wconf 89' lang='lat' dir='ltr'><strong>evomuit</strong></span> <span class='ocrx_word' id='word_1_425' title='bbox 3558 1825 3572 1862; x_wconf 89' lang='lat'><strong>:</strong></span> 
     </span>
    </p>
   </div>
   <div class='ocr_carea' id='block_1_62' title="bbox 1997 1898 3574 1970">
    <p class='ocr_par' dir='ltr' id='par_1_62' title="bbox 1997 1898 3574 1970">
     <span class='ocr_line' id='line_1_62' title="bbox 1997 1898 3574 1970; baseline -0.01 -5"><span class='ocrx_word' id='word_1_426' title='bbox 1997 1909 2145 1965; x_wconf 90' lang='lat' dir='ltr'><strong>unde</strong></span> <span class='ocrx_word' id='word_1_427' title='bbox 2179 1908 2602 1963; x_wconf 76' lang='lat' dir='ltr'><strong>Mauiclueorum</strong></span> <span class='ocrx_word' id='word_1_428' title='bbox 2638 1919 2840 1960; x_wconf 84' lang='lat' dir='ltr'><strong>nomen</strong></span> <span class='ocrx_word' id='word_1_429' title='bbox 2893 1905 2949 1959; x_wconf 93' lang='lat' dir='ltr'><strong>in</strong></span> <span class='ocrx_word' id='word_1_430' title='bbox 3004 1902 3153 1957; x_wconf 88' lang='lat' dir='ltr'><strong>hunc</strong></span> <span class='ocrx_word' id='word_1_431' title='bbox 3202 1916 3375 1970; x_wconf 88' lang='lat' dir='ltr'><strong>usque</strong></span> <span class='ocrx_word' id='word_1_432' title='bbox 3428 1898 3574 1953; x_wconf 91' lang='lat' dir='ltr'><strong>diem</strong></span> 
     </span>
    </p>
   </div>
   <div class='ocr_carea' id='block_1_63' title="bbox 1998 1996 3575 2066">
    <p class='ocr_par' dir='ltr' id='par_1_63' title="bbox 1998 1996 3575 2066">
     <span class='ocr_line' id='line_1_63' title="bbox 1998 1996 3575 2066; baseline -0.008 -7"><span class='ocrx_word' id='word_1_433' title='bbox 1998 2004 2181 2059; x_wconf 88' lang='lat' dir='ltr'><strong>durat.</strong></span> <span class='ocrx_word' id='word_1_434' title='bbox 2219 2003 2269 2057; x_wconf 83' lang='lat' dir='ltr'><strong>is</strong></span> <span class='ocrx_word' id='word_1_435' title='bbox 2297 2002 2435 2056; x_wconf 88' lang='lat' dir='ltr'><strong>alias</strong></span> <span class='ocrx_word' id='word_1_436' title='bbox 2467 2000 2813 2056; x_wconf 84' lang='lat' dir='ltr'><strong>Peracletum</strong></span> <span class='ocrx_word' id='word_1_437' title='bbox 2846 2006 2902 2053; x_wconf 93' lang='lat' dir='ltr'><strong>et</strong></span> <span class='ocrx_word' id='word_1_438' title='bbox 2942 1996 3208 2066; x_wconf 88' lang='lat' dir='ltr'><strong>Spiritum</strong></span> <span class='ocrx_word' id='word_1_439' title='bbox 3239 2001 3489 2048; x_wconf 90' lang='lat' dir='ltr'><strong>sanctum</strong></span> <span class='ocrx_word' id='word_1_440' title='bbox 3516 2007 3575 2046; x_wconf 89' lang='lat' dir='ltr'><strong>se</strong></span> 
     </span>
    </p>
   </div>
   <div class='ocr_carea' id='block_1_64' title="bbox 1997 2082 3575 2166">
    <p class='ocr_par' dir='ltr' id='par_1_64' title="bbox 1997 2082 3575 2166">
     <span class='ocr_line' id='line_1_64' title="bbox 1997 2082 3575 2166; baseline -0.01 -14"><span class='ocrx_word' id='word_1_441' title='bbox 1997 2112 2119 2152; x_wconf 85' lang='lat' dir='ltr'><strong>esse</strong></span> <span class='ocrx_word' id='word_1_442' title='bbox 2151 2093 2515 2166; x_wconf 83' lang='lat' dir='ltr'><strong>proﬁtebatur</strong></span> <span class='ocrx_word' id='word_1_443' title='bbox 2538 2136 2553 2158; x_wconf 92' lang='lat'><strong>,</strong></span> <span class='ocrx_word' id='word_1_444' title='bbox 2589 2107 2715 2148; x_wconf 91' lang='lat' dir='ltr'><strong>cum</strong></span> <span class='ocrx_word' id='word_1_445' title='bbox 2768 2088 3012 2159; x_wconf 86' lang='lat' dir='ltr'><strong>Spiritus</strong></span> <span class='ocrx_word' id='word_1_446' title='bbox 3039 2083 3411 2155; x_wconf 88' lang='lat' dir='ltr'><strong>improbitatis</strong></span> <span class='ocrx_word' id='word_1_447' title='bbox 3454 2082 3575 2137; x_wconf 84' lang='lat' dir='ltr'><strong>evi-</strong></span> 
     </span>
    </p>
   </div>
   <div class='ocr_carea' id='block_1_65' title="bbox 1997 2174 3581 2244">
    <p class='ocr_par' dir='ltr' id='par_1_65' title="bbox 1997 2174 3581 2244">
     <span class='ocr_line' id='line_1_65' title="bbox 1997 2174 3581 2244; baseline -0.012 0"><span class='ocrx_word' id='word_1_448' title='bbox 1997 2190 2195 2244; x_wconf 85' lang='lat' dir='ltr'><strong>denter</strong></span> <span class='ocrx_word' id='word_1_449' title='bbox 2226 2188 2280 2241; x_wconf 90' lang='lat' dir='ltr'><strong>in</strong></span> <span class='ocrx_word' id='word_1_450' title='bbox 2325 2202 2394 2241; x_wconf 93' lang='lat' dir='ltr'><strong>eo</strong></span> <span class='ocrx_word' id='word_1_451' title='bbox 2430 2184 2706 2239; x_wconf 87' lang='lat' dir='ltr'><strong>habitaret</strong></span> <span class='ocrx_word' id='word_1_452' title='bbox 2742 2200 2755 2236; x_wconf 91' lang='lat'><strong>:</strong></span> <span class='ocrx_word' id='word_1_453' title='bbox 2788 2180 2926 2235; x_wconf 88' lang='lat' dir='ltr'><strong>alias</strong></span> <span class='ocrx_word' id='word_1_454' title='bbox 2953 2178 3235 2234; x_wconf 82' lang='lat' dir='ltr'><strong>Christum</strong></span> <span class='ocrx_word' id='word_1_455' title='bbox 3289 2190 3350 2229; x_wconf 79' lang='lat' dir='ltr'><strong>se</strong></span> <span class='ocrx_word' id='word_1_456' title='bbox 3397 2174 3581 2227; x_wconf 75' lang='lat' dir='ltr'><strong>nomi—</strong></span> 
     </span>
    </p>
   </div>
   <div class='ocr_carea' id='block_1_66' title="bbox 1995 2264 3578 2345">
    <p class='ocr_par' dir='ltr' id='par_1_66' title="bbox 1995 2264 3578 2345">
     <span class='ocr_line' id='line_1_66' title="bbox 1995 2264 3578 2345; baseline -0.012 -9"><span class='ocrx_word' id='word_1_457' title='bbox 1995 2297 2156 2345; x_wconf 89' lang='lat' dir='ltr'><strong>nans,</strong></span> <span class='ocrx_word' id='word_1_458' title='bbox 2211 2294 2337 2334; x_wconf 91' lang='lat' dir='ltr'><strong>cum</strong></span> <span class='ocrx_word' id='word_1_459' title='bbox 2365 2294 2395 2332; x_wconf 89' lang='lat' dir='ltr'><strong>a</strong></span> <span class='ocrx_word' id='word_1_460' title='bbox 2422 2274 2765 2331; x_wconf 61' lang='lat' dir='ltr'><strong>daemonibus</strong></span> <span class='ocrx_word' id='word_1_461' title='bbox 2803 2270 2871 2325; x_wconf 91' lang='lat' dir='ltr'><strong>ad</strong></span> <span class='ocrx_word' id='word_1_462' title='bbox 2910 2270 3156 2340; x_wconf 83' lang='lat' dir='ltr'><strong>ipsorum</strong></span> <span class='ocrx_word' id='word_1_463' title='bbox 3202 2264 3578 2320; x_wconf 79' lang='lat' dir='ltr'><strong>ministerium</strong></span> 
     </span>
    </p>
   </div>
   <div class='ocr_carea' id='block_1_67' title="bbox 1997 2354 3580 2434">
    <p class='ocr_par' dir='ltr' id='par_1_67' title="bbox 1997 2354 3580 2434">
     <span class='ocr_line' id='line_1_67' title="bbox 1997 2354 3580 2434; baseline -0.013 -8"><span class='ocrx_word' id='word_1_464' title='bbox 1997 2380 2197 2426; x_wconf 90' lang='lat' dir='ltr'><strong>unctus</strong></span> <span class='ocrx_word' id='word_1_465' title='bbox 2226 2379 2411 2434; x_wconf 89' lang='lat' dir='ltr'><strong>esset;</strong></span> <span class='ocrx_word' id='word_1_466' title='bbox 2440 2364 2733 2421; x_wconf 88' lang='lat' dir='ltr'><strong>duodecim</strong></span> <span class='ocrx_word' id='word_1_467' title='bbox 2765 2360 3066 2431; x_wconf 90' lang='lat' dir='ltr'><strong>discipulos</strong></span> <span class='ocrx_word' id='word_1_468' title='bbox 3105 2357 3189 2413; x_wconf 89' lang='lat' dir='ltr'><strong>sui</strong></span> <span class='ocrx_word' id='word_1_469' title='bbox 3242 2354 3423 2411; x_wconf 91' lang='lat' dir='ltr'><strong>delirii</strong></span> <span class='ocrx_word' id='word_1_470' title='bbox 3447 2395 3463 2419; x_wconf 93' lang='lat'><strong>,</strong></span> <span class='ocrx_word' id='word_1_471' title='bbox 3511 2368 3580 2406; x_wconf 80' lang='lat' dir='ltr'><strong>ex</strong></span> 
     </span>
    </p>
   </div>
   <div class='ocr_carea' id='block_1_68' title="bbox 1996 2450 3583 2531">
    <p class='ocr_par' dir='ltr' id='par_1_68' title="bbox 1996 2450 3583 2531">
     <span class='ocr_line' id='line_1_68' title="bbox 1996 2450 3583 2531; baseline -0.011 -14"><span class='ocrx_word' id='word_1_472' title='bbox 1996 2463 2183 2517; x_wconf 91' lang='lat' dir='ltr'><strong>multis</strong></span> <span class='ocrx_word' id='word_1_473' title='bbox 2211 2462 2376 2516; x_wconf 90' lang='lat' dir='ltr'><strong>sectis</strong></span> <span class='ocrx_word' id='word_1_474' title='bbox 2400 2462 2512 2531; x_wconf 88' lang='lat' dir='ltr'><strong>jam</strong></span> <span class='ocrx_word' id='word_1_475' title='bbox 2547 2456 2741 2512; x_wconf 87' lang='lat' dir='ltr'><strong>desitis</strong></span> <span class='ocrx_word' id='word_1_476' title='bbox 2767 2452 3104 2518; x_wconf 85' lang='lat' dir='ltr'><strong>coacervati,</strong></span> <span class='ocrx_word' id='word_1_477' title='bbox 3135 2450 3314 2505; x_wconf 90' lang='lat' dir='ltr'><strong>socios</strong></span> <span class='ocrx_word' id='word_1_478' title='bbox 3349 2457 3405 2502; x_wconf 89' lang='lat' dir='ltr'><strong>et</strong></span> <span class='ocrx_word' id='word_1_479' title='bbox 3444 2462 3583 2515; x_wconf 63' lang='lat' dir='ltr'><strong>pras-</strong></span> 
     </span>
    </p>
   </div>
   <div class='ocr_carea' id='block_1_69' title="bbox 1996 2536 3581 2615">
    <p class='ocr_par' dir='ltr' id='par_1_69' title="bbox 1996 2536 3581 2615">
     <span class='ocr_line' id='line_1_69' title="bbox 1996 2536 3581 2615; baseline -0.012 -6"><span class='ocrx_word' id='word_1_480' title='bbox 1996 2567 2162 2609; x_wconf 91' lang='lat' dir='ltr'><strong>cones</strong></span> <span class='ocrx_word' id='word_1_481' title='bbox 2187 2549 2667 2606; x_wconf 87' lang='lat' dir='ltr'><strong>circumducebat.</strong></span> <span class='ocrx_word' id='word_1_482' title='bbox 2697 2544 2992 2615; x_wconf 82' lang='lat' dir='ltr'><strong>Dionysius</strong></span> <span class='ocrx_word' id='word_1_483' title='bbox 3017 2557 3141 2597; x_wconf 91' lang='lat' dir='ltr'><strong>cum</strong></span> <span class='ocrx_word' id='word_1_484' title='bbox 3171 2541 3360 2595; x_wconf 74' lang='lat' dir='ltr'><strong>Roma:</strong></span> <span class='ocrx_word' id='word_1_485' title='bbox 3390 2536 3581 2592; x_wconf 84' lang='lat' dir='ltr'><strong>ﬁdeles</strong></span> 
     </span>
    </p>
   </div>
   <div class='ocr_carea' id='block_1_70' title="bbox 1997 2635 3575 2714">
    <p class='ocr_par' dir='ltr' id='par_1_70' title="bbox 1997 2635 3575 2714">
     <span class='ocr_line' id='line_1_70' title="bbox 1997 2635 3575 2714; baseline -0.012 -14"><span class='ocrx_word' id='word_1_486' title='bbox 1997 2663 2049 2701; x_wconf 81' lang='lat' dir='ltr'><strong>ix</strong></span> <span class='ocrx_word' id='word_1_487' title='bbox 2084 2645 2242 2700; x_wconf 89' lang='lat' dir='ltr'><strong>annis</strong></span> <span class='ocrx_word' id='word_1_488' title='bbox 2272 2643 2537 2714; x_wconf 86' lang='lat' dir='ltr'><strong>pavisset,</strong></span> <span class='ocrx_word' id='word_1_489' title='bbox 2569 2639 2887 2699; x_wconf 86' lang='lat' dir='ltr'><strong>defunctus,</strong></span> <span class='ocrx_word' id='word_1_490' title='bbox 2915 2635 3154 2689; x_wconf 81' lang='lat' dir='ltr'><strong>Felicem</strong></span> <span class='ocrx_word' id='word_1_491' title='bbox 3194 2643 3575 2686; x_wconf 89' lang='lat' dir='ltr'><strong>successorem</strong></span> 
     </span>
    </p>
   </div>
   <div class='ocr_carea' id='block_1_71' title="bbox 1996 2719 3579 2803">
    <p class='ocr_par' dir='ltr' id='par_1_71' title="bbox 1996 2719 3579 2803">
     <span class='ocr_line' id='line_1_71' title="bbox 1996 2719 3579 2803; baseline -0.012 -11"><span class='ocrx_word' id='word_1_492' title='bbox 1996 2736 2215 2792; x_wconf 83' lang='lat' dir='ltr'><strong>habuit.</strong></span> <span class='ocrx_word' id='word_1_493' title='bbox 2245 2734 2344 2788; x_wconf 88' lang='lat' dir='ltr'><strong>Cui</strong></span> <span class='ocrx_word' id='word_1_494' title='bbox 2378 2743 2503 2803; x_wconf 88' lang='lat' dir='ltr'><strong>post</strong></span> <span class='ocrx_word' id='word_1_495' title='bbox 2527 2727 2970 2801; x_wconf 85' lang='lat' dir='ltr'><strong>quinquennium</strong></span> <span class='ocrx_word' id='word_1_496' title='bbox 3003 2733 3245 2787; x_wconf 88' lang='lat' dir='ltr'><strong>mortuo,</strong></span> <span class='ocrx_word' id='word_1_497' title='bbox 3279 2719 3579 2792; x_wconf 81' lang='lat' dir='ltr'><strong>Eutychia-</strong></span> 
     </span>
    </p>
   </div>
   <div class='ocr_carea' id='block_1_72' title="bbox 1994 2817 3578 2891">
    <p class='ocr_par' dir='ltr' id='par_1_72' title="bbox 1994 2817 3578 2891">
     <span class='ocr_line' id='line_1_72' title="bbox 1994 2817 3578 2891; baseline -0.01 -6"><span class='ocrx_word' id='word_1_498' title='bbox 1994 2845 2102 2884; x_wconf 90' lang='lat' dir='ltr'><strong>nus</strong></span> <span class='ocrx_word' id='word_1_499' title='bbox 2154 2826 2440 2883; x_wconf 79' lang='lat' dir='ltr'><strong>successit.</strong></span> <span class='ocrx_word' id='word_1_500' title='bbox 2491 2824 2613 2891; x_wconf 85' lang='lat' dir='ltr'><strong>Quo</strong></span> <span class='ocrx_word' id='word_1_501' title='bbox 2658 2822 2803 2877; x_wconf 88' lang='lat' dir='ltr'><strong>intra</strong></span> <span class='ocrx_word' id='word_1_502' title='bbox 2838 2837 2873 2874; x_wconf 72' lang='grc' dir='ltr'><strong>ι</strong></span> <span class='ocrx_word' id='word_1_503' title='bbox 2904 2834 3121 2874; x_wconf 88' lang='lat' dir='ltr'><strong>menses</strong></span> <span class='ocrx_word' id='word_1_504' title='bbox 3172 2817 3327 2871; x_wconf 91' lang='lat' dir='ltr'><strong>illum</strong></span> <span class='ocrx_word' id='word_1_505' title='bbox 3378 2828 3578 2870; x_wconf 85' lang='lat' dir='ltr'><strong>conse-</strong></span> 
     </span>
    </p>
   </div>
   <div class='ocr_carea' id='block_1_73' title="bbox 1996 2908 3576 2991">
    <p class='ocr_par' dir='ltr' id='par_1_73' title="bbox 1996 2908 3576 2991">
     <span class='ocr_line' id='line_1_73' title="bbox 1996 2908 3576 2991; baseline -0.013 -12"><span class='ocrx_word' id='word_1_506' title='bbox 1996 2932 2146 2987; x_wconf 88' lang='lat' dir='ltr'><strong>cuto,</strong></span> <span class='ocrx_word' id='word_1_507' title='bbox 2173 2920 2413 2991; x_wconf 83' lang='lat' dir='ltr'><strong>pastoris</strong></span> <span class='ocrx_word' id='word_1_508' title='bbox 2434 2933 2636 2972; x_wconf 90' lang='lat' dir='ltr'><strong>munus</strong></span> <span class='ocrx_word' id='word_1_509' title='bbox 2659 2915 2792 2971; x_wconf 91' lang='lat' dir='ltr'><strong>Caio</strong></span> <span class='ocrx_word' id='word_1_510' title='bbox 2821 2922 2907 2968; x_wconf 88' lang='lat' dir='ltr'><strong>est</strong></span> <span class='ocrx_word' id='word_1_511' title='bbox 2933 2911 3249 2966; x_wconf 86' lang='lat' dir='ltr'><strong>mandatum</strong></span> <span class='ocrx_word' id='word_1_512' title='bbox 3278 2925 3292 2962; x_wconf 71' lang='grc' dir='ltr'><strong>ε</strong></span> <span class='ocrx_word' id='word_1_513' title='bbox 3318 2908 3412 2978; x_wconf 91' lang='lat' dir='ltr'><strong>qui</strong></span> <span class='ocrx_word' id='word_1_514' title='bbox 3449 2921 3576 2961; x_wconf 90' lang='lat' dir='ltr'><strong>cum</strong></span> 
     </span>
    </p>
   </div>
   <div class='ocr_carea' id='block_1_74' title="bbox 1996 2997 3576 3072">
    <p class='ocr_par' dir='ltr' id='par_1_74' title="bbox 1996 2997 3576 3072">
     <span class='ocr_line' id='line_1_74' title="bbox 1996 2997 3576 3072; baseline -0.01 -4"><span class='ocrx_word' id='word_1_515' title='bbox 1996 3027 2172 3069; x_wconf 92' lang='lat' dir='ltr'><strong>annos</strong></span> <span class='ocrx_word' id='word_1_516' title='bbox 2204 3009 2428 3065; x_wconf 87' lang='lat' dir='ltr'><strong>circiter</strong></span> <span class='ocrx_word' id='word_1_517' title='bbox 2458 3024 2527 3063; x_wconf 81' lang='lat' dir='ltr'><strong>xv</strong></span> <span class='ocrx_word' id='word_1_518' title='bbox 2549 3005 2807 3061; x_wconf 71' lang='lat' dir='ltr'><strong>Ecclesiae</strong></span> <span class='ocrx_word' id='word_1_519' title='bbox 2833 3002 3162 3072; x_wconf 55' lang='lat' dir='ltr'><strong>praefuisset,</strong></span> <span class='ocrx_word' id='word_1_520' title='bbox 3199 2997 3576 3054; x_wconf 81' lang='lat' dir='ltr'><strong>Marcellinum</strong></span> 
     </span>
    </p>
   </div>
   <div class='ocr_carea' id='block_1_75' title="bbox 1998 3089 3573 3163">
    <p class='ocr_par' dir='ltr' id='par_1_75' title="bbox 1998 3089 3573 3163">
     <span class='ocr_line' id='line_1_75' title="bbox 1998 3089 3573 3163; baseline -0.011 -5"><span class='ocrx_word' id='word_1_521' title='bbox 1998 3101 2191 3158; x_wconf 84' lang='lat' dir='ltr'><strong>habuit</strong></span> <span class='ocrx_word' id='word_1_522' title='bbox 2219 3113 2613 3155; x_wconf 87' lang='lat' dir='ltr'><strong>successorem.</strong></span> <span class='ocrx_word' id='word_1_523' title='bbox 2652 3094 2716 3149; x_wconf 88' lang='lat' dir='ltr'><strong>lli</strong></span> <span class='ocrx_word' id='word_1_524' title='bbox 2752 3092 3098 3163; x_wconf 86' lang='lat' dir='ltr'><strong>temporibus</strong></span> <span class='ocrx_word' id='word_1_525' title='bbox 3124 3089 3573 3161; x_wconf 85' lang='lat' dir='ltr'><strong>persecutionum</strong></span> 
     </span>
    </p>
   </div>
   <div class='ocr_carea' id='block_1_76' title="bbox 1996 3182 3576 3252">
    <p class='ocr_par' dir='ltr' id='par_1_76' title="bbox 1996 3182 3576 3252">
     <span class='ocr_line' id='line_1_76' title="bbox 1996 3182 3576 3252; baseline -0.011 -1"><span class='ocrx_word' id='word_1_526' title='bbox 1996 3194 2243 3251; x_wconf 85' lang='lat' dir='ltr'><strong>fuerunt.</strong></span> <span class='ocrx_word' id='word_1_527' title='bbox 2292 3194 2352 3244; x_wconf 87' lang='lat' dir='ltr'><strong>ln</strong></span> <span class='ocrx_word' id='word_1_528' title='bbox 2401 3188 2743 3244; x_wconf 81' lang='lat' dir='ltr'><strong>Antiochena</strong></span> <span class='ocrx_word' id='word_1_529' title='bbox 2802 3184 3047 3240; x_wconf 84' lang='lat' dir='ltr'><strong>Ecclesia</strong></span> <span class='ocrx_word' id='word_1_530' title='bbox 3115 3192 3240 3252; x_wconf 85' lang='lat' dir='ltr'><strong>post</strong></span> <span class='ocrx_word' id='word_1_531' title='bbox 3304 3182 3576 3235; x_wconf 89' lang='lat' dir='ltr'><strong>Domnum</strong></span> 
     </span>
    </p>
   </div>
   <div class='ocr_carea' id='block_1_77' title="bbox 1995 3270 3575 3356">
    <p class='ocr_par' dir='ltr' id='par_1_77' title="bbox 1995 3270 3575 3356">
     <span class='ocr_line' id='line_1_77' title="bbox 1995 3270 3575 3356; baseline -0.011 -14"><span class='ocrx_word' id='word_1_532' title='bbox 1995 3285 2290 3356; x_wconf 87' lang='lat' dir='ltr'><strong>episcopus</strong></span> <span class='ocrx_word' id='word_1_533' title='bbox 2323 3281 2427 3335; x_wconf 79' lang='lat' dir='ltr'><strong>fuit</strong></span> <span class='ocrx_word' id='word_1_534' title='bbox 2463 3279 2732 3341; x_wconf 67' lang='lat' dir='ltr'><strong>Timaeus,</strong></span> <span class='ocrx_word' id='word_1_535' title='bbox 2771 3276 2978 3331; x_wconf 69' lang='lat' dir='ltr'><strong>Timaeo</strong></span> <span class='ocrx_word' id='word_1_536' title='bbox 3011 3270 3575 3341; x_wconf 76' lang='lat' dir='ltr'><strong>suecessitCyrillus,</strong></span> 
     </span>
    </p>
   </div>
   <div class='ocr_carea' id='block_1_78' title="bbox 1993 3366 3579 3450">
    <p class='ocr_par' dir='ltr' id='par_1_78' title="bbox 1993 3366 3579 3450">
     <span class='ocr_line' id='line_1_78' title="bbox 1993 3366 3579 3450; baseline -0.013 -16"><span class='ocrx_word' id='word_1_537' title='bbox 1993 3378 2198 3450; x_wconf 80' lang='lat' dir='ltr'><strong>Cyrillo</strong></span> <span class='ocrx_word' id='word_1_538' title='bbox 2221 3375 2511 3448; x_wconf 86' lang='lat' dir='ltr'><strong>Tyrannus</strong></span> <span class='ocrx_word' id='word_1_539' title='bbox 2544 3390 2556 3426; x_wconf 89' lang='lat'>:</span> <span class='ocrx_word' id='word_1_540' title='bbox 2587 3371 2691 3426; x_wconf 89' lang='lat' dir='ltr'><strong>sub</strong></span> <span class='ocrx_word' id='word_1_541' title='bbox 2729 3385 2839 3439; x_wconf 90' lang='lat' dir='ltr'><strong>quo</strong></span> <span class='ocrx_word' id='word_1_542' title='bbox 2874 3366 3248 3422; x_wconf 85' lang='lat' dir='ltr'><strong>Ecelesiarum</strong></span> <span class='ocrx_word' id='word_1_543' title='bbox 3296 3376 3579 3433; x_wconf 72' lang='lat' dir='ltr'><strong>oppugna-</strong></span> 
     </span>
    </p>
   </div>
   <div class='ocr_carea' id='block_1_79' title="bbox 1995 3455 3577 3541">
    <p class='ocr_par' dir='ltr' id='par_1_79' title="bbox 1995 3455 3577 3541">
     <span class='ocr_line' id='line_1_79' title="bbox 1995 3455 3577 3541; baseline -0.012 -14"><span class='ocrx_word' id='word_1_544' title='bbox 1995 3473 2075 3527; x_wconf 91' lang='lat' dir='ltr'><strong>tio</strong></span> <span class='ocrx_word' id='word_1_545' title='bbox 2110 3471 2305 3541; x_wconf 82' lang='lat' dir='ltr'><strong>viguit,</strong></span> <span class='ocrx_word' id='word_1_546' title='bbox 2331 3483 2395 3523; x_wconf 90' lang='lat' dir='ltr'><strong>ac</strong></span> <span class='ocrx_word' id='word_1_547' title='bbox 2435 3465 2687 3537; x_wconf 85' lang='lat' dir='ltr'><strong>tyrannis</strong></span> <span class='ocrx_word' id='word_1_548' title='bbox 2719 3464 2863 3518; x_wconf 79' lang='lat' dir='ltr'><strong>facta</strong></span> <span class='ocrx_word' id='word_1_549' title='bbox 2894 3473 2978 3515; x_wconf 89' lang='lat' dir='ltr'><strong>est</strong></span> <span class='ocrx_word' id='word_1_550' title='bbox 3017 3457 3405 3514; x_wconf 84' lang='lat' dir='ltr'><strong>intolerabilis.</strong></span> <span class='ocrx_word' id='word_1_551' title='bbox 3444 3455 3577 3509; x_wconf 80' lang='lat' dir='ltr'><strong>Hie-</strong></span> 
     </span>
    </p>
   </div>
   <div class='ocr_carea' id='block_1_80' title="bbox 1995 3545 3578 3629">
    <p class='ocr_par' dir='ltr' id='par_1_80' title="bbox 1995 3545 3578 3629">
     <span class='ocr_line' id='line_1_80' title="bbox 1995 3545 3578 3629; baseline -0.011 -13"><span class='ocrx_word' id='word_1_552' title='bbox 1995 3559 2447 3629; x_wconf 79' lang='lat' dir='ltr'><strong>rosolymitanam</strong></span> <span class='ocrx_word' id='word_1_553' title='bbox 2482 3555 2786 3612; x_wconf 88' lang='lat' dir='ltr'><strong>Ecclesiam</strong></span> <span class='ocrx_word' id='word_1_554' title='bbox 2821 3560 2945 3623; x_wconf 89' lang='lat' dir='ltr'><strong>post</strong></span> <span class='ocrx_word' id='word_1_555' title='bbox 2974 3550 3329 3621; x_wconf 74' lang='lat' dir='ltr'><strong>Hymenaeum</strong></span> <span class='ocrx_word' id='word_1_556' title='bbox 3370 3545 3578 3616; x_wconf 78' lang='lat' dir='ltr'><strong>guber-</strong></span> 
     </span>
    </p>
   </div>
   <div class='ocr_carea' id='block_1_81' title="bbox 1995 3639 3574 3719">
    <p class='ocr_par' dir='ltr' id='par_1_81' title="bbox 1995 3639 3574 3719">
     <span class='ocr_line' id='line_1_81' title="bbox 1995 3639 3574 3719; baseline -0.013 -9"><span class='ocrx_word' id='word_1_557' title='bbox 1995 3653 2149 3710; x_wconf 84' lang='lat' dir='ltr'><strong>navit</strong></span> <span class='ocrx_word' id='word_1_558' title='bbox 2175 3650 2390 3706; x_wconf 85' lang='lat' dir='ltr'><strong>Zabdas</strong></span> <span class='ocrx_word' id='word_1_559' title='bbox 2429 3666 2444 3701; x_wconf 89' lang='lat'><strong>:</strong></span> <span class='ocrx_word' id='word_1_560' title='bbox 2487 3662 2598 3719; x_wconf 83' lang='lat' dir='ltr'><strong>quo</strong></span> <span class='ocrx_word' id='word_1_561' title='bbox 2627 3647 2793 3717; x_wconf 89' lang='lat' dir='ltr'><strong>paulo</strong></span> <span class='ocrx_word' id='word_1_562' title='bbox 2822 3652 2948 3712; x_wconf 90' lang='lat' dir='ltr'><strong>post</strong></span> <span class='ocrx_word' id='word_1_563' title='bbox 2987 3642 3275 3702; x_wconf 81' lang='lat' dir='ltr'><strong>defuncto,</strong></span> <span class='ocrx_word' id='word_1_564' title='bbox 3310 3639 3574 3691; x_wconf 84' lang='lat' dir='ltr'><strong>thronum</strong></span> 
     </span>
    </p>
   </div>
   <div class='ocr_carea' id='block_1_82' title="bbox 1995 3729 3576 3805">
    <p class='ocr_par' dir='ltr' id='par_1_82' title="bbox 1995 3729 3576 3805">
     <span class='ocr_line' id='line_1_82' title="bbox 1995 3729 3576 3805; baseline -0.012 -3"><span class='ocrx_word' id='word_1_565' title='bbox 1995 3762 2120 3803; x_wconf 91' lang='lat' dir='ltr'><strong>eum</strong></span> <span class='ocrx_word' id='word_1_566' title='bbox 2182 3745 2424 3799; x_wconf 82' lang='lat' dir='ltr'><strong>Hermon</strong></span> <span class='ocrx_word' id='word_1_567' title='bbox 2483 3739 2723 3794; x_wconf 85' lang='lat' dir='ltr'><strong>ornavit.</strong></span> <span class='ocrx_word' id='word_1_568' title='bbox 2778 3733 3122 3791; x_wconf 63' lang='lat' dir='ltr'><strong>Alexandriae</strong></span> <span class='ocrx_word' id='word_1_569' title='bbox 3166 3731 3432 3805; x_wconf 81' lang='lat' dir='ltr'><strong>Maximo,</strong></span> <span class='ocrx_word' id='word_1_570' title='bbox 3479 3729 3576 3799; x_wconf 83' lang='lat' dir='ltr'><strong>qui</strong></span> 
     </span>
    </p>
   </div>
   <div class='ocr_carea' id='block_1_83' title="bbox 1993 3822 3577 3913">
    <p class='ocr_par' dir='ltr' id='par_1_83' title="bbox 1993 3822 3577 3913">
     <span class='ocr_line' id='line_1_83' title="bbox 1993 3822 3577 3913; baseline -0.012 -17"><span class='ocrx_word' id='word_1_571' title='bbox 1993 3849 2121 3913; x_wconf 89' lang='lat' dir='ltr'><strong>post</strong></span> <span class='ocrx_word' id='word_1_572' title='bbox 2163 3835 2483 3913; x_wconf 83' lang='lat' dir='ltr'><strong>Dionysium</strong></span> <span class='ocrx_word' id='word_1_573' title='bbox 2528 3847 2663 3889; x_wconf 72' lang='lat' dir='ltr'><strong>xvru</strong></span> <span class='ocrx_word' id='word_1_574' title='bbox 2705 3830 2866 3883; x_wconf 85' lang='lat' dir='ltr'><strong>annis</strong></span> <span class='ocrx_word' id='word_1_575' title='bbox 2913 3827 3214 3882; x_wconf 85' lang='lat' dir='ltr'><strong>Ecclesiam</strong></span> <span class='ocrx_word' id='word_1_576' title='bbox 3258 3822 3577 3878; x_wconf 78' lang='lat' dir='ltr'><strong>moderatus</strong></span> 
     </span>
    </p>
   </div>
   <div class='ocr_carea' id='block_1_84' title="bbox 1992 3908 3571 4005">
    <p class='ocr_par' dir='ltr' id='par_1_84' title="bbox 1992 3908 3571 4005">
     <span class='ocr_line' id='line_1_84' title="bbox 1992 3908 3571 4005; baseline -0.015 -16"><span class='ocrx_word' id='word_1_577' title='bbox 1992 3908 2096 3996; x_wconf 76' lang='lat' dir='ltr'><strong>est,</strong></span> <span class='ocrx_word' id='word_1_578' title='bbox 2130 3941 2371 3991; x_wconf 89' lang='lat' dir='ltr'><strong>mortuo,</strong></span> <span class='ocrx_word' id='word_1_579' title='bbox 2416 3908 2582 3997; x_wconf 60' lang='lat'><strong>640</strong></span> <span class='ocrx_word' id='word_1_580' title='bbox 2631 3922 2820 3977; x_wconf 88' lang='lat' dir='ltr'><strong>Theon</strong></span> <span class='ocrx_word' id='word_1_581' title='bbox 2872 3922 3049 3973; x_wconf 81' lang='lat' dir='ltr'><strong>factus</strong></span> <span class='ocrx_word' id='word_1_582' title='bbox 3094 3928 3181 4005; x_wconf 73' lang='lat' dir='ltr'><strong>est</strong></span> <span class='ocrx_word' id='word_1_583' title='bbox 3223 3915 3515 3984; x_wconf 83' lang='lat' dir='ltr'><strong>episcopus</strong></span> <span class='ocrx_word' id='word_1_584' title='bbox 3555 3929 3571 3967; x_wconf 90' lang='lat'><strong>:</strong></span> 
     </span>
    </p>
   </div>
   <div class='ocr_carea' id='block_1_85' title="bbox 1993 4006 3577 4083">
    <p class='ocr_par' dir='ltr' id='par_1_85' title="bbox 1993 4006 3577 4083">
     <span class='ocr_line' id='line_1_85' title="bbox 1993 4006 3577 4083; baseline -0.015 -1"><span class='ocrx_word' id='word_1_585' title='bbox 1993 4026 2081 4083; x_wconf 89' lang='lat' dir='ltr'><strong>cui</strong></span> <span class='ocrx_word' id='word_1_586' title='bbox 2118 4022 2385 4078; x_wconf 88' lang='lat' dir='ltr'><strong>successit</strong></span> <span class='ocrx_word' id='word_1_587' title='bbox 2414 4018 2631 4076; x_wconf 85' lang='lat' dir='ltr'><strong>Petrus,</strong></span> <span class='ocrx_word' id='word_1_588' title='bbox 2665 4011 2757 4082; x_wconf 85' lang='lat' dir='ltr'><strong>qui</strong></span> <span class='ocrx_word' id='word_1_589' title='bbox 2790 4011 3158 4065; x_wconf 88' lang='lat' dir='ltr'><strong>obtruncatus</strong></span> <span class='ocrx_word' id='word_1_590' title='bbox 3191 4006 3437 4077; x_wconf 86' lang='lat' dir='ltr'><strong>martyrii</strong></span> <span class='ocrx_word' id='word_1_591' title='bbox 3483 4020 3577 4059; x_wconf 89' lang='lat' dir='ltr'><strong>co-</strong></span> 
     </span>
    </p>
   </div>
   <div class='ocr_carea' id='block_1_86' title="bbox 1994 4095 3578 4178">
    <p class='ocr_par' dir='ltr' id='par_1_86' title="bbox 1994 4095 3578 4178">
     <span class='ocr_line' id='line_1_86' title="bbox 1994 4095 3578 4178; baseline -0.012 -8"><span class='ocrx_word' id='word_1_592' title='bbox 1994 4128 2186 4171; x_wconf 88' lang='lat' dir='ltr'><strong>ronam</strong></span> <span class='ocrx_word' id='word_1_593' title='bbox 2243 4109 2506 4178; x_wconf 84' lang='lat' dir='ltr'><strong>suscepit.</strong></span> <span class='ocrx_word' id='word_1_594' title='bbox 2557 4107 2634 4158; x_wconf 83' lang='lat' dir='ltr'><strong>Ac</strong></span> <span class='ocrx_word' id='word_1_595' title='bbox 2680 4103 3002 4174; x_wconf 90' lang='lat' dir='ltr'><strong>pontilicum</strong></span> <span class='ocrx_word' id='word_1_596' title='bbox 3056 4099 3442 4154; x_wconf 87' lang='lat' dir='ltr'><strong>successiones</strong></span> <span class='ocrx_word' id='word_1_597' title='bbox 3493 4095 3578 4151; x_wconf 73' lang='lat' dir='ltr'><strong>ha:</strong></span> 
     </span>
    </p>
   </div>
   <div class='ocr_carea' id='block_1_87' title="bbox 1995 4211 2247 4266">
    <p class='ocr_par' dir='ltr' id='par_1_87' title="bbox 1995 4211 2247 4266">
     <span class='ocr_line' id='line_1_87' title="bbox 1995 4211 2247 4266; baseline -0.04 0"><span class='ocrx_word' id='word_1_598' title='bbox 1995 4211 2247 4266; x_wconf 84' lang='lat' dir='ltr'><strong>fuerunt.</strong></span> 
     </span>
    </p>
   </div>
   <div class='ocr_carea' id='block_1_88' title="bbox 300 4282 3579 4371">
    <p class='ocr_par' dir='ltr' id='par_1_88' title="bbox 300 4282 3579 4371">
     <span class='ocr_line' id='line_1_88' title="bbox 300 4282 3579 4371; baseline -0.001 -16"><span class='ocrx_word' id='word_1_599' title='bbox 300 4302 424 4355; x_wconf 82' lang='grc' dir='ltr'><strong>τῶν</strong></span> <span class='ocrx_word' id='word_1_600' title='bbox 466 4301 753 4371; x_wconf 82' lang='grc' dir='ltr'><strong>Ῥωμαίων</strong></span> <span class='ocrx_word' id='word_1_601' title='bbox 787 4300 1119 4371; x_wconf 82' lang='grc' dir='ltr'><strong>ἐπισκοπῆς.</strong></span> <span class='ocrx_word' id='word_1_602' title='bbox 1163 4298 1329 4353; x_wconf 74' lang='grc' dir='ltr'><strong>Οὔπω</strong></span> <span class='ocrx_word' id='word_1_603' title='bbox 1362 4301 1419 4353; x_wconf 74' lang='grc' dir='ltr'><strong>δὲ</strong></span> <span class='ocrx_word' id='word_1_604' title='bbox 1453 4305 1595 4370; x_wconf 83' lang='grc' dir='ltr'><strong>μησὶ</strong></span> <span class='ocrx_word' id='word_1_605' title='bbox 1627 4301 1761 4356; x_wconf 80' lang='grc' dir='ltr'><strong>δέκα</strong></span> <span class='ocrx_word' id='word_1_606' title='bbox 1822 4312 1922 4361; x_wconf 85' lang='grc' dir='ltr'><strong>καὶ</strong></span> <span class='ocrx_word' id='word_1_607' title='bbox 1959 4300 2114 4368; x_wconf 74' lang='grc' dir='ltr'><strong>οὗτος</strong></span> <span class='ocrx_word' id='word_1_608' title='bbox 2155 4297 2541 4366; x_wconf 80' lang='grc' dir='ltr'><strong>ἐπισκοπήσας</strong></span> <span class='ocrx_word' id='word_1_609' title='bbox 2571 4287 2877 4362; x_wconf 72' lang='grc' dir='ltr'><strong>μετήλλαξε</strong></span> <span class='ocrx_word' id='word_1_610' title='bbox 2906 4286 3004 4357; x_wconf 73' lang='grc' dir='ltr'><strong>τὴν</strong></span> <span class='ocrx_word' id='word_1_611' title='bbox 3037 4284 3204 4353; x_wconf 48' lang='lat' dir='ltr'><strong>(milva</strong></span> <span class='ocrx_word' id='word_1_612' title='bbox 3236 4282 3332 4334; x_wconf 58' lang='grc' dir='ltr'><strong>καὶ</strong></span> <span class='ocrx_word' id='word_1_613' title='bbox 3358 4282 3579 4333; x_wconf 61' lang='grc' dir='ltr'><strong>ἀντεῖ-(Γ</strong></span> 
     </span>
    </p>
   </div>
   <div class='ocr_carea' id='block_1_89' title="bbox 301 4376 3579 4471">
    <p class='ocr_par' dir='ltr' id='par_1_89' title="bbox 301 4376 3579 4471">
     <span class='ocr_line' id='line_1_89' title="bbox 301 4376 3579 4471; baseline -0.012 -4"><span class='ocrx_word' id='word_1_614' title='bbox 301 4397 453 4471; x_wconf 65' lang='grc' dir='ltr'><strong>ἤχθη</strong></span> <span class='ocrx_word' id='word_1_615' title='bbox 518 4401 596 4461; x_wconf 75' lang='grc' dir='ltr'><strong>εἶς</strong></span> <span class='ocrx_word' id='word_1_616' title='bbox 627 4399 687 4450; x_wconf 80' lang='grc' dir='ltr'><strong>τδ</strong></span> <span class='ocrx_word' id='word_1_617' title='bbox 748 4400 848 4470; x_wconf 78' lang='grc' dir='ltr'><strong>τῆς</strong></span> <span class='ocrx_word' id='word_1_618' title='bbox 879 4396 1247 4467; x_wconf 77' lang='grc' dir='ltr'><strong>ποιμαντικῆς</strong></span> <span class='ocrx_word' id='word_1_619' title='bbox 1299 4395 1675 4468; x_wconf 75' lang='grc' dir='ltr'><strong>λειτούργημα</strong></span> <span class='ocrx_word' id='word_1_620' title='bbox 1743 4400 1783 4453; x_wconf 86' lang='grc' dir='ltr'><strong><em>Γ</em></strong></span> <span class='ocrx_word' id='word_1_621' title='bbox 1788 4401 1927 4464; x_wconf 84' lang='grc' dir='ltr'><strong>άῖος.</strong></span> <span class='ocrx_word' id='word_1_622' title='bbox 1972 4396 2160 4468; x_wconf 73' lang='grc' dir='ltr'><strong>Οὖπερ</strong></span> <span class='ocrx_word' id='word_1_623' title='bbox 2211 4394 2356 4466; x_wconf 76' lang='grc' dir='ltr'><strong>ἀμφὶ</strong></span> <span class='ocrx_word' id='word_1_624' title='bbox 2408 4390 2476 4444; x_wconf 82' lang='grc' dir='ltr'><strong>τὰ</strong></span> <span class='ocrx_word' id='word_1_625' title='bbox 2509 4384 2903 4442; x_wconf 82' lang='grc' dir='ltr'><strong>πεντεκαίδεκα</strong></span> <span class='ocrx_word' id='word_1_626' title='bbox 2968 4382 3062 4451; x_wconf 85' lang='grc' dir='ltr'><strong>ἐτη</strong></span> <span class='ocrx_word' id='word_1_627' title='bbox 3114 4379 3450 4451; x_wconf 83' lang='grc' dir='ltr'><strong>προστάντος</strong></span> <span class='ocrx_word' id='word_1_628' title='bbox 3478 4376 3579 4471; x_wconf 80' lang='grc' dir='ltr'><strong>τῆς</strong></span> 
     </span>
    </p>
   </div>
   <div class='ocr_carea' id='block_1_90' title="bbox 316 4470 3576 4566">
    <p class='ocr_par' dir='ltr' id='par_1_90' title="bbox 316 4470 3576 4566">
     <span class='ocr_line' id='line_1_90' title="bbox 316 4470 3576 4566; baseline -0.008 -21"><span class='ocrx_word' id='word_1_629' title='bbox 316 4492 654 4562; x_wconf 86' lang='grc' dir='ltr'><strong>Ἐκκλησίας</strong></span> <span class='ocrx_word' id='word_1_630' title='bbox 712 4491 1056 4561; x_wconf 80' lang='grc' dir='ltr'><strong>Μαρκελῖνος</strong></span> <span class='ocrx_word' id='word_1_631' title='bbox 1100 4489 1346 4559; x_wconf 82' lang='grc' dir='ltr'><strong>διάδοχος</strong></span> <span class='ocrx_word' id='word_1_632' title='bbox 1378 4489 1623 4558; x_wconf 85' lang='grc' dir='ltr'><strong>γέγονεν.</strong></span> <span class='ocrx_word' id='word_1_633' title='bbox 1659 4485 1821 4546; x_wconf 78' lang='grc' dir='ltr'><strong>Οὗτοι</strong></span> <span class='ocrx_word' id='word_1_634' title='bbox 1880 4494 1927 4547; x_wconf 84' lang='grc' dir='ltr'><strong>δ’</strong></span> <span class='ocrx_word' id='word_1_635' title='bbox 1966 4489 2107 4566; x_wconf 77' lang='grc' dir='ltr'><strong>ἦσαν</strong></span> <span class='ocrx_word' id='word_1_636' title='bbox 2164 4487 2358 4548; x_wconf 83' lang='grc' dir='ltr'><strong>ἐντοῖς</strong></span> <span class='ocrx_word' id='word_1_637' title='bbox 2410 4481 2627 4554; x_wconf 86' lang='grc' dir='ltr'><strong>χρόνοις</strong></span> <span class='ocrx_word' id='word_1_638' title='bbox 2682 4476 2792 4530; x_wconf 84' lang='grc' dir='ltr'><strong>τῶν</strong></span> <span class='ocrx_word' id='word_1_639' title='bbox 2844 4470 3355 4566; x_wconf 20' lang='grc' dir='ltr'><strong>διωγμῶνϊῖΕν-δέ</strong></span> <span class='ocrx_word' id='word_1_640' title='bbox 3398 4484 3461 4538; x_wconf 87' lang='grc' dir='ltr'><strong>γε</strong></span> 
     </span>
    </p>
   </div>
   <div class='ocr_carea' id='block_1_91' title="bbox 315 4562 3578 4655">
    <p class='ocr_par' dir='ltr' id='par_1_91' title="bbox 315 4562 3578 4655">
     <span class='ocr_line' id='line_1_91' title="bbox 315 4562 3578 4655; baseline -0.005 -16"><span class='ocrx_word' id='word_1_641' title='bbox 315 4584 649 4653; x_wconf 79' lang='grc' dir='ltr'><strong>Ἀντιοχέων</strong></span> <span class='ocrx_word' id='word_1_642' title='bbox 693 4581 994 4653; x_wconf 71' lang='grc' dir='ltr'><strong>Ἐκκλησία</strong></span> <span class='ocrx_word' id='word_1_643' title='bbox 1056 4581 1195 4651; x_wconf 80' lang='grc' dir='ltr'><strong>μετὰ</strong></span> <span class='ocrx_word' id='word_1_644' title='bbox 1256 4580 1463 4650; x_wconf 90' lang='grc' dir='ltr'><strong>Δόμνον</strong></span> <span class='ocrx_word' id='word_1_645' title='bbox 1522 4583 1869 4654; x_wconf 87' lang='grc' dir='ltr'><strong>ἐπεσκόπησε</strong></span> <span class='ocrx_word' id='word_1_646' title='bbox 1909 4562 2162 4655; x_wconf 79' lang='grc' dir='ltr'><strong>Τίμαιος,</strong></span> <span class='ocrx_word' id='word_1_647' title='bbox 2213 4578 2305 4632; x_wconf 78' lang='grc' dir='ltr'><strong>τὸν</strong></span> <span class='ocrx_word' id='word_1_648' title='bbox 2356 4575 2414 4629; x_wconf 82' lang='grc' dir='ltr'><strong>δέ</strong></span> <span class='ocrx_word' id='word_1_649' title='bbox 2483 4572 2715 4641; x_wconf 88' lang='grc' dir='ltr'><strong>Τίμαιον</strong></span> <span class='ocrx_word' id='word_1_650' title='bbox 2762 4567 3035 4632; x_wconf 82' lang='grc' dir='ltr'><strong>διεδέξατο</strong></span> <span class='ocrx_word' id='word_1_651' title='bbox 3113 4562 3401 4634; x_wconf 76' lang='grc' dir='ltr'><strong>Κύριλλος,</strong></span> <span class='ocrx_word' id='word_1_652' title='bbox 3479 4563 3578 4655; x_wconf 48' lang='grc' dir='ltr'><strong>καξ</strong></span> 
     </span>
    </p>
   </div>
   <div class='ocr_carea' id='block_1_92' title="bbox 307 4648 3578 4747">
    <p class='ocr_par' dir='ltr' id='par_1_92' title="bbox 307 4648 3578 4747">
     <span class='ocr_line' id='line_1_92' title="bbox 307 4648 3578 4747; baseline -0.006 -20"><span class='ocrx_word' id='word_1_653' title='bbox 307 4677 458 4747; x_wconf 73' lang='grc' dir='ltr'><strong>μετὰ</strong></span> <span class='ocrx_word' id='word_1_654' title='bbox 496 4648 762 4747; x_wconf 62' lang='grc' dir='ltr'><strong>ιξύριλλον</strong></span> <span class='ocrx_word' id='word_1_655' title='bbox 794 4648 1072 4744; x_wconf 75' lang='grc' dir='ltr'><strong>Τύραννον</strong></span> <span class='ocrx_word' id='word_1_656' title='bbox 1110 4678 1138 4727; x_wconf 87' lang='grc' dir='ltr'><strong>ό</strong></span> <span class='ocrx_word' id='word_1_657' title='bbox 1167 4648 1357 4744; x_wconf 78' lang='grc' dir='ltr'><strong>θρόνος</strong></span> <span class='ocrx_word' id='word_1_658' title='bbox 1386 4674 1623 4740; x_wconf 75' lang='grc' dir='ltr'><strong>ἐδέξατο,</strong></span> <span class='ocrx_word' id='word_1_659' title='bbox 1654 4648 1875 4732; x_wconf 40' lang='grc' dir='ltr'><strong>καθ”ὃν</strong></span> <span class='ocrx_word' id='word_1_660' title='bbox 1913 4680 1944 4747; x_wconf 80' lang='grc' dir='ltr'>ἡ</span> <span class='ocrx_word' id='word_1_661' title='bbox 1977 4648 2085 4730; x_wconf 74' lang='grc' dir='ltr'><strong>τῶν</strong></span> <span class='ocrx_word' id='word_1_662' title='bbox 2124 4668 2463 4740; x_wconf 83' lang='grc' dir='ltr'><strong>Ἐκκλησιῶν</strong></span> <span class='ocrx_word' id='word_1_663' title='bbox 2509 4663 2797 4733; x_wconf 88' lang='grc' dir='ltr'><strong>πολιορκία</strong></span> <span class='ocrx_word' id='word_1_664' title='bbox 2834 4661 2933 4731; x_wconf 77' lang='grc' dir='ltr'><strong>τὴν</strong></span> <span class='ocrx_word' id='word_1_665' title='bbox 3003 4658 3187 4729; x_wconf 82' lang='grc' dir='ltr'><strong>ἀκμὴν</strong></span> <span class='ocrx_word' id='word_1_666' title='bbox 3239 4658 3442 4727; x_wconf 75' lang='grc' dir='ltr'><strong>ἔσχηκε</strong></span> <span class='ocrx_word' id='word_1_667' title='bbox 3481 4648 3578 4709; x_wconf 78' lang='grc' dir='ltr'><strong>καὶ</strong></span> 
     </span>
    </p>
   </div>
   <div class='ocr_carea' id='block_1_93' title="bbox 304 4751 3574 4842">
    <p class='ocr_par' dir='ltr' id='par_1_93' title="bbox 304 4751 3574 4842">
     <span class='ocr_line' id='line_1_93' title="bbox 304 4751 3574 4842; baseline -0.007 -18"><span class='ocrx_word' id='word_1_668' title='bbox 304 4773 343 4840; x_wconf 77' lang='grc' dir='ltr'>ἡ</span> <span class='ocrx_word' id='word_1_669' title='bbox 417 4770 677 4839; x_wconf 75' lang='grc' dir='ltr'><strong>τυραννὶς</strong></span> <span class='ocrx_word' id='word_1_670' title='bbox 735 4767 1010 4839; x_wconf 77' lang='grc' dir='ltr'><strong>ἀφόρητος</strong></span> <span class='ocrx_word' id='word_1_671' title='bbox 1059 4768 1272 4836; x_wconf 90' lang='grc' dir='ltr'><strong>γέγονε.</strong></span> <span class='ocrx_word' id='word_1_672' title='bbox 1340 4767 1383 4819; x_wconf 95' lang='grc' dir='ltr'><strong>Τ</strong></span> <span class='ocrx_word' id='word_1_673' title='bbox 1387 4766 1453 4837; x_wconf 81' lang='grc' dir='ltr'><strong>ἧς</strong></span> <span class='ocrx_word' id='word_1_674' title='bbox 1520 4768 1577 4820; x_wconf 86' lang='grc' dir='ltr'><strong>δέ</strong></span> <span class='ocrx_word' id='word_1_675' title='bbox 1619 4768 1727 4822; x_wconf 85' lang='grc' dir='ltr'><strong>τῶν</strong></span> <span class='ocrx_word' id='word_1_676' title='bbox 1799 4770 2188 4842; x_wconf 79' lang='grc' dir='ltr'><strong>Ἰεροσολύμων</strong></span> <span class='ocrx_word' id='word_1_677' title='bbox 2245 4760 2577 4832; x_wconf 83' lang='grc' dir='ltr'><strong>Ἐκκλησίας</strong></span> <span class='ocrx_word' id='word_1_678' title='bbox 2640 4758 2782 4829; x_wconf 80' lang='grc' dir='ltr'><strong>μετὰ</strong></span> <span class='ocrx_word' id='word_1_679' title='bbox 2827 4756 2918 4810; x_wconf 75' lang='grc' dir='ltr'><strong>τὸν</strong></span> <span class='ocrx_word' id='word_1_680' title='bbox 2984 4752 3277 4825; x_wconf 80' lang='grc' dir='ltr'><strong>Ὑμέναιον</strong></span> <span class='ocrx_word' id='word_1_681' title='bbox 3332 4751 3574 4842; x_wconf 82' lang='grc' dir='ltr'><strong>προέστη</strong></span> 
     </span>
    </p>
   </div>
   <div class='ocr_carea' id='block_1_94' title="bbox 303 4841 3578 4934">
    <p class='ocr_par' dir='ltr' id='par_1_94' title="bbox 303 4841 3578 4934">
     <span class='ocr_line' id='line_1_94' title="bbox 303 4841 3578 4934; baseline -0.008 -15"><span class='ocrx_word' id='word_1_682' title='bbox 303 4862 522 4926; x_wconf 80' lang='grc' dir='ltr'><strong>Ζάὸδας</strong></span> <span class='ocrx_word' id='word_1_683' title='bbox 545 4861 678 4932; x_wconf 88' lang='grc'><strong>(87),</strong></span> <span class='ocrx_word' id='word_1_684' title='bbox 701 4855 763 4916; x_wconf 78' lang='grc' dir='ltr'><strong>οὗ</strong></span> <span class='ocrx_word' id='word_1_685' title='bbox 797 4862 914 4932; x_wconf 86' lang='grc' dir='ltr'><strong>μετ’</strong></span> <span class='ocrx_word' id='word_1_686' title='bbox 945 4861 1007 4914; x_wconf 85' lang='grc' dir='ltr'><strong>ού</strong></span> <span class='ocrx_word' id='word_1_687' title='bbox 1038 4860 1172 4914; x_wconf 81' lang='grc' dir='ltr'><strong>πολὺ</strong></span> <span class='ocrx_word' id='word_1_688' title='bbox 1205 4861 1635 4931; x_wconf 85' lang='grc' dir='ltr'><strong>κεκοιμημένου,</strong></span> <span class='ocrx_word' id='word_1_689' title='bbox 1698 4841 1925 4934; x_wconf 83' lang='grc' dir='ltr'><strong>Ἕρμων</strong></span> <span class='ocrx_word' id='word_1_690' title='bbox 1962 4841 2081 4917; x_wconf 81' lang='grc' dir='ltr'><strong>τὸν</strong></span> <span class='ocrx_word' id='word_1_691' title='bbox 2122 4859 2311 4932; x_wconf 88' lang='grc' dir='ltr'><strong>θρόνον</strong></span> <span class='ocrx_word' id='word_1_692' title='bbox 2335 4855 2527 4910; x_wconf 82' lang='grc' dir='ltr'><strong>τοῦτον</strong></span> <span class='ocrx_word' id='word_1_693' title='bbox 2558 4850 2839 4921; x_wconf 85' lang='grc' dir='ltr'><strong>ἐκόμισεν.</strong></span> <span class='ocrx_word' id='word_1_694' title='bbox 2878 4848 2967 4901; x_wconf 88' lang='grc' dir='ltr'><strong>Ἐν</strong></span> <span class='ocrx_word' id='word_1_695' title='bbox 3009 4847 3066 4900; x_wconf 83' lang='grc' dir='ltr'><strong>δέ</strong></span> <span class='ocrx_word' id='word_1_696' title='bbox 3091 4849 3158 4916; x_wconf 81' lang='grc' dir='ltr'><strong>τῇ</strong></span> <span class='ocrx_word' id='word_1_697' title='bbox 3199 4841 3578 4912; x_wconf 79' lang='grc' dir='ltr'><strong>’Δλεξανδρείᾳ</strong></span> 
     </span>
    </p>
   </div>
   <div class='ocr_carea' id='block_1_95' title="bbox 299 4935 3573 5027">
    <p class='ocr_par' dir='ltr' id='par_1_95' title="bbox 299 4935 3573 5027">
     <span class='ocr_line' id='line_1_95' title="bbox 299 4935 3573 5027; baseline -0.008 -18"><span class='ocrx_word' id='word_1_698' title='bbox 299 4957 572 5027; x_wconf 79' lang='grc' dir='ltr'><strong>Μαξίμου</strong></span> <span class='ocrx_word' id='word_1_699' title='bbox 591 4956 688 5009; x_wconf 82' lang='grc' dir='ltr'><strong>τοῦ</strong></span> <span class='ocrx_word' id='word_1_700' title='bbox 715 4954 855 5025; x_wconf 86' lang='grc' dir='ltr'><strong>μετὰ</strong></span> <span class='ocrx_word' id='word_1_701' title='bbox 880 4953 1158 5007; x_wconf 89' lang='grc' dir='ltr'><strong>Διονύσιον</strong></span> <span class='ocrx_word' id='word_1_702' title='bbox 1186 4951 1365 5005; x_wconf 79' lang='grc' dir='ltr'><strong>ἐτεσιν</strong></span> <span class='ocrx_word' id='word_1_703' title='bbox 1383 4952 1761 5007; x_wconf 81' lang='grc' dir='ltr'><strong>ὀκτωκαίδεκα</strong></span> <span class='ocrx_word' id='word_1_704' title='bbox 1828 4951 1927 5024; x_wconf 81' lang='grc' dir='ltr'><strong>τὴν</strong></span> <span class='ocrx_word' id='word_1_705' title='bbox 1968 4949 2285 5023; x_wconf 75' lang='grc' dir='ltr'><strong>ἱερουργίαν</strong></span> <span class='ocrx_word' id='word_1_706' title='bbox 2331 4944 2650 5005; x_wconf 85' lang='grc' dir='ltr'><strong>ἀνύσαντος,</strong></span> <span class='ocrx_word' id='word_1_707' title='bbox 2726 4939 2788 4992; x_wconf 82' lang='grc' dir='ltr'><strong>τὸ</strong></span> <span class='ocrx_word' id='word_1_708' title='bbox 2828 4935 3007 5010; x_wconf 85' lang='grc' dir='ltr'><strong>χρεὼν</strong></span> <span class='ocrx_word' id='word_1_709' title='bbox 3056 4935 3573 5005; x_wconf 81' lang='grc' dir='ltr'><strong>λειτουργήσαντος,</strong></span> 
     </span>
    </p>
   </div>
   <div class='ocr_carea' id='block_1_96' title="bbox 297 5030 3571 5120">
    <p class='ocr_par' dir='ltr' id='par_1_96' title="bbox 297 5030 3571 5120">
     <span class='ocr_line' id='line_1_96' title="bbox 297 5030 3571 5120; baseline -0.008 -14"><span class='ocrx_word' id='word_1_710' title='bbox 297 5053 531 5114; x_wconf 65' lang='grc' dir='ltr'><strong>Θεῶνας</strong></span> <span class='ocrx_word' id='word_1_711' title='bbox 554 5049 959 5120; x_wconf 86' lang='grc' dir='ltr'><strong>ἐπεσκόπησεν.</strong></span> <span class='ocrx_word' id='word_1_712' title='bbox 1000 5048 1099 5102; x_wconf 85' lang='grc' dir='ltr'><strong>Ὃν</strong></span> <span class='ocrx_word' id='word_1_713' title='bbox 1133 5045 1410 5111; x_wconf 78' lang='grc' dir='ltr'><strong>διεδέξατο</strong></span> <span class='ocrx_word' id='word_1_714' title='bbox 1450 5046 1678 5115; x_wconf 81' lang='grc' dir='ltr'><strong>Πέτρος,</strong></span> <span class='ocrx_word' id='word_1_715' title='bbox 1739 5046 1800 5110; x_wconf 81' lang='grc' dir='ltr'><strong>ὃς</strong></span> <span class='ocrx_word' id='word_1_716' title='bbox 1857 5048 1955 5100; x_wconf 80' lang='grc' dir='ltr'><strong>καὶ</strong></span> <span class='ocrx_word' id='word_1_717' title='bbox 2015 5046 2106 5100; x_wconf 70' lang='grc' dir='ltr'><strong>τὸν</strong></span> <span class='ocrx_word' id='word_1_718' title='bbox 2144 5044 2240 5099; x_wconf 82' lang='grc' dir='ltr'><strong>τοῦ</strong></span> <span class='ocrx_word' id='word_1_719' title='bbox 2299 5036 2601 5112; x_wconf 87' lang='grc' dir='ltr'><strong>μαρτυρίου</strong></span> <span class='ocrx_word' id='word_1_720' title='bbox 2659 5033 2924 5104; x_wconf 79' lang='grc' dir='ltr'><strong>στέφανον</strong></span> <span class='ocrx_word' id='word_1_721' title='bbox 2969 5033 3163 5105; x_wconf 72' lang='grc' dir='ltr'><strong>ήρατο,</strong></span> <span class='ocrx_word' id='word_1_722' title='bbox 3201 5031 3300 5103; x_wconf 82' lang='grc' dir='ltr'><strong>τὴν</strong></span> <span class='ocrx_word' id='word_1_723' title='bbox 3328 5030 3571 5099; x_wconf 76' lang='grc' dir='ltr'><strong>κεφαλὴν</strong></span> 
     </span>
    </p>
   </div>
   <div class='ocr_carea' id='block_1_97' title="bbox 296 5134 2436 5216">
    <p class='ocr_par' dir='ltr' id='par_1_97' title="bbox 296 5134 2436 5216">
     <span class='ocr_line' id='line_1_97' title="bbox 296 5134 2436 5216; baseline -0.007 -15"><span class='ocrx_word' id='word_1_724' title='bbox 296 5144 636 5216; x_wconf 75' lang='grc' dir='ltr'><strong>ἐκτμηθείς.</strong></span> <span class='ocrx_word' id='word_1_725' title='bbox 692 5144 760 5196; x_wconf 80' lang='lat' dir='ltr'><strong>Ai.</strong></span> <span class='ocrx_word' id='word_1_726' title='bbox 818 5142 919 5213; x_wconf 89' lang='grc' dir='ltr'><strong>μέν</strong></span> <span class='ocrx_word' id='word_1_727' title='bbox 958 5140 1051 5195; x_wconf 77' lang='grc' dir='ltr'><strong>οὖν</strong></span> <span class='ocrx_word' id='word_1_728' title='bbox 1073 5140 1182 5195; x_wconf 90' lang='grc' dir='ltr'><strong>τῶν</strong></span> <span class='ocrx_word' id='word_1_729' title='bbox 1204 5138 1511 5211; x_wconf 84' lang='grc' dir='ltr'><strong>ἀρχιερέων</strong></span> <span class='ocrx_word' id='word_1_730' title='bbox 1538 5137 1746 5193; x_wconf 88' lang='grc' dir='ltr'><strong>τούτων</strong></span> <span class='ocrx_word' id='word_1_731' title='bbox 1778 5139 2024 5210; x_wconf 77' lang='grc' dir='ltr'><strong>διαδοχαὶ</strong></span> <span class='ocrx_word' id='word_1_732' title='bbox 2051 5137 2208 5209; x_wconf 80' lang='grc' dir='ltr'><strong>ἔσχον</strong></span> <span class='ocrx_word' id='word_1_733' title='bbox 2240 5134 2436 5197; x_wconf 74' lang='grc' dir='ltr'><strong>οὓτως.</strong></span> 
     </span>
    </p>
   </div>
   <div class='ocr_carea' id='block_1_98' title="bbox 380 5215 1895 5305">
    <p class='ocr_par' dir='ltr' id='par_1_98' title="bbox 380 5215 1885 5305">
     <span class='ocr_line' id='line_1_98' title="bbox 380 5215 1885 5305; baseline -0.005 -14"><span class='ocrx_word' id='word_1_734' title='bbox 380 5215 506 5292; x_wconf 76' lang='lat' dir='ltr'><strong>AA’.</strong></span> <span class='ocrx_word' id='word_1_735' title='bbox 556 5232 941 5305; x_wconf 83' lang='grc' dir='ltr'><strong>Διοκλητιανδς</strong></span> <span class='ocrx_word' id='word_1_736' title='bbox 985 5234 1043 5286; x_wconf 84' lang='grc' dir='ltr'><strong>δέ</strong></span> <span class='ocrx_word' id='word_1_737' title='bbox 1098 5232 1194 5303; x_wconf 84' lang='grc' dir='ltr'><strong>τὴν</strong></span> <span class='ocrx_word' id='word_1_738' title='bbox 1244 5231 1545 5303; x_wconf 80' lang='grc' dir='ltr'><strong>ἠγεμονίαν</strong></span> <span class='ocrx_word' id='word_1_739' title='bbox 1589 5230 1791 5302; x_wconf 82' lang='grc' dir='ltr'><strong>λαχὼν,</strong></span> <span class='ocrx_word' id='word_1_740' title='bbox 1827 5231 1885 5296; x_wconf 77' lang='grc' dir='ltr'><strong>ὃς</strong></span> 
     </span>
    </p>
   </div>
   <div class='ocr_carea' id='block_1_99' title="bbox 1995 5215 3567 5305">
    <p class='ocr_par' dir='ltr' id='par_1_99' title="bbox 2064 5215 3567 5298">
     <span class='ocr_line' id='line_1_99' title="bbox 2064 5215 3567 5298; baseline -0.011 -13"><span class='ocrx_word' id='word_1_741' title='bbox 2064 5229 2258 5285; x_wconf 79' lang='lat' dir='ltr'><strong>XXXI.</strong></span> <span class='ocrx_word' id='word_1_742' title='bbox 2289 5227 2583 5298; x_wconf 86' lang='lat' dir='ltr'><strong>Imperium</strong></span> <span class='ocrx_word' id='word_1_743' title='bbox 2604 5233 2786 5279; x_wconf 91' lang='lat' dir='ltr'><strong>autem</strong></span> <span class='ocrx_word' id='word_1_744' title='bbox 2814 5219 3187 5276; x_wconf 88' lang='lat' dir='ltr'><strong>Diocletianus</strong></span> <span class='ocrx_word' id='word_1_745' title='bbox 3208 5225 3291 5271; x_wconf 91' lang='lat' dir='ltr'><strong>est</strong></span> <span class='ocrx_word' id='word_1_746' title='bbox 3311 5215 3567 5283; x_wconf 67' lang='lat' dir='ltr'><strong>adeptus.</strong></span> 
     </span>
    </p>
   </div>
   <div class='ocr_carea' id='block_1_100' title="bbox 300 5307 1895 5400">
    <p class='ocr_par' dir='ltr' id='par_1_100' title="bbox 300 5321 1889 5400">
     <span class='ocr_line' id='line_1_100' title="bbox 300 5321 1889 5400; baseline -0.004 -16"><span class='ocrx_word' id='word_1_747' title='bbox 300 5330 606 5400; x_wconf 60' lang='grc' dir='ltr'><strong>Δαλμάτης</strong></span> <span class='ocrx_word' id='word_1_748' title='bbox 663 5329 763 5399; x_wconf 89' lang='grc' dir='ltr'><strong>μέν</strong></span> <span class='ocrx_word' id='word_1_749' title='bbox 816 5321 885 5397; x_wconf 75' lang='grc' dir='ltr'><strong>ἦν</strong></span> <span class='ocrx_word' id='word_1_750' title='bbox 933 5328 994 5379; x_wconf 88' lang='grc' dir='ltr'><strong>τὸ</strong></span> <span class='ocrx_word' id='word_1_751' title='bbox 1045 5325 1224 5394; x_wconf 82' lang='grc' dir='ltr'><strong>γένος,</strong></span> <span class='ocrx_word' id='word_1_752' title='bbox 1259 5323 1513 5396; x_wconf 81' lang='grc' dir='ltr'><strong>πατέρων</strong></span> <span class='ocrx_word' id='word_1_753' title='bbox 1569 5324 1616 5377; x_wconf 81' lang='grc' dir='ltr'><strong>δ’</strong></span> <span class='ocrx_word' id='word_1_754' title='bbox 1658 5324 1889 5395; x_wconf 83' lang='grc' dir='ltr'><strong>ἀσήμων</strong></span> 
     </span>
    </p>
   </div>
   <div class='ocr_carea' id='block_1_101' title="bbox 1995 5307 3568 5400">
    <p class='ocr_par' dir='ltr' id='par_1_101' title="bbox 1995 5307 3568 5382">
     <span class='ocr_line' id='line_1_101' title="bbox 1995 5307 3568 5382; baseline -0.013 -6"><span class='ocrx_word' id='word_1_755' title='bbox 1995 5322 2215 5376; x_wconf 89' lang='lat' dir='ltr'><strong>natione</strong></span> <span class='ocrx_word' id='word_1_756' title='bbox 2279 5320 2546 5382; x_wconf 85' lang='lat' dir='ltr'><strong>Dalmata,</strong></span> <span class='ocrx_word' id='word_1_757' title='bbox 2591 5316 2846 5373; x_wconf 90' lang='lat' dir='ltr'><strong>obscuris</strong></span> <span class='ocrx_word' id='word_1_758' title='bbox 2887 5323 3044 5368; x_wconf 88' lang='lat' dir='ltr'><strong>ortus</strong></span> <span class='ocrx_word' id='word_1_759' title='bbox 3096 5307 3438 5381; x_wconf 86' lang='lat' dir='ltr'><strong>parentibus,</strong></span> <span class='ocrx_word' id='word_1_760' title='bbox 3490 5313 3568 5369; x_wconf 87' lang='lat' dir='ltr'><strong>et,</strong></span> 
     </span>
    </p>
   </div>
   <div class='ocr_carea' id='block_1_102' title="bbox 300 5400 1895 5491">
    <p class='ocr_par' dir='ltr' id='par_1_102' title="bbox 300 5415 1884 5491">
     <span class='ocr_line' id='line_1_102' title="bbox 300 5415 1884 5491; baseline -0.003 -17"><span class='ocrx_word' id='word_1_761' title='bbox 300 5420 481 5491; x_wconf 66' lang='grc' dir='ltr'><strong>(τινὲς</strong></span> <span class='ocrx_word' id='word_1_762' title='bbox 544 5419 601 5473; x_wconf 85' lang='grc' dir='ltr'><strong>δὲ</strong></span> <span class='ocrx_word' id='word_1_763' title='bbox 662 5417 1028 5486; x_wconf 79' lang='grc' dir='ltr'><strong>ἀπελεύθερον</strong></span> <span class='ocrx_word' id='word_1_764' title='bbox 1103 5416 1266 5470; x_wconf 84' lang='grc' dir='ltr'><strong>αὐτόν</strong></span> <span class='ocrx_word' id='word_1_765' title='bbox 1338 5433 1504 5485; x_wconf 82' lang='grc' dir='ltr'><strong>φασιν</strong></span> <span class='ocrx_word' id='word_1_766' title='bbox 1571 5415 1884 5469; x_wconf 80' lang='grc' dir='ltr'><strong>Ἀνουλίνου</strong></span> 
     </span>
    </p>
   </div>
   <div class='ocr_carea' id='block_1_103' title="bbox 1995 5400 3568 5491">
    <p class='ocr_par' dir='ltr' id='par_1_103' title="bbox 1995 5400 3568 5483">
     <span class='ocr_line' id='line_1_103' title="bbox 1995 5400 3568 5483; baseline -0.01 -16"><span class='ocrx_word' id='word_1_767' title='bbox 1995 5422 2053 5467; x_wconf 86' lang='lat' dir='ltr'><strong>ut</strong></span> <span class='ocrx_word' id='word_1_768' title='bbox 2086 5411 2311 5483; x_wconf 87' lang='lat' dir='ltr'><strong>quidam</strong></span> <span class='ocrx_word' id='word_1_769' title='bbox 2346 5411 2593 5473; x_wconf 85' lang='lat' dir='ltr'><strong>tradunt,</strong></span> <span class='ocrx_word' id='word_1_770' title='bbox 2623 5406 2848 5463; x_wconf 83' lang='lat' dir='ltr'><strong>Anulini</strong></span> <span class='ocrx_word' id='word_1_771' title='bbox 2900 5404 3174 5461; x_wconf 83' lang='lat' dir='ltr'><strong>senatoris</strong></span> <span class='ocrx_word' id='word_1_772' title='bbox 3215 5400 3468 5461; x_wconf 86' lang='lat' dir='ltr'><strong>libertus,</strong></span> <span class='ocrx_word' id='word_1_773' title='bbox 3500 5412 3568 5451; x_wconf 83' lang='lat' dir='ltr'><strong>ex</strong></span> 
     </span>
    </p>
   </div>
   <div class='ocr_carea' id='block_1_104' title="bbox 304 5493 1895 5585">
    <p class='ocr_par' dir='ltr' id='par_1_104' title="bbox 304 5506 1887 5583">
     <span class='ocr_line' id='line_1_104' title="bbox 304 5506 1887 5583; baseline -0.003 -16"><span class='ocrx_word' id='word_1_774' title='bbox 304 5510 731 5583; x_wconf 75' lang='grc' dir='ltr'><strong>συγκλητικοῦ),</strong></span> <span class='ocrx_word' id='word_1_775' title='bbox 768 5510 827 5575; x_wconf 82' lang='grc' dir='ltr'><strong>ἐξ</strong></span> <span class='ocrx_word' id='word_1_776' title='bbox 851 5508 1087 5563; x_wconf 82' lang='grc' dir='ltr'><strong>εὐτελῶν</strong></span> <span class='ocrx_word' id='word_1_777' title='bbox 1121 5509 1471 5583; x_wconf 80' lang='grc' dir='ltr'><strong>στρατιωτῶν</strong></span> <span class='ocrx_word' id='word_1_778' title='bbox 1508 5507 1635 5575; x_wconf 80' lang='grc' dir='ltr'><strong>δοὺξ</strong></span> <span class='ocrx_word' id='word_1_779' title='bbox 1672 5506 1887 5570; x_wconf 80' lang='grc' dir='ltr'><strong>Μυσίας</strong></span> 
     </span>
    </p>
   </div>
   <div class='ocr_carea' id='block_1_105' title="bbox 1995 5493 3569 5585">
    <p class='ocr_par' dir='ltr' id='par_1_105' title="bbox 1995 5493 3569 5585">
     <span class='ocr_line' id='line_1_105' title="bbox 1995 5493 3569 5585; baseline -0.011 -25"><span class='ocrx_word' id='word_1_780' title='bbox 1995 5505 2167 5560; x_wconf 89' lang='lat' dir='ltr'><strong>milite</strong></span> <span class='ocrx_word' id='word_1_781' title='bbox 2222 5502 2475 5576; x_wconf 75' lang='lat' dir='ltr'><strong>gregario</strong></span> <span class='ocrx_word' id='word_1_782' title='bbox 2527 5500 2715 5573; x_wconf 71' lang='lat' dir='ltr'><strong>Mysia:</strong></span> <span class='ocrx_word' id='word_1_783' title='bbox 2764 5503 2870 5585; x_wconf 56' lang='lat' dir='ltr'><strong>dus</strong></span> <span class='ocrx_word' id='word_1_784' title='bbox 2904 5496 3097 5551; x_wconf 76' lang='lat' dir='ltr'><strong>evasit.</strong></span> <span class='ocrx_word' id='word_1_785' title='bbox 3148 5493 3253 5547; x_wconf 80' lang='lat' dir='ltr'><strong>Alii</strong></span> <span class='ocrx_word' id='word_1_786' title='bbox 3299 5506 3432 5547; x_wconf 80' lang='lat' dir='ltr'><strong>vero</strong></span> <span class='ocrx_word' id='word_1_787' title='bbox 3457 5505 3569 5545; x_wconf 83' lang='lat' dir='ltr'><strong>co-</strong></span> 
     </span>
    </p>
   </div>
   <div class='ocr_carea' id='block_1_106' title="bbox 1497 5618 2677 5691">
    <p class='ocr_par' dir='ltr' id='par_1_106' title="bbox 1497 5618 2677 5691">
     <span class='ocr_line' id='line_1_106' title="bbox 1497 5618 2677 5691; baseline -0.001 -10"><span class='ocrx_word' id='word_1_788' title='bbox 1497 5620 1694 5681; x_wconf 72' lang='lat' dir='ltr'><strong>Varim</strong></span> <span class='ocrx_word' id='word_1_789' title='bbox 1712 5618 2032 5683; x_wconf 85' lang='lat' dir='ltr'><strong>lectiones</strong></span> <span class='ocrx_word' id='word_1_790' title='bbox 2073 5626 2135 5681; x_wconf 89' lang='lat' dir='ltr'><strong>et</strong></span> <span class='ocrx_word' id='word_1_791' title='bbox 2178 5624 2368 5680; x_wconf 72' lang='lat' dir='ltr'><strong>noue.</strong></span> <span class='ocrx_word' id='word_1_792' title='bbox 2670 5684 2677 5691; x_wconf 68' lang='grc'><strong>,</strong></span> 
     </span>
    </p>
   </div>
   <div class='ocr_carea' id='block_1_107' title="bbox 384 5735 1895 5817">
    <p class='ocr_par' dir='ltr' id='par_1_107' title="bbox 384 5743 1895 5817">
     <span class='ocr_line' id='line_1_107' title="bbox 384 5743 1895 5817; baseline -0.001 -17"><span class='ocrx_word' id='word_1_793' title='bbox 384 5747 498 5817; x_wconf 63' lang='grc' dir='ltr'><strong>(δῖ)</strong></span> <span class='ocrx_word' id='word_1_794' title='bbox 526 5744 782 5800; x_wconf 77' lang='grc' dir='ltr'><strong>Ζάεδιιν.</strong></span> <span class='ocrx_word' id='word_1_795' title='bbox 815 5746 931 5801; x_wconf 89' lang='lat' dir='ltr'><strong>Duo</strong></span> <span class='ocrx_word' id='word_1_796' title='bbox 973 5744 1133 5801; x_wconf 86' lang='lat' dir='ltr'><strong>codd.</strong></span> <span class='ocrx_word' id='word_1_797' title='bbox 1171 5743 1305 5816; x_wconf 77' lang='lat' dir='ltr'><strong>Reg.</strong></span> <span class='ocrx_word' id='word_1_798' title='bbox 1365 5754 1417 5801; x_wconf 86' lang='lat' dir='ltr'><strong>et</strong></span> <span class='ocrx_word' id='word_1_799' title='bbox 1468 5744 1713 5802; x_wconf 86' lang='lat' dir='ltr'><strong>Colbcrt.</strong></span> <span class='ocrx_word' id='word_1_800' title='bbox 1741 5745 1895 5817; x_wconf 77' lang='grc' dir='ltr'><strong>Ζάμϐ</strong></span> 
     </span>
    </p>
   </div>
   <div class='ocr_carea' id='block_1_108' title="bbox 1995 5735 2936 5817">
    <p class='ocr_par' dir='ltr' id='par_1_108' title="bbox 1995 5735 2936 5813">
     <span class='ocr_line' id='line_1_108' title="bbox 1995 5735 2936 5813; baseline -0.013 -12"><span class='ocrx_word' id='word_1_801' title='bbox 1995 5764 2021 5813; x_wconf 62' lang='grc' dir='ltr'><strong>ν,</strong></span> <span class='ocrx_word' id='word_1_802' title='bbox 2052 5745 2190 5801; x_wconf 80' lang='lat' dir='ltr'><strong>alter</strong></span> <span class='ocrx_word' id='word_1_803' title='bbox 2219 5740 2355 5812; x_wconf 75' lang='lat' dir='ltr'><strong>Reg.</strong></span> <span class='ocrx_word' id='word_1_804' title='bbox 2392 5740 2577 5796; x_wconf 69' lang='grc' dir='ltr'><strong>Ζιὶὃαν</strong></span> <span class='ocrx_word' id='word_1_805' title='bbox 2613 5735 2936 5806; x_wconf 65' lang='lat' dir='ltr'><strong>praeferunt.</strong></span> 
     </span>
    </p>
   </div>
  </div>
