3938 6208
501 290 641 354 1083

1762 274 2007 340 ῙΟΑΝΝ
2021 272 2091 332 18
2126 266 2448 332 ΖΟΝΛΒΕ

3568 267 3678 333 1084

499 409 689 464 mitem
718 405 1166 462 domesticormm
1217 403 1387 460 fuisse
1438 398 1685 462 tradunt.
1735 410 1875 467 quos
1934 407 2075 448 non-

2189 386 2393 456 ἐγένετο
2413 400 2427 413 ’
2454 380 2603 436 ἄλλοι
2623 380 2681 433 δὲ
2708 381 2924 449 κόμη-τα
2950 378 3284 449 δομεστῑκων
3305 379 3454 433 αὐτὸν
3474 383 3678 449 γενέσθαι

500 501 638 555 nulli
666 499 884 569 equites
928 513 1051 553 esse
1094 506 1314 567 putant.
1352 494 1515 565 Apud
1558 491 1761 548 milites
1806 503 1909 559 pro
1940 502 2076 540 con-

498 596 659 649 cione
696 591 1008 651 aﬂirmavit,
1046 606 1106 644 se
1157 588 1324 644 caulis
1376 584 1699 642 Numeriani
1748 598 1859 637 non
1904 580 2075 635 fuisse

499 685 822 740 conscium:
855 684 1128 752 simulque
1155 682 1223 736 ad
1254 683 1459 749 Aprum
1492 678 1811 749 praelectum
1838 676 2075 730 militum

500 792 831 833 conversus:
861 775 990 839 Hoc,
1018 773 1218 843 inquit,
1245 771 1392 826 illius
1422 787 1695 842 percussor
1712 780 1811 832 est,
1836 782 2076 837 eumque

499 885 631 924 ense
675 880 920 936 arrepto,
980 865 1281 921 interfecit.
1339 865 1572 919 Romam
1625 877 1749 919 eum
1811 860 2075 923 venisset,

502 974 688 1016 rerum
720 956 1260 1013 administrationem
1292 954 1538 1023 suscepit
1570 970 1585 1007 :
1612 951 2074 1019 considerataque

501 1052 853 1121 principatus
906 1048 1294 1119 amplitudine,
1356 1046 1476 1102 sive
1530 1053 1765 1116 quarto,
1813 1043 1953 1106 sive,
2016 1049 2079 1095 ut

500 1144 595 1198 alii
653 1144 877 1207 docent,
952 1140 1197 1196 secundo
1269 1139 1487 1208 imperii
1558 1152 1742 1202 anno,
1811 1135 2075 1205 collegam

501 1236 884 1292 Maximiannm
920 1233 1242 1289 Herculium
1272 1233 1512 1297 asciscit,
1539 1239 1707 1286 tantas
1730 1229 1859 1284 moli
1895 1244 2078 1284 rerum

499 1344 560 1383 se
608 1342 777 1382 unum
833 1326 1101 1396 imparem
1135 1340 1258 1380 esse
1296 1332 1471 1379 ratus.
1523 1322 1701 1378 Ambo
1749 1321 1916 1391 igitur
1944 1335 2078 1374 con-

498 1418 874 1475 sentientibus
915 1416 1117 1472 animis
1171 1416 1619 1487 persecutionem
1678 1424 1874 1469 contra
1918 1412 2080 1469 Chri-

498 1513 710 1566 stianos
738 1510 1123 1573 instituerunt,
1172 1508 1558 1579 superioribus
1596 1506 1859 1562 omnibus
1902 1504 2078 1561 vehe-

499 1602 829 1658 mentiorem
856 1610 913 1657 et
956 1601 1366 1656 humaniorem.
1412 1600 1640 1657 Summo
1663 1600 1815 1655 enim
1864 1598 2079 1661 studio,

500 1710 567 1751 ac
600 1695 785 1765 potius
819 1693 1031 1760 furore,
1063 1694 1159 1749 Dei
1193 1692 1372 1749 nostri
1407 1694 1537 1748 Jesu
1575 1692 1782 1748 Christi
1834 1691 2079 1747 salutare

503 1799 708 1839 nomen
743 1784 799 1838 in
836 1784 1094 1840 omnibus
1120 1784 1309 1840 delere
1345 1784 1512 1838 terris
1546 1792 1678 1839 sunt
1719 1782 1926 1839 conati.
1957 1781 2080 1848 Quo

503 1890 753 1945 tempore
780 1885 932 1931 tanta
964 1892 1158 1932 eorum
1211 1876 1304 1947 qui
1354 1891 1455 1946 pro
1488 1875 1695 1932 Christi
1734 1876 2084 1932 confessione

503 1968 559 2022 in
607 1968 870 2023 omnibus
912 1968 1237 2024 civitatibus
1285 1977 1342 2023 et
1388 1968 1693 2038 provinciis
1736 1967 1955 2024 fortiter
1987 1981 2083 2023 oc-

503 2060 852 2123 cumberent,
905 2059 1208 2114 multitudo
1259 2060 1387 2125 fuit,
1435 2069 1497 2114 ut
1550 2075 1745 2115 eorum
1792 2060 1923 2115 iniri
1976 2075 2083 2114 nu-

504 2168 691 2208 merus
724 2168 871 2223 aegre
904 2154 1099 2224 possit.
1160 2152 1312 2208 Hanc
1356 2154 1503 2209 enim
1557 2153 1930 2210 carniﬁcinam
1980 2169 2079 2210 cac-

506 2244 643 2298 teris
672 2244 841 2300 rebus
866 2246 1129 2299 omnibus
1159 2245 1615 2300 antevertendam
1641 2259 1763 2301 esse
1788 2244 2083 2315 putabant.

509 2331 821 2387 Busiridem
874 2349 1009 2388 vero
1054 2343 1112 2389 et
1157 2333 1397 2405 Coptum
1427 2336 1617 2402 urbes,
1661 2336 1870 2392 Thebis
1924 2335 2084 2408 [Egy-

506 2421 705 2490 ptiacis
756 2422 1008 2488 vicinas,
1070 2440 1200 2479 cum
1268 2425 1642 2492 defecissent,
1705 2427 2087 2483 Diocletianus

410 2556 418 2566 .
507 2514 658 2583 cepit
713 2522 880 2584 atque
914 2516 1138 2570 evertit.
1184 2516 1336 2578 Post,
1389 2516 1722 2572 Alexandria
1758 2533 1982 2587 quoque
2031 2527 2088 2573 et

506 2606 774 2679 A'ngptus
800 2606 1013 2662 Achille
1042 2607 1280 2677 quodam
1308 2617 1537 2664 auctore
1567 2624 1720 2663 arma
1753 2618 1949 2665 contra
1974 2610 2086 2665 Ro-

505 2712 702 2753 manos
775 2708 1172 2768 sumpserunt:
1240 2699 1336 2754 sed
1397 2700 1739 2756 Diocletiano
1786 2701 1933 2756 haud
1990 2703 2088 2757 diu

503 2792 858 2857 restiterunt,
912 2791 1182 2861 multique
1231 2791 1522 2849 seditionis
1567 2792 1937 2849 concitatores
1981 2809 2087 2853 una

506 2899 639 2940 cum
681 2883 895 2940 Achille
925 2900 1119 2954 ptenas
1149 2884 1450 2941 dederunt.
1495 2885 1871 2942 Diocletianus
1919 2901 2087 2957 porro

505 2987 564 3033 et
616 2976 1003 3045 Maximianus,
1056 2992 1219 3034 suum
1269 2986 1504 3049 uterque
1551 2993 1814 3049 generum
1845 2977 2088 3035 Caesares

505 3070 903 3127 declararunt:
942 3072 1322 3128 Diocletianus
1368 3072 1725 3128 Maximinum
1758 3072 2083 3137 Gallerium,

507 3162 598 3219 cui
631 3161 799 3219 ﬁliam
827 3163 1103 3219 Valeriam
1146 3164 1557 3235 desponderat:
1593 3162 1888 3219 Herculius
1915 3163 2091 3219 Maxi-

507 3253 727 3309 mianus
749 3252 1155 3319 Constantium,
1201 3256 1299 3324 qui
1340 3270 1368 3308 a
1402 3255 1613 3325 pallore
1639 3254 1881 3311 Chlorus
1927 3270 2092 3310 voea-

510 3344 702 3409 batur,
735 3352 996 3413 nepotem
1027 3344 1265 3410 Claudii,
1290 3346 1384 3416 qui
1418 3346 1582 3417 paulo
1608 3357 1736 3402 ante
1765 3346 2091 3414 imperarat,

510 3445 575 3492 ut
594 3436 705 3507 iam
736 3436 991 3507 exposui,
1019 3438 1290 3508 desponsa
1321 3438 1432 3495 lilia
1462 3438 1777 3496 Theodore.
1826 3440 2096 3507 Quamvis

510 3535 696 3581 autem
726 3525 891 3582 ambo
916 3525 1165 3584 Caesares
1208 3545 1410 3585 uxores
1437 3529 1733 3596 haberent,
1773 3538 1961 3587 tamen
1999 3547 2092 3588 re-

511 3616 754 3686 pudiatis
771 3617 903 3685 illis,
926 3618 1327 3689 imperatorum
1354 3619 1675 3676 aﬂinitatem
1702 3624 2093 3692 pratulerunt.

512 3707 876 3765 Maximianus
935 3709 992 3765 in
1039 3709 1245 3767 Gallias
1280 3709 1441 3783 εει
1492 3711 1796 3781 prolectus,
1855 3712 2093 3771 Amandi

517 3800 809 3870 cujusdam
858 3812 1068 3857 motum
1106 3805 1391 3873 repressit.
1433 3804 1716 3867 Crassum,
1752 3805 1846 3875 qui
1876 3806 2096 3861 Britan-

513 3892 663 3947 niam
724 3908 822 3962 per
868 3894 1170 3950 triennium
1202 3909 1522 3963 occuparat,
1563 3895 1860 3966 prmfectus
1909 3896 2096 3953 Ascle-

512 3984 774 4055 piodotus
800 3988 1046 4041 sustulit.
1078 3988 1668 4058 Quinqueﬁentianos
1707 3990 1803 4059 qui
1852 3989 2094 4045 Africam

515 4086 897 4145 occuparant,
973 4078 1263 4136 Herculius
1333 4080 1655 4136 debellavit.
1737 4081 2096 4139 Constantius

523 4167 706 4221 Caesar
732 4169 786 4221 in
826 4168 1019 4224 Galliis
1049 4170 1315 4225 adversus
1366 4171 1696 4227 Alemannos
1748 4171 1957 4227 bellum
1999 4189 2094 4244 ge-

516 4273 667 4323 rens,
699 4260 898 4316 eodem
927 4261 1019 4317 die
1054 4271 1112 4317 et
1144 4263 1326 4318 victus
1350 4271 1456 4327 est,
1504 4272 1566 4319 et
1608 4265 1761 4320 vicit.
1798 4263 1934 4320 Nam
1982 4265 2098 4335 pri-

518 4367 668 4407 mum
700 4368 826 4408 cum
851 4354 1140 4410 Alemanni
1171 4370 1372 4426 magno
1408 4356 1615 4426 impetu
1650 4358 1704 4410 in
1729 4357 1848 4428 ejus
1877 4358 2095 4413 exerci-

2176 478 2330 549 φασί.
2359 474 2726 545 Δομεστίκους
2765 473 2822 526 δέ
2856 489 3004 534 τινες
3050 473 3174 533 τοὺς
3208 471 3398 530 ἱππέας
3428 473 3677 541 νομίζουσι.

2174 567 2569 637 Διαλεγόμενος
2604 564 2661 617 δὲ
2718 566 2832 627 τοῖς
2882 562 3248 633 στρατιώταις
3302 562 3573 616 διεόεὸαιου
3624 566 3682 636 μὴ

2175 662 2503 730 κοινωνῆσαι
2549 657 2628 728 τῷ
2678 657 2826 727 φόνῳ
2869 656 2963 709 τοῦ
3010 655 3385 725 Νουμεριανοῦ
3407 671 3420 687 ⁸
3449 658 3532 708 καὶ
3556 658 3602 708 ἐν
3625 659 3684 726 τῷ

2174 752 2349 807 ταῦτα
2393 752 2576 820 λέγειν
2622 750 2886 818 στραφεὶς
2947 748 3085 818 πρός
3130 746 3223 800 τὸν
3263 747 3458 818 Ἀπρον
3496 749 3684 819 ἔπαρχον

2148 845 2306 899 ⁴ὅντα
2356 843 2452 896 τοῦ
2507 842 2942 911 στρατεύματος,
3000 834 3212 905 Οὗτος,
3267 838 3389 910 ἔφη,
3437 843 3467 893 ὁ
3500 841 3685 896 ἐκείνου

2177 937 2420 1007 φονεύς.
2460 933 2571 987 Καὶ
2605 934 2807 987 αὐτίκα
2860 932 2938 1003 τῷ
2999 932 3143 1003 μετά
3189 934 3377 1001 χεῖρας
3406 930 3536 998 ξίφει
3564 935 3688 987 αὐτὸν

2177 1024 2409 1082 ἀνεῖλεν.
2455 1027 2545 1079 Ἐν
2569 1026 2625 1079 δὲ
2655 1027 2722 1096 τῇ
2765 1022 2959 1097 Ῥώμη
2978 1026 3272 1094 γενόμενος
3302 1020 3408 1075 τῶν
3435 1023 3522 1092 τῆς
3555 1026 3688 1094 ἀρχῆς

2179 1118 2525 1188 πραγμάτων
2575 1117 3002 1187 ἀντεποιήσατο,
3052 1118 3148 1169 καὶ
3190 1116 3293 1186 τῆς
3336 1116 3522 1169 τούτων
3552 1118 3687 1185 mare

2177 1210 2522 1281 διοικήσεως.
2598 1208 2839 1263 Ἀπιδὼν
2887 1209 2943 1262 δὲ
2992 1208 3133 1280 πρὸς
3191 1207 3253 1260 τὸ
3311 1208 3406 1276 τῆς
3468 1208 3691 1278 βασιλείας

2180 1301 2508 1372 ὑπέρογκον,
2558 1301 2816 1354 κοινωνὸν
2866 1301 3037 1371 αὐτῆς
3080 1299 3546 1373 προσλαμϐάνεται
3589 1304 3692 1356 κατὰ

2177 1398 2241 1450 τὸ
2266 1397 2530 1467 τέταρτον
2588 1394 2709 1458 ἔτος
2765 1395 2868 1464 τῆς
2929 1395 3235 1465 ἡγεμονίας
3301 1393 3480 1456 αὑτοῦ,
3532 1394 3561 1458 ἢ
3603 1394 3693 1447 καθ’

2181 1489 2401 1559 ἑτέρους
2451 1487 2595 1541 κατά
2640 1485 2700 1540 τὸ
2729 1485 2984 1557 δεύτερον
3035 1484 3380 1557 Μαξιμιανδν
3407 1487 3492 1537 τὸν
3522 1486 3695 1554 Ἔρκούο

2180 1581 2319 1644 λιον,
2370 1580 2451 1650 μὴ
2485 1579 2682 1634 ἑαυτὸν
2736 1579 2895 1649 μόνον
2957 1578 3237 1649 ἀρκοῦντα
3293 1577 3427 1647 πρὸς
3483 1579 3693 1646 τοσαύτης

2183 1672 2360 1744 ἀρχῆς
2406 1671 2678 1741 διοίκησιν
2726 1671 3112 1741 λογισάμενος.
3166 1672 3368 1740 ’Ἄμφω
3407 1669 3570 1722 τοίνυν
3591 1687 3693 1739 sup»

2183 1764 2524 1827 πνεύσαντες
2581 1763 2825 1834 διωγμὸν
2877 1762 3159 1834 ἀγείρουσι
3211 1763 3355 1816 κατά
3395 1762 3693 1831 Χριστιανῶν,

2184 1856 2293 1910 τῶν
2334 1858 2467 1929 πρὶν
2517 1858 2825 1927 γεγονότων
2871 1856 3137 1910 ἁπάντων
3172 1855 3519 1924 σφοδρότερόν
3547 1873 3594 1907 τε
3626 1857 3695 1908 καὶ

2185 1945 2552 2017 ἀγριώτερον.
2582 1942 2874 2015 Ἐκθύμως
2913 1936 3046 2013 γὰρ,
3078 1942 3288 2012 μᾶλλον
3336 1936 3392 1997 δὲ
3443 1942 3698 2013 περιμανῶς

2183 2034 2247 2091 τὸ
2275 2032 2370 2090 τοῦ
2398 2037 2536 2089 Θεοῦ
2575 2034 2734 2107 ἡμῶν
2768 2034 2946 2106 Ἰησοῦ
2975 2032 3218 2107 Χριστοῦ
3255 2032 3502 2088 ἔσπευδον
3546 2038 3598 2087 ὲκ
3622 2036 3697 2088 τά·

2188 2148 2289 2200 σης
2340 2128 2448 2200 γῆς
2503 2127 2789 2199 ἐξαλεῖψαι
2855 2129 3128 2200 σωτήριον
3183 2127 3375 2197 ὄνομα.
3425 2120 3549 2181 Ὅτε
3595 2128 3697 2181 κατὰ

2186 2229 2367 2280 πᾶσαν
2420 2226 2577 2280 πόλιν
2636 2226 2732 2280 καὶ⁵
2795 2225 2984 2297 χώραν
3035 2225 3287 2279 τοσοῦτοι
3342 2219 3474 2293 ὅπερ
3521 2225 3603 2292 τῆς
3641 2226 3700 2287 εἰς

2186 2320 2427 2390 Χριστὸν
2484 2319 2781 2389 ὁμολογίας
2847 2318 3203 2389 ἠνδρὶσαντο,
3245 2317 3321 2382 ὡς
3377 2318 3493 2389 μηδ’
3533 2317 3698 2388 ἀριθμῷ

2189 2410 2376 2482 σχεδὸν
2415 2406 2616 2474 αὐτοὺς
2661 2409 2976 2481 ὑπαχθῆναι
3018 2409 3210 2480 ῥᾴδιον
3258 2407 3429 2465 εἶναι·
3463 2412 3597 2481 ἔργον
3620 2414 3709 2481 rip,

2192 2503 2360 2557 τοῦτο
2396 2502 2506 2555 τῶν
2547 2502 2726 2557 ἄλλων
2752 2503 3012 2556 ἁπάντων
3048 2501 3301 2556 ἐτίθεντο
3336 2502 3698 2572 σπουδαιότερον.

2189 2593 2510 2664 Βουσὶρεως
2571 2592 2627 2645 δὲ
2693 2593 2788 2646 καὶ
2840 2587 3069 2647 Κοπτοῦ
3117 2594 3330 2646 πόλεων
3386 2592 3702 2662 Αἰγυπτιακῶν

2188 2686 2321 2755 περὶ
2362 2684 2463 2750 τὰς
2514 2685 2634 2738 ἐκεῖ
2684 2684 2867 2754 Θήϐας
2914 2685 3258 2755 οἰκουμένων
3305 2686 3384 2748 εἰς
3433 2684 3703 2738 ἀποστασίαν

2188 2775 2552 2838 ὲκκλινασῶν,
2618 2778 2648 2831 ὁ
2707 2772 3096 2846 Διοκλητιανδς
3179 2777 3563 2847 ἐκστρατεύσας
3612 2777 3701 2828 κατ’

2186 2869 2366 2922 αὐτῶν
2406 2862 2519 2922 εἷλέ
2551 2886 2611 2922 τε
2654 2872 2751 2924 καὶ
2784 2869 2957 2934 αὑτὰς
2989 2871 3088 2923 καὶ⁹
3124 2870 3493 2940 κατέσκαψεν.
3518 2867 3611 2922 Εἶτ’
3636 2864 3702 2922 αὖ·

2189 2962 2273 3024 θις
2301 2960 2679 3033 Ἀλεξάνδρεια
2711 2964 2856 3033 καὶὴ
2877 2964 3156 3032 Αἴγυπτος
3189 2965 3427 3035 ἀντῆραν
3453 2966 3586 3035 χεῖρα
3606 2962 3703 3015 Ῥω-

2197 3056 2405 3126 μαίοις,
2435 3055 2729 3126 Ἀχιλλέως
2764 3058 2908 3119 τινὸς
2934 3059 3016 3120 εις
3057 3056 3227 3111 τοῦτο
3265 3060 3393 3123 τοὺς
3432 3056 3696 3125 Αἰγυπτίους

2194 3149 2573 3218 ύπαγαγόντος
2599 3167 2612 3179 ο
2662 3149 2799 3203 ἀλλά
2846 3149 3142 3220 Ῥωμαίων
3203 3150 3387 3212 αὐτοῖς
3433 3149 3701 3202 ἐπελθόντων

2192 3241 2292 3294 σὺν
2338 3237 2732 3310 Διοκλητιανῷ.
2763 3240 2866 3292 οὐκ
2894 3239 3166 3310 ἀντέσχον
3197 3240 3292 3292 ἐπὶ
3324 3239 3474 3302 πολὺ,
3504 3240 3583 3292 καὶ
3610 3236 3701 3289 noi-

2192 3332 2276 3387 λοὶ
2311 3329 2423 3386 τῶν
2448 3327 2641 3387 αἰτίων
2667 3332 2767 3403 τῆς
2803 3332 3051 3395 στάσεως
3078 3331 3454 3403 ἀνῃρέθησαν,
3482 3331 3566 3385 καὶ
3585 3330 3703 3390 nisi;

2205 3419 2509 3494 ’Δχιλλεύς.
2537 3420 2923 3491 Διοκλητιανδς
2957 3420 3016 3476 δὲ
3047 3422 3147 3475 καὶ
3177 3422 3512 3491 Μαξιμιανδς
3546 3422 3701 3474 Καισα-

2197 3531 2296 3587 ρας
2350 3514 2776 3585 ἐχειροτόνησαν
2827 3516 2957 3579 τοὺς
3008 3515 3227 3569 ἑαυτῶν
3286 3514 3599 3585 κηδεστὰς.ό
3632 3512 3701 3582 μὲν

2194 3606 2587 3677 Διοκλητιανδς
2607 3604 2928 3677 ’Μαξιμῖνον
2954 3609 3044 3661 τὸν
3068 3607 3398 3680 Γαλλέριον,
3429 3609 3517 3678 τὴν
3548 3603 3701 3659 aliain

2195 3699 2475 3769 Θυγατὲρα
2508 3695 2776 3764 συζεύξας
2813 3697 2968 3770 αὐτῷ
3009 3699 3279 3772 Βαλερίαν
3327 3718 3340 3732 ο
3389 3703 3417 3754 ὁ
3454 3699 3497 3754 δ’
3532 3694 3705 3767 ’Βριιού-

2194 3793 2309 3857 λιος
2356 3792 2707 3862 Μαξιμιανὸς
2766 3792 3108 3847 Κώνσταντα
3166 3793 3341 3863 (88).
3393 3792 3449 3855 ὃς
3487 3786 3700 3855 ἐπεκλήθη

2195 3883 2422 3956 Χλωρδς
2446 3883 2536 3938 διὰ
2564 3884 2664 3955 τὴν
2693 3884 3004 3955 ὠχρότητα,
3033 3883 3397 3955 θυγατριδοῦν
3421 3884 3537 3938 ὄντα
3570 3879 3701 3933 Κλαυ-

2195 3976 2311 4030 δίου
2357 3977 2451 4030 τοῦ
2511 3976 2621 4048 πρὺ
2664 3977 2868 4047 μικροῦ
2929 3976 3382 4046 βασιλεύσαντος,
3414 3977 3483 4037 ὡς
3520 3973 3602 4045 ἤδη
3641 3985 3704 4038 μοι

2197 4071 2440 4141 εἴρηται,
2499 4071 2595 4125 καὶ
2657 4070 2822 4134 αὐτὸς
2872 4070 3051 4142 τούτῳ
3106 4070 3211 4140 τὴν
3263 4067 3450 4123 ἑαυτοῦ
3494 4061 3703 4132 Θυγατέρι

2197 4161 2482 4232 Θεοδώραν
2528 4162 2944 4232 κατεγγυήσας.
2994 4162 3108 4214 Καὶ
3142 4161 3310 4232 ἄμφω
3341 4159 3394 4212 δὲ
3425 4160 3493 4211 τὼ
3523 4154 3704 4219 Καίσαρι

2197 4254 2375 4308 τούτω
2421 4254 2676 4324 γαμετὰς
2730 4254 2979 4323 εἰχέτην·
3029 4251 3173 4307 ἀλλὰ
3203 4252 3293 4305 διὰ
3348 4250 3406 4303 τὸ
3460 4248 3576 4316 πρὸς
3615 4242 3707 4301 τοὺς

2202 4346 2443 4417 βασιλεῖς
2482 4344 2650 4417 κῆδος
2707 4347 2807 4409 τὰς
2870 4345 2970 4415 μὲν
3033 4345 3351 4409 ἀπώσαντο,
3380 4343 3491 4402 ταῖς
3539 4336 3585 4391 δὲ
3625 4332 3702 4385 τῶν

519 4450 636 4495 tum
673 4443 969 4511 irruerent,
1001 4454 1155 4516 terga
1194 4461 1390 4502 ciuiles
1419 4446 1712 4510 dederunt,
1765 4463 1908 4518 quos
1962 4447 2089 4502 dum

2201 4438 2472 4511 βασιλέων
2504 4438 2810 4509 Θυγατράσι
2852 4435 3207 4507 συνῴκησαν.
3244 4433 3497 4503 ’Δμάνδου
3531 4429 3577 4481 δέ
3603 4438 3704 4484 τινος

521 4529 881 4588 Constantius
937 4533 1063 4605 luga
1109 4545 1427 4605 postremus
1474 4538 1857 4605 consequitur,
1905 4552 2100 4608 parum

522 4620 704 4676 abfuit
735 4624 870 4691 quin
907 4624 1082 4694 portis
1103 4626 1218 4695 jam
1242 4626 1446 4682 clausis
1477 4635 1808 4696 caperetur:
1840 4643 1904 4683 ac
1940 4628 2102 4697 plane

523 4714 594 4767 ab
618 4712 871 4770 hostibus
893 4717 1329 4787 comprehensus
1347 4727 1514 4783 esset,
1539 4718 1593 4772 in
1617 4733 1743 4773 eum
1774 4718 2102 4789 capiendum

523 4804 781 4871 intentis,
808 4808 914 4864 nisi
954 4808 1186 4866 funibus
1213 4825 1283 4865 ex
1339 4826 1498 4865 muro
1527 4810 1786 4866 demissis
1836 4821 2105 4867 attractus

521 4911 693 4955 esset.
747 4901 824 4957 ita
873 4911 1260 4968 conservatus,
1293 4911 1458 4973 atque
1499 4903 1554 4957 in
1598 4903 1789 4957 urbem
1825 4896 2114 4974 receptus,

524 5004 827 5049 convocato
863 4997 1049 5051 statim
1091 4996 1366 5061 exercitu,
1419 4998 1671 5052 oratione
1724 4980 1935 5062 habita,
1994 5012 2102 5066 qua

527 5083 765 5139 militum
800 5086 1000 5142 animis
1033 5086 1373 5142 alacritatem
1398 5087 1465 5142 ad
1501 5104 1616 5142 rem
1648 5097 1872 5143 strenue
1902 5103 2104 5158 geren-

526 5176 653 5230 dam
693 5178 898 5243 attulit,
947 5194 1014 5235 ac
1051 5178 1309 5236 ﬁduciam
1359 5179 1654 5249 quamdam
1711 5178 1866 5249 quasi
1929 5179 2104 5250 inspi-

528 5272 694 5337 ravit,
729 5274 916 5328 statim
953 5273 1112 5329 duxit
1141 5283 1334 5329 contra
1374 5275 1613 5338 hostem,
1671 5283 1840 5343 atque
1899 5271 2103 5328 illustri

527 5365 758 5420 victoria
793 5367 999 5437 potitus
1031 5378 1136 5434 est,
1178 5368 1398 5423 circiter
1457 5383 1523 5421 ιχ
1570 5365 1817 5422 millibus
1846 5364 2109 5420 Aleman-

2199 4530 2632 4602 νεωτερίσαντος
2710 4530 2766 4582 ὲν
2829 4525 3112 4592 Γαλλιαις,
3176 4524 3510 4596 Μαξιμιανὸς
3570 4518 3702 4571 ἐκεῖσε

2199 4625 2495 4695 γενόμενος
2520 4622 2615 4677 τὸν
2644 4622 3017 4692 νεωτερισμὸν
3058 4619 3395 4675 κατέστειλε.
3421 4615 3633 4685 Κράσσον
3652 4622 3693 4659 τε

2201 4716 2538 4787 Βρεττανίαν
2604 4713 2990 4785 κατεσχηκότα
3046 4712 3140 4767 ἐπὶ
3211 4712 3484 4771 ἐνιαυτοὺς
3532 4698 3705 4795 τρεῖς.ὁ

2203 4807 2447 4877 ἔπαρχος
2497 4804 2712 4860 ἀνεῖλεν
2753 4802 3243 4871 ’Δσκληπιόδοτοςο
3297 4802 3390 4853 καὶ
3422 4796 3563 4849 πέντε
3587 4799 3705 4841 τινων

2202 4897 2511 4952 Γεντιανῶν
2548 4895 2663 4968 (89)
2690 4895 2790 4969 τὴν
2826 4893 3101 4963 Ἀφρικὴν
3140 4888 3529 4960 κατασχόντων.
3560 4884 3583 4935 ὁ
3614 4877 3703 4943 Ἕρ⁹

2203 4992 2419 5052 κούλιος
2468 4990 2697 5052 τούτους
2737 4985 3180 5055 κατηγωνίσατο.
3230 4985 3293 5038 '0‘
3332 4983 3388 5037 δέ
3434 4995 3493 5049 γε
3540 4977 3702 5034 Καῖσαρ

2203 5085 2469 5146 Κώνστας
2502 5084 2561 5137 ὲν
2593 5078 2715 5143 ταῖς
2742 5080 2998 5142 Γαλλιαις
3023 5078 3160 5148 πρὸς
3202 5071 3552 5145 Ἀλαμαννοὺς
3573 5059 3701 5135 μαχό-

2208 5194 2367 5249 μενος
2423 5176 2523 5247 τῆς
2586 5168 2761 5240 αὐτῆς
2809 5171 3024 5242 ἡμέρας
3073 5170 3280 5242 ἥττητο
3345 5166 3437 5222 καὶ
3487 5158 3700 5252 “VM”:

2207 5271 2485 5342 Πρότερον
2544 5269 2642 5340 μὲν
2696 5265 2807 5338 γὰρ
2864 5265 2975 5319 τῶν
3030 5259 3383 5334 ’Δλαμαννῶν
3468 5257 3529 5324 τῇ
3580 5250 3699 5342 αὐτῷ

2208 5334 2437 5436 στρατιᾷ
2480 5334 2621 5432 μετά
2678 5334 2861 5431 ῥύμης
2914 5354 3350 5426 ὲφορμησάντων
3402 5342 3621 5419 σφοδρᾶς,
3648 5334 3702 5395 εις

1750 5481 1956 5543 ναι-ξω
1984 5480 2302 5544 lectiones
2348 5488 2411 5540 et
2456 5485 2648 5538 not-tn.

609 5591 720 5658 (88)
757 5590 1139 5647 Κώνσταν-τα.
1175 5589 1252 5645 lta
1291 5591 1535 5645 Zonaras
1586 5588 1923 5644 Constantem
1962 5601 2101 5658 iper-

535 5657 710 5728 pe'uo
736 5673 912 5721 \‘M'al,
938 5677 1101 5731 quem
1135 5661 1226 5714 alii
1272 5660 1656 5716 Constantium
1691 5657 2112 5731 :“quelnadmo-A

536 5725 667 5785 dum
695 5730 860 5786 etiam
891 5725 1287 5787 Constantinus
1317 5731 1652 5795 l’oruherg.
1709 5725 1910 5785 lib.-De
1956 5726 2102 5789 adut.

2210 5586 2342 5643 imo.
2372 5597 2496 5650 cap.
2535 5581 2637 5636 ult.
2670 5586 2727 5633 et
2751 5576 2952 5650 Menam
2974 5571 3235 5650 Ἦ-Μειίἰζ
3308 5640 3341 5650 η
3507 5649 3510 5650 ν
3541 5626 3591 5650 Α
3624 5623 3649 5650 ι.

2286 5624 3516 5722 ScaligerUIn
3538 5626 3591 5682 ad
3624 5624 3696 5674 [ιι-

2215 5713 2455 5791 sebiuin,
2489 5736 2540 5793 p.
2585 5719 2714 5783 215,
2750 5717 2807 5770 ll
2838 5713 2974 5769 edit.
