3938 6208
401 284 538 341 1037

1668 277 1990 339 JOANNIS
2026 277 2349 339 ZONAR/E

3467 285 3577 352 1088

396 413 535 453 vane
565 411 694 451 vero
728 394 1065 450 conditionis
1105 394 1382 456 homines.
1415 394 1470 447 in
1502 393 1822 448 servitutem
1856 392 1972 462 rapi

2093 394 2219 455 Τοὺς
2263 392 2313 447 δ’
2353 392 2529 448 ἄλλων
2566 393 2692 455 τοὺς
2741 392 2923 459 ἀξίαις
2960 392 2993 463 ῆ
3041 394 3339 463 στρατείαις
3379 403 3583 457 κατειλε.

395 509 466 547 xx
494 505 638 546 anno
679 488 890 557 imperii
938 487 1269 542 Diocletiani
1316 496 1536 549 exacto,
1583 486 1744 542 ambo
1797 487 1971 549 impe-

399 594 617 638 ratores
667 580 1156 637 consentientibus
1203 578 1405 634 animis
1443 579 1678 648 imperio
1717 593 1777 632 se
1822 577 1976 632 abdi-

399 684 620 737 carunt,
658 674 877 743 publice
926 672 1272 739 profitentes,
1320 687 1381 726 se
1441 671 1571 725 moli
1625 670 1974 740 negotiomm

403 767 813 821 succumbere:
848 768 942 818 sed
984 763 1127 831 apud
1161 777 1259 815 eos
1294 760 1497 829 quibus
1536 776 1731 816 arcana
1767 760 1851 815 sui
1884 776 1976 830 pe-

405 860 574 913 ctoris
596 858 915 919 credebant,
947 857 997 911 id
1037 871 1105 909 ex
1128 855 1512 922 desperatione
1537 853 1721 908 facere
1752 870 1810 907 se
1840 854 1981 908 fale-

407 952 627 1005 bantur.
663 951 800 1016 Quia
841 951 986 1003 enim
1038 964 1143 1003 nec
1185 945 1531 1002 Christianos
1568 959 1830 1014 superare
1877 958 1980 998 nec

405 1045 739 1111 praeconium
761 1042 1062 1097 Christiani
1091 1041 1331 1095 nominis
1355 1040 1709 1106 exstinguere
1731 1043 1975 1105 possent,

404 1148 464 1187 se
508 1149 611 1188 nec
678 1133 916 1202 imperio
985 1132 1128 1187 velle
1198 1130 1329 1186 frui.
1379 1129 1517 1186 Cum
1577 1138 1761 1182 autem
1814 1126 1979 1180 ambo

404 1222 599 1277 eodem
644 1223 733 1277 die
762 1222 996 1291 imperio
1027 1238 1085 1277 se
1125 1238 1190 1276 ex
1248 1220 1556 1290 composito
1605 1218 1977 1280 abdicassent,

405 1315 777 1370 Diocletianus
840 1314 1195 1379 Nicomedia,
1240 1314 1603 1368 Maximianus
1643 1310 1977 1366 Mediolani:

408 1407 502 1461 ille
559 1405 783 1460 Salonis
827 1405 881 1459 in
935 1406 1224 1468 Dalmatia,
1257 1421 1396 1475 quas
1438 1404 1672 1474 patriam
1720 1403 1978 1466 habebat,

2071 485 2307 555 γμένους
2357 485 2569 554 ἀτίμως
2626 484 3009 551 ἐξελαύνεσθαι
3051 486 3143 538 καὶ
3193 489 3287 553 τῆς
3335 489 3469 554 ἀξίας
3509 496 3584 545 καὶ

2072 578 2172 646 τῆς
2236 577 2560 646 στρατείας,
2627 578 2757 639 τοὺς
2818 576 2877 630 δὶ
2955 576 3126 647 τύχης
3194 577 3429 643 ἰδιώτιδος
3496 585 3584 653 (9|)

2072 669 2234 733 ὄντας
2308 668 2651 724 δουλοῦσθαι.
2716 669 2855 737 Ἤδη
2921 669 2979 721 δὲ
3046 671 3284 722 είκοστδν
3344 673 3587 740 ἀνύσαντος

2075 759 2327 814 ἐνιαυτὸν
2388 758 2777 826 Διοκλητιανοῦ
2836 759 2994 828 παρὰ
3041 763 3109 829 τῇ
3173 762 3329 831 ἀρχῇ,
3379 766 3435 817 ἐκ
3481 784 3590 836 συμ-

2077 854 2255 920 φώνου
2296 851 2464 920 ἄμφω
2520 848 2599 903 τὼ
2649 851 3021 922 αὑτοκράτορε
3070 853 3171 922 τὴν
3226 853 3472 923 βασιλείαν
3512 863 3581 913 ἀπ

2080 944 2298 1009 ἐθεντο,
2350 944 2589 1015 δημοσίᾳ
2646 943 2744 1012 μὲν
2808 945 2903 996 τὸν
2953 944 3110 1010 δχλον
3142 946 3250 998 τῶν
3307 951 3592 1018 πραγμάτων

2077 1034 2549 1098 ἀποσκευάζεσθαι
2592 1035 2843 1102 λέγοντες
2873 1052 2888 1066 ⁸
2928 1030 3011 1099 οἷς
3037 1036 3094 1089 δὲ
3142 1037 3209 1090 τὰ
3262 1037 3360 1107 τῆς
3405 1043 3593 1109 καρδίας

2080 1126 2445 1192 ὲξεκάλυπτον
2478 1125 2688 1193 κρύφια
2738 1125 2799 1190 ἐξ
2837 1126 3098 1189 ἀπονοίας
3150 1126 3443 1197 ὡμολόγουν
3490 1133 3593 1186 ἁπο-

2078 1217 2321 1271 τίθεσθαι
2345 1216 2444 1289 τὴν
2480 1215 2679 1287 ἀρχὴν,
2705 1218 2789 1270 ὅτι
2832 1216 2906 1286 μὴ
2953 1218 3337 1287 περιγενέσθαι
3375 1221 3590 1289 Χριστια-

2079 1310 2185 1363 νῶν
2234 1309 2602 1380 ἠδυνήθησαν,
2638 1309 2765 1381 μηδ’
2803 1309 3110 1365 ἀποσϐέσαι
3155 1310 3216 1364 τὺ
3247 1313 3591 1385 Χριστὼνυμον

2079 1404 2363 1473 κήρυγμα,
2397 1400 2532 1471 μηδδ
2563 1401 2663 1469 τῆς
2695 1400 2977 1470 βασιλείας
3026 1402 3320 1457 ἀπολαύειν
3373 1407 3592 1476 αἰρούμεσ

408 1497 501 1550 hic
534 1496 589 1550 in
622 1495 862 1550 Lucania
891 1496 1056 1550 vitam
1105 1497 1234 1566 egit.
1288 1497 1450 1551 Prius
1484 1506 1665 1550 tamen
1699 1496 1765 1550 de
1797 1493 1982 1548 Persis

2093 1512 2183 1548 vet.
2236 1493 2591 1562 Ἀποθέμενοι
2647 1493 2703 1546 δὲ
2750 1493 2850 1564 τὴν
2908 1495 3087 1564 ἀρχὴν
3134 1497 3276 1549 κατά
3326 1497 3417 1565 τὴν
3459 1500 3598 1568 αὐτὴν

412 1590 597 1644 Romae
669 1589 1105 1656 triumpharunt,
1180 1590 1236 1643 in
1297 1603 1408 1658 quo
1459 1586 1740 1654 triumpho
1794 1584 1985 1639 Narsis

2093 1585 2300 1655 ἡμέραν
2334 1586 2398 1638 ὲκ
2449 1584 2823 1655 συνθήματος,
2852 1588 2880 1638 ό
2914 1587 3014 1654 μὲν
3048 1589 3107 1641 ἐν
3143 1588 3461 1657 Νικομηδείᾳ
3493 1590 3596 1657 (92),

410 1694 636 1739 uxores.
684 1678 892 1731 liberos
938 1688 994 1732 et
1049 1693 1293 1740 sorores,
1342 1678 1688 1745 aliarumque
1732 1674 1981 1743 gentium

2093 1678 2113 1727 ὁ
2142 1677 2199 1730 δὲ
2236 1676 2582 1743 Μαξιμιανδς
2618 1679 2676 1730 ὲν
2706 1676 3048 1746 Μεδιολάνῳ,
3092 1680 3189 1731 καὶ
3227 1679 3599 1744 ἰδιωτεύσαντες·

411 1768 581 1825 duces
610 1769 906 1832 duxerunt,
934 1784 1235 1838 omnesque
1278 1769 1500 1822 divitias
1549 1743 1615 1822 ex
1667 1769 1852 1821 Persia
1887 1782 1984 1834 ap-

2093 1769 2471 1836 Διοκλητιανὸς
2526 1769 2624 1837 μὲν
2668 1769 2730 1821 ὲν
2765 1743 3181 1822 Σάλωνινπόλει
3220 1771 3315 1835 τῆς
3343 1772 3601 1842 Δαλματίας

414 1870 679 1929 portatas.
713 1861 863 1914 Haud
898 1876 1030 1914 vero
1064 1862 1165 1916 abs
1208 1877 1266 1915 re
1298 1861 1466 1915 fuerit
1503 1859 1789 1926 explicari.
1834 1857 1981 1911 unde

2093 1860 2295 1927 διῆγεν,
2327 1859 2451 1927 ἥτις
2508 1853 2576 1928 ἦν
2608 1857 2776 1910 αὐτοῦ
2812 1858 2904 1910 καὶ
2951 1858 3173 1927 πατρὶς,
3203 1860 3231 1911 ό
3255 1859 3300 1911 δ’
3339 1861 3601 1929 Ἐρκούλιος

414 1951 678 2020 triumphi
731 1967 930 2005 nomen
982 1963 1263 2021 sumptum
1305 1952 1395 2012 sit.
1449 1966 1513 2006 ac
1576 1952 1629 2004 id
1687 1950 1909 2019 quidem
1956 1963 1986 2002 a

2093 1952 2146 2004 ὲν
2169 1951 2466 2019 Λουκανίᾳ.
2496 1948 2607 2019 Ιίρὸ
2628 1948 2683 2001 δὲ
2717 1947 2821 2017 τῆς
2854 1949 3173 2012 ἀποθέσεως
3202 1950 3300 2020 τῆς
3349 1953 3504 2023 ἀρχῆς
3532 1956 3603 2007 τὸν

425 2044 633 2108 'l'hriis,
693 2060 816 2113 quae
878 2046 1075 2098 ﬁculna
1131 2045 1260 2098 l'olia
1310 2054 1461 2108 sunt,
1516 2042 1720 2096 factum
1772 2049 1986 2112 putant.

419 2136 748 2205 Priusquam
804 2140 950 2190 enim
996 2151 1262 2205 personas
1308 2134 1510 2190 scenici
1560 2136 1987 2204 excogitassent.

420 2226 636 2282 lleulnis
668 2228 816 2281 foliis
856 2229 1027 2282 facies
1076 2228 1260 2293 velati,
1300 2227 1528 2282 dicteria
1559 2225 1813 2280 versibus
1854 2229 1991 2277 iam-

419 2319 559 2375 bicis
586 2320 959 2389 proferebant.
993 2320 1253 2374 Eamdem
1296 2328 1352 2373 et
1401 2318 1606 2373 milites
1650 2318 1701 2370 in
1742 2318 1990 2371 victoriae

420 2410 721 2465 festivitate
746 2412 1021 2466 licentiam
1046 2412 1239 2467 eodem
1262 2420 1458 2466 ornatu
1489 2412 1544 2465 in
1572 2410 1808 2465 victores
1836 2426 1995 2465 usur-

419 2503 645 2574 pabant,
666 2513 831 2571 atque
851 2504 978 2557 hinc
998 2504 1279 2573 triumpho
1311 2518 1511 2559 nomen
1532 2519 1652 2558 esse
1672 2504 1871 2556 factum
1890 2518 1993 2555 an-

420 2604 651 2648 tumant.
684 2593 786 2648 Alii
821 2610 951 2649 vero
979 2611 1047 2648 ex
1076 2612 1163 2657 eo,
1189 2594 1331 2664 quod
1357 2595 1535 2649 tribus
1551 2604 1767 2650 constet
1787 2593 1997 2648 ordini-

422 2684 546 2749 bus,
573 2684 966 2756 seminum
988 2688 1209 2755 pepulo,
1226 2695 1283 2741 et
1298 2686 1587 2751 militibus,
1612 2702 1718 2740 una
1738 2686 1995 2741 inceden-

423 2773 593 2838 tibus,
629 2775 936 2830 litterarum
972 2778 1026 2830 in
1048 2776 1237 2831 Graeco
1263 2779 1529 2833 vocabulo
1560 2779 1824 2849 θρίαμϐος
1858 2794 1997 2832 non-

423 2866 573 2921 nulla
609 2855 923 2924 mutatione
963 2868 1128 2923 facta.
1169 2870 1246 2923 Ea
1288 2870 1467 2938 agitur
1500 2870 1745 2925 victoria:
1783 2870 1997 2925 festivi-

427 2965 535 3012 tate
568 2970 787 3026 peracta
819 2962 1225 3031 imperatoriam
1275 2972 1599 3032 potestatem
1651 2963 1705 3016 in
1754 2963 1999 3020 Ciesares

2090 2042 2180 2094 ἐπὶ
2223 2043 2288 2111 τῇ
2320 2040 2444 2110 νίκῃ
2494 2040 2605 2093 τῶν
2662 2041 2887 2111 Περσῶν
2940 2042 3333 2105 ἐπανελθόντες
3359 2046 3412 2095 ἰν
3448 2043 3599 2118 Ῥώμῃ

2090 2134 2408 2199 κατήγαγον
2440 2131 2733 2201 θρίαμϐον,
2775 2132 2833 2182 ὲν
2863 2125 2907 2199 ᾧ
2937 2133 3034 2195 τάς
3064 2149 3122 2185 τε
3158 2132 3251 2186 τοῦ
3293 2133 3492 2205 Nepam}
3527 2152 3605 2204 γαο

2095 2223 2262 2293 μετάς
2288 2225 2382 2276 καὶ
2409 2223 2478 2276 τὰ
2514 2223 2681 2277 τέκνα
2727 2224 2821 2276 καὶ
2851 2223 2951 2286 τὰς
2994 2224 3301 2293 ὁμαίμονας
3331 2225 3607 2297 ἐθριάμϐευ-

2093 2334 2213 2381 σαν,
2261 2318 2355 2370 καὶ
2398 2318 2679 2386 ἀρχηγοὺς
2709 2318 2912 2385 ἐτέρων
2955 2317 3149 2380 ἐθνῶν,
3198 2319 3289 2371 καὶ
3316 2318 3401 2371 τδν
3425 2318 3604 2373 πλοῦτον

2092 2408 2231 2462 ὅσων
2262 2409 2325 2460 ἐκ
2367 2408 2589 2476 Περσῶν
2619 2408 2923 2477 emtum.
2964 2408 3105 2461 Ἀλλ’
3140 2409 3367 2461 ἐνταῦθα
3408 2410 3604 2481 δηλωθῆ-

2093 2516 2183 2551 ναι
2230 2499 2415 2561 καλὸν,
2452 2499 2577 2551 ὅθεν
2630 2500 2724 2553 καὶ
2761 2500 2822 2552 τὸ
2879 2500 2975 2553 τοῦ
3029 2500 3297 2571 θριάμϐου
3347 2502 3605 2571 ἐξείληπται

2094 2587 2283 2656 ὄνομα.
2313 2588 2481 2640 Φασὶν
2507 2584 2602 2641 οὖν
2624 2587 2897 2657 κληθῆναι
2927 2587 3124 2641 τοῦτον
3165 2590 3229 2641 ὲκ
3270 2589 3373 2642 τῶν
3402 2590 3556 2659 θρίων,
3580 2590 3606 2642 ἆ

2095 2680 2211 2733 ἐστι
2248 2679 2316 2731 τὰ
2349 2680 2448 2747 τῆς
2502 2680 2673 2748 συκῆς
2717 2680 2911 2747 φύλλα.
2957 2681 3073 2751 Πρὸ
3122 2681 3232 2752 γὰρ
3263 2680 3352 2735 τοῦ
3388 2684 3448 2734 τὰ
3477 2698 3608 2751 προσο

2095 2774 2272 2825 ωπεῖα
2301 2771 2653 2842 ἐπινοηθῆναι
2681 2776 2791 2835 τοῖς
2824 2777 3127 2843 σκηνικοῖς,
3152 2777 3320 2844 συκῆς
3344 2775 3533 2843 φύλλοις
3552 2775 3602 2826 τὶ

2096 2862 2307 2916 ἑαυτῶν
2330 2863 2697 2927 καλύπτοντες
2721 2867 3013 2933 πρόσωπα,
3036 2868 3105 2920 δι’
3136 2867 3345 2934 ἰάμϐων
3376 2865 3606 2921 ἐποιοῦντο

2101 2954 2171 3010 τὰ
2205 2954 2548 3025 σκώμματα⁶
2584 2958 2677 3010 καὶ
2710 2960 2760 3010 οἰ
2791 2958 3128 3026 στρατιῶται
3156 2960 3213 3013 δὲ
3251 2962 3307 3013 ὲν
3334 2962 3447 3023 ταῖς
3473 2962 3610 3013 ἰπινι-

426 3052 844 3115 transtulerunt,
872 3062 928 3105 et
957 3053 1143 3122 partiti
1170 3054 1484 3124 imperium,
1511 3055 1840 3112 Orientalem
1870 3071 1992 3125 par-

2100 3049 2240 3109 κίοις
2271 3051 2520 3119 πομπαῖς
2549 3048 2725 3118 φύλλα
2758 3051 2930 3120 συκῆς
2966 3054 3089 3114 ταῖς
3126 3053 3334 3105 ἑαυτῶν
3365 3051 3608 3120 ἐπάγοντες

426 3151 535 3195 tem
564 3157 671 3196 una
709 3158 836 3197 eum
888 3145 1103 3212 lllyrico
1135 3147 1377 3201 Gallerio
1420 3146 1714 3202 Maximino
1747 3149 1997 3218 assigna-

426 3244 559 3288 runt
590 3250 605 3286 :
634 3231 961 3289 Constantio
990 3236 1194 3290 Chloro
1244 3239 1556 3306 provincias
1601 3240 1993 3305 occidentales,

394 3372 397 3375 .
427 3339 534 3378 nua
561 3339 683 3376 cum
711 3323 890 3379 Africa
918 3327 1314 3382 attribuerunt.
1349 3329 1444 3382 llis
1465 3330 1538 3383 ita
1564 3331 1754 3398 gestis,
1793 3331 1998 3386 milites

426 3412 745 3477 prietoriani
792 3413 964 3468 illium
998 3414 1241 3470 Herculii
1297 3417 1607 3475 Maximiani
1660 3419 1996 3474 Maxentium

426 3502 614 3557 Romae
662 3503 1054 3573 imperatorem
1113 3508 1483 3563 declararunt.
1552 3511 1629 3564 Ex
1677 3510 1764 3566 his
1820 3513 2000 3568 tribus

427 3594 614 3665 igitur,
638 3595 993 3653 Constantius
1017 3602 1069 3652 in
1095 3600 1412 3664 Britanniis,
1450 3600 1646 3657 Cottiis
1679 3603 1908 3671 Alpibus
1946 3614 2000 3659 et

426 3685 616 3742 Galliis
658 3687 964 3752 dominans.
1000 3691 1201 3747 Christi
1243 3696 1493 3749 cultores
1530 3686 1832 3750 admodum
1884 3698 1999 3752 cle-

427 3787 643 3832 menter
667 3783 942 3843 tractavit.
966 3793 1131 3852 atque
1156 3784 1295 3839 adeo
1323 3787 1575 3841 subditos
1604 3803 1738 3843 suos
1762 3805 1955 3844 omnes
1981 3807 1995 3844 :

428 3878 487 3922 et
513 3872 760 3939 pecuniae
789 3884 1135 3944 contemptor
1165 3877 1286 3931 fuit.
1313 3878 1418 3933 Sed
1446 3879 1774 3936 Maximinus
1797 3880 1998 3936 Orien-

432 3959 502 4012 tis
525 3959 843 4028 imperator,
865 3972 978 4017 tum
1001 3965 1346 4021 Christianos
1373 3972 1640 4026 acerrime
1679 3981 2002 4039 persecutus

430 4055 537 4109 est,
585 4057 697 4101 tum
740 4053 952 4106 caeteris
1004 4054 1244 4108 subditis
1285 4057 1638 4124 gravissimus
1683 4057 1804 4113 fuit.
1864 4059 2000 4114 Nam

434 4155 559 4193 cum
604 4141 839 4196 libidine
877 4145 1116 4208 arderet,
1161 4162 1224 4200 ac
1273 4163 1526 4202 summus
1568 4149 1784 4205 adulter
1816 4162 1998 4206 esset:

432 4245 544 4284 non
573 4232 796 4299 privata:
819 4234 1155 4289 conditionis
1188 4236 1366 4290 solum
1401 4239 1664 4294 mulieres
1704 4241 1770 4294 ad
1810 4252 2001 4312 stupra

433 4322 700 4388 rapiebat,
736 4326 832 4378 sed
859 4325 1025 4378 etiam
1071 4327 1368 4382 illustrium
1414 4330 1655 4385 virorum
1684 4334 1942 4404 conjuges
1970 4350 1999 4388 a

2095 3141 2304 3211 ὄψεσιν,
2332 3144 2411 3203 εἰς
2435 3142 2561 3203 τοὺς
2591 3142 2688 3203 τὰς
2716 3144 2939 3212 πομπὰς
2962 3142 3255 3206 ποιοῦντας
3285 3144 3606 3197 ἀπίσκωπτονο

2098 3232 2395 3287 κάντεῦθεν
2442 3234 2811 3303 ὀνομασθῆναι
2872 3237 3157 3306 νομίζεται
3218 3236 3495 3309 θριάμϐους
3533 3235 3606 3297 τὰς

2098 3322 2401 3385 ἐπινικίους
2449 3323 2697 3393 πομπάς.
2732 3324 2949 3395 Ἕτερον.
2987 3326 3046 3378 δέ
3084 3342 3251 3395 φασιν
3301 3325 3608 3397 ὀνομασθῆναι

2097 3414 2189 3465 τὸν
2238 3411 2530 3483 θρίαμϐον,
2566 3415 2648 3467 ὃτι
2688 3416 2753 3467 ἐκ
2795 3416 2969 3482 τριῶν
3017 3416 3071 3469 οἰ
3121 3417 3219 3487 τὴν
3264 3416 3470 3487 πομπὴν
3501 3416 3603 3483 niui-

2100 3503 2321 3573 ροῡντες
2347 3504 2670 3557 συνίσταντο
2698 3503 2928 3570 τάξεων,
2952 3504 3048 3558 τοῦ
3077 3504 3273 3575 δήμου.
3295 3506 3387 3576 τῆς
3415 3505 3606 3573 συγκλή-

2096 3612 2213 3659 του,
2253 3597 2347 3647 καὶ
2382 3594 2490 3648 τῶν
2522 3596 2895 3662 στρατιωτῶν,
2922 3599 3019 3649 καὶ
3048 3598 3116 3650 ὲκ
3154 3597 3249 3651 τοῦ
3283 3597 3470 3667 βαίνειν
3504 3594 3606 3665 ὁμοῦ

2098 3684 2198 3748 τὰς
2255 3683 2438 3749 τάξεις
2500 3686 2600 3749 τὰς
2657 3688 2830 3755 τρεῖς,
2886 3686 3163 3756 τρίαμϐόν
3212 3704 3331 3742 τινα
3380 3687 3608 3757 κληθῆναι,

2099 3776 2221 3827 ἀντὶ
2266 3776 2321 3827 δὲ
2366 3774 2458 3829 τοῦ
2491 3793 2545 3840 τ,
2579 3778 2642 3829 τὸ
2684 3776 2712 3829 θ
2748 3778 3182 3849 παραληφθῆναι
3229 3779 3314 3832 διὰ
3344 3778 3399 3832 τὸ
3422 3775 3611 3846 εὐφωνό-

2099 3884 2276 3936 τερον.
2303 3869 2457 3921 Μετὰ
2503 3868 2559 3920 δὲ
2590 3869 2689 3938 τὴν
2714 3870 2982 3923 ἐπινίκιον
3010 3871 3224 3942 ταύτην
3270 3871 3477 3941 πομπὴν
3497 3870 3608 3921 ὲκεί-

2102 3976 2183 4012 νοι
2219 3960 2319 4028 μὲν
2350 3960 2447 4027 τῆς
2492 3959 2741 4025 ἐξουσίας
2771 3962 3117 4033 ἀπέστησαν,
3145 3965 3272 4027 τοὺς
3304 3963 3550 4031 Καίσαρος
3576 3958 3609 4010 δ’

2101 4052 2383 4116 ἀνέδειξαν
2452 4056 2888 4129 αὐτοκράτορας,
2939 4056 3265 4129 μερίσαντες
3327 4056 3486 4118 αὐτοῖς
3533 4054 3609 4120 τὴν

2102 4143 2294 4214 ἀρχὴν,
2337 4146 2431 4199 καὶ
2483 4147 2583 4218 τὴν
2641 4147 2741 4215 μὲν
2784 4146 2960 4217 Ἐᾡαν
3019 4151 3216 4219 μοῖραν
3268 4146 3341 4217 τῷ
3388 4143 3607 4213 Γαλλερίφ

2103 4236 2633 4307 προσκληρώσαντες
2663 4239 2958 4309 Μαξιμίνῳ
2995 4239 3095 4292 σὺν
3132 4238 3211 4309 τῷ
3252 4235 3524 4306 Ἰλλυρικῷ.
3551 4231 3607 4301 τῷ

2103 4327 2316 4397 Χλωρῷ
2374 4328 2428 4380 δὲ
2459 4328 2777 4382 Κώνσταντι
2813 4330 3243 4399 προσνείμαντες
3283 4329 3349 4382 τὰ
3397 4326 3607 4392 Ἑσπέρη

433 4414 645 4467 maritis
668 4432 765 4484 per
790 4416 896 4470 vim
914 4419 1148 4481 avulsas,
1165 4422 1380 4490 expleta
1408 4421 1638 4476 libidine
1662 4439 1759 4477 sua
1780 4423 1992 4478 domum

2112 4422 2209 4472 σὺν
2260 4422 2328 4489 τῇ
2392 4419 2656 4491 Ἀφρικῇ.
2692 4420 2912 4474 Τούτων
2964 4422 3022 4474 δὲ
3066 4421 3210 4477 οὕτω
3256 4420 3540 4491 γεγονότων,
3571 4413 3608 4464 οἱ

436 4506 784 4560 remittebat:
821 4509 1258 4565 divinationibus
1303 4513 1442 4567 adeo
1482 4513 1727 4576 deditus,
1776 4525 1835 4570 ut
1885 4516 2002 4569 nul-

434 4594 542 4647 lam
582 4611 695 4649 rem
719 4598 999 4653 minimam
1022 4602 1087 4656 iis
1120 4604 1442 4657 inconsultis
1471 4606 1802 4673 susciperet,
1831 4613 1887 4658 et
1913 4622 2002 4660 ar-

433 4700 696 4742 canorum
740 4690 956 4744 illorum
1007 4696 1377 4761 patratoribus
1433 4696 1700 4751 honorem
1747 4697 2001 4751 haberet.

433 4776 534 4831 llic
561 4780 683 4847 pios
723 4780 973 4837 homines
1014 4784 1081 4837 ad
1126 4786 1555 4841 internecionem
1595 4787 2001 4854 condemnavit,

432 4885 738 4939 eorumque
761 4871 1050 4929 facultates
1074 4876 1394 4944 publicavit,
1431 4879 1586 4933 nullo
1625 4879 1735 4934 alio
1771 4879 2005 4936 crimine

434 4963 745 5019 insontibus
768 4967 1005 5036 objecto,
1040 4980 1403 5039 praeterquam
1450 4971 1543 5025 Dei
1582 4970 1902 5039 cognitione
1946 4981 2004 5026 et

435 5053 542 5110 ﬁde
572 5060 624 5110 in
654 5057 959 5113 Christum.

2111 4511 2465 4583 στρατιῶται,
2494 4512 2543 4565 οἳ
2592 4515 2993 4582 πραιτωριανοὶ
3047 4514 3353 4577 ἐκαλοῦντο,
3395 4511 3475 4563 τὸν
3521 4506 3606 4559 υἱὸν

2107 4604 2202 4657 τοῦ
2242 4605 2556 4674 Ἐρκουλίου
2588 4605 2937 4675 Μαξιμιανοῦ
2967 4607 3059 4662 τὸν
3098 4608 3394 4676 Μαξέντιον
3429 4600 3605 4674 βασιλέα

2104 4695 2162 4747 ὲν
2211 4699 2277 4766 τῇ
2323 4695 2511 4767 Ῥώμῃ
2548 4698 2793 4752 ἀνεῖπον.
2837 4700 2932 4751 Ἐκ
2975 4700 3158 4754 τοίνυν
3202 4701 3306 4753 τῶν
3345 4696 3489 4769 τριῶν
3513 4691 3607 4746 τούν

2100 4802 2210 4838 των
2249 4790 2277 4839 ό
2305 4787 2405 4857 μὲν
2440 4788 2704 4854 Κώνστας
2751 4792 2807 4844 ὲν
2850 4792 3200 4861 Βρεττανίαις
3235 4793 3325 4846 καί
3356 4793 3462 4850 ταῖς
3505 4787 3609 4839 Κοτ-

2101 4879 2243 4943 τίαις
2282 4881 2509 4935 Ἄλπεσι
2536 4884 2632 4937 καὶ
2670 4886 2791 4948 ταῖς
2838 4886 3094 4950 Γαλλίαις
3149 4887 3377 4957 κρατῶν,
3407 4882 3504 4943 τοῖς
3538 4878 3606 4929 τὸν

2105 4972 2345 5043 Χριστὸν
2395 4976 2714 5045 σεϐομένοις
2763 4977 2906 5048 μάλα
2957 4980 3212 5043 ἐπιεικῶς
3270 4973 3606 5047 προσεφέρετον

2104 5065 2243 5118 ἀλλά
2272 5065 2457 5136 μέντοι
2488 5067 2586 5120 καὶ
2614 5071 2748 5121 πᾶσι
2771 5073 2881 5134 τοῖς
2915 5070 3007 5124 ὑπ’
3036 5072 3220 5137 αὑτὸν,
3240 5070 3331 5123 καὶ
3352 5066 3607 5135 ὑπερόπτης

1610 5244 1807 5307 Variae
1837 5243 2145 5308 lectiones
2177 5254 2237 5306 et
2271 5255 2457 5308 noue.

510 5413 621 5481 (9|)
658 5414 803 5479 Τοὺς
836 5412 904 5464 δὲ
964 5414 1151 5479 τύχης
1200 5414 1509 5478 ἰδιώτιδος.
1563 5415 1858 5478 Eusebius,
1897 5417 1996 5471 lib.

437 5497 555 5556 vttt,
584 5499 704 5553 cap.
726 5485 761 5537 2
794 5503 807 5537 :
835 5484 973 5545 Τοὺς
993 5484 1048 5536 δὲ
1072 5486 1129 5536 ὲν
1165 5484 1426 5548 οἰκετίαις
1446 5485 1761 5555 ἐλευθερίας
1788 5489 2000 5556 στερεῖ-

443 5555 624 5692 έοῗύὲ)
664 5624 767 5675 Ἔν
799 5623 1179 5692 Νικομηδείᾳ.
1215 5625 1314 5681 Ubi
1347 5625 1544 5692 palatia
1578 5633 2005 5679 construxerant

443 5689 805 5753 imperatores
822 5689 949 5747 ante
970 5689 1391 5760 Diocletianum,
1413 5706 1471 5750 ut
1493 5695 1696 5750 indicat
1720 5696 2000 5760 Socrates,

2111 5416 2205 5470 lib.
2236 5414 2425 5488 [Hist2
2456 5414 2583 5479 εστι,
2616 5429 2718 5483 cap
2785 5414 2840 5488 ti:
2899 5413 3035 5488 Vide
3075 5421 3326 5488 nostram
3356 5405 3609 5488 ({omltlff'

2105 5484 2341 5555 uopolim
2372 5486 2471 5539 lib.
2496 5501 2568 5543 tv.
2605 5479 2745 5555 sect.
2778 5485 2867 5555 l3,
2893 5500 2950 5539 n.
2979 5487 3029 5555 4:
3066 5483 3222 5536 Aliud
3250 5479 3480 5555 palatium

2107 5536 2626 5609 cessamus
2644 5536 2949 5609 aediﬁcavit
2992 5536 3373 5610 Constantinus
3417 5536 3601 5597 lleraclii

2107 5624 2272 5678 tilius.
2306 5624 2532 5695 Niceph.
2559 5622 2667 5690 GP,
