3904 6204
356 260 494 325 1089
1598 268 2005 330 ANNALIUM
2039 273 2188 334 LIB.
2228 276 2368 338 XII.
3463 284 3600 346 1οἵιο

352 377 662 447 χρημάτων
688 376 974 448 ἐτύγχανε·
1009 378 1313 449 Μαξιμῖνος
1336 378 1392 431 Et
1421 379 1521 449 τῆς
1561 378 1731 450 Ἐᾠας
1765 380 1967 450 ἄρχων,
2008 384 2105 436 καὶ
2146 388 2287 439 κατὰ
2308 388 2649 457 Χριστιανῶν
2667 388 2909 460 διωγμὸν
2932 391 3222 460 κεκίνηκεν
3262 396 3602 467 ἐπαχθέστα-

351 486 465 535 τον,
500 470 738 530 καὶτοῖς
767 468 947 533 ἄλλοις
990 470 1099 524 τῶν
1142 471 1400 542 ὑπηκόων
1458 472 1740 544 βαρύτατα
1809 476 2206 547 προσεφέρετο.
2277 480 2848 550 Γυνααομανέστατος
2877 486 2988 555 γὰρ
3055 488 3153 540 καὶ
3206 488 3602 559 μοιχικώτατος

351 565 449 626 ὢν,
480 564 581 615 οὑκ
614 563 884 627 ιδιὼτιδας
943 566 1103 635 μόνον
1154 570 1419 634 γυναῖκας
1467 567 1711 632 ἀκούσας
1790 568 2089 639 ἐλάμϐανε,
2152 575 2248 627 καὶ
2306 575 2516 636 ταύτας
2596 578 2909 647 ἐμοίχευεν,
2960 579 3096 633 ἀλλὰ
3150 585 3247 634 καὶ
3321 584 3416 644 τὰς
3495 583 3602 635 τῶν

354 658 675 724 περιφανῶν
701 659 914 727 ἀνδρῶν
948 662 1219 729 γαμετὰς,
1260 661 1351 734 βίᾳ
1379 661 1489 715 τῶν
1559 662 1771 733 ἀνδρῶν
1810 663 2097 727 ἀποσπῶν,
2157 666 2254 717 καὶ
2313 667 2616 737 ἐνυϐρίζων
2684 672 2880 735 αὑταῖς
2915 672 3088 735 οὕτως
3121 674 3257 743 πρὸς
3283 676 3407 736 τοὺς
3443 675 3602 727 ἰδίους

349 752 559 814 ταύτας
616 754 906 816 συνεὺνους
972 757 1284 826 ἀνέπεμπε.
1361 759 1660 821 Μαντείαις
1717 760 1763 812 δ’
1821 756 1890 829 ἦν
1930 760 2289 829 προεσχηκὼς
2345 762 2623 824 τοσοῦτον,
2691 765 2766 826 ὡς
2823 765 2959 833 μηδὲ
3010 766 3360 835 τούλάχιστον
3430 771 3604 819 ποιεῖν

353 843 485 896 ἄνευ
518 845 814 910 μαντειῶν,
851 846 947 897 καὶ
983 848 1069 899 διὰ
1093 847 1260 916 τιμῆς
1289 850 1443 919 αὑτῷ
1477 853 1525 903 οἱ
1560 850 1846 915 ποιοῦντες
1908 852 1976 905 τὰ
2016 852 2303 920 ἀπόρρητα
2333 853 2547 922 ἧγοντο.
2614 848 2783 918 Οὗτος
2808 856 2919 909 τῶν
2962 857 3199 910 εὐσεϐῶν
3247 857 3605 929 πανολεθρίῖν

354 932 790 1000 κατεψηφίσατο,
822 936 915 987 καὶ
952 935 1052 997 τὰς
1081 936 1347 1006 ὑπάρξεις
1379 941 1560 993 αὐτῶν
1586 940 1921 1011 δημεύεσθαι
1961 942 2302 1011 ἀπεφήνατο,
2366 942 2520 994 οὐδὲν
2564 943 2753 1014 ἕτερον
2794 948 2906 1008 τοῖς
2979 948 3243 1010 ἀναιτίοις
3272 949 3603 1016 προσάπτων

356 1027 589 1092 αίτίιμα
641 1027 673 1097 ἦ
707 1026 805 1096 τὴν
834 1027 1168 1095 θεογνωσίαν
1228 1031 1323 1085 καὶ
1353 1033 1452 1104 τὴν
1474 1036 1658 1086 πίστιν
1696 1034 1796 1104 τὴν
1847 1032 1927 1095 είς
1966 1032 2220 1101 Χριστόν.

428 1115 550 1171 ΛΓ.
585 1120 887 1183 Μαξέντιος
918 1120 964 1173 δ’
991 1124 1047 1172 ἐν
1082 1122 1268 1194 Ῥώμῃ
1302 1125 1452 1177 οὐδέν
1478 1143 1530 1177 τι
1562 1127 1927 1200 μετριώτερος

2100 1121 2338 1178 XXXIII.
2372 1125 2675 1181 Maxentius
2699 1141 2831 1180 vero
2867 1126 3050 1183 Romae
3079 1130 3253 1185 nihilo
3285 1131 3601 1186 clementior

352 1208 622 1279 τύραννος
668 1212 776 1271 τοῖς
812 1211 1075 1278 ὑπηκόοις
1123 1213 1420 1285 ἐτύγχανεν
1448 1215 1545 1277 ὢν,
1592 1217 1706 1269 ἀλλ’
1738 1219 1933 1287 ἐπίσης

354 1299 437 1369 τῷ
467 1298 757 1368 Μαξιμίνῳ
789 1299 965 1353 διεῖπε
1001 1301 1071 1354 τὰ
1103 1303 1200 1374 τῆς
1231 1306 1424 1375 ἀρχῆς,
1453 1305 1660 1358 λυττῶν
1682 1308 1933 1372 κάκεῖνος

353 1393 501 1441 κατὰ
533 1390 641 1440 τῶν
683 1389 789 1441 ὑπὸ
846 1384 1413 1463 χεῖραΧριστιανῶν,
1465 1396 1560 1449 καὶ
1598 1397 1800 1461 πάσαις
1829 1400 1931 1450 ac.

351 1480 483 1543 τοὺς
523 1480 752 1547 ὑπάγων
802 1482 1103 1547 κακώσεσι,
1143 1485 1240 1537 καὶ
1273 1485 1409 1555 πρὸς
1462 1486 1670 1549 πάντας
1710 1487 1768 1540 δὲ
1805 1491 1932 1551 τοὺς

352 1569 449 1622 ὑπ’
495 1571 660 1623 αὑτὸν
713 1572 1020 1642 πικρότατα
1060 1573 1420 1645 διακείμενος.
1463 1577 1683 1646 Σφαγάς
1724 1593 1782 1631 τε
1823 1578 1930 1649 γὰρ

354 1660 570 1713 πολλῶν
620 1664 939 1732 περιφανῶν
982 1664 1194 1734 ἀνδρῶν
1219 1665 1281 1731 ἐξ
1325 1667 1581 1738 οὐδεμιᾶς
1610 1668 1823 1722 ὲνδίκου
1850 1670 1932 1721 δί-

352 1770 461 1823 κης
482 1754 714 1820 ἐτίθετο,
750 1757 844 1809 καὶ
884 1759 1129 1826 μοιχείας
1156 1760 1430 1830 ὁσημέραι
1460 1760 1697 1828 εὐγενῶν
1727 1762 1931 1832 ἐτόλμα

354 1846 600 1912 γυναίων
648 1848 743 1900 καὶ
778 1850 1064 1918 παρθένων
1111 1850 1339 1921 φθορὰς,
1392 1852 1692 1921 ἐνυϐρίζων
1737 1855 1930 1918 αὑταῖς

352 1936 741 2003 ἀναιδέστατα,
771 1943 865 1991 καὶ
892 1941 1088 1993 οὐσιῶν
1122 1944 1443 2014 ἀφαιρέσεις
1470 1944 1687 2011 ἀδίκους
1707 1949 1817 2008 τοῖς
1840 1946 1932 1999 εὑ-

355 2026 623 2096 ποροῦσιν
667 2029 860 2100 ἐπῆγε,
907 2035 1005 2086 καὶ
1047 2038 1260 2098 καιναῖς
1308 2036 1630 2108 είσπράξεσι
1687 2040 1780 2092 καὶ
1833 2038 1930 2107 βα-

359 2118 535 2188 ρείαις
592 2120 775 2184 ἐπίεζε
815 2122 1077 2193 ὑπήκοον.
1127 2125 1293 2190 Οὗτος
1352 2130 1411 2181 ὲν
1469 2128 1655 2201 Ῥώμῃ
1712 2130 1930 2197 εὐγενε-

358 2212 562 2282 στάτης
605 2215 747 2278 τινος
790 2217 1071 2284 γυναικὸς,
1115 2217 1253 2270 ἀλλὰ
1285 2219 1602 2288 μόντοι,καὶ
1651 2220 1929 2291 σώφρονος

354 2302 517 2372 ἀνδρὶ
561 2303 814 2374 συζώσης
858 2306 966 2359 τῶν
1012 2309 1069 2360 ὲν
1123 2307 1306 2380 Ῥώμῃ
1355 2308 1637 2380 ἐπιφανῶν
1677 2311 1929 2382 ἐρασθεὶς

2037 1221 2303 1284 tyrannus
2345 1216 2479 1281 fuit,
2519 1218 2612 1271 sed
2645 1233 2800 1287 anque
2841 1229 2897 1271 ut
2932 1219 3277 1286 Maximinus,
3315 1223 3602 1291 imperium

2034 1304 2455 1371 administravit,
2498 1308 2549 1361 in
2578 1310 2858 1378 proximos
2880 1327 3131 1380 quosque
3154 1311 3497 1367 Christianos
3519 1314 3600 1366 in-

2033 1395 2298 1449 saniendo
2324 1437 2338 1460 ,
2397 1408 2451 1452 et
2481 1399 2738 1454 omnibus
2768 1403 3036 1455 aerumnis
3068 1404 3415 1471 exagitando,
3454 1418 3593 1457 Stltit-

2033 1499 2229 1555 maque
2258 1488 2487 1556 perﬁdia
2523 1489 2577 1542 in
2602 1505 2792 1545 omnes
2818 1506 2947 1545 suos
2986 1492 3238 1545 subditos
3281 1495 3600 1562 grassandi».

2031 1578 2166 1632 Nam
2193 1590 2247 1633 ct
2276 1580 2475 1634 multos
2514 1583 2692 1636 claros
2731 1582 2881 1635 viros
2905 1583 3059 1636 nullo
3083 1583 3230 1652 justo
3255 1582 3464 1649 judicio
3505 1601 3598 1635 Ut.

2031 1670 2271 1733 cidebat,
2299 1680 2351 1726 et
2385 1671 2598 1726 nobiles
2624 1681 2902 1727 matronas
2925 1688 2989 1726 ac
3021 1673 3261 1743 virgines
3289 1672 3342 1725 in
3366 1672 3482 1726 dies
3506 1689 3599 1741 βυτ

2033 1775 2303 1815 summam
2329 1764 2717 1816 contumeliam
2731 1765 3144 1829 constuprabat,
3166 1762 3552 1832 etlocupletibt
3578 1781 3601 1817 s

2032 1851 2174 1905 bona
2214 1868 2312 1922 per
2371 1854 2623 1923 injuriam
2682 1854 2975 1923 eripiebat,
3022 1866 3078 1909 et
3146 1855 3397 1908 subditos
3422 1858 3602 1921 novis,

2032 1943 2208 2012 iisque
2266 1945 2527 2014 gravibus
2574 1945 2962 2000 emetionibus
3005 1947 3300 2001 atterebat.
3363 1945 3462 1999 llic
3506 1962 3596 1997 an-

2031 2032 2251 2101 quando
2304 2035 2490 2087 Romae
2550 2034 2906 2088 nobilissimae
2957 2047 3230 2105 castaque
3282 2045 3545 2090 matrona:
3584 2075 3600 2099 ,

2032 2136 2154 2191 qua:
2183 2125 2302 2176 viro
2326 2124 2526 2178 illustri
2558 2135 2729 2193 nupta
2743 2134 2885 2188 erat,
2911 2126 3238 2180 immodeste
3262 2140 3451 2180 amore
3481 2141 3603 2179 cor-

2001 2224 2246 2283 ‘reptus,
2280 2215 2470 2268 talium
2510 2230 2739 2284 operum
2765 2218 3049 2269 ministros
3075 2216 3141 2270 ad
3175 2232 3296 2271 eam
3329 2217 3602 2271 adducen-

2033 2303 2159 2357 dam
2197 2304 2368 2359 misit.
2400 2306 2531 2370 Quat
2561 2322 2686 2359 cum
2734 2307 2963 2360 lenones
3003 2308 3214 2362 aedibus
3260 2308 3376 2361 suis
3424 2318 3602 2363 astare

354 2395 658 2448 ἀκόλαστον
688 2398 885 2466 ἔρωτα,
908 2399 1115 2453 ἔστειλε
1148 2403 1275 2464 τοὺς
1297 2403 1366 2454 τὰ
1395 2403 1622 2457 τοιαῦτα
1649 2404 1927 2456 διακονου-

2035 2396 2270 2459 videret,
2293 2397 2669 2467 adventusque
2696 2414 2861 2453 causa
2884 2401 3125 2467 cognita,
3155 2400 3292 2454 citra
3319 2400 3484 2454 ullam
3509 2401 3604 2453 de-

360 2486 557 2554 μένους
638 2487 785 2557 αὑτῷ
834 2491 895 2542 τὸ
936 2490 1161 2558 γύναιον
1219 2494 1465 2557 ἄξοντας.
1522 2495 1607 2557 Ὠς
1657 2492 1704 2548 δ’
1756 2495 1930 2547 ἐκεῖνο

2040 2490 2415 2558 precationem
2457 2490 2525 2543 ad
2573 2499 2861 2561 tyrannum
2895 2492 3209 2545 abeundum
3251 2505 3372 2546 esse
3401 2492 3601 2546 intelli-

355 2578 692 2641 ἑπιστάντας
716 2581 793 2651 τῷ
821 2582 951 2649 οίκῳ
983 2583 1106 2645 τοὺς
1137 2586 1494 2653 πρυαγωγοὺς
1525 2586 1683 2653 ἔγνω,
1710 2590 1802 2640 καὶ
1834 2587 1931 2656 τὴν

352 2672 538 2722 αἰτίαν
579 2672 680 2740 τῆς
712 2673 892 2725 αὐτῶν
934 2674 1228 2743 ἐπιδημίας
1283 2680 1613 2748 μεμαθήκει,
1644 2681 1739 2731 καὶ
1789 2682 1936 2734 ἀπα-

359 2758 617 2827 ραίτητον
651 2760 748 2830 τὴν
793 2762 930 2831 πρὸς
976 2763 1067 2816 τὸν
1105 2765 1369 2834 τύραννον
1408 2768 1699 2821 ἀπέλευσιν
1735 2770 1932 2841 ᾔσθετο

354 2851 541 2920 (ὁγὰρ
576 2852 718 2922 ἀνὴρ
757 2854 931 2924 αὐτῆς
978 2856 1129 2926 φόϐῳ
1170 2855 1265 2908 τοῦ
1318 2858 1499 2911 θανεῖν
1543 2860 1928 2932 ὑποπτήσσων,

354 2943 546 2994 λαϐεῖν
571 2946 670 3014 τὴν
704 2948 941 3014 γυναῖκα
976 2947 1071 3001 καὶ
1108 2948 1266 3016 ἄγειν
1314 2950 1636 3020 ἐπέτρεπεν)
1664 2954 1931 3023 ἑτέρωθεν

353 3036 403 3089 δ’
430 3037 534 3091 οὐκ
575 3033 644 3109 ἦν
689 3040 827 3109 αὑτῇ
878 3040 1251 3111 ἐπικούρημα,
1292 3041 1444 3111 ὥραν
1499 3045 1636 3117 αὑτῇ
1671 3044 1931 3116 βραχεῖαν

326 3129 638 3199 ,ὲνδοθῆναι
676 3131 939 3201 ᾐτήσατο,
987 3132 1053 3184 ἵν’
1099 3134 1504 3204 ἑπικοσμηθείη
1534 3138 1628 3189 καὶ
1661 3136 1803 3190 οὔτω
1835 3140 1930 3193 σὺν

355 3222 544 3283 αὐτοῖς
566 3222 942 3277 ἀπελεύσοιτο.
977 3220 1085 3276 Ἦν
1113 3224 1171 3278 δὲ
1206 3227 1301 3280 καὶ
1322 3228 1416 3280 τὸν
1456 3229 1689 3298 Χριστὸν
1718 3233 1750 3300 ἡ
1790 3233 1929 3304 γυνὴ

357 3313 653 3384 σεϐομένη,
683 3316 777 3367 καὶ
818 3315 880 3367 τὸ
910 3314 1051 3368 θεῖον
1091 3318 1412 3388 μεμνημένη
1453 3324 1770 3392 μυστήριον.
1803 3323 1930 3376 Ela-

353 3401 521 3469 ἦλθεν
564 3398 661 3457 οὖν
701 3405 780 3465 είς
820 3405 912 3458 τὸν
946 3406 1150 3475 ἑαυτῆς
1205 3410 1579 3475 κοιτωνίσκον,
1632 3413 1726 3465 καὶ
1775 3430 1932 3483 μονο-

355 3494 516 3546 θείσα
549 3495 911 3566 διεχειρίσατο
939 3497 1162 3567 ἑαυτὴν,
1196 3499 1261 3551 ἵν’
1299 3500 1621 3571 ἀνύϐριστος
1651 3505 1807 3577 μείνῃ
1834 3507 1929 3559 καὶ

353 3585 457 3655 τὴν
510 3586 869 3657 σωφροσύνην
911 3587 987 3658 μὴ
1014 3588 1257 3658 πρόοιτο,
1293 3590 1523 3660 ἑλομένη
1559 3595 1653 3646 τὸν
1683 3596 1928 3649 ἑκούσιον

355 3677 613 3739 θάνατον,
646 3679 742 3731 καὶ
775 3680 835 3732 τὸ
870 3680 1032 3750 σῶμα
1077 3683 1271 3753 νεκρὸν
1303 3687 1416 3746 τοῖς
1458 3690 1803 3755 προαγωγοῖς
1833 3689 1927 3742 καὶ

355 3769 434 3838 τῷ
476 3772 665 3838 ἐναγεῖ
691 3773 892 3843 ἐραστῇ
951 3774 1349 3843 καταλείψασα.
1383 3777 1446 3830 Οἱ
1495 3777 1594 3846 μὲν
1625 3774 1718 3832 οὖν
1754 3777 1926 3846 οὕτως
1952 3795 1996 3859 c

353 3856 552 3931 ἦρχον,
581 3866 963 3935 Διοκλητιανὶς
986 3866 1043 3918 δὲ
1066 3871 1158 3920 καὶ
1186 3867 1533 3935 Μαξιμιανδς
1567 3869 1929 3937 ἰδιωτεύοντες

353 3950 572 4006 ἔθανον.
608 3956 745 4024 Περὶ
771 3955 828 4006 δὲ
868 3957 964 4025 τῆς
989 3956 1141 4024 σφῶν
1189 3957 1448 4039 τελευτῆς
1494 3960 1853 4030 διαφωνοῦσιν
1878 3965 1928 4018 oi

357 4049 725 4115 συγγραφεῖς.
770 4047 829 4099 Ὀ
854 4050 951 4116 μὲν
983 4051 1092 4116 γὰρ
1132 4050 1391 4112 Εὐσέϐιος
1427 4051 1541 4122 (95)
1582 4054 1640 4105 ὲν
1660 4053 1739 4124 τῷ
1763 4055 1930 4123 ὀγδόῳ

355 4136 503 4206 λόγῳ
530 4137 628 4206 τῆς
645 4135 1191 4209 Ἐκκλησιαστικῆς
1222 4139 1541 4210 Ἱστορίας,
1563 4144 1820 4199 ικστασιν
1840 4149 1929 4201 τὸν

354 4227 745 4297 Διοκλητιανὸν
798 4230 1101 4300 ὑποστῆναι
1148 4234 1297 4300 λέγει
1351 4236 1588 4305 φρενῶν,
1645 4238 1736 4289 καὶ
1789 4238 1929 4309 νόσῳ

356 4319 554 4387 χρονία
616 4319 676 4371 τὸ
734 4320 894 4389 σῶμα
946 4322 1539 4391 κατασκελετευθέντα,
1601 4324 1787 4395 βιαίως
1832 4328 1930 4398 τὴν

358 4408 557 4461 ἀθλίαν
584 4409 749 4462 αὑτοῦ
793 4409 970 4482 ψυχὴν
1009 4412 1445 4483 ἁπερεύξασθαι.
1477 4415 1581 4467 Τὸν
1608 4416 1665 4469 δέ
1702 4434 1766 4486 γε
1812 4419 1930 4471 Μα-

361 4497 615 4567 ξιμιανὸν
672 4501 764 4552 τὸν
813 4501 1123 4571 Ἐρκούλιον
1157 4503 1360 4575 ἀγχόνῃ
1410 4506 1603 4558 ἑαυτὸν
1643 4505 1745 4576 τῆς
1786 4509 1929 4579 ζωῆς

360 4591 736 4661 ὑπεξαγαγεῖν
767 4609 782 4624 ⁸
818 4594 998 4665 ἕτεροι
1044 4594 1090 4648 δ’
1141 4595 1241 4666 οὑχ
1292 4596 1464 4662 οὕτως
1511 4600 1781 4668 ἱστοροῦσι
1803 4601 1931 4654 τού-

358 4698 492 4746 τους
522 4683 726 4746 θανεῖν,
774 4684 913 4736 ἀλλὰ
941 4686 1440 4756 μεταμεληθέντας,
1492 4690 1586 4741 καὶ⁵
1616 4690 1711 4757 τῆς
1754 4690 1930 4760 ἀρχῆς

360 4772 522 4838 αὖθις
572 4777 931 4830 ἐπιλαϐέσθαι
978 4776 1423 4848 βουλευομένους,
1460 4780 1806 4849 φωραθῆναι,
1839 4784 1932 4835 καὶ

356 4871 594 4940 δόγματι
620 4872 719 4941 τῆς
758 4871 1064 4941 συγκλήτου
1110 4872 1480 4943 ἀναιρεθῆναι.
1516 4874 1635 4926 Εἰσὶ
1665 4874 1721 4926 δὲ
1760 4876 1854 4927 καὶ
1882 4875 1932 4928 οἳ

356 4964 452 5015 τὸν
488 4963 799 5031 Ἐρκοὺλιον
836 4963 1055 5031 λέγουσι
1083 4963 1182 5032 τῆς
1215 4963 1491 5033 βασιλείας
1518 4963 1674 5027 αὖθις
1705 4967 1929 5035 ἐφιέμε-

359 5069 452 5105 νον
476 5052 553 5121 τῷ
579 5052 946 5122 Διοκλητιανῷ
973 5052 1338 5105 κοινώσασθαι
1366 5053 1428 5106 τὸ
1467 5050 1625 5117 αὖθις
1664 5055 1930 5125 πειραθῆ-

358 5160 451 5196 ναι
480 5144 579 5211 τὴν
603 5142 880 5212 βασιλείαν
905 5143 1212 5196 ἀναλαϐεῖν.
1244 5144 1351 5211 Τὸν
1371 5144 1426 5197 δὲ
1459 5145 1926 5216 παραιτήσασθαι,

357 5236 570 5289 ἐκεῖνον
598 5236 654 5289 δὲ
686 5236 821 5308 πρὸς
849 5236 911 5288 τὸ
938 5236 1047 5289 τῶν
1084 5234 1367 5304 Ῥωμαίων
1399 5237 1733 5306 παρελθόντα
1762 5239 1928 5306 φάναι

362 5329 666 5401 συνέδριον,
699 5333 774 5401 μὴ
821 5332 1011 5402 ἀρκεῖν
1058 5329 1167 5410 τὸν.
1203 5327 1318 5381 υίὸν
1366 5327 1531 5380 αὐτοῦ
1580 5329 1663 5392 είς
1695 5327 1795 5400 τὴν
1822 5330 1931 5383 τῶν

2033 2588 2189 2649 geret
2217 2579 2383 2650 644
2423 2582 2569 2649 (nam
2611 2582 2840 2636 maritus
2872 2582 3068 2636 mortis
3107 2590 3252 2635 metu
3298 2583 3599 2640 attonitus.

2033 2670 2102 2723 ab
2133 2671 2243 2724 illis
2280 2671 2480 2725 abduci
2512 2672 2799 2726 mulierem
2830 2674 3190 2743 patiebatur),
3223 2689 3404 2743 neque
3431 2674 3600 2728 ullum

2033 2759 2258 2814 aliunde
2310 2762 2573 2815 auxilium
2606 2772 2953 2830 eXSpectaret
3011 2781 3025 2817 :
3084 2765 3338 2834 exiguam
3395 2756 3601 2818 moram

2031 2852 2357 2921 postulavit,
2387 2862 2525 2907 utse
2550 2865 2848 2907 exornaret
2870 2856 3044 2924 prius,
3076 2871 3240 2926 quam
3274 2857 3471 2911 abiret.
3498 2856 3593 2911 Cc-

2032 2943 2384 2998 lebatautem
2419 2943 2724 3007 Christum,
2771 2955 2829 2998 et
2862 2946 3050 3001 divino
3083 2949 3346 3017 mysterio
3387 2948 3600 3002 initiata

2031 3040 2174 3087 erat.
2222 3034 2469 3104 lngressa
2512 3034 2679 3104 igitur
2711 3036 3053 3101 cubiculum,
3094 3038 3320 3091 remotis
3357 3037 3602 3098 arbitris,

2028 3126 2136 3181 sibi
2174 3142 2366 3182 necem
2400 3128 2706 3193 conscivit,
2750 3138 2810 3182 ut
2863 3130 3212 3184 contumelia:
3256 3144 3453 3199 expers
3488 3145 3605 3184 ηιυο

2031 3217 2262 3271 destiam
2284 3225 2659 3284 conservaret,
2682 3216 3046 3272 voluntariam
3070 3228 3306 3273 mortem
3328 3220 3602 3288 amplexa,

2031 3308 2303 3363 cadavere
2357 3308 2652 3363 lenonibus
2721 3317 2777 3362 et
2824 3310 3036 3363 nefario
3086 3310 3320 3363 amatori
3387 3309 3602 3364 relicto.

2032 3397 2130 3454 llis
2173 3399 2249 3453 ita
2292 3399 2695 3469 imperantibus
2742 3400 3116 3456 Diocletianus
3160 3410 3217 3456 et
3244 3400 3604 3457 Maximianus

2031 3492 2087 3546 in
2116 3492 2225 3545 vita
2247 3492 2458 3560 privata
2485 3491 2780 3545 obierunt:
2813 3492 2919 3547 etsi
2941 3492 3009 3547 de
3040 3493 3262 3547 illorum
3298 3492 3452 3548 obitu
3475 3494 3605 3548 scri-

2029 3591 2219 3652 ptores
2234 3598 2344 3637 non
2361 3583 2734 3637 consentiunt.
2756 3581 2892 3637 Nam
2917 3583 3189 3638 Eusebius
3222 3582 3603 3639 Ecclesiastica:

2030 3675 2263 3728 historice
2318 3674 2418 3729 lib.
2465 3689 2582 3738 vm,
2632 3673 3032 3728 Diocletianum
3066 3676 3267 3730 mentis
3297 3689 3484 3730 errore
3516 3680 3604 3731 al-

2031 3765 2260 3829 fectum,
2302 3774 2360 3818 et
2392 3764 2655 3819 diuturno
2684 3763 2879 3818 morbo
2908 3765 3301 3829 tabescentem,
3340 3766 3600 3821 miseram

2029 3856 2267 3913 animam
2298 3855 2570 3913 violenter
2602 3864 2883 3912 eructasse
2930 3855 3166 3910 scribit:
3211 3856 3600 3911 Maximianum

2028 3965 2162 4004 vero
2201 3948 2521 4005 herculium
2576 3951 2772 4020 laqueo
2827 3948 2931 4004 sibi
2980 3963 3173 4004 necem
3239 3949 3599 4007 conscivisse.

2029 4041 2139 4096 Alit
2163 4055 2297 4096 vero
2332 4041 2561 4096 tradunt
2590 4055 2708 4105 eos,
2741 4056 2866 4095 cum
2892 4041 3154 4110 depositae
3167 4042 3454 4112 potestatis
3481 4057 3602 4111 pm-

2028 4138 2252 4203 niteret,
2305 4137 2363 4191 in
2411 4144 2610 4190 conatu
2647 4135 3014 4204 recuperandi
3055 4135 3274 4204 imperii
3292 4135 3603 4204 deprehen-

2031 4243 2157 4293 sos,
2223 4237 2281 4284 et
2335 4227 2818 4283 senatusconsulto
2889 4227 3208 4282 interfectos
3250 4240 3392 4280 esse.
3463 4226 3604 4281 Sunt

2030 4322 2196 4377 etiam
2224 4321 2319 4390 qui
2355 4321 2563 4385 dicant,
2596 4320 2915 4375 Herculium
2952 4334 3144 4373 rursus
3178 4317 3470 4388 imperium
3504 4321 3606 4373 de-

2031 4413 2400 4479 siderantem,
2434 4412 2725 4466 consilium
2758 4427 2883 4466 cum
2918 4410 3261 4464 Diocletiano
3304 4410 3373 4465 de
3412 4425 3480 4465 eo
3510 4426 3604 4466 rc-

2032 4505 2348 4574 cuperando
2393 4503 2868 4579 communicasse:
2914 4517 3092 4571 eoque
3136 4513 3392 4556 conatum
3447 4502 3603 4556 illum

2032 4607 2347 4657 recusante,
2387 4596 2598 4650 curiam
2633 4596 2940 4665 ingressum
2972 4594 3197 4653 dixisse.
3236 4593 3407 4647 ﬁlium
3442 4609 3602 4649 suum
3649 4656 3671 4673 κ

2033 4685 2349 4754 reipublicae
2382 4685 2636 4755 gerenda:
2665 4700 2783 4740 esse
2814 4685 3102 4754 imparem.
3135 4685 3397 4738 Militibus
3423 4696 3604 4739 autem

2035 4778 2104 4832 iis
2129 4778 2313 4832 verbis
2339 4778 2406 4832 ad
2442 4779 2578 4832 iram
2625 4778 2936 4841 concitatis,
2976 4778 3134 4846 quasi
3169 4778 3458 4847 imperium
3500 4779 3603 4833 sibi

2033 4868 2381 4924 vindicaret:
2436 4870 2681 4938 periculo
2735 4875 3020 4932 territum,
3071 4885 3296 4940 negasse
3344 4869 3398 4922 id
3448 4884 3507 4922 se
3549 4872 3603 4921 in

2033 4962 2218 5014 animo
2246 4962 2523 5021 habuisse.
2555 4962 2651 5016 sed
2678 4963 2909 5016 militum
2940 4963 3156 5016 animos
3186 4971 3245 5016 ut
3270 4977 3400 5031 erga
3429 4960 3603 5013 ﬁliuni

2037 5066 2199 5105 suum
2247 5053 2427 5107 allecti
2475 5063 2696 5118 essent,
2742 5054 3042 5123 periclitari
3085 5053 3365 5107 voluisse:
3418 5050 3603 5120 itaque

1958 5127 2013 5187 D
2036 5144 2259 5199 sedasse
2289 5145 2604 5199 tumultum.
2642 5146 2848 5200 Deinde
2878 5147 2935 5200 in
2962 5145 3167 5200 Gallias
3194 5145 3261 5199 ad
3292 5143 3603 5199 Constanti-

2034 5250 2168 5289 num
2203 5236 2488 5306 Magnum,
2532 5240 2626 5306 qui
2674 5236 2927 5292 Faustam
2960 5238 3126 5293 tiliam
3156 5238 3278 5307 ejus
3303 5244 3360 5288 et
3393 5234 3509 5302 ipse
3547 5234 3602 5286 in

2042 5328 2398 5383 matrimonio
2426 5329 2679 5395 haberet,
2711 5332 2943 5394 abiisse,
2975 5346 3039 5385 ac
3064 5330 3118 5383 in
3158 5341 3330 5395 regno
3356 5326 3476 5393 ejus
3500 5339 3601 5392 per

1560 5491 1759 5551 Variae
1785 5491 2093 5553 lectiones
2123 5494 2185 5552 et
2220 5501 2411 5552 noue.

438 5618 551 5689 (93)
588 5621 651 5672 '0
677 5621 797 5690 μὲν
835 5622 947 5691 γὰρ
979 5622 1289 5691 Εὐσέϐιος.
1326 5619 1623 5682 Eusebius.
1663 5618 1761 5672 lib.
1811 5633 1930 5683 vni,

368 5683 495 5756 cap.
526 5683 695 5753 ﬂet
716 5693 772 5746 in
809 5683 960 5748 Orat.
984 5683 1329 5748 Constantini
1357 5694 1427 5745 ad
1462 5697 1782 5745 sanctorum
1813 5703 1928 5744 caa-

2042 5628 2157 5673 tum
2184 5633 2304 5684 cap.
2340 5619 2435 5683 25,
2462 5620 2554 5673 ubi
2588 5619 2961 5674 consulendus
2994 5615 3258 5673 Valesius.
3294 5614 3427 5670 Vide
3455 5631 3599 5684 prae-

2041 5698 2191 5744 terea
2230 5686 2605 5754 Lactantium,
2648 5689 2724 5743 De
2760 5687 2970 5742 mortib.
3008 5695 3329 5752 persecutor.
3355 5700 3478 5751 cap.
3506 5686 3600 5741 42.
