3938 6208
459 219 590 284 1091

1721 220 2049 282 JOANNIS
2086 219 2409 284 ZONARIE

3515 225 3624 292 1092

446 333 676 388 insidias
706 332 811 388 sibi
851 333 1183 389 vindicando
1221 333 1296 387 ibi
1343 349 1565 404 quoque
1592 333 2020 405 deprehensum,

2132 337 2333 389 κοινῶν
2378 333 2730 406 πραγμάτων
2753 334 3045 401 διοίκησιν.
3096 335 3417 406 Κινηθέντων
3456 338 3505 392 δι
3542 344 3623 395 τῶν

449 443 628 500 eoque
663 439 862 483 conatu
897 429 1196 499 dejectum,
1225 439 1341 483 tum
1372 431 1593 486 demum
1628 432 1797 485 vitam
1828 433 2028 502 laqueo

450 519 714 573 linivisse.
766 519 969 573 Verum
1015 519 1104 574 isti
1157 536 1266 574 uno
1307 522 1565 590 quapiam
1613 524 1776 577 modo
1813 539 1880 582 ex
1917 525 2025 590 his,

447 619 657 663 natura:
697 610 943 664 debitum
986 612 1400 681 persolverunt.
1439 616 1798 689 Constantius
1841 629 2026 672 autem

449 699 744 753 undecimo
787 717 932 754 anno
975 702 1030 754 in
1076 701 1309 770 imperio
1339 717 1556 767 exaCto,
1597 720 1663 757 ex
1697 721 1806 773 quo
1847 705 2028 760 Casar

446 791 758 860 appellatus
789 791 990 856 fuerat,
1052 803 1321 862 potestate
1347 795 1646 849 clementer
1677 807 1734 850 et
1769 797 2027 854 humaui-

449 891 532 935 ter
558 898 712 946 usus,
739 884 795 938 in
817 884 1101 939 Britannia
1133 897 1440 939 extremum
1465 887 1610 940 diem
1646 888 1866 953 clausit,
1899 903 2024 943 cum

445 974 598 1028 luctu
645 977 1016 1041 subditorum,
1048 979 1347 1032 bonitatem
1388 982 1510 1049 ejus
1547 980 2023 1036 desiderantium:

447 1064 561 1117 lilio
599 1075 730 1118 natu
765 1069 994 1134 majore,
1030 1067 1224 1136 Magno
1257 1068 1514 1122 videlicet
1545 1069 1930 1135 Constantino,
1958 1087 2026 1125 ex

447 1153 630 1222 priore
652 1157 903 1227 conjuge,
924 1159 1144 1226 imperii
1163 1174 1484 1213 successore
1507 1159 1806 1216 declarato.
1826 1161 2028 1217 Habuit

447 1245 595 1297 enim
638 1260 703 1299 ut
745 1249 984 1302 secunda
1033 1265 1254 1319 quoque
1305 1251 1546 1305 l-lerculii
1587 1252 1695 1304 tilia
1737 1252 2024 1308 Theodora

444 1335 580 1389 alios
621 1338 782 1401 lilios,
823 1338 1274 1404 Constantintnn,
1311 1343 1728 1396 Anaballianum
1781 1351 1836 1396 et
1864 1342 2023 1411 iCon-

445 1429 729 1482 stantium.
765 1429 870 1484 Sed
900 1448 1130 1501 magnus
1155 1433 1548 1489 Constantinus
1574 1434 1738 1506 645
1764 1436 2026 1504 praelatus

443 1528 557 1582 est,
594 1520 741 1588 quod
781 1520 834 1572 hi
871 1525 1014 1591 patri
1057 1524 1124 1578 ad
1168 1525 1459 1592 imperium
1509 1527 1677 1593 inepti
1722 1541 1843 1580 esse
1875 1526 2025 1580 vide-

2131 427 2483 498 στρατιωτῶν
2534 427 2673 498 πρὸς
2739 427 2911 498 θυμὸν
2967 428 3060 480 ἐπὶ
3108 429 3184 497 τῷ
3226 429 3359 499 λόγῳ
3389 431 3529 496 αὑτοῦ
3569 437 3622 500 ὡς

2132 518 2592 590 σφετεριζομένου
2620 519 2720 591 τὴν
2759 519 2958 590 ἀρχὴν,
2988 520 3078 573 τὸν
3127 521 3421 588 Ἐρκούλιον
3444 523 3521 577 τὸν
3539 526 3608 578 κίν

2121 612 2284 665 δυνον
2316 613 2592 677 δείσαντα,
2621 612 2699 684 μὴ
2735 610 2879 665 οὕτω
2905 612 3132 684 γνώμης
3165 613 3301 683 ἔχειν
3323 617 3493 683 είπεῖν,
3519 617 3624 671 tm

2126 705 2414 773 διάπειραν
2475 704 2586 758 τῶν
2642 703 3089 775 στρατευομένων
3147 705 3462 776 ποιούμενον,
3511 709 3624 772 ὅπως

2127 795 2311 866 έχουσι
2343 797 2478 867 πρὸς
2510 796 2603 850 τὸν
2623 795 2738 850 υίὺν
2768 795 2934 849 αὑτοῦ
2959 795 3271 863 διαθέσεως,
3297 798 3452 850 ταῦτα
3474 799 3624 853 εἰπεῖν*

2128 891 2224 940 καὶ
2245 887 2389 941 οὕτω
2418 887 2773 941 καταστεῖλαι
2811 887 2904 940 τὸν
2931 887 3162 958 θόρυϐον
3187 887 3292 940 τῶν
3321 892 3626 958 στρατιωτῶν.

2129 976 2261 1032 Εἶτα
2297 980 2376 1042 εἰς
2405 979 2638 1043 Γαλλίας
2672 978 2852 1032 ἐλθεῖν
2891 979 3028 1050 πρὸς
3065 979 3157 1032 τὸν
3206 981 3369 1048 μέγαν
3387 981 3625 1050 ⁸Κιιινιιιίινο

2127 1073 2294 1138 τῖνον,
2345 1071 2615 1141 κηδεστὴν
2649 1071 2816 1125 αὑτοῦ
2849 1072 2944 1124 καὶ
2989 1071 3149 1125 αὐτὸν
3180 1071 3305 1124 ὄντα
3350 1071 3432 1123 ἐπὶ
3459 1073 3625 1146 Φαύστῃ

2125 1165 2192 1234 τῇ
2229 1162 2396 1218 αὑτοῦ
2426 1162 2678 1233 θυγατρὶ,
2712 1163 2954 1234 κάκείνῳ
2983 1163 3392 1218 ἐπιϐουλεύοντα
3433 1166 3514 1219 καὶ
3541 1183 3624 1219 πει·

2128 1255 2377 1327 ρώμενον
2408 1255 2508 1324 τήν
2542 1256 2756 1308 ἐκείνου
2800 1255 3082 1321 βασιλείαν
3124 1255 3337 1309 λαϐεῖν·
3380 1257 3625 1326 γνωσθῆναι

2126 1349 2183 1406 δέ
2229 1350 2453 1406 κάκεῖσε
2489 1349 2582 1402 καὶ
2635 1348 3082 1417 ἀποκῳυσθῆναι
3125 1346 3220 1400 τοῦ
3273 1347 3625 1418 ἐγχειρήματος,

2125 1439 2220 1492 καὶ
2252 1438 2427 1501 οὕτως
2455 1439 2830 1506 ἀπάγξασθαι.
2873 1439 3017 1496 Ἀλλ’
3055 1433 3208 1494 οὗτοι
3259 1439 3351 1509 μὲν
3385 1439 3458 1492 ἐνί
3489 1456 3541 1508 γι
3573 1441 3626 1511 τῷ

2123 1531 2312 1602 τρόπῳ
2343 1531 2455 1584 τῶν
2482 1532 2791 1601 εἰρημένων
2809 1531 2906 1600 τὴν
2938 1531 3084 1600 ζωὴν
3115 1532 3491 1601 ἐξεμέτρησαν·
3514 1532 3608 1586 Κῶν

443 1612 669 1668 bantur.
719 1616 833 1671 lmo
864 1626 1036 1671 totum
1084 1620 1365 1688 negotium
1411 1619 1608 1672 divinae
1653 1617 2020 1674 Providentia!

2127 1641 2260 1688 στας
2299 1624 2356 1680 δέ
2393 1624 2678 1679 ἑνδέκατον
2718 1622 2937 1695 ήνυκὼς
2963 1623 3212 1678 ἐνιαυτὸν
3261 1624 3400 1694 παρὰ
3424 1625 3480 1692 τῇ
3521 1626 3623 1693 ἀρχῇ

445 1706 574 1772 fuit,
610 1711 837 1764 salutari
881 1685 1247 1780 praeconio—ac
1274 1713 1456 1782 potius
1484 1711 1742 1766 omnibus
1787 1712 2019 1766 Romani

2122 1685 2304 1780 ἐξότου
2351 1717 2572 1786 Καῖσαρ
2631 1685 2976 1788 ἀνηγορεύθη
3041 1715 3138 1769 καὶ
3178 1685 3352 1786 ἠπίως
3370 1685 3515 1784 ἄρξας

442 1797 663 1868 imperii
698 1802 938 1855 subditis
968 1803 1339 1868 consulentis,
1379 1813 1437 1856 ut
1470 1819 1568 1872 per
1598 1818 1724 1856 cum
1773 1804 2021 1874 tyranni-

440 1890 540 1945 des
570 1892 1014 1949 destruerentur.
1052 1895 1248 1949 Fertur
1273 1896 1444 1962 enim,
1477 1895 1802 1952 Constantio
1832 1911 2023 1969 agro-

441 1985 600 2047 tanti,
630 1995 684 2038 et
728 1985 800 2038 ob
847 1997 1172 2040 ceterorum
1212 1988 1448 2041 ﬁliorum
1498 1988 1736 2058 ineptam
1781 1989 2021 2043 indolem

442 2084 672 2139 mmsto,
717 2078 943 2146 angelus
971 2080 1232 2138 astitisse.
1264 2079 1358 2148 qui
1381 2079 1622 2147 iuberet,
1656 2092 1717 2134 ut
1745 2078 2021 2135 Constan-

441 2163 559 2218 tino
596 2165 936 2234 relinqueret
966 2168 1278 2237 imperium.
1313 2167 1473 2222 Hunc
1508 2169 1672 2238 igitur
1699 2168 2019 2227 Constanti-

439 2269 575 2308 num
619 2265 798 2324 pater,
842 2257 1249 2314 adolescentem
1279 2262 1614 2325 etiamnum,
1649 2258 1890 2316 Gallerio
1922 2260 2022 2319 de-

439 2343 590 2400 disse
630 2347 879 2400 obsidem
923 2356 1283 2411 memoratur,
1317 2357 1377 2400 ut
1410 2348 1632 2402 interim
1662 2350 1828 2402 etiam
1861 2348 1916 2402 in
1958 2364 2019 2406 re

443 2436 670 2490 militari
699 2448 1077 2492 exerceretur.
1109 2437 1211 2504 Qui
1241 2453 1367 2492 cum
1398 2439 1449 2494 ei
1480 2438 1551 2494 ob
1588 2437 1792 2509 ingenii
1822 2437 2020 2494 dexte-

439 2525 663 2580 ritatem
694 2541 759 2580 ex
798 2526 1004 2580 invidia
1036 2526 1262 2580 insidias
1290 2537 1551 2592 strueret,
1586 2528 1638 2581 in
1673 2542 1850 2597 pugna
1891 2527 2020 2582 Sar-

440 2618 642 2672 matica
695 2619 1012 2683 mandarit,
1062 2628 1122 2674 ut
1171 2619 1538 2673 Barbarorum
1596 2622 1790 2674 ducem
1847 2619 2018 2674 armis

439 2709 712 2780 insignem
773 2711 1185 2782 aggrederetur.
1245 2709 1669 2765 Constantinum
1729 2725 1860 2764 vero
1917 2726 2016 2780 pa-

439 2801 643 2867 ruisse,
669 2817 906 2872 eumque
940 2811 1282 2872 correptum,
1315 2801 1590 2854 viventem
1620 2801 1686 2854 ad
1714 2800 2013 2859 Gallerium

440 2903 712 2961 portasse.
761 2895 968 2950 Deinde
1021 2895 1236 2949 leonem
1288 2895 1584 2950 immanem
1627 2905 1684 2950 et
1727 2904 2012 2952 cruentam

2123 1812 2438 1881 προσηνῶς,
2485 1812 2544 1863 ἐν
2591 1811 2948 1880 Βρεττανίαις
2987 1809 3197 1876 διάγων
3220 1849 3236 1873 ,
3287 1807 3522 1861 κατέλυσε
3553 1810 3625 1872 τήν

2123 1899 2292 1970 ζωὴν,
2320 1902 2520 1966 πένθος
2551 1901 2748 1958 ἑαυτοῦ
2787 1903 2903 1964 τοῖς
2949 1902 3041 1955 ὑπ’
3084 1901 3248 1954 αὑτὸν
3290 1899 3624 1962 καταλελοιπὼς

2119 1990 2209 2045 διὰ
2234 1991 2335 2060 τὴν
2363 1991 2729 2062 χρηστότητα,
2760 1991 3030 2062 πρότερον
3073 1989 3167 2042 τὸν
3191 1988 3526 2060 πρεσϐύτερον
3545 1989 3624 2041 τῶν

2119 2082 2340 2135 οίκείων
2385 2082 2520 2136 υἱῶν
2563 2083 2665 2150 τῆς
2699 2085 2874 2154 ἀρχῆς
2905 2082 3261 2153 καταστήσας
3307 2081 3534 2151 διάδοχον,
3557 2083 3624 2134 τὸν

2123 2175 2300 2244 μέγαν
2341 2174 2545 2248 δηλαδὴ
2593 2175 3032 2237 Κωνσταντῖνον,
3081 2173 3143 2226 ὃν
3183 2175 3249 2226 ἐκ
3291 2171 3383 2242 τῆς
3410 2171 3624 2242 προτέρας

2119 2267 2293 2322 αὑτοῦ
2319 2267 2569 2336 ἐγείνατο
2599 2266 2875 2338 γαμετῆς.
2917 2260 3050 2337 Εἶχε
3079 2263 3138 2320 δέ
3169 2265 3277 2320 κάκ
3305 2266 3397 2336 τῆς
3421 2262 3622 2334 δευτέρας

2119 2361 2221 2430 τῆς
2249 2358 2344 2412 τοῦ
2379 2357 2694 2429 Ἐρκουλίου
2713 2357 2988 2428 θυγατρὸς
3020 2355 3302 2427 Θεοδώρας
3327 2355 3415 2410 καὶ
3455 2354 3622 2425 ἐτέρους

2122 2449 2297 2513 υἱοὺς,
2328 2451 2760 2515 Κωνσταντῖνον,
2809 2448 3250 2515 Ἀναϐαλλιανδν,
3279 2449 3370 2503 καὶ
3397 2447 3622 2501 limosi»-

2117 2559 2256 2596 τιον.
2289 2542 2671 2612 Προτετίμητο
2695 2541 2754 2594 δὲ
2779 2541 2985 2595 τούτων
3010 2544 3039 2596 ὁ
3067 2541 3242 2612 μέγας
3264 2539 3620 2600 Κωνπσντῖνος.

2118 2635 2199 2688 ὅτι
2230 2637 2428 2688 ἐκεῖνοι
2463 2633 2543 2705 τῷ
2589 2636 2760 2706 πατρὶ
2814 2634 3186 2704 ἀνεπιτήδειοι
3231 2635 3363 2704 πρὸς
3394 2633 3480 2702 τήν
3505 2631 3613 2701 βασι·

2118 2727 2270 2782 λείαν
2303 2728 2621 2800 ἐκρίθησαν.
2662 2728 2736 2782 Τὸ
2783 2728 2831 2781 δ’
2871 2727 2995 2780 ὅλον
3031 2723 3106 2800 ἦν
3149 2729 3215 2782 ἐκ
3253 2726 3378 2782 Θεοῦ
3401 2727 3605 2794 οίκονομη

2116 2822 2209 2875 θέν
2239 2821 2382 2892 ὑπὲρ
2411 2819 2508 2874 τοῦ
2549 2820 2697 2874 θείου
2729 2819 3119 2891 κηρύγματος,
3149 2819 3182 2888 ἢ
3213 2819 3400 2889 μᾶλλον
3421 2819 3501 2873 καὶ
3520 2816 3620 2882 ὑπὲρ

2121 2915 2342 2968 πάντων
2389 2917 2458 2984 τῇ
2507 2914 2616 2969 τῶν
2651 2913 2943 2984 Ῥωμαίων
2983 2915 3360 2986 ὑποκειμένων
3395 2916 3531 2984 ἀρχῇ,
3558 2913 3619 2964 ina

439 2982 677 3036 belluam
707 2984 940 3054 jussisse
965 2985 1269 3040 subsistere
1300 3004 1313 3039 :
1351 2986 1502 3038 illum
1544 3001 1674 3040 vero
1707 2985 1761 3039 id
1790 2992 2013 3054 quoque

2120 3004 2185 3058 δι’
2210 3005 2377 3059 αὑτοῦ
2423 2982 2782 3062 καταλυθεῖεν
2821 3009 2878 3061 αι
2915 2982 3255 3078 τυραννίδες.
3303 2982 3511 3074 Λέγεται
3540 3006 3616 3072 γάρ

435 3083 738 3139 certamen,
767 3078 1022 3144 quamvis
1045 3093 1155 3132 non
1187 3093 1302 3131 sine
1328 3078 1595 3146 periculo.
1616 3078 1800 3131 divina
1831 3087 2013 3134 tamen

2121 3051 2168 3058 "
2211 3051 2374 3059 ’⁷⁷⁷⁷⁷
2425 3051 2777 3062 """'""""
2822 3051 2878 3061 ν’-
2926 3051 3255 3078 ⁷⁷Γ*⁷’“⁷’Ὁ’
3303 3051 3506 3074 ’³⁷⁸⁷⁷⁷⁷
3548 3051 3612 3072 Ι’”Γ

2120 3099 2198 3153 ὄτι
2223 3101 2471 3152 νοσοῦντι
2509 3099 2588 3170 τῷ
2621 3100 2941 3154 Κώνσταντι
2981 3100 3081 3153 καὶ
3123 3099 3411 3170 ἀθυμοῦντι
3450 3097 3522 3153 διὰ
3547 3097 3616 3165 τὴν

438 3166 614 3234 gratia
644 3168 976 3232 incolumem
999 3170 1222 3224 obiisse.
1251 3169 1405 3226 Unde
1439 3185 1562 3224 cum
1592 3169 1893 3228 Gallerium
1925 3169 2014 3227 iu-

439 3257 626 3312 videre
659 3258 761 3312 sibi
792 3269 957 3328 atque
987 3261 1237 3316 insidiari
1275 3260 1657 3323 intellexisset,
1693 3269 1857 3318 noctu
1887 3276 2015 3321 cum

441 3349 506 3403 iis
533 3351 733 3419 quibus
756 3354 982 3418 ﬁdebat,
1014 3354 1137 3421 luga
1163 3355 1407 3423 elapsum
1430 3355 1497 3410 ad
1520 3364 1729 3423 patrem
1763 3353 2014 3410 rediisse:

441 3458 620 3512 eoque
654 3455 815 3512 pacto
839 3457 896 3498 et
926 3447 1236 3515 periculum
1269 3448 1532 3511 evasisse,
1560 3456 1617 3504 et
1648 3455 1881 3516 paterno
1911 3446 2016 3504 im-

437 3537 597 3604 perio
622 3539 861 3605 potitum
887 3554 1034 3596 esse.

2107 3193 2206 3245 ἐπὶ
2249 3197 2362 3254 τοῖς
2401 3191 2585 3253 ἄλλοις
2635 3194 2827 3245 παισὶ-ν
2857 3193 3166 3262 ἀποτυχίαν
3193 3191 3416 3258 ἄγγελος
3442 3190 3613 3253 ἐπέστη,

2112 3282 2190 3350 τῷ
2249 3281 2648 3349 Κωνσταντίνῳ
2703 3283 2945 3342 κελεύων
2999 3283 3103 3354 τὴν
3165 3282 3403 3349 ἐξουσίαν
3451 3279 3615 3334 καταλι-

2114 3376 2257 3429 πεῖν.
2313 3371 2520 3428 Τοῦτον
2565 3373 2631 3443 δὴ
2677 3374 2768 3427 τὸν
2814 3375 3226 3428 Κωνσταντῖνον
3266 3377 3293 3428 ὁ
3335 3373 3492 3442 πατὴρ
3529 3387 3614 3440 μει-

2118 3467 2311 3536 ράκιον
2350 3466 2482 3522 ὄντα
2515 3465 2596 3538 τῷ
2632 3466 2906 3538 Γαλλεριῳ
2949 3470 3031 3532 είς
3060 3466 3325 3538 ὁμηρείαν
3353 3465 3612 3536 παρέσχετο.

2117 3559 2184 3612 ἵν’
2231 3557 2524 3629 ὁμηρεύων
2571 3558 2690 3630 ἅμα
2739 3561 2833 3612 καὶ
2877 3559 3014 3630 πρὸς
3061 3562 3294 3628 ἄσκησιν
3338 3555 3613 3626 γυμνὰζητιι

431 3652 534 3720 τῆς
587 3653 789 3724 τέχνης
834 3655 938 3725 τῆς
995 3655 1406 3726 στρατιώτιδος.
1466 3655 1527 3709 ὐ
1597 3655 1655 3709 δὲ
1711 3655 2020 3727 περιδέξιον
2054 3655 2244 3708 τοῦτον
2297 3653 2463 3724 ὁρῶν,
2533 3657 2628 3709 καὶ
2684 3654 2918 3724 φθονῶν,
2963 3655 3117 3726 αὐτῷ
3159 3653 3473 3708 ἐπεϐούλευε.
3537 3646 3612 3700 Καὶ

436 3747 656 3815 πρῶτον
714 3749 814 3817 μὲν
857 3755 971 3814 τοῖς
1015 3754 1336 3823 Σαρμάταις
1414 3753 1726 3824 μαχόμενος
1763 3751 1847 3824 τῷ
1926 3751 2152 3806 ἐκείνων
2207 3749 2441 3820 ἀρχηγῷ
2479 3751 2546 3804 ἐκ
2600 3752 2701 3819 τῆς
2787 3749 3096 3813 πανοπλίας
3145 3749 3391 3818 ἐπισήμῳ
3462 3738 3612 3809 τυγχά-

435 3855 578 3893 νοντι
625 3843 965 3912 προσέταξεν
1013 3845 1286 3900 ἐπελθεῖν.
1339 3845 1398 3899 ὐ
1428 3846 1484 3900 δέ
1528 3852 1625 3900 καὶ
1688 3847 1916 3917 ἐπῆλθε,
1979 3845 2077 3896 καὶ
2114 3843 2368 3914 ἁρπάσας
2407 3843 2573 3896 αὐτὸν
2609 3843 2799 3907 ζῶντα
2815 3843 2894 3914 τῷ
2937 3843 3220 3914 Γαλλερίῳ
3246 3833 3610 3910 ὲκόμισεν.Εἱτα

434 3934 624 3987 λέοντα
682 3935 912 4005 φρικτόν
964 3954 1085 3990 τινα
1136 3937 1282 4008 θήρα
1343 3940 1440 3992 καὶ
1494 3940 1834 4008 παλαμναῖον
1907 3935 2167 3990 ἐκέλευσε
2234 3935 2512 4000 δέξασθαι.
2600 3935 2660 3988 '0
2722 3934 2781 3988 δέ
2821 3936 2918 3989 καὶ
2946 3936 3142 3989 τοῦτον
3164 3937 3253 3990 τὸν
3295 3930 3438 3987 ἆθλον
3463 3931 3608 4000 ήνυσεν

435 4026 794 4106 ἐπικινδύνως
840 4029 960 4097 μὲν,
999 4030 1102 4098 τῆς
1142 4031 1291 4094 θείας
1329 4031 1386 4084 δέ
1437 4046 1499 4099 γε
1543 4033 1763 4102 χάριτος
1831 4027 2210 4100 συντηρούσης
2275 4029 2460 4083 αὐτόν.
2533 4027 2698 4091 Γνοὺς
2735 4027 2781 4080 δ’
2843 4027 3099 4082 ἐντεῦθεν
3132 4027 3468 4098 φθονούμενος
3498 4020 3607 4086 περὶ

434 4125 527 4178 τοῦ
575 4125 892 4194 Γαλλερίου,
937 4129 1032 4180 καὶ
1087 4127 1578 4198 ἐπιϐουλευόμενος
1615 4127 1811 4191 νυκτὸς
1863 4127 2006 4196 μετά
2043 4142 2206 4179 τινων
2253 4121 2337 4188 οἷς
2391 4123 2614 4197 ἐθάρρει
2698 4123 2929 4192 ἀπέδρα,
2974 4124 3073 4176 καὶ
3149 4125 3282 4195 πρὸς
3325 4123 3407 4174 τὸν
3449 4117 3604 4185 πατέρα

436 4217 830 4284 ἐπανελήλυθε.
913 4219 1024 4270 Καὶ
1074 4220 1103 4270 δ
1155 4221 1255 4286 μὲν
1313 4216 1487 4282 οὕτως
1540 4219 1636 4270 τόν
1694 4236 1755 4271 τε
1817 4217 2062 4272 κίνδυνον
2113 4217 2487 4286 διαπέφευγε,
2562 4216 2659 4272 καὶ
2710 4215 2809 4286 τῆς
2846 4215 3112 4286 πατρῴας
3157 4216 3416 4287 βασιλείας
3439 4211 3602 4284 ἠξίωτο.

508 4312 750 4368 XXXIV.
796 4313 1124 4367 Maximinus
1162 4313 1466 4377 Licinium,
1511 4316 1737 4369 natione
1780 4315 2008 4380 Dacum,

2186 4310 2308 4368 AA'.
2347 4311 2654 4381 Μαξιμῖνος
2687 4310 2743 4363 δὲ
2795 4312 3056 4365 κοινωνὸν
3103 4311 3200 4379 τῆς
3242 4311 3402 4381 ἀρχῆς
3437 4308 3510 4359 τὸν
3537 4306 3597 4358 Λι⁸

436 4405 529 4472 qui
563 4404 912 4458 Constantini
956 4405 1130 4474 Magni
1159 4422 1404 4460 sororem
1439 4407 1493 4461 in
1523 4406 1875 4461 matrimonio
1907 4412 2007 4460 ha-

2120 4405 2310 4456 ιίννιον
2363 4402 2474 4474 (94)
2525 4400 2906 4470 προσειλήφει,
2955 4402 3020 4453 ἐκ
3059 4401 3255 4454 Δακῶν
3301 4400 3492 4452 ἕλκοντα
3532 4393 3600 4462 τὴν

441 4493 624 4556 bebat,
659 4494 878 4562 imperii
921 4495 1184 4562 collegam
1219 4495 1516 4559 asciturus,
1547 4495 1602 4548 in
1638 4495 1851 4566 lllyrico
1883 4495 2012 4549 reli-

2120 4495 2202 4546 εοῦ
2245 4499 2437 4561 γένους
2491 4492 2703 4561 σειρὰν,
2753 4493 2848 4544 καὶ
2900 4494 3155 4563 γαμϐρὸν
3193 4495 3313 4545 ὄντα
3341 4493 3418 4542 ἐπ’
3450 4487 3598 4552 ἀδελςῇ

436 4586 575 4651 quit,
605 4594 663 4636 ut
689 4584 998 4638 Thracibus
1019 4585 1113 4653 qui
1136 4601 1165 4638 a
1190 4585 1446 4641 Barbaris
1468 4587 1823 4652 vexabantur,
1847 4601 2008 4654 opem

2120 4586 2197 4639 τοῦ
2225 4585 2462 4656 μεγάλου
2510 4585 2945 4639 Κωνσταντίνου.
2997 4587 3270 4640 Κοινωνὸν
3305 4585 3354 4638 δὲ
3380 4583 3460 4652 τῆς
3483 4581 3596 4650 βασι·

435 4676 625 4729 ferret.
655 4675 773 4743 lpse
808 4675 1035 4729 Romam
1060 4677 1336 4746 profectus
1363 4686 1469 4742 est,
1498 4688 1559 4732 ut
1588 4693 1710 4732 cum
1739 4678 2011 4732 Maxentio

2120 4677 2256 4739 istac
2307 4677 2470 4729 αὑτὸν
2520 4678 2894 4745 ποιησάμενος
2924 4677 3016 4730 τὸν
3051 4681 3150 4748 μὲν
3182 4679 3239 4731 ἐν
3277 4676 3348 4746 τῷ
3382 4667 3596 4741 Ἰλλυρικῷ

439 4775 722 4837 pugnaret.
754 4765 962 4822 Deinde
992 4783 1116 4820 cum
1141 4769 1256 4822 suis
1285 4769 1552 4823 militibus
1578 4768 1865 4831 diuideret,
1891 4784 2013 4824 me-

2120 4769 2499 4822 καταλέλοιπεν
2535 4768 2603 4821 ἵν’
2639 4768 2824 4839 ἀμύνῃ
2849 4771 2964 4833 τοῖς
3009 4770 3212 4842 Θρᾳξὶν
3245 4769 3340 4822 ὑπὸ
3364 4763 3595 4835 Βαρϐάρων

2106 4859 2450 4930 ληϊζομένοις
2494 4877 2508 4890 ·
2542 4861 2744 4922 ἐκεῖνος
2767 4860 2812 4912 δ’
2844 4861 2924 4923 είς
2961 4861 3182 4930 Ῥώμην
3218 4859 3440 4928 ἀφίκετο,
3470 4850 3592 4921 μαχό-

2112 4967 2269 5021 μενος
2297 4952 2433 5021 πρὸς
2456 4933 2780 5018 Μαξέντιονί
2802 4949 2957 5018 Εἶτα,
2980 4955 3108 5016 τοὺς
3132 4951 3354 5012 οἰκείους
3383 4945 3593 4998 ὑπόπτους

439 4869 600 4913 tuens
631 4873 698 4912 ne
722 4859 789 4912 ad
822 4859 1032 4914 hostem
1069 4859 1386 4925 transirent,
1417 4862 1621 4915 omisso
1649 4861 1792 4914 bello
1816 4876 2003 4915 reces-

433 4953 525 5006 sit.
555 4951 632 5004 Ac
659 4949 953 5015 Licinium,
983 4951 1111 5020 quia
1145 4950 1404 5020 collegam
1439 4966 1565 5004 eum
1593 4950 1849 5004 ascivisse
1881 4965 2000 5020 pm-

1627 5113 1822 5175 Varim
1855 5109 2158 5176 lectiones
2186 5118 2251 5175 et
2279 5120 2473 5176 notae.

509 5240 616 5308 (94)
654 5241 761 5294 Τὸν
796 5242 1118 5296 Λικίννιον.
1152 5241 1354 5297 Scribit
1410 5255 1716 5310 anonymus
1764 5239 1819 5293 in
1860 5240 1995 5310 iVila

2120 5239 2666 5310 natrimonium,ran.
2704 5239 2832 5299 313,
2858 5255 3048 5294 verum
3097 5236 3585 5310 scribitgLactantitis.

433 5311 490 5388 S.
514 5299 725 5388 ‘Ba'silei
761 5312 1160 5388 archiepiscopi
1181 5312 1476 5388 “Ammoni,
1514 5299 1576 5363 n:
1605 5310 1637 5363 5
1661 5311 1802 5388 etii,
1851 5309 1999 5364 Lici-
2095 5310 2153 5362 in
2179 5309 2280 5365 lib.
2314 5309 2386 5361 De
2409 5299 2619 5388 νηοί-ῆι),
2657 5319 2981 5376 persecutor.
3024 5326 3081 5388 nn.
3132 5310 3220 5374 46,
3259 5308 3322 5388 47
3344 5299 3584 5388 ei

436 5385 584 5434 nium
616 5382 901 5436 simulasse
933 5378 992 5436 se
1022 5378 1143 5436 esse
1172 5382 1570 5439 Christianum.
1622 5391 1681 5434 ut
1727 5383 2000 5434 Constan-
2093 5389 2302 5448 quanto
2334 5389 2455 5450 post
2481 5379 2644 5450 initas
2673 5393 2797 5432 cum
2821 5393 3008 5434 sorore
3037 5378 3366 5434 Constantini
3397 5380 3584 5450 nuptIaS.

435 5452 563 5503 tiam
592 5451 934 5506 Constantini
973 5453 1040 5506 M.
1071 5467 1316 5505 sororem
1345 5453 1396 5503 in
1431 5466 1656 5504 uxorem
1691 5450 1974 5504 obtineret
2095 5447 2161 5502 ac
2193 5465 2315 5504 cum
2354 5447 2649 5502 Maximino
2674 5463 3120 5518 congressurum.
3144 5462 3325 5502 somno
3353 5447 3581 5518 monitum.

434 5529 488 5598 et
517 5522 712 5589 adepto
742 5524 970 5590 imperio
995 5520 1410 5598 inAOriente,_ad
1443 5524 1705 5598 vomitum
1743 5520 1994 5598 rediisse.
2093 5518 2374 5598 Christum
2409 5520 2716 5598 invocasse.
2745 5514 3070 5598 dédisseque
3101 5514 3579 5598 litterasatllli‘PJT

432 5590 594 5643 Certe
622 5576 1010 5654 Constantinus
1046 5576 1523 5666 Christianismum
1564 5593 1850 5666 amplexus
1880 5591 2000 5666 Ιξιιθ⁴
2095 5591 2307 5666 ciarum
2341 5588 2601 5666 przesides
2629 5587 2696 5640 de
2717 5576 3083 5666 restituendis
3118 5576 3422 5643 Christianis
3446 5576 3578 5635 eccle-

439 5669 522 5709 rat
547 5671 670 5715 ante
717 5663 912 5716 initum
981 5663 1125 5718 inter
1180 5660 1454 5716 Licinium
1505 5672 1562 5715 et
1616 5659 1995 5714 Constantiam
2098 5660 2214 5720 siis,
2239 5658 2602 5712 Constantino
2626 5666 2682 5711 et
2715 5658 2834 5726 ipso
2867 5673 2924 5711 III
2955 5658 3092 5713 co'ss.
