3904 6204
219 281 342 348 1097
1429 281 1818 346 ANNALIUN

1891 284 2027 344 LIB.
2068 284 2240 344 Xlll.
3293 281 3432 364 1093

210 391 358 460 οὗτος
390 396 516 469 ἔσχε
569 396 772 467 Πέτρον
827 394 1088 466 διάδοχον.
1133 394 1228 449 ι’ον
1281 395 1420 465 μετὰ
1466 401 1651 470 τριετῆ
1719 399 1910 470 χρόνον
1942 399 2212 468 Στέφανος
2285 393 2574 461 διεδέξατο,
2624 393 2944 464 ἰσαρίθμους
3007 395 3439 465 ἀρχιερατεύσας

209 493 500 555 ἐνιαυτούς.
544 491 634 560 Τῷ
663 485 1016 561 δὲΣτεφάνῳ
1087 491 1404 548 Καλανόίων
1450 492 1560 564 (99)
1593 493 1809 561 ἐγένετο
1848 493 2093 564 ἔφεδρος.
2154 493 2266 546 Καὶ
2308 491 2481 562 τούτῳ
2513 487 2656 561 μετὰ
2701 490 3017 558 τετραετίαν
3060 490 3258 558 Πέτρος
3286 491 3442 552 ἄλλος

209 584 541 654 ὲςςήδρευσε,
594 585 782 654 τριετῆ
834 583 1024 654 χρόνον
1075 583 1174 654 τὴν
1230 584 1560 656 Ἐκκλησίαν
1637 586 2016 656 κατεσχηκὼς.
2063 575 2140 636 Οῧ
2212 580 2454 652 διάδοχος
2519 581 2815 644 Παλλάδιος
2893 581 3104 649 γέγονε,
3156 579 3442 634 δεκαετίαν

211 679 411 742 ἀνύσας
458 681 518 731 ὲν
559 681 624 749 τῇ
685 679 848 748 ἀρχῇ.
903 674 1037 732 Εἶτα
1081 679 1380 743 Φλαϐιανὺς
1430 679 1624 751 ᾑρέθη,
1682 679 1774 732 ἐπὶ
1847 679 1980 732 δέκα
2046 678 2140 732 καὶ
2187 678 2335 747 τρεῖς
2384 675 2816 748 ἀρχιερατεύσας
2869 674 3166 738 ἐνιαυτούς.
3216 675 3352 728 Μεθ’
3381 674 3440 726 ὃν

208 765 435 836 Σευῆρος
503 766 730 836 ἕϐδομον
787 768 1182 838 λειτουργήσας
1254 771 1502 822 ἐνιαυτὸν
1554 769 1766 839 ἀφῆκεν
1840 768 2154 838 Εύφρασίῳ.
2197 767 2296 836 τὴν
2372 766 2641 836 καθέδραν
2702 767 2800 835 τὴν
2872 765 3044 835 ἱεράν.
3153 768 3249 818 Ὃν
3304 765 3446 836 μετά

209 859 451 928 πέμπτον
516 857 634 923 ἔτος
701 859 1024 929 Ἐφραῖμιος
1096 859 1397 926 διεδέξατοο
1431 859 1576 913 ὀκτὼ
1652 861 1697 913 δ’
1733 861 1824 914 ἐπὶ
1867 862 2000 914 δέκα
2025 859 2245 930 χρόνους
2268 859 2472 911 ἐπεϐίω
2510 852 2664 921 οὗτος
2708 857 2785 927 τῷ
2843 857 3291 927 λειτουργήματι.

2387 1071 3433 1080 νῌ-ο-η-ομνο“

1040 1251 1389 1336 LIBER
1477 1249 1992 1336 DECIMUS
2069 1252 2620 1340 TERTIUS.

278 1459 349 1517 a'.
403 1458 561 1514 Οὕτω
589 1458 714 1528 ’μὲν
772 1453 886 1521 οὖν,
925 1458 1001 1521 ὡς
1035 1459 1267 1529 εἴρηται,
1297 1456 1398 1526 τῆς
1429 1457 1524 1510 τοῦ
1563 1457 1772 1527 πατρὸς
1805 1467 1818 1500 Α

1953 1459 2042 1525 ll.
2063 1459 2153 1514 Sic
2173 1460 2358 1529 igitur,
2379 1471 2438 1516 ut
2457 1461 2668 1516 dictum
2690 1474 2794 1529 est,
2813 1463 3208 1520 Constantinus
3224 1465 3448 1535 Magnus

211 1553 484 1624 βασιλείας
512 1553 541 1605 ὁ
578 1551 752 1621 μέγας
793 1553 1202 1613 Κωνσταντῖνος
1249 1551 1495 1619 διάδοχος
1523 1551 1768 1618 γέγονεν,

1891 1553 2023 1619 'egni
2051 1554 2262 1620 paterni
2289 1568 2575 1609 successor
2591 1555 2823 1622 exstitit,
2854 1557 3156 1625 imperator
3180 1567 3448 1626 perpetua

207 1646 239 1697 ὁ
271 1645 330 1697 ιν
355 1641 668 1713 βασιλεῦσιν
727 1641 973 1712 ἀοίδιμος
1032 1641 1127 1693 καὶ
1161 1643 1220 1694 ὲν
1245 1640 1550 1709 ὀρθοδόξοις
1577 1643 1772 1708 ἐπιση-

1891 1643 2140 1694 nemoria
2167 1643 2384 1712 dignus,
2411 1653 2469 1698 et
2492 1645 2636 1699 inter
2665 1647 3000 1703 ortliodoxos
3019 1649 3446 1704 illustrissimins.

209 1737 458 1807 μύτατος.
487 1735 584 1798 “Oc
622 1736 687 1787 ὲκ
735 1734 835 1803 τῆς
896 1732 1177 1803 μακαρίας
1243 1732 1468 1800 Ἑλένης
1511 1731 1775 1799 γεγένητο

1891 1734 2012 1787 Eum
2057 1750 2122 1788 ex
2177 1735 2352 1790 beata
2388 1733 2590 1791 Helena
2638 1740 2949 1808 procreavit
2997 1750 3185 1810 pater,
3229 1744 3296 1796 de
3339 1757 3445 1811 qua

204 1828 490 1900 τῷπατρὶ,
521 1828 650 1898 περὶ
678 1821 749 1897 ἧς
783 1825 1151 1895 διαφωνοῦσιν
1195 1825 1246 1878 oi
1269 1826 1630 1892 συγγραφεῖς,
1680 1823 1776 1876 καὶ

1891 1824 2210 1880 iissentiunt
2261 1827 2533 1881 historici.
2578 1829 2713 1883 Nam
2759 1831 2851 1885 alii
2899 1832 3146 1902 legitimo
3193 1834 3447 1904 conjugio

209 1919 342 1990 παρ’
395 1920 582 1980 αὐτοῖς
616 1919 686 1970 τά
715 1918 846 1986 περὶ
904 1916 1107 1985 ταύτης
1165 1916 1263 1986 οὐχ
1312 1915 1680 1984 ὡμολόγηται.
1711 1915 1774 1967 Oi

1891 1921 2110 1982 'iuptam
2139 1917 2304 1970 fuisse
2330 1916 2671 1985 Constantio,
2697 1935 2761 1975 ac
2795 1921 3098 1988 dimissam,
3123 1940 3247 1978 cum
3281 1923 3450 1978 Maxi-

211 2013 312 2084 μὲν
339 2013 447 2082 γὰρ
497 2012 573 2081 τῷ
607 2010 971 2080 Κωνσταντίῳ
1007 2009 1157 2079 νόμῳ
1179 2009 1363 2078 γάμου
1401 2007 1566 2076 φασὶν
1605 2008 1776 2077 αὐτὴν

1891 2007 2093 2060 mianus
2127 2005 2432 2073 Herculius,
2469 2019 2529 2064 ut
2563 2022 2688 2066 ante
2726 2012 2936 2067 dictum
2980 2023 3085 2078 est,
3122 2015 3229 2069 filia
3265 2015 3449 2070 Theoi-

210 2105 501 2166 συνοικεῖν,
548 2103 978 2172 ἀποπεμφθῆναι
1025 2101 1100 2165 δὲ,
1137 2100 1232 2153 τοῦ
1268 2099 1615 2168 Μαξιμιανοῦ
1655 2098 1778 2167 Ἐρ-

1891 2096 2011 2150 lora
2037 2099 2328 2167 desponsa,
2357 2098 2626 2156 Caesarem
2649 2119 2776 2158 eum
2809 2104 3172 2176 designasset.
3198 2102 3302 2161 Alii
3339 2117 3449 2160 non

211 2193 450 2256 κουλίου,
481 2193 558 2255 ὡς
581 2192 895 2262 ἔμπροσθεν
942 2189 1182 2260 εἴρηται,
1235 2190 1335 2260 τὴν
1367 2188 1577 2242 οἰκείαν
1609 2187 1779 2241 παῖδα

1891 2190 2375 2256 matremfamilias,
2443 2191 2538 2247 sed
2607 2195 3003 2261 concubinam,
3044 2196 3235 2252 forma:
3276 2198 3453 2268 gratia

211 2285 312 2356 τὴν
359 2284 640 2356 Θεοδώραν
667 2284 842 2353 τούτῳ
891 2281 1394 2350 κατεγγυήσαντος,
1432 2281 1528 2332 καὶ
1563 2278 1781 2332 ἀναδεί-

1891 2277 2201 2335 Constantio
2224 2282 2599 2350 conciliatam,
2631 2283 3053 2341 Constantinum
3086 2289 3136 2342 ei
3170 2289 3453 2358 peperisse

214 2377 404 2441 ξαντος
457 2375 732 2444 Καίσαρα.
767 2375 832 2426 Ol
861 2373 918 2426 δὲ
941 2374 1004 2425 οὐ
1036 2371 1286 2441 γαμετὴν
1349 2370 1580 2440 νόμιμον
1610 2368 1779 2438 αὐτὴν

1891 2369 2243 2426 tradiderunt.
2264 2371 2364 2438 Qui
2388 2383 2642 2444 suscepto
2660 2371 2890 2446 paterno
2915 2392 3102 2448 regno,
3129 2376 3448 2446 Britanniae,

214 2467 467 2536 γενέσθαι
495 2467 590 2520 τοῦ
620 2466 1000 2520 Κωνσταντίου
1027 2464 1341 2533 ἱστόρησαν,
1377 2461 1516 2515 ἀλλὰ
1569 2462 1780 2533 πάρερ-

1891 2461 2111 2530 Alpibus
2137 2473 2194 2516 et
2216 2461 2405 2518 Galliis
2441 2465 2749 2534 imperavit,
2789 2466 3072 2536 gentilium
3108 2463 3291 2524 adhuc
3321 2472 3454 2526 reli-

214 2576 308 2627 γον
326 2558 609 2629 ἐρωτικῶν
643 2557 973 2627 ἐπιθυμιῶν,
1004 2557 1101 2609 καὶ
1135 2555 1193 2620 ἐξ
1222 2554 1434 2607 ἐκείνου
1475 2554 1662 2607 τοῦτον
1714 2553 1779 2624 δὴ

1891 2553 2028 2623 gioni
2078 2554 2364 2617 addictus,
2435 2564 2491 2610 et
2541 2557 2876 2612 Christianis
2925 2552 3190 2623 infestus,
3251 2563 3450 2619 Fausta

215 2651 581 2706 συλλαϐέσθαι
611 2651 704 2703 τὸν
729 2650 902 2719 μέγαν
937 2647 1364 2701 Κωνστανττνον.
1388 2644 1781 2713 Διαδεξάμενος

1891 2660 2053 2699 uxore
2095 2646 2164 2698 ad
2207 2646 2631 2701 simulacrorum
2671 2651 2880 2702 cultum
2922 2665 3048 2705 eum
3096 2663 3448 2720 provocante.

210 2744 384 2813 δὲτὴν
403 2741 688 2812 βασιλείαν
718 2740 816 2810 τὴν
848 2737 1126 2809 πατρικὴν
1155 2733 1294 2807 ἦρχε
1324 2735 1782 2837 τῆς-Βρξταννίας
1812 2784 1818 2836 1

1891 2737 2009 2790 Fuit
2053 2746 2237 2791 autem
2280 2737 2472 2792 Fausta
2513 2739 2822 2795 Maximiani
2875 2741 3004 2795 filia.
3056 2742 3190 2796 Nam
3238 2745 3353 2814 ipse
3395 2755 3453 2800 et

211 2852 275 2887 τε
299 2833 396 2886 καὶ
430 2835 536 2886 τῶν
572 2833 845 2894 Ἄλπεων,
877 2832 972 2882 καὶ
999 2831 1090 2882 ἐπὶ
1119 2829 1344 2890 ταύταις
1372 2827 1481 2880 τῶν
1515 2826 1776 2892 Γαλλιῶν,
1813 2826 1818 2836 ’

1891 2840 2036 2897 pater
2063 2829 2200 2885 duas
2223 2846 2442 2885 sorores
2472 2831 2524 2884 in
2557 2832 2908 2888 matrimonio
2948 2835 3281 2890 habuerunt.
3313 2837 3450 2892 Cum

208 2929 293 2980 ἔτι
320 2929 384 2996 τῇ
448 2926 559 2978 τῶν
593 2926 861 2995 Ἑλλήνων
923 2921 1193 2993 θρησκείᾳ
1215 2921 1638 2990 προσκείμενος,
1683 2922 1780 2973 καὶ

1891 2934 2009 2974 vero
2043 2930 2151 2974 tres
2185 2932 2368 2975 essent
2411 2923 2771 2992 imperatores
2790 2966 2805 2991 ,
2832 2924 3228 2980 Constantinus
3247 2968 3262 2992 ,
3291 2927 3456 2982 Luci-

213 3022 330 3080 τοῖς
378 3019 730 3087 Χριστιανοῖς
794 3016 1194 3084 ἀντικείμενος,
1227 3013 1385 3084 παρά
1407 3013 1658 3080 Φαύστης
1680 3012 1779 3082 τῆς

216 3111 469 3180 γαμετῆς
489 3113 568 3171 εἰς
603 3107 764 3178 ζῆλον
794 3110 891 3177 τῆς
915 3107 1025 3157 τῶν
1058 3104 1292 3158 εἰδώλων
1317 3105 1483 3174 τιμῆς
1520 3105 1783 3158 ἐκκαλού-

218 3219 405 3272 μενος.
458 3202 720 3270 Θυγάτηρ
749 3200 795 3252 δ’
841 3196 908 3268 ἦν
939 3196 1214 3267 ἠΦαύστα
1266 3195 1362 3249 τοῦ
1412 3197 1778 3264 Μαξιμιανοῦ.

217 3294 390 3355 Αὐτὸς
422 3293 531 3360 γάρ
586 3290 683 3344 καὶ
709 3294 736 3342 ὀ
769 3289 949 3359 πατὴρ
1003 3288 1259 3356 ἀδελφαῖς
1317 3285 1595 3357 συνῴκουν
1635 3285 1777 3339 δυσί.

216 3384 401 3454 Τριῶν
435 3383 482 3435 δ’
537 3383 704 3434 ὄντων
737 3381 844 3434 τῶν
879 3380 1170 3448 βασιλέων,
1209 3379 1374 3432 αὑτοῦ
1405 3395 1464 3430 τε
1495 3380 1786 3433 Κωνσταν-

213 3478 369 3528 τίνου
427 3475 518 3526 καὶ
563 3474 814 3526 Λικινίου
840 3473 930 3524 καὶ
960 3471 1288 3534 Μαξεντίου,
1321 3469 1380 3532 ὃς
1410 3471 1467 3520 ὲν
1494 3472 1560 3538 τῇ
1599 3469 1782 3539 Ἰνώμῃ

219 3568 319 3619 καὶ
344 3567 401 3615 ὲν
427 3567 492 3632 τῇ
537 3562 737 3632 Ἰταλία
773 3561 995 3630 ἐκράτει
1029 3562 1058 3613 ὁ
1090 3560 1386 3624 Μαξέντιος
1410 3553 1565 3620 οὗτος
1592 3559 1688 3626 οὐχ
1710 3559 1786 3621 ὡς

219 3657 499 3729 βασιλεὺς,
523 3655 634 3709 ἀλλ’
667 3655 742 3716 ὡς
769 3654 1034 3720 τύραννος
1064 3653 1321 3720 ἄντικρυς
1347 3650 1520 3716 διῆγε,
1559 3649 1786 3701 πλεῖστα

212 3753 370 3801 δεινὰ
421 3751 514 3800 καὶ
559 3747 740 3799 ἄτοπα
799 3747 910 3805 τοῖς
979 3741 1071 3793 ὑπ’
1105 3740 1270 3794 αὑτοῦ
1328 3740 1788 3808 τυραννουμένοις

218 3841 469 3906 ἐπάγων,
505 3839 580 3901 ὡς
608 3838 709 3907 ήδη
742 3830 832 3904 μοι
853 3834 1289 3903 ἀναγέγραπται.
1322 3833 1387 3883 "A
1433 3831 1508 3901 μὴ
1531 3832 1788 3901 φέροντες

213 3937 268 3987 o‘.
325 3937 386 3984 ὲν
419 3935 488 4001 τῇ
533 3929 722 4001 Ῥώμῃ
776 3924 1339 3994 διαπέμπονταιπρὸς
1371 3923 1462 3976 τὸν
1496 3925 1788 3976 Κωνσταν-

215 4030 370 4078 τίνον
401 4023 708 4084 ἀπαλλάξαι
734 4022 874 4088 σφᾶς
905 4018 1002 4086 τῆς
1028 4015 1344 4086 τυραννίδος
1369 4013 1460 4067 τοῦ
1481 4013 1787 4080 Μαξεντίου

1880 3011 2029 3074 nius,
2073 3021 2127 3067 et
2167 3014 2508 3068 Maxentius:
2546 3016 2633 3069 hic
2668 3017 2855 3071 Romae
2891 3025 2947 3071 et
2979 3019 3034 3071 in
3074 3018 3230 3073 Italia
3267 3035 3451 3073 rerum

1881 3105 2096 3173 potiens
2117 3147 2130 3164 .
2169 3122 2273 3159 non
2304 3105 2483 3175 regem
2522 3108 2742 3177 agebat,
2777 3108 2869 3163 sed
2898 3109 3056 3177 plane
3089 3126 3187 3178 pro
3222 3109 3454 3178 tyran‘no

1882 3211 1939 3251 se
1968 3198 2212 3266 gerebat,
2249 3192 2561 3268 importune
2596 3198 2648 3268 2
2677 3208 2731 3253 et
2754 3198 3057 3254 crudeliter
3082 3202 3136 3254 in
3171 3216 3266 3256 eos
3299 3216 3457 3271 gras-

1882 3292 2077 3351 sando,
2106 3289 2309 3357 quibus
2334 3288 2723 3343 dominabatur
2748 3305 2761 3342 :
2791 3288 3254 3358 quemadmodum
3281 3293 3392 3362 jam
3421 3305 3453 3345 a

1884 3391 1971 3430 me
2026 3377 2392 3445 perscriptum
2452 3375 2708 3442 est.Qu:c
2758 3376 2991 3432 Romani
3041 3379 3185 3434 haud
3228 3379 3450 3434 ferenda

1885 3468 2010 3526 rati,
2037 3467 2242 3536 legatos
2265 3467 2332 3520 ad
2364 3466 2786 3521 Constantinum
2810 3470 3100 3534 missitaut,
3122 3481 3179 3524 ut
3200 3473 3453 3528 Maxentii

1887 3559 2176 3627 tyrannide
2207 3573 2264 3611 sc
2295 3559 2524 3622 liberet,
2557 3561 2950 3628 supplicantes.
2987 3563 3058 3616 lis
3091 3564 3348 3631 precibus
3381 3566 3448 3618 ad

1889 3648 2202 3715 pellendum
2250 3649 2399 3702 illum
2454 3642 2783 3714 commutus,
2836 3653 3063 3705 Romam
3101 3667 3291 3708 versus
3331 3667 3455 3708 eum

1889 3739 2134 3792 exercitu
2154 3741 2543 3807 proficiscitur.
2567 3741 2870 3795 Maxentius
2890 3753 3042 3804 vero,
3059 3757 3182 3796 cum
3202 3741 3293 3797 diu
3316 3746 3457 3798 intra

1891 3831 2093 3886 muenia
2128 3844 2184 3883 se
2227 3831 2573 3896 contineret,
2605 3847 2706 3886 nec
2743 3831 2798 3884 in
2839 3831 3013 3886 aciem
3053 3843 3244 3888 contra
3275 3851 3390 3900 eos,
3426 3851 3456 3890 a

1892 3923 2094 3991 quibus
2124 3921 2502 3986 obsidebatur,
2528 3921 2908 3984 descenderet,
2939 3923 3146 3977 salibus
3167 3939 3196 3976 a
3225 3926 3458 3977 nonnul-

1892 4017 1960 4069 lis
2006 4014 2403 4068 inccssebatur.
2460 4012 2566 4068 Sed
2621 4015 2838 4069 tandem
2889 4016 3076 4069 educit
3124 4018 3450 4074 exercitum.

211 4118 495 4184 δεόμενοι.
541 4110 825 4167 Ἐντεῦθεν
878 4111 1016 4179 πρὸς
1065 4106 1389 4174 καθαίρεσιν
1423 4103 1589 4157 αὐτοῦ
1617 4105 1786 4157 διανί-
1817 4134 1818 4139 η

1894 4106 2183 4177 ρηεεῑίεἱὶε
2206 4106 2532 4175 quibusdam
2559 4119 2691 4160 usus
2720 4124 2734 4161 :
2767 4115 2823 4160 et
2853 4117 3050 4176 praeter
3073 4108 3177 4161 alia
3201 4109 3454 4171 nefanda,

214 4223 444 4271 σταται,
468 4204 564 4257 καὶ
593 4200 898 4273 στρατεύει,
931 4199 1026 4252 καὶ
1049 4198 1186 4268 πρὸς
1213 4197 1312 4264 τὴν
1351 4193 1571 4265 Ῥώμην
1599 4197 1785 4263 χωρεῖ.

229 4302 295 4352 ’0
328 4300 391 4352 δέ
437 4314 504 4365 γε
552 4296 850 4358 Μαξέντιος
907 4291 1140 4344 ἐπιπολὺ
1190 4289 1290 4358 μὲν
1346 4287 1496 4348 ἐντὸς
1545 4287 1788 4354 καθῆστο

209 4389 446 4460 τειχῶν,
475 4386 550 4456 μὴ
590 4383 922 4449 ἀντεπεξιὼν
987 4383 1098 4444 τοῖς
1153 4377 1536 4449 πολιορκοῦσιν
1601 4377 1784 4444 αὑτὸν,

208 4483 366 4535 ὥστε
422 4479 518 4531 καὶ
563 4477 652 4530 διά
706 4475 865 4527 τοῦτο
918 4471 1230 4541 σκώμματα
1278 4468 1398 4522 κατ’
1461 4467 1626 4521 αὐτοῦ
1684 4469 1788 4521 ὑπό

210 4587 392 4624 τινων
450 4567 801 4638 πεποιῆσθαι.
869 4565 996 4632 Ὀψὲ
1033 4563 1090 4616 δέ
1145 4579 1274 4614 ποτε
1311 4559 1786 4630 ἀντιπαρετάξατο

210 4658 507 4730 γοητείαις
561 4655 917 4726 κεχρημένος,
992 4651 1087 4704 καὶ
1141 4651 1207 4703 δι’
1235 4651 1511 4718 ἀνατομῆς
1568 4649 1786 4718 βρεφῶν

214 4751 657 4823 μαντευόμενος,
707 4750 802 4800 καὶ
863 4745 998 4798 ἄλλα
1028 4743 1286 4812 πράττων
1329 4742 1588 4810 ἀθέμιτα,
1609 4741 1645 4794 ἃ.
1669 4741 1789 4803 δέος

209 4842 507 4896 ἑνεποίουν
563 4838 638 4909 τῷ
687 4834 1111 4901 Κωνσταντίνῳ.
1158 4833 1486 4899 Ἀγωνιῶντι
1542 4832 1674 4898 γοῦν
1698 4832 1788 4884 διὰ

210 4932 434 4996 ταῦτα,
464 4931 630 4992 τύπος
659 4929 804 4997 αὐτῷ
843 4924 1136 4994 σταυρικὸς
1169 4927 1440 4993 μεσούσης
1469 4922 1681 4993 ἡμέρας
1717 4923 1786 4975 δι’

208 5025 476 5092 ἀστέρων
513 5021 588 5089 (ι)
616 5019 788 5088 ἐφάνη
847 5016 968 5068 κατ’
1016 5014 1264 5082 οὐρανὸν,
1297 5011 1390 5064 καὶ
1439 5015 1626 5082 γραφὴ
1659 5014 1787 5080 περὶ

206 5117 314 5170 τὸν
354 5113 588 5185 σταυρὸν
613 5113 688 5183 (‘2)
726 5111 1056 5178 Ῥωμαῖκοῖς
1084 5106 1388 5175 στοιχείοις,
1419 5105 1488 5157 δι’
1538 5107 1786 5176 ἀστέρων

1896 4213 1961 4252 ex
1995 4197 2281 4249 infantium
2323 4195 2654 4250 dissectione
2687 4196 2919 4265 captatis
2951 4197 3214 4266 auguriis.
3247 4194 3457 4262 Quibus

1893 4284 2256 4343 Constantino
2289 4287 2610 4355 perterrito,
2649 4296 2706 4340 et
2743 4286 2929 4340 animo
2971 4287 3246 4353 aestuanti,
3285 4288 3455 4358 figura

1895 4379 2076 4434 crucis
2096 4377 2242 4430 circa
2269 4376 2550 4430 meridiem
2583 4376 2756 4430 stellis
2786 4376 3078 4430 informata
3109 4378 3163 4430 in
3189 4380 3327 4432 c0310
3355 4395 3451 4448 ap-

1896 4470 2075 4540 paruit
2102 4485 2115 4521 :
2143 4476 2197 4522 et
2219 4468 2487 4534 scriptura
2511 4467 2655 4521 circa
2679 4481 2920 4530 crucem,
2943 4466 3205 4522 Romanis
3235 4468 3456 4535 litteris,

1894 4573 1949 4616 et
1976 4563 2090 4630 ipsa
2139 4575 2234 4630 per
2258 4560 2442 4614 stellas
2489 4575 2769 4627 expressa,
2810 4558 2876 4611 In
2914 4561 3009 4611 hoc
3054 4562 3220 4613 vince.
3255 4560 3452 4616 Statim

1895 4653 2062 4722 igitur
2111 4665 2272 4703 cruce
2315 4665 2379 4703 ex
2424 4665 2579 4710 auro,
2613 4649 2681 4702 ad
2726 4649 2954 4703 formam
3007 4665 3169 4719 quam
3221 4651 3454 4716 viderat,

1896 4745 2066 4799 facta.
2105 4750 2161 4795 et
2203 4741 2466 4794 exercitui
2503 4754 2603 4792 suo
2653 4739 2894 4808 praeferri
2937 4741 3119 4811 jussa,
3161 4743 3455 4797 commisso

1897 4834 2085 4901 praelio
2125 4831 2449 4885 Maxentium
2495 4830 2695 4894 vincit,
2735 4831 2938 4900 majore
2972 4832 3254 4900 copiarum
3304 4833 3454 4886 illius

1896 4935 2048 4993 parte
2080 4939 2238 4984 caisa,
2270 4921 2484 4975 caeteris
2520 4921 2574 4973 in
2607 4920 2786 4990 fugam
2821 4921 3023 4987 versis;
3057 4922 3200 4977 inter
3234 4938 3371 4991 quos
3398 4931 3457 4976 et

1897 5015 2011 5084 ipse
2056 5014 2357 5068 Maxentius
2387 5023 2606 5082 pontem
2639 5012 2881 5067 Milvium
2914 5014 3282 5077 transiturus,
3314 5029 3459 5082 equo

1892 5107 2064 5176 lapso,
2109 5105 2163 5158 in
2208 5105 2447 5159 Tiberim
2497 5104 2903 5173 praecipitatus,
2950 5107 3340 5180 submergitur.
3383 5106 3452 5159 Et

1349 5241 1542 5301 Variae
1597 5241 1903 5302 lectiones
1935 5251 1996 5302 et
2033 5247 2194 5301 nota)

297 5395 418 5464 (99)
456 5392 824 5464 ἰωνίαν-δίων.
858 5391 1090 5464 Wolﬁus
1119 5385 1481 5464 Ka?.au6iiu~2,_
1508 5401 1791 5464 perperam

1900 5399 2079 5464 nat-as;
2099 5393 2154 5436 at
2171 5383 2504 5464 Lactantius,
2606 5387 2745 5464 libro
2781 5387 2852 5464 De
2872 5390 3114 5464 mortibus
3131 5389 3426 5464 persecuter
3440 5424 3452 5437 .

209 5456 485 5522 ediderat
518 5482 531 5517 :
566 5465 638 5518 ita
683 5463 829 5517 enim
873 5477 903 5515 a
945 5456 1306 5526 scriptoribus
1341 5459 1542 5523 passim
1603 5457 1791 5525 appel-

201 5539 496 5674 ιε’ῗίδᾯιιν
524 5601 814 5674 ἀστέρων.
844 5599 911 5654 v.
938 5598 1160 5674 p.1g,_2
1189 5599 1325 5674 edit.

1902 5457 2088 5525 scribit
2117 5458 2488 5508 commonitum
2513 5458 2669 5525 fuisse
2687 5461 2737 5511 in
2760 5461 2927 5525 quiete
2948 5455 3369 5525 Constantinum,
3399 5464 3458 5506 ut

1902 5523 2100 5576 caeleste
2114 5526 2318 5592 signant
2338 5526 2431 5578 Dei
2467 5522 2668 5579 notaret
2699 5531 2751 5579 in
2771 5522 3190 5593 scutisalqucita
3212 5522 3460 5584 pmlium

1897 5594 2242 5665 committeret
2272 5611 2289 5646 :
2320 5596 2597 5665 fecisseque
2626 5607 2679 5649 ut
2706 5598 2876 5660 iussus
2907 5606 3043 5651 erat,
3079 5605 3125 5644 et
3187 5604 3455 5665 transver-

296 5661 382 5746 (2)
419 5672 562 5742 Περὶ
594 5661 702 5724 to;-
731 5661 1016 5738 σταυρὸν.
1058 5668 1114 5720 Id
1143 5684 1209 5722 ex
1249 5669 1485 5724 Eusebio
1509 5665 1674 5722 tradit
1699 5663 1801 5718 Zo-

1897 5680 2011 5717 sam
2044 5662 2094 5716 X
2116 5661 2366 5728 litteram,
2387 5661 2590 5719 sumina
2616 5668 2782 5734 capite
2803 5666 3156 5733 circumﬂexo,
3191 5661 3461 5716 Christum

545 5767 812 5826 PATBOL.
860 5765 976 5824 Gn.
1023 5762 1365 5823 CXXXIV.

3070 5753 3144 5811 35
