3904 6204
438 330 582 395 Ιθθθ

1707 328 2033 392 JOANNIS
2067 326 2386 390 ZONAIUE

3555 326 3688 396 1100

431 445 522 498 hic
551 442 700 497 illius
722 441 825 495 fuit
857 439 1058 496 exitus.
1087 439 1256 513 Cujus
1278 439 1568 512 tyrannide
1596 437 1829 495 Romani
1860 437 2000 492 libe-

2119 437 2201 488 ταὶ
2229 436 2417 498 αὐτοῖς
2448 437 2840 507 τυπουμένοις,
2881 439 2977 492 καὶ
3011 437 3329 510 φράζουσιν,
3370 443 3471 497 ἐν
3506 443 3693 510 τούτῳ

435 536 575 600 rati,
611 533 788 605 portis
814 535 1021 604 apertis
1051 532 1474 590 Constantinum
1513 531 1799 605 splendide
1839 544 2003 585 exce-

433 634 656 697 perunt,
692 634 753 678 ut
780 624 1138 679 liberatorem
1169 617 1326 679 urbis
1347 622 1488 678 laetis
1517 617 2006 676 acclamationibus

433 717 812 772 celebrantes:
845 715 1067 770 decreta
1107 715 1164 769 in
1201 715 1322 770 foro
1348 723 1548 777 statua,
1592 727 1754 782 quam
1797 711 1887 764 ille
1930 709 2006 764 ita

434 809 553 863 ﬁerl
575 807 759 878 jussit,
784 816 844 861 ut
865 807 1094 861 formam
1120 805 1303 861 crucis
1323 821 1487 860 manu
1514 813 1731 859 teneret
1757 820 1770 855 :
1793 801 2006 857 edicto-

435 913 543 970 que
571 899 746 954 vetuit
784 914 852 954 ne
876 940 889 963 ,
919 898 990 952 ob
1021 897 1367 967 religionem,
1401 896 1439 950 ii
1465 894 1558 964 qui
1598 892 1876 950 Christum
1903 906 2007 961 pro

436 993 548 1046 Deo
573 991 840 1055 colerent,
867 991 1261 1060 plecterentur.
1295 988 1385 1043 Sic
1411 987 1586 1052 Italia,
1619 995 1676 1040 et
1698 986 1810 1054 ipsa
1836 984 2008 1038 Roma

435 1083 555 1153 ejus
584 1082 817 1150 imperio
844 1081 1123 1152 adjuncta,
1159 1095 1284 1135 cum
1317 1079 1553 1142 Licinio,
1583 1075 1671 1131 cui
1707 1089 1864 1130 soror
1889 1075 2009 1144 ejus

438 1185 608 1244 nupta
637 1184 776 1240 erat,
820 1175 1111 1244 imperium
1157 1175 1351 1229 tenuit.
1389 1174 1436 1227 ls
1475 1185 1600 1226 cum
1642 1169 1920 1225 Maximini
1953 1176 2011 1223 et

440 1263 611 1318 ﬁlium
643 1274 699 1318 et
744 1263 910 1317 ﬁliam
945 1263 1269 1326 occidisset,
1309 1262 1421 1332 jam
1463 1270 1698 1328 uterque
1727 1258 1884 1312 alteri
1913 1272 2010 1312 su-

441 1364 683 1426 spectus,
717 1354 933 1408 sublato
958 1354 1150 1416 altero,
1171 1367 1229 1406 se
1254 1353 1427 1406 solum
1451 1350 1682 1420 imperio
1707 1349 2009 1418 potiturum

438 1447 703 1517 putabat,
745 1447 967 1499 nemine
999 1445 1108 1500 alio
1140 1445 1191 1498 id
1222 1444 1326 1498 sibi
1355 1442 1731 1498 veiidicaturo.
1763 1441 1840 1495 Ac
1869 1455 2010 1494 non-

443 1539 580 1593 nulli
618 1539 698 1592 sic
726 1538 959 1608 potitum
985 1551 1104 1590 esse
1135 1534 1408 1589 Licinium
1445 1543 1599 1603 parte
1623 1530 1826 1586 Galerii
1860 1545 2012 1586 asse-

447 1637 598 1694 runt,
628 1629 840 1684 socium
881 1626 950 1682 ab
985 1626 1079 1680 illo
1109 1626 1366 1687 ascitum,
1402 1632 1463 1678 ut
1487 1623 1694 1678 dictum
1731 1630 1835 1677 est.
1867 1621 2014 1676 Non-

446 1719 608 1786 nulli,
641 1718 695 1773 in
735 1716 1081 1774 Constantini
1111 1716 1364 1786 gratiam,
1405 1729 1531 1770 cum
1561 1727 1809 1769 sororem
1837 1712 1888 1765 ei
1918 1711 2015 1766 de-

445 1811 777 1882 spondisset,
813 1826 843 1865 a
874 1807 1146 1863 militibus
1184 1806 1454 1863 Caesarem
1489 1804 1782 1861 salutatum
1806 1843 1820 1868 ,
1851 1811 1908 1858 et
1944 1801 2014 1856 ab

447 1901 567 1970 ipso
611 1911 801 1956 contra
855 1899 1207 1954 Maximinum
1251 1898 1502 1962 missum,
1551 1911 1726 1967 eoque
1773 1895 1919 1950 victo
1961 1904 2017 1950 et

446 1993 772 2062 proﬂigato,
823 2007 990 2063 regno
1031 1991 1180 2045 illius
1205 1989 1470 2045 donatum
1514 2003 1666 2052 esse,
1712 2002 1776 2042 ea
1821 1985 2016 2042 condi-

448 2084 619 2146 tione,
647 2092 707 2137 ut
734 2099 804 2137 ne
825 2081 1169 2137 Christianos
1193 2081 1422 2136 violaret
1448 2097 1462 2134 :
1494 2095 1601 2149 qua
1630 2078 1721 2132 ille
1745 2078 2015 2148 neglecta,

450 2189 560 2227 non
601 2174 804 2233 minus.
841 2188 904 2227 ac
933 2172 1117 2240 potius
1142 2172 1334 2242 magis,
1368 2185 1530 2241 quam
1565 2170 1885 2224 decessores
1907 2168 2016 2237 sui,

450 2263 509 2319 in
550 2262 896 2318 Christianos
928 2261 1251 2327 insanierit,
1291 2260 1445 2316 nullo
1474 2269 1732 2315 extremae
1777 2257 2018 2313 crudeli-

447 2353 578 2408 tatis
601 2368 802 2422 genere
835 2351 1232 2424 praetermisso.
1268 2349 1320 2422 3
1352 2350 1433 2404 Ad
1462 2350 1596 2404 alias
1617 2349 1781 2420 igitur
1802 2347 2018 2403 dissen~

450 2443 623 2498 sionis
641 2458 831 2497 eorum
856 2457 1052 2498 causas
1087 2443 1251 2498 etiam
1281 2442 1423 2498 hanc
1442 2441 1762 2496 accessisse.
1784 2438 2018 2495 Proinde

449 2535 867 2600 Constantinus,
906 2533 1072 2589 ducto
1104 2543 1297 2588 contra
1343 2533 1617 2589 Licinium
1663 2532 1936 2597 exercitu,
1964 2539 2020 2588 et

447 2643 596 2698 saepe
622 2628 916 2683 commissa
945 2642 1148 2698 pugna,
1172 2625 1411 2696 denique
1440 2625 1635 2681 vincit.
1662 2623 1768 2680 Sed
1796 2631 2020 2695 propter

449 2735 696 2776 sororem
738 2717 1155 2783 reconciliatus,
1201 2716 1494 2788 imperium
1536 2716 1588 2771 ei
1625 2717 1793 2771 certis
1829 2714 2021 2770 condi-

447 2809 694 2866 tionibus
725 2808 984 2863 restituit.
1013 2807 1084 2862 At
1117 2807 1207 2862 ille
1227 2847 1242 2873 ,
1276 2823 1424 2872 cum,
1456 2815 1516 2860 ut
1546 2806 1710 2860 homo
1751 2805 2021 2875 perﬁdus,

449 2903 629 2974 pactis
659 2917 767 2956 non
795 2901 1070 2965 stetisset,
1111 2916 1140 2954 a
1169 2899 1532 2956 Constantino
1572 2897 1754 2955 denuo
1793 2913 2022 2968 supera-

454 3005 564 3059 tus,
612 2994 872 3066 Byzantio
911 3001 968 3048 et
1013 2990 1340 3062 Chrysopoli
1386 2991 1596 3060 captis,
1647 2989 2020 3044 Nicomediam

2105 529 2267 582 νίκα.
2307 528 2402 582 Ἐκ
2433 528 2638 598 χρυσοῦ
2703 529 2886 584 τοίνυν
2937 529 3140 584 αὐτίκα
3176 533 3468 602 σχεδιάσας
3525 551 3690 586 σταυο

2110 617 2203 688 ρδν
2243 616 2366 686 ((5),
2397 616 2539 668 κατὰ
2561 617 2651 670 τδν
2683 618 2922 686 φανέντα
2957 619 3128 672 τύπον
3155 621 3332 690 αὐτῷ,
3371 623 3470 675 καὶ
3495 622 3688 675 τοῦτον

2106 707 2372 770 κελεύσας
2425 709 2527 776 τῆς
2591 711 2852 778 στρατιᾶς
2904 710 3071 762 αὑτοῦ
3114 712 3561 784 προπορεύεσθαι
3584 717 3692 775 τοῖς

2105 802 2199 855 τοῦ
2234 801 2536 866 Μαξεντίου
2588 803 2966 874 συρρήγνυται
2984 805 3079 856 καὶ
3106 804 3422 876 ὑπερτερεί,
3457 805 3535 869 ὡς
3567 810 3688 870 τοὺς

2109 891 2396 956 πλείστους
2447 891 2559 946 τῶν
2610 892 2706 945 ὑπ’
2732 892 2947 946 ἐκείνου
2978 895 3435 964 στρατευομένων
3467 899 3692 967 ἀναιρε-

2108 981 2290 1054 θῆναι,
2313 985 2440 1047 τοὺς
2467 983 2525 1036 δὲ
2556 984 2780 1048 λοιποὺς
2828 986 2911 1048 εις
2932 987 3112 1055 φυγὴν
3160 987 3400 1042 ἀπιδεῖν.
3457 983 3554 1051 υξς
3599 1000 3694 1050 καὶ

2107 1075 2270 1140 αὐτὸς
2312 1077 2342 1129 6
2396 1075 2702 1142 Μαξέντιος
2759 1077 3313 1145 συναποδιδράσκων,
3376 1080 3479 1132 καὶ
3523 1083 3584 1132 ὲν
3629 1083 3692 1150 τῇ

2109 1165 2327 1236 γεφύρᾳ
2381 1167 2680 1237 γενόμενος
2736 1167 2835 1221 τοῦ
2924 1167 3207 1238 Τισερίδος
3245 1173 3313 1238 τῇ
3376 1171 3694 1240 καλουμένῃ

2108 1257 2313 1329 Μιλὸίᾳ
2335 1257 2434 1340 (6),
2461 1261 2556 1313 σὺν
2607 1258 2687 1329 τῷ
2716 1260 2869 1330 ἵππῳ
2899 1263 3042 1314 κατὰ
3081 1261 3175 1313 τοῦ
3207 1261 3464 1330 ποταμοῦ
3511 1263 3696 1326 ἐξωλί-

2112 1351 2279 1420 σθησε
2319 1351 2411 1403 καὶ
2437 1350 2708 1407 ἀπώλετο.
2743 1352 2854 1404 Καὶ
2885 1352 2913 1404 6
2933 1353 3032 1420 μὲν
3053 1352 3196 1405 οὕτω
3214 1352 3538 1421 διέφθαρτο.
3563 1353 3694 1407 Οἱδέ

2112 1458 2173 1510 γε
2194 1440 2455 1511 Ῥωμαῖοι
2476 1441 2575 1510 τῆς
2591 1442 2800 1495 ἐκείνου
2817 1442 3131 1512 τυραννίδος
3148 1442 3692 1510 ἀπαλλαγέντες.τέις

2114 1531 2290 1596 πύλας
2317 1530 2418 1600 τῆς
2470 1531 2690 1603 Ῥώμης
2743 1534 3183 1598 ἀναπετάσαντες
3231 1536 3580 1599 εἰσεδέξαντο
3607 1537 3695 1590 τὶν

2113 1623 2520 1678 Κωνσταντῖνον
2536 1623 2807 1694 λαμπρῶς
2828 1626 2923 1678 καὶ
2935 1625 3008 1687 ὥς
3026 1626 3396 1698 ελευθεριντὴν
3413 1627 3696 1696 αὺτδντὶκ

2043 1769 2086 1824 Β
2115 1714 2324 1780 πόλεως
2386 1717 2669 1788 εὐφήμουν
2725 1718 2819 1772 καὶ
2873 1719 3253 1789 ἑπεσέμνυνον
3284 1759 3304 1784 ,
3337 1723 3436 1775 ut
3489 1722 3697 1792 στήλην

2116 1808 2271 1879 αὐτῷ
2319 1812 2378 1863 ἐν
2435 1814 2504 1883 τῇ
2552 1811 2654 1880 τῆς
2710 1810 2930 1882 Ῥώμης
2991 1814 3168 1884 ἀγορᾷ
3221 1813 3421 1883 στῆσαι
3497 1816 3696 1878 nvi:

2118 1901 2481 1971 ἐψηφίσαντο.
2523 1905 2584 1957 '0
2616 1904 2696 1967 δὲ.
2729 1905 2791 1958 τὸ
2817 1907 2912 1959 τοῦ
2949 1907 3186 1977 σταυροῦ
3250 1910 3480 1976 σημεῖον
3536 1911 3699 1976 ἐγκει-

2117 1993 2474 2066 χειρισμένην
2561 1995 2659 2064 τὴν
2742 1997 2949 2068 στήλην
3025 1998 3194 2052 αὐτοῦ
3273 2000 3698 2070 πλασθήσεσθαι

2117 2081 2430 2148 διετάξατο·
2488 2084 2585 2138 καὶ
2643 2086 2820 2155 δόγμα
2866 2088 2924 2141 δὲ
2975 2088 3052 2159 μὴ
3109 2089 3437 2154 κολάζεσθαι
3468 2092 3564 2147 διὰ
3595 2094 3695 2160 τὴν

2120 2171 2414 2242 θρησκείαν
2459 2176 2584 2237 τοὺς
2628 2176 2721 2228 τὸν
2767 2177 3002 2247 Χριστὸν
3064 2181 3385 2249 σεδομένους
3443 2184 3519 2245 ὡς
3563 2183 3701 2236 θεὸν

2119 2264 2535 2334 ἐκπεφώνηκεν.
2603 2264 2762 2321 Οὕτω
2795 2268 2855 2320 δὲ
2895 2271 2991 2323 καὶ
3039 2271 3135 2339 τῆς
3197 2271 3421 2332 Ἰταλίας
3452 2277 3554 2326 καὶ
3595 2275 3698 2344 τῆς

2132 2354 2354 2424 Ῥώμης
2415 2355 2590 2425 αὐτῆς
2639 2357 3036 2430 προστεθείσης
3097 2365 3163 2432 τῇ
3195 2361 3444 2432 βασιλείᾳ
3492 2366 3698 2434 αὑτοῦ)

2127 2446 2292 2510 αὑτός
2317 2463 2378 2499 τε
2408 2447 2504 2500 καὶ
2525 2449 2767 2513 Λικίνιος
2797 2451 2827 2504 6
2860 2452 2950 2504 ἐπ’
2973 2451 3178 2522 ἀδελφῇ
3220 2455 3465 2524 γαμσρὶς
3521 2455 3702 2510 αὐτοί

2127 2539 2567 2612 κατελείφθησαν
2592 2542 2857 2611 βασιλεῖς.
2891 2546 2953 2599 '0
2982 2547 3092 2615 γὰρ
3116 2548 3353 2612 Λικίνιος
3374 2550 3466 2602 τον
3501 2567 3574 2604 τε
3603 2553 3703 2606 τοῦ

2121 2629 2433 2702 Μαξιμίνου
2497 2635 2613 2690 υἱὸν
2652 2637 2749 2690 καὶ
2789 2638 2892 2706 τὴν
2951 2638 3228 2711 θυγατέρα
3251 2642 3573 2708 ἀπέκτεινε,
3605 2647 3709 2700 καὶ

2121 2723 2307 2777 λοιπὸν
2373 2725 2635 2797 έκάτερος
2673 2729 2882 2782 τούτων
2930 2730 3021 2783 τὸν
3072 2732 3258 2802 ἓτερον
3307 2733 3666 2791 ὑπεϐλὲπετο
3687 2752 3704 2766 ·

2123 2812 2259 2884 ᾢετο
2287 2813 2396 2888 γὰρ
2456 2816 2712 2885 ἕκαστος,
2748 2819 2844 2874 τοῦ
2898 2821 3020 2884 ἑνὸς
3069 2823 3466 2890 έπιλείποντος,
3525 2828 3710 2891 ιύτδς

2100 2906 2290 2994 ’μόνος
2355 2906 2576 2962 έσεσθαι
2611 2910 2902 2982 μόναρχος,
2936 2911 3012 2982 μὴ
3033 2911 3186 2977 ὄντος
3220 2913 3314 2966 τοῦ
3335 2915 3710 2988 ἀμφισεητή-

2126 3013 2309 3065 σοντος
2343 3000 2592 3072 περὶτῆς
2624 3004 2822 3074 ἀρχῆς.
2858 3003 2920 3056 0i
2956 3005 3060 3076 μιν
3102 3001 3196 3060 οὗν
3234 3005 3374 3060 οὕτω
3416 3008 3511 3060 τὸν
3539 3008 3713 3063 Λικι-

453 3085 613 3156 fugit.
655 3084 795 3138 Tum
833 3098 995 3139 soror
1038 3081 1466 3137 Constantinum
1515 3092 1670 3152 rogat
1716 3088 1776 3134 ut
1822 3081 2015 3136 marite

2124 3092 2234 3147 νιόν
2265 3109 2430 3161 φασιν
2459 3094 2703 3164 έγκρατῆ
2728 3093 2981 3162 γενέσθαι
3002 3098 3101 3166 τῆς
3126 3097 3412 3168 Γαλλερίου
3445 3099 3708 3168 μερίδος,

453 3175 650 3230 reddat
707 3174 1032 3244 imperium;
1089 3188 1200 3243 quo
1256 3188 1366 3227 non
1414 3172 1744 3241 impetrato,
1789 3171 2020 3226 salutem

454 3266 602 3320 illius
624 3281 654 3319 a
682 3264 852 3320 fratre
875 3273 1088 3319 exorat.
1115 3263 1301 3332 itaque
1327 3261 1571 3316 Licinius
1591 3262 1803 3331 plebeio
1829 3262 2020 3318 habitu

454 3357 840 3425 imperatorem
863 3353 998 3416 adit,
1031 3367 1096 3406 ac
1114 3351 1516 3406 Thessalonicae
1552 3352 1818 3420 pritatam
1853 3353 2018 3407 vitam

455 3463 616 3520 agere
641 3445 889 3518 jubetur.
929 3444 988 3498 Id
1017 3443 1222 3498 factum
1255 3445 1589 3498 accusabant
1617 3444 1840 3511 milites,
1873 3446 2019 3516 quod

457 3537 665 3590 homini
699 3536 928 3607 pertldo,
956 3536 1049 3606 qui
1076 3535 1282 3591 fmdera
1313 3533 1510 3604 saepius
1538 3537 1796 3606 rupisset,
1829 3553 2022 3608 parce-

454 3637 628 3685 retur.
673 3629 856 3696 Quare
903 3629 1202 3699 imperator
1252 3643 1373 3684 eam
1410 3644 1527 3684 rem
1569 3646 1668 3701 per
1705 3629 1918 3686 litteras
1951 3630 2020 3686 ad

453 3731 679 3774 senatus
705 3719 974 3790 judicium
1009 3718 1196 3774 refert.
1228 3720 1272 3774 A
1307 3735 1416 3790 quo
1444 3720 1538 3776 alii
1567 3736 1693 3776 eum
1727 3722 2017 3787 militibus,

455 3813 700 3882 ipsorum
743 3811 1013 3866 arbitratu
1053 3812 1430 3877 tractandum,
1475 3828 1599 3867 esse
1631 3812 1913 3880 deditum,
1956 3829 2021 3870 ac

455 3905 879 3971 Thessalonicae,
921 3913 1018 3958 aut
1063 3920 1233 3975 prope
1281 3903 1495 3970 Serras,
1535 3905 1721 3960 nescio
1745 3921 1854 3976 quo
1879 3921 2019 3960 eun-

457 4007 589 4066 tem,
621 3997 1001 4053 interfectum:
1030 3998 1144 4062 alii,
1184 4013 1284 4052 nec
1314 3997 1444 4053 dum
1473 3997 1548 4052 ibi
1578 3999 1835 4068 degeret,
1867 4000 2024 4070 quie-

457 4096 618 4155 visse,
662 4089 758 4144 scd
801 4088 1141 4160 tyrannidem
1184 4089 1471 4144 aﬁ‘ectasse
1508 4089 1754 4152 tradunt,
1787 4105 1894 4160 quo
1922 4107 2019 4147 co-

456 4185 607 4254 gnito
651 4185 948 4251 imperator
987 4196 1112 4235 eutn
1161 4180 1337 4235 occidi
1368 4180 1608 4250 iusserit.
1641 4180 1846 4237 Ferunt
1874 4182 2020 4238 Cou-

458 4275 758 4330 stautinum
790 4275 843 4328 in
874 4274 1075 4344 praaliis
1105 4288 1229 4328 cum
1263 4272 1356 4326 illo
1379 4281 1435 4327 et
1461 4272 1732 4328 Maxentio
1758 4275 2022 4330 commis-

2127 3186 2384 3240 κοινωνὸν
2439 3186 2570 3257 παρ’
2597 3187 2808 3241 ἐκείνου
2854 3189 3288 3259 προσληφθέντα,
3313 3189 3391 3254 ώς
3416 3190 3652 3260 sipara:
3687 3211 3704 3226 ·

2124 3279 2174 3330 οἱ
2198 3276 2254 3330 δὲ
2288 3277 2387 3347 τῆς
2434 3275 2529 3331 τοῦ
2590 3279 3002 3333 Κωνπαντίνου
3057 3280 3293 3349 ἀδελφῆς
3327 3282 3456 3350 παρ’
3519 3282 3704 3336 αὐτοῦ

2129 3367 2452 3439 συζυγείσης
2513 3369 2685 3439 αὐτῷ,
2756 3370 2971 3438 λέγουσι
3031 3372 3159 3433 τοὺς
3223 3371 3570 3440 στρατιώτας
3623 3374 3706 3443 τῷ

2129 3463 2523 3533 Κώνσταντίνῳ
2593 3464 3010 3534 χαριζομένους,
3069 3463 3320 3534 Καίσαρα
3351 3463 3515 3517 αὗτδν
3547 3467 3710 3520 ἄνει·-

2125 3557 2268 3621 πεῖν,
2300 3556 2394 3609 καὶ
2424 3556 2553 3628 παρ’
2573 3558 2782 3610 ἐκείνου
2824 3556 3083 3627 σταλῆναι
3111 3556 3271 3610 αὐτὸν
3288 3555 3364 3626 τῷ
3395 3557 3705 3627 manu“;

2125 3645 2698 3716 ἀντιπαραταξάμενον
2744 3649 3049 3714 νενικηκότι
3076 3647 3122 3701 δ’
3165 3649 3367 3700 ἐκεῖνον
3400 3649 3494 3701 καὶ
3521 3665 3704 3702 κατα-

2125 3739 2562 3808 τροπωσαμένῳ,
2585 3739 2901 3809 ἐκχωρῆσαι
2928 3743 3028 3808 τῆς
3054 3738 3328 3808 βασιλείας
3355 3740 3598 3805 ἐκείνου,
3626 3741 3704 3812 μὴ

2127 3823 2360 3892 ἐνοχλεῖν
2403 3825 2750 3896 Χριπιανοίς
2812 3827 3214 3896 ἐπισκήψαντα,
3271 3827 3346 3897 μὴ
3375 3829 3572 3896 μέντοι
3601 3834 3703 3893 τὰς

2127 3913 2344 3977 ἐντολὰς
2369 3913 2604 3985 τηρῆσαι
2624 3915 2805 3980 αὐτὸν,
2827 3916 2960 3969 ἀλλὰ
2985 3917 3238 3989 λυττῆσαι
3265 3919 3404 3973 κατά
3425 3920 3707 3990 Χριστι-

2127 4005 2252 4071 νῶν,
2285 4005 2437 4060 ούδλν
2470 4001 2633 4076 ἦττον
2657 4007 2763 4060 τῶν
2797 4009 2902 4078 πρὸ
2930 4007 3114 4070 αὐτοῦ,
3153 4011 3201 4062 εἰ
3234 4011 3308 4079 μὴ
3337 4010 3434 4062 καὶ
3466 4012 3704 4079 μᾶλλον.

2129 4096 2314 4148 Πᾶσαν
2339 4097 2448 4165 γὰρ
2470 4096 2774 4167 ὑπερϐολὴν
2802 4098 3134 4168 ὑπερελάσαι
3190 4099 3490 4170 ὠμότητος·
3559 4106 3706 4173 πρκ

2131 4190 2316 4254 ἄλλαις
2345 4190 2388 4244 δ’
2438 4191 2639 4254 αἰτίαις
2666 4192 2774 4245 τῶν
2801 4192 2938 4262 πρὸς
2970 4192 3232 4262 ἀλλήλους
3263 4193 3567 4263 διαφορῶν.
3603 4198 3709 4249 καὶ

2127 4276 2332 4348 ταύτην
2381 4278 2656 4347 γενέσθαι.
2705 4280 2946 4349 Κινήσας
2983 4280 3078 4334 οὖν
3108 4283 3244 4335 κατὰ
3283 4283 3527 4337 Λικινίου
3599 4289 3708 4352 τήν

457 4372 564 4434 sis,
605 4369 808 4424 vidisse
842 4377 1113 4424 armatum
1141 4369 1420 4438 equitem,
1459 4368 1676 4439 signum
1717 4367 1898 4423 crucis
1923 4383 2015 4436 pro

2132 4369 2393 4438 στρατιὰν
2419 4371 2449 4422 ὁ
2478 4369 2908 4435 Κώνστανττνος,
2959 4373 3056 4425 καὶ
3086 4372 3342 4435 πολλάκις
3371 4371 3528 4442 αὐτῷ
3557 4390 3710 4444 σύμ.

459 4464 658 4518 vexillo
697 4472 824 4518 ante
861 4465 1036 4520 aciem
1083 4476 1238 4518 suam
1279 4459 1707 4532 praeferentem:
1741 4476 1804 4517 ac
1833 4475 2015 4516 rursus

2131 4433 2332 4526 ϐαλὼν,
2370 4461 2518 4523 τέλος
2587 4455 2736 4531 νικᾷ.
2768 4433 2901 4516 Εἶτα
2947 4463 3234 4518 σπένδεται
3263 4433 3441 4534 τούτῳ
3475 4433 3578 4518 διὰ.

463 4553 834 4624 .idriaitopoli,
855 4553 992 4610 duos
1007 4553 1059 4609 ei
1081 4552 1228 4608 visos
1243 4553 1646 4618 adolescentes,
1668 4555 1763 4624 qui
1786 4553 2015 4609 hostium

2126 4551 2383 4623 ἀδελφὴν,
2443 4554 2535 4608 καὶ
2599 4552 2697 4623 τὴν
2738 4553 2912 4625 ἀρχὴν
2954 4556 3117 4610 αὐτὸν
3145 4557 3244 4612 οὐκ
3274 4557 3549 4626 ἀφείλετο,
3579 4555 3707 4613 m’

461 4645 755 4716 phalanges
795 4647 1086 4702 caederent.
1133 4645 1266 4702 Item
1310 4647 1457 4700 circa
1497 4644 1816 4716 Byzantium
1858 4658 2015 4702 noctu

2125 4646 2218 4698 ἐπὶ
2243 4644 2536 4713 συνθήκαις
2595 4643 2752 4707 αὖθις
2789 4645 2993 4716 ταύτης
3019 4647 3167 4719 αὐτῷ
3197 4649 3599 4720 παρεχώρησεν
3625 4668 3642 4681 ο
3671 4653 3703 4705 6

461 4737 717 4794 omnibus
749 4738 1182 4805 dormientibus,
1224 4746 1585 4808 conspectum
1624 4738 1692 4793 ab
1723 4753 1791 4793 co
1821 4737 2015 4808 ignem,

2123 4737 2198 4796 δὲ.
2235 4734 2462 4798 ἄπιστος
2481 4733 2578 4797 ὢν,
2608 4737 2708 4788 οὐκ
2747 4736 2982 4804 ἐτήρησε
3012 4739 3106 4801 τὰς
3144 4740 3467 4808 συμϐάσεις.
3521 4741 3702 4795 Ὅθεν

460 4831 578 4906 qui,
610 4831 840 4904 fulguris
868 4832 1062 4898 instar,
1086 4831 1288 4888 vallum
1318 4832 1595 4887 exercitus
1624 4831 1710 4886 sui
1731 4830 2015 4885 collustra-

2125 4833 2219 4885 καὶ
2281 4831 2490 4885 πάλινὸ
2519 4834 2922 4898 Κωνσταντῖνος
2981 4836 3129 4905 αὐτῷ
3187 4836 3496 4906 ἐπολέμησε
3522 4851 3541 4865 ⁸
3598 4836 3700 4890 καὶ

1662 4986 1861 5050 Variis
1891 4985 2200 5049 lectiones
2225 4993 2286 5048 et
2317 4992 2502 5047 noun.

458 5168 512 5219 in
535 5160 692 5212 scutis
720 5169 948 5212 notasse.
975 5157 1064 5214 Sic
1088 5158 1233 5212 enim
1276 5157 1542 5228 legendus
1601 5157 1690 5212 hic
1715 5158 1886 5224 locus,
1919 5155 2014 5211 ubi

2125 5155 2413 5228 Wolﬁani;
2443 5155 2677 5212 Milvium
2711 5160 3009 5228 scriptorcs
3064 5176 3228 5228 vu-go
3277 5173 3514 5225 vocant;
3543 5161 3691 5215 Nu!-

460 5243 747 5306 perperam
781 5228 986 5306 Christo
1012 5229 1190 5306 _cditio
1221 5231 1462 5306 prmfert.
1486 5229 1662 5298 Atque
1717 5232 1914 5306 esinde
1964 5230 2012 5282 is

2129 5229 2289 5295 vium,
2315 5227 2631 5282 Lactantius
2659 5229 2711 5280 in
2747 5227 2885 5282 libro
2907 5228 2980 5282 De
3003 5227 3209 5283 mortib.
3234 5243 3489 5295 persecut.
3515 5249 3572 5285 n.
3596 5235 3686 5286 45.

463 5294 580 5360 ἰηοὲ
605 5299 867 5364 obtinuit,
909 5309 970 5352 ut
1012 5298 1066 5352 in
1094 5294 1264 5370 scutis
1287 5299 1522 5352 tnilitum
1560 5294 2025 5367 praetorianorum
2115 5294 2425 5370 Clirtmicon
2480 5297 2920 5370 Alexandrinum
2965 5294 3266 5352 Μουλυὸιου
3309 5303 3561 5370 γέφυραν
3596 5303 3691 5356 ha.

456 5372 658 5433 Christi
698 5385 1128 5441 monogramtna,
1160 5369 1247 5441 _uti
1280 5370 1370 5441 hic
1390 5370 1746 5441 describitur,
1792 5371 2015 5441 ellinge-
2122 5368 2233 5441 _bet.
2255 5367 2623 5441 Damascenus
2645 5368 2881 5441 Studita,
2910 5369 3098 5441 homil.
3125 5371 3192 5423 35
3210 5387 3222 5420 :
3241 5367 3481 5441 πλησίον
3501 5375 3579 5432 εἰς
3601 5375 3688 5423 ἂλ-

459 5458 608 5503 retur
632 5458 644 5494 :
666 5442 810 5510 quod
835 5438 898 5494 ex
919 5439 1132 5493 musivo
1152 5439 1445 5511 Justiuiaui
1477 5438 1844 5511 Ravennensi.
1872 5438 2015 5509 quod

2123 5439 2210 5511 λον
2245 5441 2476 5511 γεφύριν
2497 5439 2634 5511 ὅπου
2663 5438 2724 5491 τὸ
2753 5438 3369 5511 ώνόμαξανᾲψουλῦῐαν.
3425 5440 3691 5511 Georgius

460 5519 512 5572 in
547 5505 788 5569 Familiis
825 5511 1129 5583 Byzantini:
1160 5510 1375 5572 damus,
1419 5509 1676 5580 colligere
1708 5519 1793 5565 est
1848 5505 2021 5580 potis-
2123 5505 2546 5583 [latllafttilus_in
2580 5507 2784 5583 Chron.
2816 5505 2917 5583 ms.
2957 5510 3009 5561 iu
3041 5507 3404 5583 Quustantino
3449 5510 3521 5562 Μ.
3550 5505 3611 5563 ’ὖ
3631 5514 3684 5564 δὲ

455 5590 673 5640 simum,
870 5577 888 5583 '
1557 5577 1574 5580 ⁷
1848 5577 1864 5580 ⁷
2121 5577 2386 5647 δυσσεσὴς
2419 5578 2682 5645 τύραννος
2707 5578 2984 5647 θαρσήσας
3005 5579 3115 5640 τοῖς
3146 5595 3240 5631 σου
3288 5580 3534 5646 δαίμοσι.
3591 5584 3680 5634 καὶ

518 5657 590 5725 (3)
634 5652 966 5721 Σχεδιάσας
1017 5652 1307 5720 σταιφόν.
1341 5647 1706 5718 Theophanes
1734 5665 1789 5719 p.
1822 5651 1908 5704 11.

528 5724 602 5769 tu
634 5724 872 5769 minam.
905 5723 1158 5769 Βουλεία.
1193 5722 1267 5769 ita
1297 5729 1537 5769 auatuor
1568 5734 1700 5769 mss.
1755 5720 1932 5769 Regii.
1967 5730 2015 5769 et

2123 5646 2449 5769 γεφυόοώσας
2469 5648 2558 5700 τὸν
2589 5646 2970 5724 παραρρέοντα
3001 5649 3242 5715 ποταμὸν
3268 5649 3488 5712 πολλαῖς
3506 5652 3679 5714 ναυσὶ,

2124 5715 2252 5769 ὲΕηλ
2290 5732 2348 5769 εν
2376 5719 2455 5769 είς
2486 5716 2789 5769 παράταξιν
2813 5733 2906 5769 του
2932 5717 3188 5769 πολέμου.

2290 5732 2315 5769 ε

528 5662 590 5725 β)
634 5662 966 5721 Σχεδιάσας
1017 5662 1307 5720 σταιφόν.
1341 5662 1706 5718 Theophanes
1734 5665 1789 5719 p.
1822 5662 1908 5704 H.

528 5724 602 5791 μ)
633 5724 872 5779 iuncta.
905 5723 1158 5787 Βουλεία,
1192 5722 1267 5776 ita
1297 5729 1537 5790 quatuor
1568 5734 1700 5776 mss.
1755 5720 1933 5791 Regii,
1967 5730 2015 5778 et

2123 5662 2449 5769 γεφυξωσας
2469 5662 2558 5700 τον
2589 5662 2970 5718 παραρρέοντα
3001 5665 3188 5715 mutu

2124 5715 2252 5784 ὲξὴλ
2290 5732 2348 5770 εν
2376 5719 2455 5780 είς
2486 5716 2789 5786 παράταξιν
2813 5715 2906 5770 τοῦ
2932 5717 3188 5784 πολέμου.
