3938 6208
492 305 629 369 “03

1756 287 2080 350 JOANNIS
2118 287 2440 348 ZONABIE

3512 305 3608 371 libi

481 437 731 486 vestrum
759 439 771 476 :
807 418 902 473 Dic
933 415 1057 470 mihi
1079 454 1093 479 ,
1124 411 1324 480 inquit,
1361 407 1631 477 episcopo,
1667 421 1735 458 an
1768 403 1890 457 deos
1923 403 2066 456 cola—

2168 403 2327 472 ἄνδρε
2363 403 2702 473 παρεστάναι
2732 403 2914 467 διττὼ,
2956 404 3152 474 Πέτρος
3189 402 3331 472 εἶναι,
3357 416 3436 466 καὶ
3459 419 3613 491 Παῦλος

490 523 589 586 tis,
634 516 722 587 qui
769 512 958 564 Petrus
989 514 1039 558 et
1087 501 1286 556 Paulus
1323 499 1692 552 nominantur.
1740 494 2058 564 Respondet

489 615 616 668 ille:
662 608 805 664 Unus
827 622 856 656 ιι
883 601 1028 653 nobis
1057 598 1193 651 Deus
1220 592 1564 662 agnoscitur:
1599 588 1789 642 Petrus
1810 595 1988 642 autem
2009 594 2057 639 et

495 699 692 754 Paulus
726 703 844 750 sunt
862 693 975 761 ejus
1011 685 1203 756 {amuli
1223 691 1271 737 et
1293 681 1545 736 ministri.
1572 679 1711 733 Tum
1737 679 2058 747 imperator,

489 797 714 848 narrato
753 785 804 841 ei
841 780 1084 843 somnio,
1134 775 1353 831 arcanis
1396 781 1598 829 nostrae
1646 771 1928 840 religionis
1972 771 2061 824 in-

487 883 743 943 struitur,
791 875 1133 946 baptizatur,
1181 876 1240 924 et
1279 884 1310 924 ο
1359 865 1709 922 sanctissimo
1744 866 1838 920 illo
1867 866 2062 920 balneo

488 986 655 1028 sanus
684 978 740 1025 et
773 967 985 1035 integer
1020 960 1306 1026 ascendit;
1343 957 1674 1013 Christianis
1703 956 2058 1011 securitatem

488 1080 587 1136 per
615 1072 898 1132 praecones
925 1053 1247 1119 denuntiat;
1289 1049 1490 1118 templa
1530 1063 1720 1103 eorum
1751 1047 1974 1116 aperiri,
2004 1059 2063 1103 et

490 1169 631 1208 nova
661 1149 826 1206 condi
855 1146 1159 1218 permittit;
1191 1157 1256 1197 ac
1278 1140 1542 1204 vicissim,
1574 1137 1716 1194 fanis
1742 1138 2060 1193 lictitiorum

491 1245 722 1298 deorum
767 1238 1002 1298 clausis,
1047 1236 1272 1304 impune
1313 1229 1792 1286 Christianismum
1837 1228 2062 1297 quosvis

491 1333 744 1404 amplecti
783 1331 932 1386 sinit.
975 1329 1110 1382 Nam
1147 1341 1205 1380 se
1229 1323 1340 1378 vim
1381 1321 1605 1393 quidem
1637 1320 1910 1375 facturum
1939 1334 2060 1375 esse

494 1426 735 1482 nemini:
784 1422 878 1492 qui
909 1434 1043 1473 vero
1084 1417 1228 1471 ultro
1270 1414 1338 1468 ad
1382 1413 1661 1469 Christum
1704 1427 1763 1467 se
1793 1412 2062 1466 contulis-

491 1528 640 1577 sent.
687 1528 783 1568 eos
822 1526 881 1566 se
928 1507 1155 1564 laudare
1197 1503 1578 1575 proﬁtebatur.
1625 1501 1717 1558 Sic
1767 1503 1857 1556 ille
1900 1502 2060 1556 ﬁdem

490 1607 854 1664 Christianam
903 1599 1179 1669 suscepit,
1221 1596 1538 1666 evangelico
1581 1595 1855 1666 praeconio
1901 1596 2059 1649 inva-

483 1685 756 1761 llescente,
787 1705 842 1749 et
864 1690 1166 1748 Christiani
1199 1687 1438 1744 nominis
1468 1685 1784 1740 hominibus
1806 1685 2060 1755 adempto

493 1800 664 1846 metu.
683 1789 953 1844 Caeterum
976 1781 1148 1838 Judaei
1173 1789 1402 1834 matrem
1429 1777 1776 1841 imperatoris
1798 1777 2062 1847 aggressi,

484 1883 783 1949 deceptum
815 1891 939 1931 eum
978 1888 1100 1929 esse
1144 1878 1429 1934 asserunt,
1466 1877 1522 1923 et
1556 1867 1645 1938 pio
1679 1867 1819 1922 facto
1852 1867 2063 1922 facinus

493 1970 720 2041 impium
761 1965 1104 2038 adjunxisse,
1138 1961 1558 2017 simulacrorum
1603 1959 2060 2023 destructionem,

493 2076 608 2115 rem
637 2059 780 2130 piam
805 2096 821 2121 ,
847 2055 1007 2109 [idem
1041 2053 1095 2108 in
1121 2052 1424 2114 Christum,
1447 2049 1668 2120 impiam
1696 2049 2062 2104 nominantes.

491 2150 681 2206 Solum
709 2147 856 2202 enim
887 2160 1014 2200 eum
1049 2157 1242 2197 verum
1277 2157 1396 2195 esse
1434 2143 1624 2204 Deum,
1657 2155 1818 2209 quem
1844 2140 1943 2209 ipsi
1973 2155 2065 2195 co-

491 2241 674 2296 lerent
700 2255 714 2291 :
741 2238 927 2293 Iesum
955 2244 1162 2298 autem,
1192 2231 1388 2287 nefarii
1418 2231 1517 2295 illi,
1553 2231 1830 2286 hominem
1857 2230 2065 2284 maleﬁ-

482 2344 654 2393 cum,
694 2335 751 2382 et
793 2324 1247 2396 praestigiatorem
1282 2321 1620 2376 vocitabant.
1652 2319 1820 2375 Mater
1849 2321 1964 2375 haec
1995 2319 2066 2375 ad

484 2421 880 2492 imperatorem
911 2417 1101 2472 refert.
1145 2415 1197 2470 is
1229 2414 1492 2480 decrevit,
1532 2421 1594 2467 ut
1620 2412 1792 2468 Judaei
1831 2413 1925 2484 qui
1961 2414 2065 2469 ista

484 2519 762 2572 ‘asserant,
795 2523 854 2562 se
873 2516 930 2561 et
952 2503 1182 2560 delectis
1206 2519 1236 2558 e
1271 2509 1465 2557 senatu
1488 2501 1813 2572 quibusdam
1836 2502 2069 2558 audien-

494 2605 664 2667 tibus,
699 2617 822 2656 cum
847 2600 1115 2654 Silvestro
1142 2595 1402 2666 episcopo
1433 2594 1681 2649 Romano
1712 2604 1769 2648 et
1796 2594 2066 2650 ChriStia-

493 2697 580 2751 nis
615 2695 929 2764 disputent,
981 2704 1091 2760 quo
1123 2698 1452 2758 cognoscat,
1498 2687 1761 2757 quidnam
1802 2702 1832 2741 a
1862 2685 2069 2743 Judaeis

491 2778 779 2843 'aﬂ‘eratur.
818 2783 867 2854 5
895 2783 1238 2852 Disputatum
1261 2787 1366 2843 est,
1392 2779 1624 2834 victoria
1645 2778 1716 2833 ad
1742 2778 2063 2834 Silvestrum

497 2878 760 2933 inclinare
803 2875 943 2930 visa.
992 2871 1132 2926 Tum
1180 2870 1353 2926 Judaei
1396 2869 1719 2925 Silvestrum
1760 2869 2068 2926 disserendi

495 2969 750 3024 acumine
776 2965 1119 3036 superiorem
1147 2977 1270 3018 esse
1291 2961 1564 3024 dicentes,
1585 2963 1862 3032 signorum
1885 2971 2070 3017 osten-

2161 491 2414 559 λέγοντες
2439 494 2490 546 οἱ
2517 493 2804 546 ἀπόστολοι
2817 496 2911 547 τοῦ
2927 495 3177 565 Χριστοῦ,
3199 500 3302 559 καὶ,
3318 503 3615 585 ﬂammma;

2159 604 2220 638 τε
2259 587 2352 641 καὶ
2393 587 2654 656 ψυχικῆς,
2691 587 2896 654 ἔλεγον,
2962 588 3166 656 ὑγιείας
3205 591 3618 667 βοῦλειτυχεῐν,τὶν

2159 677 2457 729 ἐπίσκοπον
2517 677 2887 746 μετακάλεσαι
2940 679 3268 750 Σίλδεστρον,
3317 687 3520 751 κάκεῖνος
3559 713 3616 750 σοι

2161 771 2255 821 καὶ
2311 768 2410 840 τὴν
2451 769 2631 840 λύμην
2674 770 2931 824 ἁκέσεται
2985 772 3082 840 τῆς
3129 776 3311 844 σαρκὸς
3340 817 3354 840 ,
3405 785 3479 834 καὶ
3519 786 3621 854 ζωῆς

2162 859 2471 929 ἀνωλέθρου
2511 860 2844 925 καταξιώσει
2879 879 2962 916 σε.
3019 864 3136 917 Ἐπὶ
3170 867 3404 931 τούτοιςὸ
3431 872 3618 941 βασιλεὺς

2160 949 2256 1002 τοῦ
2281 948 2451 1002 ὕπνου
2477 949 2809 1018 ἀνενεγκὼν,
2833 952 3041 1006 στέλλει
3058 954 3180 1019 τοὺς
3203 962 3624 1031 μετατιιμιίομένοις

2167 1039 2265 1092 σὺν
2329 1041 2469 1094 αἰδοῖ
2509 1041 2598 1094 τὸν
2643 1043 2966 1098 ἐπίσκοπον.
3018 1047 3126 1100 Καὶ
3179 1055 3542 1124 παραγενομένῳ
3574 1059 3625 1126 τῷ

2165 1131 2298 1200 ἱερῷ
2349 1131 2658 1203 Σιλὸἐστρῳ
2697 1176 2712 1200 ,
2755 1134 2900 1189 Εἰπέ
2968 1153 3108 1205 μοι,
3170 1138 3264 1209 ἔφη
3297 1179 3310 1203 ,
3393 1144 3624 1215 ἐπίσκοπε,

2161 1225 2600 1290 θρησκεύονται
2630 1227 2768 1295 παρ’
2789 1228 2930 1296 ὑμῖν
2949 1230 3069 1285 θεοί
3104 1231 3311 1299 Πέτρος
3347 1235 3431 1287 καὶ
3453 1238 3625 1303 Παῦλος

2161 1313 2614 1383 ὀνομαζόμενοι;
2653 1317 2716 1370 '0
2747 1319 2826 1384 δὲ,
2845 1313 2951 1385 Εἷς
2993 1321 3134 1389 ἡμῖν
3162 1323 3295 1389 Θεὸς
3343 1325 3624 1394 γινώσκεται,

2159 1406 2516 1476 ἁπεκρίνατο,
2547 1409 2771 1478 Πέτρος
2817 1411 2887 1465 δὲ
2910 1413 3011 1466 καί
3082 1414 3312 1480 Παῦλος
3359 1417 3625 1484 θεράποντες

2159 1499 2396 1553 ἐκείνου
2425 1501 2525 1554 καί
2583 1503 2874 1571 ὑπηρέται
2891 1506 3073 1560 εισιν.
3107 1505 3262 1576 Ἑξῆς
3299 1507 3424 1560 οῦνὸ
3447 1509 3626 1578 βασιλεὺς

2162 1591 2431 1659 διηγεῖται
2489 1593 2639 1664 αὐτῷ
2666 1596 2725 1648 τὸ
2753 1581 3034 1664 ἐνύπνιον,
3075 1598 3246 1650 καὶτὸ
3273 1599 3381 1652 καθ’
3415 1602 3529 1670 ἡμᾶς
3543 1599 3629 1669 παρ’

2163 1681 2330 1735 αὑτοῦ
2389 1686 2606 1753 μυεῖται
2669 1689 2970 1759 μυστήριον
2995 1727 3011 1755 ,
3077 1689 3170 1743 καὶ
3232 1690 3520 1760 βαπτίζεται.
3561 1694 3630 1746 Καὶ

2167 1773 2374 1827 ἄνεισιν
2404 1776 2467 1828 ὲκ
2507 1777 2606 1844 τῆς
2651 1781 2928 1846 παναγοῦς
2979 1781 3353 1852 κολυμϐήθρας
3381 1783 3509 1852 ὑγιὴς
3538 1783 3632 1846 ὅλος,

2167 1864 2264 1918 καὶ
2310 1863 2510 1918 αὐτίκα
2558 1866 2746 1920 ἄδειάν
2781 1885 2841 1921 τε
2887 1868 3152 1940 κηρύττει
3215 1871 3531 1939 Χριστιανοῖς,
3573 1871 3633 1922 καὶ

2165 1955 2295 2018 τοὺς
2355 1956 2516 2019 ναοὺς
2549 1958 2732 2027 σφίσιν
2761 1959 3192 2027 ἀναπετάννυσι,
3212 1960 3301 2016 καὶ
3332 1963 3463 2025 νέους
3485 1963 3635 2030 ἐφίησιν

2169 2046 2571 2118 ἀνεγείρεσθαι.
2624 2049 2808 2103 κλείει
2834 2050 2892 2104 δὲ
2921 2049 3236 2119 τοῦμπαλιν
3287 2050 3349 2104 τὰ
3385 2051 3545 2120 τεμένη
3565 2049 3634 2100 τῶν

2166 2138 2537 2209 ψευδωνύμων
2602 2139 2743 2194 θεῶν
2775 2180 2793 2208 ,
2846 2141 3019 2205 ἀδεῶς
3066 2159 3125 2196 τε
3169 2142 3428 2214 προσιέναι
3463 2140 3638 2204 θεσπίζει

2170 2231 2299 2294 τοὺς
2351 2230 2782 2303 θεσπιζομένους
2835 2235 2904 2305 τῇ
2953 2234 3140 2288 πίστει
3199 2236 3264 2305 τῇ
3308 2232 3394 2287 τοῦ
3451 2230 3636 2303 Χριστοῦ.

2170 2322 2468 2387 Βιάζεσθαι
2501 2323 2602 2394 μὲν
2621 2324 2732 2394 γὰρ
2776 2324 2969 2378 οὐδένα
3001 2324 3159 2393 ἔλεγε
3187 2323 3446 2396 βούλεσθαι
3469 2339 3482 2355 ο
3505 2320 3638 2386 τοὺςὲ

2171 2413 2395 2477 ἑκόντας
2415 2413 2493 2485 τῷ
2520 2414 2742 2486 Χριστῷ
2774 2415 3236 2486 προστιθεμένους
3287 2414 3638 2486 ἀποδέχεσθει.⁴0

2176 2505 2278 2576 μὲν
2310 2504 2407 2559 οῦν
2437 2505 2582 2560 οὕτω
2603 2509 2669 2578 τῇ
2704 2507 2886 2562 πίστει
2915 2507 3010 2562 τοῦ
3053 2507 3287 2579 Χριστοῦ
3321 2506 3639 2579 προσελήλυθε·

2173 2595 2234 2649 τὸ
2268 2596 2534 2668 κήρυγμα
2563 2596 2610 2649 δ’
2628 2597 2982 2662 ἐπλατύνετο,
3011 2599 3112 2652 καὶ
3144 2600 3412 2671 παρρησίᾳ
3437 2602 3527 2661 τοῖς
3554 2598 3640 2666 Χρι-

2174 2688 2484 2758 στωνύμοις
2508 2689 2738 2744 ἐδέδοτο.
2785 2690 3088 2760 Προσίασιν
3129 2691 3220 2745 οὖν
3248 2694 3310 2762 τῇ
3343 2691 3424 2744 τοῦ
3453 2689 3640 2760 βασιλέως

2177 2779 2345 2851 μητρὶ
2388 2781 2650 2849 Ἰουδαῖοι,
2683 2784 3001 2855 ήπατῆσθαι
3069 2783 3306 2853 λέγοντες
3356 2783 3436 2836 τὸν
3463 2781 3638 2853 βασιλέα.

2174 2872 2268 2925 καὶ
2291 2871 2437 2943 ἔργῳ
2463 2873 2707 2942 θεοφιλεῖ
2737 2875 2898 2945 ἔργον
2920 2875 3191 2946 ἀναμῖξαι
3250 2873 3490 2944 θεομισές.
3513 2872 3644 2940 Θεοφι-

2173 2961 2264 3026 λὲς
2295 2964 2416 3034 μὲν,
2453 2963 2552 3035 τὴν
2579 2965 2688 3020 τῶν
2719 2966 2954 3020 εἰδώλων
2993 2967 3311 3038 καθαίρεσιν
3356 2965 3642 3035 ὀνομάζοντες

489 3058 761 3113 tationem
808 3053 1185 3125 postulabant.
1238 3050 1416 3120 Atque
1461 3050 1597 3107 adeo
1637 3051 1857 3120 quidam
1901 3053 2067 3108 exiis

2173 3055 2426 3126 θεομισὲς
2496 3057 2555 3109 δὲ
2599 3094 2616 3122 ,
2669 3057 2770 3128 τὴν
2818 3059 3000 3112 πίστιν
3052 3058 3152 3130 τὴν
3201 3060 3279 3121 είς
3319 3059 3549 3131 Χριστόν·
3584 3055 3645 3123 μό-

486 3151 782 3219 impostor,
811 3148 1035 3201 nomine
1072 3141 1356 3204 Zambres,
1387 3141 1582 3196 bovem
1607 3142 1790 3197 afferri
1816 3142 2066 3212 jubebat,

493 3240 555 3293 in
587 3255 697 3309 quo
725 3237 811 3292 sui
838 3235 931 3289 Dei
965 3236 1264 3304 potentiam
1298 3250 1356 3290 se
1383 3234 1887 3287 demonstraturum
1916 3248 2070 3288 asse-

496 3329 675 3384 rebat.
701 3325 1008 3380 Adducitur
1045 3326 1164 3385 bos.
1201 3325 1414 3380 accedit
1448 3324 1731 3387 Zambres,
1766 3325 2071 3380 insusurrat

495 3421 550 3474 ei
574 3417 779 3488 aliquid
808 3417 863 3470 in
887 3408 1075 3470 aurem
1103 3433 1117 3469 :
1149 3417 1260 3482 ille,
1288 3409 1556 3487 magnolet
1588 3415 1922 3468 lamentabili
1952 3432 2073 3470 ntu-

497 3511 612 3583 gitu
646 3509 815 3572 edito,
843 3523 966 3562 cum
995 3518 1234 3562 tremore
1273 3513 1329 3560 et
1356 3505 1627 3576 vertigine
1680 3505 2069 3571 circumactus,

498 3600 743 3657 concidit
780 3608 1053 3653 mortuus.
1101 3599 1175 3651 Ea
1224 3613 1284 3652 re
1326 3596 1704 3667 gloriabantur
1741 3597 1939 3664 Judazi,
1973 3597 2069 3652 Dei

499 3695 584 3748 sui
617 3705 816 3746 nomen
864 3705 972 3743 non
1005 3690 1215 3758 cepisse
1243 3703 1404 3741 aures
1449 3687 1594 3741 illius
1625 3687 1889 3742 dicentes.
1936 3687 2073 3752 Quid

501 3800 642 3850 vero,
679 3784 859 3852 inquit
889 3781 1174 3844 Silveslcr,
1214 3782 1300 3856 qui
1333 3779 1386 3832 id
1420 3780 1595 3834 bestia:
1627 3780 1752 3833 dicit
1780 3782 1834 3834 in
1865 3795 2069 3844 aurem,

498 3876 654 3931 verba
693 3891 790 3928 sua
832 3890 935 3926 non
969 3872 1118 3925 audit
1147 3871 1169 3923 ?
1206 3887 1299 3924 cur
1327 3880 1375 3923 et
1408 3871 1516 3940 ipse
1559 3887 1662 3925 non
1691 3869 1952 3924 moritur?
1990 3868 2072 3924 lbi

499 3967 805 4020 Zambres:
839 3963 960 4017 1am
1014 3962 1168 4027 nihil,
1220 3962 1421 4032 inquit,
1463 3977 1592 4028 opus
1632 3969 1709 4014 est
1745 3962 1990 4032 argutiis,
2025 3968 2072 4014 et

501 4055 872 4128 probabilitate
903 4055 1197 4117 verborum,
1233 4055 1322 4107 sed
1359 4053 1533 4123 factis.
1569 4054 1822 4123 episcopo.
1863 4051 1932 4106 Si
1950 4069 2073 4124 ergo

503 4160 716 4200 taurum
745 4147 904 4199 istum
945 4161 976 4196 a
1009 4154 1058 4198 te
1097 4145 1209 4198 neci
1249 4145 1457 4208 datum,
1501 4142 1762 4198 Silvester
1799 4145 1894 4206 ait,
1964 4145 2074 4214 ipse

505 4237 704 4293 Christi
739 4239 949 4290 nomine
985 4239 1038 4290 in
1067 4237 1231 4290 vitam
1258 4237 1507 4290 revocabo
1531 4252 1548 4288 :
1574 4253 1678 4289 non
1716 4221 1887 4306 majus
1923 4236 2074 4306 quid-

503 4333 628 4383 dam
652 4332 975 4400 praestitisse,
1001 4337 1047 4382 et
1073 4345 1324 4398 magnam
1347 4328 1730 4382 demonstrasse
1759 4327 1951 4382 Christi
1977 4343 2074 4398 po-

2171 3165 2260 3202 vov
2309 3149 2418 3218 γὰρ
2473 3143 2613 3201 εἶναι
2653 3148 2786 3202 Θεὸν
2836 3149 3013 3220 ἁληθῆ
3058 3151 3150 3203 τὸν
3202 3152 3328 3219 παρ’
3371 3148 3521 3204 αὐτῶν
3555 3145 3644 3216 Opit-

2173 3239 2526 3308 σκευὸμενονο
2567 3239 2660 3292 τὸν
2709 3239 2918 3309 Ἰησοῦν
2951 3240 3026 3307 ᾗδὲ
3054 3241 3332 3312 ἄνθρωπον
3375 3241 3419 3294 oi
3456 3238 3644 3306 ἀλιτήριοι

2173 3325 2483 3396 κακοῦργον
2507 3326 2813 3380 ἀπεκάλουν
2874 3327 2970 3380 καὶ
3023 3329 3222 3397 γόητα.
3284 3327 3526 3396 Ἀναφέρει
3561 3320 3646 3372 ταῦ-

2170 3433 2240 3470 τα
2265 3419 2298 3486 ἡ
2327 3418 2513 3488 μήτηρ
2547 3417 2626 3488 τῷ
2665 3417 2872 3486 βασιλεί
2920 3421 3015 3472 καὶ
3052 3420 3156 3492 υἱῷ
3192 3437 3209 3455 ·
3241 3422 3268 3473 δ
3293 3420 3348 3474 δὲ
3390 3414 3644 3483 διαλεχθῆναι

2172 3508 2282 3560 δεῖν
2341 3507 2556 3578 ἔκρινεν
2623 3509 2708 3561 ἐπ’
2778 3510 3040 3582 ἀκροάσει
3099 3511 3264 3566 αὐτοῦ
3330 3511 3416 3564 καὶ
3458 3507 3541 3560 τῶν
3584 3504 3646 3570 τῆς

2171 3600 2461 3669 γερουσίας
2520 3600 2758 3668 λογάδων
2788 3643 2803 3668 ,
2872 3604 3000 3666 τοὺς
3068 3605 3241 3660 ταῦτα
3290 3605 3510 3670 λέγοντας
3558 3598 3646 3650 Ἰουι

2172 3692 2395 3756 δαίους,
2466 3693 2545 3763 τῷ
2615 3693 2833 3764 Ῥώμης
2907 3697 3198 3767 ὲπισκόπῳ
3274 3697 3549 3762 Σιλϐέστρψ
3585 3687 3648 3741 18"-

2171 3785 2287 3847 τοῖς
2320 3785 2447 3851 περὶ¹
2487 3784 2684 3838 αὐτόν’
2729 3786 2797 3840 ἵν’
2837 3785 2981 3839 οὕτω
3017 3789 3197 3856 γνοίη,
3218 3787 3334 3841 τίνα
3362 3786 3420 3839 τὰ
3444 3783 3530 3836 τῶν
3557 3781 3645 3832 Ἰου-

2171 3862 2494 3929 δαίωνέίσὶν
2531 3876 2883 3945 εἰσαγόμενα.
2909 3877 3148 3945 Γέγονεν
3187 3881 3217 3949 ἡ
3240 3878 3470 3943 διάλεξις.
3490 3873 3647 3934 Ἐδοξαν

2172 3968 2219 4018 oi
2251 3966 2401 4033 λόγοι
2420 3967 2515 4022 τοῦ
2559 3969 2705 4040 ἱεροῦ
2745 3969 3077 4042 Σιλϐἐστρου
3106 3973 3536 4042 ἐπικρατέστεροι.
3586 3961 3648 4013 Ἐκ

2172 4057 2521 4129 διαλεκτικῆς
2575 4061 2861 4132 δυνάμεως
2923 4064 3254 4135 ὑπερτέραν
3281 4065 3328 4115 oi
3369 4061 3568 4115 Ἰουδαῖοι
3589 4053 3649 4106 τὴν

2175 4148 2497 4224 Σίλὸεστρον
2554 4153 2743 4222 ελεγον
2769 4193 2786 4218 ,
2841 4155 3090 4225 σημείων
3175 4157 3392 4224 ἐζήτουν
3443 4146 3648 4209 ἐπίδειξιν.

2175 4240 2392 4294 Μᾶλλον
2443 4241 2502 4295 δέ
2548 4260 2634 4306 τις
2677 4245 2807 4314 παρ’
2873 4246 3066 4310 αὐτοῖς
3128 4248 3258 4318 γόης
3300 4244 3424 4314 ἀνὴρ
3463 4238 3652 4308 Ζαμερῆς

2177 4331 2513 4403 καλούμενος
2567 4332 2698 4403 βοῦν
2723 4335 3015 4406 ἐνεχθῆναι
3041 4338 3220 4407 ἠξίου,
3245 4337 3329 4390 διὰ
3346 4333 3508 4387 τούτου
3531 4328 3651 4393 λέγων

504 4426 726 4477 tentiam
752 4423 998 4478 videbor?
1027 4421 1340 4496 Assentitur
1364 4421 1472 4482 ille,
1505 4430 1560 4474 et
1592 4435 1688 4489 per
1710 4421 1938 4474 salutem
1967 4421 2067 4480 im-

2178 4419 2392 4488 μέλλειν
2449 4421 2789 4487 ἐνδείξασθαι
2815 4425 2915 4493 τὴν
2956 4425 3190 4496 δύναμιν
3220 4425 3310 4479 τοῦ
3347 4421 3517 4476 οἰκείου
3535 4411 3649 4468 Θεοῦ.

507 4513 777 4580 pcratoris
807 4512 988 4567 statim
1020 4493 1187 4579 iurat,
1225 4510 1269 4564 si
1295 4519 1515 4564 taurum
1547 4508 1812 4564 revixisse
1838 4509 2069 4573 videret,

505 4619 566 4656 se
599 4602 978 4658 contessurum
1005 4602 1282 4658 Christum
1313 4617 1432 4657 esse
1462 4603 1654 4656 Deum.
1679 4601 1941 4658 Silvester
1970 4618 2075 4657 au-

510 4705 654 4755 tem.
687 4695 858 4749 oculis
890 4694 944 4748 in
979 4693 1177 4748 cmlum
1213 4693 1406 4747 deﬁxis
1438 4702 1493 4747 et
1525 4694 1756 4748 Domino
1797 4693 2072 4758 invocato,

509 4801 679 4856 prope
721 4793 935 4839 taurum
980 4793 1144 4851 astat,
1191 4785 1515 4853 sublataque
1552 4799 1688 4839 voce
1731 4785 1972 4839 clamat:
2015 4783 2075 4839 Si

504 4875 644 4929 Deus
673 4890 823 4930 verus
852 4882 948 4938 est,
979 4891 1130 4944 quem
1159 4890 1251 4944 ego
1279 4876 1533 4928 annuntio
1561 4873 1848 4938 Christum,
1881 4872 2075 4944 Surge,

507 4977 676 5035 taure,
718 4984 780 5020 ac
816 4967 1032 5034 pedibus
1073 4967 1176 5020 tuis
1217 4967 1465 5020 insistito.
1505 4965 1699 5043 Statim
1731 4973 1922 5020 taurus
1955 4979 2074 5020 sese

503 5073 888 5124 commovens,
937 5057 1138 5113 exsilit.
1193 5056 1296 5123 Qui
1345 5057 1602 5122 aderant,
1649 5070 1902 5126 magnum
1951 5069 2072 5109 esse

507 5153 758 5207 Silvest-ri
794 5153 963 5211 Deum
988 5192 1003 5217 ,
1039 5152 1348 5207 exclamare
1373 5166 1390 5206 :
1418 5149 1616 5216 Judaei,
1643 5149 1914 5210 miraculo
1946 5161 2076 5217 per-

503 5242 668 5310 culsi,
703 5244 768 5298 ad
803 5244 969 5312 pedes
1002 5244 1104 5297 viri
1137 5243 1312 5298 sancti
1345 5241 1617 5306 accidere,
1653 5250 1839 5311 petere
1869 5252 1926 5295 ut
1959 5241 2076 5310 pla-

506 5343 656 5388 caret
681 5335 781 5387 sibi
802 5329 994 5393 Deum,
1018 5341 1074 5386 et
1096 5332 1427 5401 baptismum
1447 5333 1846 5400 impertiretur.
1869 5331 2070 5400 inclyta

506 5432 637 5474 vero
670 5418 1022 5492 imperatoris
1051 5430 1246 5488 mater,
1275 5420 1518 5475 nondum
1554 5422 1827 5486 instituta,
1856 5421 2070 5476 erudiri

2131 4579 2136 4584 π
2175 4513 2525 4582 Προσηνέχθη
2565 4515 2592 4566 ὁ
2626 4512 2776 4583 βοῦς,
2805 4515 3186 4584 πεπλησίακεν
3212 4514 3354 4584 αὐτῷ
3379 4517 3404 4567 ὁ
3442 4503 3649 4577 Ζαμδρῆςν

2175 4602 2534 4672 ὑπεψιθύρισέ
2582 4621 2636 4657 τι
2669 4605 2820 4674 αὑτῴ
2865 4608 2944 4670 είς
2989 4607 3050 4660 τὸ
3077 4602 3194 4671 οῦς.
3227 4606 3468 4664 Κάκεῖνος
3498 4599 3654 4669 viii“

2175 4695 2269 4747 καὶ
2317 4693 2509 4764 γοερὸν
2565 4697 2978 4765 μυκησάμενος,
3043 4699 3142 4751 καὶ
3176 4697 3357 4766 τρόμῳ
3404 4681 3654 4753 συπιδινηθεὶς

2181 4785 2589 4842 καταπέπτωκε
2619 4789 2714 4838 καὶ
2742 4789 3073 4856 νενέκρωτο.
3109 4787 3323 4859 Ηῦχουν
3363 4783 3445 4838 ἐπὶ
3473 4779 3604 4844 τούτῳ
3623 4773 3655 4822 οἱ

2192 4875 2459 4943 Ἰουδαῖοι,
2482 4876 2544 4928 τὸ
2567 4875 2662 4929 τοῦ
2718 4878 2983 4948 σφετέρου
3007 4879 3147 4933 Θεοῦ
3185 4879 3354 4948 ὄνομα
3399 4873 3464 4944 μὴ
3502 4868 3653 4932 στέγειν

2172 4966 2425 5034 λέγοντες
2452 4967 2544 5019 τὸν
2583 4967 2874 5022 ἀκούοντα.
2930 4969 2996 5023 Τί
3020 4969 3114 5036 δὲ,
3153 4971 3315 5039 φησιν
3337 4970 3362 5021 ὁ
3389 4961 3654 5028 Σὶλὸεστροςι

2172 5059 2204 5110 d
2236 5055 2430 5126 λέγων
2457 5057 2633 5111 τοῦτο
2657 5057 2737 5123 τῷ
2774 5058 2892 5125 ζώῳ
2917 5061 2992 5131 (7)
3016 5061 3170 5130 πρὸς
3199 5060 3263 5115 τὸ
3283 5055 3382 5124 οὖς
3402 5057 3495 5110 οὐκ
3511 5047 3656 5105 ἀκούει

2170 5147 2277 5201 τοῦ
2305 5149 2671 5218 λεγομένου;
2708 5149 2835 5218 πῶς
2876 5149 2989 5206 οὖν
3025 5155 3102 5207 οὐ
3161 5143 3654 5219 θνήσκεικὼιεῐνοςέ

2173 5239 2282 5291 Καὶ
2311 5240 2339 5290 ὁ
2364 5239 2626 5312 Ζαμὸρῆς
2648 5257 2662 5272 ο
2701 5243 2785 5296 Οὐ
2812 5244 3034 5312 λόγων,
3073 5244 3204 5316 ἔφη,
3234 5240 3482 5312 στροφῆς
3521 5250 3570 5286 τε
3592 5226 3654 5280 καὶ

2169 5332 2563 5398 πιθανότητος
2604 5332 2739 5399 ἄρτι
2794 5336 2987 5403 χρεία,
3014 5336 3156 5390 ἀλλ’
3190 5335 3391 5405 ἔργων,
3420 5327 3655 5384 ἐπίσκοπε.

2167 5424 2234 5475 Et
2256 5419 2369 5477 οὖν
2392 5427 2500 5479 τὸν
2555 5426 2714 5493 παρὰ
2729 5414 2847 5483 σοῦ
2866 5429 3239 5501 νεκρωθέντα
3265 5431 3459 5486 τοῦτον
3481 5419 3653 5483 ταῦρον’

1692 5581 1891 5643 Variae
1939 5583 2246 5646 lectiones
2297 5593 2358 5648 et
2395 5594 2588 5650 notat.

576 5704 656 5776 (7)
692 5705 754 5760 ὐ
785 5710 980 5777 λέγων
1002 5708 1179 5765 τοῦτο
1206 5709 1288 5776 τῷ
1316 5709 1450 5778 ζώῳ.
1485 5711 1574 5769 Sic
1609 5712 1666 5766 in
1709 5728 1818 5767 uno
1852 5727 1881 5766 e
1940 5729 2067 5769 mss.

2168 5717 2317 5788 cgiis,
2354 5718 2407 5774 in
2438 5719 2546 5775 alio
2575 5719 2770 5790 τούτῳ.
