3938 6208
303 263 445 332 1109

1528 267 1938 336 ANNALIUM
1977 269 2132 335 LIB.
2168 275 2341 338 XIII.

3396 277 3552 350 ΠΝ

296 379 548 453 δτηρεῖτο
589 379 708 450 ῑθη,
768 381 866 436 καὶ
913 382 948 451 ἠ
987 382 1340 449 κατάστασις,
1397 383 1493 439 καὶ
1545 383 1861 456 ὴγερουσία

1971 380 2061 437 Sic
2095 385 2226 441 urbs
2261 401 2293 441 a
2322 384 2414 456 pio
2458 384 2554 442 illo
2592 385 2922 457 imperatore
2951 387 3010 444 in
3049 391 3250 446 veteris
3295 393 3539 463 Byzantii

294 472 596 542 τετίμητο,
662 472 759 525 καὶ
816 475 864 526 οἱ
926 473 1130 544 ταύτης
1197 474 1394 545 ἤνθουν
1469 475 1682 528 πολῖται
1707 515 1724 540 ,
1775 477 1861 529 καΊ

1973 477 2090 532 solo
2128 477 2346 534 condita
2391 488 2498 534 est.
2553 477 2872 550 Byzantium
2927 490 3110 536 autem
3170 482 3325 551 prius
3373 487 3539 542 etiam

297 562 526 633 ἔννομος
555 560 623 635 ἦν
660 566 973 632 ἐπιστασία,
994 565 1054 621 τὸ
1094 567 1292 638 κράτος
1323 567 1388 638 δὴ
1437 568 1499 622 τὸ
1550 567 1820 638 βασίλειον
1851 583 1866 600 ⁸

300 653 420 706 ἀλλ’
465 655 564 706 οὐκ
625 655 891 725 ἄντικρυς
947 660 1222 728 τυραννὶς,
1284 660 1394 712 ῐδια
1447 659 1518 714 τὰ
1575 659 1729 714 κοινὰ
1761 659 1868 713 τῶν

295 745 654 816 κρατούντων
693 746 1082 816 λογιζομένων,
1133 751 1228 803 καὶ
1275 751 1356 813 είς
1396 751 1600 814 οίκείας
1631 749 1870 806 ἀπολαύ-

296 853 418 900 σεις
447 838 749 908 χρωμένων
789 840 972 902 αὐτοῖς
997 856 1011 872 ο
1043 842 1136 894 καὶ
1168 839 1372 894 τούτων
1403 841 1550 904 ἐνίας
1591 842 1692 894 οὐκ
1734 842 1865 896 εὐα-

294 932 441 994 γεῖς,
473 930 566 982 καὶ
615 930 976 1001 δωρουμένων
1039 926 1122 995 οἷς
1184 931 1465 1000 βούλονται
1509 935 1579 987 τὰ
1605 934 1864 1004 δημόσια,

293 1020 394 1072 καὶ
412 1020 476 1072 ού
505 1022 778 1090 ποιμένων
807 1023 1010 1094 τρόπον
1051 1028 1162 1089 τοῖς
1199 1025 1461 1092 ὑπηκόοις
1485 1024 1864 1096 προσφερομέ·

293 1127 427 1174 νων,
473 1111 765 1182 κειρόντων
811 1113 872 1166 τὸ
921 1115 1172 1182 περιττὸν
1229 1115 1327 1184 τῆς
1374 1115 1582 1186 τριχὸς,
1633 1115 1731 1168 καὶ
1767 1131 1866 1166 πε-

293 1208 608 1276 φεισμένως
636 1208 1060 1278 ἐμφορουμένων
1089 1209 1183 1264 τοῦ
1221 1210 1512 1278 γάλακτος,
1544 1209 1680 1264 ἀλλὰ
1707 1209 1866 1277 δίκην

293 1296 514 1368 λῃστῶν
559 1298 699 1351 αὐτὰ
755 1299 1133 1353 καταθυόντων
1185 1301 1255 1354 τὰ
1303 1300 1568 1371 πρόόατα,
1601 1300 1714 1369 ,καὶ
1752 1299 1862 1354 τῶν

292 1388 518 1456 σαρκῶν
540 1389 990 1458 ἐμφορουμένων,
1043 1391 1078 1460 ἢ
1138 1391 1236 1446 καὶ
1281 1392 1478 1454 αὐτοὺς
1511 1390 1861 1460 ὲκμυζόντων

289 1479 420 1539 τοὺς
454 1479 708 1547 μυελούς.
761 1481 826 1533 Ἢ
881 1483 978 1550 μὲν
1036 1477 1130 1536 οὖν
1185 1483 1339 1547 πόλις
1391 1480 1534 1537 οὕτω
1586 1482 1739 1553 παρὰ
1766 1482 1862 1534 τοῦ

287 1569 551 1630 εὐσεϐοῦς
577 1571 790 1625 ἐκείνου
845 1571 1109 1641 βασιλέως
1158 1573 1564 1644 ἀνῳκοδόμητο,
1627 1572 1769 1628 κατὰ
1798 1572 1858 1625 τὸ

287 1658 462 1764 πάλαι
491 1661 804 1725 Βυζάντιον.
845 1665 918 1715 Τὸ
950 1661 1008 1717 δὲ
1036 1663 1326 1727 Βυζάντιον
1352 1664 1508 1727 πόλις
1538 1665 1632 1718 καὶ
1665 1663 1858 1736 πρώην
1884 1703 1938 1764 Β

285 1749 612 1822 ἐτύγχανεν,
639 1753 699 1806 ού
745 1753 853 1806 τῶν
895 1754 1192 1824 ἀνωνύμων
1236 1755 1272 1824 ἢ
1303 1753 1410 1809 τῶν
1439 1755 1697 1826 ἀσήμων,
1722 1756 1859 1810 ἀλλὰ

286 1845 389 1898 καὶ
444 1843 672 1914 πλήθεσι
728 1844 960 1898 πολιτῶν
1016 1846 1411 1917 εὐθηνουμένη,
1469 1848 1562 1900 καὶ
1616 1846 1856 1915 πλούτῳ,

287 1933 388 1987 καὶ
420 1933 630 2005 ἀνδρῶν
686 1934 1062 2004 γενναιότητι,
1122 1934 1215 1988 καὶ
1259 1935 1458 2006 τειχῶν
1507 1936 1860 2006 ἐρυμνότητι,

284 2026 388 2078 καὶ
420 2023 694 2090 τοσοῦτον,
724 2025 798 2088 ὡς
825 2026 917 2080 ἐπὶ
953 2027 1103 2095 τρεῖς
1139 2027 1420 2091 ἐνιαυτοὺς
1457 2027 1551 2080 ἐπὶ
1591 2027 1858 2097 Σεσήρου,

286 2112 387 2166 τοῦ
411 2115 467 2166 ὲν
503 2113 692 2186 Ῥώμῃ
713 2117 779 2186 τῇ
819 2114 1026 2187 παλαιᾷ
1057 2116 1494 2186 βασιλεύσαντος,
1523 2118 1673 2190 παρὰ
1709 2119 1852 2172 Ῥω-

287 2203 474 2274 μαίων
517 2205 944 2275 πολιορκεῖσθαι,
985 2207 1080 2261 καὶ
1117 2207 1285 2261 πολλὰ
1326 2207 1476 2279 παρὰ
1500 2208 1608 2261 τῶν
1639 2208 1856 2280 πολιορ-

287 2295 577 2363 κουμένων
607 2297 909 2366 ὑποστῆναι
946 2298 1163 2362 αὐτοὺς,
1195 2298 1269 2362 ώς
1299 2300 1358 2351 ἐν
1387 2301 1499 2362 τοῖς
1531 2301 1656 2370 περὶ
1685 2301 1857 2370 Σευή-

299 2403 401 2456 ρου
436 2403 524 2455 μοι
560 2388 970 2458 προῖστόρηται.
1017 2388 1153 2459 Περὶ
1179 2389 1236 2444 δὲ
1265 2389 1366 2460 τῆς
1400 2391 1508 2444 τῶν
1551 2389 1858 2454 Βυζαντίων

291 2477 602 2547 δυνάμεως,
649 2479 747 2532 καὶ
779 2478 883 2547 τῆς
909 2479 1018 2534 τῶν
1047 2480 1243 2551 τειχῶν
1287 2482 1634 2552 ὀχυρότητος,
1688 2483 1858 2536 ταῦτα

286 2569 317 2620 6
339 2568 480 2621 Δίων
512 2567 624 2637 (14)
650 2569 708 2622 ὲν
741 2571 854 2632 τοῖς
878 2570 1004 2640 περὶ
1064 2571 1308 2642 Σευήρου
1358 2573 1494 2641 φησί
1522 2588 1540 2607 ο
1588 2573 1759 2642 Τειχη
1790 2573 1860 2627 δέ

287 2661 361 2713 τὸ
418 2659 743 2720 Βυζάντιον
810 2661 1218 2730 καρτερώτατα
1273 2660 1437 2732 εἶχεν
1467 2679 1482 2695 ο
1545 2663 1578 2716 ὅ
1628 2681 1694 2718 τε
1747 2665 1858 2735 τὰρ

289 2748 490 2818 θάψειε
535 2749 646 2818 (15)
703 2748 904 2804 αὐτῶν
955 2753 1148 2817 λίθοις
1200 2751 1580 2831 τετραπέδοις
1636 2755 1861 2823 παχέσι

287 2841 786 2911 συνῳκοδόμητο,
848 2842 1037 2907 πλαξὶ
1091 2843 1347 2913 χαλκαῖς
1402 2845 1856 2914 συνδουμένοις,

286 2933 494 2986 καὶτὰ
537 2933 709 2999 ἐντὸς
747 2934 948 2989 αὐτῶν
997 2934 1097 2988 καὶ
1137 2936 1368 3005 χώμασι
1419 2938 1520 2990 καί
1549 2939 1857 3008 οἰκοδομή-

1972 570 2105 624 urbs
2152 570 2259 626 fuit
2289 569 2434 624 haud
2482 570 2738 635 obscura,
2789 586 2970 642 neque
3022 572 3296 642 ignobilis,
3343 576 3437 629 sed
3485 587 3540 634 et

1970 662 2282 732 frequentia
2305 663 2508 718 civium
2546 661 2774 729 ﬂorens,
2805 671 2864 720 et
2886 664 3103 734 opibus,
3139 675 3195 720 et
3221 666 3354 720 viris
3387 667 3538 722 forti-

1970 751 2096 818 bus,
2125 763 2182 808 et
2209 755 2483 810 manibus
2520 756 2868 826 permunitis,
2903 755 3044 813 adeo
3069 766 3130 812 ιιι
3155 758 3256 812 sub
3310 757 3534 822 Severo,

1968 846 2062 915 qui
2106 855 2290 902 vetere
2323 847 2494 902 Roma
2547 847 2869 918 imperabat,
2905 864 3003 918 per
3039 849 3338 905 triennium
3367 866 3396 905 a
3429 851 3539 904 llo-

1968 937 2145 992 manis
2173 938 2544 1003 obsideretur,
2573 955 2638 994 ac
2664 941 2838 996 multa
2869 941 3167 996 tolerarent
3196 943 3364 1005 cives,
3396 943 3538 998 sicut

1965 1040 2131 1096 supra
2161 1027 2218 1081 in
2251 1026 2456 1083 Severo
2493 1032 2856 1086 narravimus.
2888 1031 3028 1085 Dion
3063 1032 3194 1088 item
3227 1032 3296 1087 de
3327 1033 3535 1102 Byzan-

1965 1118 2166 1174 tiorum
2217 1119 2480 1188 potentia,
2516 1128 2572 1175 et
2605 1135 2888 1176 murorum
2925 1120 3204 1186 ﬁrmitate,
3239 1123 3293 1177 in
3335 1123 3538 1179 Severo

1963 1206 2031 1260 ad
2063 1207 2213 1262 hunc
2257 1209 2451 1264 scribit
2496 1209 2759 1264 modum:
2784 1209 3107 1280 Byzantium
3137 1215 3330 1267 moenia
3355 1214 3537 1268 babuit

1962 1303 2324 1358 robustissima
2349 1321 2366 1359 :
2399 1321 2524 1359 nam
2549 1322 2730 1362 eorum
2761 1305 2931 1362 lorica
2966 1307 3230 1378 lapidibus
3260 1313 3536 1380 quadratis

1959 1396 2150 1449 crassis
2184 1405 2480 1451 constructa
2523 1406 2660 1464 erat,
2685 1406 2734 1452 et
2760 1397 2972 1454 laminis
3007 1400 3190 1468 ferreis
3233 1402 3485 1471 colligata
3514 1421 3532 1458 :

1958 1485 2215 1540 interiora
2249 1495 2299 1540 et
2329 1489 2607 1556 aggeribus
2635 1495 2684 1542 et
2719 1489 2958 1556 ardiﬁeiis
3013 1493 3215 1545 munita
3269 1505 3445 1556 erant,
3478 1501 3537 1547 ut

1960 1577 2139 1632 omnia
2173 1594 2308 1632 unus
2348 1593 2557 1634 crassus
2600 1595 2780 1633 murus
2815 1595 2925 1633 esss
2959 1580 3284 1634 viderentur.
3313 1582 3538 1637 Inerant

1959 1676 2008 1721 et
2042 1667 2220 1722 multae
2241 1684 2445 1738 magna:
2479 1678 2649 1728 turres
2683 1671 2828 1739 foras
2857 1672 3230 1740 prominentes,
3263 1683 3312 1726 et
3340 1674 3533 1728 crebris

1961 1759 2200 1828 fenestris
2261 1760 2556 1814 adornatae.
2613 1759 2754 1815 Pars
2809 1762 3099 1816 continenti
3155 1763 3373 1818 obuersa
3398 1803 3412 1828 ,
3464 1765 3535 1817 ad

1961 1866 2214 1920 magnam
2251 1851 2566 1922 exsurgebat
2602 1850 2936 1907 altitudinem
2964 1869 2984 1908 :
3007 1871 3124 1923 (μιαν
3152 1870 3300 1908 mare
3325 1863 3534 1923 specta-

1960 1941 2069 2008 bat,
2107 1942 2358 1998 humilior
2403 1953 2539 2009 erat,
2570 1953 2621 1998 et
2655 1939 2836 2015 portus
2889 1956 3108 2017 uterque
3151 1949 3294 2002 intra
3341 1949 3530 2003 mania

1959 2034 2160 2088 catenis
2209 2031 2387 2088 claudi
2419 2042 2644 2103 poterat,
2675 2051 2982 2106 serumque
3025 2037 3238 2092 brachia
3285 2039 3530 2108 utrinque

1960 2129 2132 2177 turres
2160 2122 2383 2177 multum
2415 2126 2698 2178 eminentes
2739 2126 3090 2179 sustinebant.
3125 2123 3354 2195 Navigia
3411 2142 3530 2181 uero

1958 2214 2218 2269 habebant
2266 2214 2506 2286 Byzantii
2566 2217 2886 2287 quingenta,
2944 2216 3198 2288 pleraque
3244 2218 3530 2272 solitaria:

1959 2309 2216 2379 quasdam
2268 2312 2428 2365 etiam
2473 2310 2730 2377 biremes,
2795 2327 3025 2381 quarum
3063 2309 3335 2364 nonnulla
3385 2317 3435 2363 et
3475 2312 3531 2363 in

1959 2416 2119 2470 prora
2171 2407 2219 2453 et
2261 2402 2315 2454 in
2367 2403 2528 2473 puppi
2581 2400 2947 2472 gubernaculis
2995 2409 3046 2456 et
3096 2401 3531 2472 gubernatoribus

1959 2501 2228 2548 exornata:
2273 2501 2450 2558 erant,
2488 2501 2538 2547 et
2570 2493 2741 2563 duplis
2790 2494 2988 2560 nautis,
3033 2501 3092 2545 ut
3116 2501 3166 2545 et
3209 2492 3450 2545 accedere
3481 2498 3532 2545 et

1959 2585 2196 2640 recedere
2233 2594 2476 2654 possent,
2525 2586 2744 2640 navibus
2796 2601 2903 2641 non
2951 2585 3228 2647 conuersis,
3269 2590 3320 2637 et
3358 2585 3530 2637 hostes

1959 2683 2069 2730 tant
2104 2678 2158 2730 in
2185 2691 2386 2732 recessu
2414 2691 2576 2746 quam
2605 2690 2810 2730 accessu
2837 2681 3108 2730 vexarent.
3143 2671 3346 2742 Adjicit
3374 2671 3528 2736 Dion,

1958 2785 2034 2826 vn
2085 2778 2267 2824 turres
2297 2785 2326 2824 a
2375 2769 2607 2824 Thracia
2658 2775 2816 2839 porta
2863 2767 2930 2822 ad
2974 2781 3124 2821 mare
3174 2765 3529 2836 pertinuisse,

1960 2876 2195 2931 quarum
2223 2861 2269 2916 si
2299 2861 2424 2930 quis
2462 2860 2622 2915 aliam
2670 2858 2960 2930 attigisset,
3009 2856 3172 2913 tacita
3201 2856 3368 2912 fuerit
3399 2875 3414 2911 :
3444 2856 3532 2912 siu

1961 2952 2018 3006 in
2050 2954 2284 3023 primam
2317 2951 2523 3023 aliquid
2561 2951 2930 3016 inclamasset,
2959 2959 3055 3005 aut
3079 2948 3314 3018 lapidem
3343 2948 3531 3019 conje-

279 3039 480 3092 μασιν
503 3025 826 3092 ώχύροντο,
881 3026 1036 3082 ὥστε
1088 3029 1187 3082 καί
1234 3026 1304 3082 ἐν
1356 3029 1554 3097 τεῖχος
1601 3031 1766 3100 παχὺ
1791 3031 1858 3086 τὸ

1961 3045 2146 3108 cisset,
2179 3058 2300 3098 eam
2328 3057 2427 3113 per
2461 3041 2766 3098 machinam
2793 3039 3085 3110 quamdam
3113 3039 3447 3103 resonuisse,
3474 3046 3531 3094 et

287 3115 421 3168 πᾶν
461 3113 612 3171 εἶναι
636 3117 856 3172 δοκεῖν.
885 3120 1106 3188 Πύργοι
1129 3137 1194 3173 τε
1223 3120 1439 3176 πολλοὶ
1473 3121 1571 3175 καί
1608 3122 1861 3193 μεγάλοι

284 3208 414 3272 ἔξω
444 3225 506 3261 τε
550 3209 904 3278 ἐκκείμενοι,
947 3209 1045 3263 καί
1095 3210 1340 3279 θυρίδας
1373 3211 1545 3280 πέριξ
1591 3212 1861 3282 causa}-

284 3305 444 3367 λους
473 3303 717 3370 ἔχοντες
746 3303 928 3371 ἦσαν.
962 3303 1068 3357 Kal
1106 3304 1177 3358 τὰ
1200 3304 1318 3372 μὲν
1337 3307 1486 3373 πρὸς
1531 3306 1644 3374 τὴν
1689 3306 1858 3377 ἤπει-

277 3411 404 3463 ρον
457 3395 625 3462 τείχη
646 3395 710 3458 ἐς
733 3394 887 3464 μέγα
911 3394 1068 3462 ὕψος
1112 3391 1278 3465 ἦρτο.
1343 3398 1420 3451 Τιί
1469 3396 1536 3452 δὲ
1579 3399 1730 3466 πρὸς
1757 3400 1860 3454 θά-

283 3491 541 3540 λασσαν
567 3483 751 3557 ἧττον
779 3488 1032 3556 ὐψοῦτο,
1078 3491 1136 3543 οἵ
1166 3507 1230 3543 τε
1258 3490 1500 3558 λιμένες
1539 3492 1710 3558 ἐντὸς
1745 3495 1862 3547 τεί-

285 3593 449 3646 χους
485 3578 805 3645 ἀμφότεροι
863 3579 1132 3632 κλειστοι
1182 3581 1482 3636 ἀλύσεσιν
1528 3579 1710 3652 ἦσαν,
1759 3587 1860 3640 καὶ

286 3669 360 3721 αι
389 3669 571 3736 χηλαὶ
598 3667 795 3722 αὐτῶν
820 3670 1086 3738 πύργους
1118 3670 1212 3740 ἐφ’
1246 3671 1498 3740 ἑκάτερα
1525 3677 1682 3730 πολὺ
1719 3692 1862 3746 προ-

284 3758 550 3826 έχοντας
571 3760 808 3828 ἔφερον.
852 3759 1041 3814 Πλοῒα
1086 3760 1138 3813 δ’
1177 3757 1340 3831 ἦσαν
1365 3763 1489 3828 τοῖς
1521 3766 1862 3834 Βυζαντίοις

286 3851 668 3902 πεντακόσια
700 3865 714 3880 ’
775 3847 848 3903 τὰ
897 3847 1016 3917 μὲν
1071 3849 1350 3914 πλεῖστα,
1407 3854 1680 3922 μονήρηο
1729 3857 1861 3913 ἐστι

283 3938 354 3994 δ,
401 3937 440 3993 α
478 3939 576 3994 και
611 3939 871 4007 δικροτα,
899 3941 1000 3994 καί
1048 3957 1212 3996 τισιν
1251 3943 1452 3998 αὐτῶν
1494 3947 1592 4000 real
1642 3948 1710 4002 ἐκ
1762 3947 1862 4017 τῆς

284 4030 534 4099 πρώρας
565 4031 664 4086 καὶ
709 4033 778 4086 ἐκ
812 4031 924 4101 τῆς
969 4034 1246 4104 πρύμνης
1293 4035 1558 4102 πηδάλια
1603 4038 1859 4111 ἤσκητο,

285 4122 393 4174 καὶ
427 4123 821 4191 κυϐερνήτας-ο
856 4126 1082 4193 ναύτας
1108 4143 1172 4181 τε
1201 4126 1460 4193 διπλοῦς
1486 4126 1674 4199 εἶχον,
1702 4134 1862 4201 ὅπως

282 4214 394 4266 καί
443 4214 773 4270 ἐπιπλέωσι
821 4219 918 4270 καὶ
952 4219 1299 4289 ἀναχωρῶσι
1354 4224 1442 4290 μὴ
1487 4225 1856 4296 ἀναστρεφό-

278 4320 482 4372 μενοι,
530 4303 629 4357 καὶ
671 4305 814 4370 τοὺς
855 4307 1168 4375 ἐναντίους
1202 4309 1274 4364 ἐν
1313 4327 1380 4364 τε
1434 4311 1512 4378 τῷ
1566 4319 1859 4385 πρόσπλῳ

283 4396 391 4448 καί
427 4397 505 4459 τῷ
562 4396 816 4462 ἀπόπλῳ
870 4397 1070 4452 αὐτῶν
1119 4401 1423 4470 optutum.
1473 4405 1619 4475 Πρὸς
1651 4409 1860 4473 τούτοις

283 4489 494 4554 ἐπάγει
533 4489 562 4540 ὁ
600 4487 758 4551 Δίων,
804 4488 880 4551 ώς
913 4491 1054 4544 ἑπτὰ
1101 4493 1210 4546 ἀπὸ
1240 4493 1348 4548 τῶν
1392 4495 1644 4568 Θρᾳκίων
1678 4499 1863 4554 πυλῶν

286 4580 498 4651 πύργοι
557 4581 956 4650 καθεστηκότες
1018 4582 1156 4654 πρὸς
1198 4585 1297 4656 τὴν
1336 4587 1612 4643 θάλασσαν
1663 4585 1806 4660 ἦσαν
1845 4607 1859 4622 ο

282 4672 499 4726 τούτων
537 4674 580 4728 δ’
625 4675 671 4726 εἰ
708 4675 808 4742 μέν
837 4691 921 4738 τις
969 4675 1116 4744 ἄλλῳ
1154 4693 1230 4748 τῳ
1277 4679 1629 4750 προσέμιξεν,
1661 4681 1864 4752 ἥσυχος

283 4760 382 4833 ἦν.
407 4763 470 4814 El.
521 4763 578 4815 δὲ
625 4762 691 4834 δὴ
733 4763 810 4832 τῷ
853 4763 1057 4834 πρώτῳ
1082 4781 1136 4818 τι
1173 4767 1481 4838 ἐνεϐόησεν,
1532 4770 1688 4840 ﬁnal.
1716 4771 1863 4825 λίθον

286 4851 686 4922 προσέρριψεν,
727 4852 892 4916 αὐτός
924 4869 985 4905 τε
1013 4852 1192 4906 ἐλάλει
1221 4854 1285 4906 ἐκ
1311 4871 1456 4918 τινος
1484 4859 1733 4927 μηχανῆς
1768 4860 1861 4912 καὶ

286 4941 376 5010 τῷ
425 4942 660 5011 δευτέρῳ
703 4942 763 4995 τὺ
799 4942 934 4996 αὐτὸ
980 4942 1266 5013 παρεδίδου
1315 4946 1492 4998 ποιεῖν
1520 4961 1536 4978 ⁸
1587 4947 1681 5000 καὶ
1721 4948 1865 5002 οὕτω

287 5034 386 5088 διὰ
415 5035 632 5087 πάντων
661 5034 865 5104 ὁμοίως
899 5035 1117 5106 ἐχώρει,
1147 5037 1267 5090 οὐδὲ
1297 5039 1666 5111 ὲπετάραττον
1696 5043 1864 5114 ἀλλήο

287 5125 446 5186 λους,
485 5124 599 5178 ἀλλ’
629 5126 689 5178 δν
717 5126 796 5194 τῷ
825 5125 983 5197 μέρει
1011 5127 1212 5191 πάντες
1237 5128 1387 5196 παρὰ
1420 5131 1514 5184 τοῦ
1554 5132 1662 5202 πρὸ
1698 5133 1863 5187 αὑτοῦ

289 5216 486 5282 ἔτερος
509 5216 610 5286 τήν
644 5231 704 5269 τε
743 5215 926 5287 φωνὴν
962 5217 1057 5270 καὶ
1090 5215 1190 5289 τὴν
1219 5218 1358 5288 ἠχὴν
1387 5219 1704 5291 διεδέχοντο.
1737 5224 1865 5276 Τοι-

290 5304 444 5377 αύτη
476 5305 574 5375 μὶν
617 5301 711 5362 οὖν
744 5305 841 5360 τοῦ
886 5306 1181 5372 Βυζαντίου
1221 5310 1386 5365 πάλαι
1423 5313 1456 5363 is
1509 5312 1664 5378 πόλις
1704 5315 1866 5384 ἐτύγ-

1962 3134 2216 3190 eumdem
2258 3147 2452 3188 sonum
2495 3131 2753 3200 proximae
2796 3128 3107 3194 tradidisse,
3135 3128 3310 3183 donec
3339 3139 3531 3198 omnes

1960 3221 2290 3294 pervasisset
2322 3238 2336 3274 :
2363 3235 2542 3291 neque
2591 3227 2772 3275 tamen
2804 3218 2967 3275 aliam
3003 3217 3073 3274 ab
3101 3217 3205 3273 alia
3235 3216 3527 3281 turbatam,

1961 3315 2058 3372 sed
2102 3329 2202 3384 per
2246 3313 2396 3368 vices
2425 3311 2495 3366 ab
2519 3311 2776 3366 omnibus
2823 3324 3015 3365 vocem
3046 3317 3104 3364 et
3131 3323 3325 3364 sonum
3367 3321 3530 3362 exce-

1961 3413 2135 3477 ptum.
2165 3405 2245 3462 Ac
2280 3404 2404 3458 talis
2426 3403 2553 3458 olim
2581 3402 2875 3473 Byzantina
2903 3401 3036 3456 urbs
3059 3397 3163 3455 fuit
3190 3416 3205 3453 :
3237 3397 3332 3454 sed
3362 3396 3532 3467 incly-

1961 3507 2052 3554 tus
2083 3498 2476 3554 Constantinus
2520 3511 2638 3550 eam
2671 3494 2724 3547 in
2761 3495 3084 3548 immensum
3126 3491 3298 3556 auxit,
3327 3489 3530 3559 templa

1963 3587 2328 3651 inaediﬁcavit,
2385 3594 2441 3639 et
2491 3585 2678 3638 multis
2724 3583 2890 3637 rebus
2929 3581 3258 3635 adornavit:
3291 3579 3529 3647 denique

1963 3683 2188 3730 teretem
2219 3674 2365 3727 illam
2404 3673 2711 3726 columnam
2747 3669 3208 3739 porphyreticam,
3239 3667 3429 3730 Roma,
3467 3675 3529 3720 ut

1963 3765 2174 3830 lerunt,
2221 3764 2436 3818 allatam
2493 3761 2547 3814 in
2579 3761 2698 3815 loro
2745 3759 2975 3829 lapideis
3015 3759 3228 3813 tabellis
3274 3759 3525 3818 instrato.

1962 3855 2111 3913 unde
2139 3869 2169 3909 a
2199 3853 2402 3908 Graecis
2432 3852 2688 3907 Placoton
2723 3850 3061 3914 nominatur,
3102 3849 3278 3904 erexit
3304 3864 3318 3902 :
3346 3849 3529 3915 juxta-

1962 3963 2072 4018 que
2103 3946 2453 4002 simulacrum
2485 3955 2720 4007 aeneum,
2757 3949 2872 3995 tum
2907 3939 3140 3994 artiﬁcio
3169 3938 3403 3993 mirabili
3433 3953 3531 3993 an-

1966 4040 2130 4110 tiquae
2164 4051 2357 4092 manus
2386 4049 2525 4105 pene
2567 4032 2803 4088 viventis
2839 4031 3013 4086 instar
3041 4045 3382 4100 expressum,
3415 4038 3527 4084 tum

1963 4127 2338 4200 magnitudine
2368 4124 2564 4193 insigni
2597 4121 2893 4193 spectabile
2933 4121 3222 4176 dedicavit.
3254 4120 3386 4174 Eam
3415 4128 3529 4174 sta-

1964 4228 2117 4274 tuam
2157 4215 2425 4285 Apollinis
2468 4229 2590 4269 esse
2630 4211 2837 4277 ferunt,
2876 4211 2974 4266 Ilio
3001 4213 3061 4281 8
3088 4209 3530 4280 Phrygiaetrans-

1964 4309 2152 4363 latam.
2201 4305 2307 4360 Sed
2365 4305 2584 4359 divinus
2627 4304 2924 4372 imperator
2953 4301 3066 4368 ille,
3109 4315 3270 4355 suum
3316 4297 3396 4353 illi
3424 4312 3527 4352 no-

1935 4395 2089 4461 ’men
2125 4402 2345 4467 indidit,
2382 4401 2550 4456 clavis
2582 4399 2910 4470 quibusdam
2961 4396 3124 4468 capiti
3157 4395 3400 4456 insertis.
3433 4395 3527 4464 qui

1959 4511 2164 4566 corpus
2206 4493 2422 4550 Domini
2467 4491 2763 4548 salutiferae
2811 4490 2962 4547 cruci
3006 4489 3306 4545 aﬂixerant.
3354 4487 3432 4543 Ea
3459 4487 3527 4542 ad

1960 4597 2204 4643 nostram
2251 4599 2468 4656 quoque
2523 4592 2740 4639 aetatem
2799 4581 3101 4652 permansit
3154 4581 3388 4650 integra,
3436 4593 3529 4634 co-

1952 4677 2158 4734 lumnas
2209 4678 2509 4733 insistens:
2543 4675 2638 4731 sed
2676 4673 2780 4731 sub
2815 4672 3004 4728 Alexio
3047 4671 3327 4727 Comneno
3357 4669 3528 4724 vehe-

1957 4770 2160 4826 mentis
2207 4768 2355 4824 venti
2406 4768 2615 4836 impetu
2663 4765 2876 4835 deiecta
2921 4763 3165 4819 concidit
3203 4778 3218 4816 :
3261 4776 3364 4818 nec
3410 4762 3527 4831 ipsa

1960 4863 2136 4918 solum
2176 4859 2514 4916 communita
2543 4865 2647 4920 est,
2685 4856 2780 4911 sed
2813 4855 3015 4909 multos
3038 4855 3226 4919 etiam,
3275 4852 3372 4918 qui
3395 4865 3525 4907 casu

1958 4953 2072 5008 illic
2102 4959 2278 5017 erant,
2332 4949 2611 5005 contrivit.
2651 4946 2951 5002 Palladium
3000 4945 3130 4999 item
3163 4944 3326 5012 Troja
3356 4943 3413 4997 in
3439 4940 3524 4996 le-

1961 5059 2082 5097 rum
2117 5043 2396 5097 Placotum
2444 5037 2739 5092 transtulit.
2772 5036 2849 5090 lta
2875 5031 3268 5089 Constantinus
3305 5029 3526 5098 Magnus

1960 5151 2084 5192 cum
2135 5133 2257 5188 aliis
2296 5131 2485 5186 multis
2543 5129 2734 5182 urbem
2785 5125 3109 5190 adornavit,
3159 5133 3273 5177 tum
3324 5117 3526 5190 Byzan-

1963 5229 2120 5293 tium,
2167 5227 2315 5296 quod
2367 5225 2518 5293 prius
2563 5220 2809 5276 Thraciae
2862 5217 3135 5274 Heraclea:
3179 5213 3524 5285 episcopatus

1960 5325 2098 5382 erat,
2130 5331 2160 5370 a
2188 5315 2390 5370 Severo
2429 5310 2725 5367 Perintbiis
2767 5315 2890 5379 post
2931 5306 3303 5377 captivitatem
3336 5298 3523 5370 subje-

1472 5469 1669 5534 ναίω
1711 5472 2014 5536 lectiones
2057 5480 2119 5534 et
2149 5477 2338 5533 notae.

373 5607 487 5684 (ιι)
512 5608 681 5684 Δίων.
715 5607 888 5680 Cujus
910 5606 1080 5666 verba
1111 5606 1474 5676 expendimus
1522 5611 1578 5667 in
1625 5613 1868 5684 Byzantii

296 5676 694 5742 descriptione.

2049 5609 2162 5691 (ιδ)
2193 5607 2422 5691 θώρακες
2460 5607 2740 5691 Eurorum.
2768 5597 3525 5691 ξρεὶεξι,,Χυὶςὲἔίὶτξὶνξξιέε-

1976 5670 2084 5748 que
2112 5670 2191 5736 sic
2213 5670 2651 5742 rnicndavimus,
2689 5676 2781 5730 ubi
2807 5672 3038 5731 Wolﬁus
3061 5670 3206 5739 frons
3235 5674 3502 5723 verterat.
