  <div class='ocr_page' id='page_1' title='image "/cluster/home/n/w/nwhite01/storage/ocr_20150623/134/hvd.32044073502510/568.png"; bbox 0 0 3904 6204; ppageno 0'>
   <div class='ocr_carea' id='block_1_1' title="bbox 205 285 348 350">
    <p class='ocr_par' dir='ltr' id='par_1_1' title="bbox 205 285 348 350">
     <span class='ocr_line' id='line_1_1' title="bbox 205 285 348 350; baseline 0.007 -1"><span class='ocrx_word' id='word_1_1' title='bbox 205 285 348 350; x_wconf 71' lang='grc'><strong>1121</strong></span> 
     </span>
    </p>
   </div>
   <div class='ocr_carea' id='block_1_2' title="bbox 1435 292 2243 356">
    <p class='ocr_par' dir='ltr' id='par_1_2' title="bbox 1435 292 2243 356">
     <span class='ocr_line' id='line_1_2' title="bbox 1435 292 2243 356; baseline 0.006 -5"><span class='ocrx_word' id='word_1_2' title='bbox 1435 292 1839 356; x_wconf 76' lang='lat' dir='ltr'><strong>ANNALIUM</strong></span> <span class='ocrx_word' id='word_1_3' title='bbox 1882 297 2032 354; x_wconf 86' lang='lat' dir='ltr'><strong>LIB.</strong></span> <span class='ocrx_word' id='word_1_4' title='bbox 2072 297 2243 356; x_wconf 83' lang='lat' dir='ltr'><strong>XIII.</strong></span> 
     </span>
    </p>
   </div>
   <div class='ocr_carea' id='block_1_3' title="bbox 3309 299 3447 365">
    <p class='ocr_par' dir='ltr' id='par_1_3' title="bbox 3309 299 3447 365">
     <span class='ocr_line' id='line_1_3' title="bbox 3309 299 3447 365; baseline 0.014 -2"><span class='ocrx_word' id='word_1_5' title='bbox 3309 299 3447 365; x_wconf 79' lang='lat'><strong>112-2</strong></span> 
     </span>
    </p>
   </div>
   <div class='ocr_carea' id='block_1_4' title="bbox 197 397 1760 477">
    <p class='ocr_par' dir='ltr' id='par_1_4' title="bbox 197 397 1760 473">
     <span class='ocr_line' id='line_1_4' title="bbox 197 397 1760 473; baseline 0.005 -23"><span class='ocrx_word' id='word_1_6' title='bbox 197 397 497 470; x_wconf 61' lang='lat' dir='ltr'><strong>concive»:</strong></span> <span class='ocrx_word' id='word_1_7' title='bbox 539 398 634 453; x_wconf 76' lang='grc' dir='ltr'>καὶ</span> <span class='ocrx_word' id='word_1_8' title='bbox 670 401 904 471; x_wconf 80' lang='grc' dir='ltr'>ἀπηνὴς,</span> <span class='ocrx_word' id='word_1_9' title='bbox 958 400 1253 456; x_wconf 81' lang='grc' dir='ltr'>κάντεῦθεν</span> <span class='ocrx_word' id='word_1_10' title='bbox 1305 404 1628 473; x_wconf 77' lang='grc' dir='ltr'><strong>μισούμενος</strong></span> <span class='ocrx_word' id='word_1_11' title='bbox 1678 406 1760 458; x_wconf 72' lang='grc' dir='ltr'>ύπὲ</span> 
     </span>
    </p>
   </div>
   <div class='ocr_carea' id='block_1_5' title="bbox 1868 397 3443 477">
    <p class='ocr_par' dir='ltr' id='par_1_5' title="bbox 1883 407 3443 477">
     <span class='ocr_line' id='line_1_5' title="bbox 1883 407 3443 477; baseline 0.005 -17"><span class='ocrx_word' id='word_1_12' title='bbox 1883 407 2090 461; x_wconf 80' lang='lat' dir='ltr'><strong>Deinde</strong></span> <span class='ocrx_word' id='word_1_13' title='bbox 2146 422 2282 460; x_wconf 84' lang='lat' dir='ltr'><strong>uxor</strong></span> <span class='ocrx_word' id='word_1_14' title='bbox 2324 409 2445 477; x_wconf 80' lang='lat' dir='ltr'><strong>ejus</strong></span> <span class='ocrx_word' id='word_1_15' title='bbox 2495 407 2821 462; x_wconf 71' lang='lat' dir='ltr'><strong>custodibus</strong></span> <span class='ocrx_word' id='word_1_16' title='bbox 2875 411 3158 477; x_wconf 84' lang='lat' dir='ltr'><strong>epiparam</strong></span> <span class='ocrx_word' id='word_1_17' title='bbox 3225 425 3443 468; x_wconf 84' lang='lat' dir='ltr'><strong>coenam</strong></span> 
     </span>
    </p>
   </div>
   <div class='ocr_carea' id='block_1_6' title="bbox 199 487 1778 563">
    <p class='ocr_par' dir='ltr' id='par_1_6' title="bbox 199 487 1778 563">
     <span class='ocr_line' id='line_1_6' title="bbox 199 487 1778 563; baseline 0.004 -24"><span class='ocrx_word' id='word_1_18' title='bbox 199 487 321 540; x_wconf 83' lang='grc' dir='ltr'>τῶν</span> <span class='ocrx_word' id='word_1_19' title='bbox 371 489 593 558; x_wconf 79' lang='grc' dir='ltr'>Περσῶν</span> <span class='ocrx_word' id='word_1_20' title='bbox 652 489 751 557; x_wconf 84' lang='grc' dir='ltr'>τῆς</span> <span class='ocrx_word' id='word_1_21' title='bbox 783 490 1067 559; x_wconf 70' lang='grc' dir='ltr'><strong>βασιλείας</strong></span> <span class='ocrx_word' id='word_1_22' title='bbox 1113 493 1492 546; x_wconf 75' lang='grc' dir='ltr'>ἐκπέπτωκεν.</span> <span class='ocrx_word' id='word_1_23' title='bbox 1526 494 1778 563; x_wconf 83' lang='grc' dir='ltr'>Είρήσθω</span> 
     </span>
    </p>
   </div>
   <div class='ocr_carea' id='block_1_7' title="bbox 195 574 1774 650">
    <p class='ocr_par' dir='ltr' id='par_1_7' title="bbox 195 574 1774 650">
     <span class='ocr_line' id='line_1_7' title="bbox 195 574 1774 650; baseline 0.003 -22"><span class='ocrx_word' id='word_1_24' title='bbox 195 574 262 628; x_wconf 72' lang='grc' dir='ltr'><strong>δέ</strong></span> <span class='ocrx_word' id='word_1_25' title='bbox 288 591 344 629; x_wconf 79' lang='grc' dir='ltr'><strong>τι</strong></span> <span class='ocrx_word' id='word_1_26' title='bbox 371 577 465 629; x_wconf 77' lang='grc' dir='ltr'>καὶ</span> <span class='ocrx_word' id='word_1_27' title='bbox 493 577 593 645; x_wconf 81' lang='grc' dir='ltr'>τῆς</span> <span class='ocrx_word' id='word_1_28' title='bbox 622 578 832 631; x_wconf 83' lang='grc' dir='ltr'>ἐκείνου</span> <span class='ocrx_word' id='word_1_29' title='bbox 854 580 1142 650; x_wconf 82' lang='grc' dir='ltr'>γνωμικῆς</span> <span class='ocrx_word' id='word_1_30' title='bbox 1163 580 1444 650; x_wconf 80' lang='grc' dir='ltr'><strong>ὠμότητος</strong></span> <span class='ocrx_word' id='word_1_31' title='bbox 1466 580 1774 650; x_wconf 82' lang='grc' dir='ltr'>γνώρισμα.</span> 
     </span>
    </p>
   </div>
   <div class='ocr_carea' id='block_1_8' title="bbox 195 665 1779 740">
    <p class='ocr_par' dir='ltr' id='par_1_8' title="bbox 195 665 1779 740">
     <span class='ocr_line' id='line_1_8' title="bbox 195 665 1779 740; baseline 0.004 -24"><span class='ocrx_word' id='word_1_32' title='bbox 195 665 388 736; x_wconf 79' lang='grc' dir='ltr'>Σκηνή</span> <span class='ocrx_word' id='word_1_33' title='bbox 424 683 555 720; x_wconf 80' lang='grc' dir='ltr'>ποτε</span> <span class='ocrx_word' id='word_1_34' title='bbox 594 668 672 735; x_wconf 78' lang='grc' dir='ltr'>τῷ</span> <span class='ocrx_word' id='word_1_35' title='bbox 708 669 878 738; x_wconf 75' lang='grc' dir='ltr'>πατρὶ</span> <span class='ocrx_word' id='word_1_36' title='bbox 925 670 1089 722; x_wconf 81' lang='grc' dir='ltr'>αὑτοῦ</span> <span class='ocrx_word' id='word_1_37' title='bbox 1135 670 1454 740; x_wconf 77' lang='grc' dir='ltr'><strong>διεκομίσθη</strong></span> <span class='ocrx_word' id='word_1_38' title='bbox 1501 671 1575 722; x_wconf 73' lang='grc' dir='ltr'>ἐκ</span> <span class='ocrx_word' id='word_1_39' title='bbox 1603 670 1779 724; x_wconf 79' lang='grc' dir='ltr'>Βαϐυ-</span> 
     </span>
    </p>
   </div>
   <div class='ocr_carea' id='block_1_9' title="bbox 197 754 1778 832">
    <p class='ocr_par' dir='ltr' id='par_1_9' title="bbox 197 754 1778 832">
     <span class='ocr_line' id='line_1_9' title="bbox 197 754 1778 832; baseline 0.005 -25"><span class='ocrx_word' id='word_1_40' title='bbox 197 754 396 821; x_wconf 84' lang='grc' dir='ltr'>λῶνος,</span> <span class='ocrx_word' id='word_1_41' title='bbox 445 757 712 827; x_wconf 86' lang='grc' dir='ltr'>δέρμασιν</span> <span class='ocrx_word' id='word_1_42' title='bbox 744 759 1034 831; x_wconf 73' lang='grc' dir='ltr'><strong>ἐγχωρίοις</strong></span> <span class='ocrx_word' id='word_1_43' title='bbox 1073 762 1184 832; x_wconf 70' lang='grc'><strong>(54)</strong></span> <span class='ocrx_word' id='word_1_44' title='bbox 1235 761 1628 829; x_wconf 81' lang='grc' dir='ltr'><strong>ποικιλώτερον</strong></span> <span class='ocrx_word' id='word_1_45' title='bbox 1663 765 1778 831; x_wconf 88' lang='grc' dir='ltr'>είρ-</span> 
     </span>
    </p>
   </div>
   <div class='ocr_carea' id='block_1_10' title="bbox 193 847 1777 924">
    <p class='ocr_par' dir='ltr' id='par_1_10' title="bbox 193 847 1777 924">
     <span class='ocr_line' id='line_1_10' title="bbox 193 847 1777 924; baseline 0.004 -24"><span class='ocrx_word' id='word_1_46' title='bbox 193 849 478 918; x_wconf 83' lang='grc' dir='ltr'>γασμένη.</span> <span class='ocrx_word' id='word_1_47' title='bbox 514 849 731 920; x_wconf 87' lang='grc' dir='ltr'>Ταύτην</span> <span class='ocrx_word' id='word_1_48' title='bbox 774 847 870 904; x_wconf 77' lang='grc' dir='ltr'>οὖν</span> <span class='ocrx_word' id='word_1_49' title='bbox 906 853 1233 906; x_wconf 79' lang='grc' dir='ltr'>ὲκταθείσαν</span> <span class='ocrx_word' id='word_1_50' title='bbox 1275 853 1400 922; x_wconf 77' lang='grc' dir='ltr'>ἄρτι</span> <span class='ocrx_word' id='word_1_51' title='bbox 1446 853 1716 924; x_wconf 83' lang='grc' dir='ltr'>θεώμενος</span> <span class='ocrx_word' id='word_1_52' title='bbox 1748 857 1777 908; x_wconf 84' lang='grc' dir='ltr'>ὁ</span> 
     </span>
    </p>
   </div>
   <div class='ocr_carea' id='block_1_11' title="bbox 193 939 1776 1014">
    <p class='ocr_par' dir='ltr' id='par_1_11' title="bbox 193 939 1776 1014">
     <span class='ocr_line' id='line_1_11' title="bbox 193 939 1776 1014; baseline 0.004 -23"><span class='ocrx_word' id='word_1_53' title='bbox 193 940 431 1008; x_wconf 82' lang='grc' dir='ltr'>Ναρσῆς</span> <span class='ocrx_word' id='word_1_54' title='bbox 462 939 713 1011; x_wconf 77' lang='grc' dir='ltr'>ἠρώτησε</span> <span class='ocrx_word' id='word_1_55' title='bbox 747 941 840 995; x_wconf 80' lang='grc' dir='ltr'><strong>τὸν</strong></span> <span class='ocrx_word' id='word_1_56' title='bbox 875 941 1210 1014; x_wconf 80' lang='grc' dir='ltr'>’Λδανάρσην</span> <span class='ocrx_word' id='word_1_57' title='bbox 1246 944 1402 1014; x_wconf 73' lang='grc'><strong>(54⁸),</strong></span> <span class='ocrx_word' id='word_1_58' title='bbox 1437 945 1648 998; x_wconf 77' lang='grc' dir='ltr'><strong>παιδίον</strong></span> <span class='ocrx_word' id='word_1_59' title='bbox 1694 946 1776 998; x_wconf 73' lang='grc' dir='ltr'>ἔτι</span> 
     </span>
    </p>
   </div>
   <div class='ocr_carea' id='block_1_12' title="bbox 192 1031 1778 1106">
    <p class='ocr_par' dir='ltr' id='par_1_12' title="bbox 192 1031 1778 1106">
     <span class='ocr_line' id='line_1_12' title="bbox 192 1031 1778 1106; baseline 0.006 -25"><span class='ocrx_word' id='word_1_60' title='bbox 192 1031 557 1099; x_wconf 78' lang='grc' dir='ltr'><strong>τυγχάνοντα,</strong></span> <span class='ocrx_word' id='word_1_61' title='bbox 582 1034 630 1084; x_wconf 84' lang='grc' dir='ltr'><strong>εί</strong></span> <span class='ocrx_word' id='word_1_62' title='bbox 675 1034 900 1102; x_wconf 76' lang='grc' dir='ltr'>ἀρέσκει</span> <span class='ocrx_word' id='word_1_63' title='bbox 937 1035 1086 1104; x_wconf 81' lang='grc' dir='ltr'>αὐτῷ</span> <span class='ocrx_word' id='word_1_64' title='bbox 1127 1037 1160 1105; x_wconf 82' lang='grc' dir='ltr'>ἡ</span> <span class='ocrx_word' id='word_1_65' title='bbox 1213 1037 1383 1106; x_wconf 88' lang='grc' dir='ltr'>σκηνή</span> <span class='ocrx_word' id='word_1_66' title='bbox 1413 1054 1428 1102; x_wconf 88' lang='grc'>;</span> <span class='ocrx_word' id='word_1_67' title='bbox 1469 1037 1528 1089; x_wconf 92' lang='lat'><strong>&#39;0</strong></span> <span class='ocrx_word' id='word_1_68' title='bbox 1551 1036 1609 1088; x_wconf 74' lang='grc' dir='ltr'>δὲ</span> <span class='ocrx_word' id='word_1_69' title='bbox 1642 1038 1778 1090; x_wconf 81' lang='grc' dir='ltr'>ἀπε-</span> 
     </span>
    </p>
   </div>
   <div class='ocr_carea' id='block_1_13' title="bbox 190 1121 1776 1196">
    <p class='ocr_par' dir='ltr' id='par_1_13' title="bbox 190 1121 1776 1196">
     <span class='ocr_line' id='line_1_13' title="bbox 190 1121 1776 1196; baseline 0.007 -25"><span class='ocrx_word' id='word_1_70' title='bbox 190 1121 464 1190; x_wconf 87' lang='grc' dir='ltr'>κρίνατο·</span> <span class='ocrx_word' id='word_1_71' title='bbox 519 1126 590 1177; x_wconf 83' lang='grc' dir='ltr'>Εί</span> <span class='ocrx_word' id='word_1_72' title='bbox 648 1126 939 1192; x_wconf 82' lang='grc' dir='ltr'><strong>κρατήσει</strong></span> <span class='ocrx_word' id='word_1_73' title='bbox 983 1126 1094 1195; x_wconf 81' lang='grc' dir='ltr'>τῆς</span> <span class='ocrx_word' id='word_1_74' title='bbox 1133 1129 1480 1193; x_wconf 74' lang='grc' dir='ltr'><strong>βασιλείας,</strong></span> <span class='ocrx_word' id='word_1_75' title='bbox 1533 1129 1776 1196; x_wconf 81' lang='grc' dir='ltr'><strong>κρείττω</strong></span> 
     </span>
    </p>
   </div>
   <div class='ocr_carea' id='block_1_14' title="bbox 189 1213 1770 1290">
    <p class='ocr_par' dir='ltr' id='par_1_14' title="bbox 189 1213 1770 1290">
     <span class='ocr_line' id='line_1_14' title="bbox 189 1213 1770 1290; baseline 0.006 -26"><span class='ocrx_word' id='word_1_76' title='bbox 189 1213 424 1280; x_wconf 79' lang='grc' dir='ltr'><em>ταύτης</em></span> <span class='ocrx_word' id='word_1_77' title='bbox 459 1214 738 1281; x_wconf 82' lang='grc' dir='ltr'><strong>ποιήσειν</strong></span> <span class='ocrx_word' id='word_1_78' title='bbox 777 1217 850 1271; x_wconf 61' lang='grc' dir='ltr'><strong>ἐξ</strong></span> <span class='ocrx_word' id='word_1_79' title='bbox 906 1219 1233 1286; x_wconf 78' lang='grc' dir='ltr'>ἀνθρώπων</span> <span class='ocrx_word' id='word_1_80' title='bbox 1262 1218 1461 1285; x_wconf 84' lang='grc' dir='ltr'>δορᾶς.</span> <span class='ocrx_word' id='word_1_81' title='bbox 1491 1220 1648 1273; x_wconf 85' lang='grc' dir='ltr'><strong>Οὕτω</strong></span> <span class='ocrx_word' id='word_1_82' title='bbox 1675 1238 1770 1290; x_wconf 83' lang='grc' dir='ltr'>νη-</span> 
     </span>
    </p>
   </div>
   <div class='ocr_carea' id='block_1_15' title="bbox 192 1301 1773 1376">
    <p class='ocr_par' dir='ltr' id='par_1_15' title="bbox 192 1301 1773 1376">
     <span class='ocr_line' id='line_1_15' title="bbox 192 1301 1773 1376; baseline 0.006 -24"><span class='ocrx_word' id='word_1_83' title='bbox 192 1301 392 1354; x_wconf 83' lang='grc' dir='ltr'>πιόθεν</span> <span class='ocrx_word' id='word_1_84' title='bbox 435 1304 692 1372; x_wconf 76' lang='grc' dir='ltr'>ἐνέφαινε</span> <span class='ocrx_word' id='word_1_85' title='bbox 736 1305 833 1376; x_wconf 79' lang='grc' dir='ltr'><strong>τὴν</strong></span> <span class='ocrx_word' id='word_1_86' title='bbox 875 1306 1154 1376; x_wconf 85' lang='grc' dir='ltr'>ὠμότητα.</span> <span class='ocrx_word' id='word_1_87' title='bbox 1191 1309 1392 1362; x_wconf 85' lang='grc' dir='ltr'>Τούτου</span> <span class='ocrx_word' id='word_1_88' title='bbox 1421 1309 1603 1361; x_wconf 80' lang='grc' dir='ltr'>τοίνυν</span> <span class='ocrx_word' id='word_1_89' title='bbox 1630 1307 1773 1361; x_wconf 70' lang='grc' dir='ltr'>οὕτω</span> 
     </span>
    </p>
   </div>
   <div class='ocr_carea' id='block_1_16' title="bbox 190 1393 1770 1470">
    <p class='ocr_par' dir='ltr' id='par_1_16' title="bbox 190 1393 1770 1470">
     <span class='ocr_line' id='line_1_16' title="bbox 190 1393 1770 1470; baseline 0.005 -25"><span class='ocrx_word' id='word_1_90' title='bbox 190 1394 294 1460; x_wconf 77' lang='grc' dir='ltr'>τῆς</span> <span class='ocrx_word' id='word_1_91' title='bbox 337 1393 615 1462; x_wconf 73' lang='grc' dir='ltr'><strong>βασιλείας</strong></span> <span class='ocrx_word' id='word_1_92' title='bbox 645 1397 1087 1463; x_wconf 73' lang='grc' dir='ltr'><strong>ἐκπεπτωκότας,</strong></span> <span class='ocrx_word' id='word_1_93' title='bbox 1125 1401 1398 1469; x_wconf 86' lang='grc' dir='ltr'>Σαπὼρης</span> <span class='ocrx_word' id='word_1_94' title='bbox 1437 1401 1518 1461; x_wconf 84' lang='grc' dir='ltr'><strong>εἰς</strong></span> <span class='ocrx_word' id='word_1_95' title='bbox 1550 1400 1647 1470; x_wconf 81' lang='grc' dir='ltr'>τὴν</span> <span class='ocrx_word' id='word_1_96' title='bbox 1676 1403 1770 1470; x_wconf 86' lang='grc' dir='ltr'><strong>ἁρ-</strong></span> 
     </span>
    </p>
   </div>
   <div class='ocr_carea' id='block_1_17' title="bbox 192 1482 1772 1561">
    <p class='ocr_par' dir='ltr' id='par_1_17' title="bbox 192 1482 1772 1561">
     <span class='ocr_line' id='line_1_17' title="bbox 192 1482 1772 1561; baseline 0.006 -27"><span class='ocrx_word' id='word_1_97' title='bbox 192 1482 301 1553; x_wconf 82' lang='grc' dir='ltr'>χὴν</span> <span class='ocrx_word' id='word_1_98' title='bbox 342 1485 687 1555; x_wconf 82' lang='grc' dir='ltr'>ἀντεισῆκτο.</span> <span class='ocrx_word' id='word_1_99' title='bbox 726 1489 837 1542; x_wconf 77' lang='grc' dir='ltr'><strong>Καὶ</strong></span> <span class='ocrx_word' id='word_1_100' title='bbox 865 1491 923 1552; x_wconf 86' lang='grc' dir='ltr'>ὃς</span> <span class='ocrx_word' id='word_1_101' title='bbox 953 1491 1115 1552; x_wconf 79' lang='grc' dir='ltr'>εὐθὺς</span> <span class='ocrx_word' id='word_1_102' title='bbox 1152 1492 1246 1544; x_wconf 69' lang='grc' dir='ltr'>τὸν</span> <span class='ocrx_word' id='word_1_103' title='bbox 1297 1491 1396 1561; x_wconf 84' lang='grc' dir='ltr'>μὲν</span> <span class='ocrx_word' id='word_1_104' title='bbox 1431 1491 1618 1560; x_wconf 78' lang='grc' dir='ltr'>ἕτερον</span> <span class='ocrx_word' id='word_1_105' title='bbox 1664 1491 1772 1543; x_wconf 85' lang='grc' dir='ltr'>τῶν</span> 
     </span>
    </p>
   </div>
   <div class='ocr_carea' id='block_1_18' title="bbox 185 1577 1768 1654">
    <p class='ocr_par' dir='ltr' id='par_1_18' title="bbox 185 1577 1768 1654">
     <span class='ocr_line' id='line_1_18' title="bbox 185 1577 1768 1654; baseline 0.006 -28"><span class='ocrx_word' id='word_1_106' title='bbox 185 1577 448 1647; x_wconf 81' lang='grc' dir='ltr'>ἀδελφῶν</span> <span class='ocrx_word' id='word_1_107' title='bbox 501 1580 841 1650; x_wconf 75' lang='grc' dir='ltr'>ὲξετύφλωσε</span> <span class='ocrx_word' id='word_1_108' title='bbox 865 1601 882 1619; x_wconf 77' lang='grc' dir='ltr'><strong>ο</strong></span> <span class='ocrx_word' id='word_1_109' title='bbox 930 1585 1022 1638; x_wconf 85' lang='grc' dir='ltr'>τὸν</span> <span class='ocrx_word' id='word_1_110' title='bbox 1062 1585 1359 1654; x_wconf 88' lang='grc' dir='ltr'>Ὀρμίσδαν</span> <span class='ocrx_word' id='word_1_111' title='bbox 1394 1583 1451 1637; x_wconf 76' lang='grc' dir='ltr'>δὲ</span> <span class='ocrx_word' id='word_1_112' title='bbox 1493 1585 1768 1654; x_wconf 84' lang='grc' dir='ltr'>δεσμήσας</span> 
     </span>
    </p>
   </div>
   <div class='ocr_carea' id='block_1_19' title="bbox 1880 498 3442 568">
    <p class='ocr_par' dir='ltr' id='par_1_19' title="bbox 1880 498 3442 568">
     <span class='ocr_line' id='line_1_19' title="bbox 1880 498 3442 568; baseline 0.006 -18"><span class='ocrx_word' id='word_1_113' title='bbox 1880 499 2127 566; x_wconf 86' lang='lat' dir='ltr'><strong>apponit.</strong></span> <span class='ocrx_word' id='word_1_114' title='bbox 2161 498 2242 552; x_wconf 85' lang='lat' dir='ltr'><strong>Illi</strong></span> <span class='ocrx_word' id='word_1_115' title='bbox 2273 509 2330 552; x_wconf 93' lang='lat' dir='ltr'><strong>et</strong></span> <span class='ocrx_word' id='word_1_116' title='bbox 2365 499 2544 567; x_wconf 79' lang='lat' dir='ltr'><strong>epulis</strong></span> <span class='ocrx_word' id='word_1_117' title='bbox 2575 499 2825 562; x_wconf 86' lang='lat' dir='ltr'><strong>distenti,</strong></span> <span class='ocrx_word' id='word_1_118' title='bbox 2859 509 2915 554; x_wconf 91' lang='lat' dir='ltr'><strong>et</strong></span> <span class='ocrx_word' id='word_1_119' title='bbox 2961 517 3113 554; x_wconf 91' lang='lat' dir='ltr'><strong>mero</strong></span> <span class='ocrx_word' id='word_1_120' title='bbox 3146 504 3352 568; x_wconf 89' lang='lat' dir='ltr'><strong>obruti,</strong></span> <span class='ocrx_word' id='word_1_121' title='bbox 3387 507 3442 559; x_wconf 90' lang='lat' dir='ltr'><strong>in</strong></span> 
     </span>
    </p>
   </div>
   <div class='ocr_carea' id='block_1_20' title="bbox 1879 586 3444 656">
    <p class='ocr_par' dir='ltr' id='par_1_20' title="bbox 1879 586 3444 656">
     <span class='ocr_line' id='line_1_20' title="bbox 1879 586 3444 656; baseline 0.005 -17"><span class='ocrx_word' id='word_1_122' title='bbox 1879 586 2214 655; x_wconf 85' lang='lat' dir='ltr'><strong>profundum</strong></span> <span class='ocrx_word' id='word_1_123' title='bbox 2245 603 2496 641; x_wconf 89' lang='lat' dir='ltr'><strong>somnum</strong></span> <span class='ocrx_word' id='word_1_124' title='bbox 2540 588 2892 644; x_wconf 87' lang='lat' dir='ltr'><strong>delabuntur.</strong></span> <span class='ocrx_word' id='word_1_125' title='bbox 2917 588 3130 656; x_wconf 81' lang='lat' dir='ltr'><strong>Quibus</strong></span> <span class='ocrx_word' id='word_1_126' title='bbox 3164 591 3444 647; x_wconf 81' lang='lat' dir='ltr'><strong>dormien-</strong></span> 
     </span>
    </p>
   </div>
   <div class='ocr_carea' id='block_1_21' title="bbox 1881 675 3448 749">
    <p class='ocr_par' dir='ltr' id='par_1_21' title="bbox 1881 675 3448 749">
     <span class='ocr_line' id='line_1_21' title="bbox 1881 675 3448 749; baseline 0.006 -21"><span class='ocrx_word' id='word_1_127' title='bbox 1881 675 2048 741; x_wconf 87' lang='lat' dir='ltr'><strong>tibus,</strong></span> <span class='ocrx_word' id='word_1_128' title='bbox 2097 677 2415 732; x_wconf 86' lang='lat' dir='ltr'><strong>llormisdas</strong></span> <span class='ocrx_word' id='word_1_129' title='bbox 2457 687 2514 731; x_wconf 91' lang='lat' dir='ltr'><strong>et</strong></span> <span class='ocrx_word' id='word_1_130' title='bbox 2555 679 2773 734; x_wconf 85' lang='lat' dir='ltr'><strong>vincula</strong></span> <span class='ocrx_word' id='word_1_131' title='bbox 2824 680 3049 749; x_wconf 89' lang='lat' dir='ltr'><strong>rumpit,</strong></span> <span class='ocrx_word' id='word_1_132' title='bbox 3111 693 3166 736; x_wconf 83' lang='lat' dir='ltr'><strong>et</strong></span> <span class='ocrx_word' id='word_1_133' title='bbox 3219 683 3448 737; x_wconf 88' lang='lat' dir='ltr'><strong>castello</strong></span> 
     </span>
    </p>
   </div>
   <div class='ocr_carea' id='block_1_22' title="bbox 1878 767 3445 842">
    <p class='ocr_par' dir='ltr' id='par_1_22' title="bbox 1878 767 3445 842">
     <span class='ocr_line' id='line_1_22' title="bbox 1878 767 3445 842; baseline 0.004 -20"><span class='ocrx_word' id='word_1_134' title='bbox 1878 767 2116 836; x_wconf 89' lang='lat' dir='ltr'><strong>elapsus,</strong></span> <span class='ocrx_word' id='word_1_135' title='bbox 2150 784 2179 821; x_wconf 87' lang='lat' dir='ltr'><strong>a</strong></span> <span class='ocrx_word' id='word_1_136' title='bbox 2209 767 2470 822; x_wconf 80' lang='lat' dir='ltr'><strong>Romanis</strong></span> <span class='ocrx_word' id='word_1_137' title='bbox 2517 769 3074 826; x_wconf 78' lang='lat' dir='ltr'><strong>honoriﬁcentissime</strong></span> <span class='ocrx_word' id='word_1_138' title='bbox 3126 775 3445 842; x_wconf 85' lang='lat' dir='ltr'><strong>suscipitur.</strong></span> 
     </span>
    </p>
   </div>
   <div class='ocr_carea' id='block_1_23' title="bbox 1878 858 3444 929">
    <p class='ocr_par' dir='ltr' id='par_1_23' title="bbox 1878 858 3444 929">
     <span class='ocr_line' id='line_1_23' title="bbox 1878 858 3444 929; baseline 0.004 -17"><span class='ocrx_word' id='word_1_139' title='bbox 1878 859 1947 912; x_wconf 82' lang='lat' dir='ltr'><strong>At</strong></span> <span class='ocrx_word' id='word_1_140' title='bbox 1981 859 2158 928; x_wconf 89' lang='lat' dir='ltr'><strong>Sapor</strong></span> <span class='ocrx_word' id='word_1_141' title='bbox 2185 858 2312 929; x_wconf 78' lang='lat' dir='ltr'><strong>fuga</strong></span> <span class='ocrx_word' id='word_1_142' title='bbox 2336 862 2456 929; x_wconf 70' lang='lat' dir='ltr'><strong>eius</strong></span> <span class='ocrx_word' id='word_1_143' title='bbox 2485 861 2657 914; x_wconf 65' lang='lat' dir='ltr'><strong>lastari</strong></span> <span class='ocrx_word' id='word_1_144' title='bbox 2691 876 2750 915; x_wconf 89' lang='lat' dir='ltr'><strong>se</strong></span> <span class='ocrx_word' id='word_1_145' title='bbox 2787 863 3137 926; x_wconf 90' lang='lat' dir='ltr'><strong>ostendebat,</strong></span> <span class='ocrx_word' id='word_1_146' title='bbox 3189 875 3250 918; x_wconf 89' lang='lat' dir='ltr'><strong>ut</strong></span> <span class='ocrx_word' id='word_1_147' title='bbox 3292 878 3444 921; x_wconf 89' lang='lat' dir='ltr'><strong>metu</strong></span> 
     </span>
    </p>
   </div>
   <div class='ocr_carea' id='block_1_24' title="bbox 1877 951 3446 1020">
    <p class='ocr_par' dir='ltr' id='par_1_24' title="bbox 1877 951 3446 1020">
     <span class='ocr_line' id='line_1_24' title="bbox 1877 951 3446 1020; baseline 0.005 -16"><span class='ocrx_word' id='word_1_148' title='bbox 1877 951 1946 1004; x_wconf 87' lang='lat' dir='ltr'><strong>ab</strong></span> <span class='ocrx_word' id='word_1_149' title='bbox 1976 951 2684 1020; x_wconf 70' lang='lat' dir='ltr'><strong>eo‘jmminenteliberatus.</strong></span> <span class='ocrx_word' id='word_1_150' title='bbox 2717 953 2851 1006; x_wconf 86' lang='lat' dir='ltr'><strong>Nam</strong></span> <span class='ocrx_word' id='word_1_151' title='bbox 2875 955 3120 1008; x_wconf 79' lang='lat' dir='ltr'><strong>exsulem</strong></span> <span class='ocrx_word' id='word_1_152' title='bbox 3151 971 3258 1009; x_wconf 90' lang='lat' dir='ltr'><strong>non</strong></span> <span class='ocrx_word' id='word_1_153' title='bbox 3283 959 3446 1012; x_wconf 92' lang='lat' dir='ltr'><strong>modo</strong></span> 
     </span>
    </p>
   </div>
   <div class='ocr_carea' id='block_1_25' title="bbox 1876 1041 3445 1112">
    <p class='ocr_par' dir='ltr' id='par_1_25' title="bbox 1876 1041 3445 1112">
     <span class='ocr_line' id='line_1_25' title="bbox 1876 1041 3445 1112; baseline 0.005 -18"><span class='ocrx_word' id='word_1_154' title='bbox 1876 1041 2000 1095; x_wconf 83' lang='lat' dir='ltr'><strong>dedi</strong></span> <span class='ocrx_word' id='word_1_155' title='bbox 2034 1042 2138 1096; x_wconf 78' lang='lat' dir='ltr'><strong>sibi</strong></span> <span class='ocrx_word' id='word_1_156' title='bbox 2165 1058 2273 1095; x_wconf 89' lang='lat' dir='ltr'><strong>non</strong></span> <span class='ocrx_word' id='word_1_157' title='bbox 2312 1043 2630 1112; x_wconf 80' lang='lat' dir='ltr'><strong>postulavit,</strong></span> <span class='ocrx_word' id='word_1_158' title='bbox 2656 1044 2750 1098; x_wconf 89' lang='lat' dir='ltr'><strong>sed</strong></span> <span class='ocrx_word' id='word_1_159' title='bbox 2791 1060 3017 1098; x_wconf 79' lang='lat' dir='ltr'><strong>uxorem</strong></span> <span class='ocrx_word' id='word_1_160' title='bbox 3055 1047 3222 1100; x_wconf 84' lang='lat' dir='ltr'><strong>etiam</strong></span> <span class='ocrx_word' id='word_1_161' title='bbox 3266 1048 3445 1102; x_wconf 80' lang='lat' dir='ltr'><strong>hono-</strong></span> 
     </span>
    </p>
   </div>
   <div class='ocr_carea' id='block_1_26' title="bbox 1875 1133 3446 1201">
    <p class='ocr_par' dir='ltr' id='par_1_26' title="bbox 1875 1133 3446 1201">
     <span class='ocr_line' id='line_1_26' title="bbox 1875 1133 3446 1201; baseline 0.003 -15"><span class='ocrx_word' id='word_1_162' title='bbox 1875 1133 2026 1187; x_wconf 82' lang='lat' dir='ltr'><strong>riﬁce</strong></span> <span class='ocrx_word' id='word_1_163' title='bbox 2055 1133 2119 1186; x_wconf 87' lang='lat' dir='ltr'><strong>ad</strong></span> <span class='ocrx_word' id='word_1_164' title='bbox 2145 1149 2268 1187; x_wconf 90' lang='lat' dir='ltr'><strong>eum</strong></span> <span class='ocrx_word' id='word_1_165' title='bbox 2302 1133 2471 1187; x_wconf 87' lang='lat' dir='ltr'><strong>misit.</strong></span> <span class='ocrx_word' id='word_1_166' title='bbox 2503 1135 2634 1188; x_wconf 83' lang='lat' dir='ltr'><strong>Erat</strong></span> <span class='ocrx_word' id='word_1_167' title='bbox 2659 1145 2840 1188; x_wconf 87' lang='lat' dir='ltr'><strong>autem</strong></span> <span class='ocrx_word' id='word_1_168' title='bbox 2874 1137 3212 1201; x_wconf 85' lang='lat' dir='ltr'><strong>Ilormisdas,</strong></span> <span class='ocrx_word' id='word_1_169' title='bbox 3247 1147 3301 1191; x_wconf 89' lang='lat' dir='ltr'><strong>et</strong></span> <span class='ocrx_word' id='word_1_170' title='bbox 3327 1154 3446 1191; x_wconf 70' lang='lat' dir='ltr'><strong>ma~</strong></span> 
     </span>
    </p>
   </div>
   <div class='ocr_carea' id='block_1_27' title="bbox 1875 1223 3442 1293">
    <p class='ocr_par' dir='ltr' id='par_1_27' title="bbox 1875 1223 3442 1293">
     <span class='ocr_line' id='line_1_27' title="bbox 1875 1223 3442 1293; baseline 0.002 -19"><span class='ocrx_word' id='word_1_171' title='bbox 1875 1223 1962 1291; x_wconf 84' lang='lat' dir='ltr'><strong>gni</strong></span> <span class='ocrx_word' id='word_1_172' title='bbox 2000 1223 2098 1291; x_wconf 78' lang='lat'><strong>13</strong></span> <span class='ocrx_word' id='word_1_173' title='bbox 2135 1224 2374 1282; x_wconf 90' lang='lat' dir='ltr'><strong>roboris,</strong></span> <span class='ocrx_word' id='word_1_174' title='bbox 2402 1233 2456 1277; x_wconf 86' lang='lat' dir='ltr'><strong>et</strong></span> <span class='ocrx_word' id='word_1_175' title='bbox 2481 1224 2754 1293; x_wconf 88' lang='lat' dir='ltr'><strong>jaculator</strong></span> <span class='ocrx_word' id='word_1_176' title='bbox 2777 1225 2914 1278; x_wconf 87' lang='lat' dir='ltr'><strong>adeo</strong></span> <span class='ocrx_word' id='word_1_177' title='bbox 2956 1225 3187 1293; x_wconf 89' lang='lat' dir='ltr'><strong>peritus,</strong></span> <span class='ocrx_word' id='word_1_178' title='bbox 3215 1232 3274 1277; x_wconf 93' lang='lat' dir='ltr'><strong>ut</strong></span> <span class='ocrx_word' id='word_1_179' title='bbox 3310 1226 3442 1278; x_wconf 89' lang='lat' dir='ltr'><strong>dum</strong></span> 
     </span>
    </p>
   </div>
   <div class='ocr_carea' id='block_1_28' title="bbox 1870 1311 3442 1381">
    <p class='ocr_par' dir='ltr' id='par_1_28' title="bbox 1870 1311 3442 1381">
     <span class='ocr_line' id='line_1_28' title="bbox 1870 1311 3442 1381; baseline 0.003 -19"><span class='ocrx_word' id='word_1_180' title='bbox 1870 1312 2117 1380; x_wconf 88' lang='lat' dir='ltr'><strong>jaculum</strong></span> <span class='ocrx_word' id='word_1_181' title='bbox 2159 1311 2433 1376; x_wconf 78' lang='lat' dir='ltr'><strong>vibrabat,</strong></span> <span class='ocrx_word' id='word_1_182' title='bbox 2482 1313 2827 1381; x_wconf 60' lang='lat' dir='ltr'><strong>praediceret,</strong></span> <span class='ocrx_word' id='word_1_183' title='bbox 2857 1329 2963 1381; x_wconf 90' lang='lat' dir='ltr'><strong>qua</strong></span> <span class='ocrx_word' id='word_1_184' title='bbox 3018 1322 3172 1381; x_wconf 86' lang='lat' dir='ltr'><strong>parte</strong></span> <span class='ocrx_word' id='word_1_185' title='bbox 3226 1315 3442 1368; x_wconf 82' lang='lat' dir='ltr'><strong>hostem</strong></span> 
     </span>
    </p>
   </div>
   <div class='ocr_carea' id='block_1_29' title="bbox 1874 1404 3444 1474">
    <p class='ocr_par' dir='ltr' id='par_1_29' title="bbox 1874 1404 3444 1474">
     <span class='ocr_line' id='line_1_29' title="bbox 1874 1404 3444 1474; baseline 0.002 -18"><span class='ocrx_word' id='word_1_186' title='bbox 1874 1419 2237 1472; x_wconf 83' lang='lat' dir='ltr'><strong>percussurus</strong></span> <span class='ocrx_word' id='word_1_187' title='bbox 2279 1413 2450 1458; x_wconf 88' lang='lat' dir='ltr'><strong>esset.</strong></span> <span class='ocrx_word' id='word_1_188' title='bbox 2521 1404 2620 1458; x_wconf 85' lang='lat' dir='ltr'><strong>llic</strong></span> <span class='ocrx_word' id='word_1_189' title='bbox 2664 1405 2831 1474; x_wconf 79' lang='lat' dir='ltr'><strong>igitur</strong></span> <span class='ocrx_word' id='word_1_190' title='bbox 2875 1405 3197 1459; x_wconf 83' lang='lat' dir='ltr'><strong>Constantio</strong></span> <span class='ocrx_word' id='word_1_191' title='bbox 3252 1415 3444 1459; x_wconf 87' lang='lat' dir='ltr'><strong>contra</strong></span> 
     </span>
    </p>
   </div>
   <div class='ocr_carea' id='block_1_30' title="bbox 1875 1491 3440 1564">
    <p class='ocr_par' dir='ltr' id='par_1_30' title="bbox 1875 1491 3440 1564">
     <span class='ocr_line' id='line_1_30' title="bbox 1875 1491 3440 1564; baseline 0.003 -21"><span class='ocrx_word' id='word_1_192' title='bbox 1875 1491 2166 1559; x_wconf 84' lang='lat' dir='ltr'><strong>populares</strong></span> <span class='ocrx_word' id='word_1_193' title='bbox 2215 1507 2346 1545; x_wconf 87' lang='lat' dir='ltr'><strong>suos</strong></span> <span class='ocrx_word' id='word_1_194' title='bbox 2395 1503 2558 1546; x_wconf 90' lang='lat' dir='ltr'><strong>navat</strong></span> <span class='ocrx_word' id='word_1_195' title='bbox 2622 1507 2869 1560; x_wconf 86' lang='lat' dir='ltr'><strong>operam,</strong></span> <span class='ocrx_word' id='word_1_196' title='bbox 2935 1495 3122 1548; x_wconf 89' lang='lat' dir='ltr'><strong>multis</strong></span> <span class='ocrx_word' id='word_1_197' title='bbox 3186 1495 3440 1564; x_wconf 85' lang='lat' dir='ltr'><strong>equitum</strong></span> 
     </span>
    </p>
   </div>
   <div class='ocr_carea' id='block_1_31' title="bbox 1874 1582 3440 1652">
    <p class='ocr_par' dir='ltr' id='par_1_31' title="bbox 1874 1582 3440 1652">
     <span class='ocr_line' id='line_1_31' title="bbox 1874 1582 3440 1652; baseline 0.003 -19"><span class='ocrx_word' id='word_1_198' title='bbox 1874 1582 2068 1636; x_wconf 90' lang='lat' dir='ltr'><strong>turmis</strong></span> <span class='ocrx_word' id='word_1_199' title='bbox 2119 1582 2429 1650; x_wconf 66' lang='lat' dir='ltr'><strong>praefectus.</strong></span> <span class='ocrx_word' id='word_1_200' title='bbox 2465 1583 2666 1638; x_wconf 79' lang='lat' dir='ltr'><strong>Verum</strong></span> <span class='ocrx_word' id='word_1_201' title='bbox 2718 1584 3070 1638; x_wconf 86' lang='lat' dir='ltr'><strong>Constantius</strong></span> <span class='ocrx_word' id='word_1_202' title='bbox 3118 1585 3440 1652; x_wconf 86' lang='lat' dir='ltr'><strong>imperator,</strong></span> 
     </span>
    </p>
   </div>
   <div class='ocr_carea' id='block_1_32' title="bbox 185 1665 1760 1746">
    <p class='ocr_par' dir='ltr' id='par_1_32' title="bbox 185 1665 1760 1746">
     <span class='ocr_line' id='line_1_32' title="bbox 185 1665 1760 1746; baseline 0.01 -29"><span class='ocrx_word' id='word_1_203' title='bbox 185 1665 506 1740; x_wconf 75' lang='grc' dir='ltr'>ἔμφρουρον</span> <span class='ocrx_word' id='word_1_204' title='bbox 535 1671 702 1746; x_wconf 78' lang='grc' dir='ltr'>εἶχεν.</span> <span class='ocrx_word' id='word_1_205' title='bbox 742 1676 806 1728; x_wconf 82' lang='grc' dir='ltr'>Ἠ</span> <span class='ocrx_word' id='word_1_206' title='bbox 829 1675 887 1730; x_wconf 76' lang='grc' dir='ltr'><strong>δέ</strong></span> <span class='ocrx_word' id='word_1_207' title='bbox 911 1693 975 1744; x_wconf 88' lang='grc' dir='ltr'>γε</span> <span class='ocrx_word' id='word_1_208' title='bbox 1003 1677 1186 1746; x_wconf 83' lang='grc' dir='ltr'><strong>μήτηρ</strong></span> <span class='ocrx_word' id='word_1_209' title='bbox 1208 1677 1420 1729; x_wconf 74' lang='grc' dir='ltr'>ἐκείνου</span> <span class='ocrx_word' id='word_1_210' title='bbox 1447 1677 1544 1729; x_wconf 58' lang='grc' dir='ltr'><strong>καὶ⁵</strong></span> <span class='ocrx_word' id='word_1_211' title='bbox 1569 1677 1603 1744; x_wconf 82' lang='grc' dir='ltr'><strong>ἠ</strong></span> <span class='ocrx_word' id='word_1_212' title='bbox 1630 1675 1760 1746; x_wconf 76' lang='grc' dir='ltr'>γυνὴ</span> 
     </span>
    </p>
   </div>
   <div class='ocr_carea' id='block_1_33' title="bbox 1868 1665 3440 1746">
    <p class='ocr_par' dir='ltr' id='par_1_33' title="bbox 1872 1669 3440 1743">
     <span class='ocr_line' id='line_1_33' title="bbox 1872 1669 3440 1743; baseline 0.004 -17"><span class='ocrx_word' id='word_1_213' title='bbox 1872 1688 2014 1742; x_wconf 68' lang='lat' dir='ltr'><strong>saspe</strong></span> <span class='ocrx_word' id='word_1_214' title='bbox 2074 1689 2198 1728; x_wconf 88' lang='lat' dir='ltr'><strong>cum</strong></span> <span class='ocrx_word' id='word_1_215' title='bbox 2239 1675 2425 1729; x_wconf 86' lang='lat' dir='ltr'><strong>Persis</strong></span> <span class='ocrx_word' id='word_1_216' title='bbox 2472 1669 2821 1743; x_wconf 78' lang='lat' dir='ltr'><strong>congressus,</strong></span> <span class='ocrx_word' id='word_1_217' title='bbox 2859 1675 3088 1730; x_wconf 75' lang='lat' dir='ltr'><strong>inferior</strong></span> <span class='ocrx_word' id='word_1_218' title='bbox 3131 1677 3440 1740; x_wconf 86' lang='lat' dir='ltr'><strong>recedebat,</strong></span> 
     </span>
    </p>
   </div>
   <div class='ocr_carea' id='block_1_34' title="bbox 183 1758 1760 1836">
    <p class='ocr_par' dir='ltr' id='par_1_34' title="bbox 183 1761 1760 1836">
     <span class='ocr_line' id='line_1_34' title="bbox 183 1761 1760 1836; baseline 0.004 -25"><span class='ocrx_word' id='word_1_219' title='bbox 183 1761 442 1828; x_wconf 72' lang='grc' dir='ltr'>χρήμασι</span> <span class='ocrx_word' id='word_1_220' title='bbox 475 1763 871 1834; x_wconf 78' lang='grc' dir='ltr'>δεξιωσάμεναι</span> <span class='ocrx_word' id='word_1_221' title='bbox 903 1768 1029 1830; x_wconf 85' lang='grc' dir='ltr'>τοὺς</span> <span class='ocrx_word' id='word_1_222' title='bbox 1068 1767 1359 1836; x_wconf 81' lang='grc' dir='ltr'>φρουροὺς,</span> <span class='ocrx_word' id='word_1_223' title='bbox 1401 1770 1482 1830; x_wconf 82' lang='grc' dir='ltr'><strong>εἰς</strong></span> <span class='ocrx_word' id='word_1_224' title='bbox 1537 1767 1760 1820; x_wconf 81' lang='grc' dir='ltr'>ἐπίσκε-</span> 
     </span>
    </p>
   </div>
   <div class='ocr_carea' id='block_1_35' title="bbox 1868 1758 3440 1836">
    <p class='ocr_par' dir='ltr' id='par_1_35' title="bbox 1868 1765 3440 1822">
     <span class='ocr_line' id='line_1_35' title="bbox 1868 1765 3440 1822; baseline 0.001 -3"><span class='ocrx_word' id='word_1_225' title='bbox 1868 1765 2053 1819; x_wconf 82' lang='lat' dir='ltr'><strong>amitis</strong></span> <span class='ocrx_word' id='word_1_226' title='bbox 2082 1780 2304 1820; x_wconf 84' lang='lat' dir='ltr'><strong>suorum</strong></span> <span class='ocrx_word' id='word_1_227' title='bbox 2331 1766 2546 1821; x_wconf 88' lang='lat' dir='ltr'><strong>amissis</strong></span> <span class='ocrx_word' id='word_1_228' title='bbox 2571 1783 2586 1820; x_wconf 89' lang='lat'>:</span> <span class='ocrx_word' id='word_1_229' title='bbox 2615 1767 2935 1822; x_wconf 87' lang='lat' dir='ltr'><strong>ceciderunt</strong></span> <span class='ocrx_word' id='word_1_230' title='bbox 2957 1769 3122 1821; x_wconf 89' lang='lat' dir='ltr'><strong>etiam</strong></span> <span class='ocrx_word' id='word_1_231' title='bbox 3149 1768 3440 1822; x_wconf 86' lang='lat' dir='ltr'><strong>Persarum</strong></span> 
     </span>
    </p>
   </div>
   <div class='ocr_carea' id='block_1_36' title="bbox 181 1847 1760 1930">
    <p class='ocr_par' dir='ltr' id='par_1_36' title="bbox 181 1847 1760 1930">
     <span class='ocr_line' id='line_1_36' title="bbox 181 1847 1760 1930; baseline 0.007 -30"><span class='ocrx_word' id='word_1_232' title='bbox 181 1847 283 1916; x_wconf 69' lang='grc' dir='ltr'><strong>ψιν</strong></span> <span class='ocrx_word' id='word_1_233' title='bbox 331 1851 539 1907; x_wconf 77' lang='grc' dir='ltr'>ἐκείνου</span> <span class='ocrx_word' id='word_1_234' title='bbox 588 1859 1065 1930; x_wconf 85' lang='grc' dir='ltr'>παρεχωρήθησαν</span> <span class='ocrx_word' id='word_1_235' title='bbox 1111 1860 1394 1912; x_wconf 78' lang='grc' dir='ltr'><strong>εἰσελθεῖν.</strong></span> <span class='ocrx_word' id='word_1_236' title='bbox 1449 1860 1558 1913; x_wconf 78' lang='grc' dir='ltr'><strong>Καὶ</strong></span> <span class='ocrx_word' id='word_1_237' title='bbox 1589 1859 1760 1912; x_wconf 76' lang='grc' dir='ltr'>εἰσελ-</span> 
     </span>
    </p>
   </div>
   <div class='ocr_carea' id='block_1_37' title="bbox 1868 1847 2807 1930">
    <p class='ocr_par' dir='ltr' id='par_1_37' title="bbox 1868 1857 2807 1928">
     <span class='ocr_line' id='line_1_37' title="bbox 1868 1857 2807 1928; baseline 0.004 -18"><span class='ocrx_word' id='word_1_238' title='bbox 1868 1858 2112 1926; x_wconf 90' lang='lat' dir='ltr'><strong>plurimi,</strong></span> <span class='ocrx_word' id='word_1_239' title='bbox 2135 1857 2339 1926; x_wconf 84' lang='lat' dir='ltr'><strong>Sapore</strong></span> <span class='ocrx_word' id='word_1_240' title='bbox 2358 1859 2478 1928; x_wconf 89' lang='lat' dir='ltr'><strong>ipso</strong></span> <span class='ocrx_word' id='word_1_241' title='bbox 2497 1859 2807 1914; x_wconf 87' lang='lat' dir='ltr'><strong>vulnerato.</strong></span> 
     </span>
    </p>
   </div>
   <div class='ocr_carea' id='block_1_38' title="bbox 182 1938 3442 2026">
    <p class='ocr_par' dir='ltr' id='par_1_38' title="bbox 182 1938 3442 2026">
     <span class='ocr_line' id='line_1_38' title="bbox 182 1938 3442 2026; baseline 0.004 -31"><span class='ocrx_word' id='word_1_242' title='bbox 182 1943 382 1999; x_wconf 81' lang='grc' dir='ltr'>θοῦσαι</span> <span class='ocrx_word' id='word_1_243' title='bbox 438 1938 593 2018; x_wconf 68' lang='grc' dir='ltr'>ῥίνην</span> <span class='ocrx_word' id='word_1_244' title='bbox 640 1953 755 2020; x_wconf 75' lang='lat'><strong>(35)</strong></span> <span class='ocrx_word' id='word_1_245' title='bbox 807 1953 960 2023; x_wconf 83' lang='grc' dir='ltr'>αὐτῷ</span> <span class='ocrx_word' id='word_1_246' title='bbox 1015 1956 1309 2024; x_wconf 79' lang='grc' dir='ltr'>παρέσχον,</span> <span class='ocrx_word' id='word_1_247' title='bbox 1348 1956 1435 2008; x_wconf 78' lang='grc' dir='ltr'>ἵνα</span> <span class='ocrx_word' id='word_1_248' title='bbox 1509 1954 1682 2025; x_wconf 81' lang='grc' dir='ltr'>ταύτῃ</span> <span class='ocrx_word' id='word_1_249' title='bbox 1730 1953 1802 2008; x_wconf 81' lang='grc' dir='ltr'><strong>τὰ</strong></span> <span class='ocrx_word' id='word_1_250' title='bbox 1841 1954 2065 2023; x_wconf 85' lang='grc' dir='ltr'>σιδήρεα</span> <span class='ocrx_word' id='word_1_251' title='bbox 2111 1953 2344 2024; x_wconf 79' lang='grc' dir='ltr'><strong>διακόψῃ</strong></span> <span class='ocrx_word' id='word_1_252' title='bbox 2391 1954 2587 2023; x_wconf 85' lang='grc' dir='ltr'>δεσμὰ,</span> <span class='ocrx_word' id='word_1_253' title='bbox 2658 1957 2994 2026; x_wconf 76' lang='grc' dir='ltr'>ὑποθέμεναι</span> <span class='ocrx_word' id='word_1_254' title='bbox 3042 1959 3137 2012; x_wconf 70' lang='grc' dir='ltr'>καὶ</span> <span class='ocrx_word' id='word_1_255' title='bbox 3183 1959 3284 2012; x_wconf 81' lang='grc' dir='ltr'>ὅσα</span> <span class='ocrx_word' id='word_1_256' title='bbox 3330 1957 3442 2012; x_wconf 86' lang='grc' dir='ltr'>δέοι</span> 
     </span>
    </p>
   </div>
   <div class='ocr_carea' id='block_1_39' title="bbox 188 2037 3438 2120">
    <p class='ocr_par' dir='ltr' id='par_1_39' title="bbox 188 2037 3438 2120">
     <span class='ocr_line' id='line_1_39' title="bbox 188 2037 3438 2120; baseline 0.005 -32"><span class='ocrx_word' id='word_1_257' title='bbox 188 2037 338 2103; x_wconf 85' lang='grc' dir='ltr'>μετά</span> <span class='ocrx_word' id='word_1_258' title='bbox 373 2039 550 2095; x_wconf 82' lang='grc' dir='ltr'>ταῦτα</span> <span class='ocrx_word' id='word_1_259' title='bbox 579 2048 777 2108; x_wconf 82' lang='grc' dir='ltr'>ποιεῖν,</span> <span class='ocrx_word' id='word_1_260' title='bbox 807 2045 1010 2109; x_wconf 85' lang='grc' dir='ltr'>ῐππους</span> <span class='ocrx_word' id='word_1_261' title='bbox 1057 2063 1115 2098; x_wconf 87' lang='grc' dir='ltr'>τε</span> <span class='ocrx_word' id='word_1_262' title='bbox 1148 2046 1297 2116; x_wconf 82' lang='grc' dir='ltr'><strong>αὐτῷ</strong></span> <span class='ocrx_word' id='word_1_263' title='bbox 1373 2045 1468 2099; x_wconf 76' lang='grc' dir='ltr'>καὶ</span> <span class='ocrx_word' id='word_1_264' title='bbox 1541 2046 1669 2108; x_wconf 83' lang='grc' dir='ltr'>τοὺς</span> <span class='ocrx_word' id='word_1_265' title='bbox 1745 2043 2251 2113; x_wconf 85' lang='grc' dir='ltr'>συναποδράσοντας</span> <span class='ocrx_word' id='word_1_266' title='bbox 2299 2045 2680 2114; x_wconf 81' lang='grc' dir='ltr'>έτοιμάσασαι.</span> <span class='ocrx_word' id='word_1_267' title='bbox 2771 2045 2903 2100; x_wconf 72' lang='grc' dir='ltr'>Εἶτα</span> <span class='ocrx_word' id='word_1_268' title='bbox 2951 2050 3062 2112; x_wconf 75' lang='grc' dir='ltr'>τοῖς</span> <span class='ocrx_word' id='word_1_269' title='bbox 3113 2050 3367 2120; x_wconf 72' lang='grc' dir='ltr'>φρουροῖς</span> <span class='ocrx_word' id='word_1_270' title='bbox 3404 2053 3438 2119; x_wconf 75' lang='grc' dir='ltr'>ἡ</span> 
     </span>
    </p>
   </div>
   <div class='ocr_carea' id='block_1_40' title="bbox 179 2131 3437 2208">
    <p class='ocr_par' dir='ltr' id='par_1_40' title="bbox 179 2131 3437 2208">
     <span class='ocr_line' id='line_1_40' title="bbox 179 2131 3437 2208; baseline 0.004 -28"><span class='ocrx_word' id='word_1_271' title='bbox 179 2131 404 2184; x_wconf 77' lang='grc' dir='ltr'>ἐκείνου</span> <span class='ocrx_word' id='word_1_272' title='bbox 438 2133 694 2197; x_wconf 83' lang='grc' dir='ltr'>σύνευνος</span> <span class='ocrx_word' id='word_1_273' title='bbox 723 2135 944 2192; x_wconf 77' lang='grc' dir='ltr'>δεῖπνον</span> <span class='ocrx_word' id='word_1_274' title='bbox 983 2137 1252 2207; x_wconf 75' lang='grc' dir='ltr'>παρέθετο</span> <span class='ocrx_word' id='word_1_275' title='bbox 1295 2137 1558 2206; x_wconf 82' lang='grc' dir='ltr'>δαψιλές·</span> <span class='ocrx_word' id='word_1_276' title='bbox 1605 2138 1658 2190; x_wconf 87' lang='grc' dir='ltr'>οἱ</span> <span class='ocrx_word' id='word_1_277' title='bbox 1704 2136 1760 2189; x_wconf 82' lang='grc' dir='ltr'>δὲ</span> <span class='ocrx_word' id='word_1_278' title='bbox 1798 2137 1895 2188; x_wconf 82' lang='grc' dir='ltr'>καὶ</span> <span class='ocrx_word' id='word_1_279' title='bbox 1954 2135 2263 2206; x_wconf 84' lang='grc' dir='ltr'><strong>βρωμάτων</strong></span> <span class='ocrx_word' id='word_1_280' title='bbox 2323 2136 2750 2207; x_wconf 72' lang='grc' dir='ltr'>ὶμφορηθέντες,</span> <span class='ocrx_word' id='word_1_281' title='bbox 2776 2137 2874 2191; x_wconf 82' lang='grc' dir='ltr'>καὶ</span> <span class='ocrx_word' id='word_1_282' title='bbox 2902 2137 2998 2191; x_wconf 82' lang='grc' dir='ltr'>τοῦ</span> <span class='ocrx_word' id='word_1_283' title='bbox 3027 2139 3270 2208; x_wconf 82' lang='grc' dir='ltr'>ἀκράτου</span> <span class='ocrx_word' id='word_1_284' title='bbox 3299 2143 3437 2196; x_wconf 87' lang='grc' dir='ltr'>σπά-</span> 
     </span>
    </p>
   </div>
   <div class='ocr_carea' id='block_1_41' title="bbox 185 2231 3442 2308">
    <p class='ocr_par' dir='ltr' id='par_1_41' title="bbox 185 2231 3442 2308">
     <span class='ocr_line' id='line_1_41' title="bbox 185 2231 3442 2308; baseline 0.004 -30"><span class='ocrx_word' id='word_1_285' title='bbox 185 2244 385 2292; x_wconf 83' lang='grc' dir='ltr'>σαντες</span> <span class='ocrx_word' id='word_1_286' title='bbox 439 2231 866 2305; x_wconf 84' lang='grc' dir='ltr'>ἀκρατέστερον,</span> <span class='ocrx_word' id='word_1_287' title='bbox 917 2233 1232 2304; x_wconf 74' lang='grc' dir='ltr'>ἐλήφθησαν</span> <span class='ocrx_word' id='word_1_288' title='bbox 1313 2233 1465 2303; x_wconf 79' lang='grc' dir='ltr'>ὕπνῳ</span> <span class='ocrx_word' id='word_1_289' title='bbox 1517 2232 1694 2303; x_wconf 79' lang='grc' dir='ltr'>βαρεῖ.</span> <span class='ocrx_word' id='word_1_290' title='bbox 1739 2231 1800 2286; x_wconf 80' lang='grc' dir='ltr'>Ὀ</span> <span class='ocrx_word' id='word_1_291' title='bbox 1837 2233 1884 2286; x_wconf 79' lang='grc' dir='ltr'>δ’</span> <span class='ocrx_word' id='word_1_292' title='bbox 1919 2232 2217 2302; x_wconf 87' lang='grc' dir='ltr'>Ὀρμίσδας</span> <span class='ocrx_word' id='word_1_293' title='bbox 2269 2234 2630 2304; x_wconf 83' lang='grc' dir='ltr'>κοιμωμένων</span> <span class='ocrx_word' id='word_1_294' title='bbox 2667 2234 2918 2300; x_wconf 68' lang='grc' dir='ltr'>ἐκείνων,</span> <span class='ocrx_word' id='word_1_295' title='bbox 2993 2237 3089 2289; x_wconf 77' lang='grc' dir='ltr'><strong>καὶ</strong></span> <span class='ocrx_word' id='word_1_296' title='bbox 3142 2237 3212 2290; x_wconf 85' lang='grc' dir='ltr'><strong>τά</strong></span> <span class='ocrx_word' id='word_1_297' title='bbox 3264 2238 3442 2308; x_wconf 83' lang='grc' dir='ltr'>δεσμὰ</span> 
     </span>
    </p>
   </div>
   <div class='ocr_carea' id='block_1_42' title="bbox 178 2313 3437 2406">
    <p class='ocr_par' dir='ltr' id='par_1_42' title="bbox 178 2313 3437 2406">
     <span class='ocr_line' id='line_1_42' title="bbox 178 2313 3437 2406; baseline 0.003 -35"><span class='ocrx_word' id='word_1_298' title='bbox 178 2323 251 2390; x_wconf 77' lang='grc' dir='ltr'>τῇ</span> <span class='ocrx_word' id='word_1_299' title='bbox 291 2322 415 2392; x_wconf 75' lang='grc' dir='ltr'>ῥίνη</span> <span class='ocrx_word' id='word_1_300' title='bbox 451 2321 690 2394; x_wconf 77' lang='grc' dir='ltr'>διέκοψε,</span> <span class='ocrx_word' id='word_1_301' title='bbox 738 2327 831 2378; x_wconf 81' lang='grc' dir='ltr'>καὶ</span> <span class='ocrx_word' id='word_1_302' title='bbox 871 2326 970 2395; x_wconf 83' lang='grc' dir='ltr'><strong>τῆς</strong></span> <span class='ocrx_word' id='word_1_303' title='bbox 1019 2327 1266 2396; x_wconf 79' lang='grc' dir='ltr'>φρουρᾶς</span> <span class='ocrx_word' id='word_1_304' title='bbox 1334 2321 1568 2389; x_wconf 77' lang='grc' dir='ltr'>ἐξελθὼν</span> <span class='ocrx_word' id='word_1_305' title='bbox 1636 2321 1830 2394; x_wconf 81' lang='grc' dir='ltr'>ᾣχετο,</span> <span class='ocrx_word' id='word_1_306' title='bbox 1860 2326 1962 2406; x_wconf 50' lang='grc' dir='ltr'>,καὶ</span> <span class='ocrx_word' id='word_1_307' title='bbox 2008 2323 2145 2392; x_wconf 71' lang='grc' dir='ltr'>πρὸς</span> <span class='ocrx_word' id='word_1_308' title='bbox 2201 2313 2334 2387; x_wconf 79' lang='grc' dir='ltr'>τοὺς</span> <span class='ocrx_word' id='word_1_309' title='bbox 2377 2323 2684 2394; x_wconf 85' lang='grc' dir='ltr'>Ῥωμαίους</span> <span class='ocrx_word' id='word_1_310' title='bbox 2731 2325 2964 2396; x_wconf 78' lang='grc' dir='ltr'>ἀπέδρα,</span> <span class='ocrx_word' id='word_1_311' title='bbox 3021 2326 3118 2380; x_wconf 79' lang='grc' dir='ltr'>καὶ</span> <span class='ocrx_word' id='word_1_312' title='bbox 3170 2328 3437 2400; x_wconf 78' lang='grc' dir='ltr'><strong>ὑπεδέχθη</strong></span> 
     </span>
    </p>
   </div>
   <div class='ocr_carea' id='block_1_43' title="bbox 180 2415 3439 2494">
    <p class='ocr_par' dir='ltr' id='par_1_43' title="bbox 180 2415 3439 2494">
     <span class='ocr_line' id='line_1_43' title="bbox 180 2415 3439 2494; baseline 0.002 -24"><span class='ocrx_word' id='word_1_313' title='bbox 180 2417 598 2488; x_wconf 67' lang='grc' dir='ltr'>φιλοτιμότατα.</span> <span class='ocrx_word' id='word_1_314' title='bbox 622 2421 682 2477; x_wconf 88' lang='grc'><strong>’0</strong></span> <span class='ocrx_word' id='word_1_315' title='bbox 709 2422 766 2474; x_wconf 80' lang='grc' dir='ltr'>δὲ</span> <span class='ocrx_word' id='word_1_316' title='bbox 792 2421 1060 2494; x_wconf 79' lang='grc' dir='ltr'>Σαπώρης</span> <span class='ocrx_word' id='word_1_317' title='bbox 1094 2420 1255 2492; x_wconf 73' lang='grc' dir='ltr'>ἐῴκει</span> <span class='ocrx_word' id='word_1_318' title='bbox 1279 2425 1344 2493; x_wconf 84' lang='grc' dir='ltr'><strong>τῇ</strong></span> <span class='ocrx_word' id='word_1_319' title='bbox 1405 2423 1552 2491; x_wconf 79' lang='grc' dir='ltr'>φυγῇ</span> <span class='ocrx_word' id='word_1_320' title='bbox 1614 2420 1826 2474; x_wconf 69' lang='grc' dir='ltr'>ἑκείνου</span> <span class='ocrx_word' id='word_1_321' title='bbox 1865 2419 2184 2490; x_wconf 66' lang='grc' dir='ltr'>ἐφήδεσθαι,</span> <span class='ocrx_word' id='word_1_322' title='bbox 2239 2415 2328 2474; x_wconf 76' lang='grc' dir='ltr'>οἷα</span> <span class='ocrx_word' id='word_1_323' title='bbox 2379 2420 2472 2474; x_wconf 79' lang='grc' dir='ltr'><strong>τὸν</strong></span> <span class='ocrx_word' id='word_1_324' title='bbox 2538 2420 2599 2484; x_wconf 72' lang='grc' dir='ltr'>ἐξ</span> <span class='ocrx_word' id='word_1_325' title='bbox 2652 2421 2862 2474; x_wconf 77' lang='grc' dir='ltr'>ἐκείνου</span> <span class='ocrx_word' id='word_1_326' title='bbox 2913 2422 3439 2491; x_wconf 81' lang='grc' dir='ltr'>ἀποσκευασάμενσν</span> 
     </span>
    </p>
   </div>
   <div class='ocr_carea' id='block_1_44' title="bbox 180 2513 3437 2587">
    <p class='ocr_par' dir='ltr' id='par_1_44' title="bbox 180 2513 3437 2587">
     <span class='ocr_line' id='line_1_44' title="bbox 180 2513 3437 2587; baseline 0.001 -23"><span class='ocrx_word' id='word_1_327' title='bbox 180 2513 372 2580; x_wconf 68' lang='grc' dir='ltr'>φόϐον,</span> <span class='ocrx_word' id='word_1_328' title='bbox 415 2515 475 2567; x_wconf 83' lang='grc' dir='ltr'><strong>ού</strong></span> <span class='ocrx_word' id='word_1_329' title='bbox 521 2517 684 2584; x_wconf 89' lang='grc' dir='ltr'>μόνον</span> <span class='ocrx_word' id='word_1_330' title='bbox 727 2516 1014 2587; x_wconf 73' lang='grc' dir='ltr'>ἐκδοθῆναι</span> <span class='ocrx_word' id='word_1_331' title='bbox 1050 2521 1098 2569; x_wconf 78' lang='grc' dir='ltr'>οἱ</span> <span class='ocrx_word' id='word_1_332' title='bbox 1131 2517 1223 2569; x_wconf 84' lang='grc' dir='ltr'>τὸν</span> <span class='ocrx_word' id='word_1_333' title='bbox 1253 2516 1471 2584; x_wconf 84' lang='grc' dir='ltr'>φυγάδα</span> <span class='ocrx_word' id='word_1_334' title='bbox 1538 2515 1640 2567; x_wconf 82' lang='grc' dir='ltr'>οὐκ</span> <span class='ocrx_word' id='word_1_335' title='bbox 1704 2513 2052 2584; x_wconf 74' lang='grc' dir='ltr'>ἐξεζήτησεν,</span> <span class='ocrx_word' id='word_1_336' title='bbox 2121 2513 2256 2567; x_wconf 81' lang='grc' dir='ltr'>ἀλλὰ</span> <span class='ocrx_word' id='word_1_337' title='bbox 2295 2515 2388 2567; x_wconf 71' lang='grc' dir='ltr'>καὶ</span> <span class='ocrx_word' id='word_1_338' title='bbox 2416 2514 2515 2584; x_wconf 78' lang='grc' dir='ltr'>τὴν</span> <span class='ocrx_word' id='word_1_339' title='bbox 2577 2515 2810 2582; x_wconf 83' lang='grc' dir='ltr'>γυναῖκα</span> <span class='ocrx_word' id='word_1_340' title='bbox 2855 2513 3021 2568; x_wconf 81' lang='grc' dir='ltr'>αὐτοῦ</span> <span class='ocrx_word' id='word_1_341' title='bbox 3054 2514 3288 2583; x_wconf 80' lang='grc' dir='ltr'>ἐντίμως</span> <span class='ocrx_word' id='word_1_342' title='bbox 3313 2514 3437 2579; x_wconf 65' lang='grc' dir='ltr'>ἐξέο</span> 
     </span>
    </p>
   </div>
   <div class='ocr_carea' id='block_1_45' title="bbox 179 2602 3438 2678">
    <p class='ocr_par' dir='ltr' id='par_1_45' title="bbox 179 2602 3438 2678">
     <span class='ocr_line' id='line_1_45' title="bbox 179 2602 3438 2678; baseline -0 -21"><span class='ocrx_word' id='word_1_343' title='bbox 179 2606 423 2675; x_wconf 71' lang='grc' dir='ltr'>πεμψεν.</span> <span class='ocrx_word' id='word_1_344' title='bbox 451 2602 559 2660; x_wconf 86' lang='grc' dir='ltr'>Ἦν</span> <span class='ocrx_word' id='word_1_345' title='bbox 597 2607 653 2661; x_wconf 77' lang='grc' dir='ltr'>δὲ</span> <span class='ocrx_word' id='word_1_346' title='bbox 691 2609 720 2661; x_wconf 84' lang='grc' dir='ltr'><strong>ό</strong></span> <span class='ocrx_word' id='word_1_347' title='bbox 765 2606 1057 2678; x_wconf 86' lang='grc' dir='ltr'>ὐρμίσδας</span> <span class='ocrx_word' id='word_1_348' title='bbox 1091 2609 1184 2660; x_wconf 72' lang='grc' dir='ltr'><strong>καὶ</strong></span> <span class='ocrx_word' id='word_1_349' title='bbox 1215 2606 1380 2670; x_wconf 60' lang='grc' dir='ltr'>πολσς</span> <span class='ocrx_word' id='word_1_350' title='bbox 1429 2605 1529 2674; x_wconf 77' lang='grc' dir='ltr'>τὴν</span> <span class='ocrx_word' id='word_1_351' title='bbox 1579 2604 1752 2674; x_wconf 78' lang='grc' dir='ltr'>ἰσχὺν,</span> <span class='ocrx_word' id='word_1_352' title='bbox 1793 2604 1890 2657; x_wconf 76' lang='grc' dir='ltr'>καὶ</span> <span class='ocrx_word' id='word_1_353' title='bbox 1937 2604 2259 2673; x_wconf 76' lang='grc' dir='ltr'>ἀκοντιστὴς</span> <span class='ocrx_word' id='word_1_354' title='bbox 2303 2603 2605 2673; x_wconf 79' lang='grc' dir='ltr'>περιδέξιος</span> <span class='ocrx_word' id='word_1_355' title='bbox 2665 2602 2740 2665; x_wconf 87' lang='grc' dir='ltr'>ὠς</span> <span class='ocrx_word' id='word_1_356' title='bbox 2785 2604 2844 2655; x_wconf 86' lang='grc' dir='ltr'>ὲν</span> <span class='ocrx_word' id='word_1_357' title='bbox 2887 2602 2964 2672; x_wconf 82' lang='grc' dir='ltr'><strong>τῷ</strong></span> <span class='ocrx_word' id='word_1_358' title='bbox 3031 2603 3257 2657; x_wconf 82' lang='grc' dir='ltr'>πάλλειν</span> <span class='ocrx_word' id='word_1_359' title='bbox 3294 2603 3438 2656; x_wconf 87' lang='grc' dir='ltr'>κατά</span> 
     </span>
    </p>
   </div>
   <div class='ocr_carea' id='block_1_46' title="bbox 177 2691 3434 2768">
    <p class='ocr_par' dir='ltr' id='par_1_46' title="bbox 177 2691 3434 2768">
     <span class='ocr_line' id='line_1_46' title="bbox 177 2691 3434 2768; baseline -0.002 -20"><span class='ocrx_word' id='word_1_360' title='bbox 177 2713 328 2759; x_wconf 83' lang='grc' dir='ltr'>τινος</span> <span class='ocrx_word' id='word_1_361' title='bbox 366 2698 428 2750; x_wconf 78' lang='grc' dir='ltr'>τὸ</span> <span class='ocrx_word' id='word_1_362' title='bbox 468 2699 716 2752; x_wconf 79' lang='grc' dir='ltr'>ἀκόντιον</span> <span class='ocrx_word' id='word_1_363' title='bbox 755 2698 934 2768; x_wconf 82' lang='grc' dir='ltr'>λέγειν</span> <span class='ocrx_word' id='word_1_364' title='bbox 981 2700 1116 2753; x_wconf 77' lang='grc' dir='ltr'>ὅπου</span> <span class='ocrx_word' id='word_1_365' title='bbox 1163 2699 1318 2768; x_wconf 86' lang='grc' dir='ltr'>βαλεῖ</span> <span class='ocrx_word' id='word_1_366' title='bbox 1346 2698 1438 2750; x_wconf 85' lang='grc' dir='ltr'>τὸν</span> <span class='ocrx_word' id='word_1_367' title='bbox 1471 2695 1753 2764; x_wconf 78' lang='grc' dir='ltr'>πολέμιον.</span> <span class='ocrx_word' id='word_1_368' title='bbox 1793 2691 1962 2758; x_wconf 77' lang='grc' dir='ltr'>Οὗτος</span> <span class='ocrx_word' id='word_1_369' title='bbox 2008 2697 2189 2748; x_wconf 83' lang='grc' dir='ltr'>τοίνυν</span> <span class='ocrx_word' id='word_1_370' title='bbox 2236 2695 2314 2766; x_wconf 85' lang='grc' dir='ltr'>τῷ</span> <span class='ocrx_word' id='word_1_371' title='bbox 2357 2692 2723 2764; x_wconf 80' lang='grc' dir='ltr'>Κωνσταντίῳ</span> <span class='ocrx_word' id='word_1_372' title='bbox 2781 2693 2924 2747; x_wconf 85' lang='grc' dir='ltr'><strong>κατά</strong></span> <span class='ocrx_word' id='word_1_373' title='bbox 2969 2692 3078 2745; x_wconf 87' lang='grc' dir='ltr'><strong>τῶν</strong></span> <span class='ocrx_word' id='word_1_374' title='bbox 3143 2692 3434 2763; x_wconf 78' lang='grc' dir='ltr'>ὁμοφύλων</span> 
     </span>
    </p>
   </div>
   <div class='ocr_carea' id='block_1_47' title="bbox 182 2783 3434 2862">
    <p class='ocr_par' dir='ltr' id='par_1_47' title="bbox 182 2783 3434 2862">
     <span class='ocr_line' id='line_1_47' title="bbox 182 2783 3434 2862; baseline -0.002 -20"><span class='ocrx_word' id='word_1_375' title='bbox 182 2791 666 2860; x_wconf 81' lang='grc' dir='ltr'>συνεστρατεύετο,</span> <span class='ocrx_word' id='word_1_376' title='bbox 711 2790 901 2862; x_wconf 78' lang='grc' dir='ltr'>ἄρχειν</span> <span class='ocrx_word' id='word_1_377' title='bbox 947 2791 1167 2862; x_wconf 76' lang='grc' dir='ltr'>ταχθεὶς</span> <span class='ocrx_word' id='word_1_378' title='bbox 1217 2790 1428 2843; x_wconf 80' lang='grc' dir='ltr'>ἱππέων</span> <span class='ocrx_word' id='word_1_379' title='bbox 1477 2789 1595 2858; x_wconf 80' lang='grc' dir='ltr'>ῐλης</span> <span class='ocrx_word' id='word_1_380' title='bbox 1661 2787 1887 2857; x_wconf 84' lang='grc' dir='ltr'>πολλῆς.</span> <span class='ocrx_word' id='word_1_381' title='bbox 1975 2787 2034 2840; x_wconf 84' lang='grc' dir='ltr'>ὐ</span> <span class='ocrx_word' id='word_1_382' title='bbox 2094 2786 2346 2856; x_wconf 79' lang='grc' dir='ltr'>βασιλεὺς</span> <span class='ocrx_word' id='word_1_383' title='bbox 2398 2785 2456 2838; x_wconf 82' lang='grc' dir='ltr'>δὲ</span> <span class='ocrx_word' id='word_1_384' title='bbox 2510 2784 2890 2847; x_wconf 83' lang='grc' dir='ltr'>Κωνστάντιος</span> <span class='ocrx_word' id='word_1_385' title='bbox 2977 2783 3239 2848; x_wconf 82' lang='grc' dir='ltr'>πολλάκις</span> <span class='ocrx_word' id='word_1_386' title='bbox 3319 2789 3434 2839; x_wconf 77' lang='grc' dir='ltr'>τοῖς</span> 
     </span>
    </p>
   </div>
   <div class='ocr_carea' id='block_1_48' title="bbox 181 2867 3431 2952">
    <p class='ocr_par' dir='ltr' id='par_1_48' title="bbox 181 2867 3431 2952">
     <span class='ocr_line' id='line_1_48' title="bbox 181 2867 3431 2952; baseline -0.001 -18"><span class='ocrx_word' id='word_1_387' title='bbox 181 2883 426 2952; x_wconf 75' lang='grc' dir='ltr'>Πέρσαις</span> <span class='ocrx_word' id='word_1_388' title='bbox 478 2882 772 2951; x_wconf 76' lang='grc' dir='ltr'>συμϐαλὼν</span> <span class='ocrx_word' id='word_1_389' title='bbox 818 2881 918 2951; x_wconf 81' lang='grc' dir='ltr'>τὴν</span> <span class='ocrx_word' id='word_1_390' title='bbox 975 2882 1174 2951; x_wconf 80' lang='grc' dir='ltr'>ἥττονα</span> <span class='ocrx_word' id='word_1_391' title='bbox 1237 2884 1428 2951; x_wconf 85' lang='grc' dir='ltr'>μοῖραν</span> <span class='ocrx_word' id='word_1_392' title='bbox 1477 2877 1611 2950; x_wconf 79' lang='grc' dir='ltr'>εἶχε,</span> <span class='ocrx_word' id='word_1_393' title='bbox 1663 2878 1757 2932; x_wconf 77' lang='grc' dir='ltr'>καὶ</span> <span class='ocrx_word' id='word_1_394' title='bbox 1792 2878 2022 2940; x_wconf 80' lang='grc' dir='ltr'>πολλοὺς</span> <span class='ocrx_word' id='word_1_395' title='bbox 2092 2877 2202 2930; x_wconf 87' lang='grc' dir='ltr'><strong>τῶν</strong></span> <span class='ocrx_word' id='word_1_396' title='bbox 2236 2875 2453 2929; x_wconf 79' lang='grc' dir='ltr'>οἰκείων</span> <span class='ocrx_word' id='word_1_397' title='bbox 2525 2873 2792 2942; x_wconf 81' lang='grc' dir='ltr'>ἀπέϐαλε,</span> <span class='ocrx_word' id='word_1_398' title='bbox 2822 2874 2918 2928; x_wconf 85' lang='grc' dir='ltr'>καὶ</span> <span class='ocrx_word' id='word_1_399' title='bbox 2945 2874 3054 2928; x_wconf 82' lang='grc' dir='ltr'>τῶν</span> <span class='ocrx_word' id='word_1_400' title='bbox 3094 2875 3321 2946; x_wconf 83' lang='grc' dir='ltr'>Περσῶν</span> <span class='ocrx_word' id='word_1_401' title='bbox 3373 2867 3431 2930; x_wconf 63' lang='grc' dir='ltr'>δὲ</span> 
     </span>
    </p>
   </div>
   <div class='ocr_carea' id='block_1_49' title="bbox 179 2971 1930 3042">
    <p class='ocr_par' dir='ltr' id='par_1_49' title="bbox 179 2971 1930 3042">
     <span class='ocr_line' id='line_1_49' title="bbox 179 2971 1930 3042; baseline -0.004 -13"><span class='ocrx_word' id='word_1_402' title='bbox 179 2977 428 3030; x_wconf 78' lang='grc' dir='ltr'>πλεῖστοι</span> <span class='ocrx_word' id='word_1_403' title='bbox 482 2973 828 3038; x_wconf 80' lang='grc' dir='ltr'>πεπτώκασι,</span> <span class='ocrx_word' id='word_1_404' title='bbox 879 2976 975 3027; x_wconf 66' lang='grc' dir='ltr'>καὶ</span> <span class='ocrx_word' id='word_1_405' title='bbox 1027 2975 1190 3035; x_wconf 76' lang='grc' dir='ltr'>αὐτὸς</span> <span class='ocrx_word' id='word_1_406' title='bbox 1239 2977 1266 3026; x_wconf 89' lang='grc' dir='ltr'><strong><em>ὸ</em></strong></span> <span class='ocrx_word' id='word_1_407' title='bbox 1321 2973 1591 3042; x_wconf 85' lang='grc' dir='ltr'>Σαπώρης</span> <span class='ocrx_word' id='word_1_408' title='bbox 1643 2971 1930 3039; x_wconf 74' lang='grc' dir='ltr'>ἐτέτρωτο.</span> 
     </span>
    </p>
   </div>
   <div class='ocr_carea' id='block_1_50' title="bbox 255 3059 1760 3136">
    <p class='ocr_par' dir='ltr' id='par_1_50' title="bbox 255 3065 1758 3136">
     <span class='ocr_line' id='line_1_50' title="bbox 255 3065 1758 3136; baseline 0 -18"><span class='ocrx_word' id='word_1_409' title='bbox 255 3066 351 3134; x_wconf 77' lang='lat' dir='ltr'><strong>q&#39;.</strong></span> <span class='ocrx_word' id='word_1_410' title='bbox 381 3066 536 3120; x_wconf 77' lang='grc' dir='ltr'>Οὕτω</span> <span class='ocrx_word' id='word_1_411' title='bbox 587 3067 771 3134; x_wconf 81' lang='grc' dir='ltr'>μέντοι</span> <span class='ocrx_word' id='word_1_412' title='bbox 818 3065 926 3118; x_wconf 83' lang='grc' dir='ltr'><strong>τῶν</strong></span> <span class='ocrx_word' id='word_1_413' title='bbox 971 3067 1063 3118; x_wconf 81' lang='grc' dir='ltr'><strong>ἐπὶ</strong></span> <span class='ocrx_word' id='word_1_414' title='bbox 1091 3067 1308 3136; x_wconf 80' lang='grc' dir='ltr'>Πέρσας</span> <span class='ocrx_word' id='word_1_415' title='bbox 1344 3065 1598 3133; x_wconf 87' lang='grc' dir='ltr'>πολέμων</span> <span class='ocrx_word' id='word_1_416' title='bbox 1630 3081 1758 3118; x_wconf 74' lang='grc' dir='ltr'>συνο</span> 
     </span>
    </p>
   </div>
   <div class='ocr_carea' id='block_1_51' title="bbox 1868 3059 3434 3136">
    <p class='ocr_par' dir='ltr' id='par_1_51' title="bbox 1935 3059 3434 3130">
     <span class='ocr_line' id='line_1_51' title="bbox 1935 3059 3434 3130; baseline 0.003 -16"><span class='ocrx_word' id='word_1_417' title='bbox 1935 3059 2024 3114; x_wconf 70' lang='grc' dir='ltr'><strong>Ἣ.</strong></span> <span class='ocrx_word' id='word_1_418' title='bbox 2051 3059 2297 3130; x_wconf 82' lang='lat' dir='ltr'><strong>Cognitis</strong></span> <span class='ocrx_word' id='word_1_419' title='bbox 2329 3071 2512 3114; x_wconf 88' lang='lat' dir='ltr'><strong>autem</strong></span> <span class='ocrx_word' id='word_1_420' title='bbox 2545 3059 2791 3115; x_wconf 81' lang='lat' dir='ltr'><strong>adversis</strong></span> <span class='ocrx_word' id='word_1_421' title='bbox 2838 3060 3059 3117; x_wconf 84' lang='lat' dir='ltr'><strong>Persico</strong></span> <span class='ocrx_word' id='word_1_422' title='bbox 3101 3062 3245 3119; x_wconf 86' lang='lat' dir='ltr'><strong>bello</strong></span> <span class='ocrx_word' id='word_1_423' title='bbox 3289 3063 3434 3118; x_wconf 88' lang='lat' dir='ltr'><strong>Con-</strong></span> 
     </span>
    </p>
   </div>
   <div class='ocr_carea' id='block_1_52' title="bbox 1860 3149 3430 3222">
    <p class='ocr_par' dir='ltr' id='par_1_52' title="bbox 1860 3149 3430 3222">
     <span class='ocr_line' id='line_1_52' title="bbox 1860 3149 3430 3222; baseline 0.002 -16"><span class='ocrx_word' id='word_1_424' title='bbox 1860 3152 2043 3206; x_wconf 80' lang='lat' dir='ltr'><strong>stantii</strong></span> <span class='ocrx_word' id='word_1_425' title='bbox 2079 3151 2265 3215; x_wconf 84' lang='lat' dir='ltr'><strong>rebus,</strong></span> <span class='ocrx_word' id='word_1_426' title='bbox 2302 3149 2676 3222; x_wconf 46' lang='lat' dir='ltr'><strong>Magnentius”,</strong></span> <span class='ocrx_word' id='word_1_427' title='bbox 2727 3161 2879 3221; x_wconf 88' lang='lat' dir='ltr'><strong>patre</strong></span> <span class='ocrx_word' id='word_1_428' title='bbox 2922 3153 3182 3206; x_wconf 88' lang='lat' dir='ltr'><strong>Britanno</strong></span> <span class='ocrx_word' id='word_1_429' title='bbox 3231 3165 3430 3218; x_wconf 85' lang='lat' dir='ltr'><strong>natus,</strong></span> 
     </span>
    </p>
   </div>
   <div class='ocr_carea' id='block_1_53' title="bbox 1859 3241 3432 3313">
    <p class='ocr_par' dir='ltr' id='par_1_53' title="bbox 1859 3241 3432 3313">
     <span class='ocr_line' id='line_1_53' title="bbox 1859 3241 3432 3313; baseline 0.003 -18"><span class='ocrx_word' id='word_1_430' title='bbox 1859 3243 1955 3311; x_wconf 92' lang='lat' dir='ltr'><strong>qui</strong></span> <span class='ocrx_word' id='word_1_431' title='bbox 1986 3243 2221 3311; x_wconf 89' lang='lat' dir='ltr'><strong>primum</strong></span> <span class='ocrx_word' id='word_1_432' title='bbox 2257 3241 2400 3297; x_wconf 87' lang='lat' dir='ltr'><strong>inter</strong></span> <span class='ocrx_word' id='word_1_433' title='bbox 2443 3251 2791 3313; x_wconf 83' lang='lat' dir='ltr'><strong>protectores</strong></span> <span class='ocrx_word' id='word_1_434' title='bbox 2865 3243 3127 3298; x_wconf 88' lang='lat' dir='ltr'><strong>militarat</strong></span> <span class='ocrx_word' id='word_1_435' title='bbox 3155 3284 3171 3306; x_wconf 89' lang='lat'><strong>,</strong></span> <span class='ocrx_word' id='word_1_436' title='bbox 3232 3245 3432 3301; x_wconf 83' lang='lat' dir='ltr'><strong>deinde</strong></span> 
     </span>
    </p>
   </div>
   <div class='ocr_carea' id='block_1_54' title="bbox 1859 3335 3430 3406">
    <p class='ocr_par' dir='ltr' id='par_1_54' title="bbox 1859 3335 3430 3406">
     <span class='ocr_line' id='line_1_54' title="bbox 1859 3335 3430 3406; baseline 0.003 -17"><span class='ocrx_word' id='word_1_437' title='bbox 1859 3349 2049 3389; x_wconf 90' lang='lat' dir='ltr'><strong>comes</strong></span> <span class='ocrx_word' id='word_1_438' title='bbox 2087 3335 2312 3388; x_wconf 90' lang='lat' dir='ltr'><strong>duarum</strong></span> <span class='ocrx_word' id='word_1_439' title='bbox 2365 3335 2732 3389; x_wconf 80' lang='lat' dir='ltr'><strong>Romanarum</strong></span> <span class='ocrx_word' id='word_1_440' title='bbox 2783 3335 3058 3406; x_wconf 82' lang='lat' dir='ltr'><strong>legionum</strong></span> <span class='ocrx_word' id='word_1_441' title='bbox 3120 3338 3430 3405; x_wconf 86' lang='lat' dir='ltr'><strong>appellatus</strong></span> 
     </span>
    </p>
   </div>
   <div class='ocr_carea' id='block_1_55' title="bbox 180 3156 1757 3230">
    <p class='ocr_par' dir='ltr' id='par_1_55' title="bbox 180 3156 1757 3230">
     <span class='ocr_line' id='line_1_55' title="bbox 180 3156 1757 3230; baseline -0.001 -17"><span class='ocrx_word' id='word_1_442' title='bbox 180 3161 515 3230; x_wconf 81' lang='grc' dir='ltr'>ενεχοέντων</span> <span class='ocrx_word' id='word_1_443' title='bbox 549 3157 627 3229; x_wconf 83' lang='grc' dir='ltr'>τῷ</span> <span class='ocrx_word' id='word_1_444' title='bbox 670 3157 885 3227; x_wconf 86' lang='grc' dir='ltr'>βασιλεῖ</span> <span class='ocrx_word' id='word_1_445' title='bbox 920 3158 1306 3229; x_wconf 84' lang='grc' dir='ltr'>Κωνσταντίῳ,</span> <span class='ocrx_word' id='word_1_446' title='bbox 1359 3156 1550 3229; x_wconf 86' lang='grc' dir='ltr'>μαθὼν</span> <span class='ocrx_word' id='word_1_447' title='bbox 1583 3159 1757 3212; x_wconf 82' lang='grc' dir='ltr'>ταῦτα</span> 
     </span>
    </p>
   </div>
   <div class='ocr_carea' id='block_1_56' title="bbox 178 3249 1756 3320">
    <p class='ocr_par' dir='ltr' id='par_1_56' title="bbox 178 3249 1756 3320">
     <span class='ocr_line' id='line_1_56' title="bbox 178 3249 1756 3320; baseline -0.004 -12"><span class='ocrx_word' id='word_1_448' title='bbox 178 3253 522 3320; x_wconf 71' lang='grc' dir='ltr'>Μαγνέντιος</span> <span class='ocrx_word' id='word_1_449' title='bbox 555 3251 614 3314; x_wconf 75' lang='grc' dir='ltr'>ὃς</span> <span class='ocrx_word' id='word_1_450' title='bbox 648 3252 712 3304; x_wconf 77' lang='grc' dir='ltr'>ὲκ</span> <span class='ocrx_word' id='word_1_451' title='bbox 745 3249 952 3320; x_wconf 77' lang='grc' dir='ltr'>πατρὸς</span> <span class='ocrx_word' id='word_1_452' title='bbox 986 3250 1082 3318; x_wconf 83' lang='grc' dir='ltr'>μὲν</span> <span class='ocrx_word' id='word_1_453' title='bbox 1122 3250 1384 3319; x_wconf 82' lang='grc' dir='ltr'>γεγένητο</span> <span class='ocrx_word' id='word_1_454' title='bbox 1429 3250 1756 3320; x_wconf 83' lang='grc' dir='ltr'>Βρεττανοῦ,</span> 
     </span>
    </p>
   </div>
   <div class='ocr_carea' id='block_1_57' title="bbox 180 3338 1758 3413">
    <p class='ocr_par' dir='ltr' id='par_1_57' title="bbox 180 3338 1758 3413">
     <span class='ocr_line' id='line_1_57' title="bbox 180 3338 1758 3413; baseline 0 -19"><span class='ocrx_word' id='word_1_455' title='bbox 180 3347 240 3396; x_wconf 79' lang='grc' dir='ltr'>ἑν</span> <span class='ocrx_word' id='word_1_456' title='bbox 267 3347 383 3406; x_wconf 75' lang='grc' dir='ltr'>τοῖς</span> <span class='ocrx_word' id='word_1_457' title='bbox 416 3342 774 3413; x_wconf 77' lang='grc' dir='ltr'>προτίκτορσι</span> <span class='ocrx_word' id='word_1_458' title='bbox 821 3341 1270 3410; x_wconf 81' lang='grc' dir='ltr'>δ’ἐστρατεύετο,</span> <span class='ocrx_word' id='word_1_459' title='bbox 1301 3338 1419 3394; x_wconf 75' lang='grc' dir='ltr'>εἶτα</span> <span class='ocrx_word' id='word_1_460' title='bbox 1447 3343 1540 3394; x_wconf 77' lang='grc' dir='ltr'>καὶ</span> <span class='ocrx_word' id='word_1_461' title='bbox 1580 3341 1758 3411; x_wconf 88' lang='grc' dir='ltr'>κόμης</span> 
     </span>
    </p>
   </div>
   <div class='ocr_carea' id='block_1_58' title="bbox 178 3432 1760 3504">
    <p class='ocr_par' dir='ltr' id='par_1_58' title="bbox 178 3432 1760 3504">
     <span class='ocr_line' id='line_1_58' title="bbox 178 3432 1760 3504; baseline -0.002 -17"><span class='ocrx_word' id='word_1_462' title='bbox 178 3434 478 3504; x_wconf 74' lang='grc' dir='ltr'>ὠνομάσθη</span> <span class='ocrx_word' id='word_1_463' title='bbox 531 3435 832 3504; x_wconf 81' lang='grc' dir='ltr'>ταγμάτων</span> <span class='ocrx_word' id='word_1_464' title='bbox 879 3432 971 3486; x_wconf 86' lang='grc' dir='ltr'><strong>δύο</strong></span> <span class='ocrx_word' id='word_1_465' title='bbox 1031 3432 1373 3502; x_wconf 75' lang='grc' dir='ltr'>’1)ωμαῖκῶν,</span> <span class='ocrx_word' id='word_1_466' title='bbox 1423 3432 1760 3503; x_wconf 85' lang='grc' dir='ltr'>τυραννῆσαί</span> 
     </span>
    </p>
   </div>
   <div class='ocr_carea' id='block_1_59' title="bbox 179 3523 1757 3595">
    <p class='ocr_par' dir='ltr' id='par_1_59' title="bbox 179 3523 1757 3595">
     <span class='ocr_line' id='line_1_59' title="bbox 179 3523 1757 3595; baseline -0.002 -18"><span class='ocrx_word' id='word_1_467' title='bbox 179 3542 240 3578; x_wconf 77' lang='grc' dir='ltr'><strong>τε</strong></span> <span class='ocrx_word' id='word_1_468' title='bbox 297 3526 390 3578; x_wconf 72' lang='grc' dir='ltr'>καὶ</span> <span class='ocrx_word' id='word_1_469' title='bbox 444 3525 634 3595; x_wconf 82' lang='grc' dir='ltr'>πρώην</span> <span class='ocrx_word' id='word_1_470' title='bbox 684 3524 1018 3594; x_wconf 75' lang='grc' dir='ltr'>ἐπιθυμῶν,</span> <span class='ocrx_word' id='word_1_471' title='bbox 1073 3523 1195 3576; x_wconf 87' lang='grc' dir='ltr'>τότε</span> <span class='ocrx_word' id='word_1_472' title='bbox 1244 3524 1446 3592; x_wconf 83' lang='grc' dir='ltr'>μᾶλλον</span> <span class='ocrx_word' id='word_1_473' title='bbox 1479 3523 1629 3578; x_wconf 76' lang='grc' dir='ltr'>ἔθετο</span> <span class='ocrx_word' id='word_1_474' title='bbox 1679 3523 1757 3594; x_wconf 83' lang='grc' dir='ltr'>τῷ</span> 
     </span>
    </p>
   </div>
   <div class='ocr_carea' id='block_1_60' title="bbox 183 3617 1758 3687">
    <p class='ocr_par' dir='ltr' id='par_1_60' title="bbox 183 3617 1758 3687">
     <span class='ocr_line' id='line_1_60' title="bbox 183 3617 1758 3687; baseline -0.001 -17"><span class='ocrx_word' id='word_1_475' title='bbox 183 3617 400 3686; x_wconf 80' lang='grc' dir='ltr'>σκοπῷ,</span> <span class='ocrx_word' id='word_1_476' title='bbox 441 3618 521 3671; x_wconf 83' lang='grc' dir='ltr'><strong>δτι</strong></span> <span class='ocrx_word' id='word_1_477' title='bbox 566 3617 871 3686; x_wconf 75' lang='grc' dir='ltr'>ἀτυχοῦντα</span> <span class='ocrx_word' id='word_1_478' title='bbox 910 3619 1039 3687; x_wconf 71' lang='grc' dir='ltr'>περὶ</span> <span class='ocrx_word' id='word_1_479' title='bbox 1071 3617 1165 3670; x_wconf 81' lang='grc' dir='ltr'>τὸν</span> <span class='ocrx_word' id='word_1_480' title='bbox 1197 3617 1467 3686; x_wconf 74' lang='grc' dir='ltr'>Περσικὸν</span> <span class='ocrx_word' id='word_1_481' title='bbox 1518 3618 1758 3686; x_wconf 85' lang='grc' dir='ltr'>πόλεμον</span> 
     </span>
    </p>
   </div>
   <div class='ocr_carea' id='block_1_61' title="bbox 177 3703 1758 3780">
    <p class='ocr_par' dir='ltr' id='par_1_61' title="bbox 177 3703 1758 3780">
     <span class='ocr_line' id='line_1_61' title="bbox 177 3703 1758 3780; baseline -0.003 -18"><span class='ocrx_word' id='word_1_482' title='bbox 177 3711 350 3778; x_wconf 56' lang='lat' dir='ltr'><strong>ﬁmus</strong></span> <span class='ocrx_word' id='word_1_483' title='bbox 389 3711 480 3761; x_wconf 82' lang='grc' dir='ltr'><strong>τὸν</strong></span> <span class='ocrx_word' id='word_1_484' title='bbox 528 3709 929 3769; x_wconf 84' lang='grc' dir='ltr'>Κωνστᾴντιον.</span> <span class='ocrx_word' id='word_1_485' title='bbox 984 3709 1092 3762; x_wconf 77' lang='grc' dir='ltr'><strong>Καὶ</strong></span> <span class='ocrx_word' id='word_1_486' title='bbox 1125 3703 1410 3780; x_wconf 83' lang='grc' dir='ltr'>εὐκαιρία’ν</span> <span class='ocrx_word' id='word_1_487' title='bbox 1443 3707 1626 3778; x_wconf 80' lang='grc' dir='ltr'>ἔκρινε</span> <span class='ocrx_word' id='word_1_488' title='bbox 1662 3723 1758 3778; x_wconf 82' lang='grc' dir='ltr'>τη-</span> 
     </span>
    </p>
   </div>
   <div class='ocr_carea' id='block_1_62' title="bbox 179 3797 1755 3871">
    <p class='ocr_par' dir='ltr' id='par_1_62' title="bbox 179 3797 1755 3871">
     <span class='ocr_line' id='line_1_62' title="bbox 179 3797 1755 3871; baseline 0.001 -21"><span class='ocrx_word' id='word_1_489' title='bbox 179 3798 417 3853; x_wconf 82' lang='grc' dir='ltr'>νικαῦτα</span> <span class='ocrx_word' id='word_1_490' title='bbox 442 3798 538 3852; x_wconf 79' lang='grc' dir='ltr'>τοῦ</span> <span class='ocrx_word' id='word_1_491' title='bbox 569 3800 1057 3871; x_wconf 81' lang='grc' dir='ltr'>ὲπικεχειρηκέναι</span> <span class='ocrx_word' id='word_1_492' title='bbox 1077 3804 1144 3871; x_wconf 80' lang='grc' dir='ltr'>τῇ</span> <span class='ocrx_word' id='word_1_493' title='bbox 1171 3800 1467 3870; x_wconf 76' lang='grc' dir='ltr'><strong>τυραννίδι⁸</strong></span> <span class='ocrx_word' id='word_1_494' title='bbox 1497 3802 1590 3853; x_wconf 72' lang='grc' dir='ltr'>καὶ</span> <span class='ocrx_word' id='word_1_495' title='bbox 1616 3797 1755 3853; x_wconf 83' lang='grc' dir='ltr'>πλα-</span> 
     </span>
    </p>
   </div>
   <div class='ocr_carea' id='block_1_63' title="bbox 180 3891 1757 3962">
    <p class='ocr_par' dir='ltr' id='par_1_63' title="bbox 180 3891 1757 3962">
     <span class='ocr_line' id='line_1_63' title="bbox 180 3891 1757 3962; baseline 0.002 -20"><span class='ocrx_word' id='word_1_496' title='bbox 180 3891 422 3959; x_wconf 85' lang='grc' dir='ltr'>σάμενος</span> <span class='ocrx_word' id='word_1_497' title='bbox 453 3893 522 3945; x_wconf 73' lang='grc' dir='ltr'><strong>τά</strong></span> <span class='ocrx_word' id='word_1_498' title='bbox 555 3891 747 3944; x_wconf 79' lang='grc' dir='ltr'>ἑαυτοῦ</span> <span class='ocrx_word' id='word_1_499' title='bbox 774 3891 1054 3962; x_wconf 76' lang='grc' dir='ltr'>ἑορτάζειν</span> <span class='ocrx_word' id='word_1_500' title='bbox 1086 3892 1335 3960; x_wconf 79' lang='grc' dir='ltr'>γενέθλια</span> <span class='ocrx_word' id='word_1_501' title='bbox 1363 3894 1420 3944; x_wconf 83' lang='grc' dir='ltr'>ὲν</span> <span class='ocrx_word' id='word_1_502' title='bbox 1449 3893 1757 3960; x_wconf 80' lang='grc' dir='ltr'>Αύγουστα-</span> 
     </span>
    </p>
   </div>
   <div class='ocr_carea' id='block_1_64' title="bbox 173 3983 1756 4053">
    <p class='ocr_par' dir='ltr' id='par_1_64' title="bbox 173 3983 1756 4053">
     <span class='ocr_line' id='line_1_64' title="bbox 173 3983 1756 4053; baseline 0.003 -21"><span class='ocrx_word' id='word_1_503' title='bbox 173 3983 283 4051; x_wconf 82' lang='grc' dir='ltr'><strong>λίῳ</strong></span> <span class='ocrx_word' id='word_1_504' title='bbox 336 3985 403 4053; x_wconf 82' lang='grc' dir='ltr'><strong>τῇ</strong></span> <span class='ocrx_word' id='word_1_505' title='bbox 444 3983 598 4036; x_wconf 89' lang='grc' dir='ltr'>πόλει</span> <span class='ocrx_word' id='word_1_506' title='bbox 655 3984 767 4053; x_wconf 79' lang='grc'>(56)</span> <span class='ocrx_word' id='word_1_507' title='bbox 821 3983 1148 4036; x_wconf 87' lang='grc' dir='ltr'>συνεκάλεσε</span> <span class='ocrx_word' id='word_1_508' title='bbox 1203 3983 1331 4045; x_wconf 78' lang='grc' dir='ltr'>τοὺς</span> <span class='ocrx_word' id='word_1_509' title='bbox 1381 3983 1601 4053; x_wconf 79' lang='grc' dir='ltr'>ἐξόχους</span> <span class='ocrx_word' id='word_1_510' title='bbox 1655 3983 1756 4052; x_wconf 82' lang='grc' dir='ltr'>τῆς</span> 
     </span>
    </p>
   </div>
   <div class='ocr_carea' id='block_1_65' title="bbox 179 4072 1756 4144">
    <p class='ocr_par' dir='ltr' id='par_1_65' title="bbox 179 4072 1756 4144">
     <span class='ocr_line' id='line_1_65' title="bbox 179 4072 1756 4144; baseline 0.002 -20"><span class='ocrx_word' id='word_1_511' title='bbox 179 4075 416 4138; x_wconf 83' lang='grc' dir='ltr'>πόλεως,</span> <span class='ocrx_word' id='word_1_512' title='bbox 444 4073 538 4126; x_wconf 84' lang='grc' dir='ltr'>τοῦ</span> <span class='ocrx_word' id='word_1_513' title='bbox 581 4074 887 4143; x_wconf 88' lang='grc' dir='ltr'>συμποσίου</span> <span class='ocrx_word' id='word_1_514' title='bbox 932 4073 1083 4144; x_wconf 83' lang='grc' dir='ltr'><strong>αύτῷ</strong></span> <span class='ocrx_word' id='word_1_515' title='bbox 1133 4072 1600 4142; x_wconf 79' lang='grc' dir='ltr'>συμμεθέξοντας,</span> <span class='ocrx_word' id='word_1_516' title='bbox 1628 4077 1756 4138; x_wconf 68' lang='grc' dir='ltr'>τοὺς</span> 
     </span>
    </p>
   </div>
   <div class='ocr_carea' id='block_1_66' title="bbox 183 4161 1757 4232">
    <p class='ocr_par' dir='ltr' id='par_1_66' title="bbox 183 4161 1757 4232">
     <span class='ocr_line' id='line_1_66' title="bbox 183 4161 1757 4232; baseline 0.002 -18"><span class='ocrx_word' id='word_1_517' title='bbox 183 4162 286 4231; x_wconf 78' lang='grc' dir='ltr'>μὲν</span> <span class='ocrx_word' id='word_1_518' title='bbox 319 4161 413 4213; x_wconf 80' lang='grc' dir='ltr'>καὶ</span> <span class='ocrx_word' id='word_1_519' title='bbox 449 4162 769 4230; x_wconf 85' lang='grc' dir='ltr'>συνίστορας</span> <span class='ocrx_word' id='word_1_520' title='bbox 799 4162 950 4232; x_wconf 85' lang='grc' dir='ltr'><strong>αὑτῷ</strong></span> <span class='ocrx_word' id='word_1_521' title='bbox 987 4161 1082 4214; x_wconf 81' lang='grc' dir='ltr'>τοῦ</span> <span class='ocrx_word' id='word_1_522' title='bbox 1139 4163 1363 4226; x_wconf 86' lang='grc' dir='ltr'>σκοποῦ,</span> <span class='ocrx_word' id='word_1_523' title='bbox 1395 4164 1518 4226; x_wconf 82' lang='grc' dir='ltr'>τοὺς</span> <span class='ocrx_word' id='word_1_524' title='bbox 1564 4165 1621 4216; x_wconf 85' lang='grc' dir='ltr'>δὲ</span> <span class='ocrx_word' id='word_1_525' title='bbox 1661 4167 1757 4218; x_wconf 80' lang='grc' dir='ltr'>καὶ</span> 
     </span>
    </p>
   </div>
   <div class='ocr_carea' id='block_1_67' title="bbox 178 4252 1754 4323">
    <p class='ocr_par' dir='ltr' id='par_1_67' title="bbox 178 4252 1754 4323">
     <span class='ocr_line' id='line_1_67' title="bbox 178 4252 1754 4323; baseline 0.001 -16"><span class='ocrx_word' id='word_1_526' title='bbox 178 4255 487 4321; x_wconf 68' lang='grc' dir='ltr'>ἀμετόχους</span> <span class='ocrx_word' id='word_1_527' title='bbox 522 4252 616 4305; x_wconf 88' lang='grc' dir='ltr'>τοῦ</span> <span class='ocrx_word' id='word_1_528' title='bbox 647 4253 986 4322; x_wconf 83' lang='grc' dir='ltr'>σκέμματος.</span> <span class='ocrx_word' id='word_1_529' title='bbox 1030 4256 1139 4308; x_wconf 76' lang='grc' dir='ltr'><strong>Καὶ</strong></span> <span class='ocrx_word' id='word_1_530' title='bbox 1175 4255 1468 4323; x_wconf 78' lang='grc' dir='ltr'>παρέτεινε</span> <span class='ocrx_word' id='word_1_531' title='bbox 1500 4255 1590 4308; x_wconf 81' lang='grc' dir='ltr'><strong>τον</strong></span> <span class='ocrx_word' id='word_1_532' title='bbox 1654 4256 1754 4308; x_wconf 85' lang='grc' dir='ltr'>πό-</span> 
     </span>
    </p>
   </div>
   <div class='ocr_carea' id='block_1_68' title="bbox 176 4344 1750 4414">
    <p class='ocr_par' dir='ltr' id='par_1_68' title="bbox 176 4344 1750 4414">
     <span class='ocr_line' id='line_1_68' title="bbox 176 4344 1750 4414; baseline -0.001 -16"><span class='ocrx_word' id='word_1_533' title='bbox 176 4362 273 4398; x_wconf 79' lang='grc' dir='ltr'><strong>τον</strong></span> <span class='ocrx_word' id='word_1_534' title='bbox 328 4344 431 4404; x_wconf 75' lang='grc' dir='ltr'>ἕως</span> <span class='ocrx_word' id='word_1_535' title='bbox 471 4345 732 4414; x_wconf 76' lang='grc' dir='ltr'>ἑσπέρας.</span> <span class='ocrx_word' id='word_1_536' title='bbox 783 4345 1116 4410; x_wconf 80' lang='grc' dir='ltr'>Ἑξαναστάς</span> <span class='ocrx_word' id='word_1_537' title='bbox 1163 4346 1219 4398; x_wconf 82' lang='grc' dir='ltr'>δὲ</span> <span class='ocrx_word' id='word_1_538' title='bbox 1277 4345 1371 4398; x_wconf 83' lang='grc' dir='ltr'><strong>τοῦ</strong></span> <span class='ocrx_word' id='word_1_539' title='bbox 1421 4345 1750 4414; x_wconf 84' lang='grc' dir='ltr'>συμποσίου,</span> 
     </span>
    </p>
   </div>
   <div class='ocr_carea' id='block_1_69' title="bbox 1863 3427 3430 3497">
    <p class='ocr_par' dir='ltr' id='par_1_69' title="bbox 1863 3427 3430 3497">
     <span class='ocr_line' id='line_1_69' title="bbox 1863 3427 3430 3497; baseline 0.003 -17"><span class='ocrx_word' id='word_1_540' title='bbox 1863 3427 2059 3490; x_wconf 82' lang='lat' dir='ltr'><strong>fuerat,</strong></span> <span class='ocrx_word' id='word_1_541' title='bbox 2097 3443 2219 3480; x_wconf 81' lang='lat' dir='ltr'><strong>cum</strong></span> <span class='ocrx_word' id='word_1_542' title='bbox 2243 3427 2570 3497; x_wconf 86' lang='lat' dir='ltr'><strong>jampridem</strong></span> <span class='ocrx_word' id='word_1_543' title='bbox 2601 3428 2750 3496; x_wconf 78' lang='lat' dir='ltr'><strong>regni</strong></span> <span class='ocrx_word' id='word_1_544' title='bbox 2779 3427 3083 3496; x_wconf 87' lang='lat' dir='ltr'><strong>occupandi</strong></span> <span class='ocrx_word' id='word_1_545' title='bbox 3129 3428 3430 3497; x_wconf 84' lang='lat' dir='ltr'><strong>cupiditate</strong></span> 
     </span>
    </p>
   </div>
   <div class='ocr_carea' id='block_1_70' title="bbox 1860 3519 3430 3589">
    <p class='ocr_par' dir='ltr' id='par_1_70' title="bbox 1860 3519 3430 3589">
     <span class='ocr_line' id='line_1_70' title="bbox 1860 3519 3430 3589; baseline 0.001 -16"><span class='ocrx_word' id='word_1_546' title='bbox 1860 3529 2136 3583; x_wconf 69' lang='lat' dir='ltr'><strong>aastuaret,</strong></span> <span class='ocrx_word' id='word_1_547' title='bbox 2171 3530 2300 3572; x_wconf 92' lang='lat' dir='ltr'><strong>tunc</strong></span> <span class='ocrx_word' id='word_1_548' title='bbox 2335 3520 2504 3589; x_wconf 83' lang='lat' dir='ltr'><strong>magis</strong></span> <span class='ocrx_word' id='word_1_549' title='bbox 2529 3519 2692 3573; x_wconf 87' lang='lat' dir='ltr'><strong>etiam</strong></span> <span class='ocrx_word' id='word_1_550' title='bbox 2721 3521 3008 3574; x_wconf 88' lang='lat' dir='ltr'><strong>consilium</strong></span> <span class='ocrx_word' id='word_1_551' title='bbox 3060 3535 3218 3572; x_wconf 90' lang='lat' dir='ltr'><strong>suum</strong></span> <span class='ocrx_word' id='word_1_552' title='bbox 3268 3537 3430 3589; x_wconf 76' lang='lat' dir='ltr'><strong>urge-</strong></span> 
     </span>
    </p>
   </div>
   <div class='ocr_carea' id='block_1_71' title="bbox 1858 3611 3425 3680">
    <p class='ocr_par' dir='ltr' id='par_1_71' title="bbox 1858 3611 3425 3680">
     <span class='ocr_line' id='line_1_71' title="bbox 1858 3611 3425 3680; baseline -0.001 -15"><span class='ocrx_word' id='word_1_553' title='bbox 1858 3611 1974 3673; x_wconf 88' lang='lat' dir='ltr'><strong>bat,</strong></span> <span class='ocrx_word' id='word_1_554' title='bbox 2009 3625 2132 3664; x_wconf 88' lang='lat' dir='ltr'><strong>cum</strong></span> <span class='ocrx_word' id='word_1_555' title='bbox 2165 3612 2382 3664; x_wconf 77' lang='lat' dir='ltr'><strong>Persico</strong></span> <span class='ocrx_word' id='word_1_556' title='bbox 2419 3611 2559 3664; x_wconf 84' lang='lat' dir='ltr'><strong>bello</strong></span> <span class='ocrx_word' id='word_1_557' title='bbox 2591 3626 2703 3663; x_wconf 88' lang='lat' dir='ltr'><strong>rem</strong></span> <span class='ocrx_word' id='word_1_558' title='bbox 2733 3611 2872 3664; x_wconf 89' lang='lat' dir='ltr'><strong>male</strong></span> <span class='ocrx_word' id='word_1_559' title='bbox 2923 3626 3112 3680; x_wconf 79' lang='lat' dir='ltr'><strong>gerere</strong></span> <span class='ocrx_word' id='word_1_560' title='bbox 3151 3612 3425 3664; x_wconf 85' lang='lat' dir='ltr'><strong>Constan-</strong></span> 
     </span>
    </p>
   </div>
   <div class='ocr_carea' id='block_1_72' title="bbox 1863 3701 3420 3769">
    <p class='ocr_par' dir='ltr' id='par_1_72' title="bbox 1863 3701 3420 3769">
     <span class='ocr_line' id='line_1_72' title="bbox 1863 3701 3420 3769; baseline -0.001 -14"><span class='ocrx_word' id='word_1_561' title='bbox 1863 3706 1996 3756; x_wconf 89' lang='lat' dir='ltr'><strong>tium</strong></span> <span class='ocrx_word' id='word_1_562' title='bbox 2041 3701 2297 3763; x_wconf 89' lang='lat' dir='ltr'><strong>audiret,</strong></span> <span class='ocrx_word' id='word_1_563' title='bbox 2346 3701 2808 3768; x_wconf 82' lang='lat' dir='ltr'><strong>opportunitatem</strong></span> <span class='ocrx_word' id='word_1_564' title='bbox 2863 3709 3046 3767; x_wconf 87' lang='lat' dir='ltr'><strong>optata</strong></span> <span class='ocrx_word' id='word_1_565' title='bbox 3102 3701 3420 3769; x_wconf 78' lang='lat' dir='ltr'><strong>perﬁciendi</strong></span> 
     </span>
    </p>
   </div>
   <div class='ocr_carea' id='block_1_73' title="bbox 1857 3791 3426 3860">
    <p class='ocr_par' dir='ltr' id='par_1_73' title="bbox 1857 3791 3426 3860">
     <span class='ocr_line' id='line_1_73' title="bbox 1857 3791 3426 3860; baseline -0.003 -11"><span class='ocrx_word' id='word_1_566' title='bbox 1857 3795 1975 3849; x_wconf 89' lang='lat' dir='ltr'><strong>dari</strong></span> <span class='ocrx_word' id='word_1_567' title='bbox 2037 3794 2142 3849; x_wconf 87' lang='lat' dir='ltr'><strong>sibi</strong></span> <span class='ocrx_word' id='word_1_568' title='bbox 2195 3804 2362 3846; x_wconf 80' lang='lat' dir='ltr'><strong>ratus.</strong></span> <span class='ocrx_word' id='word_1_569' title='bbox 2415 3791 2603 3860; x_wconf 85' lang='lat' dir='ltr'><strong>Itaque</strong></span> <span class='ocrx_word' id='word_1_570' title='bbox 2655 3808 2751 3860; x_wconf 90' lang='lat' dir='ltr'><strong>per</strong></span> <span class='ocrx_word' id='word_1_571' title='bbox 2802 3792 3040 3860; x_wconf 87' lang='lat' dir='ltr'><strong>speciem</strong></span> <span class='ocrx_word' id='word_1_572' title='bbox 3093 3792 3289 3844; x_wconf 87' lang='lat' dir='ltr'><strong>natalis</strong></span> <span class='ocrx_word' id='word_1_573' title='bbox 3342 3792 3426 3845; x_wconf 89' lang='lat' dir='ltr'><strong>sui</strong></span> 
     </span>
    </p>
   </div>
   <div class='ocr_carea' id='block_1_74' title="bbox 1859 3882 3424 3953">
    <p class='ocr_par' dir='ltr' id='par_1_74' title="bbox 1859 3882 3424 3953">
     <span class='ocr_line' id='line_1_74' title="bbox 1859 3882 3424 3953; baseline -0.004 -12"><span class='ocrx_word' id='word_1_574' title='bbox 1859 3886 2174 3941; x_wconf 87' lang='lat' dir='ltr'><strong>celebrandi</strong></span> <span class='ocrx_word' id='word_1_575' title='bbox 2237 3883 2658 3953; x_wconf 79' lang='lat' dir='ltr'><strong>Augustuduni,</strong></span> <span class='ocrx_word' id='word_1_576' title='bbox 2710 3883 2982 3952; x_wconf 85' lang='lat' dir='ltr'><strong>primores</strong></span> <span class='ocrx_word' id='word_1_577' title='bbox 3060 3882 3298 3936; x_wconf 76' lang='lat' dir='ltr'><strong>civitatis</strong></span> <span class='ocrx_word' id='word_1_578' title='bbox 3356 3883 3424 3935; x_wconf 83' lang='lat' dir='ltr'><strong>ad</strong></span> 
     </span>
    </p>
   </div>
   <div class='ocr_carea' id='block_1_75' title="bbox 1858 3974 3427 4045">
    <p class='ocr_par' dir='ltr' id='par_1_75' title="bbox 1858 3974 3427 4045">
     <span class='ocr_line' id='line_1_75' title="bbox 1858 3974 3427 4045; baseline -0.001 -15"><span class='ocrx_word' id='word_1_579' title='bbox 1858 3977 2054 4045; x_wconf 83' lang='lat' dir='ltr'><strong>epulas</strong></span> <span class='ocrx_word' id='word_1_580' title='bbox 2135 3977 2351 4039; x_wconf 78' lang='lat' dir='ltr'><strong>invitat,</strong></span> <span class='ocrx_word' id='word_1_581' title='bbox 2417 3975 2682 4044; x_wconf 83' lang='lat' dir='ltr'><strong>quosdam</strong></span> <span class='ocrx_word' id='word_1_582' title='bbox 2743 3975 2958 4029; x_wconf 85' lang='lat' dir='ltr'><strong>consilii</strong></span> <span class='ocrx_word' id='word_1_583' title='bbox 3009 3974 3093 4028; x_wconf 91' lang='lat' dir='ltr'><strong>sui</strong></span> <span class='ocrx_word' id='word_1_584' title='bbox 3157 3976 3427 4037; x_wconf 75' lang='lat' dir='ltr'><strong>conscios,</strong></span> 
     </span>
    </p>
   </div>
   <div class='ocr_carea' id='block_1_76' title="bbox 1858 4065 3425 4135">
    <p class='ocr_par' dir='ltr' id='par_1_76' title="bbox 1858 4065 3425 4135">
     <span class='ocr_line' id='line_1_76' title="bbox 1858 4065 3425 4135; baseline -0.002 -15"><span class='ocrx_word' id='word_1_585' title='bbox 1858 4067 2156 4121; x_wconf 86' lang='lat' dir='ltr'><strong>nonnullos</strong></span> <span class='ocrx_word' id='word_1_586' title='bbox 2192 4067 2528 4135; x_wconf 78' lang='lat' dir='ltr'><strong>ignorantes,</strong></span> <span class='ocrx_word' id='word_1_587' title='bbox 2566 4065 2699 4134; x_wconf 86' lang='lat' dir='ltr'><strong>quid</strong></span> <span class='ocrx_word' id='word_1_588' title='bbox 2747 4065 2915 4119; x_wconf 84' lang='lat' dir='ltr'><strong>animi</strong></span> <span class='ocrx_word' id='word_1_589' title='bbox 2963 4065 3193 4119; x_wconf 87' lang='lat' dir='ltr'><strong>haberet</strong></span> <span class='ocrx_word' id='word_1_590' title='bbox 3227 4081 3240 4116; x_wconf 88' lang='lat'><strong>:</strong></span> <span class='ocrx_word' id='word_1_591' title='bbox 3292 4079 3425 4133; x_wconf 81' lang='lat' dir='ltr'><strong>pro-</strong></span> 
     </span>
    </p>
   </div>
   <div class='ocr_carea' id='block_1_77' title="bbox 1857 4162 3428 4231">
    <p class='ocr_par' dir='ltr' id='par_1_77' title="bbox 1857 4162 3428 4231">
     <span class='ocr_line' id='line_1_77' title="bbox 1857 4162 3428 4231; baseline -0.001 -14"><span class='ocrx_word' id='word_1_592' title='bbox 1857 4163 2134 4230; x_wconf 88' lang='lat' dir='ltr'><strong>ductoque</strong></span> <span class='ocrx_word' id='word_1_593' title='bbox 2169 4178 2338 4230; x_wconf 91' lang='lat' dir='ltr'><strong>usque</strong></span> <span class='ocrx_word' id='word_1_594' title='bbox 2376 4163 2440 4215; x_wconf 91' lang='lat' dir='ltr'><strong>ad</strong></span> <span class='ocrx_word' id='word_1_595' title='bbox 2490 4166 2772 4230; x_wconf 77' lang='lat' dir='ltr'><strong>vesperam</strong></span> <span class='ocrx_word' id='word_1_596' title='bbox 2821 4162 3095 4226; x_wconf 82' lang='lat' dir='ltr'><strong>convivio,</strong></span> <span class='ocrx_word' id='word_1_597' title='bbox 3139 4162 3334 4231; x_wconf 82' lang='lat' dir='ltr'><strong>surgit,</strong></span> <span class='ocrx_word' id='word_1_598' title='bbox 3372 4172 3428 4216; x_wconf 89' lang='lat' dir='ltr'><strong>et</strong></span> 
     </span>
    </p>
   </div>
   <div class='ocr_carea' id='block_1_78' title="bbox 1856 4249 3426 4321">
    <p class='ocr_par' dir='ltr' id='par_1_78' title="bbox 1856 4249 3426 4321">
     <span class='ocr_line' id='line_1_78' title="bbox 1856 4249 3426 4321; baseline 0.001 -17"><span class='ocrx_word' id='word_1_599' title='bbox 1856 4265 2091 4321; x_wconf 86' lang='lat' dir='ltr'><strong>propere</strong></span> <span class='ocrx_word' id='word_1_600' title='bbox 2142 4249 2458 4306; x_wconf 85' lang='lat' dir='ltr'><strong>cubiculum</strong></span> <span class='ocrx_word' id='word_1_601' title='bbox 2496 4252 2795 4320; x_wconf 83' lang='lat' dir='ltr'><strong>ingressus,</strong></span> <span class='ocrx_word' id='word_1_602' title='bbox 2837 4254 3001 4320; x_wconf 85' lang='lat' dir='ltr'><strong>paulo</strong></span> <span class='ocrx_word' id='word_1_603' title='bbox 3051 4260 3176 4320; x_wconf 90' lang='lat' dir='ltr'><strong>post</strong></span> <span class='ocrx_word' id='word_1_604' title='bbox 3237 4250 3426 4305; x_wconf 89' lang='lat' dir='ltr'><strong>habitu</strong></span> 
     </span>
    </p>
   </div>
   <div class='ocr_carea' id='block_1_79' title="bbox 1858 4341 3428 4413">
    <p class='ocr_par' dir='ltr' id='par_1_79' title="bbox 1858 4341 3428 4413">
     <span class='ocr_line' id='line_1_79' title="bbox 1858 4341 3428 4413; baseline -0.001 -17"><span class='ocrx_word' id='word_1_605' title='bbox 1858 4345 2010 4413; x_wconf 83' lang='lat' dir='ltr'><strong>regio</strong></span> <span class='ocrx_word' id='word_1_606' title='bbox 2040 4359 2166 4397; x_wconf 90' lang='lat' dir='ltr'><strong>cum</strong></span> <span class='ocrx_word' id='word_1_607' title='bbox 2218 4344 2405 4397; x_wconf 91' lang='lat' dir='ltr'><strong>multis</strong></span> <span class='ocrx_word' id='word_1_608' title='bbox 2443 4342 2777 4397; x_wconf 86' lang='lat' dir='ltr'><strong>satellitibus</strong></span> <span class='ocrx_word' id='word_1_609' title='bbox 2813 4341 3185 4410; x_wconf 82' lang='lat' dir='ltr'><strong>progreditur.</strong></span> <span class='ocrx_word' id='word_1_610' title='bbox 3221 4341 3298 4394; x_wconf 81' lang='lat' dir='ltr'><strong>Ea</strong></span> <span class='ocrx_word' id='word_1_611' title='bbox 3337 4355 3428 4395; x_wconf 87' lang='lat' dir='ltr'><strong>res</strong></span> 
     </span>
    </p>
   </div>
   <div class='ocr_carea' id='block_1_80' title="bbox 176 4422 1760 4506">
    <p class='ocr_par' dir='ltr' id='par_1_80' title="bbox 176 4435 1752 4506">
     <span class='ocr_line' id='line_1_80' title="bbox 176 4435 1752 4506; baseline -0.001 -17"><span class='ocrx_word' id='word_1_612' title='bbox 176 4437 386 4505; x_wconf 76' lang='grc' dir='ltr'>αἴφνης</span> <span class='ocrx_word' id='word_1_613' title='bbox 432 4435 512 4497; x_wconf 85' lang='grc' dir='ltr'><strong>είς</strong></span> <span class='ocrx_word' id='word_1_614' title='bbox 561 4436 654 4487; x_wconf 84' lang='grc' dir='ltr'>τὸν</span> <span class='ocrx_word' id='word_1_615' title='bbox 701 4435 938 4489; x_wconf 83' lang='grc' dir='ltr'>κοιτῶνα</span> <span class='ocrx_word' id='word_1_616' title='bbox 996 4437 1307 4506; x_wconf 86' lang='grc' dir='ltr'>είσέδραμε,</span> <span class='ocrx_word' id='word_1_617' title='bbox 1359 4439 1452 4488; x_wconf 78' lang='grc' dir='ltr'>καὶ</span> <span class='ocrx_word' id='word_1_618' title='bbox 1505 4435 1752 4505; x_wconf 87' lang='grc' dir='ltr'>πρόεισιν</span> 
     </span>
    </p>
   </div>
   <div class='ocr_carea' id='block_1_81' title="bbox 1868 4422 3428 4506">
    <p class='ocr_par' dir='ltr' id='par_1_81' title="bbox 1868 4433 3428 4505">
     <span class='ocr_line' id='line_1_81' title="bbox 1868 4433 3428 4505; baseline 0 -18"><span class='ocrx_word' id='word_1_619' title='bbox 1868 4435 2082 4505; x_wconf 85' lang='lat' dir='ltr'><strong>ignaros</strong></span> <span class='ocrx_word' id='word_1_620' title='bbox 2110 4435 2240 4504; x_wconf 91' lang='lat' dir='ltr'><strong>quid</strong></span> <span class='ocrx_word' id='word_1_621' title='bbox 2270 4434 2563 4489; x_wconf 90' lang='lat' dir='ltr'><strong>moliretur</strong></span> <span class='ocrx_word' id='word_1_622' title='bbox 2591 4433 2968 4488; x_wconf 88' lang='lat' dir='ltr'><strong>consternavit</strong></span> <span class='ocrx_word' id='word_1_623' title='bbox 3002 4450 3014 4486; x_wconf 88' lang='lat'><strong>:</strong></span> <span class='ocrx_word' id='word_1_624' title='bbox 3049 4433 3144 4487; x_wconf 86' lang='lat' dir='ltr'><strong>sed</strong></span> <span class='ocrx_word' id='word_1_625' title='bbox 3176 4433 3428 4487; x_wconf 84' lang='lat' dir='ltr'><strong>oratione</strong></span> 
     </span>
    </p>
   </div>
   <div class='ocr_carea' id='block_1_82' title="bbox 175 4525 1752 4597">
    <p class='ocr_par' dir='ltr' id='par_1_82' title="bbox 175 4525 1752 4597">
     <span class='ocr_line' id='line_1_82' title="bbox 175 4525 1752 4597; baseline 0.001 -18"><span class='ocrx_word' id='word_1_626' title='bbox 175 4525 399 4579; x_wconf 76' lang='grc' dir='ltr'>ἐκεῖθεν</span> <span class='ocrx_word' id='word_1_627' title='bbox 451 4525 589 4595; x_wconf 85' lang='grc' dir='ltr'><strong>μετά</strong></span> <span class='ocrx_word' id='word_1_628' title='bbox 639 4527 811 4596; x_wconf 76' lang='grc' dir='ltr'>βραχὺ</span> <span class='ocrx_word' id='word_1_629' title='bbox 847 4531 907 4580; x_wconf 79' lang='grc' dir='ltr'>ἐν</span> <span class='ocrx_word' id='word_1_630' title='bbox 937 4529 1176 4597; x_wconf 86' lang='grc' dir='ltr'>σχήματι</span> <span class='ocrx_word' id='word_1_631' title='bbox 1209 4528 1488 4597; x_wconf 84' lang='grc' dir='ltr'>βασιλείας</span> <span class='ocrx_word' id='word_1_632' title='bbox 1538 4528 1636 4580; x_wconf 87' lang='grc' dir='ltr'>σὺν</span> <span class='ocrx_word' id='word_1_633' title='bbox 1665 4528 1752 4581; x_wconf 88' lang='grc' dir='ltr'>δο-</span> 
     </span>
    </p>
   </div>
   <div class='ocr_carea' id='block_1_83' title="bbox 179 4617 1752 4689">
    <p class='ocr_par' dir='ltr' id='par_1_83' title="bbox 179 4617 1752 4689">
     <span class='ocr_line' id='line_1_83' title="bbox 179 4617 1752 4689; baseline 0.002 -19"><span class='ocrx_word' id='word_1_634' title='bbox 179 4620 446 4689; x_wconf 68' lang='grc' dir='ltr'>ρυφόροις</span> <span class='ocrx_word' id='word_1_635' title='bbox 479 4617 716 4683; x_wconf 84' lang='grc' dir='ltr'>πολλοῖς,</span> <span class='ocrx_word' id='word_1_636' title='bbox 763 4618 791 4669; x_wconf 81' lang='grc' dir='ltr'><strong>δ</strong></span> <span class='ocrx_word' id='word_1_637' title='bbox 829 4619 958 4681; x_wconf 82' lang='grc' dir='ltr'>τοὺς</span> <span class='ocrx_word' id='word_1_638' title='bbox 989 4622 1063 4688; x_wconf 80' lang='grc' dir='ltr'>μὴ</span> <span class='ocrx_word' id='word_1_639' title='bbox 1103 4620 1414 4682; x_wconf 87' lang='grc' dir='ltr'>συνειδότας</span> <span class='ocrx_word' id='word_1_640' title='bbox 1464 4620 1614 4689; x_wconf 82' lang='grc' dir='ltr'><strong>αὐτῷ</strong></span> <span class='ocrx_word' id='word_1_641' title='bbox 1652 4621 1752 4689; x_wconf 73' lang='grc' dir='ltr'>τὴν</span> 
     </span>
    </p>
   </div>
   <div class='ocr_carea' id='block_1_84' title="bbox 173 4707 1752 4781">
    <p class='ocr_par' dir='ltr' id='par_1_84' title="bbox 173 4707 1752 4781">
     <span class='ocr_line' id='line_1_84' title="bbox 173 4707 1752 4781; baseline 0.001 -19"><span class='ocrx_word' id='word_1_642' title='bbox 173 4707 384 4781; x_wconf 80' lang='grc' dir='ltr'>πρᾶξιν</span> <span class='ocrx_word' id='word_1_643' title='bbox 413 4708 696 4779; x_wconf 66' lang='grc' dir='ltr'>ἐτάραξεν.</span> <span class='ocrx_word' id='word_1_644' title='bbox 737 4711 974 4773; x_wconf 81' lang='grc' dir='ltr'>Ἐκεῖνος</span> <span class='ocrx_word' id='word_1_645' title='bbox 1002 4710 1056 4762; x_wconf 80' lang='grc' dir='ltr'>δὲ</span> <span class='ocrx_word' id='word_1_646' title='bbox 1100 4711 1404 4781; x_wconf 71' lang='grc' dir='ltr'>διαλεχθεὶς</span> <span class='ocrx_word' id='word_1_647' title='bbox 1449 4714 1559 4774; x_wconf 78' lang='grc' dir='ltr'>τοῖς</span> <span class='ocrx_word' id='word_1_648' title='bbox 1605 4728 1752 4780; x_wconf 86' lang='grc' dir='ltr'>παρ-</span> 
     </span>
    </p>
   </div>
   <div class='ocr_carea' id='block_1_85' title="bbox 1858 4527 3426 4599">
    <p class='ocr_par' dir='ltr' id='par_1_85' title="bbox 1858 4527 3426 4599">
     <span class='ocr_line' id='line_1_85' title="bbox 1858 4527 3426 4599; baseline -0.001 -16"><span class='ocrx_word' id='word_1_649' title='bbox 1858 4530 1925 4583; x_wconf 89' lang='lat' dir='ltr'><strong>ad</strong></span> <span class='ocrx_word' id='word_1_650' title='bbox 1965 4545 2061 4585; x_wconf 88' lang='lat' dir='ltr'><strong>eos</strong></span> <span class='ocrx_word' id='word_1_651' title='bbox 2103 4531 2195 4599; x_wconf 92' lang='lat' dir='ltr'><strong>qui</strong></span> <span class='ocrx_word' id='word_1_652' title='bbox 2236 4531 2468 4584; x_wconf 81' lang='lat' dir='ltr'><strong>aderant</strong></span> <span class='ocrx_word' id='word_1_653' title='bbox 2519 4529 2727 4588; x_wconf 88' lang='lat' dir='ltr'><strong>habita,</strong></span> <span class='ocrx_word' id='word_1_654' title='bbox 2765 4528 2902 4582; x_wconf 91' lang='lat' dir='ltr'><strong>alios</strong></span> <span class='ocrx_word' id='word_1_655' title='bbox 2941 4527 3145 4590; x_wconf 85' lang='lat' dir='ltr'><strong>verbis,</strong></span> <span class='ocrx_word' id='word_1_656' title='bbox 3197 4527 3333 4581; x_wconf 88' lang='lat' dir='ltr'><strong>alios</strong></span> <span class='ocrx_word' id='word_1_657' title='bbox 3372 4528 3426 4581; x_wconf 87' lang='lat' dir='ltr'><strong>vi</strong></span> 
     </span>
    </p>
   </div>
   <div class='ocr_carea' id='block_1_86' title="bbox 1860 4618 3428 4690">
    <p class='ocr_par' dir='ltr' id='par_1_86' title="bbox 1860 4618 3428 4690">
     <span class='ocr_line' id='line_1_86' title="bbox 1860 4618 3428 4690; baseline -0.002 -15"><span class='ocrx_word' id='word_1_658' title='bbox 1860 4621 1916 4675; x_wconf 91' lang='lat' dir='ltr'><strong>in</strong></span> <span class='ocrx_word' id='word_1_659' title='bbox 1943 4637 2069 4676; x_wconf 88' lang='lat' dir='ltr'><strong>suas</strong></span> <span class='ocrx_word' id='word_1_660' title='bbox 2102 4630 2284 4690; x_wconf 87' lang='lat' dir='ltr'><strong>partes</strong></span> <span class='ocrx_word' id='word_1_661' title='bbox 2304 4623 2573 4686; x_wconf 89' lang='lat' dir='ltr'><strong>traducit;</strong></span> <span class='ocrx_word' id='word_1_662' title='bbox 2604 4622 2780 4690; x_wconf 89' lang='lat' dir='ltr'><strong>iisque</strong></span> <span class='ocrx_word' id='word_1_663' title='bbox 2806 4618 3200 4674; x_wconf 87' lang='lat' dir='ltr'><strong>comitantibus</strong></span> <span class='ocrx_word' id='word_1_664' title='bbox 3225 4619 3428 4689; x_wconf 87' lang='lat' dir='ltr'><strong>regiam</strong></span> 
     </span>
    </p>
   </div>
   <div class='ocr_carea' id='block_1_87' title="bbox 1864 4711 3430 4784">
    <p class='ocr_par' dir='ltr' id='par_1_87' title="bbox 1864 4711 3430 4784">
     <span class='ocr_line' id='line_1_87' title="bbox 1864 4711 3430 4784; baseline -0.001 -19"><span class='ocrx_word' id='word_1_665' title='bbox 1864 4713 2190 4782; x_wconf 84' lang='lat' dir='ltr'><strong>ingreditur,</strong></span> <span class='ocrx_word' id='word_1_666' title='bbox 2215 4713 2502 4783; x_wconf 87' lang='lat' dir='ltr'><strong>pecuniam</strong></span> <span class='ocrx_word' id='word_1_667' title='bbox 2551 4713 2860 4784; x_wconf 86' lang='lat' dir='ltr'><strong>dilargitur,</strong></span> <span class='ocrx_word' id='word_1_668' title='bbox 2911 4712 3088 4780; x_wconf 81' lang='lat' dir='ltr'><strong>portis</strong></span> <span class='ocrx_word' id='word_1_669' title='bbox 3143 4711 3298 4766; x_wconf 88' lang='lat' dir='ltr'><strong>urbis</strong></span> <span class='ocrx_word' id='word_1_670' title='bbox 3333 4725 3430 4764; x_wconf 84' lang='lat' dir='ltr'><strong>cu-</strong></span> 
     </span>
    </p>
   </div>
   <div class='ocr_carea' id='block_1_88' title="bbox 1337 4866 2222 4930">
    <p class='ocr_par' dir='ltr' id='par_1_88' title="bbox 1337 4866 2222 4930">
     <span class='ocr_line' id='line_1_88' title="bbox 1337 4866 2222 4930; baseline 0.001 -3"><span class='ocrx_word' id='word_1_671' title='bbox 1337 4868 1544 4930; x_wconf 72' lang='lat' dir='ltr'><strong>Varite</strong></span> <span class='ocrx_word' id='word_1_672' title='bbox 1577 4866 1886 4928; x_wconf 88' lang='lat' dir='ltr'><strong>lectiones</strong></span> <span class='ocrx_word' id='word_1_673' title='bbox 1929 4876 1991 4928; x_wconf 91' lang='lat' dir='ltr'><strong>et</strong></span> <span class='ocrx_word' id='word_1_674' title='bbox 2029 4875 2222 4929; x_wconf 64' lang='lat' dir='ltr'><strong>notae.</strong></span> 
     </span>
    </p>
   </div>
   <div class='ocr_carea' id='block_1_89' title="bbox 250 4983 1760 5056">
    <p class='ocr_par' dir='ltr' id='par_1_89' title="bbox 250 4983 1760 5056">
     <span class='ocr_line' id='line_1_89' title="bbox 250 4983 1760 5056; baseline -0.002 -14"><span class='ocrx_word' id='word_1_675' title='bbox 250 4987 369 5056; x_wconf 76' lang='grc'><strong>(34)</strong></span> <span class='ocrx_word' id='word_1_676' title='bbox 433 4987 534 5040; x_wconf 76' lang='grc' dir='ltr'>Ἐκ</span> <span class='ocrx_word' id='word_1_677' title='bbox 574 4983 954 5056; x_wconf 74' lang='grc' dir='ltr'>Βαϐυλῶνος,</span> <span class='ocrx_word' id='word_1_678' title='bbox 980 4985 1632 5056; x_wconf 15' lang='grc' dir='ltr'>δέρμασιννὲγχωρμίοις.</span> <span class='ocrx_word' id='word_1_679' title='bbox 1685 4984 1760 5039; x_wconf 86' lang='lat' dir='ltr'><strong>De</strong></span> 
     </span>
    </p>
   </div>
   <div class='ocr_carea' id='block_1_90' title="bbox 173 5054 1758 5180">
    <p class='ocr_par' dir='ltr' id='par_1_90' title="bbox 173 5054 1758 5180">
     <span class='ocr_line' id='line_1_90' title="bbox 173 5054 1758 5180; baseline -0.001 -68"><span class='ocrx_word' id='word_1_680' title='bbox 173 5054 794 5180; x_wconf 44' lang='lat' dir='ltr'><strong>pellibpseBa‘gyionicis</strong></span> <span class='ocrx_word' id='word_1_681' title='bbox 847 5055 960 5110; x_wconf 81' lang='lat' dir='ltr'><strong>dixi</strong></span> <span class='ocrx_word' id='word_1_682' title='bbox 1004 5055 1072 5111; x_wconf 89' lang='lat' dir='ltr'><strong>ad</strong></span> <span class='ocrx_word' id='word_1_683' title='bbox 1102 5055 1440 5121; x_wconf 83' lang='lat' dir='ltr'><strong>Joinvillam,</strong></span> <span class='ocrx_word' id='word_1_684' title='bbox 1475 5054 1758 5110; x_wconf 85' lang='lat' dir='ltr'><strong>dissertat.</strong></span> 
     </span>
     <span class='ocr_line' id='line_1_91' title="bbox 177 5141 633 5180; baseline 0 0"><span class='ocrx_word' id='word_1_685' title='bbox 177 5147 216 5180; x_wconf 91' lang='grc' dir='ltr'>ι.</span> <span class='ocrx_word' id='word_1_686' title='bbox 260 5143 317 5180; x_wconf 82' lang='grc' dir='ltr'><strong>ι).</strong></span> <span class='ocrx_word' id='word_1_687' title='bbox 387 5141 419 5178; x_wconf 78' lang='grc' dir='ltr'><strong>ο</strong></span> <span class='ocrx_word' id='word_1_688' title='bbox 459 5166 475 5180; x_wconf 89' lang='grc'><em>.</em></span> <span class='ocrx_word' id='word_1_689' title='bbox 618 5166 633 5180; x_wconf 94' lang='grc'><strong>.</strong></span> 
     </span>
    </p>
   </div>
   <div class='ocr_carea' id='block_1_91' title="bbox 177 5127 633 5190">
    <p class='ocr_par' dir='ltr' id='par_1_91' title="bbox 177 5127 633 5190">
     <span class='ocr_line' id='line_1_92' title="bbox 177 5127 633 5190; baseline -0.007 -7"><span class='ocrx_word' id='word_1_690' title='bbox 177 5127 216 5190; x_wconf 87' lang='lat' dir='ltr'><strong>i,</strong></span> <span class='ocrx_word' id='word_1_691' title='bbox 260 5143 317 5190; x_wconf 85' lang='grc' dir='ltr'><strong>ι).</strong></span> <span class='ocrx_word' id='word_1_692' title='bbox 353 5127 475 5190; x_wconf 74' lang='grc'>152,</span> <span class='ocrx_word' id='word_1_693' title='bbox 509 5127 633 5180; x_wconf 75' lang='grc'><strong>154.</strong></span> 
     </span>
    </p>
   </div>
   <div class='ocr_carea' id='block_1_92' title="bbox 200 5143 1755 5265">
    <p class='ocr_par' dir='ltr' id='par_1_92' title="bbox 200 5143 1755 5265">
     <span class='ocr_line' id='line_1_93' title="bbox 200 5143 633 5195; baseline 0 -15"><span class='ocrx_word' id='word_1_694' title='bbox 200 5170 216 5195; x_wconf 89' lang='grc'><strong>,</strong></span> <span class='ocrx_word' id='word_1_695' title='bbox 260 5143 317 5195; x_wconf 89' lang='lat' dir='ltr'><strong>p.</strong></span> <span class='ocrx_word' id='word_1_696' title='bbox 353 5143 475 5190; x_wconf 72' lang='lat' dir='ltr'><strong>loz,</strong></span> <span class='ocrx_word' id='word_1_697' title='bbox 509 5143 633 5180; x_wconf 65' lang='grc' dir='ltr'><strong>τοι.</strong></span> 
     </span>
     <span class='ocr_line' id='line_1_94' title="bbox 250 5192 1755 5265; baseline -0.001 -15"><span class='ocrx_word' id='word_1_698' title='bbox 250 5196 410 5265; x_wconf 7' lang='grc'><strong>(54⁸),</strong></span> <span class='ocrx_word' id='word_1_699' title='bbox 433 5193 735 5262; x_wconf 80' lang='grc' dir='ltr'>Ἠρώτησε</span> <span class='ocrx_word' id='word_1_700' title='bbox 763 5194 902 5265; x_wconf 11' lang='grc' dir='ltr'>,τόν</span> <span class='ocrx_word' id='word_1_701' title='bbox 937 5192 1340 5265; x_wconf 63' lang='grc' dir='ltr'><strong>ΔἈδανιὶρσηνκ</strong></span> <span class='ocrx_word' id='word_1_702' title='bbox 1364 5193 1434 5248; x_wconf 86' lang='lat' dir='ltr'><strong>At</strong></span> <span class='ocrx_word' id='word_1_703' title='bbox 1462 5193 1755 5265; x_wconf 15' lang='lat' dir='ltr'><strong>rZosimus,</strong></span> 
     </span>
    </p>
   </div>
   <div class='ocr_carea' id='block_1_93' title="bbox 172 5262 1758 5327">
    <p class='ocr_par' dir='ltr' id='par_1_93' title="bbox 172 5262 1758 5327">
     <span class='ocr_line' id='line_1_95' title="bbox 172 5262 1758 5327; baseline -0.004 -3"><span class='ocrx_word' id='word_1_704' title='bbox 172 5262 281 5324; x_wconf 64' lang='lat' dir='ltr'><strong>lib.</strong></span> <span class='ocrx_word' id='word_1_705' title='bbox 318 5262 380 5327; x_wconf 83' lang='grc' dir='ltr'><strong>ιι,</strong></span> <span class='ocrx_word' id='word_1_706' title='bbox 405 5264 544 5318; x_wconf 89' lang='lat' dir='ltr'><strong>hanc</strong></span> <span class='ocrx_word' id='word_1_707' title='bbox 569 5264 908 5319; x_wconf 86' lang='lat' dir='ltr'><strong>crudelitatis</strong></span> <span class='ocrx_word' id='word_1_708' title='bbox 935 5262 1168 5317; x_wconf 85' lang='lat' dir='ltr'><strong>indicem</strong></span> <span class='ocrx_word' id='word_1_709' title='bbox 1215 5279 1402 5318; x_wconf 84' lang='lat' dir='ltr'><strong>vocem</strong></span> <span class='ocrx_word' id='word_1_710' title='bbox 1460 5264 1758 5319; x_wconf 70' lang='lat' dir='ltr'><strong>llormisdae</strong></span> 
     </span>
    </p>
   </div>
   <div class='ocr_carea' id='block_1_94' title="bbox 172 5333 1753 5404">
    <p class='ocr_par' dir='ltr' id='par_1_94' title="bbox 172 5333 1753 5404">
     <span class='ocr_line' id='line_1_96' title="bbox 172 5333 1753 5404; baseline -0.002 -15"><span class='ocrx_word' id='word_1_711' title='bbox 172 5337 406 5391; x_wconf 75' lang='lat' dir='ltr'><strong>videtur</strong></span> <span class='ocrx_word' id='word_1_712' title='bbox 437 5334 698 5398; x_wconf 88' lang='lat' dir='ltr'><strong>tribuere,</strong></span> <span class='ocrx_word' id='word_1_713' title='bbox 718 5333 971 5404; x_wconf 72' lang='lat' dir='ltr'><strong>scribens</strong></span> <span class='ocrx_word' id='word_1_714' title='bbox 994 5339 1076 5404; x_wconf 60' lang='lat' dir='ltr'><strong>iet</strong></span> <span class='ocrx_word' id='word_1_715' title='bbox 1105 5349 1172 5387; x_wconf 80' lang='lat' dir='ltr'><strong>ex</strong></span> <span class='ocrx_word' id='word_1_716' title='bbox 1200 5348 1267 5386; x_wconf 85' lang='lat' dir='ltr'><strong>eo</strong></span> <span class='ocrx_word' id='word_1_717' title='bbox 1287 5334 1486 5389; x_wconf 85' lang='lat' dir='ltr'><strong>Suidas</strong></span> <span class='ocrx_word' id='word_1_718' title='bbox 1518 5335 1572 5388; x_wconf 92' lang='lat' dir='ltr'><strong>in</strong></span> <span class='ocrx_word' id='word_1_719' title='bbox 1595 5335 1753 5404; x_wconf 85' lang='grc' dir='ltr'>Μαρ-</span> 
     </span>
    </p>
   </div>
   <div class='ocr_carea' id='block_1_95' title="bbox 174 5402 1751 5472">
    <p class='ocr_par' dir='ltr' id='par_1_95' title="bbox 174 5402 1751 5472">
     <span class='ocr_line' id='line_1_97' title="bbox 174 5402 1751 5472; baseline -0.002 -13"><span class='ocrx_word' id='word_1_720' title='bbox 174 5405 365 5471; x_wconf 82' lang='grc' dir='ltr'>σύας),</span> <span class='ocrx_word' id='word_1_721' title='bbox 398 5417 521 5458; x_wconf 89' lang='lat' dir='ltr'><strong>cum</strong></span> <span class='ocrx_word' id='word_1_722' title='bbox 552 5403 692 5457; x_wconf 81' lang='lat' dir='ltr'><strong>forte</strong></span> <span class='ocrx_word' id='word_1_723' title='bbox 714 5403 770 5456; x_wconf 87' lang='lat' dir='ltr'><strong>in</strong></span> <span class='ocrx_word' id='word_1_724' title='bbox 791 5402 1043 5457; x_wconf 86' lang='lat' dir='ltr'><strong>convivio</strong></span> <span class='ocrx_word' id='word_1_725' title='bbox 1073 5404 1484 5471; x_wconf 89' lang='lat' dir='ltr'><strong>supervenienti</strong></span> <span class='ocrx_word' id='word_1_726' title='bbox 1518 5404 1623 5458; x_wconf 87' lang='lat' dir='ltr'><strong>sibi</strong></span> <span class='ocrx_word' id='word_1_727' title='bbox 1654 5402 1751 5472; x_wconf 84' lang='lat' dir='ltr'><strong>op-</strong></span> 
     </span>
    </p>
   </div>
   <div class='ocr_carea' id='block_1_96' title="bbox 176 5472 1747 5535">
    <p class='ocr_par' dir='ltr' id='par_1_96' title="bbox 176 5472 1747 5535">
     <span class='ocr_line' id='line_1_98' title="bbox 176 5472 1747 5535; baseline -0.001 -7"><span class='ocrx_word' id='word_1_728' title='bbox 176 5476 404 5530; x_wconf 84' lang='lat' dir='ltr'><strong>timates</strong></span> <span class='ocrx_word' id='word_1_729' title='bbox 448 5487 556 5526; x_wconf 89' lang='lat' dir='ltr'><strong>non</strong></span> <span class='ocrx_word' id='word_1_730' title='bbox 599 5472 1045 5535; x_wconf 74' lang='lat' dir='ltr'><strong>assurrexissent,</strong></span> <span class='ocrx_word' id='word_1_731' title='bbox 1095 5475 1363 5526; x_wconf 88' lang='lat' dir='ltr'><strong>minatum</strong></span> <span class='ocrx_word' id='word_1_732' title='bbox 1405 5473 1747 5528; x_wconf 83' lang='lat' dir='ltr'><strong>llormisdam</strong></span> 
     </span>
    </p>
   </div>
   <div class='ocr_carea' id='block_1_97' title="bbox 173 5541 1748 5613">
    <p class='ocr_par' dir='ltr' id='par_1_97' title="bbox 173 5541 1748 5613">
     <span class='ocr_line' id='line_1_99' title="bbox 173 5541 1748 5613; baseline -0.003 -13"><span class='ocrx_word' id='word_1_733' title='bbox 173 5559 239 5600; x_wconf 79' lang='lat' dir='ltr'><strong>se</strong></span> <span class='ocrx_word' id='word_1_734' title='bbox 273 5544 356 5597; x_wconf 87' lang='lat' dir='ltr'><strong>eis</strong></span> <span class='ocrx_word' id='word_1_735' title='bbox 385 5541 608 5611; x_wconf 61' lang='lat' dir='ltr'><strong>Marsya!</strong></span> <span class='ocrx_word' id='word_1_736' title='bbox 636 5541 963 5611; x_wconf 88' lang='lat' dir='ltr'><strong>supplicium</strong></span> <span class='ocrx_word' id='word_1_737' title='bbox 1012 5541 1384 5613; x_wconf 79' lang='lat' dir='ltr'><strong>irrogaturum</strong></span> <span class='ocrx_word' id='word_1_738' title='bbox 1418 5560 1432 5594; x_wconf 86' lang='lat'><strong>:</strong></span> <span class='ocrx_word' id='word_1_739' title='bbox 1471 5544 1748 5613; x_wconf 86' lang='lat' dir='ltr'><strong>hujusque</strong></span> 
     </span>
    </p>
   </div>
   <div class='ocr_carea' id='block_1_98' title="bbox 177 5611 1745 5681">
    <p class='ocr_par' dir='ltr' id='par_1_98' title="bbox 177 5611 1745 5681">
     <span class='ocr_line' id='line_1_100' title="bbox 177 5611 1745 5681; baseline -0.001 -16"><span class='ocrx_word' id='word_1_740' title='bbox 177 5613 335 5668; x_wconf 86' lang='lat' dir='ltr'><strong>vocis</strong></span> <span class='ocrx_word' id='word_1_741' title='bbox 360 5625 632 5664; x_wconf 86' lang='lat' dir='ltr'><strong>memores</strong></span> <span class='ocrx_word' id='word_1_742' title='bbox 667 5626 962 5681; x_wconf 65' lang='lat' dir='ltr'><strong>proceres,</strong></span> <span class='ocrx_word' id='word_1_743' title='bbox 983 5621 1200 5665; x_wconf 88' lang='lat' dir='ltr'><strong>mortuo</strong></span> <span class='ocrx_word' id='word_1_744' title='bbox 1227 5611 1455 5677; x_wconf 82' lang='lat' dir='ltr'><strong>Narseo,</strong></span> <span class='ocrx_word' id='word_1_745' title='bbox 1481 5611 1745 5681; x_wconf 82' lang='lat' dir='ltr'><strong>Saporem</strong></span> 
     </span>
    </p>
   </div>
   <div class='ocr_carea' id='block_1_99' title="bbox 178 5681 1742 5749">
    <p class='ocr_par' dir='ltr' id='par_1_99' title="bbox 178 5681 1742 5749">
     <span class='ocr_line' id='line_1_101' title="bbox 178 5681 1742 5749; baseline -0.001 -11"><span class='ocrx_word' id='word_1_746' title='bbox 178 5684 240 5738; x_wconf 87' lang='lat' dir='ltr'><strong>in</strong></span> <span class='ocrx_word' id='word_1_747' title='bbox 268 5695 502 5749; x_wconf 70' lang='lat' dir='ltr'><strong>regnum</strong></span> <span class='ocrx_word' id='word_1_748' title='bbox 535 5681 902 5748; x_wconf 84' lang='lat' dir='ltr'><strong>substituisse,</strong></span> <span class='ocrx_word' id='word_1_749' title='bbox 956 5696 984 5735; x_wconf 87' lang='lat' dir='ltr'><strong>a</strong></span> <span class='ocrx_word' id='word_1_750' title='bbox 1018 5697 1127 5748; x_wconf 85' lang='lat' dir='ltr'><strong>quo</strong></span> <span class='ocrx_word' id='word_1_751' title='bbox 1177 5696 1302 5735; x_wconf 77' lang='lat' dir='ltr'><strong>mox</strong></span> <span class='ocrx_word' id='word_1_752' title='bbox 1351 5683 1641 5737; x_wconf 86' lang='lat' dir='ltr'><strong>llormisda</strong></span> <span class='ocrx_word' id='word_1_753' title='bbox 1687 5684 1742 5736; x_wconf 92' lang='lat' dir='ltr'><strong>in</strong></span> 
     </span>
    </p>
   </div>
   <div class='ocr_carea' id='block_1_100' title="bbox 1858 4985 3419 5056">
    <p class='ocr_par' dir='ltr' id='par_1_100' title="bbox 1858 4985 3419 5056">
     <span class='ocr_line' id='line_1_102' title="bbox 1858 4985 3419 5056; baseline 0.001 -21"><span class='ocrx_word' id='word_1_754' title='bbox 1858 4985 2079 5041; x_wconf 86' lang='lat' dir='ltr'><strong>vincula</strong></span> <span class='ocrx_word' id='word_1_755' title='bbox 2109 4987 2412 5056; x_wconf 87' lang='lat' dir='ltr'><strong>conjectus,</strong></span> <span class='ocrx_word' id='word_1_756' title='bbox 2451 4996 2638 5056; x_wconf 88' lang='lat' dir='ltr'><strong>postea</strong></span> <span class='ocrx_word' id='word_1_757' title='bbox 2678 4987 2870 5042; x_wconf 77' lang='lat' dir='ltr'><strong>uxoris</strong></span> <span class='ocrx_word' id='word_1_758' title='bbox 2911 4985 3185 5043; x_wconf 90' lang='lat' dir='ltr'><strong>industria</strong></span> <span class='ocrx_word' id='word_1_759' title='bbox 3221 4985 3419 5038; x_wconf 85' lang='lat' dir='ltr'><strong>libera-</strong></span> 
     </span>
    </p>
   </div>
   <div class='ocr_carea' id='block_1_101' title="bbox 1860 5057 2891 5127">
    <p class='ocr_par' dir='ltr' id='par_1_101' title="bbox 1860 5057 2891 5127">
     <span class='ocr_line' id='line_1_103' title="bbox 1860 5057 2891 5127; baseline 0.003 -19"><span class='ocrx_word' id='word_1_760' title='bbox 1860 5064 1966 5119; x_wconf 90' lang='lat' dir='ltr'><strong>tus,</strong></span> <span class='ocrx_word' id='word_1_761' title='bbox 2009 5057 2076 5109; x_wconf 90' lang='lat' dir='ltr'><strong>ad</strong></span> <span class='ocrx_word' id='word_1_762' title='bbox 2106 5057 2527 5111; x_wconf 84' lang='lat' dir='ltr'><strong>Constantinum</strong></span> <span class='ocrx_word' id='word_1_763' title='bbox 2580 5059 2891 5127; x_wconf 80' lang='lat' dir='ltr'><strong>transfugit.</strong></span> 
     </span>
    </p>
   </div>
   <div class='ocr_carea' id='block_1_102' title="bbox 1927 5122 3422 5196">
    <p class='ocr_par' dir='ltr' id='par_1_102' title="bbox 1927 5122 3422 5196">
     <span class='ocr_line' id='line_1_104' title="bbox 1927 5122 3422 5196; baseline -0.002 -18"><span class='ocrx_word' id='word_1_764' title='bbox 1927 5127 2039 5195; x_wconf 76' lang='lat'><strong>(55)</strong></span> <span class='ocrx_word' id='word_1_765' title='bbox 2086 5128 2306 5190; x_wconf 78' lang='grc' dir='ltr'><em>Ῥὶνην.</em></span> <span class='ocrx_word' id='word_1_766' title='bbox 2338 5127 2545 5180; x_wconf 88' lang='lat' dir='ltr'><strong>Limam</strong></span> <span class='ocrx_word' id='word_1_767' title='bbox 2580 5129 2711 5196; x_wconf 88' lang='lat' dir='ltr'><strong>pisci</strong></span> <span class='ocrx_word' id='word_1_768' title='bbox 2742 5122 3063 5191; x_wconf 61' lang='lat' dir='ltr'><strong>inimissam,</strong></span> <span class='ocrx_word' id='word_1_769' title='bbox 3092 5134 3150 5179; x_wconf 93' lang='lat' dir='ltr'><strong>ut</strong></span> <span class='ocrx_word' id='word_1_770' title='bbox 3174 5132 3256 5180; x_wconf 88' lang='lat' dir='ltr'><strong>est</strong></span> <span class='ocrx_word' id='word_1_771' title='bbox 3279 5122 3422 5192; x_wconf 88' lang='lat' dir='ltr'><strong>apud</strong></span> 
     </span>
    </p>
   </div>
   <div class='ocr_carea' id='block_1_103' title="bbox 1857 5193 3424 5268">
    <p class='ocr_par' dir='ltr' id='par_1_103' title="bbox 1857 5193 3424 5268">
     <span class='ocr_line' id='line_1_105' title="bbox 1857 5193 3424 5268; baseline 0.004 -21"><span class='ocrx_word' id='word_1_772' title='bbox 1857 5193 2156 5261; x_wconf 87' lang='lat' dir='ltr'><strong>Zosimum,</strong></span> <span class='ocrx_word' id='word_1_773' title='bbox 2187 5197 2285 5268; x_wconf 82' lang='lat' dir='ltr'><strong>lib.</strong></span> <span class='ocrx_word' id='word_1_774' title='bbox 2319 5214 2378 5260; x_wconf 89' lang='lat' dir='ltr'><strong>ll,</strong></span> <span class='ocrx_word' id='word_1_775' title='bbox 2429 5209 2486 5252; x_wconf 88' lang='lat' dir='ltr'><strong>et</strong></span> <span class='ocrx_word' id='word_1_776' title='bbox 2513 5193 2738 5268; x_wconf 65' lang='lat' dir='ltr'><strong>surdam</strong></span> <span class='ocrx_word' id='word_1_777' title='bbox 2765 5216 2780 5252; x_wconf 87' lang='grc'>;</span> <span class='ocrx_word' id='word_1_778' title='bbox 2807 5203 2903 5250; x_wconf 81' lang='grc' dir='ltr'><strong>Δια</strong></span> <span class='ocrx_word' id='word_1_779' title='bbox 2951 5202 3048 5268; x_wconf 81' lang='grc' dir='ltr'><strong>της</strong></span> <span class='ocrx_word' id='word_1_780' title='bbox 3097 5197 3188 5246; x_wconf 80' lang='grc' dir='ltr'>τοῦ</span> <span class='ocrx_word' id='word_1_781' title='bbox 3243 5197 3424 5262; x_wconf 64' lang='grc' dir='ltr'>ἰχθύος</span> 
     </span>
    </p>
   </div>
   <div class='ocr_carea' id='block_1_104' title="bbox 1859 5267 3378 5341">
    <p class='ocr_par' dir='ltr' id='par_1_104' title="bbox 1859 5267 3378 5341">
     <span class='ocr_line' id='line_1_106' title="bbox 1859 5267 3378 5341; baseline 0.005 -24"><span class='ocrx_word' id='word_1_782' title='bbox 1859 5267 2325 5341; x_wconf 15' lang='grc' dir='ltr'>μηχανῆς-*ῥίνην</span> <span class='ocrx_word' id='word_1_783' title='bbox 2360 5267 2810 5341; x_wconf 41' lang='grc' dir='ltr'>εἰσενεγκοῦσα.-</span> <span class='ocrx_word' id='word_1_784' title='bbox 2934 5339 2976 5341; x_wconf 24' lang='grc' dir='ltr'>η</span> <span class='ocrx_word' id='word_1_785' title='bbox 3008 5267 3013 5268; x_wconf 45' lang='grc'><strong><em>⁷</em></strong></span> <span class='ocrx_word' id='word_1_786' title='bbox 3114 5335 3128 5341; x_wconf 88' lang='lat'>_</span> <span class='ocrx_word' id='word_1_787' title='bbox 3297 5331 3332 5341; x_wconf 51' lang='grc' dir='ltr'>η</span> <span class='ocrx_word' id='word_1_788' title='bbox 3368 5331 3378 5341; x_wconf 35' lang='grc' dir='ltr'><strong>ν</strong></span> 
     </span>
    </p>
   </div>
   <div class='ocr_carea' id='block_1_105' title="bbox 1927 5331 3419 5406">
    <p class='ocr_par' dir='ltr' id='par_1_105' title="bbox 1927 5331 3419 5406">
     <span class='ocr_line' id='line_1_107' title="bbox 1927 5331 3419 5406; baseline -0.003 -18"><span class='ocrx_word' id='word_1_789' title='bbox 1927 5331 2076 5405; x_wconf 50' lang='grc' dir='ltr'>(τοι</span> <span class='ocrx_word' id='word_1_790' title='bbox 2109 5331 2212 5389; x_wconf 79' lang='grc' dir='ltr'><strong>Ἐν</strong></span> <span class='ocrx_word' id='word_1_791' title='bbox 2253 5331 2684 5406; x_wconf 69' lang='grc' dir='ltr'>Ᾰύγουσταλίῳ</span> <span class='ocrx_word' id='word_1_792' title='bbox 2739 5335 2810 5404; x_wconf 73' lang='grc' dir='ltr'>τῇ</span> <span class='ocrx_word' id='word_1_793' title='bbox 2862 5339 3055 5390; x_wconf 72' lang='grc' dir='ltr'>πόλει.</span> <span class='ocrx_word' id='word_1_794' title='bbox 3113 5335 3186 5386; x_wconf 88' lang='lat' dir='ltr'><strong>Ita</strong></span> <span class='ocrx_word' id='word_1_795' title='bbox 3246 5331 3419 5406; x_wconf 76' lang='lat' dir='ltr'><strong>editio</strong></span> 
     </span>
    </p>
   </div>
   <div class='ocr_carea' id='block_1_106' title="bbox 1855 5402 3422 5476">
    <p class='ocr_par' dir='ltr' id='par_1_106' title="bbox 1855 5402 3422 5476">
     <span class='ocr_line' id='line_1_108' title="bbox 1855 5402 3422 5476; baseline -0.005 -17"><span class='ocrx_word' id='word_1_796' title='bbox 1855 5402 2123 5476; x_wconf 59' lang='lat' dir='ltr'><strong>‘VOIIIana</strong></span> <span class='ocrx_word' id='word_1_797' title='bbox 2153 5423 2168 5459; x_wconf 90' lang='lat'><strong>:</strong></span> <span class='ocrx_word' id='word_1_798' title='bbox 2207 5417 2263 5461; x_wconf 87' lang='lat' dir='ltr'><strong>at</strong></span> <span class='ocrx_word' id='word_1_799' title='bbox 2289 5402 2448 5460; x_wconf 81' lang='lat' dir='ltr'><strong>codd.</strong></span> <span class='ocrx_word' id='word_1_800' title='bbox 2499 5407 2676 5476; x_wconf 77' lang='lat' dir='ltr'><strong>Regii,</strong></span> <span class='ocrx_word' id='word_1_801' title='bbox 2713 5409 2770 5458; x_wconf 83' lang='grc' dir='ltr'>ἐν</span> <span class='ocrx_word' id='word_1_802' title='bbox 2798 5402 3200 5476; x_wconf 16' lang='grc' dir='ltr'>ήΑὺγουστόλιμ,</span> <span class='ocrx_word' id='word_1_803' title='bbox 3231 5409 3286 5453; x_wconf 89' lang='lat' dir='ltr'><strong>et</strong></span> <span class='ocrx_word' id='word_1_804' title='bbox 3315 5402 3422 5476; x_wconf 59' lang='lat' dir='ltr'><strong>At}-</strong></span> 
     </span>
    </p>
   </div>
   <div class='ocr_carea' id='block_1_107' title="bbox 1852 5473 3420 5546">
    <p class='ocr_par' dir='ltr' id='par_1_107' title="bbox 1852 5473 3420 5546">
     <span class='ocr_line' id='line_1_109' title="bbox 1852 5473 3420 5546; baseline -0.004 -19"><span class='ocrx_word' id='word_1_805' title='bbox 1852 5475 2160 5546; x_wconf 68' lang='grc' dir='ltr'>γουστούλῳ</span> <span class='ocrx_word' id='word_1_806' title='bbox 2193 5476 2488 5544; x_wconf 66' lang='lat' dir='ltr'><strong>praeferunt</strong></span> <span class='ocrx_word' id='word_1_807' title='bbox 2523 5495 2535 5530; x_wconf 88' lang='lat'><strong>:</strong></span> <span class='ocrx_word' id='word_1_808' title='bbox 2567 5473 2672 5546; x_wconf 73' lang='lat' dir='ltr'><strong>qua</strong></span> <span class='ocrx_word' id='word_1_809' title='bbox 2703 5490 2858 5546; x_wconf 15' lang='lat' dir='ltr'><strong>vocer</strong></span> <span class='ocrx_word' id='word_1_810' title='bbox 2881 5473 3320 5546; x_wconf 67' lang='lat' dir='ltr'><strong>Augustodunum</strong></span> <span class='ocrx_word' id='word_1_811' title='bbox 3367 5474 3420 5523; x_wconf 83' lang='lat' dir='ltr'><strong>in</strong></span> 
     </span>
    </p>
   </div>
   <div class='ocr_carea' id='block_1_108' title="bbox 1854 5539 3418 5614">
    <p class='ocr_par' dir='ltr' id='par_1_108' title="bbox 1854 5539 3418 5614">
     <span class='ocr_line' id='line_1_110' title="bbox 1854 5539 3418 5614; baseline -0.002 -17"><span class='ocrx_word' id='word_1_812' title='bbox 1854 5539 2051 5600; x_wconf 64' lang='lat' dir='ltr'><strong>Eduis</strong></span> <span class='ocrx_word' id='word_1_813' title='bbox 2082 5539 2333 5600; x_wconf 63' lang='lat' dir='ltr'><strong>nimium</strong></span> <span class='ocrx_word' id='word_1_814' title='bbox 2353 5588 2366 5610; x_wconf 92' lang='lat'><strong>,</strong></span> <span class='ocrx_word' id='word_1_815' title='bbox 2403 5547 2495 5600; x_wconf 86' lang='lat' dir='ltr'><strong>ubi</strong></span> <span class='ocrx_word' id='word_1_816' title='bbox 2525 5539 2816 5614; x_wconf 74' lang='lat' dir='ltr'><strong>purpuram</strong></span> <span class='ocrx_word' id='word_1_817' title='bbox 2849 5539 3025 5614; x_wconf 79' lang='lat' dir='ltr'><strong>induit</strong></span> <span class='ocrx_word' id='word_1_818' title='bbox 3053 5539 3418 5606; x_wconf 76' lang='lat' dir='ltr'><strong>Magnentius,</strong></span> 
     </span>
    </p>
   </div>
   <div class='ocr_carea' id='block_1_109' title="bbox 1854 5612 3095 5672">
    <p class='ocr_par' dir='ltr' id='par_1_109' title="bbox 1854 5612 3095 5672">
     <span class='ocr_line' id='line_1_111' title="bbox 1854 5612 3095 5672; baseline -0.006 -3"><span class='ocrx_word' id='word_1_819' title='bbox 1854 5618 1933 5669; x_wconf 89' lang='lat' dir='ltr'><strong>uti</strong></span> <span class='ocrx_word' id='word_1_820' title='bbox 1971 5617 2174 5672; x_wconf 83' lang='lat' dir='ltr'><strong>habent</strong></span> <span class='ocrx_word' id='word_1_821' title='bbox 2201 5617 2471 5671; x_wconf 83' lang='lat' dir='ltr'><strong>Eusebius</strong></span> <span class='ocrx_word' id='word_1_822' title='bbox 2512 5612 2567 5670; x_wconf 82' lang='lat' dir='ltr'><strong>et</strong></span> <span class='ocrx_word' id='word_1_823' title='bbox 2593 5612 2852 5668; x_wconf 55' lang='lat' dir='ltr'><strong>A&#39;urelius</strong></span> <span class='ocrx_word' id='word_1_824' title='bbox 2891 5612 3095 5667; x_wconf 76' lang='lat' dir='ltr'><strong>Victor.</strong></span> 
     </span>
    </p>
   </div>
  </div>
