3938 6208
445 297 579 358 ΗΞιῖ

1715 293 2036 354 JOANNIS
2071 293 2392 355 ZONAR/E

3561 300 3704 363 “28

443 417 656 468 Patrem
697 417 875 464 astare
904 406 1006 461 sibi
1044 405 1290 475 putabat,
1322 404 1413 473 qui
1455 404 1624 457 tilium
1656 403 2008 458 Constantem

2145 405 2438 477 Ιλλυρικοίς
2491 407 2675 478 ἄρχων
2731 400 2886 470 οὗτος
2949 393 3375 480 στρατευμάτων
3410 414 3705 483 τυγχάνων

443 520 601 557 manu
641 510 832 555 tenens
861 543 875 563 ,
919 499 989 552 ita
1054 498 1158 561 sibi
1194 497 1440 550 diceret:
1483 495 1776 556 Constanti,
1811 511 1872 546 cn
1901 495 2016 562 {ra-

443 602 574 645 trem
619 602 767 644 tuum
799 588 1161 650 Constantem,
1207 585 1386 639 multis
1445 586 1651 654 regibus
1711 585 2014 646 oriundum,

444 685 531 752 qui
567 700 598 736 a
631 692 864 751 tyranno
895 694 1059 732 ra’sus
1083 686 1176 731 est.
1209 677 1341 745 Ejus
1370 693 1543 730 necem
1577 685 1624 728 te
1656 675 1834 728 ulcisci
1866 690 2020 744 opor-

445 775 584 835 tebit,
616 788 779 838 neque
827 772 1104 823 connivere
1139 771 1209 824 ad
1244 771 1452 838 imperii
1499 769 1929 822 dilacerationcm
1969 776 2019 820 et

445 865 758 918 eversionem
811 861 1128 932 reipublicae.
1171 861 1349 926 Quare
1388 861 1460 912 ad
1507 860 1839 929 tyrannidem
1873 874 2020 912 ever-

445 954 652 1007 tendam
678 969 928 1022 propera.
959 968 1123 1018 neque
1163 951 1390 1006 inultum
1425 952 1648 1020 fratrem
1675 967 1783 1004 esse
1813 960 2015 1020 patere.

447 1043 797 1098 Constantius
826 1059 856 1099 e
885 1059 1080 1098 somno
1125 1052 1502 1113 experrectus,
1525 1043 1734 1112 legatos
1755 1043 1808 1095 in
1835 1050 2020 1098 custo-

448 1134 591 1188 diam
638 1137 755 1199 dat,
799 1135 916 1204 ipse
971 1135 1178 1198 statim,
1218 1135 1357 1188 nihil
1392 1144 1705 1200 cunctatus,
1738 1135 2019 1190 Sardicam

449 1227 716 1294 pervenit.
753 1226 1014 1282 Vctranio
1041 1227 1343 1296 improviso
1391 1227 1494 1298 16
1534 1227 1888 1296 imperatoris
1921 1227 2022 1281 ad-

452 1326 616 1370 ventu
656 1317 900 1379 territus,
931 1316 1257 1371 Constantio
1297 1325 1356 1370 ut
1393 1317 1617 1370 domino
1649 1318 1900 1386 procedit
1925 1318 2024 1372 ob-

453 1408 621 1469 viam,
658 1407 867 1462 relictis
924 1408 1203 1477 prioribus
1253 1408 1520 1473 consiliis,
1575 1417 1631 1462 et
1675 1409 1852 1477 pactis
1903 1423 2025 1478 qua:

449 1513 573 1553 cum
605 1497 918 1568 Magnentio
970 1498 1174 1552 inierat
1221 1500 1460 1569 rejectis.
1501 1500 1636 1553 Eum
1669 1500 2026 1556 Constantius

448 1587 660 1642 sincere
688 1587 931 1653 admisit,
960 1589 1125 1642 etiam
1152 1604 1356 1643 mensa:
1381 1605 1493 1644 sure
1521 1590 1855 1645 adhibitum.
1886 1592 2023 1647 Nam

449 1682 598 1752 regni
623 1681 932 1751 insignibus
960 1682 1249 1748 depositis,
1286 1683 1543 1738 Vetranio
1579 1685 1793 1753 plebeio
1829 1686 2022 1740 habitu

2121 505 2215 556 καὶ
2242 503 2431 572 μαθὼν
2462 501 2556 554 τοῦ
2604 483 2948 568 Μαγνὲντὶου
3012 502 3111 573 τὴν
3164 505 3547 556 ἐπανάστασιν
3610 509 3705 556 καὶ

2118 596 2210 648 τὸν
2248 596 2408 663 φόνον
2437 593 2533 647 τοῦ
2566 593 2953 660 Κώνσταντος,
2980 595 3079 664 οὐχ
3099 595 3282 659 ὑπεῖξε
3321 595 3401 664 τῷ
3435 599 3708 667 τυραννή-

2120 703 2296 750 σαντι,
2331 685 2472 739 ἀλλά
2531 685 2627 736 καὶ
2660 685 2826 748 αὐτὸς
2858 685 3131 754 ἑτέρωθεν
3162 686 3445 756 τυραννίδι
3513 690 3708 740 ἐπικεο

2121 780 2372 848 χείρηκε.
2420 775 2510 845 Τῷ
2541 776 2915 846 Κωνσταντίῳ
2942 777 2988 828 δ’
3019 777 3359 830 ἐπιστέλλων
3415 779 3576 842 ἔλεγε
3631 779 3708 846 τῷ

2119 871 2374 941 τυράννῳ
2403 868 2928 932 ἀντικαθίστασθαι,
2969 870 3066 922 καὶ
3088 869 3252 922 αὐτὸν
3278 871 3582 938 ἀφικέσθαι
3630 872 3709 933 εἰς

2120 965 2222 1034 τὴν
2247 962 2455 1018 ἐκείνου
2507 953 2804 1016 κατάλυσιν
2838 962 3182 1032 κατήπειγεν
3203 963 3348 1030 (Μ).
3400 963 3530 1014 Ἐπὶ
3585 979 3709 1014 συν-

2127 1057 2328 1125 θήκαις
2359 1049 2454 1107 οὖν
2483 1054 2512 1105 ὁ
2543 1053 2850 1121 Βετρανίων
2881 1053 2977 1104 καὶ
3009 1053 3397 1120 ὀΜαγνέντιος
3447 1052 3707 1121 ἀλλήλοις

2126 1146 2490 1214 σπεισάμενοι
2520 1143 2781 1210 πρέσόεις
2801 1143 2970 1210 ἄμφω
2999 1143 3196 1204 κοινῶς
3218 1146 3353 1213 πρὸς
3395 1144 3495 1195 τὸν
3550 1145 3710 1197 Κων-

2127 1238 2380 1292 στάντιον
2412 1234 2749 1296 στέλλουσιν,
2795 1233 3081 1297 ἀξιοῦντες
3133 1234 3298 1286 αὐτὸν
3365 1235 3710 1288 καταθέσθαι

2123 1331 2194 1384 τὰ
2217 1328 2499 1393 ὄπλα,καὶ
2529 1327 2628 1396 τὴν
2673 1325 2898 1396 πρώτην
2950 1327 3098 1394 ἔχειν
3138 1327 3327 1394 τιμήν.
3386 1326 3527 1393 Περὶ
3578 1327 3709 1393 γοίν

2128 1422 2230 1490 τὴν
2264 1419 2366 1488 τῆς
2402 1417 2622 1488 Θρᾴκης
2657 1415 2994 1485 Ἡράκλειαν
3017 1416 3337 1484 ἐντυχόντες
3363 1417 3412 1468 ot
3445 1416 3707 1485 πρέσϐεις

2125 1512 2204 1582 τῷ
2237 1508 2605 1579 αὐτοκράτορι
2631 1505 2701 1559 τὰ
2726 1508 3091 1576 μεμηνυμένα
3141 1509 3190 1560 οἱ
3234 1508 3609 1576 ἀπήγγειλαν.
3668 1512 3708 1560 O

2127 1602 2186 1654 δὲ
2224 1602 2282 1654 ἐν
2321 1599 2566 1669 φροντίδι
2587 1597 2675 1650 διὰ
2705 1597 2882 1650 ταῦτα
2917 1599 3233 1667 γενόμενος,
3271 1599 3474 1660 νυκτὸς
3531 1602 3711 1664 ἐπιγε-

2126 1692 2518 1761 νομένης,δρᾷ
2549 1690 2790 1744 τοιοῦτον
2861 1689 3020 1758 δναρ.
3085 1690 3294 1743 Ἐδόκει
3354 1690 3452 1742 τὸν
3498 1692 3713 1756 πατέρα

449 1768 618 1839 pedes
651 1768 1000 1838 imperatoris
1028 1773 1316 1840 amplexus
1363 1771 1562 1827 fuerat.
1601 1774 1650 1827 Is
1682 1790 1812 1828 vero
1846 1775 2024 1830 horni-

2140 1783 2292 1838 ιύτοῦ
2312 1783 2459 1852 αὐτῷ
2497 1782 2856 1850 παρεστάναι,
2891 1782 2983 1833 τὸν
3019 1780 3134 1833 υἱὸν
3201 1780 3374 1834 αὐτοῦ
3435 1781 3535 1832 τὶν
3563 1781 3716 1832 Kcin-

451 1873 574 1911 ncm
635 1859 921 1927 amplexus
989 1869 1199 1929 patrem
1265 1862 1595 1926 nominavit,
1657 1873 2024 1934 porrectaque

2140 1894 2330 1930 Izavm
2361 1875 2658 1944 κατέχοντα
2690 1876 2754 1942 τῇ
2783 1875 2929 1943 χειρὶ
2963 1873 3055 1924 καὶ
3077 1872 3256 1938 λέγειν
3296 1871 3450 1938 αὐτῷ
3473 1889 3487 1902 ·
3562 1875 3714 1924 Κων-

455 1962 619 2000 manu
653 1962 842 2002 semne
874 1948 1134 2014 fulciens,
1162 1965 1332 2005 ccena:
1362 1951 1636 2018 adhibuit,
1673 1955 1944 2025 assignata
1975 1958 2027 2011 ei

2140 1968 2388 2030 rra'rtte,
2408 1966 2539 2020 ιδοὺ
2569 1965 2854 2029 Κώνστας
2871 1967 2905 2018 o’
2929 1965 3042 2030 σὸς
3065 1964 3353 2030 ἀδελφὸς,
3372 1961 3633 2015 πολλῶν
3652 1962 3716 2014 δὲ

454 2038 630 2092 Prusa
661 2041 795 2095 urbe
837 2041 1103 2111 Bithyniae
1148 2042 1201 2095 in
1250 2057 1356 2110 qua
1400 2042 1695 2108 habitaret,
1723 2055 1777 2099 et
1806 2045 2028 2114 pratdiis

2140 2055 2432 2109 Βασιλέων
2462 2054 2797 2121 ἀπόγονος,
2821 2053 2901 2116 ὡς
2959 2054 3028 2106 ἑκ
3079 2053 3381 2118 τυράννου
3440 2050 3712 2104 διώλετο.

457 2129 604 2185 unde
652 2132 867 2186 viveret
926 2132 1231 2192 attributis.
1278 2133 1357 2188 lbi
1395 2134 1486 2189 ille
1539 2149 1633 2190 sex
1666 2135 1826 2190 annis
1860 2136 2025 2191 vitam

2140 2148 2249 2217 Χρή
2283 2164 2357 2202 σε
2389 2147 2600 2200 τοίνυν
2625 2146 2818 2211 τούτῳ
2846 2162 2910 2197 τε
2942 2144 3277 2214 τιμωρῆσαι
3298 2143 3400 2196 καί
3432 2143 3559 2208 τὴν
3611 2142 3716 2210 ἀρ-

459 2221 701 2275 molliter
755 2232 934 2276 aetatu
978 2223 1137 2278 ﬁniit.
1179 2223 1258 2278 Ac
1311 2223 1660 2280 Vetranionis
1713 2227 2028 2297 hujusmodi

2140 2242 2254 2308 χὴν
2274 2239 2360 2307 μὴ
2409 2239 2789 2305 παρόψεσθαι
2853 2234 3333 2304 διακοπτομένην
3391 2234 3554 2302 μήτε
3605 2232 3716 2298 τὴν

458 2311 564 2365 fuit
598 2312 800 2368 exitus.
2139 2335 2448 2388 ⁴τομίιτείιιιν
2485 2327 2998 2396 ἀνατρεπομένην.
3031 2325 3299 2379 Σπεῦσαι
3329 2323 3402 2378 δὲ
3446 2325 3570 2390 τὴν
3617 2342 3717 2378 τιν-

451 2420 710 2488 ραννίδα
741 2420 1039 2486 καθελεῖν,
1072 2421 1168 2475 καί
1185 2423 1271 2491 μὴ
1301 2423 1590 2492 περιϊδεῖν
1613 2425 1720 2479 τὸν
1765 2425 2042 2496 ἀδελφὸν
2073 2427 2489 2490 ἀνεκδίκητον.
2563 2421 2685 2473 Ἐπὶ
2714 2419 2925 2482 τούτοις
2980 2419 3317 2484 διυπνισθεὶς
3341 2423 3370 2473 ὁ
3420 2421 3718 2472 Κωνστὰν-

459 2527 572 2573 τως
591 2513 716 2574 τοὺς
749 2513 850 2581 μὲν
877 2514 1139 2582 πρέσὸεις
1169 2518 1426 2587 κατέσχε,
1461 2522 1556 2572 καὶ
1605 2523 1818 2590 φρουρᾷ
1855 2525 2244 2592 παραδέδωκε.
2319 2521 2491 2581 Αὐτὸς
2543 2518 2588 2571 δ’
2620 2519 2820 2571 αὐτίκα
2881 2519 3047 2588 μηδὲν
3115 2516 3394 2587 μελλήσας
3452 2516 3539 2577 είς
3581 2515 3716 2582 Σαρ-

461 2605 618 2675 δικὴν
647 2608 1034 2674 παραγίνεται,
1067 2612 1208 2662 καὶὸ
1235 2611 1542 2681 Βετρανίων
1584 2617 1686 2684 τὴν
1750 2616 2072 2670 ἀνέλπιστον
2110 2615 2406 2685 ἐπιδημίαν
2471 2612 2685 2682 πτήξας
2721 2612 2815 2665 τοῦ
2876 2611 3290 2672 Κωνσταντίου,
3345 2611 3423 2672 ὼς
3477 2609 3718 2676 δεσπότῃ

460 2700 612 2766 αὐτῴ
648 2701 1092 2771 προῡπηντήκει,
1135 2703 1232 2766 τάς
1263 2721 1324 2756 τε
1379 2705 1658 2776 προτέρας
1706 2708 2041 2779 καταλείψας
2080 2708 2297 2779 βουλάς,
2350 2708 2446 2760 καὶ
2509 2706 2782 2775 ἀθετήσας
2815 2704 2912 2766 τὰς
2929 2703 3202 2772 συνθήκας
3219 2701 3321 2763 τάς
3363 2701 3505 2770 πρὸς
3555 2700 3714 2766 Μαγ-

465 2793 696 2847 νέντιον.
730 2794 840 2846 Καὶ
870 2795 897 2846 ὁ
928 2795 1309 2858 Κωνσταντιος
1331 2796 1388 2849 δὲ
1421 2797 1587 2850 αὐτὸν
1611 2799 1854 2868 γνησίως
1899 2801 2224 2871 προσήκατο
2290 2801 2388 2851 καὶ
2449 2797 2764 2866 ὁμοδίαιτον
2821 2796 3144 2864 ἐποιήσατο.
3211 2795 3293 2846 Τά
3343 2793 3456 2861 γάρ
3490 2793 3589 2860 τῆς
3617 2791 3716 2857 βα-

464 2889 670 2949 σιλείας
698 2887 1114 2956 ἀποδυσάμενος
1142 2888 1171 2940 ὀ
1195 2889 1508 2958 Βετρανίων
1579 2892 1941 2961 γνωρίσματα
2005 2895 2064 2944 ἐν
2107 2891 2324 2945 ίδιὶὒτου
2407 2890 2570 2960 στολῇ
2599 2889 2711 2942 τῶν
2745 2887 2838 2941 τοῦ
2872 2887 3137 2958 βασιλέως
3165 2886 3343 2938 ποδῶν
3389 2885 3712 2937 ἐπελάϐετο.

475 2981 534 3034 'O
565 2981 621 3034 δέ
647 2979 1053 3052 περιεπτύξατο
1075 2997 1133 3032 τε
1163 2982 1254 3033 τὸν
1286 2980 1654 3052 Βετρανίωνα,
1676 2986 1771 3037 καὶ
1809 2987 2022 3054 πατέρα
2061 2983 2338 3052 ὠνόμασε.
2409 2983 2519 3036 Καὶ
2570 2983 2728 3052 χεῖρα
2759 2980 2969 3047 ὀρέγων
2989 2977 3138 3046 αὐτῷ
3177 2978 3270 3029 καὶ
3325 2977 3714 3045 ὑποστηρίζων

466 3073 783 3147 πρεσϐύτην
877 3072 1007 3125 ὅντα
1078 3070 1399 3125 σύνδειπνον
1480 3074 1796 3144 ἐποιήσατο,
1854 3070 1975 3129 εἶτα
2013 3078 2046 3145 ὴ
2086 3076 2307 3146 Προύσα
2362 3073 2511 3144 αὐτῴ
2541 3073 2722 3142 (πόλις
2758 3073 2802 3126 δ’
2828 3073 2969 3141 αὕτη
3015 3072 3125 3123 τῶν
3168 3070 3437 3134 Βιθυνῶν)
3471 3073 3554 3132 είς
3585 3085 3714 3120 κατ-

463 3169 642 3224 οικίαν
688 3163 989 3236 ἀφώριστο,
1022 3165 1117 3218 καὶ
1169 3163 1344 3234 χωρία
1407 3164 1544 3234 πρὸς
1611 3167 1878 3235 χορηγίαν
1909 3167 2044 3221 ιτῶν
2117 3168 2445 3238 ἐπιτηδείων
2501 3167 2899 3236 ἀπονενέμητο.
2987 3164 3157 3216 Ἔνθα
3214 3165 3444 3235 τρυφῶν
3513 3165 3605 3215 ἐπὶ
3660 3161 3717 3226 ἐξ

464 3254 1049 3323 ἐνιαυτοὺς,τὴνζωὴν
1071 3254 1430 3323 ἐξεμέτρησε.
1482 3256 1592 3308 Καὶ
1636 3255 1704 3308 τα
1757 3257 1857 3326 μὲν
1900 3259 2030 3328 περὶ
2068 3260 2408 3331 Βετρανίωνα
2450 3262 2531 3322 τίς
2575 3259 2816 3312 τοιοῦτον
2841 3257 3214 3325 κατηντήκασι
3253 3256 3434 3314 τέλος.

565 3348 716 3402 Vill.
777 3347 1136 3400 Constantius
1196 3354 1379 3399 autem
1444 3345 1765 3414 imperator,
1839 3359 2032 3403 contra

2210 3353 2279 3421 η’.
2326 3355 2384 3406 Ὀ
2413 3351 2774 3420 αὐτοκράτωρ
2800 3350 3175 3411 Κωνστάντιος
3202 3348 3339 3417 πρὸς
3371 3349 3718 3413 Μαγνέντ.ον

467 3439 838 3511 Magnentium
903 3439 1190 3508 profectus
1218 3445 1326 3492 est.
1369 3437 1415 3492 Is
1461 3437 1752 3493 Mediolani
1809 3440 2034 3510 degens,

468 3535 694 3588 fratrem
757 3531 1106 3594 Decentium,
1161 3547 1327 3600 quem
1380 3531 1652 3586 Caesarem
1700 3533 2036 3596 nominarat,

470 3626 538 3680 ad
589 3623 890 3679 Galliarum
943 3621 1324 3676 defensionem
1375 3623 1568 3680 misitJ
1601 3623 1815 3678 Interea
1871 3625 2040 3693 Sapor

469 3716 936 3786 opportunitatem
973 3727 1190 3780 nactus,
1218 3713 1500 3769 Orientem
1535 3725 1732 3776 vastat,
1761 3728 1818 3770 et
1850 3733 2038 3786 magna

470 3805 651 3875 prteda
686 3813 861 3874 parta,
913 3805 1212 3873 multisque
1253 3805 1428 3874 captis
1462 3806 1684 3860 domum
1720 3809 2038 3861 revertitur.

472 3896 564 3950 Sic
615 3893 913 3962 imperator
956 3892 1107 3946 curis
1156 3892 1451 3947 hostilibus
1501 3895 1764 3965 utrinque
1806 3894 2041 3948 circum-

473 3994 689 4049 ventus,
715 3985 928 4040 Gallum
964 3985 1268 4053 patruelem
1301 3999 1486 4049 suum,
1523 3993 1580 4038 et
1608 3985 1832 4040 nomine
1865 3985 2043 4040 Caesa-

474 4079 548 4131 ris
579 4078 852 4148 dignatus,
883 4085 939 4132 et
962 4075 1283 4130 Constantia
1319 4090 1509 4130 sorore
1541 4077 1594 4130 in
1628 4078 2041 4133 matrimonium

478 4171 625 4234 data,
666 4169 722 4221 in
759 4167 1040 4224 Orientem
1089 4167 1332 4236 ablegat.
1373 4165 1452 4221 Ita
1498 4167 1685 4223 Gallus
1726 4168 1907 4224 (ἔαξεν
1954 4185 2042 4222 sa-

472 4261 700 4322 lutatus,
769 4274 875 4314 una
933 4273 1058 4312 cum
1119 4272 1294 4313 uxore
1339 4258 1622 4314 Orientem
1681 4261 1839 4329 petit,
1899 4259 2045 4314 Con-

470 4356 706 4411 stantius
770 4354 974 4410 hellum
1041 4362 1233 4408 contra
1297 4353 1670 4423 Magnentium
1727 4365 1904 4424 parat.
1964 4355 2045 4410 Ne

472 4463 604 4504 vero
643 4449 842 4518 pugnis
867 4446 1148 4501 intestinis
1188 4454 1246 4500 et
1279 4447 1492 4500 mutuis
1534 4445 1775 4502 caedibus
1809 4447 2040 4500 Romani

472 4541 870 4618 polluerentur,
924 4550 1216 4610 tyrannum
1271 4540 1337 4594 ad
1395 4541 1681 4609 pactiones
1732 4555 2042 4611 provocan-

472 4631 603 4685 dum
657 4646 778 4685 esse
852 4641 1062 4687 censet.
1132 4631 1312 4686 Missis
1370 4632 1534 4701 igitur
1597 4632 1664 4686 ad
1725 4647 1852 4687 eum
1907 4632 2044 4686 viris

470 4719 800 4783 illustribus,
863 4721 1066 4776 litteris
1123 4721 1292 4776 etiam
1357 4723 1623 4789 exaratis,
1680 4722 1897 4777 veniam
1960 4723 2037 4776 illi

472 4811 776 4880 pollicetur,
807 4812 852 4866 si
879 4811 950 4865 ah
981 4813 1151 4866 armis
1193 4811 1540 4880 discesserit,
1587 4824 1645 4869 et
1674 4813 1879 4868 Gallias
1905 4829 2041 4868 con-

472 4898 642 4966 cedit,
691 4909 751 4955 ut
783 4902 903 4972 ejus
951 4901 1100 4971 regni
1149 4901 1349 4958 ﬁnibus
1393 4917 1454 4958 se
1494 4903 1793 4959 contineat.
1835 4904 2037 4958 Verum

473 4990 565 5046 ille
617 4991 755 5046 nihil
800 4992 1081 5048 modicum
1134 4993 1322 5047 animo
1367 4995 1601 5063 agitans,
1659 5009 1768 5049 non
1828 4996 2041 5064 accepit

2138 3444 2388 3514 ὦρμηητο.
2435 3443 2492 3495 '0
2524 3442 2581 3494 δι
2630 3445 2689 3494 ἐν
2750 3441 3068 3507 Μεδιολάνῳ
3118 3440 3293 3508 διῆγε,
3335 3439 3432 3490 τὸν
3483 3438 3717 3503 ἀδελφὸν

2139 3538 2420 3588 Δεκέντιον
2455 3534 2698 3586 ἀνειπὼν
2723 3533 3004 3601 Καίσαρα.
3050 3533 3139 3584 καὶ
3173 3531 3395 3593 στείλας
3427 3533 3596 3583 αὐτδν
3623 3532 3718 3592 τας

2142 3626 2372 3686 Γαλλίας
2398 3625 2725 3692 φυλάξοντα.
2773 3624 2861 3676 Ἐν
2883 3623 3098 3686 τούτοις
3137 3623 3181 3674 δ’
3217 3619 3421 3680 αὖθιςὸ
3449 3623 3719 3690 Σαπῶρης

2142 3718 2254 3787 (ιέ)
2289 3718 2471 3777 ἀδείας
2501 3717 2842 3786 δραξάμενος
2877 3718 2944 3768 τα
2979 3719 3110 3782 περὶ
3152 3717 3226 3766 ἒω
3263 3714 3573 3784 ἐπόρθησε,
3629 3718 3719 3766 κιιὶ⁵

2141 3810 2290 3861 λείαν
2317 3808 2513 3860 λαϐὼν.
2555 3809 2662 3859 Καὶ
2693 3806 3066 3876 δορυαλώτους
3120 3807 3353 3868 πολλοὺς
3415 3807 3719 3868 ἐπανέζευ-

2145 3898 2252 3963 ξεν.
2281 3897 2441 3950 Οὕτω
2471 3897 2528 3949 δὲ
2558 3895 2902 3964 ἑκατέρωθεν
2935 3898 2963 3948 ὁ
3011 3895 3267 3964 βασιλεὺς
3321 3895 3720 3964 περιστοιχιζό-

2150 4008 2306 4059 μενος
2331 3993 2451 4053 ταίς
2485 3991 2550 4042 ἐκ
2580 3990 2690 4041 τῶν
2732 3990 3010 4058 πολεμίων
3043 3989 3317 4059 φροντίσι,
3359 3989 3573 4042 Γάλλον
3631 3991 3720 4039 τὸν

2145 4086 2347 4136 οἰκεῖον
2382 4083 2672 4150 ἐξάδελφον
2702 4083 2942 4150 τιμήσας
2997 4084 3063 4151 τῇ
3095 4081 3223 4150 ἀξία
3270 4081 3367 4134 τοῦ
3443 4083 3722 4150 Καίσαρος

2145 4175 2259 4244 (45)
2292 4176 2384 4226 καὶ
2416 4175 2516 4242 τὴν
2543 4173 2741 4225 ἑαυτοῦ
2799 4172 3036 4240 ἀδελφὴν
3097 4173 3495 4225 Κωνσταντίαν
3524 4190 3724 4238 κατεγ-

2145 4264 2357 4333 γυήσας
2386 4264 2558 4331 αὐτῷ,
2595 4263 2676 4324 εἰς
2724 4262 2822 4332 τὴν
2844 4262 2986 4331 ἐῴαν
3003 4263 3306 4332 ἐξέπεμψε,
3339 4264 3443 4327 τάς
3499 4265 3722 4332 ἐφόδους

2145 4355 2244 4416 τὰς
2277 4355 2549 4426 Περσικὰς
2582 4353 2982 4406 ἀνακύπτοντα.
3015 4355 3074 4405 ὐ
3097 4353 3196 4422 μὲν
3212 4353 3308 4406 οὖν
3337 4355 3545 4418 Γάλλος
3585 4358 3724 4408 Kai'.

2148 4462 2258 4514 σαρ
2296 4445 2486 4498 τοῦτον
2518 4445 2610 4498 τὸν
2662 4446 2863 4514 τρόπον
2915 4445 3249 4514 ἀναρρηθεὶς
3299 4449 3393 4498 ἐπὶ
3435 4453 3539 4516 τήν
3586 4449 3722 4518 ἑῴαν

2147 4538 2337 4608 ἀπῄει,
2361 4537 2455 4588 καὶ
2479 4535 2579 4606 τὴν
2615 4535 2851 4602 σύζυγον
2877 4537 3248 4604 ἐπαγόμενος.
3281 4538 3343 4589 '0
3367 4537 3427 4589 δέ
3452 4555 3515 4605 γε
3573 4540 3724 4590 Κων-

2153 4629 2400 4690 στάντιος
2437 4629 2517 4688 είς
2548 4626 2642 4679 τὸν
2674 4630 2819 4680 κατὰ
2869 4630 3216 4696 Μαγνεντίου
3256 4631 3512 4699 ἐχώρησε
3568 4633 3725 4684 πόλε-

2157 4736 2280 4788 μον.
2308 4719 2430 4771 Ἵνα
2455 4718 2512 4770 δὲ
2535 4717 2612 4787 μὴ
2636 4718 2842 4788 μάχαις
2864 4719 3148 4785 ἐμφυλίοις
3187 4720 3282 4770 καὶ
3345 4723 3593 4788 σφαγαῖς
3633 4722 3723 4772 di-

2147 4811 2324 4881 λήλων
2349 4812 2399 4863 οί
2440 4811 2700 4879 Ῥωμαῖοι
2729 4811 3048 4879 μιαίνοιντο,
3083 4811 3194 4862 δεῖν
3235 4811 3457 4882 ἔκρινεν
3473 4814 3553 4874 είς
3585 4830 3721 4881 συμ-

2149 4901 2338 4964 ϐάσεις
2365 4900 2456 4953 τὸν
2491 4899 2758 4969 τύραννον
2788 4900 3256 4968 προκαλέσασθαι.
3290 4901 3513 4954 Στέλλει
3545 4906 3719 4955 τοίνυν

2149 4993 2291 5063 πρὸς
2347 4993 2515 5047 αὐτὸν
2540 4992 2740 5064 ἀνδρας
2765 4993 2875 5046 τῶν
2900 4992 3204 5061 ἐπιφανῶν,
3256 4997 3353 5047 καὶ
3416 4995 3721 5064 γράμματα

1660 5151 1859 5212 Variae
1891 5149 2198 5214 lectiones
2231 5160 2292 5212 et
2324 5156 2518 5211 notae.

474 5278 622 5332 solit.
660 5276 734 5330 De
770 5275 872 5330 hoc
896 5276 1226 5332 Vetranione
1262 5276 1435 5330 multa
1475 5285 1873 5344 congesserunt
1911 5275 2049 5330 Sea-

475 5349 610 5418 liger
641 5347 708 5400 ad
736 5347 1054 5418 Eusebium,
1081 5346 1473 5418 Gotthol'redus
1490 5345 1558 5398 ad
1598 5346 2046 5418 Philostorgium,
2071 5361 2079 5369 '

475 5415 883 5474 Santmnantius
930 5417 984 5470 in
1025 5416 1363 5488 Comment._
1392 5415 1534 5488 Hist.
1567 5424 1624 5470 et
1673 5416 1769 5469 alii
1822 5415 2046 5488 passim.

545 5489 657 5557 (Η)
697 5488 1088 5554 Κατήπειγεν.
1147 5487 1232 5541 Al.
1268 5484 1642 5557 énéanauosy,
1793 5484 1842 5557 ξ
1915 5545 1931 5557 ν.

547 5554 657 5627 (42)
687 5557 994 5625 Σαπώρης.
1039 5557 1150 5627 Qui
1187 5556 1488 5627 saporinus
1537 5554 1744 5627 dicitur
1792 5554 2050 5627 Lucitero

474 5624 808 5687 Calaritano,
838 5624 937 5680 lib.
963 5643 976 5679 ι
1007 5643 1104 5695 pro
1135 5626 1193 5680 S.
1226 5624 1531 5679 Athanasio
1569 5644 1582 5677 ;
1624 5624 1762 5693 Ergo
1793 5625 1918 5692 quia
1945 5626 2052 5675 Sa-

475 5698 710 5765 porinns,
747 5695 1031 5750 Persarum
1061 5711 1176 5760 rex,
1229 5711 1366 5748 nunc
1412 5705 1594 5750 contra
1638 5706 1686 5747 te
1740 5695 1870 5764 gerit
1914 5709 2054 5762 pra:-

2157 5275 2321 5348 Iinm;
2341 5283 2452 5330 etc.
2487 5273 2870 5348 Constantium
2891 5275 3208 5348 alloquitur.

2220 5346 2332 5415 (45)
2395 5346 2658 5412 Τιμήσας
2726 5343 2798 5412 τῇ
2843 5347 2984 5413 ἀξίᾳ
3021 5343 3354 5415 ’Καίσαροᾳ
3416 5351 3720 5404 Constantii

2150 5425 2418 5483 praeterea
2469 5415 2642 5467 indito
2692 5417 2932 5474 nomine.
2986 5429 3046 5472 ut
3074 5418 3326 5473 scribunt
3363 5417 3578 5480 Victor.
3632 5423 3725 5473 So-

2149 5482 2348 5557 crates,
2385 5482 2677 5557 Chronicpn
2720 5485 3159 5552 Alexandrinum,
3203 5496 3260 5540 et
3305 5489 3720 5557 Theophanes:

2151 5569 2246 5625 seu
2277 5552 2517 5606 Junioris
2584 5553 2898 5609 Constantii.
2935 5557 3011 5610 uti
3053 5559 3378 5611 Ammonius
3409 5552 3720 5625 οιίίδουριμ.

2158 5624 2252 5691 qui
2279 5638 2343 5676 ea
2370 5633 2532 5677 actate
2571 5625 2726 5685 vixit,
2763 5637 2818 5694 ut
2853 5637 3083 5694 ipsemet
3115 5638 3372 5690 testatur,
3401 5624 3458 5679 in
3489 5624 3618 5681 tib.’
3655 5632 3714 5679 Ιιι

2154 5695 2262 5746 vita
2289 5702 2336 5745 et
2360 5694 2752 5747 conversatione
2773 5692 2888 5749 SS.‘
2910 5695 3180 5752 Pacnomii
3207 5705 3253 5750 et
3278 5697 3412 5750 Τθιευ
3433 5701 3554 5754 (στὶ.
3589 5717 3642 5750 n.
3669 5700 3715 5747 .3.
