3938 6208
280 260 419 327 1129

1567 256 1969 321 ANNALIUM
2008 257 2155 321 LIB.
2176 249 2353 321 xm.
2400 214 2409 223 ’

3399 256 3530 322 1130

273 371 326 425 δ’
353 365 684 439 ὶγχαράττει
714 364 887 437 αύτῷ,
926 365 1261 437 συγγνώμην
1290 365 1437 437 αὐτῷ
1466 366 1640 430 διδοὺς
1667 368 1762 420 ἰπὶ
1782 366 1840 437 τι]

1961 380 2026 421 ea
2057 381 2180 436 qua!
2214 379 2314 437 per
2338 363 2514 420 otium
2540 380 2568 420 a
2597 364 2921 423 Constantio
2952 366 3203 437 accipere
3232 370 3525 439 potuisset.

271 461 618 530 τολμήματι,
652 459 700 511 εί
732 456 847 511 τῶν
889 456 1072 511 ὅπλων
1112 458 1425 528 ἀπόσχοιτο,
1464 457 1559 510 καὶ
1595 474 1858 527 παραχω-

275 549 393 621 ρῶν
427 548 575 618 αὐτῷ
605 547 716 602 τῶν
737 547 1001 613 Γαλλιῶν,
1035 547 1126 602 τνα
1154 549 1360 603 τούτων
1387 547 1533 619 ἄρχῃ
1578 547 1674 601 καὶ
1726 546 1855 601 τού-

270 658 392 703 τοις
420 640 830 711 περιορίζηται.
864 640 932 703 ,‘0
960 640 1017 693 δὲ
1050 641 1209 694 οὐδέν
1253 659 1309 694 τι
1360 641 1573 711 φρονῶν
1610 642 1852 711 μέτριον,

246 725 341 786 ὀύ
360 733 681 802 προσήκατο
706 731 775 785 τά
827 732 980 802 παρὰ
1009 731 1106 785 τοῦ
1132 732 1522 787 Κωνσταντίου
1563 730 1857 801 ἀπραγμό-

270 842 383 887 νως
408 823 559 894 αὑτῷ
587 824 967 895 παρεχόμενα,
1024 824 1163 879 ἀλλὰ
1222 824 1316 878 τὸν
1374 824 1611 895 πόλεμον
1656 822 1853 887 εἵλετο,

272 914 614 985 καὶμᾶλλον
645 917 744 968 σὺν
771 917 927 986 τάχει
978 916 1113 987 πρὸς
1164 915 1358 969 τοῦτον
1418 913 1719 986 ἐχώρησεν,
1773 914 1855 967 ὅτι

267 1006 531 1070 Σιλσανδς
565 1006 701 1077 (44),
733 1003 813 1070 εἷς
849 1008 956 1060 τῶν
983 1007 1149 1061 αὐτοῦ
1182 1007 1511 1077 ταξιάρχων,
1547 1006 1686 1075 μετὰ
1718 1005 1856 1075 πλή-

263 1100 401 1162 θους
448 1098 707 1160 ὁπλιτῶν,
759 1102 969 1154 ἐκεῖνον
1026 1100 1220 1165 λιπὼν,
1283 1098 1649 1167 Κωνσταντίῳ
1684 1114 1855 1168 προσ-

281 1191 423 1260 ῆλθε
475 1190 554 1261 τῷ
591 1190 982 1263 αὐτοκράτορι.
1018 1194 1156 1262 Ἤδη
1180 1193 1236 1245 δὲ
1287 1191 1708 1262 πλησιασάντων
1766 1189 1858 1243 ἀλ-

271 1280 487 1353 λήλοις,
516 1283 615 1336 καὶ
669 1283 1440 1353 άντιστρατοπεδευσαμένων.
1499 1283 1528 1336 δ
1575 1298 1637 1334 τε
1694 1282 1853 1334 Κων-

269 1374 529 1438 στάντιος
557 1375 686 1438 τοὺς
714 1374 958 1438 οἰκείους
985 1375 1326 1445 στρατιώτας
1363 1374 1559 1443 λόγοιςν
1577 1374 1854 1445 διήγειρεν

273 1467 361 1529 είς
381 1465 577 1537 ἀλκὴν,
620 1468 715 1520 καὶ
760 1469 788 1521 ὁ
818 1468 1161 1535 Μαγνέντιος
1184 1468 1315 1531 τοὺς
1338 1468 1535 1523 ἑαυτοῦ
1606 1468 1854 1538 ειταρεκά⁴

266 1556 356 1609 λιι
390 1556 589 1628 ἄνδρας
615 1557 1093 1627 φανῆναιπιστούς
1116 1574 1178 1611 τε
1207 1559 1302 1611 καὶ
1360 1557 1625 1628 ἀγαθοὺς,
1680 1558 1854 1612 πολλὰ

1960 457 2067 511 Sed
2114 446 2318 513 bellum
2362 458 2471 527 pati
2507 458 2818 527 prmlatum,
2851 472 2921 513 eo
2951 458 3187 514 celerius
3231 474 3525 529 aggressus

1956 556 2060 613 est,
2103 549 2252 617 quod
2295 549 2548 603 Silvanus
2577 549 2800 618 quidam
2832 565 2900 605 ex
2946 550 3187 606 tribunis
3231 550 3401 615 illius,
3454 554 3525 607 ab

1957 637 2078 707 ipso
2129 638 2197 692 ad
2244 638 2633 707 imperatorem
2682 653 2807 693 cum
2861 639 3051 695 multis
3103 638 3379 695 militibus
3431 641 3528 696 de-

1956 730 2178 784 fecerat.
2213 728 2350 783 Cum
2379 744 2550 799 prope
2582 740 2807 786 ventum
2839 738 3008 793 esset,
3043 731 3242 787 castris
3266 730 3529 799 utrinque

1957 822 2173 892 positis,
2222 831 2280 875 et
2316 820 2672 877 Constantius
2712 837 2844 877 suos
2890 822 3095 876 milites
3136 822 3204 877 ad
3246 838 3363 878 rem
3411 822 3527 877 lor-

1959 915 2088 969 titer
2139 916 2435 986 gerendam
2489 915 2832 975 cohortatur,
2884 922 2942 968 et
2998 913 3344 983 Magnentius
3395 929 3528 969 suos

1958 1007 2112 1071 item,
2151 1015 2211 1060 ut
2230 1022 2288 1063 sc
2320 1007 2469 1062 viros
2497 1005 2670 1060 fortes
2707 1013 2764 1059 et
2794 1004 2933 1060 (idos
2972 1005 3307 1074 praeberent,
3343 1005 3522 1061 multa

1958 1100 2257 1168 pollicitus.
2318 1100 2437 1157 Jam
2507 1098 2799 1153 instructis
2876 1096 3168 1151 ordinibus
3230 1095 3527 1150 naximam

1956 1191 2062 1246 diei
2113 1200 2321 1261 partem
2369 1191 2618 1260 ignavam
2673 1199 3009 1259 transegete,
3061 1188 3276 1243 neutris
3322 1188 3529 1242 alteros

1955 1284 2244 1352 aggressis.
2293 1282 2639 1353 Magnentius
2680 1280 2847 1334 etiam
2898 1281 3197 1351 praestigiis
3239 1294 3371 1334 usus
3412 1289 3526 1335 est.

1954 1374 2090 1428 Nam
2153 1389 2279 1445 saga
2342 1374 2592 1443 quaedam
2656 1387 2784 1426 eum
2844 1372 3079 1437 monuit,
3133 1380 3192 1426 ut
3256 1370 3528 1441 virginem

1958 1467 2289 1531 immolaret,
2328 1469 2560 1539 ejusque
2602 1467 2924 1535 sanguinem
2957 1464 3088 1518 vino
3142 1464 3369 1518 mistum
3423 1464 3527 1517 mi-

1955 1559 2144 1616 litibus
2199 1560 2531 1632 gustandum
2602 1560 2912 1629 prreberet,
2968 1557 3070 1627 17
3125 1556 3243 1627 ipsa
3304 1555 3527 1610 interim

265 1646 455 1716 σφίσιν
482 1648 978 1718 ἐπαγγειλάμενος.
1030 1649 1638 1721 ’Δντιπαραταξάμενοι
1670 1650 1750 1712 δὲ.
1785 1651 1840 1705 τὸ

1956 1653 2198 1707 carmina
2246 1653 2495 1722 quazdam
2537 1652 2843 1718 recitante,
2900 1659 2960 1706 et
3005 1634 3315 1704 daemonum
3362 1662 3526 1717 opem

278 1742 383 1810 μὲν
413 1740 667 1794 πλεῖστον
692 1741 790 1805 τῆς
816 1741 1033 1811 ἡμέρας
1069 1742 1487 1812 άπρακτοῦντες
1562 1742 1846 1810 διήγαγον,

264 1832 500 1904 μηδενὸς
530 1831 607 1901 τῷ
656 1832 1264 1904 ἀντιπαρατεταγμένφ
1307 1833 1464 1904 μέρει
1513 1832 1845 1897 ἐπεξιόντος.

276 1920 341 1976 '0
368 1923 423 1976 δὲ
454 1924 794 1990 Μαγνέντιος
817 1925 910 1977 καὶ
936 1924 1222 1991 γοητείαις
1239 1926 1534 1994 ἐχρήσατο.
1561 1923 1706 1993 Γυνὴ
1739 1926 1848 1996 γάρ

262 2033 360 2080 τις
392 2016 570 2086 μάγος
596 2016 874 2086 παρθένον
902 2015 1055 2086 αὐτῷ
1110 2018 1416 2085 σφαγιάσαι
1462 2017 1717 2082 ὑπέθετο,
1750 2021 1848 2072 καὶ

255 2108 395 2179 οἴνῳ
419 2109 483 2160 τὸ
506 2110 716 2179 ταύτης
785 2104 927 2177 αἷμα
985 2108 1286 2177 προσμίξαι
1330 2110 1423 2162 καὶ
1495 2109 1682 2162 δοῦναι
1733 2111 1846 2171 τοῖς

259 2188 639 2267 στρατιώταις
669 2196 803 2250 αὐτὸ
831 2197 1276 2265 ἀπογεύσασθαι,
1307 2199 1401 2252 ἐπὶ
1421 2200 1632 2264 τούτοις
1687 2200 1837 2253 ὲκεί-

256 2300 364 2354 νης
405 2285 622 2354 ἐπῳδάς
652 2302 809 2347 τινας
843 2284 1130 2355 εἰπούσης,
1192 2287 1287 2339 καὶ
1318 2287 1590 2357 δαιμόνων
1642 2290 1839 2342 ἐπικα-

258 2376 537 2448 λουμᾶνης
569 2379 914 2447 ἐπικουρίαν.
955 2380 1116 2448 ’Ἄρτι
1153 2380 1210 2433 δὲ
1230 2378 1331 2450 τῆς
1364 2380 1575 2450 ἡμέρας
1630 2381 1843 2435 κλινού-

260 2487 388 2540 σης,
415 2470 832 2544 συνερράγησαν
871 2471 1127 2542 ἀλληλοις
1157 2472 1226 2526 τά
1289 2473 1702 2543 στρατεύματα,
1748 2474 1843 2528 καὶ

258 2563 468 2627 πολλάς
493 2565 593 2633 τῆς
619 2565 800 2635 μάχης
835 2567 1071 2636 σχούσης
1100 2565 1434 2635 μεταϐολὰς,
1453 2566 1607 2629 τέλος
1647 2570 1681 2638 ἡ
1712 2570 1836 2642 νίκη

258 2654 342 2725 τῷ
366 2656 737 2725 Κωνσταντίῳ
760 2657 1138 2726 ἐπεμειδίασε,
1169 2657 1262 2712 καὶ
1293 2658 1454 2728 μέχρι
1503 2658 1726 2729 βαθείας
1742 2678 1839 2713 νυ-

260 2747 393 2812 κτὸς
417 2748 467 2801 οῖ
494 2747 588 2800 τοῦ
612 2748 952 2816 Μαγνεντὶου
981 2750 1373 2803 συνεκόπτοντο
1390 2751 1482 2803 καὶ
1499 2752 1833 2807 άπώλλυντσ

265 2839 418 2893 οὕτω
462 2839 518 2893 δὲ
550 2842 650 2909 τῆς
696 2840 790 2894 τοῦ
821 2842 1062 2913 πολέμου
1093 2845 1267 2915 ῥοπῆς
1297 2846 1375 2916 τῷ
1404 2848 1656 2918 τυράννῳ
1706 2863 1833 2901 συν-

261 2929 680 2999 ενεχθείσηςεῖς
705 2931 884 3002 φυγὴν
914 2934 1123 2997 ἐκεῖνος
1176 2936 1415 2989 ἀπεῖδεν.
1486 2936 1688 2990 ’Ὶναδὲ
1758 2937 1833 3008 μὴ

256 3024 377 3083 τοῖς
409 3019 709 3090 βασιλικοῖς
761 3026 1116 3096 παρασήμοις
1194 3028 1413 3097 φεύγων

256 3113 590 3168 ἀποτίθεται
614 3114 791 3168 ταῦτα
826 3117 923 3169 καὶ
957 3118 1241 3189 ἰδιωτικὴν
1275 3120 1651 3187 ἀναλαμϐάνει
1712 3139 1835 3175 στο-

252 3204 389 3274 λήν.
422 3206 530 3258 Καὶ
553 3206 632 3278 τῷ
662 3207 917 3278 βασιλείῳ
949 3210 1104 3281 ἵππῳ
1131 3212 1200 3265 τά
1231 3212 1544 3284 παράσημα
1566 3214 1836 3285 ἐπιθέμε-

251 3308 379 3354 νος,
418 3292 608 3347 ἄνετον
636 3295 819 3364 άιρῆκε
848 3298 1064 3367 τρέχειν
1080 3300 1263 3367 αὑτὸν,
1291 3302 1378 3354 ἶνα
1400 3303 1673 3372 νομίζοιτο
1698 3305 1835 3377 πρὸς

249 3386 378 3442 τῶν
413 3385 667 3458 ὁρώντων
692 3389 784 3442 τὸν
811 3389 977 3444 ἵππον
1003 3391 1195 3446 θέοντα
1218 3394 1309 3447 τοῦ
1346 3397 1609 3451 ἑπιδάτου
1638 3400 1831 3469 χωρὶς,

251 3482 615 3551 ἀνῃρημένος
644 3483 829 3545 αὐτὸς,
865 3484 959 3536 καὶ
993 3484 1070 3556 μὴ
1110 3487 1503 3543 καταδιώκοιτο
1554 3492 1693 3562 πρός
1753 3511 1837 3547 τι-

251 3590 373 3627 νων
392 3588 405 3602 ·
436 3575 466 3625 ὁ
489 3575 588 3642 μὲν
617 3570 711 3628 οὖν
728 3575 871 3628 οὕτω
901 3576 1109 3647 διέδρα.
1151 3578 1366 3631 Ἐωθεν
1399 3582 1453 3634 δὲ
1482 3584 1509 3635 ὀ
1537 3585 1834 3638 Κωνστάν·

252 3680 381 3727 τιος
405 3664 494 3717 ἐπί
523 3682 666 3730 τινος
694 3668 906 3729 ἀναϐάς
948 3668 1137 3733 λόφου,
1187 3672 1283 3721 καὶ
1320 3671 1421 3740 τὴν
1482 3675 1834 3744 παρακειμέ-

254 3771 367 3825 νην
391 3755 642 3821 πεδιάδα,
673 3756 813 3811 άλλά
843 3760 950 3829 μὴν
983 3760 1077 3812 καὶ
1115 3760 1207 3813 τὸν
1247 3765 1640 3833 παραρρέοντα
1670 3782 1835 3819 ποτα-

254 3850 369 3919 μὸν
400 3846 610 3918 νεκρῶν
637 3846 763 3904 ἰδὼν
818 3851 1082 3919 γέμοντα,
1135 3855 1215 3915 εἰς
1266 3853 1477 3923 φανερά
1531 3856 1835 3927 κατήνεκτο

249 3938 578 4007 δάκρυα,οὐ
617 3939 817 4009 μᾶλλον
840 3940 930 3993 διὰ
962 3942 1063 4013 τὴν
1125 3943 1285 4013 νίκην
1362 3944 1647 4014 ἡδόμενος,
1710 3948 1834 4002 ὅσον

247 4033 354 4089 διὰ
404 4032 497 4085 τὸν
524 4032 634 4087 τῶν
676 4034 960 4089 πεσόντων
992 4035 1326 4105 δακνόμενος
1356 4037 1602 4109 ὄλεθρον.
1661 4040 1832 4109 Λέγε-

250 4143 353 4180 ται
387 4125 497 4195 γὰρ
522 4126 635 4195 (45)
667 4126 733 4179 ἐκ
764 4125 863 4195 μὲν
884 4125 993 4179 τῶν
1028 4129 1264 4192 ἐκείνου,
1341 4130 1471 4197 περὶ
1533 4131 1831 4200 τριάκοντα

247 4218 454 4270 πεσεῖν
505 4216 763 4286 χιλιάδες,
807 4217 1035 4271 ἀπασῶν
1055 4218 1483 4289 ἀριθμουμένων
1518 4222 1599 4284 είς
1640 4222 1833 4292 ὀγδοήο

246 4325 451 4363 κοντα.
483 4309 582 4362 Ἐκ
603 4309 661 4363 at
688 4307 797 4361 τῶν
844 4310 1185 4376 Μαγνεντίου
1236 4313 1532 4381 τριάκοντα
1616 4316 1713 4368 καὶ
1771 4314 1830 4381 ἓξ

245 4399 441 4453 οὐσῶν
470 4400 746 4470 χιλιάδων,
782 4400 1146 4473 διαφθαρῆναι
1174 4403 1274 4468 τὰς
1307 4405 1482 4458 εἰκοσι.
1530 4406 1667 4476 πρὸς
1713 4409 1831 4471 ταῖς

245 4486 581 4557 τέσσαρσιν.
610 4487 820 4541 Λύτίκα
849 4489 1029 4542 τοίνυν
1085 4490 1214 4568 τοὺς
1288 4491 1387 4561 μὲν
1452 4492 1833 4562 ἀνῃρημένους

247 4578 377 4633 τῶν
406 4581 684 4632 πεσόντων
717 4581 897 4651 ταφῆς
927 4581 1229 4651 ἀξιωθῆναι
1279 4583 1494 4647 πάντας
1553 4585 1832 4653 ἐκέλευσε,

249 4669 798 4741 μὴδιακρινομένων
852 4673 960 4726 τῶν
999 4674 1219 4727 οἰκείων
1269 4675 1302 4746 ἢ
1358 4676 1468 4728 τῶν
1534 4676 1831 4746 πολεμίων.

144 4767 149 4775 “
247 4763 401 4826 Τοὺς
429 4762 472 4816 δ’
504 4763 584 4818 ἔτι
614 4765 975 4834 ἐμπνέοντας,
1007 4766 1326 4834 ὲπιμελείας
1371 4769 1558 4839 τυχεῖν
1609 4772 1703 4823 καὶ
1745 4771 1830 4822 ία-

246 4857 458 4926 τρικῆς
492 4857 814 4926 θεραπείας.
837 4857 1070 4927 Διαδράς
1105 4858 1184 4922 δὲ,
1216 4858 1293 4922 ώς
1328 4859 1568 4931 είρηται,
1625 4862 1653 4914 ὁ
1709 4864 1855 4917 Μαι--

245 4949 503 5018 ’γνόντιος
526 4947 651 5011 τούς
690 4965 750 5000 τε
791 4948 1195 5018 περισωθέντας
1238 4952 1302 5003 ὲκ
1353 4952 1461 5005 τῶν
1515 4953 1734 5007 οἰκείων
1766 4955 1826 5025 ἦ·

248 5038 444 5111 θροιζε
467 5043 562 5094 καὶ
585 5040 779 5103 ἄλλους
812 5041 1065 5108 συνέλεγε
1092 5056 1107 5071 ο
1142 5041 1235 5095 καὶ
1281 5038 1438 5106 αὖθις
1513 5044 1831 5115 ὲπαναλαμ·

1955 1743 2307 1813 implorante.
2365 1742 2472 1798 Sed
2533 1743 2623 1797 die
2668 1744 2775 1803 iam
2821 1741 3139 1806 inclinante,
3183 1738 3525 1795 exercitibus

1952 1836 2281 1906 congressis,
2341 1850 2465 1889 cum
2522 1835 2614 1889 diu
2677 1834 2905 1903 ancipiti
2973 1841 3146 1888 marte
3211 1840 3523 1903 pugnatum

1952 1938 2119 1991 esset,
2162 1927 2394 1981 victoria
2448 1926 2666 1980 tandem
2728 1940 2898 1994 penes
2954 1924 3340 1978 Constantium
3392 1922 3518 1989 fuit,

1949 2016 2346 2087 Magnentianis
2408 2016 2464 2070 in
2521 2016 2749 2070 multam
2806 2026 3027 2071 noctem
3076 2016 3232 2070 caesis
3280 2022 3338 2070 et
3386 2030 3507 2085 pro-

1948 2108 2166 2177 ﬂigatis.
2215 2108 2505 2178 Tyrannus
2548 2124 2703 2173 vero,
2744 2107 2847 2162 hac
2877 2107 3030 2177 plaga
3052 2115 3298 2176 accepta,
3332 2106 3519 2176 fugam

1945 2201 2161 2268 arripit,
2199 2208 2255 2253 et
2286 2215 2353 2253 ne
2392 2209 2743 2268 agnoscatur,
2776 2199 3052 2268 plebeiam
3088 2205 3293 2253 vestem
3324 2198 3518 2262 sumit,

1944 2302 2001 2347 et
2050 2307 2254 2360 equum
2316 2306 2478 2345 suum
2526 2292 2693 2362 regiis
2739 2288 3049 2361 insignibus
3087 2291 3384 2361 impositis,
3429 2307 3521 2347 εοδ

1943 2386 2121 2439 lntum
2160 2383 2408 2446 dimittit,
2442 2401 2454 2437 :
2486 2385 2661 2453 utqui
2696 2398 2907 2439 sessore
2940 2400 3171 2438 vacuum
3201 2395 3518 2441 currentem

1943 2476 2222 2540 viderent,
2285 2475 2465 2545 ipsum
2523 2475 2878 2530 interfectum
2936 2475 3339 2540 existimantes,
3401 2492 3515 2532 non

1943 2575 2432 2636 persequerentur.
2483 2565 2573 2620 Sic
2626 2566 2716 2619 ille
2764 2565 2978 2636 eﬂ‘ugit.
3028 2567 3186 2621 Mane
3245 2566 3521 2622 Constan-

1941 2660 2100 2725 tium,
2149 2674 2274 2714 cum
2313 2658 2525 2713 tumulo
2571 2657 2808 2727 quodam
2868 2672 3169 2711 conscenso
3209 2657 3515 2727 subjectam

1941 2752 2222 2823 planitiem
2262 2759 2318 2806 et
2374 2748 2834 2819 praeterﬂuentem
2879 2764 3097 2803 amnem
3146 2748 3513 2806 cadaveribus

1941 2848 2101 2917 plena
2147 2844 2395 2908 vidisset,
2444 2843 2501 2897 in
2556 2840 2880 2896 manifestas
2925 2840 3175 2909 erupisse
3243 2841 3514 2911 lacrymas

1939 2938 2145 3001 ferunt,
2190 2950 2297 2990 non
2351 2946 2459 2990 tam
2503 2932 2733 2987 victoria
2765 2932 3030 2996 Iretatum,
3071 2945 3234 3000 quam
3282 2930 3353 2986 ob
3401 2945 3514 2986 ca:-

1492 3028 1832 3100 γνωρίζοιτο,

1944 3045 2125 3085 sorum
2185 3026 2470 3082 interitum
2537 3032 2813 3079 maestum.
2875 3023 3009 3077 Nam
3074 3037 3198 3077 cum
3230 3022 3298 3077 ad
3355 3031 3513 3077 octo-

1938 3122 2086 3193 ginta
2134 3120 2300 3175 millia
2334 3118 2588 3181 haberet,
2635 3115 2705 3171 ad
2744 3115 2964 3186 triginta
3020 3113 3190 3169 millia
3224 3115 3507 3170 cecidise:

1938 3215 2006 3268 de
2023 3211 2317 3283 Magnentii
2347 3210 2571 3282 triginta
2593 3223 2687 3263 sex
2705 3206 2969 3271 millibus,
2991 3214 3296 3276 quatuoret
3312 3206 3508 3276 viginti

1939 3303 2178 3374 periise.
2228 3301 2411 3356 (ἔπεσε
2474 3313 2669 3354 omnes
2734 3297 2918 3353 statim
2981 3296 3101 3350 sine
3162 3294 3507 3363 discrimine,

1939 3399 2054 3455 sive
2080 3398 2267 3452 hostes
2293 3393 2410 3448 sive
2444 3391 2603 3447 amici
2627 3395 2831 3452 essent,
2866 3387 3086 3458 sepeliri
3106 3386 3292 3458 jussit,
3322 3387 3509 3443 adhuc

1938 3495 2214 3565 spirantes
2262 3491 2559 3561 diligenter
2605 3486 2796 3542 haberi
2846 3496 2902 3540 et
2944 3484 3129 3539 curari
3172 3499 3204 3539 a
3249 3482 3509 3541 medicis.

1940 3584 2305 3655 Magnentius,
2336 3591 2395 3635 ut
2424 3579 2631 3633 dictum
2658 3585 2763 3640 est,
2793 3576 3036 3645 elapsus,
3066 3573 3326 3644 reliquias
3366 3589 3502 3630 suo-

1942 3693 2061 3732 rum
2129 3671 2543 3744 conquirendo.
2613 3679 2670 3724 et
2741 3668 2880 3723 alios
2932 3666 3292 3731 asciscendo,
3352 3667 3503 3722 vires

1938 3766 2257 3836 recolligere
2307 3761 2606 3833 satagebat,
2653 3759 2822 3813 misso
2862 3757 2929 3812 ad
2983 3756 3366 3811 Constantium
3412 3771 3506 3812 se-

1936 3858 2139 3915 natorii
2173 3854 2384 3911 ordinis
2429 3853 2646 3922 legato,
2690 3864 2853 3918 quem
2883 3847 2989 3918 .ille
3049 3846 3271 3901 nomine
3317 3847 3503 3917 legati,

1936 3951 2004 4005 ad
2050 3962 2150 4002 sua
2200 3941 2534 4015 exploranda
2585 3939 2805 3993 venisse
2859 3949 3034 4003 ratus,
3091 3950 3203 3990 non
3260 3935 3504 3991 admisit.

1935 4042 2004 4096 At
2053 4037 2400 4107 Magnentius
2459 4045 2651 4088 rursus
2715 4028 2991 4099 episcOpis
3049 4027 3228 4082 missis
3277 4027 3496 4081 veniam

1936 4134 2230 4202 impetrare
2260 4128 2463 4190 studet,
2492 4135 2547 4179 nt
2573 4139 2673 4195 pro
2709 4122 2884 4176 milite
2916 4118 3237 4190 imperatori
3267 4126 3500 4173 navaret

1935 4238 2181 4297 operam.
2223 4220 2305 4277 Ad
2333 4235 2453 4275 eam
2486 4217 2813 4286 legationem
2862 4212 3001 4267 nihil
3033 4210 3321 4280 respondit
3362 4209 3506 4264 Con-

1937 4314 2193 4377 stantius,
2257 4310 2354 4366 sed
2408 4306 2604 4378 legatis
2658 4319 2716 4358 re
2776 4303 2976 4357 infecta
3035 4300 3298 4364 dimissis,
3354 4308 3504 4352 moto

1935 4404 2179 4462 exercitu
2238 4399 2439 4472 pergit,
2486 4396 2678 4453 multis
2718 4395 2813 4465 qtti
2860 4395 2963 4449 sub
3010 4392 3320 4463 Magnentio
3361 4390 3506 4444 mili-

1937 4506 2116 4553 tarant
2172 4494 2241 4549 ad
2298 4507 2424 4546 eum
2484 4486 2909 4548 continentibus,
2959 4499 3022 4538 ac
3079 4485 3403 4552 semetipsos
3449 4490 3507 4535 et

1931 4590 2151 4647 castella
2198 4586 2322 4642 ﬁdei
2351 4584 2500 4639 illius
2539 4577 3027 4635 committentibus.
3060 4576 3129 4630 At
3163 4574 3506 4657 Magnentius

1929 4670 2087 4738 venia
2118 4682 2430 4750 desperata,
2466 4691 2526 4730 se
2565 4674 2630 4728 ad
2662 4671 2867 4727 bellum
2904 4677 3084 4738 parat,
3122 4678 3181 4722 et
3217 4666 3275 4720 in
3310 4666 3505 4722 Galliis

1930 4772 2119 4842 copias
2171 4768 2400 4838 colligit.
2449 4765 2516 4821 Ut
2549 4771 2732 4817 autem
2762 4759 3060 4818 sollicitum
3110 4757 3367 4812 redderet
3397 4756 3504 4809 ini-

1930 4872 2262 4934 peratorem,
2289 4868 2346 4913 et
2380 4873 2414 4910 a
2459 4869 2580 4911 sese
2612 4853 2720 4908 alio
2750 4851 3067 4907 adverteret
3095 4867 3109 4904 :
3146 4845 3498 4901 familiarium

1930 4968 2155 5010 suorum
2204 4948 2499 5020 quemdam
2546 4945 2713 5001 mittit
2738 4942 3111 5006 Antiochiam,
3145 4940 3240 5011 qui
3287 4937 3501 4994 Gallum

1928 5048 2105 5102 tollat.
2138 5045 2190 5100 Is
2219 5058 2329 5113 quo
2380 5040 2565 5095 minus
2591 5046 2886 5107 suspectus
2932 5042 3101 5099 esset,
3134 5034 3190 5087 in
3227 5045 3367 5086 anus
3403 5043 3505 5081 cu-

244 5136 446 5191 δάνειν
478 5135 671 5189 ἑαυτὸν
699 5134 981 5205 ἐπειρᾶτο.
1009 5133 1257 5188 Ἕστειλι
1282 5135 1341 5187 δὲ
1393 5138 1490 5191 καὶ
1542 5137 1681 5207 πρὸς
1732 5138 1840 5239 τὸνν

1947 5139 2142 5194 usdam
2199 5135 2418 5207 tugurio
2457 5135 2610 5205 juxta
2665 5128 2929 5186 Orontem
2977 5127 3201 5182 [luvium
3254 5120 3502 5186 divertit,

1411 5300 1611 5363 Varie)
1633 5300 1948 5364 lectiones
1977 5307 2039 5363 et
2086 5302 2277 5361 notae.

331 5449 445 5520 (44)
484 5438 799 5515 Elatiae-de.
848 5447 1159 5504 Chronicon
1189 5448 1416 5504 Eusebii
1443 5463 1459 5502 :
1491 5448 1738 5504 Silvanus
1769 5449 1824 5502 in

254 5521 438 5578 Gallia
480 5537 563 5575 res
604 5537 764 5574 nouas
796 5522 1006 5574 molitus
1047 5521 1291 5573 vicesimo
1329 5527 1512 5573 octaro
1541 5521 1825 5573 exstinctus

255 5600 338 5645 est
362 5592 464 5648 die.
496 5592 571 5646 De
606 5590 828 5661 Silvano
859 5601 1026 5661 agunt
1069 5588 1257 5661 Victor
1306 5588 1553 5661 Sc_hotti,_
1583 5590 1826 5642 Ammia-

257 5676 391 5730 nus,
422 5662 458 5716 1.
486 5677 577 5723 xv,
618 5659 935 5731 Hieronytn.
986 5660 1041 5713 in
1086 5660 1325 5723 Chron.,
1349 5659 1672 5730 Theophan.
1705 5669 1819 5713 etc.

542 5755 815 5814 Parnm“
867 5752 986 5813 Gn.
1030 5750 1356 5815 CXXXIV.

1966 5466 1971 5469 ‘
2006 5450 2124 5523 (ἀεὶ
2184 5446 2428 5523 Aerem
2463 5458 2574 5523 me
2597 5456 2731 5513 W-
2772 5432 3505 5523 Euselhsc'ltf’E-nl‘ff???‘

1932 5505 2033 5595 tius
2073 5505 2484 5583 Aluum-victus,-
2506 5505 2563 5570 ίὶι
2597 5505 2701 5584 quo
2732 5507 2916 5595 pretio
2937 5505 3191 5561 Romam:
3216 5505 3353 5555 eirea
3378 5512 3504 5552 corr-

1930 5594 2193 5647 cidertmt.
2286 5619 2290 5624 -

3111 5724 3190 5787 36
