  <div class='ocr_page' id='page_1' title='image "/cluster/home/n/w/nwhite01/storage/ocr_20150623/134/hvd.32044073502510/576.png"; bbox 0 0 3938 6208; ppageno 0'>
   <div class='ocr_carea' id='block_1_1' title="bbox 356 402 489 468">
    <p class='ocr_par' dir='ltr' id='par_1_1' title="bbox 356 402 489 468">
     <span class='ocr_line' id='line_1_1' title="bbox 356 402 489 468; baseline 0 -1"><span class='ocrx_word' id='word_1_1' title='bbox 356 402 489 468; x_wconf 82' lang='lat'><strong>1137</strong></span> 
     </span>
    </p>
   </div>
   <div class='ocr_carea' id='block_1_2' title="bbox 1574 405 2379 471">
    <p class='ocr_par' dir='ltr' id='par_1_2' title="bbox 1574 405 2379 471">
     <span class='ocr_line' id='line_1_2' title="bbox 1574 405 2379 471; baseline -0.004 -2"><span class='ocrx_word' id='word_1_2' title='bbox 1574 405 1978 471; x_wconf 79' lang='lat' dir='ltr'><strong>ANNALIUM</strong></span> <span class='ocrx_word' id='word_1_3' title='bbox 2012 406 2157 466; x_wconf 88' lang='lat' dir='ltr'><strong>LIB.</strong></span> <span class='ocrx_word' id='word_1_4' title='bbox 2205 405 2379 466; x_wconf 72' lang='lat' dir='ltr'><strong>XIII.</strong></span> 
     </span>
    </p>
   </div>
   <div class='ocr_carea' id='block_1_3' title="bbox 3462 401 3600 466">
    <p class='ocr_par' dir='ltr' id='par_1_3' title="bbox 3462 401 3600 466">
     <span class='ocr_line' id='line_1_3' title="bbox 3462 401 3600 466; baseline -0.022 -1"><span class='ocrx_word' id='word_1_5' title='bbox 3462 401 3600 466; x_wconf 76' lang='lat'><strong>1133</strong></span> 
     </span>
    </p>
   </div>
   <div class='ocr_carea' id='block_1_4' title="bbox 423 510 1927 590">
    <p class='ocr_par' dir='ltr' id='par_1_4' title="bbox 423 510 1926 590">
     <span class='ocr_line' id='line_1_4' title="bbox 423 510 1926 590; baseline 0.003 -25"><span class='ocrx_word' id='word_1_6' title='bbox 423 510 479 566; x_wconf 88' lang='grc' dir='ltr'><strong>ι’.</strong></span> <span class='ocrx_word' id='word_1_7' title='bbox 513 515 891 580; x_wconf 78' lang='grc' dir='ltr'><strong>Κωνστάντιος</strong></span> <span class='ocrx_word' id='word_1_8' title='bbox 920 515 977 569; x_wconf 71' lang='grc' dir='ltr'><strong>δὲ</strong></span> <span class='ocrx_word' id='word_1_9' title='bbox 1027 515 1103 587; x_wconf 79' lang='grc' dir='ltr'><strong>μὴ</strong></span> <span class='ocrx_word' id='word_1_10' title='bbox 1129 511 1241 580; x_wconf 69' lang='grc' dir='ltr'><strong>οἷός</strong></span> <span class='ocrx_word' id='word_1_11' title='bbox 1280 536 1340 572; x_wconf 86' lang='grc' dir='ltr'><strong>τε</strong></span> <span class='ocrx_word' id='word_1_12' title='bbox 1388 518 1463 573; x_wconf 83' lang='grc' dir='ltr'><strong>ὢν</strong></span> <span class='ocrx_word' id='word_1_13' title='bbox 1492 520 1591 589; x_wconf 79' lang='grc' dir='ltr'><strong>τὴν</strong></span> <span class='ocrx_word' id='word_1_14' title='bbox 1627 520 1756 590; x_wconf 83' lang='grc' dir='ltr'><strong>ὃλην</strong></span> <span class='ocrx_word' id='word_1_15' title='bbox 1783 518 1926 571; x_wconf 73' lang='grc' dir='ltr'><strong>διευο</strong></span> 
     </span>
    </p>
   </div>
   <div class='ocr_carea' id='block_1_5' title="bbox 2035 510 3601 590">
    <p class='ocr_par' dir='ltr' id='par_1_5' title="bbox 2099 510 3601 579">
     <span class='ocr_line' id='line_1_5' title="bbox 2099 510 3601 579; baseline -0.004 -12"><span class='ocrx_word' id='word_1_16' title='bbox 2099 513 2166 567; x_wconf 82' lang='lat' dir='ltr'><strong>X.</strong></span> <span class='ocrx_word' id='word_1_17' title='bbox 2206 511 2561 570; x_wconf 71' lang='lat' dir='ltr'><strong>Constantius</strong></span> <span class='ocrx_word' id='word_1_18' title='bbox 2610 524 2792 567; x_wconf 89' lang='lat' dir='ltr'><strong>autem</strong></span> <span class='ocrx_word' id='word_1_19' title='bbox 2846 527 2971 565; x_wconf 89' lang='lat' dir='ltr'><strong>cum</strong></span> <span class='ocrx_word' id='word_1_20' title='bbox 3021 517 3231 565; x_wconf 85' lang='lat' dir='ltr'><strong>tantum</strong></span> <span class='ocrx_word' id='word_1_21' title='bbox 3286 510 3601 579; x_wconf 89' lang='lat' dir='ltr'><strong>imperium,</strong></span> 
     </span>
    </p>
   </div>
   <div class='ocr_carea' id='block_1_6' title="bbox 353 600 1927 680">
    <p class='ocr_par' dir='ltr' id='par_1_6' title="bbox 353 600 1922 680">
     <span class='ocr_line' id='line_1_6' title="bbox 353 600 1922 680; baseline 0.004 -25"><span class='ocrx_word' id='word_1_22' title='bbox 353 600 536 656; x_wconf 86' lang='grc' dir='ltr'><strong>θύνειν</strong></span> <span class='ocrx_word' id='word_1_23' title='bbox 591 605 754 670; x_wconf 86' lang='grc' dir='ltr'><strong>μόνος</strong></span> <span class='ocrx_word' id='word_1_24' title='bbox 791 605 967 677; x_wconf 81' lang='grc' dir='ltr'><strong>ἀρχὴν</strong></span> <span class='ocrx_word' id='word_1_25' title='bbox 1008 607 1280 680; x_wconf 78' lang='grc' dir='ltr'><strong>τοσαύτην</strong></span> <span class='ocrx_word' id='word_1_26' title='bbox 1310 604 1498 675; x_wconf 81' lang='grc' dir='ltr'><strong>οὖσαν,</strong></span> <span class='ocrx_word' id='word_1_27' title='bbox 1525 611 1601 674; x_wconf 85' lang='grc' dir='ltr'><strong>ὡς</strong></span> <span class='ocrx_word' id='word_1_28' title='bbox 1645 611 1703 675; x_wconf 71' lang='grc' dir='ltr'><strong>ἐξ</strong></span> <span class='ocrx_word' id='word_1_29' title='bbox 1735 611 1922 680; x_wconf 84' lang='grc' dir='ltr'><strong>ἄκρων</strong></span> 
     </span>
    </p>
   </div>
   <div class='ocr_carea' id='block_1_7' title="bbox 2035 600 3603 680">
    <p class='ocr_par' dir='ltr' id='par_1_7' title="bbox 2035 601 3603 677">
     <span class='ocr_line' id='line_1_7' title="bbox 2035 601 3603 677; baseline -0.004 -16"><span class='ocrx_word' id='word_1_30' title='bbox 2035 606 2170 677; x_wconf 73' lang='lat' dir='ltr'><strong>quod</strong></span> <span class='ocrx_word' id='word_1_31' title='bbox 2198 607 2267 661; x_wconf 90' lang='lat' dir='ltr'><strong>ab</strong></span> <span class='ocrx_word' id='word_1_32' title='bbox 2288 605 2550 662; x_wconf 77' lang='lat' dir='ltr'><strong>extremis</strong></span> <span class='ocrx_word' id='word_1_33' title='bbox 2599 612 2758 659; x_wconf 79' lang='lat' dir='ltr'><strong>teme</strong></span> <span class='ocrx_word' id='word_1_34' title='bbox 2804 603 3028 669; x_wconf 80' lang='lat' dir='ltr'><strong>ﬁnibus,</strong></span> <span class='ocrx_word' id='word_1_35' title='bbox 3065 602 3178 659; x_wconf 88' lang='lat' dir='ltr'><strong>fere</strong></span> <span class='ocrx_word' id='word_1_36' title='bbox 3210 601 3264 656; x_wconf 91' lang='lat' dir='ltr'><strong>in</strong></span> <span class='ocrx_word' id='word_1_37' title='bbox 3302 609 3603 661; x_wconf 83' lang='lat' dir='ltr'><strong>extremos,</strong></span> 
     </span>
    </p>
   </div>
   <div class='ocr_carea' id='block_1_8' title="bbox 353 692 1921 770">
    <p class='ocr_par' dir='ltr' id='par_1_8' title="bbox 353 692 1921 770">
     <span class='ocr_line' id='line_1_8' title="bbox 353 692 1921 770; baseline 0.004 -26"><span class='ocrx_word' id='word_1_38' title='bbox 353 692 543 762; x_wconf 86' lang='grc' dir='ltr'><strong>σχεδὸν</strong></span> <span class='ocrx_word' id='word_1_39' title='bbox 572 695 826 764; x_wconf 86' lang='grc' dir='ltr'><strong>περάτων</strong></span> <span class='ocrx_word' id='word_1_40' title='bbox 849 695 949 767; x_wconf 81' lang='grc' dir='ltr'><strong>τῆς</strong></span> <span class='ocrx_word' id='word_1_41' title='bbox 976 696 1084 765; x_wconf 85' lang='grc' dir='ltr'><strong>γῆς</strong></span> <span class='ocrx_word' id='word_1_42' title='bbox 1116 698 1196 763; x_wconf 88' lang='grc' dir='ltr'><strong>είς</strong></span> <span class='ocrx_word' id='word_1_43' title='bbox 1219 699 1364 769; x_wconf 83' lang='grc' dir='ltr'><strong>ἄκρα</strong></span> <span class='ocrx_word' id='word_1_44' title='bbox 1389 700 1600 770; x_wconf 87' lang='grc' dir='ltr'><strong>πέρατα</strong></span> <span class='ocrx_word' id='word_1_45' title='bbox 1630 702 1921 769; x_wconf 78' lang='grc' dir='ltr'><strong>καταντᾷν,</strong></span> 
     </span>
    </p>
   </div>
   <div class='ocr_carea' id='block_1_9' title="bbox 2025 691 3596 767">
    <p class='ocr_par' dir='ltr' id='par_1_9' title="bbox 2025 691 3596 767">
     <span class='ocr_line' id='line_1_9' title="bbox 2025 691 3596 767; baseline -0.005 -16"><span class='ocrx_word' id='word_1_46' title='bbox 2025 696 2477 766; x_wconf 86' lang='lat' dir='ltr'><strong>protendebatur,</strong></span> <span class='ocrx_word' id='word_1_47' title='bbox 2517 696 2668 752; x_wconf 83' lang='lat' dir='ltr'><strong>solus</strong></span> <span class='ocrx_word' id='word_1_48' title='bbox 2700 697 3006 767; x_wconf 79' lang='lat' dir='ltr'><strong>gubernare</strong></span> <span class='ocrx_word' id='word_1_49' title='bbox 3039 710 3147 750; x_wconf 89' lang='lat' dir='ltr'><strong>non</strong></span> <span class='ocrx_word' id='word_1_50' title='bbox 3189 702 3412 765; x_wconf 88' lang='lat' dir='ltr'><strong>posset,</strong></span> <span class='ocrx_word' id='word_1_51' title='bbox 3458 691 3596 746; x_wconf 82' lang='lat' dir='ltr'><strong>Galli</strong></span> 
     </span>
    </p>
   </div>
   <div class='ocr_carea' id='block_1_10' title="bbox 354 783 1927 861">
    <p class='ocr_par' dir='ltr' id='par_1_10' title="bbox 354 783 1927 861">
     <span class='ocr_line' id='line_1_10' title="bbox 354 783 1927 861; baseline 0.003 -24"><span class='ocrx_word' id='word_1_52' title='bbox 354 783 415 848; x_wconf 72' lang='grc' dir='ltr'><strong>ἐξ</strong></span> <span class='ocrx_word' id='word_1_53' title='bbox 455 785 697 855; x_wconf 79' lang='grc' dir='ltr'><strong>’Δθηνῶν</strong></span> <span class='ocrx_word' id='word_1_54' title='bbox 750 787 842 840; x_wconf 74' lang='grc' dir='ltr'><strong>τὸν</strong></span> <span class='ocrx_word' id='word_1_55' title='bbox 872 787 968 841; x_wconf 77' lang='grc' dir='ltr'><strong>τοῦ</strong></span> <span class='ocrx_word' id='word_1_56' title='bbox 1006 789 1212 843; x_wconf 82' lang='grc' dir='ltr'><strong>Γάλλου</strong></span> <span class='ocrx_word' id='word_1_57' title='bbox 1242 792 1518 861; x_wconf 82' lang='grc' dir='ltr'><strong>ὁμαίμονα</strong></span> <span class='ocrx_word' id='word_1_58' title='bbox 1570 792 1663 844; x_wconf 68' lang='grc' dir='ltr'><strong>τὸν</strong></span> <span class='ocrx_word' id='word_1_59' title='bbox 1705 790 1927 844; x_wconf 81' lang='grc' dir='ltr'><strong>Ἰουλια-</strong></span> 
     </span>
    </p>
   </div>
   <div class='ocr_carea' id='block_1_11' title="bbox 2035 783 3601 861">
    <p class='ocr_par' dir='ltr' id='par_1_11' title="bbox 2035 784 3601 848">
     <span class='ocr_line' id='line_1_11' title="bbox 2035 784 3601 848; baseline -0.005 -7"><span class='ocrx_word' id='word_1_60' title='bbox 2035 788 2251 841; x_wconf 87' lang='lat' dir='ltr'><strong>fratrem</strong></span> <span class='ocrx_word' id='word_1_61' title='bbox 2306 787 2582 843; x_wconf 76' lang='lat' dir='ltr'><strong>Iulianum</strong></span> <span class='ocrx_word' id='word_1_62' title='bbox 2638 786 2868 843; x_wconf 81' lang='lat' dir='ltr'><strong>Athenis</strong></span> <span class='ocrx_word' id='word_1_63' title='bbox 2921 786 3273 848; x_wconf 85' lang='lat' dir='ltr'><strong>accersitum,</strong></span> <span class='ocrx_word' id='word_1_64' title='bbox 3327 784 3601 840; x_wconf 56' lang='lat' dir='ltr'><strong>Caesarem</strong></span> 
     </span>
    </p>
   </div>
   <div class='ocr_carea' id='block_1_12' title="bbox 356 877 1926 952">
    <p class='ocr_par' dir='ltr' id='par_1_12' title="bbox 356 877 1926 952">
     <span class='ocr_line' id='line_1_12' title="bbox 356 877 1926 952; baseline 0.003 -23"><span class='ocrx_word' id='word_1_65' title='bbox 356 877 448 929; x_wconf 74' lang='grc' dir='ltr'><strong>νὺν</strong></span> <span class='ocrx_word' id='word_1_66' title='bbox 508 878 1059 948; x_wconf 76' lang='grc' dir='ltr'><strong>μετακαλεσάμενος,</strong></span> <span class='ocrx_word' id='word_1_67' title='bbox 1113 878 1370 952; x_wconf 74' lang='grc' dir='ltr'><strong>Κᾶίσαρά</strong></span> <span class='ocrx_word' id='word_1_68' title='bbox 1432 899 1489 935; x_wconf 83' lang='grc' dir='ltr'><strong>τε</strong></span> <span class='ocrx_word' id='word_1_69' title='bbox 1546 884 1769 946; x_wconf 82' lang='grc' dir='ltr'><strong>ἀνεῖπε,</strong></span> <span class='ocrx_word' id='word_1_70' title='bbox 1832 882 1926 935; x_wconf 71' lang='grc' dir='ltr'><strong>καὶ</strong></span> 
     </span>
    </p>
   </div>
   <div class='ocr_carea' id='block_1_13' title="bbox 366 955 1929 1044">
    <p class='ocr_par' dir='ltr' id='par_1_13' title="bbox 366 955 1929 1044">
     <span class='ocr_line' id='line_1_13' title="bbox 366 955 1929 1044; baseline 0.004 -26"><span class='ocrx_word' id='word_1_71' title='bbox 366 966 590 1036; x_wconf 80' lang='grc' dir='ltr'><strong>Ἑλένην</strong></span> <span class='ocrx_word' id='word_1_72' title='bbox 637 968 787 1037; x_wconf 78' lang='grc' dir='ltr'><strong>αὐτῷ</strong></span> <span class='ocrx_word' id='word_1_73' title='bbox 817 969 917 1040; x_wconf 83' lang='grc' dir='ltr'><strong>τὴν</strong></span> <span class='ocrx_word' id='word_1_74' title='bbox 947 970 1154 1024; x_wconf 77' lang='grc' dir='ltr'><strong>οἰκείαν</strong></span> <span class='ocrx_word' id='word_1_75' title='bbox 1183 968 1485 1043; x_wconf 77' lang='grc' dir='ltr'><strong>σῦνῴκισεν</strong></span> <span class='ocrx_word' id='word_1_76' title='bbox 1518 955 1781 1044; x_wconf 75' lang='grc' dir='ltr'><strong>ἀδελφήν.</strong></span> <span class='ocrx_word' id='word_1_77' title='bbox 1824 973 1929 1026; x_wconf 86' lang='grc' dir='ltr'><strong>Δέ-</strong></span> 
     </span>
    </p>
   </div>
   <div class='ocr_carea' id='block_1_14' title="bbox 354 1057 1931 1135">
    <p class='ocr_par' dir='ltr' id='par_1_14' title="bbox 354 1057 1931 1135">
     <span class='ocr_line' id='line_1_14' title="bbox 354 1057 1931 1135; baseline 0.004 -26"><span class='ocrx_word' id='word_1_78' title='bbox 354 1074 511 1124; x_wconf 81' lang='grc' dir='ltr'><strong>γεται</strong></span> <span class='ocrx_word' id='word_1_79' title='bbox 531 1057 661 1127; x_wconf 68' lang='grc' dir='ltr'><strong>δδτῇ</strong></span> <span class='ocrx_word' id='word_1_80' title='bbox 694 1058 863 1127; x_wconf 74' lang='grc' dir='ltr'><strong>μητρὶ</strong></span> <span class='ocrx_word' id='word_1_81' title='bbox 893 1060 1056 1113; x_wconf 77' lang='grc' dir='ltr'><strong>αὑτοῦ</strong></span> <span class='ocrx_word' id='word_1_82' title='bbox 1077 1063 1288 1135; x_wconf 75' lang='grc' dir='ltr'><strong>κυούσῃ</strong></span> <span class='ocrx_word' id='word_1_83' title='bbox 1305 1064 1469 1117; x_wconf 83' lang='grc' dir='ltr'><strong>αὐτὸν</strong></span> <span class='ocrx_word' id='word_1_84' title='bbox 1492 1063 1747 1116; x_wconf 82' lang='grc' dir='ltr'><strong>ἐνύπνιον</strong></span> <span class='ocrx_word' id='word_1_85' title='bbox 1778 1062 1931 1131; x_wconf 80' lang='grc' dir='ltr'><strong>γενέ-</strong></span> 
     </span>
    </p>
   </div>
   <div class='ocr_carea' id='block_1_15' title="bbox 359 1144 1932 1218">
    <p class='ocr_par' dir='ltr' id='par_1_15' title="bbox 359 1144 1932 1218">
     <span class='ocr_line' id='line_1_15' title="bbox 359 1144 1932 1218; baseline 0.004 -22"><span class='ocrx_word' id='word_1_86' title='bbox 359 1144 486 1198; x_wconf 87' lang='grc' dir='ltr'><strong>σθαι</strong></span> <span class='ocrx_word' id='word_1_87' title='bbox 512 1145 604 1199; x_wconf 69' lang='grc' dir='ltr'><strong>καὶ</strong></span> <span class='ocrx_word' id='word_1_88' title='bbox 627 1145 776 1212; x_wconf 81' lang='grc' dir='ltr'><strong>δόξαι</strong></span> <span class='ocrx_word' id='word_1_89' title='bbox 793 1147 887 1200; x_wconf 79' lang='grc' dir='ltr'><strong>τὸν</strong></span> <span class='ocrx_word' id='word_1_90' title='bbox 904 1148 1151 1218; x_wconf 77' lang='grc' dir='ltr'><strong>Ἀχιλλέα</strong></span> <span class='ocrx_word' id='word_1_91' title='bbox 1171 1153 1374 1207; x_wconf 83' lang='grc' dir='ltr'><strong>τεκεῖν.</strong></span> <span class='ocrx_word' id='word_1_92' title='bbox 1393 1151 1455 1204; x_wconf 76' lang='grc' dir='ltr'><strong>Ἠ</strong></span> <span class='ocrx_word' id='word_1_93' title='bbox 1482 1151 1538 1204; x_wconf 87' lang='grc' dir='ltr'><strong>δὲ</strong></span> <span class='ocrx_word' id='word_1_94' title='bbox 1558 1150 1932 1204; x_wconf 83' lang='grc' dir='ltr'><strong>διυπνισθεῖσα</strong></span> 
     </span>
    </p>
   </div>
   <div class='ocr_carea' id='block_1_16' title="bbox 360 1237 1930 1313">
    <p class='ocr_par' dir='ltr' id='par_1_16' title="bbox 360 1237 1930 1313">
     <span class='ocr_line' id='line_1_16' title="bbox 360 1237 1930 1313; baseline 0.003 -24"><span class='ocrx_word' id='word_1_95' title='bbox 360 1238 454 1289; x_wconf 77' lang='grc' dir='ltr'><strong>καὶ</strong></span> <span class='ocrx_word' id='word_1_96' title='bbox 480 1237 540 1290; x_wconf 82' lang='grc' dir='ltr'><strong>τὸ</strong></span> <span class='ocrx_word' id='word_1_97' title='bbox 564 1237 697 1307; x_wconf 83' lang='grc' dir='ltr'><strong>δναρ</strong></span> <span class='ocrx_word' id='word_1_98' title='bbox 717 1238 1049 1310; x_wconf 74' lang='grc' dir='ltr'><strong>διηγουμένη</strong></span> <span class='ocrx_word' id='word_1_99' title='bbox 1081 1242 1158 1311; x_wconf 81' lang='grc' dir='ltr'><strong>τῷ</strong></span> <span class='ocrx_word' id='word_1_100' title='bbox 1180 1242 1359 1312; x_wconf 77' lang='grc' dir='ltr'><strong>ἀνδρὶ,</strong></span> <span class='ocrx_word' id='word_1_101' title='bbox 1388 1242 1541 1298; x_wconf 79' lang='grc' dir='ltr'><strong>ἔτεκε</strong></span> <span class='ocrx_word' id='word_1_102' title='bbox 1577 1242 1770 1295; x_wconf 76' lang='grc' dir='ltr'><strong>τοῦτον</strong></span> <span class='ocrx_word' id='word_1_103' title='bbox 1803 1242 1930 1313; x_wconf 78' lang='grc' dir='ltr'><strong>μήτ’</strong></span> 
     </span>
    </p>
   </div>
   <div class='ocr_carea' id='block_1_17' title="bbox 357 1328 1933 1403">
    <p class='ocr_par' dir='ltr' id='par_1_17' title="bbox 357 1328 1933 1403">
     <span class='ocr_line' id='line_1_17' title="bbox 357 1328 1933 1403; baseline 0.003 -22"><span class='ocrx_word' id='word_1_104' title='bbox 357 1330 564 1383; x_wconf 79' lang='grc' dir='ltr'><strong>ὠδίνων</strong></span> <span class='ocrx_word' id='word_1_105' title='bbox 614 1328 802 1399; x_wconf 85' lang='grc' dir='ltr'><strong>σχεδὸν</strong></span> <span class='ocrx_word' id='word_1_106' title='bbox 849 1330 940 1382; x_wconf 78' lang='grc' dir='ltr'><strong>ἐπ’</strong></span> <span class='ocrx_word' id='word_1_107' title='bbox 970 1331 1122 1402; x_wconf 85' lang='grc' dir='ltr'><strong>αύτῷ</strong></span> <span class='ocrx_word' id='word_1_108' title='bbox 1170 1332 1522 1403; x_wconf 83' lang='grc' dir='ltr'><strong>πειραθετσα,</strong></span> <span class='ocrx_word' id='word_1_109' title='bbox 1554 1334 1648 1387; x_wconf 73' lang='grc' dir='ltr'><strong>καὶ</strong></span> <span class='ocrx_word' id='word_1_110' title='bbox 1695 1333 1933 1389; x_wconf 82' lang='grc' dir='ltr'><strong>τεκοῦσα</strong></span> 
     </span>
    </p>
   </div>
   <div class='ocr_carea' id='block_1_18' title="bbox 357 1419 1935 1494">
    <p class='ocr_par' dir='ltr' id='par_1_18' title="bbox 357 1419 1935 1494">
     <span class='ocr_line' id='line_1_18' title="bbox 357 1419 1935 1494; baseline 0.005 -25"><span class='ocrx_word' id='word_1_111' title='bbox 357 1419 527 1487; x_wconf 81' lang='grc' dir='ltr'><strong>πρινὴ</strong></span> <span class='ocrx_word' id='word_1_112' title='bbox 550 1419 729 1489; x_wconf 83' lang='grc' dir='ltr'><strong>γνοίη.</strong></span> <span class='ocrx_word' id='word_1_113' title='bbox 752 1421 828 1484; x_wconf 88' lang='grc' dir='ltr'><strong>ὠς</strong></span> <span class='ocrx_word' id='word_1_114' title='bbox 856 1420 1040 1491; x_wconf 81' lang='grc' dir='ltr'><strong>μέλλει</strong></span> <span class='ocrx_word' id='word_1_115' title='bbox 1079 1423 1308 1477; x_wconf 83' lang='grc' dir='ltr'><strong>τίκτειν.</strong></span> <span class='ocrx_word' id='word_1_116' title='bbox 1357 1422 1638 1476; x_wconf 73' lang='grc' dir='ltr'><strong>Ἐντεῦθεν</strong></span> <span class='ocrx_word' id='word_1_117' title='bbox 1665 1425 1753 1475; x_wconf 77' lang='grc' dir='ltr'><strong>ἐπ’</strong></span> <span class='ocrx_word' id='word_1_118' title='bbox 1782 1423 1935 1494; x_wconf 82' lang='grc' dir='ltr'><strong>αὖτῷ</strong></span> 
     </span>
    </p>
   </div>
   <div class='ocr_carea' id='block_1_19' title="bbox 362 1508 1936 1582">
    <p class='ocr_par' dir='ltr' id='par_1_19' title="bbox 362 1508 1936 1582">
     <span class='ocr_line' id='line_1_19' title="bbox 362 1508 1936 1582; baseline 0.006 -23"><span class='ocrx_word' id='word_1_119' title='bbox 362 1508 607 1576; x_wconf 82' lang='grc' dir='ltr'><strong>μεγάλας</strong></span> <span class='ocrx_word' id='word_1_120' title='bbox 628 1510 925 1580; x_wconf 71' lang='grc' dir='ltr'><strong>ἐσχηκότες</strong></span> <span class='ocrx_word' id='word_1_121' title='bbox 956 1513 1181 1577; x_wconf 79' lang='grc' dir='ltr'><strong>ἐλπίδας</strong></span> <span class='ocrx_word' id='word_1_122' title='bbox 1204 1515 1255 1566; x_wconf 92' lang='grc' dir='ltr'><strong>οί</strong></span> <span class='ocrx_word' id='word_1_123' title='bbox 1286 1513 1479 1568; x_wconf 88' lang='grc' dir='ltr'><strong>τούτου</strong></span> <span class='ocrx_word' id='word_1_124' title='bbox 1524 1517 1729 1582; x_wconf 82' lang='grc' dir='ltr'><strong>γονεῖς,</strong></span> <span class='ocrx_word' id='word_1_125' title='bbox 1766 1516 1936 1569; x_wconf 86' lang='grc' dir='ltr'><strong>Εὐσε-</strong></span> 
     </span>
    </p>
   </div>
   <div class='ocr_carea' id='block_1_20' title="bbox 359 1599 1937 1679">
    <p class='ocr_par' dir='ltr' id='par_1_20' title="bbox 359 1599 1937 1679">
     <span class='ocr_line' id='line_1_20' title="bbox 359 1599 1937 1679; baseline 0.008 -29"><span class='ocrx_word' id='word_1_126' title='bbox 359 1599 463 1669; x_wconf 79' lang='grc' dir='ltr'><strong>ϐίῳ</strong></span> <span class='ocrx_word' id='word_1_127' title='bbox 496 1600 607 1669; x_wconf 81' lang='lat'><strong>(50)</strong></span> <span class='ocrx_word' id='word_1_128' title='bbox 648 1602 727 1670; x_wconf 84' lang='grc' dir='ltr'><strong>τῷ</strong></span> <span class='ocrx_word' id='word_1_129' title='bbox 754 1603 1129 1673; x_wconf 86' lang='grc' dir='ltr'><strong>Νικομηδείας</strong></span> <span class='ocrx_word' id='word_1_130' title='bbox 1158 1605 1321 1659; x_wconf 79' lang='grc' dir='ltr'><strong>αὑτὸν</strong></span> <span class='ocrx_word' id='word_1_131' title='bbox 1345 1607 1769 1675; x_wconf 82' lang='grc' dir='ltr'><strong>παραδεδώκασι</strong></span> <span class='ocrx_word' id='word_1_132' title='bbox 1804 1609 1937 1679; x_wconf 84' lang='grc' dir='ltr'><strong>παρ’</strong></span> 
     </span>
    </p>
   </div>
   <div class='ocr_carea' id='block_1_21' title="bbox 360 1691 1937 1771">
    <p class='ocr_par' dir='ltr' id='par_1_21' title="bbox 360 1691 1937 1771">
     <span class='ocr_line' id='line_1_21' title="bbox 360 1691 1937 1771; baseline 0.007 -28"><span class='ocrx_word' id='word_1_133' title='bbox 360 1691 528 1744; x_wconf 76' lang='grc' dir='ltr'><strong>αὐτοῦ</strong></span> <span class='ocrx_word' id='word_1_134' title='bbox 574 1693 993 1765; x_wconf 81' lang='grc' dir='ltr'><strong>μυηθησόμενον</strong></span> <span class='ocrx_word' id='word_1_135' title='bbox 1030 1697 1130 1765; x_wconf 85' lang='grc' dir='ltr'><strong>τὴν</strong></span> <span class='ocrx_word' id='word_1_136' title='bbox 1180 1697 1330 1750; x_wconf 77' lang='grc' dir='ltr'><strong>θείαν</strong></span> <span class='ocrx_word' id='word_1_137' title='bbox 1376 1699 1622 1769; x_wconf 67' lang='grc' dir='ltr'><strong>Γραφήν.</strong></span> <span class='ocrx_word' id='word_1_138' title='bbox 1678 1699 1937 1771; x_wconf 79' lang='grc' dir='ltr'><strong>Καίσαρα</strong></span> 
     </span>
    </p>
   </div>
   <div class='ocr_carea' id='block_1_22' title="bbox 356 1785 1935 1860">
    <p class='ocr_par' dir='ltr' id='par_1_22' title="bbox 356 1785 1935 1860">
     <span class='ocr_line' id='line_1_22' title="bbox 356 1785 1935 1860; baseline 0.006 -24"><span class='ocrx_word' id='word_1_139' title='bbox 356 1785 413 1836; x_wconf 70' lang='grc' dir='ltr'><strong>δὲ</strong></span> <span class='ocrx_word' id='word_1_140' title='bbox 447 1785 636 1838; x_wconf 81' lang='grc' dir='ltr'><strong>τοῦτον</strong></span> <span class='ocrx_word' id='word_1_141' title='bbox 680 1786 1055 1856; x_wconf 75' lang='grc' dir='ltr'><strong>ἀναγορεύσας</strong></span> <span class='ocrx_word' id='word_1_142' title='bbox 1084 1791 1112 1840; x_wconf 89' lang='grc' dir='ltr'>ὀ</span> <span class='ocrx_word' id='word_1_143' title='bbox 1142 1789 1501 1860; x_wconf 79' lang='grc' dir='ltr'><strong>αὐτοκράτωρ</strong></span> <span class='ocrx_word' id='word_1_144' title='bbox 1531 1791 1935 1854; x_wconf 83' lang='grc' dir='ltr'><strong>Κωνστάντιος,</strong></span> 
     </span>
    </p>
   </div>
   <div class='ocr_carea' id='block_1_23' title="bbox 2032 873 3606 950">
    <p class='ocr_par' dir='ltr' id='par_1_23' title="bbox 2032 873 3606 950">
     <span class='ocr_line' id='line_1_23' title="bbox 2032 873 3606 950; baseline -0.005 -16"><span class='ocrx_word' id='word_1_145' title='bbox 2032 881 2288 950; x_wconf 87' lang='lat' dir='ltr'><strong>appellat,</strong></span> <span class='ocrx_word' id='word_1_146' title='bbox 2326 895 2514 935; x_wconf 81' lang='lat' dir='ltr'><strong>sorore</strong></span> <span class='ocrx_word' id='word_1_147' title='bbox 2559 879 2764 934; x_wconf 83' lang='lat' dir='ltr'><strong>Helena</strong></span> <span class='ocrx_word' id='word_1_148' title='bbox 2796 879 2852 933; x_wconf 91' lang='lat' dir='ltr'><strong>in</strong></span> <span class='ocrx_word' id='word_1_149' title='bbox 2882 878 3296 933; x_wconf 82' lang='lat' dir='ltr'><strong>matrimonium</strong></span> <span class='ocrx_word' id='word_1_150' title='bbox 3326 876 3469 929; x_wconf 80' lang='lat' dir='ltr'><strong>data.</strong></span> <span class='ocrx_word' id='word_1_151' title='bbox 3498 873 3606 927; x_wconf 84' lang='lat' dir='ltr'><strong>Fe-</strong></span> 
     </span>
    </p>
   </div>
   <div class='ocr_carea' id='block_1_24' title="bbox 2034 961 3606 1039">
    <p class='ocr_par' dir='ltr' id='par_1_24' title="bbox 2034 961 3606 1039">
     <span class='ocr_line' id='line_1_24' title="bbox 2034 961 3606 1039; baseline -0.007 -16"><span class='ocrx_word' id='word_1_152' title='bbox 2034 979 2165 1023; x_wconf 87' lang='lat' dir='ltr'><strong>runt</strong></span> <span class='ocrx_word' id='word_1_153' title='bbox 2198 979 2426 1027; x_wconf 83' lang='lat' dir='ltr'><strong>matrem</strong></span> <span class='ocrx_word' id='word_1_154' title='bbox 2458 970 2577 1039; x_wconf 83' lang='lat' dir='ltr'><strong>ejus</strong></span> <span class='ocrx_word' id='word_1_155' title='bbox 2609 977 2825 1023; x_wconf 89' lang='lat' dir='ltr'><strong>uterum</strong></span> <span class='ocrx_word' id='word_1_156' title='bbox 2868 967 3157 1031; x_wconf 86' lang='lat' dir='ltr'><strong>ferentem,</strong></span> <span class='ocrx_word' id='word_1_157' title='bbox 3185 967 3239 1020; x_wconf 92' lang='lat' dir='ltr'><strong>in</strong></span> <span class='ocrx_word' id='word_1_158' title='bbox 3268 964 3476 1021; x_wconf 91' lang='lat' dir='ltr'><strong>somnis</strong></span> <span class='ocrx_word' id='word_1_159' title='bbox 3501 961 3606 1017; x_wconf 83' lang='lat' dir='ltr'><strong>sibi</strong></span> 
     </span>
    </p>
   </div>
   <div class='ocr_carea' id='block_1_25' title="bbox 2033 1054 3605 1130">
    <p class='ocr_par' dir='ltr' id='par_1_25' title="bbox 2033 1054 3605 1130">
     <span class='ocr_line' id='line_1_25' title="bbox 2033 1054 3605 1130; baseline -0.006 -14"><span class='ocrx_word' id='word_1_160' title='bbox 2033 1063 2202 1117; x_wconf 87' lang='lat' dir='ltr'><strong>visam</strong></span> <span class='ocrx_word' id='word_1_161' title='bbox 2261 1077 2381 1116; x_wconf 87' lang='lat' dir='ltr'><strong>esse</strong></span> <span class='ocrx_word' id='word_1_162' title='bbox 2431 1060 2697 1115; x_wconf 86' lang='lat' dir='ltr'><strong>Achillem</strong></span> <span class='ocrx_word' id='word_1_163' title='bbox 2754 1074 2974 1130; x_wconf 91' lang='lat' dir='ltr'><strong>parere.</strong></span> <span class='ocrx_word' id='word_1_164' title='bbox 3044 1058 3419 1127; x_wconf 77' lang='lat' dir='ltr'><strong>Experrecta,</strong></span> <span class='ocrx_word' id='word_1_165' title='bbox 3474 1054 3605 1108; x_wconf 87' lang='lat' dir='ltr'><strong>dum</strong></span> 
     </span>
    </p>
   </div>
   <div class='ocr_carea' id='block_1_26' title="bbox 2032 1146 3608 1219">
    <p class='ocr_par' dir='ltr' id='par_1_26' title="bbox 2032 1146 3608 1219">
     <span class='ocr_line' id='line_1_26' title="bbox 2032 1146 3608 1219; baseline -0.004 -12"><span class='ocrx_word' id='word_1_166' title='bbox 2032 1152 2305 1209; x_wconf 88' lang='lat' dir='ltr'><strong>somnium</strong></span> <span class='ocrx_word' id='word_1_167' title='bbox 2362 1152 2559 1205; x_wconf 89' lang='lat' dir='ltr'><strong>marito</strong></span> <span class='ocrx_word' id='word_1_168' title='bbox 2611 1159 2817 1215; x_wconf 88' lang='lat' dir='ltr'><strong>narrat,</strong></span> <span class='ocrx_word' id='word_1_169' title='bbox 2866 1149 3019 1203; x_wconf 89' lang='lat' dir='ltr'><strong>illum</strong></span> <span class='ocrx_word' id='word_1_170' title='bbox 3072 1150 3251 1219; x_wconf 81' lang='lat' dir='ltr'><strong>parit,</strong></span> <span class='ocrx_word' id='word_1_171' title='bbox 3304 1162 3444 1217; x_wconf 79' lang='lat' dir='ltr'><strong>pene</strong></span> <span class='ocrx_word' id='word_1_172' title='bbox 3488 1146 3608 1201; x_wconf 84' lang='lat' dir='ltr'><strong>sine</strong></span> 
     </span>
    </p>
   </div>
   <div class='ocr_carea' id='block_1_27' title="bbox 2033 1239 3609 1311">
    <p class='ocr_par' dir='ltr' id='par_1_27' title="bbox 2033 1239 3609 1311">
     <span class='ocr_line' id='line_1_27' title="bbox 2033 1239 3609 1311; baseline -0.006 -12"><span class='ocrx_word' id='word_1_173' title='bbox 2033 1244 2339 1307; x_wconf 83' lang='lat' dir='ltr'><strong>doloribus,</strong></span> <span class='ocrx_word' id='word_1_174' title='bbox 2373 1241 2505 1298; x_wconf 79' lang='lat' dir='ltr'><strong>fmtu</strong></span> <span class='ocrx_word' id='word_1_175' title='bbox 2537 1242 2688 1297; x_wconf 87' lang='lat' dir='ltr'><strong>edito</strong></span> <span class='ocrx_word' id='word_1_176' title='bbox 2717 1241 3035 1311; x_wconf 81' lang='lat' dir='ltr'><strong>priusquam</strong></span> <span class='ocrx_word' id='word_1_177' title='bbox 3061 1254 3119 1294; x_wconf 89' lang='lat' dir='ltr'><strong>se</strong></span> <span class='ocrx_word' id='word_1_178' title='bbox 3149 1239 3452 1307; x_wconf 88' lang='lat' dir='ltr'><strong>parituram</strong></span> <span class='ocrx_word' id='word_1_179' title='bbox 3483 1251 3609 1291; x_wconf 87' lang='lat' dir='ltr'><strong>sen—</strong></span> 
     </span>
    </p>
   </div>
   <div class='ocr_carea' id='block_1_28' title="bbox 2034 1331 3609 1403">
    <p class='ocr_par' dir='ltr' id='par_1_28' title="bbox 2034 1331 3609 1403">
     <span class='ocr_line' id='line_1_28' title="bbox 2034 1331 3609 1403; baseline -0.008 -13"><span class='ocrx_word' id='word_1_180' title='bbox 2034 1335 2214 1391; x_wconf 90' lang='lat' dir='ltr'><strong>sisset.</strong></span> <span class='ocrx_word' id='word_1_181' title='bbox 2247 1334 2387 1388; x_wconf 85' lang='lat' dir='ltr'><strong>llinc</strong></span> <span class='ocrx_word' id='word_1_182' title='bbox 2435 1348 2629 1403; x_wconf 89' lang='lat' dir='ltr'><strong>magna</strong></span> <span class='ocrx_word' id='word_1_183' title='bbox 2662 1331 2729 1386; x_wconf 90' lang='lat' dir='ltr'><strong>de</strong></span> <span class='ocrx_word' id='word_1_184' title='bbox 2759 1331 2853 1385; x_wconf 93' lang='lat' dir='ltr'><strong>illo</strong></span> <span class='ocrx_word' id='word_1_185' title='bbox 2886 1345 2981 1399; x_wconf 87' lang='lat' dir='ltr'><strong>spe</strong></span> <span class='ocrx_word' id='word_1_186' title='bbox 3020 1337 3287 1397; x_wconf 87' lang='lat' dir='ltr'><strong>concepta</strong></span> <span class='ocrx_word' id='word_1_187' title='bbox 3333 1335 3609 1393; x_wconf 87' lang='lat' dir='ltr'><strong>parentes,</strong></span> 
     </span>
    </p>
   </div>
   <div class='ocr_carea' id='block_1_29' title="bbox 2037 1418 3610 1498">
    <p class='ocr_par' dir='ltr' id='par_1_29' title="bbox 2037 1418 3610 1498">
     <span class='ocr_line' id='line_1_29' title="bbox 2037 1418 3610 1498; baseline -0.008 -16"><span class='ocrx_word' id='word_1_188' title='bbox 2037 1443 2267 1498; x_wconf 88' lang='lat' dir='ltr'><strong>puerum</strong></span> <span class='ocrx_word' id='word_1_189' title='bbox 2331 1424 2570 1480; x_wconf 83' lang='lat' dir='ltr'><strong>Eusebio</strong></span> <span class='ocrx_word' id='word_1_190' title='bbox 2639 1423 2969 1477; x_wconf 75' lang='lat' dir='ltr'><strong>Nicomedia:</strong></span> <span class='ocrx_word' id='word_1_191' title='bbox 3037 1420 3297 1490; x_wconf 89' lang='lat' dir='ltr'><strong>episcopo</strong></span> <span class='ocrx_word' id='word_1_192' title='bbox 3345 1418 3401 1471; x_wconf 91' lang='lat' dir='ltr'><strong>in</strong></span> <span class='ocrx_word' id='word_1_193' title='bbox 3457 1432 3610 1471; x_wconf 82' lang='lat' dir='ltr'><strong>sacra</strong></span> 
     </span>
    </p>
   </div>
   <div class='ocr_carea' id='block_1_30' title="bbox 2038 1509 3607 1595">
    <p class='ocr_par' dir='ltr' id='par_1_30' title="bbox 2038 1509 3607 1595">
     <span class='ocr_line' id='line_1_30' title="bbox 2038 1509 3607 1595; baseline -0.007 -23"><span class='ocrx_word' id='word_1_194' title='bbox 2038 1516 2321 1587; x_wconf 88' lang='lat' dir='ltr'><strong>Scriptura</strong></span> <span class='ocrx_word' id='word_1_195' title='bbox 2373 1512 2739 1569; x_wconf 82' lang='lat' dir='ltr'><strong>erudiendum</strong></span> <span class='ocrx_word' id='word_1_196' title='bbox 2790 1512 3155 1566; x_wconf 84' lang='lat' dir='ltr'><strong>tradiderunt.</strong></span> <span class='ocrx_word' id='word_1_197' title='bbox 3188 1509 3295 1564; x_wconf 86' lang='lat' dir='ltr'><strong>Sed</strong></span> <span class='ocrx_word' id='word_1_198' title='bbox 3338 1509 3607 1595; x_wconf 63' lang='lat' dir='ltr'><strong>Constant;</strong></span> 
     </span>
    </p>
   </div>
   <div class='ocr_carea' id='block_1_31' title="bbox 2040 1601 3613 1681">
    <p class='ocr_par' dir='ltr' id='par_1_31' title="bbox 2040 1601 3613 1681">
     <span class='ocr_line' id='line_1_31' title="bbox 2040 1601 3613 1681; baseline -0.008 -13"><span class='ocrx_word' id='word_1_199' title='bbox 2040 1614 2151 1668; x_wconf 91' lang='lat' dir='ltr'><strong>tius</strong></span> <span class='ocrx_word' id='word_1_200' title='bbox 2204 1613 2502 1681; x_wconf 88' lang='lat' dir='ltr'><strong>imperator</strong></span> <span class='ocrx_word' id='word_1_201' title='bbox 2554 1624 2682 1664; x_wconf 91' lang='lat' dir='ltr'><strong>eum</strong></span> <span class='ocrx_word' id='word_1_202' title='bbox 2729 1609 2837 1679; x_wconf 86' lang='lat' dir='ltr'><strong>jam</strong></span> <span class='ocrx_word' id='word_1_203' title='bbox 2884 1606 3194 1669; x_wconf 66' lang='lat' dir='ltr'><strong>Cmsarem,</strong></span> <span class='ocrx_word' id='word_1_204' title='bbox 3242 1620 3367 1659; x_wconf 87' lang='lat' dir='ltr'><strong>cum</strong></span> <span class='ocrx_word' id='word_1_205' title='bbox 3422 1601 3613 1672; x_wconf 88' lang='lat' dir='ltr'><strong>paucis</strong></span> 
     </span>
    </p>
   </div>
   <div class='ocr_carea' id='block_1_32' title="bbox 2038 1694 3611 1766">
    <p class='ocr_par' dir='ltr' id='par_1_32' title="bbox 2038 1694 3611 1766">
     <span class='ocr_line' id='line_1_32' title="bbox 2038 1694 3611 1766; baseline -0.006 -11"><span class='ocrx_word' id='word_1_206' title='bbox 2038 1703 2263 1757; x_wconf 89' lang='lat' dir='ltr'><strong>omnino</strong></span> <span class='ocrx_word' id='word_1_207' title='bbox 2312 1701 2581 1755; x_wconf 87' lang='lat' dir='ltr'><strong>militibus</strong></span> <span class='ocrx_word' id='word_1_208' title='bbox 2620 1699 2675 1753; x_wconf 93' lang='lat' dir='ltr'><strong>in</strong></span> <span class='ocrx_word' id='word_1_209' title='bbox 2707 1697 2911 1753; x_wconf 85' lang='lat' dir='ltr'><strong>Gallias</strong></span> <span class='ocrx_word' id='word_1_210' title='bbox 2944 1695 3233 1766; x_wconf 80' lang='lat' dir='ltr'><strong>ablegavit,</strong></span> <span class='ocrx_word' id='word_1_211' title='bbox 3271 1703 3331 1749; x_wconf 91' lang='lat' dir='ltr'><strong>ut</strong></span> <span class='ocrx_word' id='word_1_212' title='bbox 3360 1694 3487 1748; x_wconf 90' lang='lat' dir='ltr'><strong>inde</strong></span> <span class='ocrx_word' id='word_1_213' title='bbox 3518 1708 3611 1747; x_wconf 88' lang='lat' dir='ltr'><strong>su-</strong></span> 
     </span>
    </p>
   </div>
   <div class='ocr_carea' id='block_1_33' title="bbox 2042 1787 3612 1866">
    <p class='ocr_par' dir='ltr' id='par_1_33' title="bbox 2042 1787 3612 1866">
     <span class='ocr_line' id='line_1_33' title="bbox 2042 1787 3612 1866; baseline -0.009 -15"><span class='ocrx_word' id='word_1_214' title='bbox 2042 1795 2215 1866; x_wconf 89' lang='lat' dir='ltr'><strong>spicio</strong></span> <span class='ocrx_word' id='word_1_215' title='bbox 2261 1800 2624 1856; x_wconf 88' lang='lat' dir='ltr'><strong>nasceretur,</strong></span> <span class='ocrx_word' id='word_1_216' title='bbox 2676 1790 2952 1846; x_wconf 86' lang='lat' dir='ltr'><strong>Julianum</strong></span> <span class='ocrx_word' id='word_1_217' title='bbox 3007 1803 3115 1842; x_wconf 90' lang='lat' dir='ltr'><strong>non</strong></span> <span class='ocrx_word' id='word_1_218' title='bbox 3170 1787 3442 1842; x_wconf 88' lang='lat' dir='ltr'><strong>delectum</strong></span> <span class='ocrx_word' id='word_1_219' title='bbox 3491 1799 3612 1839; x_wconf 86' lang='lat' dir='ltr'><strong>esse</strong></span> 
     </span>
    </p>
   </div>
   <div class='ocr_carea' id='block_1_34' title="bbox 357 1875 1927 1955">
    <p class='ocr_par' dir='ltr' id='par_1_34' title="bbox 357 1875 1927 1951">
     <span class='ocr_line' id='line_1_34' title="bbox 357 1875 1927 1951; baseline 0.004 -25"><span class='ocrx_word' id='word_1_220' title='bbox 357 1877 437 1937; x_wconf 85' lang='grc' dir='ltr'><strong>εἰς</strong></span> <span class='ocrx_word' id='word_1_221' title='bbox 462 1875 690 1938; x_wconf 78' lang='grc' dir='ltr'><strong>Γαλλίας</strong></span> <span class='ocrx_word' id='word_1_222' title='bbox 718 1876 994 1947; x_wconf 74' lang='grc' dir='ltr'><strong>ἐξέπεμψε</strong></span> <span class='ocrx_word' id='word_1_223' title='bbox 1023 1879 1142 1945; x_wconf 87' lang='grc' dir='ltr'><strong>μετ’</strong></span> <span class='ocrx_word' id='word_1_224' title='bbox 1162 1879 1363 1948; x_wconf 83' lang='grc' dir='ltr'><strong>ὀλίγων</strong></span> <span class='ocrx_word' id='word_1_225' title='bbox 1393 1882 1534 1935; x_wconf 87' lang='grc' dir='ltr'><strong>πάνυ</strong></span> <span class='ocrx_word' id='word_1_226' title='bbox 1566 1882 1927 1951; x_wconf 72' lang='grc' dir='ltr'><strong>στρατιωτῶν,</strong></span> 
     </span>
    </p>
   </div>
   <div class='ocr_carea' id='block_1_35' title="bbox 2035 1875 3611 1955">
    <p class='ocr_par' dir='ltr' id='par_1_35' title="bbox 2045 1876 3611 1955">
     <span class='ocr_line' id='line_1_35' title="bbox 2045 1876 3611 1955; baseline -0.006 -15"><span class='ocrx_word' id='word_1_227' title='bbox 2045 1886 2257 1955; x_wconf 86' lang='lat' dir='ltr'><strong>imperii</strong></span> <span class='ocrx_word' id='word_1_228' title='bbox 2306 1884 2590 1953; x_wconf 89' lang='lat' dir='ltr'><strong>collegam,</strong></span> <span class='ocrx_word' id='word_1_229' title='bbox 2640 1882 2733 1936; x_wconf 88' lang='lat' dir='ltr'><strong>sed</strong></span> <span class='ocrx_word' id='word_1_230' title='bbox 2776 1880 2844 1935; x_wconf 89' lang='lat' dir='ltr'><strong>ad</strong></span> <span class='ocrx_word' id='word_1_231' title='bbox 2893 1878 3316 1934; x_wconf 88' lang='lat' dir='ltr'><strong>dissimulandas</strong></span> <span class='ocrx_word' id='word_1_232' title='bbox 3364 1876 3611 1936; x_wconf 86' lang='lat' dir='ltr'><strong>insidias.</strong></span> 
     </span>
    </p>
   </div>
   <div class='ocr_carea' id='block_1_36' title="bbox 354 1968 1939 2038">
    <p class='ocr_par' dir='ltr' id='par_1_36' title="bbox 354 1968 1939 2038">
     <span class='ocr_line' id='line_1_36' title="bbox 354 1968 1939 2038; baseline 0.004 -20"><span class='ocrx_word' id='word_1_233' title='bbox 354 1968 430 2029; x_wconf 84' lang='grc' dir='ltr'><strong>ὠς</strong></span> <span class='ocrx_word' id='word_1_234' title='bbox 468 1968 727 2020; x_wconf 82' lang='grc' dir='ltr'><strong>ὑπόνοιαν</strong></span> <span class='ocrx_word' id='word_1_235' title='bbox 773 1968 1028 2022; x_wconf 77' lang='grc' dir='ltr'><strong>ἐντεῦθεν</strong></span> <span class='ocrx_word' id='word_1_236' title='bbox 1074 1971 1413 2038; x_wconf 82' lang='grc' dir='ltr'><strong>ἐγγίνεσθαι,</strong></span> <span class='ocrx_word' id='word_1_237' title='bbox 1455 1974 1538 2025; x_wconf 82' lang='grc' dir='ltr'><strong>ὅτι</strong></span> <span class='ocrx_word' id='word_1_238' title='bbox 1572 1973 1631 2026; x_wconf 88' lang='grc' dir='ltr'><strong>ού</strong></span> <span class='ocrx_word' id='word_1_239' title='bbox 1680 1972 1939 2027; x_wconf 81' lang='grc' dir='ltr'><strong>κοινωνὸν</strong></span> 
     </span>
    </p>
   </div>
   <div class='ocr_carea' id='block_1_37' title="bbox 353 2039 1938 2130">
    <p class='ocr_par' dir='ltr' id='par_1_37' title="bbox 353 2039 1938 2130">
     <span class='ocr_line' id='line_1_37' title="bbox 353 2039 1938 2130; baseline 0.006 -21"><span class='ocrx_word' id='word_1_240' title='bbox 353 2058 459 2125; x_wconf 79' lang='grc' dir='ltr'><strong>τῆς</strong></span> <span class='ocrx_word' id='word_1_241' title='bbox 514 2060 689 2129; x_wconf 80' lang='grc' dir='ltr'><strong>ἀρχῆς</strong></span> <span class='ocrx_word' id='word_1_242' title='bbox 740 2060 835 2112; x_wconf 76' lang='grc' dir='ltr'><strong>τὸν</strong></span> <span class='ocrx_word' id='word_1_243' title='bbox 904 2052 1194 2115; x_wconf 65' lang='grc' dir='ltr'><strong>Ἰουλιανόν</strong></span> <span class='ocrx_word' id='word_1_244' title='bbox 1248 2064 1276 2115; x_wconf 84' lang='grc' dir='ltr'><strong>ὁ</strong></span> <span class='ocrx_word' id='word_1_245' title='bbox 1311 2039 1689 2128; x_wconf 65' lang='grc' dir='ltr'><strong>Κωνστάνίέιος</strong></span> <span class='ocrx_word' id='word_1_246' title='bbox 1741 2064 1938 2130; x_wconf 81' lang='grc' dir='ltr'><strong>εἵλετο,</strong></span> 
     </span>
    </p>
   </div>
   <div class='ocr_carea' id='block_1_38' title="bbox 353 2148 1935 2224">
    <p class='ocr_par' dir='ltr' id='par_1_38' title="bbox 353 2148 1935 2224">
     <span class='ocr_line' id='line_1_38' title="bbox 353 2148 1935 2224; baseline 0.006 -25"><span class='ocrx_word' id='word_1_247' title='bbox 353 2148 473 2200; x_wconf 80' lang='grc' dir='ltr'><strong>ἀλλ’</strong></span> <span class='ocrx_word' id='word_1_248' title='bbox 502 2149 582 2211; x_wconf 84' lang='grc' dir='ltr'><strong>εἰς</strong></span> <span class='ocrx_word' id='word_1_249' title='bbox 616 2149 914 2219; x_wconf 73' lang='grc' dir='ltr'><strong>ἐπιϐουλῆς</strong></span> <span class='ocrx_word' id='word_1_250' title='bbox 947 2152 1095 2223; x_wconf 81' lang='grc' dir='ltr'><strong>αύτῷ</strong></span> <span class='ocrx_word' id='word_1_251' title='bbox 1131 2154 1405 2223; x_wconf 79' lang='grc' dir='ltr'><strong>πρόφασιν</strong></span> <span class='ocrx_word' id='word_1_252' title='bbox 1436 2154 1497 2208; x_wconf 76' lang='grc' dir='ltr'><strong>τὸ</strong></span> <span class='ocrx_word' id='word_1_253' title='bbox 1520 2155 1708 2224; x_wconf 84' lang='grc' dir='ltr'><strong>σχῆμα</strong></span> <span class='ocrx_word' id='word_1_254' title='bbox 1744 2160 1935 2223; x_wconf 82' lang='grc' dir='ltr'><strong>περιέ-</strong></span> 
     </span>
    </p>
   </div>
   <div class='ocr_carea' id='block_1_39' title="bbox 353 2239 1940 2316">
    <p class='ocr_par' dir='ltr' id='par_1_39' title="bbox 353 2239 1940 2316">
     <span class='ocr_line' id='line_1_39' title="bbox 353 2239 1940 2316; baseline 0.006 -26"><span class='ocrx_word' id='word_1_255' title='bbox 353 2239 489 2291; x_wconf 80' lang='grc' dir='ltr'><strong>ϐαλε</strong></span> <span class='ocrx_word' id='word_1_256' title='bbox 520 2241 582 2293; x_wconf 74' lang='grc' dir='ltr'><strong>τὸ</strong></span> <span class='ocrx_word' id='word_1_257' title='bbox 613 2241 706 2295; x_wconf 83' lang='grc' dir='ltr'><strong>τοῦ</strong></span> <span class='ocrx_word' id='word_1_258' title='bbox 746 2243 1051 2312; x_wconf 82' lang='grc' dir='ltr'><strong>Καίσαρος,</strong></span> <span class='ocrx_word' id='word_1_259' title='bbox 1088 2244 1155 2297; x_wconf 74' lang='grc' dir='ltr'><strong>ἵν’</strong></span> <span class='ocrx_word' id='word_1_260' title='bbox 1195 2244 1300 2297; x_wconf 76' lang='grc' dir='ltr'><strong>ὑπὸ</strong></span> <span class='ocrx_word' id='word_1_261' title='bbox 1351 2246 1459 2299; x_wconf 82' lang='grc' dir='ltr'><strong>τῶν</strong></span> <span class='ocrx_word' id='word_1_262' title='bbox 1520 2246 1799 2316; x_wconf 87' lang='grc' dir='ltr'><strong>πολεμίων</strong></span> <span class='ocrx_word' id='word_1_263' title='bbox 1825 2247 1940 2300; x_wconf 86' lang='grc' dir='ltr'><strong>δια-</strong></span> 
     </span>
    </p>
   </div>
   <div class='ocr_carea' id='block_1_40' title="bbox 353 2338 1938 2410">
    <p class='ocr_par' dir='ltr' id='par_1_40' title="bbox 353 2338 1938 2410">
     <span class='ocr_line' id='line_1_40' title="bbox 353 2338 1938 2410; baseline 0.005 -24"><span class='ocrx_word' id='word_1_264' title='bbox 353 2338 564 2407; x_wconf 75' lang='grc' dir='ltr'><strong>φθαρῇ,</strong></span> <span class='ocrx_word' id='word_1_265' title='bbox 602 2338 677 2407; x_wconf 81' lang='grc' dir='ltr'><strong>μή</strong></span> <span class='ocrx_word' id='word_1_266' title='bbox 730 2339 871 2410; x_wconf 78' lang='grc' dir='ltr'><strong>ἔχων</strong></span> <span class='ocrx_word' id='word_1_267' title='bbox 921 2339 1154 2408; x_wconf 88' lang='grc' dir='ltr'><strong>δύναμιν</strong></span> <span class='ocrx_word' id='word_1_268' title='bbox 1204 2340 1341 2410; x_wconf 77' lang='grc' dir='ltr'><strong>πρὸς</strong></span> <span class='ocrx_word' id='word_1_269' title='bbox 1394 2343 1487 2394; x_wconf 73' lang='grc' dir='ltr'><strong>τὸν</strong></span> <span class='ocrx_word' id='word_1_270' title='bbox 1543 2344 1666 2395; x_wconf 89' lang='grc' dir='ltr'><strong>κατ’</strong></span> <span class='ocrx_word' id='word_1_271' title='bbox 1711 2343 1938 2397; x_wconf 76' lang='grc' dir='ltr'><strong>ἐκείνων</strong></span> 
     </span>
    </p>
   </div>
   <div class='ocr_carea' id='block_1_41' title="bbox 355 2426 1936 2504">
    <p class='ocr_par' dir='ltr' id='par_1_41' title="bbox 355 2426 1936 2504">
     <span class='ocr_line' id='line_1_41' title="bbox 355 2426 1936 2504; baseline 0.006 -26"><span class='ocrx_word' id='word_1_272' title='bbox 355 2426 598 2495; x_wconf 62' lang='grc' dir='ltr'><strong>πόλεμον</strong></span> <span class='ocrx_word' id='word_1_273' title='bbox 652 2427 973 2499; x_wconf 81' lang='grc' dir='ltr'><strong>ἀξιόχρεων.</strong></span> <span class='ocrx_word' id='word_1_274' title='bbox 1041 2432 1098 2485; x_wconf 88' lang='lat'><strong>&#39;0</strong></span> <span class='ocrx_word' id='word_1_275' title='bbox 1164 2430 1222 2485; x_wconf 81' lang='grc' dir='ltr'><strong>δὲ</strong></span> <span class='ocrx_word' id='word_1_276' title='bbox 1278 2430 1535 2485; x_wconf 86' lang='grc' dir='ltr'><strong>ἀπελθὼν</strong></span> <span class='ocrx_word' id='word_1_277' title='bbox 1595 2434 1690 2486; x_wconf 76' lang='grc' dir='ltr'><strong>καὶ</strong></span> <span class='ocrx_word' id='word_1_278' title='bbox 1758 2434 1936 2504; x_wconf 82' lang='grc' dir='ltr'><strong>ἀγαθῇ</strong></span> 
     </span>
    </p>
   </div>
   <div class='ocr_carea' id='block_1_42' title="bbox 353 2516 1939 2594">
    <p class='ocr_par' dir='ltr' id='par_1_42' title="bbox 353 2516 1939 2594">
     <span class='ocr_line' id='line_1_42' title="bbox 353 2516 1939 2594; baseline 0.006 -25"><span class='ocrx_word' id='word_1_279' title='bbox 353 2516 498 2587; x_wconf 77' lang='grc' dir='ltr'><strong>τύχῃ</strong></span> <span class='ocrx_word' id='word_1_280' title='bbox 524 2518 637 2587; x_wconf 75' lang='lat'><strong>(5!)</strong></span> <span class='ocrx_word' id='word_1_281' title='bbox 662 2521 1008 2588; x_wconf 81' lang='grc' dir='ltr'><strong>χρησάμενος</strong></span> <span class='ocrx_word' id='word_1_282' title='bbox 1037 2522 1333 2590; x_wconf 76' lang='grc' dir='ltr'><strong>συμϐάλλει</strong></span> <span class='ocrx_word' id='word_1_283' title='bbox 1359 2524 1468 2586; x_wconf 83' lang='grc' dir='ltr'><strong>τοῖς</strong></span> <span class='ocrx_word' id='word_1_284' title='bbox 1508 2522 1807 2594; x_wconf 79' lang='grc' dir='ltr'><strong>πολεμίοις,</strong></span> <span class='ocrx_word' id='word_1_285' title='bbox 1844 2526 1939 2578; x_wconf 78' lang='grc' dir='ltr'><strong>καὶ</strong></span> 
     </span>
    </p>
   </div>
   <div class='ocr_carea' id='block_1_43' title="bbox 238 2608 1938 2683">
    <p class='ocr_par' dir='ltr' id='par_1_43' title="bbox 238 2608 1938 2683">
     <span class='ocr_line' id='line_1_43' title="bbox 238 2608 1938 2683; baseline 0.006 -24"><span class='ocrx_word' id='word_1_286' title='bbox 238 2623 259 2639; x_wconf 67' lang='grc' dir='ltr'><em>ο</em></span> <span class='ocrx_word' id='word_1_287' title='bbox 359 2608 701 2683; x_wconf 74' lang='grc' dir='ltr'><strong>ἀνελπίστως</strong></span> <span class='ocrx_word' id='word_1_288' title='bbox 729 2612 873 2681; x_wconf 78' lang='grc' dir='ltr'><strong>νικᾷ.</strong></span> <span class='ocrx_word' id='word_1_289' title='bbox 902 2612 1009 2664; x_wconf 82' lang='grc' dir='ltr'><strong>Καὶ</strong></span> <span class='ocrx_word' id='word_1_290' title='bbox 1034 2612 1189 2674; x_wconf 75' lang='grc' dir='ltr'><strong>αὖθις</strong></span> <span class='ocrx_word' id='word_1_291' title='bbox 1214 2614 1442 2675; x_wconf 63' lang='grc' dir='ltr'><strong>ἑαυτοὺς</strong></span> <span class='ocrx_word' id='word_1_292' title='bbox 1471 2614 1938 2683; x_wconf 83' lang='grc' dir='ltr'><strong>άνακτησαμένων</strong></span> 
     </span>
    </p>
   </div>
   <div class='ocr_carea' id='block_1_44' title="bbox 357 2699 1937 2775">
    <p class='ocr_par' dir='ltr' id='par_1_44' title="bbox 357 2699 1937 2775">
     <span class='ocr_line' id='line_1_44' title="bbox 357 2699 1937 2775; baseline 0.006 -26"><span class='ocrx_word' id='word_1_293' title='bbox 357 2699 475 2751; x_wconf 81' lang='grc' dir='ltr'><strong>τῶν</strong></span> <span class='ocrx_word' id='word_1_294' title='bbox 508 2699 805 2768; x_wconf 71' lang='grc' dir='ltr'><strong>πολεμίοιν,</strong></span> <span class='ocrx_word' id='word_1_295' title='bbox 853 2701 1258 2771; x_wconf 83' lang='grc' dir='ltr'><strong>προσμίγνυται</strong></span> <span class='ocrx_word' id='word_1_296' title='bbox 1288 2703 1494 2768; x_wconf 79' lang='grc' dir='ltr'><strong>αὐτοῖς,</strong></span> <span class='ocrx_word' id='word_1_297' title='bbox 1531 2705 1622 2755; x_wconf 76' lang='grc' dir='ltr'><strong>καὶ</strong></span> <span class='ocrx_word' id='word_1_298' title='bbox 1670 2705 1937 2775; x_wconf 86' lang='grc' dir='ltr'><strong>τρόπαιον</strong></span> 
     </span>
    </p>
   </div>
   <div class='ocr_carea' id='block_1_45' title="bbox 364 2775 1938 2864">
    <p class='ocr_par' dir='ltr' id='par_1_45' title="bbox 364 2775 1938 2864">
     <span class='ocr_line' id='line_1_45' title="bbox 364 2775 1938 2864; baseline 0.006 -22"><span class='ocrx_word' id='word_1_299' title='bbox 364 2791 572 2859; x_wconf 82' lang='grc' dir='ltr'><strong>ἵστησι,</strong></span> <span class='ocrx_word' id='word_1_300' title='bbox 617 2791 829 2844; x_wconf 85' lang='grc' dir='ltr'><strong>πολλῶν</strong></span> <span class='ocrx_word' id='word_1_301' title='bbox 878 2792 977 2861; x_wconf 80' lang='grc' dir='ltr'><strong>μὲν</strong></span> <span class='ocrx_word' id='word_1_302' title='bbox 1009 2793 1429 2864; x_wconf 80' lang='grc' dir='ltr'><strong>ἀναιρεθέντων,</strong></span> <span class='ocrx_word' id='word_1_303' title='bbox 1465 2794 1676 2848; x_wconf 84' lang='grc' dir='ltr'><strong>πολλῶν</strong></span> <span class='ocrx_word' id='word_1_304' title='bbox 1717 2796 1762 2848; x_wconf 91' lang='grc' dir='ltr'><strong>δ’</strong></span> <span class='ocrx_word' id='word_1_305' title='bbox 1800 2775 1938 2851; x_wconf 71' lang='grc' dir='ltr'><strong>ἁπό-</strong></span> 
     </span>
    </p>
   </div>
   <div class='ocr_carea' id='block_1_46' title="bbox 364 2878 1938 2957">
    <p class='ocr_par' dir='ltr' id='par_1_46' title="bbox 364 2878 1938 2957">
     <span class='ocr_line' id='line_1_46' title="bbox 364 2878 1938 2957; baseline 0.005 -26"><span class='ocrx_word' id='word_1_306' title='bbox 364 2878 612 2949; x_wconf 86' lang='grc' dir='ltr'><strong>λομένων</strong></span> <span class='ocrx_word' id='word_1_307' title='bbox 647 2881 706 2933; x_wconf 83' lang='grc' dir='ltr'><strong>ὲν</strong></span> <span class='ocrx_word' id='word_1_308' title='bbox 747 2880 824 2951; x_wconf 80' lang='grc' dir='ltr'><strong>τῷ</strong></span> <span class='ocrx_word' id='word_1_309' title='bbox 859 2881 1226 2952; x_wconf 69' lang='grc' dir='ltr'><strong>παραρρέοντι</strong></span> <span class='ocrx_word' id='word_1_310' title='bbox 1273 2882 1525 2953; x_wconf 83' lang='grc' dir='ltr'><strong>ποταμῷ,</strong></span> <span class='ocrx_word' id='word_1_311' title='bbox 1580 2884 1674 2937; x_wconf 79' lang='grc' dir='ltr'><strong>καὶ</strong></span> <span class='ocrx_word' id='word_1_312' title='bbox 1724 2885 1938 2957; x_wconf 80' lang='grc' dir='ltr'><strong>ζωγρη-</strong></span> 
     </span>
    </p>
   </div>
   <div class='ocr_carea' id='block_1_47' title="bbox 364 2971 1937 3046">
    <p class='ocr_par' dir='ltr' id='par_1_47' title="bbox 364 2971 1937 3046">
     <span class='ocr_line' id='line_1_47' title="bbox 364 2971 1937 3046; baseline 0.005 -23"><span class='ocrx_word' id='word_1_313' title='bbox 364 2971 573 3024; x_wconf 77' lang='grc' dir='ltr'><strong>θέντων</strong></span> <span class='ocrx_word' id='word_1_314' title='bbox 606 2972 707 3024; x_wconf 79' lang='grc' dir='ltr'><strong>ούκ</strong></span> <span class='ocrx_word' id='word_1_315' title='bbox 732 2972 1052 3026; x_wconf 81' lang='grc' dir='ltr'><strong>ἐλαττόνων.</strong></span> <span class='ocrx_word' id='word_1_316' title='bbox 1081 2973 1207 3026; x_wconf 85' lang='grc' dir='ltr'><strong>Ὀτε</strong></span> <span class='ocrx_word' id='word_1_317' title='bbox 1239 2974 1333 3026; x_wconf 79' lang='grc' dir='ltr'><strong>καὶ</strong></span> <span class='ocrx_word' id='word_1_318' title='bbox 1357 2973 1552 3028; x_wconf 76' lang='grc' dir='ltr'><strong>ἕνδεκά</strong></span> <span class='ocrx_word' id='word_1_319' title='bbox 1593 2993 1724 3044; x_wconf 85' lang='grc' dir='ltr'><strong>φασι</strong></span> <span class='ocrx_word' id='word_1_320' title='bbox 1754 2977 1937 3046; x_wconf 82' lang='grc' dir='ltr'><strong>χιλιά-</strong></span> 
     </span>
    </p>
   </div>
   <div class='ocr_carea' id='block_1_48' title="bbox 362 3063 1937 3137">
    <p class='ocr_par' dir='ltr' id='par_1_48' title="bbox 362 3063 1937 3137">
     <span class='ocr_line' id='line_1_48' title="bbox 362 3063 1937 3137; baseline 0.003 -20"><span class='ocrx_word' id='word_1_321' title='bbox 362 3066 464 3127; x_wconf 78' lang='grc' dir='ltr'><strong>δας</strong></span> <span class='ocrx_word' id='word_1_322' title='bbox 513 3063 880 3133; x_wconf 75' lang='grc' dir='ltr'><strong>αἰχμαλώτων</strong></span> <span class='ocrx_word' id='word_1_323' title='bbox 914 3063 1230 3134; x_wconf 77' lang='grc' dir='ltr'><strong>Ῥωμαίων,</strong></span> <span class='ocrx_word' id='word_1_324' title='bbox 1263 3063 1373 3117; x_wconf 84' lang='grc' dir='ltr'><strong>τῶν</strong></span> <span class='ocrx_word' id='word_1_325' title='bbox 1412 3064 1511 3134; x_wconf 82' lang='grc' dir='ltr'><strong>τῆς</strong></span> <span class='ocrx_word' id='word_1_326' title='bbox 1558 3066 1937 3137; x_wconf 72' lang='grc' dir='ltr'><strong>αἰχμαλωσίας</strong></span> 
     </span>
    </p>
   </div>
   <div class='ocr_carea' id='block_1_49' title="bbox 362 3156 1930 3229">
    <p class='ocr_par' dir='ltr' id='par_1_49' title="bbox 362 3156 1930 3229">
     <span class='ocr_line' id='line_1_49' title="bbox 362 3156 1930 3229; baseline 0.003 -21"><span class='ocrx_word' id='word_1_327' title='bbox 362 3156 707 3226; x_wconf 84' lang='grc' dir='ltr'><strong>ἀπολυθῆναι</strong></span> <span class='ocrx_word' id='word_1_328' title='bbox 767 3157 1003 3224; x_wconf 77' lang='grc' dir='ltr'><strong>δεσμῶν,</strong></span> <span class='ocrx_word' id='word_1_329' title='bbox 1058 3156 1400 3227; x_wconf 76' lang='grc' dir='ltr'><strong>ἡττηθέντων</strong></span> <span class='ocrx_word' id='word_1_330' title='bbox 1455 3158 1562 3212; x_wconf 83' lang='grc' dir='ltr'><strong>τῶν</strong></span> <span class='ocrx_word' id='word_1_331' title='bbox 1635 3160 1930 3229; x_wconf 87' lang='grc' dir='ltr'><strong>πολεμίων.</strong></span> 
     </span>
    </p>
   </div>
   <div class='ocr_carea' id='block_1_50' title="bbox 364 3245 1933 3319">
    <p class='ocr_par' dir='ltr' id='par_1_50' title="bbox 364 3245 1933 3319">
     <span class='ocr_line' id='line_1_50' title="bbox 364 3245 1933 3319; baseline 0.003 -18"><span class='ocrx_word' id='word_1_332' title='bbox 364 3245 503 3301; x_wconf 80' lang='grc' dir='ltr'><strong>Εἶτα</strong></span> <span class='ocrx_word' id='word_1_333' title='bbox 531 3249 998 3319; x_wconf 70' lang='grc' dir='ltr'><strong>καίἈλαμαννοῖς</strong></span> <span class='ocrx_word' id='word_1_334' title='bbox 1048 3248 1384 3319; x_wconf 81' lang='grc' dir='ltr'><strong>πολεμήσας,</strong></span> <span class='ocrx_word' id='word_1_335' title='bbox 1429 3250 1520 3304; x_wconf 80' lang='grc' dir='ltr'><strong>καὶ</strong></span> <span class='ocrx_word' id='word_1_336' title='bbox 1558 3250 1701 3305; x_wconf 83' lang='grc' dir='ltr'><strong>κατὰ</strong></span> <span class='ocrx_word' id='word_1_337' title='bbox 1728 3251 1933 3306; x_wconf 90' lang='grc' dir='ltr'><strong>τούτων</strong></span> 
     </span>
    </p>
   </div>
   <div class='ocr_carea' id='block_1_51' title="bbox 363 3336 1929 3411">
    <p class='ocr_par' dir='ltr' id='par_1_51' title="bbox 363 3336 1929 3411">
     <span class='ocr_line' id='line_1_51' title="bbox 363 3336 1929 3411; baseline 0.003 -22"><span class='ocrx_word' id='word_1_338' title='bbox 363 3336 661 3407; x_wconf 74' lang='grc' dir='ltr'><strong>ηὐτύχησε,</strong></span> <span class='ocrx_word' id='word_1_339' title='bbox 687 3338 781 3389; x_wconf 65' lang='grc' dir='ltr'><strong>κει)⁸</strong></span> <span class='ocrx_word' id='word_1_340' title='bbox 809 3336 1107 3407; x_wconf 81' lang='grc' dir='ltr'><strong>δεηθέντων</strong></span> <span class='ocrx_word' id='word_1_341' title='bbox 1127 3338 1326 3402; x_wconf 83' lang='grc' dir='ltr'><strong>αὐτῶν,</strong></span> <span class='ocrx_word' id='word_1_342' title='bbox 1353 3339 1432 3411; x_wconf 79' lang='grc' dir='ltr'><strong>τῷ</strong></span> <span class='ocrx_word' id='word_1_343' title='bbox 1454 3338 1596 3393; x_wconf 78' lang='grc' dir='ltr'><strong>ἔθνει</strong></span> <span class='ocrx_word' id='word_1_344' title='bbox 1618 3341 1929 3407; x_wconf 76' lang='grc' dir='ltr'><strong>ἐσπείσατο,</strong></span> 
     </span>
    </p>
   </div>
   <div class='ocr_carea' id='block_1_52' title="bbox 360 3423 1931 3498">
    <p class='ocr_par' dir='ltr' id='par_1_52' title="bbox 360 3423 1931 3498">
     <span class='ocr_line' id='line_1_52' title="bbox 360 3423 1931 3498; baseline 0.004 -22"><span class='ocrx_word' id='word_1_345' title='bbox 360 3424 589 3477; x_wconf 79' lang='grc' dir='ltr'><strong>λύσαντι</strong></span> <span class='ocrx_word' id='word_1_346' title='bbox 623 3424 722 3491; x_wconf 81' lang='grc' dir='ltr'><strong>τῆς</strong></span> <span class='ocrx_word' id='word_1_347' title='bbox 752 3423 998 3487; x_wconf 80' lang='grc' dir='ltr'><strong>δουλείας</strong></span> <span class='ocrx_word' id='word_1_348' title='bbox 1028 3425 1156 3487; x_wconf 79' lang='grc' dir='ltr'><strong>τοὺς</strong></span> <span class='ocrx_word' id='word_1_349' title='bbox 1191 3426 1321 3498; x_wconf 83' lang='grc' dir='ltr'><strong>παρ’</strong></span> <span class='ocrx_word' id='word_1_350' title='bbox 1351 3427 1535 3490; x_wconf 73' lang='grc' dir='ltr'><strong>αὐτοῖς</strong></span> <span class='ocrx_word' id='word_1_351' title='bbox 1559 3427 1717 3491; x_wconf 76' lang='grc' dir='ltr'><strong>ὄντας</strong></span> <span class='ocrx_word' id='word_1_352' title='bbox 1743 3427 1931 3498; x_wconf 83' lang='grc' dir='ltr'><strong>δορυα-</strong></span> 
     </span>
    </p>
   </div>
   <div class='ocr_carea' id='block_1_53' title="bbox 362 3509 1929 3586">
    <p class='ocr_par' dir='ltr' id='par_1_53' title="bbox 362 3509 1929 3586">
     <span class='ocr_line' id='line_1_53' title="bbox 362 3509 1929 3586; baseline 0.005 -24"><span class='ocrx_word' id='word_1_353' title='bbox 362 3509 568 3573; x_wconf 84' lang='grc' dir='ltr'><strong>λώτους</strong></span> <span class='ocrx_word' id='word_1_354' title='bbox 606 3510 929 3581; x_wconf 82' lang='grc' dir='ltr'><strong>Ῥωμαίους.</strong></span> <span class='ocrx_word' id='word_1_355' title='bbox 982 3511 1206 3577; x_wconf 78' lang='grc' dir='ltr'><strong>Τούτοις</strong></span> <span class='ocrx_word' id='word_1_356' title='bbox 1260 3509 1352 3568; x_wconf 80' lang='grc' dir='ltr'><strong>οὖν</strong></span> <span class='ocrx_word' id='word_1_357' title='bbox 1380 3517 1420 3577; x_wconf 74' lang='grc' dir='ltr'><strong>ξό</strong></span> <span class='ocrx_word' id='word_1_358' title='bbox 1450 3516 1667 3586; x_wconf 80' lang='grc' dir='ltr'><strong>Καῖσαρ</strong></span> <span class='ocrx_word' id='word_1_359' title='bbox 1709 3516 1929 3570; x_wconf 85' lang='grc' dir='ltr'><strong>Ἰουλια-</strong></span> 
     </span>
    </p>
   </div>
   <div class='ocr_carea' id='block_1_54' title="bbox 358 3602 1932 3675">
    <p class='ocr_par' dir='ltr' id='par_1_54' title="bbox 358 3602 1932 3675">
     <span class='ocr_line' id='line_1_54' title="bbox 358 3602 1932 3675; baseline 0.004 -19"><span class='ocrx_word' id='word_1_360' title='bbox 358 3602 454 3665; x_wconf 57' lang='lat' dir='ltr'><strong>Vb;</strong></span> <span class='ocrx_word' id='word_1_361' title='bbox 492 3603 751 3673; x_wconf 69' lang='grc' dir='ltr'><strong>ἐπαρθεὶς</strong></span> <span class='ocrx_word' id='word_1_362' title='bbox 783 3604 876 3656; x_wconf 79' lang='grc' dir='ltr'><strong>καὶ</strong></span> <span class='ocrx_word' id='word_1_363' title='bbox 931 3604 1474 3675; x_wconf 79' lang='grc' dir='ltr'><strong>ύπερφρονήσας,ὼς</strong></span> <span class='ocrx_word' id='word_1_364' title='bbox 1523 3606 1569 3659; x_wconf 79' lang='grc' dir='ltr'><strong>δ’</strong></span> <span class='ocrx_word' id='word_1_365' title='bbox 1599 3606 1731 3660; x_wconf 70' lang='grc' dir='ltr'><strong>ἔνιοι</strong></span> <span class='ocrx_word' id='word_1_366' title='bbox 1779 3625 1932 3662; x_wconf 83' lang='grc' dir='ltr'><strong>συνε-</strong></span> 
     </span>
    </p>
   </div>
   <div class='ocr_carea' id='block_1_55' title="bbox 357 3694 1927 3767">
    <p class='ocr_par' dir='ltr' id='par_1_55' title="bbox 357 3694 1927 3767">
     <span class='ocr_line' id='line_1_55' title="bbox 357 3694 1927 3767; baseline 0.003 -20"><span class='ocrx_word' id='word_1_367' title='bbox 357 3694 664 3764; x_wconf 78' lang='grc' dir='ltr'><strong>γράψαντο,</strong></span> <span class='ocrx_word' id='word_1_368' title='bbox 696 3696 778 3749; x_wconf 89' lang='grc' dir='ltr'><strong>ὄτι</strong></span> <span class='ocrx_word' id='word_1_369' title='bbox 812 3694 906 3749; x_wconf 77' lang='grc' dir='ltr'><strong>καὶ</strong></span> <span class='ocrx_word' id='word_1_370' title='bbox 934 3694 1129 3757; x_wconf 82' lang='grc' dir='ltr'><strong>δεδιὼςι</strong></span> <span class='ocrx_word' id='word_1_371' title='bbox 1171 3695 1263 3749; x_wconf 69' lang='grc' dir='ltr'><strong>τὸν</strong></span> <span class='ocrx_word' id='word_1_372' title='bbox 1292 3697 1671 3751; x_wconf 79' lang='grc' dir='ltr'><strong>Κωνστάντιον</strong></span> <span class='ocrx_word' id='word_1_373' title='bbox 1700 3697 1927 3767; x_wconf 84' lang='grc' dir='ltr'><strong>βασκαί-</strong></span> 
     </span>
    </p>
   </div>
   <div class='ocr_carea' id='block_1_56' title="bbox 358 3786 1928 3858">
    <p class='ocr_par' dir='ltr' id='par_1_56' title="bbox 358 3786 1928 3858">
     <span class='ocr_line' id='line_1_56' title="bbox 358 3786 1928 3858; baseline 0.003 -20"><span class='ocrx_word' id='word_1_374' title='bbox 358 3787 523 3840; x_wconf 85' lang='grc' dir='ltr'><strong>νοντά</strong></span> <span class='ocrx_word' id='word_1_375' title='bbox 549 3788 597 3839; x_wconf 75' lang='grc' dir='ltr'><strong>οἱ</strong></span> <span class='ocrx_word' id='word_1_376' title='bbox 631 3786 719 3840; x_wconf 67' lang='grc' dir='ltr'><strong>διὰ</strong></span> <span class='ocrx_word' id='word_1_377' title='bbox 766 3787 835 3839; x_wconf 80' lang='grc' dir='ltr'><strong>τά</strong></span> <span class='ocrx_word' id='word_1_378' title='bbox 888 3787 1265 3857; x_wconf 76' lang='grc' dir='ltr'><strong>εύτυχήματα,</strong></span> <span class='ocrx_word' id='word_1_379' title='bbox 1301 3788 1375 3858; x_wconf 81' lang='grc' dir='ltr'><strong>μὴ</strong></span> <span class='ocrx_word' id='word_1_380' title='bbox 1404 3790 1543 3842; x_wconf 82' lang='grc' dir='ltr'><strong>κατὰ</strong></span> <span class='ocrx_word' id='word_1_381' title='bbox 1580 3790 1670 3843; x_wconf 72' lang='grc' dir='ltr'><strong>τὸν</strong></span> <span class='ocrx_word' id='word_1_382' title='bbox 1701 3790 1928 3858; x_wconf 56' lang='grc' dir='ltr'><strong>ἀδελφὸν</strong></span> 
     </span>
    </p>
   </div>
   <div class='ocr_carea' id='block_1_57' title="bbox 356 3876 1928 3949">
    <p class='ocr_par' dir='ltr' id='par_1_57' title="bbox 356 3876 1928 3949">
     <span class='ocr_line' id='line_1_57' title="bbox 356 3876 1928 3949; baseline 0.002 -20"><span class='ocrx_word' id='word_1_383' title='bbox 356 3876 564 3930; x_wconf 82' lang='grc' dir='ltr'><strong>Γάλλον</strong></span> <span class='ocrx_word' id='word_1_384' title='bbox 593 3876 688 3931; x_wconf 79' lang='grc' dir='ltr'><strong>καὶ</strong></span> <span class='ocrx_word' id='word_1_385' title='bbox 722 3878 883 3930; x_wconf 67' lang='grc' dir='ltr'><strong>αὑτὸν</strong></span> <span class='ocrx_word' id='word_1_386' title='bbox 912 3877 1236 3949; x_wconf 82' lang='grc' dir='ltr'><strong>ὐπεξαγάγῃ</strong></span> <span class='ocrx_word' id='word_1_387' title='bbox 1267 3877 1360 3930; x_wconf 85' lang='grc' dir='ltr'><strong>τοῦ</strong></span> <span class='ocrx_word' id='word_1_388' title='bbox 1398 3877 1521 3949; x_wconf 72' lang='grc' dir='ltr'><strong>ζῇν,</strong></span> <span class='ocrx_word' id='word_1_389' title='bbox 1551 3881 1630 3942; x_wconf 82' lang='grc' dir='ltr'><strong>εἰς</strong></span> <span class='ocrx_word' id='word_1_390' title='bbox 1685 3881 1928 3933; x_wconf 83' lang='grc' dir='ltr'><strong>ἀποστα-</strong></span> 
     </span>
    </p>
   </div>
   <div class='ocr_carea' id='block_1_58' title="bbox 357 3967 1925 4042">
    <p class='ocr_par' dir='ltr' id='par_1_58' title="bbox 357 3967 1925 4042">
     <span class='ocr_line' id='line_1_58' title="bbox 357 3967 1925 4042; baseline 0.003 -21"><span class='ocrx_word' id='word_1_391' title='bbox 357 3969 488 4022; x_wconf 84' lang='grc' dir='ltr'><strong>σίαν</strong></span> <span class='ocrx_word' id='word_1_392' title='bbox 538 3969 746 4032; x_wconf 80' lang='grc' dir='ltr'><strong>άπεῖδε,</strong></span> <span class='ocrx_word' id='word_1_393' title='bbox 803 3968 897 4021; x_wconf 87' lang='grc' dir='ltr'><strong>καί</strong></span> <span class='ocrx_word' id='word_1_394' title='bbox 931 3986 1081 4029; x_wconf 75' lang='grc' dir='ltr'><strong>τινας</strong></span> <span class='ocrx_word' id='word_1_395' title='bbox 1139 3967 1250 4021; x_wconf 83' lang='grc' dir='ltr'><strong>τῶν</strong></span> <span class='ocrx_word' id='word_1_396' title='bbox 1281 3969 1373 4021; x_wconf 83' lang='grc' dir='ltr'><strong>ὑπ’</strong></span> <span class='ocrx_word' id='word_1_397' title='bbox 1409 3970 1572 4022; x_wconf 80' lang='grc' dir='ltr'><strong>αὐτὸν</strong></span> <span class='ocrx_word' id='word_1_398' title='bbox 1611 3969 1925 4042; x_wconf 76' lang='grc' dir='ltr'><strong>ταξιαρχῶν</strong></span> 
     </span>
    </p>
   </div>
   <div class='ocr_carea' id='block_1_59' title="bbox 355 4058 1926 4131">
    <p class='ocr_par' dir='ltr' id='par_1_59' title="bbox 355 4058 1926 4131">
     <span class='ocr_line' id='line_1_59' title="bbox 355 4058 1926 4131; baseline 0.001 -19"><span class='ocrx_word' id='word_1_399' title='bbox 355 4058 612 4112; x_wconf 81' lang='grc' dir='ltr'><strong>ὑπελθὼν</strong></span> <span class='ocrx_word' id='word_1_400' title='bbox 640 4058 706 4112; x_wconf 90' lang='grc' dir='ltr'><strong>δι’</strong></span> <span class='ocrx_word' id='word_1_401' title='bbox 737 4060 964 4112; x_wconf 74' lang='grc' dir='ltr'><strong>ἐκείνων</strong></span> <span class='ocrx_word' id='word_1_402' title='bbox 1008 4060 1068 4111; x_wconf 80' lang='grc' dir='ltr'><strong>τὸ</strong></span> <span class='ocrx_word' id='word_1_403' title='bbox 1112 4059 1509 4128; x_wconf 81' lang='grc' dir='ltr'><strong>στρατιωτικὸν</strong></span> <span class='ocrx_word' id='word_1_404' title='bbox 1564 4061 1926 4131; x_wconf 73' lang='grc' dir='ltr'><strong>παρεκίνησε,</strong></span> 
     </span>
    </p>
   </div>
   <div class='ocr_carea' id='block_1_60' title="bbox 353 4149 1927 4225">
    <p class='ocr_par' dir='ltr' id='par_1_60' title="bbox 353 4149 1927 4225">
     <span class='ocr_line' id='line_1_60' title="bbox 353 4149 1927 4225; baseline -0.001 -19"><span class='ocrx_word' id='word_1_405' title='bbox 353 4152 457 4207; x_wconf 80' lang='grc' dir='ltr'><strong>καὶ</strong></span> <span class='ocrx_word' id='word_1_406' title='bbox 479 4151 681 4205; x_wconf 72' lang='grc' dir='ltr'><strong>συστὰν</strong></span> <span class='ocrx_word' id='word_1_407' title='bbox 712 4152 930 4205; x_wconf 80' lang='grc' dir='ltr'><strong>ἀνεῖπεν</strong></span> <span class='ocrx_word' id='word_1_408' title='bbox 955 4151 1119 4205; x_wconf 73' lang='grc' dir='ltr'><strong>αὐτὸν</strong></span> <span class='ocrx_word' id='word_1_409' title='bbox 1151 4150 1481 4219; x_wconf 76' lang='grc' dir='ltr'><strong>Αὔγουστον.</strong></span> <span class='ocrx_word' id='word_1_410' title='bbox 1512 4149 1645 4205; x_wconf 76' lang='grc' dir='ltr'><strong>Εἶτα</strong></span> <span class='ocrx_word' id='word_1_411' title='bbox 1679 4152 1927 4225; x_wconf 81' lang='grc' dir='ltr'><strong>ξιφήρεις</strong></span> 
     </span>
    </p>
   </div>
   <div class='ocr_carea' id='block_1_61' title="bbox 352 4242 1928 4315">
    <p class='ocr_par' dir='ltr' id='par_1_61' title="bbox 352 4242 1928 4315">
     <span class='ocr_line' id='line_1_61' title="bbox 352 4242 1928 4315; baseline 0.002 -19"><span class='ocrx_word' id='word_1_412' title='bbox 352 4242 683 4305; x_wconf 67' lang='grc' dir='ltr'><strong>ἐπιστάντες</strong></span> <span class='ocrx_word' id='word_1_413' title='bbox 716 4242 885 4312; x_wconf 79' lang='grc' dir='ltr'><strong>αὐτῷ,</strong></span> <span class='ocrx_word' id='word_1_414' title='bbox 915 4242 989 4306; x_wconf 82' lang='grc' dir='ltr'><strong>ὡς</strong></span> <span class='ocrx_word' id='word_1_415' title='bbox 1017 4242 1181 4312; x_wconf 79' lang='grc' dir='ltr'><strong>δῆθεν</strong></span> <span class='ocrx_word' id='word_1_416' title='bbox 1210 4242 1283 4312; x_wconf 77' lang='grc' dir='ltr'><strong>μὴ</strong></span> <span class='ocrx_word' id='word_1_417' title='bbox 1319 4243 1665 4314; x_wconf 80' lang='grc' dir='ltr'><strong>προσιεμένῳ</strong></span> <span class='ocrx_word' id='word_1_418' title='bbox 1701 4243 1797 4314; x_wconf 81' lang='grc' dir='ltr'><strong>τὴν</strong></span> <span class='ocrx_word' id='word_1_419' title='bbox 1828 4245 1928 4315; x_wconf 82' lang='grc' dir='ltr'><strong>τῆς</strong></span> 
     </span>
    </p>
   </div>
   <div class='ocr_carea' id='block_1_62' title="bbox 353 4332 1927 4406">
    <p class='ocr_par' dir='ltr' id='par_1_62' title="bbox 353 4332 1927 4406">
     <span class='ocr_line' id='line_1_62' title="bbox 353 4332 1927 4406; baseline -0.001 -16"><span class='ocrx_word' id='word_1_420' title='bbox 353 4335 637 4405; x_wconf 87' lang='grc' dir='ltr'><strong>βασιλείας</strong></span> <span class='ocrx_word' id='word_1_421' title='bbox 652 4336 975 4406; x_wconf 64' lang='grc' dir='ltr'><strong>ἀνάρρησιν,</strong></span> <span class='ocrx_word' id='word_1_422' title='bbox 1004 4332 1265 4405; x_wconf 74' lang='grc' dir='ltr'><strong>ἠπείλουν</strong></span> <span class='ocrx_word' id='word_1_423' title='bbox 1281 4333 1711 4405; x_wconf 84' lang='grc' dir='ltr'><strong>διαχειρίσασθαι</strong></span> <span class='ocrx_word' id='word_1_424' title='bbox 1741 4334 1927 4402; x_wconf 67' lang='grc' dir='ltr'><strong>αὐτὸν,</strong></span> 
     </span>
    </p>
   </div>
   <div class='ocr_carea' id='block_1_63' title="bbox 352 4424 1925 4498">
    <p class='ocr_par' dir='ltr' id='par_1_63' title="bbox 352 4424 1925 4498">
     <span class='ocr_line' id='line_1_63' title="bbox 352 4424 1925 4498; baseline 0.001 -18"><span class='ocrx_word' id='word_1_425' title='bbox 352 4428 407 4480; x_wconf 78' lang='grc' dir='ltr'><strong>εί</strong></span> <span class='ocrx_word' id='word_1_426' title='bbox 443 4425 520 4497; x_wconf 81' lang='grc' dir='ltr'><strong>μή</strong></span> <span class='ocrx_word' id='word_1_427' title='bbox 558 4426 819 4481; x_wconf 80' lang='grc' dir='ltr'><strong>πείθοιτο.</strong></span> <span class='ocrx_word' id='word_1_428' title='bbox 868 4424 1026 4480; x_wconf 75' lang='grc' dir='ltr'><strong>Οὕτω</strong></span> <span class='ocrx_word' id='word_1_429' title='bbox 1090 4425 1145 4478; x_wconf 78' lang='grc' dir='ltr'><strong>δὲ</strong></span> <span class='ocrx_word' id='word_1_430' title='bbox 1174 4425 1317 4495; x_wconf 86' lang='grc' dir='ltr'><strong>τάχα</strong></span> <span class='ocrx_word' id='word_1_431' title='bbox 1376 4427 1470 4480; x_wconf 84' lang='grc' dir='ltr'><strong>καὶ</strong></span> <span class='ocrx_word' id='word_1_432' title='bbox 1512 4425 1663 4480; x_wconf 80' lang='grc' dir='ltr'><strong>ἄκων</strong></span> <span class='ocrx_word' id='word_1_433' title='bbox 1711 4430 1778 4498; x_wconf 72' lang='grc' dir='ltr'><strong>τῇ</strong></span> <span class='ocrx_word' id='word_1_434' title='bbox 1830 4428 1925 4482; x_wconf 82' lang='grc' dir='ltr'><strong>τοῦ</strong></span> 
     </span>
    </p>
   </div>
   <div class='ocr_carea' id='block_1_64' title="bbox 352 4515 1927 4589">
    <p class='ocr_par' dir='ltr' id='par_1_64' title="bbox 352 4515 1927 4589">
     <span class='ocr_line' id='line_1_64' title="bbox 352 4515 1927 4589; baseline 0 -18"><span class='ocrx_word' id='word_1_435' title='bbox 352 4517 752 4587; x_wconf 80' lang='grc' dir='ltr'><strong>στρατιωτικοῦ</strong></span> <span class='ocrx_word' id='word_1_436' title='bbox 813 4516 1052 4586; x_wconf 80' lang='grc' dir='ltr'><strong>πλήθους</strong></span> <span class='ocrx_word' id='word_1_437' title='bbox 1107 4515 1334 4582; x_wconf 81' lang='grc' dir='ltr'><strong>ὑπείξας</strong></span> <span class='ocrx_word' id='word_1_438' title='bbox 1376 4517 1562 4588; x_wconf 77' lang='grc' dir='ltr'><strong>ὁρμῇ,</strong></span> <span class='ocrx_word' id='word_1_439' title='bbox 1610 4518 1927 4589; x_wconf 79' lang='grc' dir='ltr'><strong>προσήκατο</strong></span> 
     </span>
    </p>
   </div>
   <div class='ocr_carea' id='block_1_65' title="bbox 346 4606 1925 4679">
    <p class='ocr_par' dir='ltr' id='par_1_65' title="bbox 346 4606 1925 4679">
     <span class='ocr_line' id='line_1_65' title="bbox 346 4606 1925 4679; baseline 0 -18"><span class='ocrx_word' id='word_1_440' title='bbox 346 4609 458 4679; x_wconf 74' lang='grc' dir='ltr'><strong>τὴν</strong></span> <span class='ocrx_word' id='word_1_441' title='bbox 491 4609 682 4678; x_wconf 82' lang='grc' dir='ltr'><strong>ἀρχήν.</strong></span> <span class='ocrx_word' id='word_1_442' title='bbox 716 4607 1056 4677; x_wconf 86' lang='grc' dir='ltr'><strong>Ζητουμένου</strong></span> <span class='ocrx_word' id='word_1_443' title='bbox 1106 4606 1163 4660; x_wconf 79' lang='grc' dir='ltr'><strong>δὲ</strong></span> <span class='ocrx_word' id='word_1_444' title='bbox 1206 4607 1538 4677; x_wconf 81' lang='grc' dir='ltr'><strong>διαδήματος</strong></span> <span class='ocrx_word' id='word_1_445' title='bbox 1564 4607 1676 4679; x_wconf 75' lang='lat'><strong>(52)</strong></span> <span class='ocrx_word' id='word_1_446' title='bbox 1717 4609 1785 4659; x_wconf 77' lang='grc' dir='ltr'><strong>ἵν’</strong></span> <span class='ocrx_word' id='word_1_447' title='bbox 1827 4608 1925 4661; x_wconf 84' lang='grc' dir='ltr'><strong>αύ-</strong></span> 
     </span>
    </p>
   </div>
   <div class='ocr_carea' id='block_1_66' title="bbox 344 4699 1925 4772">
    <p class='ocr_par' dir='ltr' id='par_1_66' title="bbox 344 4699 1925 4772">
     <span class='ocr_line' id='line_1_66' title="bbox 344 4699 1925 4772; baseline 0.001 -22"><span class='ocrx_word' id='word_1_448' title='bbox 344 4701 482 4751; x_wconf 73' lang='grc' dir='ltr'><strong>τίκσ</strong></span> <span class='ocrx_word' id='word_1_449' title='bbox 505 4699 678 4769; x_wconf 86' lang='grc' dir='ltr'><strong>τούτῳ</strong></span> <span class='ocrx_word' id='word_1_450' title='bbox 714 4699 1047 4767; x_wconf 85' lang='grc' dir='ltr'><strong>ταινιωθείη,</strong></span> <span class='ocrx_word' id='word_1_451' title='bbox 1099 4700 1309 4763; x_wconf 82' lang='grc' dir='ltr'><strong>ἐκεῖνος</strong></span> <span class='ocrx_word' id='word_1_452' title='bbox 1368 4700 1465 4769; x_wconf 81' lang='grc' dir='ltr'><strong>μὲν</strong></span> <span class='ocrx_word' id='word_1_453' title='bbox 1498 4700 1573 4772; x_wconf 79' lang='grc' dir='ltr'><strong>μὴ</strong></span> <span class='ocrx_word' id='word_1_454' title='bbox 1630 4701 1775 4770; x_wconf 75' lang='grc' dir='ltr'><strong>ἔχειν</strong></span> <span class='ocrx_word' id='word_1_455' title='bbox 1834 4700 1925 4767; x_wconf 77' lang='grc' dir='ltr'><strong>ἐξ·</strong></span> 
     </span>
    </p>
   </div>
   <div class='ocr_carea' id='block_1_67' title="bbox 345 4790 1921 4861">
    <p class='ocr_par' dir='ltr' id='par_1_67' title="bbox 345 4790 1921 4861">
     <span class='ocr_line' id='line_1_67' title="bbox 345 4790 1921 4861; baseline 0.001 -16"><span class='ocrx_word' id='word_1_456' title='bbox 345 4791 589 4860; x_wconf 73' lang='grc' dir='ltr'><strong>ὡμνυτο.</strong></span> <span class='ocrx_word' id='word_1_457' title='bbox 614 4790 787 4844; x_wconf 81' lang='grc' dir='ltr'><strong>Τινῶν</strong></span> <span class='ocrx_word' id='word_1_458' title='bbox 811 4790 867 4845; x_wconf 75' lang='grc' dir='ltr'><strong>δὲ</strong></span> <span class='ocrx_word' id='word_1_459' title='bbox 888 4790 1091 4861; x_wconf 84' lang='grc' dir='ltr'><strong>κόσμον</strong></span> <span class='ocrx_word' id='word_1_460' title='bbox 1118 4792 1412 4845; x_wconf 73' lang='grc' dir='ltr'><strong>αἰτούντων</strong></span> <span class='ocrx_word' id='word_1_461' title='bbox 1448 4794 1755 4860; x_wconf 84' lang='grc' dir='ltr'><strong>γυναικεῖόν</strong></span> <span class='ocrx_word' id='word_1_462' title='bbox 1779 4810 1921 4858; x_wconf 73' lang='grc' dir='ltr'><strong>τινα,</strong></span> 
     </span>
    </p>
   </div>
   <div class='ocr_carea' id='block_1_68' title="bbox 349 4880 1924 4953">
    <p class='ocr_par' dir='ltr' id='par_1_68' title="bbox 349 4880 1924 4953">
     <span class='ocr_line' id='line_1_68' title="bbox 349 4880 1924 4953; baseline 0.001 -20"><span class='ocrx_word' id='word_1_463' title='bbox 349 4881 426 4933; x_wconf 75' lang='grc' dir='ltr'><strong>ἶν’</strong></span> <span class='ocrx_word' id='word_1_464' title='bbox 481 4882 545 4934; x_wconf 76' lang='grc' dir='ltr'><strong>ὲκ</strong></span> <span class='ocrx_word' id='word_1_465' title='bbox 594 4880 800 4934; x_wconf 75' lang='grc' dir='ltr'><strong>τούτων</strong></span> <span class='ocrx_word' id='word_1_466' title='bbox 858 4880 1201 4950; x_wconf 83' lang='grc' dir='ltr'><strong>σχεδιασθείη</strong></span> <span class='ocrx_word' id='word_1_467' title='bbox 1245 4881 1521 4952; x_wconf 77' lang='grc' dir='ltr'><strong>διάδημα,</strong></span> <span class='ocrx_word' id='word_1_468' title='bbox 1566 4883 1924 4953; x_wconf 76' lang='grc' dir='ltr'><strong>παρῃτήσατο</strong></span> 
     </span>
    </p>
   </div>
   <div class='ocr_carea' id='block_1_69' title="bbox 347 4971 1925 5055">
    <p class='ocr_par' dir='ltr' id='par_1_69' title="bbox 347 4971 1925 5055">
     <span class='ocr_line' id='line_1_69' title="bbox 347 4971 1925 5055; baseline 0.002 -31"><span class='ocrx_word' id='word_1_469' title='bbox 347 4971 518 5055; x_wconf 62' lang='grc' dir='ltr'><strong>τοῦτο</strong></span> <span class='ocrx_word' id='word_1_470' title='bbox 548 4973 579 5024; x_wconf 86' lang='grc' dir='ltr'>ὀ</span> <span class='ocrx_word' id='word_1_471' title='bbox 620 4972 925 5037; x_wconf 72' lang='grc' dir='ltr'><strong>Ἰουλιανὸς,</strong></span> <span class='ocrx_word' id='word_1_472' title='bbox 958 4973 1033 5036; x_wconf 81' lang='grc' dir='ltr'><strong>ὡς</strong></span> <span class='ocrx_word' id='word_1_473' title='bbox 1090 4973 1352 5027; x_wconf 82' lang='grc' dir='ltr'><strong>ἀπαίσιον</strong></span> <span class='ocrx_word' id='word_1_474' title='bbox 1400 4975 1610 5032; x_wconf 80' lang='grc' dir='ltr'><strong>οἰωνόν.</strong></span> <span class='ocrx_word' id='word_1_475' title='bbox 1663 4976 1819 5028; x_wconf 79' lang='grc' dir='ltr'><strong>Ἐπεὶ</strong></span> <span class='ocrx_word' id='word_1_476' title='bbox 1867 4975 1925 5028; x_wconf 72' lang='grc' dir='ltr'><strong>δὲ</strong></span> 
     </span>
    </p>
   </div>
   <div class='ocr_carea' id='block_1_70' title="bbox 349 5060 1922 5136">
    <p class='ocr_par' dir='ltr' id='par_1_70' title="bbox 349 5060 1922 5136">
     <span class='ocr_line' id='line_1_70' title="bbox 349 5060 1922 5136; baseline 0.005 -23"><span class='ocrx_word' id='word_1_477' title='bbox 349 5060 589 5132; x_wconf 82' lang='grc' dir='ltr'><strong>χρύσεόν</strong></span> <span class='ocrx_word' id='word_1_478' title='bbox 617 5078 702 5124; x_wconf 86' lang='grc' dir='ltr'><strong>τις</strong></span> <span class='ocrx_word' id='word_1_479' title='bbox 731 5061 839 5115; x_wconf 85' lang='grc' dir='ltr'><strong>τῶν</strong></span> <span class='ocrx_word' id='word_1_480' title='bbox 888 5062 1199 5133; x_wconf 78' lang='grc' dir='ltr'><strong>ταξιαρχῶν</strong></span> <span class='ocrx_word' id='word_1_481' title='bbox 1235 5064 1423 5134; x_wconf 69' lang='grc' dir='ltr'><strong>ὲςιςόρει</strong></span> <span class='ocrx_word' id='word_1_482' title='bbox 1469 5066 1734 5136; x_wconf 83' lang='grc' dir='ltr'><strong>στρεπτὸν</strong></span> <span class='ocrx_word' id='word_1_483' title='bbox 1782 5065 1922 5136; x_wconf 76' lang='lat'><strong>(53),</strong></span> 
     </span>
    </p>
   </div>
   <div class='ocr_carea' id='block_1_71' title="bbox 2042 1971 3612 2042">
    <p class='ocr_par' dir='ltr' id='par_1_71' title="bbox 2042 1971 3612 2042">
     <span class='ocr_line' id='line_1_71' title="bbox 2042 1971 3612 2042; baseline -0.008 -8"><span class='ocrx_word' id='word_1_484' title='bbox 2042 1979 2232 2034; x_wconf 88' lang='lat' dir='ltr'><strong>habitu</strong></span> <span class='ocrx_word' id='word_1_485' title='bbox 2286 1976 2533 2033; x_wconf 63' lang='lat' dir='ltr'><strong>Caesareo</strong></span> <span class='ocrx_word' id='word_1_486' title='bbox 2588 1986 2839 2031; x_wconf 88' lang='lat' dir='ltr'><strong>ornatum</strong></span> <span class='ocrx_word' id='word_1_487' title='bbox 2868 1991 3009 2040; x_wconf 88' lang='lat' dir='ltr'><strong>esse,</strong></span> <span class='ocrx_word' id='word_1_488' title='bbox 3067 1982 3128 2028; x_wconf 90' lang='lat' dir='ltr'><strong>ut</strong></span> <span class='ocrx_word' id='word_1_489' title='bbox 3180 1971 3407 2042; x_wconf 91' lang='lat' dir='ltr'><strong>paribus</strong></span> <span class='ocrx_word' id='word_1_490' title='bbox 3462 1976 3612 2023; x_wconf 90' lang='lat' dir='ltr'><strong>tanto</strong></span> 
     </span>
    </p>
   </div>
   <div class='ocr_carea' id='block_1_72' title="bbox 2042 2060 3605 2136">
    <p class='ocr_par' dir='ltr' id='par_1_72' title="bbox 2042 2060 3605 2136">
     <span class='ocr_line' id='line_1_72' title="bbox 2042 2060 3605 2136; baseline -0.007 -12"><span class='ocrx_word' id='word_1_491' title='bbox 2042 2070 2188 2125; x_wconf 89' lang='lat' dir='ltr'><strong>bello</strong></span> <span class='ocrx_word' id='word_1_492' title='bbox 2236 2066 2412 2136; x_wconf 83' lang='lat' dir='ltr'><strong>c0piis</strong></span> <span class='ocrx_word' id='word_1_493' title='bbox 2460 2083 2568 2121; x_wconf 91' lang='lat' dir='ltr'><strong>non</strong></span> <span class='ocrx_word' id='word_1_494' title='bbox 2606 2068 2925 2129; x_wconf 89' lang='lat' dir='ltr'><strong>instructus,</strong></span> <span class='ocrx_word' id='word_1_495' title='bbox 2968 2064 3040 2118; x_wconf 90' lang='lat' dir='ltr'><strong>ab</strong></span> <span class='ocrx_word' id='word_1_496' title='bbox 3081 2062 3333 2118; x_wconf 87' lang='lat' dir='ltr'><strong>hostibus</strong></span> <span class='ocrx_word' id='word_1_497' title='bbox 3370 2060 3605 2116; x_wconf 70' lang='lat' dir='ltr'><strong>caedere-</strong></span> 
     </span>
    </p>
   </div>
   <div class='ocr_carea' id='block_1_73' title="bbox 2044 2152 3612 2220">
    <p class='ocr_par' dir='ltr' id='par_1_73' title="bbox 2044 2152 3612 2220">
     <span class='ocr_line' id='line_1_73' title="bbox 2044 2152 3612 2220; baseline -0.004 -8"><span class='ocrx_word' id='word_1_498' title='bbox 2044 2168 2151 2214; x_wconf 92' lang='lat' dir='ltr'><strong>tur.</strong></span> <span class='ocrx_word' id='word_1_499' title='bbox 2193 2158 2461 2213; x_wconf 75' lang='lat' dir='ltr'><strong>Caeterum</strong></span> <span class='ocrx_word' id='word_1_500' title='bbox 2501 2156 2772 2220; x_wconf 77' lang='lat' dir='ltr'><strong>Julianus,</strong></span> <span class='ocrx_word' id='word_1_501' title='bbox 2803 2154 3043 2209; x_wconf 89' lang='lat' dir='ltr'><strong>secunda</strong></span> <span class='ocrx_word' id='word_1_502' title='bbox 3074 2153 3290 2208; x_wconf 79' lang='lat' dir='ltr'><strong>fortuna</strong></span> <span class='ocrx_word' id='word_1_503' title='bbox 3322 2166 3477 2216; x_wconf 87' lang='lat' dir='ltr'><strong>usus,</strong></span> <span class='ocrx_word' id='word_1_504' title='bbox 3506 2152 3612 2205; x_wconf 88' lang='lat' dir='ltr'><strong>ho-</strong></span> 
     </span>
    </p>
   </div>
   <div class='ocr_carea' id='block_1_74' title="bbox 2040 2244 3614 2319">
    <p class='ocr_par' dir='ltr' id='par_1_74' title="bbox 2040 2244 3614 2319">
     <span class='ocr_line' id='line_1_74' title="bbox 2040 2244 3614 2319; baseline -0.004 -14"><span class='ocrx_word' id='word_1_505' title='bbox 2040 2262 2153 2306; x_wconf 86' lang='lat' dir='ltr'><strong>stes</strong></span> <span class='ocrx_word' id='word_1_506' title='bbox 2204 2259 2403 2319; x_wconf 66' lang='lat' dir='ltr'><strong>prazter</strong></span> <span class='ocrx_word' id='word_1_507' title='bbox 2439 2264 2591 2317; x_wconf 88' lang='lat' dir='ltr'><strong>spem</strong></span> <span class='ocrx_word' id='word_1_508' title='bbox 2642 2247 2833 2313; x_wconf 88' lang='lat' dir='ltr'><strong>vincit,</strong></span> <span class='ocrx_word' id='word_1_509' title='bbox 2882 2246 3215 2315; x_wconf 88' lang='lat' dir='ltr'><strong>eosdemque</strong></span> <span class='ocrx_word' id='word_1_510' title='bbox 3276 2244 3614 2314; x_wconf 81' lang='lat' dir='ltr'><strong>recuperatis</strong></span> 
     </span>
    </p>
   </div>
   <div class='ocr_carea' id='block_1_75' title="bbox 2040 2337 3611 2406">
    <p class='ocr_par' dir='ltr' id='par_1_75' title="bbox 2040 2337 3611 2406">
     <span class='ocr_line' id='line_1_75' title="bbox 2040 2337 3611 2406; baseline -0.003 -11"><span class='ocrx_word' id='word_1_511' title='bbox 2040 2341 2252 2396; x_wconf 88' lang='lat' dir='ltr'><strong>viribus</strong></span> <span class='ocrx_word' id='word_1_512' title='bbox 2315 2339 2669 2404; x_wconf 81' lang='lat' dir='ltr'><strong>rebellantes,</strong></span> <span class='ocrx_word' id='word_1_513' title='bbox 2735 2338 2918 2394; x_wconf 89' lang='lat' dir='ltr'><strong>denuo</strong></span> <span class='ocrx_word' id='word_1_514' title='bbox 2980 2337 3179 2403; x_wconf 86' lang='lat' dir='ltr'><strong>fundit,</strong></span> <span class='ocrx_word' id='word_1_515' title='bbox 3232 2352 3296 2392; x_wconf 88' lang='lat' dir='ltr'><strong>ac</strong></span> <span class='ocrx_word' id='word_1_516' title='bbox 3348 2345 3611 2406; x_wconf 80' lang='lat' dir='ltr'><strong>tropzeum</strong></span> 
     </span>
    </p>
   </div>
   <div class='ocr_carea' id='block_1_76' title="bbox 2040 2430 3588 2501">
    <p class='ocr_par' dir='ltr' id='par_1_76' title="bbox 2040 2430 3588 2501">
     <span class='ocr_line' id='line_1_76' title="bbox 2040 2430 3588 2501; baseline -0.003 -16"><span class='ocrx_word' id='word_1_517' title='bbox 2040 2432 2219 2501; x_wconf 86' lang='lat' dir='ltr'><strong>erigit.</strong></span> <span class='ocrx_word' id='word_1_518' title='bbox 2258 2431 2447 2485; x_wconf 90' lang='lat' dir='ltr'><strong>multis</strong></span> <span class='ocrx_word' id='word_1_519' title='bbox 2491 2430 2665 2495; x_wconf 83' lang='lat' dir='ltr'><strong>caesis,</strong></span> <span class='ocrx_word' id='word_1_520' title='bbox 2717 2430 2903 2484; x_wconf 85' lang='lat' dir='ltr'><strong>multis</strong></span> <span class='ocrx_word' id='word_1_521' title='bbox 2936 2431 3061 2485; x_wconf 83' lang='lat' dir='ltr'><strong>item</strong></span> <span class='ocrx_word' id='word_1_522' title='bbox 3097 2430 3150 2483; x_wconf 90' lang='lat' dir='ltr'><strong>in</strong></span> <span class='ocrx_word' id='word_1_523' title='bbox 3183 2443 3341 2482; x_wconf 90' lang='lat' dir='ltr'><strong>amne</strong></span> <span class='ocrx_word' id='word_1_524' title='bbox 3390 2435 3588 2496; x_wconf 72' lang='lat' dir='ltr'><strong>praeter</strong></span> 
     </span>
    </p>
   </div>
   <div class='ocr_carea' id='block_1_77' title="bbox 2041 2519 3613 2592">
    <p class='ocr_par' dir='ltr' id='par_1_77' title="bbox 2041 2519 3613 2592">
     <span class='ocr_line' id='line_1_77' title="bbox 2041 2519 3613 2592; baseline -0.003 -15"><span class='ocrx_word' id='word_1_525' title='bbox 2041 2524 2244 2578; x_wconf 88' lang='lat' dir='ltr'><strong>lluente</strong></span> <span class='ocrx_word' id='word_1_526' title='bbox 2297 2523 2631 2586; x_wconf 86' lang='lat' dir='ltr'><strong>submersis,</strong></span> <span class='ocrx_word' id='word_1_527' title='bbox 2681 2520 2855 2592; x_wconf 77' lang='lat' dir='ltr'><strong>captis</strong></span> <span class='ocrx_word' id='word_1_528' title='bbox 2909 2521 3054 2576; x_wconf 89' lang='lat' dir='ltr'><strong>haud</strong></span> <span class='ocrx_word' id='word_1_529' title='bbox 3109 2520 3481 2590; x_wconf 89' lang='lat' dir='ltr'><strong>paucioribus.</strong></span> <span class='ocrx_word' id='word_1_530' title='bbox 3536 2519 3613 2572; x_wconf 86' lang='lat' dir='ltr'><strong>Eo</strong></span> 
     </span>
    </p>
   </div>
   <div class='ocr_carea' id='block_1_78' title="bbox 2040 2610 3612 2691">
    <p class='ocr_par' dir='ltr' id='par_1_78' title="bbox 2040 2610 3612 2691">
     <span class='ocr_line' id='line_1_78' title="bbox 2040 2610 3612 2691; baseline -0.006 -22"><span class='ocrx_word' id='word_1_531' title='bbox 2040 2616 2228 2684; x_wconf 75' lang='lat' dir='ltr'><strong>przelio</strong></span> <span class='ocrx_word' id='word_1_532' title='bbox 2262 2614 2420 2669; x_wconf 85' lang='lat' dir='ltr'><strong>victis</strong></span> <span class='ocrx_word' id='word_1_533' title='bbox 2456 2615 2728 2678; x_wconf 89' lang='lat' dir='ltr'><strong>hostibus,</strong></span> <span class='ocrx_word' id='word_1_534' title='bbox 2755 2612 3010 2691; x_wconf 78' lang='lat' dir='ltr'><strong>undecim</strong></span> <span class='ocrx_word' id='word_1_535' title='bbox 3042 2610 3211 2665; x_wconf 88' lang='lat' dir='ltr'><strong>millia</strong></span> <span class='ocrx_word' id='word_1_536' title='bbox 3242 2611 3612 2666; x_wconf 76' lang='lat' dir='ltr'><strong>Romanorum</strong></span> 
     </span>
    </p>
   </div>
   <div class='ocr_carea' id='block_1_79' title="bbox 2040 2703 3609 2773">
    <p class='ocr_par' dir='ltr' id='par_1_79' title="bbox 2040 2703 3609 2773">
     <span class='ocr_line' id='line_1_79' title="bbox 2040 2703 3609 2773; baseline -0.003 -13"><span class='ocrx_word' id='word_1_537' title='bbox 2040 2705 2218 2760; x_wconf 88' lang='lat' dir='ltr'><strong>soluta</strong></span> <span class='ocrx_word' id='word_1_538' title='bbox 2251 2705 2485 2760; x_wconf 84' lang='lat' dir='ltr'><strong>vinculis</strong></span> <span class='ocrx_word' id='word_1_539' title='bbox 2519 2703 2852 2773; x_wconf 80' lang='lat' dir='ltr'><strong>captivitatis</strong></span> <span class='ocrx_word' id='word_1_540' title='bbox 2875 2703 3145 2757; x_wconf 86' lang='lat' dir='ltr'><strong>feruntur.</strong></span> <span class='ocrx_word' id='word_1_541' title='bbox 3182 2703 3311 2758; x_wconf 87' lang='lat' dir='ltr'><strong>Post</strong></span> <span class='ocrx_word' id='word_1_542' title='bbox 3339 2703 3454 2756; x_wconf 63' lang='lat' dir='ltr'><strong>haec</strong></span> <span class='ocrx_word' id='word_1_543' title='bbox 3477 2715 3609 2756; x_wconf 89' lang='lat' dir='ltr'><strong>con-</strong></span> 
     </span>
    </p>
   </div>
   <div class='ocr_carea' id='block_1_80' title="bbox 2042 2790 3610 2861">
    <p class='ocr_par' dir='ltr' id='par_1_80' title="bbox 2042 2790 3610 2861">
     <span class='ocr_line' id='line_1_80' title="bbox 2042 2790 3610 2861; baseline -0.001 -17"><span class='ocrx_word' id='word_1_544' title='bbox 2042 2800 2122 2845; x_wconf 91' lang='lat' dir='ltr'><strong>tra</strong></span> <span class='ocrx_word' id='word_1_545' title='bbox 2152 2792 2488 2847; x_wconf 86' lang='lat' dir='ltr'><strong>Alcmaouos</strong></span> <span class='ocrx_word' id='word_1_546' title='bbox 2523 2793 2688 2845; x_wconf 89' lang='lat' dir='ltr'><strong>etiam</strong></span> <span class='ocrx_word' id='word_1_547' title='bbox 2721 2807 2780 2845; x_wconf 90' lang='lat' dir='ltr'><strong>re</strong></span> <span class='ocrx_word' id='word_1_548' title='bbox 2809 2792 2946 2845; x_wconf 87' lang='lat' dir='ltr'><strong>bene</strong></span> <span class='ocrx_word' id='word_1_549' title='bbox 2980 2799 3155 2859; x_wconf 82' lang='lat' dir='ltr'><strong>gesta,</strong></span> <span class='ocrx_word' id='word_1_550' title='bbox 3194 2790 3364 2861; x_wconf 90' lang='lat' dir='ltr'><strong>genti,</strong></span> <span class='ocrx_word' id='word_1_551' title='bbox 3418 2798 3610 2859; x_wconf 85' lang='lat' dir='ltr'><strong>peten-</strong></span> 
     </span>
    </p>
   </div>
   <div class='ocr_carea' id='block_1_81' title="bbox 2040 2880 3610 2953">
    <p class='ocr_par' dir='ltr' id='par_1_81' title="bbox 2040 2880 3610 2953">
     <span class='ocr_line' id='line_1_81' title="bbox 2040 2880 3610 2953; baseline 0.001 -19"><span class='ocrx_word' id='word_1_552' title='bbox 2040 2880 2187 2937; x_wconf 91' lang='lat' dir='ltr'><strong>tibus</strong></span> <span class='ocrx_word' id='word_1_553' title='bbox 2238 2882 2369 2948; x_wconf 87' lang='lat' dir='ltr'><strong>illis,</strong></span> <span class='ocrx_word' id='word_1_554' title='bbox 2433 2898 2622 2952; x_wconf 89' lang='lat' dir='ltr'><strong>pacem</strong></span> <span class='ocrx_word' id='word_1_555' title='bbox 2676 2880 2865 2946; x_wconf 87' lang='lat' dir='ltr'><strong>dedit,</strong></span> <span class='ocrx_word' id='word_1_556' title='bbox 2922 2882 3153 2953; x_wconf 86' lang='lat' dir='ltr'><strong>captivis</strong></span> <span class='ocrx_word' id='word_1_557' title='bbox 3209 2882 3465 2952; x_wconf 86' lang='lat' dir='ltr'><strong>receptis.</strong></span> <span class='ocrx_word' id='word_1_558' title='bbox 3515 2881 3610 2936; x_wconf 84' lang='lat' dir='ltr'><strong>llis</strong></span> 
     </span>
    </p>
   </div>
   <div class='ocr_carea' id='block_1_82' title="bbox 2038 2968 3610 3041">
    <p class='ocr_par' dir='ltr' id='par_1_82' title="bbox 2038 2968 3610 3041">
     <span class='ocr_line' id='line_1_82' title="bbox 2038 2968 3610 3041; baseline 0 -18"><span class='ocrx_word' id='word_1_559' title='bbox 2038 2968 2219 3024; x_wconf 72' lang='lat' dir='ltr'><strong>Czcsar</strong></span> <span class='ocrx_word' id='word_1_560' title='bbox 2264 2969 2516 3025; x_wconf 78' lang='lat' dir='ltr'><strong>Julianus</strong></span> <span class='ocrx_word' id='word_1_561' title='bbox 2544 2970 2954 3041; x_wconf 85' lang='lat' dir='ltr'><strong>adsupcrbiam</strong></span> <span class='ocrx_word' id='word_1_562' title='bbox 3008 2972 3207 3037; x_wconf 87' lang='lat' dir='ltr'><strong>elatus,</strong></span> <span class='ocrx_word' id='word_1_563' title='bbox 3242 2980 3359 3036; x_wconf 87' lang='lat' dir='ltr'><strong>aut,</strong></span> <span class='ocrx_word' id='word_1_564' title='bbox 3390 2981 3451 3026; x_wconf 91' lang='lat' dir='ltr'><strong>ut</strong></span> <span class='ocrx_word' id='word_1_565' title='bbox 3482 2971 3610 3041; x_wconf 87' lang='lat' dir='ltr'><strong>qui-</strong></span> 
     </span>
    </p>
   </div>
   <div class='ocr_carea' id='block_1_83' title="bbox 2038 3038 3611 3123">
    <p class='ocr_par' dir='ltr' id='par_1_83' title="bbox 2038 3038 3611 3123">
     <span class='ocr_line' id='line_1_83' title="bbox 2038 3038 3611 3123; baseline -0.001 -11"><span class='ocrx_word' id='word_1_566' title='bbox 2038 3058 2160 3113; x_wconf 88' lang='lat' dir='ltr'><strong>dam</strong></span> <span class='ocrx_word' id='word_1_567' title='bbox 2215 3068 2468 3115; x_wconf 85' lang='lat' dir='ltr'><strong>auctores</strong></span> <span class='ocrx_word' id='word_1_568' title='bbox 2498 3038 2646 3123; x_wconf 69' lang='lat' dir='ltr'><strong>sunt,</strong></span> <span class='ocrx_word' id='word_1_569' title='bbox 2677 3038 3053 3123; x_wconf 65' lang='lat' dir='ltr'><strong>Constantium</strong></span> <span class='ocrx_word' id='word_1_570' title='bbox 3114 3058 3462 3114; x_wconf 84' lang='lat' dir='ltr'><strong>successibus</strong></span> <span class='ocrx_word' id='word_1_571' title='bbox 3492 3038 3611 3112; x_wconf 80' lang='lat' dir='ltr'><strong>suis</strong></span> 
     </span>
    </p>
   </div>
   <div class='ocr_carea' id='block_1_84' title="bbox 2040 3147 3609 3219">
    <p class='ocr_par' dir='ltr' id='par_1_84' title="bbox 2040 3147 3609 3219">
     <span class='ocr_line' id='line_1_84' title="bbox 2040 3147 3609 3219; baseline -0.001 -15"><span class='ocrx_word' id='word_1_572' title='bbox 2040 3149 2374 3205; x_wconf 86' lang='lat' dir='ltr'><strong>invidentem</strong></span> <span class='ocrx_word' id='word_1_573' title='bbox 2420 3150 2648 3214; x_wconf 83' lang='lat' dir='ltr'><strong>veritus,</strong></span> <span class='ocrx_word' id='word_1_574' title='bbox 2676 3165 2765 3215; x_wconf 91' lang='lat' dir='ltr'><strong>nc,</strong></span> <span class='ocrx_word' id='word_1_575' title='bbox 2798 3150 2982 3204; x_wconf 81' lang='lat' dir='ltr'><strong>fratris</strong></span> <span class='ocrx_word' id='word_1_576' title='bbox 3013 3149 3150 3204; x_wconf 88' lang='lat' dir='ltr'><strong>Galli</strong></span> <span class='ocrx_word' id='word_1_577' title='bbox 3183 3150 3453 3219; x_wconf 80' lang='lat' dir='ltr'><strong>exemplo,</strong></span> <span class='ocrx_word' id='word_1_578' title='bbox 3499 3147 3609 3203; x_wconf 78' lang='lat' dir='ltr'><strong>vita</strong></span> 
     </span>
    </p>
   </div>
   <div class='ocr_carea' id='block_1_85' title="bbox 2040 3240 3608 3312">
    <p class='ocr_par' dir='ltr' id='par_1_85' title="bbox 2040 3240 3608 3312">
     <span class='ocr_line' id='line_1_85' title="bbox 2040 3240 3608 3312; baseline 0.001 -17"><span class='ocrx_word' id='word_1_579' title='bbox 2040 3242 2371 3312; x_wconf 77' lang='lat' dir='ltr'><strong>privaretur,</strong></span> <span class='ocrx_word' id='word_1_580' title='bbox 2427 3240 2789 3296; x_wconf 81' lang='lat' dir='ltr'><strong>defectionem</strong></span> <span class='ocrx_word' id='word_1_581' title='bbox 2828 3241 3093 3305; x_wconf 88' lang='lat' dir='ltr'><strong>molitur,</strong></span> <span class='ocrx_word' id='word_1_582' title='bbox 3146 3240 3454 3296; x_wconf 80' lang='lat' dir='ltr'><strong>conciliatis</strong></span> <span class='ocrx_word' id='word_1_583' title='bbox 3502 3241 3608 3296; x_wconf 84' lang='lat' dir='ltr'><strong>sibi</strong></span> 
     </span>
    </p>
   </div>
   <div class='ocr_carea' id='block_1_86' title="bbox 2041 3330 3611 3401">
    <p class='ocr_par' dir='ltr' id='par_1_86' title="bbox 2041 3330 3611 3401">
     <span class='ocr_line' id='line_1_86' title="bbox 2041 3330 3611 3401; baseline 0.001 -17"><span class='ocrx_word' id='word_1_584' title='bbox 2041 3331 2276 3386; x_wconf 86' lang='lat' dir='ltr'><strong>tribunis</strong></span> <span class='ocrx_word' id='word_1_585' title='bbox 2322 3330 2551 3401; x_wconf 90' lang='lat' dir='ltr'><strong>aliquot,</strong></span> <span class='ocrx_word' id='word_1_586' title='bbox 2600 3347 2632 3385; x_wconf 93' lang='lat' dir='ltr'><strong>a</strong></span> <span class='ocrx_word' id='word_1_587' title='bbox 2681 3330 2883 3400; x_wconf 85' lang='lat' dir='ltr'><strong>quibus</strong></span> <span class='ocrx_word' id='word_1_588' title='bbox 2926 3330 3130 3387; x_wconf 86' lang='lat' dir='ltr'><strong>milites</strong></span> <span class='ocrx_word' id='word_1_589' title='bbox 3179 3331 3463 3395; x_wconf 83' lang='lat' dir='ltr'><strong>concitati,</strong></span> <span class='ocrx_word' id='word_1_590' title='bbox 3511 3345 3611 3401; x_wconf 91' lang='lat' dir='ltr'><strong>per</strong></span> 
     </span>
    </p>
   </div>
   <div class='ocr_carea' id='block_1_87' title="bbox 2036 3421 3611 3493">
    <p class='ocr_par' dir='ltr' id='par_1_87' title="bbox 2036 3421 3611 3493">
     <span class='ocr_line' id='line_1_87' title="bbox 2036 3421 3611 3493; baseline 0.001 -17"><span class='ocrx_word' id='word_1_591' title='bbox 2036 3423 2498 3492; x_wconf 89' lang='lat' dir='ltr'><strong>conspirationem</strong></span> <span class='ocrx_word' id='word_1_592' title='bbox 2530 3437 2657 3477; x_wconf 91' lang='lat' dir='ltr'><strong>eum</strong></span> <span class='ocrx_word' id='word_1_593' title='bbox 2686 3423 2991 3493; x_wconf 79' lang='lat' dir='ltr'><strong>Augustum</strong></span> <span class='ocrx_word' id='word_1_594' title='bbox 3035 3423 3294 3487; x_wconf 87' lang='lat' dir='ltr'><strong>salutant,</strong></span> <span class='ocrx_word' id='word_1_595' title='bbox 3321 3431 3381 3478; x_wconf 91' lang='lat' dir='ltr'><strong>et</strong></span> <span class='ocrx_word' id='word_1_596' title='bbox 3403 3421 3611 3477; x_wconf 87' lang='lat' dir='ltr'><strong>strictis</strong></span> 
     </span>
    </p>
   </div>
   <div class='ocr_carea' id='block_1_88' title="bbox 2034 3514 3611 3586">
    <p class='ocr_par' dir='ltr' id='par_1_88' title="bbox 2034 3514 3611 3586">
     <span class='ocr_line' id='line_1_88' title="bbox 2034 3514 3611 3586; baseline 0.001 -19"><span class='ocrx_word' id='word_1_597' title='bbox 2034 3514 2248 3585; x_wconf 81' lang='lat' dir='ltr'><strong>gladiis,</strong></span> <span class='ocrx_word' id='word_1_598' title='bbox 2288 3515 2502 3586; x_wconf 84' lang='lat' dir='ltr'><strong>imperii</strong></span> <span class='ocrx_word' id='word_1_599' title='bbox 2547 3515 2765 3570; x_wconf 87' lang='lat' dir='ltr'><strong>titulum</strong></span> <span class='ocrx_word' id='word_1_600' title='bbox 2815 3515 3199 3585; x_wconf 86' lang='lat' dir='ltr'><strong>repudiantem</strong></span> <span class='ocrx_word' id='word_1_601' title='bbox 3240 3515 3467 3582; x_wconf 86' lang='lat' dir='ltr'><strong>scilicet,</strong></span> <span class='ocrx_word' id='word_1_602' title='bbox 3498 3515 3611 3571; x_wconf 83' lang='lat' dir='ltr'><strong>cir-</strong></span> 
     </span>
    </p>
   </div>
   <div class='ocr_carea' id='block_1_89' title="bbox 2035 3605 3603 3674">
    <p class='ocr_par' dir='ltr' id='par_1_89' title="bbox 2035 3605 3603 3674">
     <span class='ocr_line' id='line_1_89' title="bbox 2035 3605 3603 3674; baseline -0.001 -14"><span class='ocrx_word' id='word_1_603' title='bbox 2035 3614 2393 3671; x_wconf 88' lang='lat' dir='ltr'><strong>cumstantes,</strong></span> <span class='ocrx_word' id='word_1_604' title='bbox 2443 3606 2725 3661; x_wconf 82' lang='lat' dir='ltr'><strong>occisuros</strong></span> <span class='ocrx_word' id='word_1_605' title='bbox 2771 3606 3072 3669; x_wconf 88' lang='lat' dir='ltr'><strong>minantur,</strong></span> <span class='ocrx_word' id='word_1_606' title='bbox 3101 3606 3206 3660; x_wconf 82' lang='lat' dir='ltr'><strong>nisi</strong></span> <span class='ocrx_word' id='word_1_607' title='bbox 3238 3605 3603 3674; x_wconf 85' lang='lat' dir='ltr'><strong>obtemperet.</strong></span> 
     </span>
    </p>
   </div>
   <div class='ocr_carea' id='block_1_90' title="bbox 2036 3695 3606 3767">
    <p class='ocr_par' dir='ltr' id='par_1_90' title="bbox 2036 3695 3606 3767">
     <span class='ocr_line' id='line_1_90' title="bbox 2036 3695 3606 3767; baseline -0.001 -17"><span class='ocrx_word' id='word_1_608' title='bbox 2036 3695 2124 3750; x_wconf 90' lang='lat' dir='ltr'><strong>Sic</strong></span> <span class='ocrx_word' id='word_1_609' title='bbox 2151 3695 2334 3766; x_wconf 90' lang='lat' dir='ltr'><strong>igitur,</strong></span> <span class='ocrx_word' id='word_1_610' title='bbox 2372 3696 2579 3752; x_wconf 90' lang='lat' dir='ltr'><strong>invitus</strong></span> <span class='ocrx_word' id='word_1_611' title='bbox 2621 3697 2874 3764; x_wconf 85' lang='lat' dir='ltr'><strong>forsitan,</strong></span> <span class='ocrx_word' id='word_1_612' title='bbox 2902 3697 2971 3752; x_wconf 90' lang='lat' dir='ltr'><strong>ad</strong></span> <span class='ocrx_word' id='word_1_613' title='bbox 3000 3698 3262 3767; x_wconf 89' lang='lat' dir='ltr'><strong>impetum</strong></span> <span class='ocrx_word' id='word_1_614' title='bbox 3294 3695 3606 3751; x_wconf 64' lang='lat' dir='ltr'><strong>multitudio</strong></span> 
     </span>
    </p>
   </div>
   <div class='ocr_carea' id='block_1_91' title="bbox 2034 3788 3604 3859">
    <p class='ocr_par' dir='ltr' id='par_1_91' title="bbox 2034 3788 3604 3859">
     <span class='ocr_line' id='line_1_91' title="bbox 2034 3788 3604 3859; baseline -0.004 -13"><span class='ocrx_word' id='word_1_615' title='bbox 2034 3791 2121 3846; x_wconf 87' lang='lat' dir='ltr'><strong>nis</strong></span> <span class='ocrx_word' id='word_1_616' title='bbox 2146 3790 2485 3854; x_wconf 85' lang='lat' dir='ltr'><strong>evitandum,</strong></span> <span class='ocrx_word' id='word_1_617' title='bbox 2515 3790 2713 3859; x_wconf 88' lang='lat' dir='ltr'><strong>accipit</strong></span> <span class='ocrx_word' id='word_1_618' title='bbox 2754 3790 3067 3859; x_wconf 87' lang='lat' dir='ltr'><strong>imperium.</strong></span> <span class='ocrx_word' id='word_1_619' title='bbox 3099 3789 3236 3844; x_wconf 88' lang='lat' dir='ltr'><strong>Cum</strong></span> <span class='ocrx_word' id='word_1_620' title='bbox 3270 3800 3452 3843; x_wconf 87' lang='lat' dir='ltr'><strong>autem</strong></span> <span class='ocrx_word' id='word_1_621' title='bbox 3483 3788 3604 3841; x_wconf 86' lang='lat' dir='ltr'><strong>dia-</strong></span> 
     </span>
    </p>
   </div>
   <div class='ocr_carea' id='block_1_92' title="bbox 2035 3880 3602 3952">
    <p class='ocr_par' dir='ltr' id='par_1_92' title="bbox 2035 3880 3602 3952">
     <span class='ocr_line' id='line_1_92' title="bbox 2035 3880 3602 3952; baseline -0.003 -15"><span class='ocrx_word' id='word_1_622' title='bbox 2035 3883 2192 3937; x_wconf 89' lang='lat' dir='ltr'><strong>dema</strong></span> <span class='ocrx_word' id='word_1_623' title='bbox 2239 3892 2598 3952; x_wconf 59' lang='lat' dir='ltr'><strong>quaereretur,</strong></span> <span class='ocrx_word' id='word_1_624' title='bbox 2632 3896 2740 3951; x_wconf 90' lang='lat' dir='ltr'><strong>quo</strong></span> <span class='ocrx_word' id='word_1_625' title='bbox 2767 3881 3054 3936; x_wconf 88' lang='lat' dir='ltr'><strong>confestim</strong></span> <span class='ocrx_word' id='word_1_626' title='bbox 3092 3880 3345 3936; x_wconf 88' lang='lat' dir='ltr'><strong>coronari</strong></span> <span class='ocrx_word' id='word_1_627' title='bbox 3396 3886 3602 3949; x_wconf 86' lang='lat' dir='ltr'><strong>posset,</strong></span> 
     </span>
    </p>
   </div>
   <div class='ocr_carea' id='block_1_93' title="bbox 2033 3969 3603 4043">
    <p class='ocr_par' dir='ltr' id='par_1_93' title="bbox 2033 3969 3603 4043">
     <span class='ocr_line' id='line_1_93' title="bbox 2033 3969 3603 4043; baseline -0.004 -15"><span class='ocrx_word' id='word_1_628' title='bbox 2033 3982 2197 4043; x_wconf 87' lang='lat' dir='ltr'><strong>atque</strong></span> <span class='ocrx_word' id='word_1_629' title='bbox 2245 3974 2335 4027; x_wconf 91' lang='lat' dir='ltr'><strong>ille</strong></span> <span class='ocrx_word' id='word_1_630' title='bbox 2379 3972 2481 4028; x_wconf 87' lang='lat' dir='ltr'><strong>sibi</strong></span> <span class='ocrx_word' id='word_1_631' title='bbox 2554 3972 2766 4029; x_wconf 89' lang='lat' dir='ltr'><strong>nullum</strong></span> <span class='ocrx_word' id='word_1_632' title='bbox 2814 3987 2935 4027; x_wconf 86' lang='lat' dir='ltr'><strong>esse</strong></span> <span class='ocrx_word' id='word_1_633' title='bbox 2974 3973 3190 4043; x_wconf 85' lang='lat' dir='ltr'><strong>juraret</strong></span> <span class='ocrx_word' id='word_1_634' title='bbox 3229 3988 3241 4024; x_wconf 90' lang='lat'>:</span> <span class='ocrx_word' id='word_1_635' title='bbox 3274 3969 3603 4040; x_wconf 83' lang='lat' dir='ltr'><strong>quibusdam</strong></span> 
     </span>
    </p>
   </div>
   <div class='ocr_carea' id='block_1_94' title="bbox 2033 4062 3603 4133">
    <p class='ocr_par' dir='ltr' id='par_1_94' title="bbox 2033 4062 3603 4133">
     <span class='ocr_line' id='line_1_94' title="bbox 2033 4062 3603 4133; baseline -0.002 -15"><span class='ocrx_word' id='word_1_636' title='bbox 2033 4072 2355 4119; x_wconf 89' lang='lat' dir='ltr'><strong>ornamenta</strong></span> <span class='ocrx_word' id='word_1_637' title='bbox 2388 4064 2674 4118; x_wconf 84' lang='lat' dir='ltr'><strong>muliebria</strong></span> <span class='ocrx_word' id='word_1_638' title='bbox 2722 4064 3055 4132; x_wconf 82' lang='lat' dir='ltr'><strong>petentibus,</strong></span> <span class='ocrx_word' id='word_1_639' title='bbox 3086 4065 3189 4133; x_wconf 72' lang='grc'><strong>21,</strong></span> <span class='ocrx_word' id='word_1_640' title='bbox 3224 4071 3283 4117; x_wconf 89' lang='lat' dir='ltr'><strong>ut</strong></span> <span class='ocrx_word' id='word_1_641' title='bbox 3316 4062 3444 4117; x_wconf 88' lang='lat' dir='ltr'><strong>inde</strong></span> <span class='ocrx_word' id='word_1_642' title='bbox 3468 4076 3603 4115; x_wconf 83' lang='lat' dir='ltr'><strong>con-</strong></span> 
     </span>
    </p>
   </div>
   <div class='ocr_carea' id='block_1_95' title="bbox 2034 4153 3601 4220">
    <p class='ocr_par' dir='ltr' id='par_1_95' title="bbox 2034 4153 3601 4220">
     <span class='ocr_line' id='line_1_95' title="bbox 2034 4153 3601 4220; baseline -0.001 -13"><span class='ocrx_word' id='word_1_643' title='bbox 2034 4154 2310 4215; x_wconf 79' lang='lat' dir='ltr'><strong>ﬁceretur,</strong></span> <span class='ocrx_word' id='word_1_644' title='bbox 2365 4165 2653 4210; x_wconf 82' lang='lat' dir='ltr'><strong>recusante</strong></span> <span class='ocrx_word' id='word_1_645' title='bbox 2700 4155 2941 4220; x_wconf 85' lang='lat' dir='ltr'><strong>Juliano,</strong></span> <span class='ocrx_word' id='word_1_646' title='bbox 2986 4165 3045 4210; x_wconf 93' lang='lat' dir='ltr'><strong>ut</strong></span> <span class='ocrx_word' id='word_1_647' title='bbox 3076 4156 3203 4209; x_wconf 88' lang='lat' dir='ltr'><strong>mali</strong></span> <span class='ocrx_word' id='word_1_648' title='bbox 3249 4153 3470 4220; x_wconf 88' lang='lat' dir='ltr'><strong>ominis,</strong></span> <span class='ocrx_word' id='word_1_649' title='bbox 3503 4153 3601 4207; x_wconf 55' lang='lat' dir='ltr'><strong>tri.</strong></span> 
     </span>
    </p>
   </div>
   <div class='ocr_carea' id='block_1_96' title="bbox 2032 4242 3597 4315">
    <p class='ocr_par' dir='ltr' id='par_1_96' title="bbox 2032 4242 3597 4315">
     <span class='ocr_line' id='line_1_96' title="bbox 2032 4242 3597 4315; baseline -0.001 -18"><span class='ocrx_word' id='word_1_650' title='bbox 2032 4242 2162 4297; x_wconf 91' lang='lat' dir='ltr'><strong>buni</strong></span> <span class='ocrx_word' id='word_1_651' title='bbox 2195 4245 2476 4314; x_wconf 89' lang='lat' dir='ltr'><strong>cujusdam</strong></span> <span class='ocrx_word' id='word_1_652' title='bbox 2508 4253 2754 4314; x_wconf 89' lang='lat' dir='ltr'><strong>torquem</strong></span> <span class='ocrx_word' id='word_1_653' title='bbox 2784 4260 3032 4310; x_wconf 88' lang='lat' dir='ltr'><strong>aureum,</strong></span> <span class='ocrx_word' id='word_1_654' title='bbox 3065 4244 3294 4315; x_wconf 87' lang='lat' dir='ltr'><strong>gemmis</strong></span> <span class='ocrx_word' id='word_1_655' title='bbox 3321 4253 3597 4309; x_wconf 88' lang='lat' dir='ltr'><strong>ornatum,</strong></span> 
     </span>
    </p>
   </div>
   <div class='ocr_carea' id='block_1_97' title="bbox 2029 4334 3597 4404">
    <p class='ocr_par' dir='ltr' id='par_1_97' title="bbox 2029 4334 3597 4404">
     <span class='ocr_line' id='line_1_97' title="bbox 2029 4334 3597 4404; baseline 0 -15"><span class='ocrx_word' id='word_1_656' title='bbox 2029 4334 2193 4404; x_wconf 90' lang='lat' dir='ltr'><strong>capiti</strong></span> <span class='ocrx_word' id='word_1_657' title='bbox 2244 4335 2390 4389; x_wconf 90' lang='lat' dir='ltr'><strong>illius</strong></span> <span class='ocrx_word' id='word_1_658' title='bbox 2446 4337 2879 4390; x_wconf 88' lang='lat' dir='ltr'><strong>accommodant.</strong></span> <span class='ocrx_word' id='word_1_659' title='bbox 2944 4336 3085 4390; x_wconf 86' lang='lat' dir='ltr'><strong>Tum</strong></span> <span class='ocrx_word' id='word_1_660' title='bbox 3134 4336 3222 4391; x_wconf 88' lang='lat' dir='ltr'><strong>ille</strong></span> <span class='ocrx_word' id='word_1_661' title='bbox 3270 4334 3597 4390; x_wconf 90' lang='lat' dir='ltr'><strong>Pentadium</strong></span> 
     </span>
    </p>
   </div>
   <div class='ocr_carea' id='block_1_98' title="bbox 2030 4423 3596 4495">
    <p class='ocr_par' dir='ltr' id='par_1_98' title="bbox 2030 4423 3596 4495">
     <span class='ocr_line' id='line_1_98' title="bbox 2030 4423 3596 4495; baseline -0.001 -17"><span class='ocrx_word' id='word_1_662' title='bbox 2030 4425 2348 4495; x_wconf 88' lang='lat' dir='ltr'><strong>magistrum</strong></span> <span class='ocrx_word' id='word_1_663' title='bbox 2399 4424 2873 4494; x_wconf 80' lang='lat' dir='ltr'><strong>imperatoriarum</strong></span> <span class='ocrx_word' id='word_1_664' title='bbox 2916 4425 3188 4494; x_wconf 79' lang='lat' dir='ltr'><strong>legionum</strong></span> <span class='ocrx_word' id='word_1_665' title='bbox 3217 4440 3340 4478; x_wconf 91' lang='lat' dir='ltr'><strong>cum</strong></span> <span class='ocrx_word' id='word_1_666' title='bbox 3374 4424 3497 4480; x_wconf 89' lang='lat' dir='ltr'><strong>aliis</strong></span> <span class='ocrx_word' id='word_1_667' title='bbox 3529 4423 3596 4478; x_wconf 85' lang='lat' dir='ltr'><strong>ad</strong></span> 
     </span>
    </p>
   </div>
   <div class='ocr_carea' id='block_1_99' title="bbox 2030 4512 3596 4584">
    <p class='ocr_par' dir='ltr' id='par_1_99' title="bbox 2030 4512 3596 4584">
     <span class='ocr_line' id='line_1_99' title="bbox 2030 4512 3596 4584; baseline -0.001 -14"><span class='ocrx_word' id='word_1_668' title='bbox 2030 4513 2410 4571; x_wconf 87' lang='lat' dir='ltr'><strong>Constantium</strong></span> <span class='ocrx_word' id='word_1_669' title='bbox 2446 4514 2629 4576; x_wconf 88' lang='lat' dir='ltr'><strong>mittit,</strong></span> <span class='ocrx_word' id='word_1_670' title='bbox 2659 4513 2858 4569; x_wconf 83' lang='lat' dir='ltr'><strong>additis</strong></span> <span class='ocrx_word' id='word_1_671' title='bbox 2896 4512 3117 4579; x_wconf 88' lang='lat' dir='ltr'><strong>litteris,</strong></span> <span class='ocrx_word' id='word_1_672' title='bbox 3152 4513 3350 4584; x_wconf 88' lang='lat' dir='ltr'><strong>quibus</strong></span> <span class='ocrx_word' id='word_1_673' title='bbox 3375 4530 3433 4569; x_wconf 91' lang='lat' dir='ltr'><strong>se</strong></span> <span class='ocrx_word' id='word_1_674' title='bbox 3463 4530 3596 4584; x_wconf 88' lang='lat' dir='ltr'><strong>pur-</strong></span> 
     </span>
    </p>
   </div>
   <div class='ocr_carea' id='block_1_100' title="bbox 2032 4604 3594 4676">
    <p class='ocr_par' dir='ltr' id='par_1_100' title="bbox 2032 4604 3594 4676">
     <span class='ocr_line' id='line_1_100' title="bbox 2032 4604 3594 4676; baseline 0.002 -20"><span class='ocrx_word' id='word_1_675' title='bbox 2032 4605 2214 4675; x_wconf 80' lang='lat' dir='ltr'><strong>gabat,</strong></span> <span class='ocrx_word' id='word_1_676' title='bbox 2238 4606 2385 4675; x_wconf 91' lang='lat' dir='ltr'><strong>quod</strong></span> <span class='ocrx_word' id='word_1_677' title='bbox 2412 4604 2627 4675; x_wconf 86' lang='lat' dir='ltr'><strong>imperii</strong></span> <span class='ocrx_word' id='word_1_678' title='bbox 2657 4605 2874 4660; x_wconf 91' lang='lat' dir='ltr'><strong>titulum</strong></span> <span class='ocrx_word' id='word_1_679' title='bbox 2907 4620 3017 4661; x_wconf 92' lang='lat' dir='ltr'><strong>non</strong></span> <span class='ocrx_word' id='word_1_680' title='bbox 3042 4614 3237 4676; x_wconf 89' lang='lat' dir='ltr'><strong>sponte</strong></span> <span class='ocrx_word' id='word_1_681' title='bbox 3263 4605 3594 4674; x_wconf 87' lang='lat' dir='ltr'><strong>admisisset,</strong></span> 
     </span>
    </p>
   </div>
   <div class='ocr_carea' id='block_1_101' title="bbox 2029 4695 3596 4766">
    <p class='ocr_par' dir='ltr' id='par_1_101' title="bbox 2029 4695 3596 4766">
     <span class='ocr_line' id='line_1_101' title="bbox 2029 4695 3596 4766; baseline 0 -14"><span class='ocrx_word' id='word_1_682' title='bbox 2029 4697 2125 4752; x_wconf 86' lang='lat' dir='ltr'><strong>sed</strong></span> <span class='ocrx_word' id='word_1_683' title='bbox 2155 4712 2184 4751; x_wconf 93' lang='lat' dir='ltr'><strong>a</strong></span> <span class='ocrx_word' id='word_1_684' title='bbox 2217 4696 2485 4752; x_wconf 90' lang='lat' dir='ltr'><strong>militibus</strong></span> <span class='ocrx_word' id='word_1_685' title='bbox 2533 4705 2773 4759; x_wconf 90' lang='lat' dir='ltr'><strong>coactus,</strong></span> <span class='ocrx_word' id='word_1_686' title='bbox 2821 4697 2911 4766; x_wconf 92' lang='lat' dir='ltr'><strong>qui</strong></span> <span class='ocrx_word' id='word_1_687' title='bbox 2948 4712 3055 4755; x_wconf 84' lang='lat' dir='ltr'><strong>non</strong></span> <span class='ocrx_word' id='word_1_688' title='bbox 3097 4696 3198 4752; x_wconf 91' lang='lat' dir='ltr'><strong>sub</strong></span> <span class='ocrx_word' id='word_1_689' title='bbox 3229 4695 3462 4760; x_wconf 70' lang='lat' dir='ltr'><strong>Caesare,</strong></span> <span class='ocrx_word' id='word_1_690' title='bbox 3500 4695 3596 4752; x_wconf 88' lang='lat' dir='ltr'><strong>sed</strong></span> 
     </span>
    </p>
   </div>
   <div class='ocr_carea' id='block_1_102' title="bbox 2030 4786 3598 4859">
    <p class='ocr_par' dir='ltr' id='par_1_102' title="bbox 2030 4786 3598 4859">
     <span class='ocr_line' id='line_1_102' title="bbox 2030 4786 3598 4859; baseline -0.001 -15"><span class='ocrx_word' id='word_1_691' title='bbox 2030 4789 2134 4845; x_wconf 90' lang='lat' dir='ltr'><strong>sub</strong></span> <span class='ocrx_word' id='word_1_692' title='bbox 2182 4789 2511 4859; x_wconf 89' lang='lat' dir='ltr'><strong>imperatore</strong></span> <span class='ocrx_word' id='word_1_693' title='bbox 2560 4786 2797 4843; x_wconf 89' lang='lat' dir='ltr'><strong>militare</strong></span> <span class='ocrx_word' id='word_1_694' title='bbox 2847 4788 3064 4850; x_wconf 79' lang='lat' dir='ltr'><strong>vellent,</strong></span> <span class='ocrx_word' id='word_1_695' title='bbox 3116 4803 3227 4857; x_wconf 88' lang='lat' dir='ltr'><strong>quo</strong></span> <span class='ocrx_word' id='word_1_696' title='bbox 3267 4786 3429 4858; x_wconf 90' lang='lat' dir='ltr'><strong>digna</strong></span> <span class='ocrx_word' id='word_1_697' title='bbox 3482 4790 3598 4843; x_wconf 89' lang='lat' dir='ltr'><strong>suis</strong></span> 
     </span>
    </p>
   </div>
   <div class='ocr_carea' id='block_1_103' title="bbox 2027 4877 3594 4949">
    <p class='ocr_par' dir='ltr' id='par_1_103' title="bbox 2027 4877 3594 4949">
     <span class='ocr_line' id='line_1_103' title="bbox 2027 4877 3594 4949; baseline -0.003 -15"><span class='ocrx_word' id='word_1_698' title='bbox 2027 4879 2313 4935; x_wconf 88' lang='lat' dir='ltr'><strong>laboribus</strong></span> <span class='ocrx_word' id='word_1_699' title='bbox 2338 4893 2517 4947; x_wconf 80' lang='lat' dir='ltr'><strong>operae</strong></span> <span class='ocrx_word' id='word_1_700' title='bbox 2542 4877 2714 4947; x_wconf 90' lang='lat' dir='ltr'><strong>pretia</strong></span> <span class='ocrx_word' id='word_1_701' title='bbox 2748 4877 2991 4949; x_wconf 81' lang='lat' dir='ltr'><strong>ﬂagitare</strong></span> <span class='ocrx_word' id='word_1_702' title='bbox 3027 4878 3256 4948; x_wconf 88' lang='lat' dir='ltr'><strong>possint.</strong></span> <span class='ocrx_word' id='word_1_703' title='bbox 3290 4878 3502 4941; x_wconf 84' lang='lat' dir='ltr'><strong>Petere,</strong></span> <span class='ocrx_word' id='word_1_704' title='bbox 3534 4888 3594 4931; x_wconf 91' lang='lat' dir='ltr'><strong>ut</strong></span> 
     </span>
    </p>
   </div>
   <div class='ocr_carea' id='block_1_104' title="bbox 2028 4968 3589 5040">
    <p class='ocr_par' dir='ltr' id='par_1_104' title="bbox 2028 4968 3589 5040">
     <span class='ocr_line' id='line_1_104' title="bbox 2028 4968 3589 5040; baseline -0.002 -15"><span class='ocrx_word' id='word_1_705' title='bbox 2028 4970 2241 5040; x_wconf 87' lang='lat' dir='ltr'><strong>imperii</strong></span> <span class='ocrx_word' id='word_1_706' title='bbox 2290 4969 2733 5026; x_wconf 88' lang='lat' dir='ltr'><strong>communionem</strong></span> <span class='ocrx_word' id='word_1_707' title='bbox 2764 4986 2832 5026; x_wconf 77' lang='lat' dir='ltr'><strong>ex</strong></span> <span class='ocrx_word' id='word_1_708' title='bbox 2863 4984 2962 5025; x_wconf 90' lang='lat' dir='ltr'><strong>usu</strong></span> <span class='ocrx_word' id='word_1_709' title='bbox 2990 4970 3307 5040; x_wconf 65' lang='lat' dir='ltr'><strong>reipublicae</strong></span> <span class='ocrx_word' id='word_1_710' title='bbox 3350 4968 3589 5025; x_wconf 84' lang='lat' dir='ltr'><strong>futuram</strong></span> 
     </span>
    </p>
   </div>
   <div class='ocr_carea' id='block_1_105' title="bbox 2029 5060 3589 5132">
    <p class='ocr_par' dir='ltr' id='par_1_105' title="bbox 2029 5060 3589 5132">
     <span class='ocr_line' id='line_1_105' title="bbox 2029 5060 3589 5132; baseline -0.003 -15"><span class='ocrx_word' id='word_1_711' title='bbox 2029 5078 2186 5132; x_wconf 60' lang='lat' dir='ltr'><strong>inquo</strong></span> <span class='ocrx_word' id='word_1_712' title='bbox 2216 5062 2398 5116; x_wconf 87' lang='lat' dir='ltr'><strong>animo</strong></span> <span class='ocrx_word' id='word_1_713' title='bbox 2422 5069 2738 5131; x_wconf 84' lang='lat' dir='ltr'><strong>pateretur:</strong></span> <span class='ocrx_word' id='word_1_714' title='bbox 2761 5060 3027 5132; x_wconf 90' lang='lat' dir='ltr'><strong>polliceri,</strong></span> <span class='ocrx_word' id='word_1_715' title='bbox 3054 5075 3112 5117; x_wconf 90' lang='lat' dir='ltr'><strong>se</strong></span> <span class='ocrx_word' id='word_1_716' title='bbox 3140 5075 3395 5116; x_wconf 75' lang='lat' dir='ltr'><strong>cursores</strong></span> <span class='ocrx_word' id='word_1_717' title='bbox 3417 5074 3589 5129; x_wconf 90' lang='lat' dir='ltr'><strong>equos</strong></span> 
     </span>
    </p>
   </div>
   <div class='ocr_carea' id='block_1_106' title="bbox 1545 5200 2393 5263">
    <p class='ocr_par' dir='ltr' id='par_1_106' title="bbox 1545 5200 2393 5263">
     <span class='ocr_line' id='line_1_106' title="bbox 1545 5200 2393 5263; baseline 0.001 -2"><span class='ocrx_word' id='word_1_718' title='bbox 1545 5202 1741 5263; x_wconf 58' lang='lat' dir='ltr'><strong>Varia;</strong></span> <span class='ocrx_word' id='word_1_719' title='bbox 1770 5200 2077 5263; x_wconf 84' lang='lat' dir='ltr'><strong>lectiones</strong></span> <span class='ocrx_word' id='word_1_720' title='bbox 2104 5203 2166 5261; x_wconf 87' lang='lat' dir='ltr'><strong>et</strong></span> <span class='ocrx_word' id='word_1_721' title='bbox 2204 5205 2393 5262; x_wconf 69' lang='lat' dir='ltr'><strong>notae.</strong></span> 
     </span>
    </p>
   </div>
   <div class='ocr_carea' id='block_1_107' title="bbox 426 5316 1904 5392">
    <p class='ocr_par' dir='ltr' id='par_1_107' title="bbox 426 5316 1904 5392">
     <span class='ocr_line' id='line_1_107' title="bbox 426 5316 1904 5392; baseline 0.005 -20"><span class='ocrx_word' id='word_1_722' title='bbox 426 5316 543 5392; x_wconf 66' lang='lat'><strong>(50)</strong></span> <span class='ocrx_word' id='word_1_723' title='bbox 597 5320 888 5392; x_wconf 58' lang='grc' dir='ltr'><strong>Ερσεδίῳ.</strong></span> <span class='ocrx_word' id='word_1_724' title='bbox 944 5319 1063 5376; x_wconf 84' lang='lat' dir='ltr'><strong>lluc</strong></span> <span class='ocrx_word' id='word_1_725' title='bbox 1100 5330 1348 5392; x_wconf 87' lang='lat' dir='ltr'><strong>spectant</strong></span> <span class='ocrx_word' id='word_1_726' title='bbox 1377 5338 1497 5392; x_wconf 65' lang='lat' dir='ltr'><strong>quas</strong></span> <span class='ocrx_word' id='word_1_727' title='bbox 1520 5325 1687 5380; x_wconf 82' lang='lat' dir='ltr'><strong>habet</strong></span> <span class='ocrx_word' id='word_1_728' title='bbox 1716 5325 1904 5380; x_wconf 82' lang='lat' dir='ltr'><strong>Euna-</strong></span> 
     </span>
    </p>
   </div>
   <div class='ocr_carea' id='block_1_108' title="bbox 347 5386 1912 5462">
    <p class='ocr_par' dir='ltr' id='par_1_108' title="bbox 347 5386 1912 5462">
     <span class='ocr_line' id='line_1_108' title="bbox 347 5386 1912 5462; baseline 0.005 -23"><span class='ocrx_word' id='word_1_729' title='bbox 347 5386 483 5462; x_wconf 60' lang='lat' dir='ltr'><strong>pius</strong></span> <span class='ocrx_word' id='word_1_730' title='bbox 532 5388 584 5442; x_wconf 90' lang='lat' dir='ltr'><strong>in</strong></span> <span class='ocrx_word' id='word_1_731' title='bbox 642 5390 1092 5462; x_wconf 13' lang='lat' dir='ltr'><strong>MaximoziKet</strong></span> <span class='ocrx_word' id='word_1_732' title='bbox 1129 5386 1474 5461; x_wconf 74' lang='grc' dir='ltr'><strong>’ψιλωθέντος</strong></span> <span class='ocrx_word' id='word_1_733' title='bbox 1546 5393 1641 5446; x_wconf 83' lang='grc' dir='ltr'><strong>τοῦ</strong></span> <span class='ocrx_word' id='word_1_734' title='bbox 1703 5395 1912 5462; x_wconf 83' lang='grc' dir='ltr'><strong>γένους,</strong></span> 
     </span>
    </p>
   </div>
   <div class='ocr_carea' id='block_1_109' title="bbox 353 5454 1913 5534">
    <p class='ocr_par' dir='ltr' id='par_1_109' title="bbox 353 5454 1913 5534">
     <span class='ocr_line' id='line_1_109' title="bbox 353 5454 1913 5534; baseline 0.004 -24"><span class='ocrx_word' id='word_1_735' title='bbox 353 5454 751 5534; x_wconf 49' lang='lat' dir='ltr'><strong>{Constantini</strong></span> <span class='ocrx_word' id='word_1_736' title='bbox 812 5460 906 5529; x_wconf 78' lang='grc' dir='ltr'><strong>Μ.)</strong></span> <span class='ocrx_word' id='word_1_737' title='bbox 946 5454 1231 5534; x_wconf 70' lang='grc' dir='ltr'><strong>Ἰουλιανὸς</strong></span> <span class='ocrx_word' id='word_1_738' title='bbox 1261 5531 1269 5534; x_wconf 81' lang='lat'><strong><em>_</em></strong></span> <span class='ocrx_word' id='word_1_739' title='bbox 1298 5454 1654 5534; x_wconf 76' lang='grc' dir='ltr'><strong>περιελείφθη</strong></span> <span class='ocrx_word' id='word_1_740' title='bbox 1714 5454 1913 5534; x_wconf 70' lang='grc' dir='ltr'><strong>’μόνοᾷ</strong></span> 
     </span>
    </p>
   </div>
   <div class='ocr_carea' id='block_1_110' title="bbox 348 5527 1915 5603">
    <p class='ocr_par' dir='ltr' id='par_1_110' title="bbox 348 5527 1915 5603">
     <span class='ocr_line' id='line_1_110' title="bbox 348 5527 1915 5603; baseline 0.008 -29"><span class='ocrx_word' id='word_1_741' title='bbox 348 5527 420 5603; x_wconf 64' lang='grc' dir='ltr'><strong>ξι*</strong></span> <span class='ocrx_word' id='word_1_742' title='bbox 443 5527 670 5603; x_wconf 59' lang='grc' dir='ltr'><strong>ᾑλικίαν</strong></span> <span class='ocrx_word' id='word_1_743' title='bbox 700 5527 1135 5603; x_wconf 70' lang='grc' dir='ltr'><strong>περιφρονηθεὶς,</strong></span> <span class='ocrx_word' id='word_1_744' title='bbox 1188 5531 1282 5603; x_wconf 74' lang='grc' dir='ltr'><strong>καὶ</strong></span> <span class='ocrx_word' id='word_1_745' title='bbox 1325 5527 1915 5603; x_wconf 68' lang='grc' dir='ltr'><strong>πραότητα”εύνοῦχοι</strong></span> 
     </span>
    </p>
   </div>
   <div class='ocr_carea' id='block_1_111' title="bbox 348 5596 1911 5669">
    <p class='ocr_par' dir='ltr' id='par_1_111' title="bbox 348 5596 1911 5669">
     <span class='ocr_line' id='line_1_111' title="bbox 348 5596 1911 5669; baseline 0.003 -20"><span class='ocrx_word' id='word_1_746' title='bbox 348 5596 408 5669; x_wconf 65' lang='grc' dir='ltr'><strong>δὲ</strong></span> <span class='ocrx_word' id='word_1_747' title='bbox 439 5596 589 5669; x_wconf 82' lang='grc' dir='ltr'><strong>ὅμως</strong></span> <span class='ocrx_word' id='word_1_748' title='bbox 611 5596 1177 5669; x_wconf 53' lang='grc' dir='ltr'><strong>αύτὸνξάμφεπόλευον</strong></span> <span class='ocrx_word' id='word_1_749' title='bbox 1210 5596 1503 5668; x_wconf 73' lang='grc' dir='ltr'><strong>βασιλικοὶ,</strong></span> <span class='ocrx_word' id='word_1_750' title='bbox 1524 5596 1634 5654; x_wconf 70' lang='grc' dir='ltr'><strong>’καὶ</strong></span> <span class='ocrx_word' id='word_1_751' title='bbox 1654 5596 1911 5669; x_wconf 56' lang='lat' dir='ltr'><strong>rapacio—</strong></span> 
     </span>
    </p>
   </div>
   <div class='ocr_carea' id='block_1_112' title="bbox 353 5663 1911 5741">
    <p class='ocr_par' dir='ltr' id='par_1_112' title="bbox 353 5663 1911 5741">
     <span class='ocr_line' id='line_1_112' title="bbox 353 5663 1911 5741; baseline 0.006 -25"><span class='ocrx_word' id='word_1_752' title='bbox 353 5663 700 5741; x_wconf 39' lang='lat' dir='ltr'><strong>itaaeaiﬁ‘tvs;</strong></span> <span class='ocrx_word' id='word_1_753' title='bbox 740 5663 925 5741; x_wconf 44' lang='lat' dir='ltr'><strong>ﬁcii,</strong></span> <span class='ocrx_word' id='word_1_754' title='bbox 975 5670 1121 5741; x_wconf 83' lang='grc' dir='ltr'><strong>ὅπως</strong></span> <span class='ocrx_word' id='word_1_755' title='bbox 1167 5663 1622 5741; x_wconf 26' lang='grc' dir='ltr'><strong>είηῌΧριστιανδς</strong></span> <span class='ocrx_word' id='word_1_756' title='bbox 1676 5663 1911 5741; x_wconf 63' lang='grc' dir='ltr'><strong>βεδαίός.</strong></span> 
     </span>
    </p>
   </div>
   <div class='ocr_carea' id='block_1_113' title="bbox 428 5734 1906 5812">
    <p class='ocr_par' dir='ltr' id='par_1_113' title="bbox 428 5734 1906 5812">
     <span class='ocr_line' id='line_1_113' title="bbox 428 5734 1906 5812; baseline 0.004 -23"><span class='ocrx_word' id='word_1_757' title='bbox 428 5734 540 5802; x_wconf 76' lang='lat' dir='ltr'><strong>(5i)</strong></span> <span class='ocrx_word' id='word_1_758' title='bbox 579 5737 684 5812; x_wconf 66' lang='grc' dir='ltr'><strong>Καὶ</strong></span> <span class='ocrx_word' id='word_1_759' title='bbox 722 5734 915 5812; x_wconf 63' lang='grc' dir='ltr'><strong>ἄγξαθῇ</strong></span> <span class='ocrx_word' id='word_1_760' title='bbox 936 5807 946 5812; x_wconf 84' lang='lat'>_</span> <span class='ocrx_word' id='word_1_761' title='bbox 971 5739 1150 5805; x_wconf 82' lang='grc' dir='ltr'><strong>τύχῃ.</strong></span> <span class='ocrx_word' id='word_1_762' title='bbox 1179 5734 1383 5812; x_wconf 57' lang='lat' dir='ltr'><strong>Julian]</strong></span> <span class='ocrx_word' id='word_1_763' title='bbox 1415 5734 1733 5812; x_wconf 79' lang='lat' dir='ltr'><strong>felicitatem</strong></span> <span class='ocrx_word' id='word_1_764' title='bbox 1767 5757 1906 5812; x_wconf 65' lang='lat' dir='ltr'><strong>prae-</strong></span> 
     </span>
    </p>
   </div>
   <div class='ocr_carea' id='block_1_114' title="bbox 353 5805 1911 5880">
    <p class='ocr_par' dir='ltr' id='par_1_114' title="bbox 353 5805 1911 5880">
     <span class='ocr_line' id='line_1_114' title="bbox 353 5805 1911 5880; baseline 0.004 -21"><span class='ocrx_word' id='word_1_765' title='bbox 353 5805 501 5860; x_wconf 84' lang='lat' dir='ltr'><strong>dicat</strong></span> <span class='ocrx_word' id='word_1_766' title='bbox 553 5807 718 5860; x_wconf 89' lang='lat' dir='ltr'><strong>etiam</strong></span> <span class='ocrx_word' id='word_1_767' title='bbox 772 5807 1114 5877; x_wconf 83' lang='lat' dir='ltr'><strong>Ammianus,</strong></span> <span class='ocrx_word' id='word_1_768' title='bbox 1164 5825 1219 5880; x_wconf 93' lang='lat' dir='ltr'><strong>p.</strong></span> <span class='ocrx_word' id='word_1_769' title='bbox 1274 5809 1432 5865; x_wconf 76' lang='lat'><strong>295:</strong></span> <span class='ocrx_word' id='word_1_770' title='bbox 1506 5805 1783 5865; x_wconf 65' lang='lat' dir='ltr'><strong>Felicitas&#39;</strong></span> <span class='ocrx_word' id='word_1_771' title='bbox 1837 5813 1911 5865; x_wconf 81' lang='lat' dir='ltr'><strong>ita</strong></span> 
     </span>
    </p>
   </div>
   <div class='ocr_carea' id='block_1_115' title="bbox 2013 5316 3580 5397">
    <p class='ocr_par' dir='ltr' id='par_1_115' title="bbox 2013 5316 3580 5397">
     <span class='ocr_line' id='line_1_115' title="bbox 2013 5316 3580 5397; baseline -0.008 -19"><span class='ocrx_word' id='word_1_772' title='bbox 2013 5324 2343 5397; x_wconf 71' lang='lat' dir='ltr'><strong>eminuit,_ttt</strong></span> <span class='ocrx_word' id='word_1_773' title='bbox 2390 5324 2515 5393; x_wconf 79' lang='lat' dir='ltr'><strong>ipsis</strong></span> <span class='ocrx_word' id='word_1_774' title='bbox 2574 5320 2960 5397; x_wconf 69' lang='lat' dir='ltr'><strong>quodammodo</strong></span> <span class='ocrx_word' id='word_1_775' title='bbox 3016 5318 3300 5374; x_wconf 76' lang='lat' dir='ltr'><strong>cervicibus</strong></span> <span class='ocrx_word' id='word_1_776' title='bbox 3333 5316 3580 5397; x_wconf 60' lang='lat' dir='ltr'><strong>fortuna:</strong></span> 
     </span>
    </p>
   </div>
   <div class='ocr_carea' id='block_1_116' title="bbox 2011 5393 3581 5463">
    <p class='ocr_par' dir='ltr' id='par_1_116' title="bbox 2011 5393 3581 5463">
     <span class='ocr_line' id='line_1_116' title="bbox 2011 5393 3581 5463; baseline -0.006 -15"><span class='ocrx_word' id='word_1_777' title='bbox 2011 5394 2325 5463; x_wconf 82' lang='lat' dir='ltr'><strong>aliquandiu</strong></span> <span class='ocrx_word' id='word_1_778' title='bbox 2377 5397 2525 5447; x_wconf 80' lang='lat' dir='ltr'><strong>bona:</strong></span> <span class='ocrx_word' id='word_1_779' title='bbox 2570 5393 2966 5463; x_wconf 72' lang='lat' dir='ltr'><strong>gubernatricis</strong></span> <span class='ocrx_word' id='word_1_780' title='bbox 3013 5397 3237 5450; x_wconf 75' lang='lat' dir='ltr'><strong>evectus,</strong></span> <span class='ocrx_word' id='word_1_781' title='bbox 3293 5393 3581 5439; x_wconf 74' lang='lat' dir='ltr'><strong>victoriosis</strong></span> 
     </span>
    </p>
   </div>
   <div class='ocr_carea' id='block_1_117' title="bbox 2010 5461 3255 5531">
    <p class='ocr_par' dir='ltr' id='par_1_117' title="bbox 2010 5461 3255 5531">
     <span class='ocr_line' id='line_1_117' title="bbox 2010 5461 3255 5531; baseline -0.006 -16"><span class='ocrx_word' id='word_1_782' title='bbox 2010 5461 2243 5517; x_wconf 73' lang='lat' dir='ltr'><strong>cursibus</strong></span> <span class='ocrx_word' id='word_1_783' title='bbox 2273 5462 2601 5531; x_wconf 72' lang='lat' dir='ltr'><strong>difﬁcultates</strong></span> <span class='ocrx_word' id='word_1_784' title='bbox 2632 5469 2921 5531; x_wconf 57' lang='lat' dir='ltr'><strong>superaret</strong></span> <span class='ocrx_word' id='word_1_785' title='bbox 2950 5461 3255 5531; x_wconf 71' lang='lat' dir='ltr'><strong>immensas.</strong></span> 
     </span>
    </p>
   </div>
   <div class='ocr_carea' id='block_1_118' title="bbox 2084 5522 3574 5600">
    <p class='ocr_par' dir='ltr' id='par_1_118' title="bbox 2084 5522 3574 5600">
     <span class='ocr_line' id='line_1_118' title="bbox 2084 5522 3574 5600; baseline -0.005 -14"><span class='ocrx_word' id='word_1_786' title='bbox 2084 5533 2199 5599; x_wconf 73' lang='lat'><strong>(52)</strong></span> <span class='ocrx_word' id='word_1_787' title='bbox 2253 5522 2645 5600; x_wconf 59' lang='lat' dir='ltr'><strong>errovpérou</strong></span> <span class='ocrx_word' id='word_1_788' title='bbox 2670 5522 2759 5600; x_wconf 55' lang='lat' dir='ltr'><strong>de</strong></span> <span class='ocrx_word' id='word_1_789' title='bbox 2797 5528 3182 5600; x_wconf 78' lang='grc' dir='ltr'><strong>διαδήματος.</strong></span> <span class='ocrx_word' id='word_1_790' title='bbox 3216 5524 3295 5600; x_wconf 69' lang='lat' dir='ltr'><strong>Ita</strong></span> <span class='ocrx_word' id='word_1_791' title='bbox 3332 5522 3574 5600; x_wconf 38' lang='lat' dir='ltr'><strong>blame]-</strong></span> 
     </span>
    </p>
   </div>
   <div class='ocr_carea' id='block_1_119' title="bbox 2012 5592 3574 5670">
    <p class='ocr_par' dir='ltr' id='par_1_119' title="bbox 2012 5592 3574 5670">
     <span class='ocr_line' id='line_1_119' title="bbox 2012 5592 3574 5670; baseline -0.003 -16"><span class='ocrx_word' id='word_1_792' title='bbox 2012 5592 2193 5666; x_wconf 56' lang='lat' dir='ltr'><strong>linus,</strong></span> <span class='ocrx_word' id='word_1_793' title='bbox 2220 5592 2335 5656; x_wconf 44' lang='lat' dir='ltr'><strong>lib:</strong></span> <span class='ocrx_word' id='word_1_794' title='bbox 2360 5592 2537 5670; x_wconf 48' lang='lat' dir='ltr'><strong>xxfp.</strong></span> <span class='ocrx_word' id='word_1_795' title='bbox 2587 5598 2710 5670; x_wconf 67' lang='grc'><strong>160,</strong></span> <span class='ocrx_word' id='word_1_796' title='bbox 2750 5600 2772 5651; x_wconf 80' lang='grc'><strong>1</strong></span> <span class='ocrx_word' id='word_1_797' title='bbox 2806 5592 3463 5670; x_wconf 43' lang='grc' dir='ltr'><strong>οάίιξρεωιετηιυιξσῃ.</strong></span> <span class='ocrx_word' id='word_1_798' title='bbox 3517 5595 3574 5649; x_wconf 93' lang='lat' dir='ltr'><strong>in</strong></span> 
     </span>
    </p>
   </div>
   <div class='ocr_carea' id='block_1_120' title="bbox 2012 5662 3461 5741">
    <p class='ocr_par' dir='ltr' id='par_1_120' title="bbox 2012 5662 3461 5741">
     <span class='ocr_line' id='line_1_120' title="bbox 2012 5662 3461 5741; baseline -0.006 -18"><span class='ocrx_word' id='word_1_799' title='bbox 2012 5662 2186 5741; x_wconf 66' lang='lat' dir='ltr'><strong>Epist.</strong></span> <span class='ocrx_word' id='word_1_800' title='bbox 2219 5670 2285 5725; x_wconf 89' lang='lat' dir='ltr'><strong>ad</strong></span> <span class='ocrx_word' id='word_1_801' title='bbox 2311 5662 2518 5741; x_wconf 59' lang='lat' dir='ltr'><strong>Athen&#39;.</strong></span> <span class='ocrx_word' id='word_1_802' title='bbox 2549 5678 2606 5724; x_wconf 91' lang='lat' dir='ltr'><strong>et</strong></span> <span class='ocrx_word' id='word_1_803' title='bbox 2629 5668 2921 5741; x_wconf 85' lang='lat' dir='ltr'><strong>Libanium</strong></span> <span class='ocrx_word' id='word_1_804' title='bbox 2953 5662 3032 5741; x_wconf 55' lang='lat' dir='ltr'><strong>in;</strong></span> <span class='ocrx_word' id='word_1_805' title='bbox 3038 5663 3190 5719; x_wconf 90' lang='lat' dir='ltr'><strong>Orat.</strong></span> <span class='ocrx_word' id='word_1_806' title='bbox 3218 5662 3461 5741; x_wconf 80' lang='lat' dir='ltr'><strong>funebri.</strong></span> 
     </span>
    </p>
   </div>
   <div class='ocr_carea' id='block_1_121' title="bbox 2082 5732 3580 5810">
    <p class='ocr_par' dir='ltr' id='par_1_121' title="bbox 2082 5732 3580 5810">
     <span class='ocr_line' id='line_1_121' title="bbox 2082 5732 3580 5810; baseline -0.005 -16"><span class='ocrx_word' id='word_1_807' title='bbox 2082 5739 2198 5810; x_wconf 81' lang='grc'>(55)</span> <span class='ocrx_word' id='word_1_808' title='bbox 2256 5740 2531 5810; x_wconf 63' lang='grc' dir='ltr'><strong>Χρύσεως</strong></span> <span class='ocrx_word' id='word_1_809' title='bbox 2606 5737 2927 5810; x_wconf 61' lang='grc' dir='ltr'><strong>στρεπτρκ.</strong></span> <span class='ocrx_word' id='word_1_810' title='bbox 2993 5733 3155 5790; x_wconf 84' lang='lat' dir='ltr'><strong>Certe</strong></span> <span class='ocrx_word' id='word_1_811' title='bbox 3201 5734 3426 5810; x_wconf 81' lang='lat' dir='ltr'><strong>t_orq_t_tis_</strong></span> <span class='ocrx_word' id='word_1_812' title='bbox 3488 5732 3580 5787; x_wconf 74' lang='lat' dir='ltr'><strong>ille</strong></span> 
     </span>
    </p>
   </div>
   <div class='ocr_carea' id='block_1_122' title="bbox 2013 5801 3579 5878">
    <p class='ocr_par' dir='ltr' id='par_1_122' title="bbox 2013 5801 3579 5878">
     <span class='ocr_line' id='line_1_122' title="bbox 2013 5801 3579 5878; baseline -0.002 -14"><span class='ocrx_word' id='word_1_813' title='bbox 2013 5801 2233 5877; x_wconf 72' lang='lat' dir='ltr'><strong>aureus,</strong></span> <span class='ocrx_word' id='word_1_814' title='bbox 2288 5801 2470 5873; x_wconf 72' lang='grc' dir='ltr'><strong>λίθους</strong></span> <span class='ocrx_word' id='word_1_815' title='bbox 2508 5806 2647 5878; x_wconf 71' lang='grc' dir='ltr'><strong>ἔχων</strong></span> <span class='ocrx_word' id='word_1_816' title='bbox 2668 5801 3042 5876; x_wconf 71' lang='grc' dir='ltr'><strong>χρυσοδέτους,</strong></span> <span class='ocrx_word' id='word_1_817' title='bbox 3076 5803 3255 5877; x_wconf 84' lang='lat' dir='ltr'><strong>potuit</strong></span> <span class='ocrx_word' id='word_1_818' title='bbox 3303 5801 3579 5870; x_wconf 76' lang='lat' dir='ltr'><strong>diadema.</strong></span> 
     </span>
    </p>
   </div>
  </div>
