3938 6208
324 273 331 280 ’
359 265 497 330 1169
1581 274 1930 335 ANNALIU.

2034 275 2169 333 LIB.
2218 278 2395 338 XIII.

3454 285 3590 352 1170

353 374 657 445 ἱστόρηται.
682 374 830 462 ᾲέΟτε
879 375 936 430 δὲ
963 378 992 431 ό
1037 378 1481 444 Οὐαλεντινιανδς
1545 380 1916 453 ἐτελεύτησεν,

2034 392 2262 449 paterna:
2282 403 2393 441 non
2414 387 2933 462 adesset,juniorem
2965 395 3127 450 etiam
3150 396 3589 458 Valentinianum

349 467 411 519 οὐ
438 466 622 534 παρῆν
645 460 802 531 οὗτος
831 468 924 521 ἐπὶ
971 470 1048 539 τῷ
1083 469 1298 542 θανάτῳ
1322 471 1402 541 τῷ
1432 471 1524 526 τοῦ
1580 473 1806 543 πατρός.
1850 473 1917 525 Ἢ

2034 477 2411 546 imperatorem
2444 460 2704 537 salutavit
2723 484 3020 545 exercitus.
3041 488 3389 556 quadrimum
3413 493 3592 547 adhuc

350 556 482 624 γοῦν
513 559 740 626 στρατιά
772 560 1077 629 τηνικαῦτα
1138 562 1234 615 καί⁵
1264 562 1357 615 τὸν
1384 564 1501 618 νέον
1530 562 1920 618 Οὐαλεντινια-

350 647 440 699 νον
481 646 702 715 βασιλέα
726 649 913 702 ἀνεῖπε
943 653 1205 723 τετραέτη
1226 654 1350 706 τότε
1392 655 1750 723 τυγχάνοντα.
1794 654 1922 707 Ἐπε-

350 739 590 793 ανε).θὼν
621 739 671 794 δ’
704 742 769 792 ἐκ
803 739 903 811 τῆς
940 742 1245 813 ἀποδημίας
1267 745 1295 798 ό
1324 745 1621 815 Γρατιανδς
1648 746 1772 808 τοὺς
1825 745 1923 814 μὲν

354 830 695 900 στρατιώτας
716 831 963 899 ὲκάκισε,
1000 835 1095 888 καί
1126 852 1280 899 τινας
1321 837 1501 890 αὐτῶν
1525 837 1621 890 καὶ
1650 836 1924 900 ἐκάκωσε,

353 924 590 985 κολάσας
619 926 747 987 τούς
780 924 880 992 τῆς
902 924 996 979 τοῦ
1035 926 1267 996 ἀδελφοῦ
1312 930 1705 998 πρωτουργοὺς
1751 930 1923 1002 ἀναῤ-

352 1013 589 1081 ῥήσεως,
639 1014 716 1077 ὡς
771 1014 905 1085 ἄτερ
954 1015 1179 1086 γνώμης
1237 1017 1402 1071 αὐτοῦ
1445 1018 1708 1088 βασιλέως
1771 1020 1925 1086 ϐντος

353 1103 515 1155 ἀλλον
535 1104 1031 1175 ἀναγορεύσαντας.
1058 1106 1177 1162 -Τδν
1222 1108 1280 1161 δὲ
1309 1109 1538 1178 ἀδελφὺν
1583 1109 1748 1165 αὐτοῦ
1797 1129 1924 1166 συν-

354 1195 546 1264 άρχειν
612 1194 675 1248 οὐ
708 1197 1103 1268 παρῃτήσατο,
1143 1198 1279 1254 ἀλλά
1304 1201 1563 1255 κοινωνὸν
1617 1202 1717 1272 τῆς
1767 1202 1924 1272 βασι-ι

354 1284 507 1349 λείας
540 1288 881 1357 προσείλετο.
942 1284 1113 1355 Οὗτος
1162 1292 1192 1344 ό
1264 1292 1520 1362 βασιλεὺς
1565 1295 1658 1348 τὸν
1712 1296 1924 1367 πατέρα

355 1378 631 1449 ἐζήλωσεν
659 1382 741 1445 είς
766 1382 1070 1438 εὐσέϐειαν.
1101 1384 1266 1438 Ὅθεν
1290 1384 1383 1438 καὶ
1402 1384 1481 1454 τῷ
1510 1384 1638 1453 θείῳ
1663 1386 1924 1441 Οὐάλεντι

356 1472 675 1541 συμμαχίαν
704 1474 990 1545 αίτήσαντί
1019 1492 1151 1529 ποτε
1190 1476 1332 1529 κατά
1387 1476 1609 1531 Σκυθῶν
1661 1477 1722 1543 ἐξ
1757 1479 1924 1533 αὐτοῦ

236 1588 254 1601 ο
352 1564 418 1617 οὐ
450 1565 772 1635 παρέσχετο.
796 1567 1016 1638 γράψας
1040 1568 1212 1637 αὐτῷ,
1265 1569 1341 1633 ὡς
1364 1572 1446 1624 Οὐ
1475 1569 1573 1623 δεῖ
1609 1569 1690 1636 τῷ
1736 1570 1926 1641 ἐχθρῷ

354 1656 464 1710 τοῦ
497 1657 642 1712 Θεοῦ
691 1660 1053 1728 συμμαχεῖν.
1114 1661 1239 1722 Τοίς
1275 1660 1329 1723 δ’,
1368 1660 1665 1726 ἐξελαθετσι
1703 1665 1925 1735 ποιμέσι

358 1749 473 1801 τῶν
491 1749 707 1804 οἰκείων
736 1725 1043 1822 ἐκκλησιῶν
1070 1752 1156 1806 διὰ
1182 1751 1453 1821 δόγματος
1494 1754 1666 1822 ἐφῆκε
1717 1725 1817 1826 τὴν
1844 1758 1927 1821 είς
1957 1725 2001 1782 Β

360 1840 534 1904 αὐτάς
568 1839 952 1911 ὑπονόστησιν.
1017 1843 1139 1898 Τῶν
1166 1843 1389 1899 Σκυθῶν
1412 1846 1469 1899 δὲ
1499 1846 1610 1916 (41)
1641 1848 1779 1917 μετά
1827 1849 1928 1919 τήν

355 1930 453 1983 τοῦ
482 1931 777 1995 Οὐάλεντος
797 1927 968 2003 ἧτταν
989 1933 1405 2004 ὲξογκωθέντων
1432 1935 1493 1990 τδ
1524 1939 1802 2008 φρόνημα,
1832 1939 1930 1993 καὶ

356 2024 458 2089 τήν
481 2022 786 2094 τεθρᾴκην
814 2023 1173 2095 ληϊζομένων,
1205 2026 1301 2079 καὶ
1324 2027 1393 2079 τά
1438 2027 1567 2098 περὶ
1598 2028 1792 2098 αὐτὴν,
1833 2028 1929 2083 καὶ

360 2113 683 2168 ἀκαθέκτων
710 2114 899 2181 ὄντων,
934 2116 1021 2169 τὸν
1086 2116 1146 2182 ἐξ
1205 2115 1480 2181 Ἱσπανίας
1529 2119 1931 2188 μετεκαλέσατο

358 2204 639 2260 Θεοδόσιον
694 2207 749 2277 (ἠ
810 2207 866 2260 δὲ
929 2207 1185 2261 Ἰσπανία
1242 2208 1358 2279 (43)
1424 2208 1526 2279 τῆς
1599 2209 1930 2282 Εὐρωπαίας

371 2291 613 2363 Ἰϐηρίας
679 2295 797 2349 tati.
846 2295 1001 2360 πόλις
1044 2297 1078 2367 ή
1105 2296 1486 2368 διαφορωτάτη
1525 2298 1633 2352 τῶν
1657 2300 1717 2352 ὲν
1768 2298 1932 2369 αὐτῇ)

360 2387 533 2457 ἀνδρα
563 2389 943 2456 γενναιότατόν
987 2406 1047 2442 τε
1098 2390 1193 2444 καὶ
1249 2390 1665 2446 εὐσεϐέστατον.
1728 2392 1934 2447 Τοῦτον

359 2478 457 2534 οὖν
487 2481 967 2552 προχειρισάμενος
992 2482 1297 2554 στρατηγὸν
1324 2487 1462 2553 μετά
1488 2485 1748 2554 στρατιᾶς
1787 2486 1929 2540 κατά

360 2575 474 2627 τῶν
512 2574 818 2646 Βαρϐάρων
847 2576 1201 2646 ἐκπέπομφεν
1227 2592 1242 2607 ·
1300 2577 1361 2640 δς
1411 2576 1704 2644 συμϐαλὼν
1746 2578 1933 2645 αὐτοῖς

361 2666 459 2719 καὶ
487 2666 715 2735 νικήσας
743 2664 1001 2735 τρόπαιον
1022 2666 1215 2737 ἤρατο,
1249 2666 1489 2737 πλήθους
1519 2668 1617 2737 μὲν
1647 2668 1922 2724 Σκυθικοῦ

360 2756 809 2826 κατασφαγέντος
838 2757 896 2808 ὲν
916 2756 997 2827 τῷ
1018 2757 1239 2830 πολέμῳ
1266 2758 1489 2827 πολλοῦ,
1512 2759 1622 2815 τῶν
1643 2760 1701 2814 δὲ
1727 2760 1931 2816 λοιπῶν

358 2850 445 2912 εἰς
474 2847 652 2918 φυγήν
679 2848 1019 2917 τραπέντων,
1052 2853 1146 2904 καὶ
1172 2850 1283 2903 τῶν
1307 2852 1410 2922 μὶν
1447 2843 1840 2923 ἀπολλυμένων
1872 2856 1932 2909 έν

359 2942 442 3013 τῷ
477 2941 1016 3013 καταλαμϐάνεσθαι,
1052 2943 1161 2996 τῶν
1189 2943 1235 2997 δ’
1263 2945 1358 2999 ὐπ’
1386 2945 1634 3017 ἀλλήλων
1699 2945 1934 3015 διαφθα-

363 3035 573 3105 ρέντων
605 3037 664 3088 ἐν
720 3037 787 3106 τῇ
843 3038 1014 3107 φυγῇ.
1065 3035 1294 3090 Πάντων
1345 3038 1528 3091 τοίνυν
1578 3043 1766 3108 σχεδὸν
1822 3040 1934 3093 τῶν

364 3127 672 3198 Βαρϐάρων
713 3127 943 3181 ἐκείνων
977 3127 1337 3182 ἀπολωλότων
1363 3127 1476 3200 ιτὴν
1525 3130 1785 3199 στρατιὰν
1821 3130 1940 3186 ὲκεϊ

361 3219 697 3289 καταλείψας
718 3221 747 3272 ό
780 3218 1061 3282 Θεοδόσιος
1091 3219 1256 3283 αὐτὸς
1301 3219 1441 3291 πρὸς
1487 3220 1580 3274 τὸν
1642 3221 1939 3291 Γρατιανδν

358 3312 461 3381 τῆς
484 3311 642 3382 νίκης
662 3304 799 3384 ἧκεν
823 3311 1155 3379 αὐτάγγελος
1183 3313 1240 3364 ὲν
1262 3312 1492 3384 Παιονίᾳ
1519 3312 1641 3366 τότε
1659 3313 1935 3381 διάγοντα.

374 3400 672 3468 Ἀπαγγείλ
683 3417 747 3463 ας
773 3400 830 3454 δὲ
857 3401 960 3470 τὴν
986 3400 1146 3471 νίκην
1169 3400 1250 3470 τῷ
1278 3399 1510 3470 βασιλεῖ,
1553 3401 1646 3455 καὶ
1688 3401 1785 3453 τὸν
1829 3400 1938 3454 τῶν

354 3480 659 3563 Βαρϐάρων
706 3493 1199 3563 εὐαγγελισάμενος
1241 3492 1485 3563 ὄλεθρον,
1534 3494 1821 3563 ήπιστείτο
1847 3493 1941 3548 διά

360 3600 427 3638 τε
460 3585 523 3637 τδ
551 3584 646 3639 τοῦ
701 3584 867 3655 ἔργου
917 3586 1051 3657 ταχὺ
1113 3586 1208 3638 καὶ
1261 3584 1320 3638 τὸ
1364 3584 1789 3655 δυσμαχώτατον
1828 3585 1939 3640 τῶν

365 3676 613 3731 Σκυθῶν.
647 3678 802 3731 Ἐπεὶ
829 3676 876 3730 δ’
906 3676 1049 3745 εγνω
1072 3675 1134 3729 τὸ
1156 3675 1380 3744 ἀληθὲς,
1409 3676 1503 3730 καὶ
1521 3677 1619 3744 τὴν
1646 3676 1752 3729 τῶν
1793 3677 1938 3747 Βαρ-

364 3767 550 3834 ϐάρων
594 3768 802 3839 φθοράν
830 3769 861 3822 ό
903 3767 1263 3840 αὐτοκράτωρ
1314 3765 1793 3838 πεπληροφόρητο,
1843 3767 1938 3820 καὶ

363 3859 648 3929 ἐθαύμασε
676 3859 767 3913 τὸν
795 3860 967 3934 ἀνδρα
980 3862 1081 3932 τῆς
1108 3877 1167 3914 τε
1194 3860 1493 3931 ταχυτῆτος
1532 3860 1629 3914 καὶ
1684 3858 1779 3913 τοῦ
1808 3862 1936 3929 ἀρι-

365 3949 673 4021 στεύματος
720 3951 885 4006 ἕνεκα
937 3953 1033 4006 καὶ
1086 3950 1380 4022 ἐπῄνεσεν.
1433 3951 1575 4019 Ἤδη
1607 3949 1662 4003 δὲ
1711 3950 1937 4020 καὶτῆς

362 4041 669 4105 οὐάλεντος
717 4042 915 4114 μοίρας
961 4041 1401 4114 προσκτηθείσης
1444 4040 1595 4113 αὐτῷ
1649 4041 1785 4112 μετά
1836 4040 1938 4112 τὴν

363 4133 578 4186 ἐκείνου
607 4134 835 4204 φθορὰν,
864 4132 1073 4188 ἀπιδὼν
1100 4134 1238 4206 πρὸς
1265 4132 1328 4186 τὸ
1353 4132 1584 4205 ἀπειρον
1615 4132 1801 4202 σχεδὸν
1839 4134 1938 4202 τῆς

2025 584 2276 638 puerum.
2297 570 2412 637 Qua
2434 571 2502 628 de
2525 588 2688 629 causa
2708 591 2935 647 peregre
2958 594 3231 645 reversus,
3250 581 3453 636 milites
3479 580 3592 637 acri

2025 670 2110 715 ter
2130 662 2428 718 insectatus
2457 667 2852 737 estrquosdam
2878 669 3040 724 etiam
3059 681 3311 726 auctores
3339 671 3595 728 fraterna

2024 754 2367 812 salutationis
2389 759 2659 829 supplicio
2687 761 2891 827 affecit,
2910 763 3055 832 quod
3075 779 3156 825 se,
3177 763 3270 833 qui
3296 764 3595 835 imperator

2023 859 2192 915 esset,
2225 866 2337 906 non
2395 854 2807 919 consentiente,
2849 855 3015 910 alium
3058 857 3369 926 elegissent.
3404 857 3594 933 Neque

2027 954 2208 1001 tamen
2227 944 2522 1014 recusavit,
2545 949 2841 1018 quominus
2874 947 3099 1003 fratrem
3128 947 3342 1017 imperii
3365 963 3593 1002 consor-

2025 1049 2135 1095 tem
2154 1039 2407 1104 haberet,
2423 1054 2661 1109 eumque
2686 1038 2949 1109 collegam
2976 1038 3188 1093 ascivit.
3216 1038 3461 1092 Paterna:
3482 1036 3597 1105 pie-

2025 1134 2154 1190 tatis
2171 1132 2401 1188 aemulus
2422 1132 2548 1195 fuit,
2565 1141 2622 1188 et
2637 1132 2931 1202 aliquando
2952 1130 3166 1186 Valenti
3195 1137 3391 1200 patruo
3407 1137 3597 1183 contra

2025 1226 2257 1297 Scythas
2284 1240 2443 1296 opem
2484 1211 2721 1294 petenti,
2758 1223 2967 1295 negatis
2997 1222 3215 1277 auxiliis
3257 1218 3541 1288 respondit
3578 1235 3592 1270 :

2025 1312 2143 1367 Non
2175 1328 2286 1367 esse
2318 1328 2437 1366 cum
2474 1311 2572 1365 Dei
2607 1313 2754 1367 hoste
2791 1313 3094 1366 societatem
3132 1308 3255 1363 belli
3284 1308 3594 1362 coeundam.

2026 1405 2345 1461 Pastoribus
2373 1403 2592 1475 ejectis,
2632 1403 2857 1458 decreto
2894 1401 3130 1456 reditum
3162 1400 3216 1454 in
3252 1415 3380 1454 suas
3408 1398 3598 1452 Ecele-

2026 1497 2138 1552 sias
2162 1496 2455 1552 concessit.
2483 1494 2620 1551 Cum
2653 1502 2834 1548 autem
2861 1492 3076 1564 Scytha:
3103 1500 3223 1559 post
3250 1490 3458 1546 cladem
3489 1489 3595 1542 Va-

2028 1586 2194 1641 lentis
2231 1584 2357 1639 elati
2401 1598 2660 1639 successu
2695 1597 2877 1636 rerum
2916 1579 3203 1635 Thraciam
3252 1577 3593 1651 finitimaque

2028 1678 2147 1733 loca
2191 1684 2496 1738 vastarent,
2547 1685 2604 1730 et
2654 1673 2896 1730 coerceri
2949 1673 3102 1726 nullo
3142 1671 3305 1726 modo
3351 1677 3598 1739 possent,

2029 1766 2400 1821 Theodosium
2426 1765 2725 1834 Hispanum
2750 1762 2983 1819 accersit
3010 1762 3115 1831 (est
3134 1769 3315 1815 autem
3340 1757 3597 1828 Hispania

2029 1860 2299 1929 Europes:
2324 1857 2515 1913 Iberia:
2558 1857 2687 1911 urbs
2726 1852 3222 1925 praestantissima),
3265 1853 3444 1905 virum
3487 1849 3599 1904 for-

2031 1952 2305 2006 tissimum
2353 1959 2408 2006 et
2448 1946 2942 2019 religiosissimum.
2990 1945 3149 1999 Hunc
3196 1942 3363 2013 igitur
3400 1940 3595 1994 ducem

2031 2045 2339 2106 delectum,
2391 2042 2606 2113 ablegat
2662 2047 2857 2094 contra
2916 2038 3217 2095 Barbaros.
3257 2033 3353 2104 qui
3410 2031 3600 2102 praelio

2032 2135 2229 2198 victor,
2263 2146 2509 2201 magnam
2542 2129 2811 2201 Scythicae
2845 2126 3023 2197 gentis
3054 2123 3462 2179 multitudinem
3497 2135 3602 2173 ete-

2032 2225 2134 2290 d'rt,
2160 2223 2375 2279 cmteris
2394 2222 2451 2276 in
2482 2222 2661 2291 fugam
2687 2219 2973 2290 conjectis,
2997 2217 3091 2288 qui
3118 2216 3202 2271 vel
3235 2232 3265 2270 a
3296 2212 3602 2268 victoribus

2031 2314 2396 2386 deprehensi,
2436 2312 2521 2368 vel
2555 2328 2584 2366 a
2612 2326 2732 2368 sese
2774 2309 3012 2365 invicem
3060 2306 3251 2362 obtriti
3293 2304 3599 2375 perierunt.

2034 2406 2289 2463 Barbaris
2317 2406 2487 2475 igitur
2511 2404 2617 2459 illis
2640 2403 2754 2459 fere
2777 2401 3036 2456 omnibus
3065 2396 3389 2459 interfectis,
3415 2395 3603 2449 Theo-

2032 2501 2223 2556 dosius
2252 2498 2495 2555 exercitu
2529 2496 2641 2552 illic
2669 2495 2894 2558 relicto,
2929 2494 3046 2561 ipse
3074 2490 3320 2545 victoriae
3352 2488 3600 2546 nuntius.

2031 2592 2099 2648 ad
2127 2590 2447 2648 Gratianum
2474 2587 2665 2643 tumin
2688 2584 2970 2642 Pannonia
2991 2583 3276 2653 degentem
3295 2578 3600 2635 contendit.

2032 2686 2145 2741 Nec
2182 2694 2363 2738 tamen
2390 2681 2674 2736 victoriam
2706 2678 2813 2751 35.
2837 2692 3014 2742 suam,
3041 2685 3095 2730 et
3127 2674 3491 2728 Barbarorum
3517 2670 3602 2723 in-

2033 2773 2255 2828 teritum
2278 2770 2574 2834 nuntianti,
2599 2768 2733 2824 fides
2755 2767 2937 2821 habita
2961 2772 3063 2831 est,
3091 2779 3216 2818 cum
3241 2762 3312 2817 ob
3332 2762 3411 2816 rei
3437 2768 3601 2830 gestae

2033 2860 2397 2923 celeritatem,
2439 2869 2555 2915 tum
2582 2858 2654 2914 ob
2684 2857 3008 2930 Scytharum
3045 2868 3312 2910 summam
3343 2852 3420 2908 rei
3458 2851 3602 2905 mili-

2034 2955 2167 3009 taris
2210 2953 2484 3025 peritiam.
2520 2951 2658 3007 Cum
2701 2958 2882 3004 autem
2928 2949 3216 3004 veritatem
3252 2944 3615 3017 cognovisset

1961 3066 2007 3127 ρ
2035 3048 2352 3115 imperator,
2385 3044 2562 3112 deque
2606 3040 2986 3096 internecione
3029 3038 3395 3092 Barbarorum
3436 3035 3600 3104 plane

2039 3144 2347 3201 constaret,
2390 3134 2495 3190 viri
2538 3134 2876 3189 celeritatem
2910 3130 3217 3185 admiratus
3247 3136 3363 3193 est,
3396 3136 3453 3181 et
3485 3140 3600 3179 rem

2040 3230 2180 3285 bene
2195 3239 2400 3301 gestam
2421 3226 2678 3282 laudibus
2698 3231 3045 3295 prosecutus.
3068 3222 3186 3277 lam
3208 3219 3333 3290 quia
3364 3217 3605 3272 Valentis

2039 3325 2202 3381 etiam
2232 3330 2440 3394 partem
2464 3330 2591 3391 post
2615 3320 2762 3375 illius
2789 3318 3073 3374 interitum
3104 3321 3453 3377 consecutus,
3477 3327 3605 3381 prc-

2038 3413 2296 3477 videbat,
2333 3426 2390 3467 se
2433 3418 2541 3465 tam
2587 3410 2909 3464 immensam
2953 3408 3087 3462 tanti
3134 3404 3350 3475 imperii
3404 3401 3604 3457 molem

2039 3500 2311 3555 sustinere
2362 3497 2540 3552 solum
2589 3512 2697 3552 non
2745 3512 2907 3567 posse
2950 3513 2964 3549 :
3022 3494 3395 3550 Theodosium
3442 3492 3606 3546 Nova

2043 3590 2228 3643 Romae
2276 3587 2657 3656 imperatorem
2696 3588 2963 3656 appellat,
3010 3585 3238 3654 partim.
3274 3591 3333 3637 ut
3362 3582 3482 3650 ejus
3522 3580 3605 3633 in-

2038 3678 2303 3734 dustriam
2328 3685 2796 3744 remuneraretur,
2829 3676 3024 3746 partim
3054 3674 3200 3744 quod
3223 3672 3501 3727 neminem
3534 3669 3600 3724 ad

2042 3769 2258 3837 imperii
2287 3768 2608 3823 societatem
2641 3767 2812 3838 magis
2846 3760 3103 3821 idoneum
3132 3764 3436 3836 judicabat.
3467 3761 3605 3814 Tra-

2039 3859 2156 3913 dito
2194 3859 2362 3929 igitur
2398 3859 2478 3914 illi
2513 3857 2775 3915 universo
2809 3857 3035 3915 Oriente
3067 3865 3123 3913 et
3156 3854 3411 3915 Thracia,
3447 3851 3607 3908 Occi-

2037 3950 2261 4007 dentem
2302 3951 2409 4007 sibi
2452 3951 2754 4007 rescrvavit
2788 3969 2804 4007 :
2850 3958 2907 4006 et
2951 3952 3006 4005 in
3047 3947 3253 4004 Gallias
3295 3944 3602 4016 profectus,

2039 4056 2184 4096 anno
2202 4041 2418 4112 imperii
2441 4048 2565 4112 post
2584 4041 2797 4097 obitum
2819 4040 2998 4112 patris
3022 4048 3198 4103 sexto,
3228 4036 3423 4091 fraude
3449 4034 3608 4090 ducis

2039 4132 2396 4204 Andragathii
2421 4132 2714 4189 occiditur.

361 4229 562 4299 ἀρχῆς,
595 4229 691 4283 καὶ
713 4229 941 4283 συνιδὼν
968 4229 1044 4294 ὡς
1078 4229 1176 4299 οὐχ
1199 4224 1312 4293 οἷός
1334 4227 1385 4281 τ’
1418 4228 1487 4283 ἀν
1515 4226 1600 4298 εἴη
1632 4228 1791 4286 αὐτὸς
1857 4227 2019 4299 μόνος
2052 4226 2153 4299 τὴν
2209 4227 2479 4299 τοσαύτην
2537 4228 2737 4284 ίθύνειν
2785 4228 2979 4300 ἀρχὴν,
3034 4226 3257 4298 βασιλέα
3318 4224 3416 4296 τῆς
3463 4223 3607 4281 Νέας

376 4327 600 4395 Ῥώμης
619 4324 946 4395 ἀναγορεύει
966 4324 1059 4377 τὸν
1080 4323 1380 4390 Θεοδόσιον,
1411 4323 1529 4395 ἀμα
1556 4324 1655 4395 μὶν
1720 4325 1821 4395 τῆς
1878 4324 2161 4395 ἀριστείας
2196 4324 2359 4379 αὐτὸν
2390 4325 2774 4398 ἀμειϐόμενος,
2839 4325 2955 4396 ἀμα
2987 4325 3044 4380 δὲ
3082 4324 3176 4378 καὶ
3228 4323 3435 4393 μηδένα
3491 4320 3605 4391 κρί-

360 4437 460 4483 νας
487 4419 673 4489 ετερον
704 4420 786 4482 είς
813 4417 1099 4472 κοινωνίαν
1129 4420 1227 4488 τῆς
1258 4417 1433 4489 ἀρχῆς
1484 4417 1679 4472 τούτου
1714 4417 1950 4490 κρείττω
1987 4417 2268 4487 ἐσόμενον.
2299 4418 2412 4490 Τὴν
2453 4418 2584 4487 γοῦν
2626 4418 2798 4490 Ἐῴαν
2830 4418 3052 4476 ἀπασαν
3115 4417 3208 4470 καί
3237 4415 3335 4487 τὴν
3386 4413 3609 4485 Θρᾴκην

362 4514 515 4585 αὐτῷ
565 4511 898 4582 ἀναθέμενος
959 4510 1165 4574 ἐκεῖνος
1224 4510 1407 4580 ἑαυτῷ
1460 4510 1823 4582 ἀπεκλήρωσε
1877 4509 1948 4564 τά
1997 4510 2283 4580 Ἐσπέρια.
2351 4511 2463 4566 Καὶ
2498 4511 2592 4565 ἰπὶ
2614 4510 2714 4573 τὰς
2739 4509 2972 4573 Γαλλίας
3023 4509 3336 4579 γενόμενος,
3367 4504 3606 4576 ἀνῃρέθη

359 4607 500 4675 δόλῳ
547 4605 641 4660 ὐπ’
676 4603 1065 4677 Ἀνδραγαθίου
1093 4604 1188 4658 τοῦ
1236 4603 1575 4678 στρατηγοῦ,
1603 4604 1930 4677 βασιλεύσας
1970 4604 2114 4675 μετά
2176 4606 2279 4660 τὴν
2339 4603 2436 4660 τοῦ
2502 4605 2713 4678 πατρὸς
2767 4604 2932 4658 αὐτοῦ
2989 4603 3243 4672 τελευτὴν
3292 4602 3387 4656 ἐπὶ
3430 4604 3609 4654 ἐνιαυ*

358 4701 488 4763 τοὺς
522 4699 603 4766 ἒξ.

432 4793 541 4849 1Η’.
566 4791 675 4847 Τοῦ
709 4792 768 4846 δὲ
788 4791 1090 4863 Γρατιανοῦ
1114 4791 1567 4862 τελευτήσαντος,
1601 4793 1930 4863 κατελείφθη

2112 4787 2301 4844 XVIII.
2343 4787 2606 4843 Gratiano
2640 4785 2900 4841 defuncto
2922 4824 2938 4850 ,
2971 4782 3344 4861 Occidentalis
3393 4780 3610 4852 imperii

361 4882 619 4953 βασιλεὺς
666 4884 1027 4954 αὐτοκράτωρ
1081 4883 1191 4938 τῶν
1229 4884 1534 4954 Ἐσπερίων
1562 4887 1590 4939 ὁ
1620 4884 1760 4949 Νέος
1793 4886 1936 4939 Otia.-

355 4976 714 5041 λεντινιανὸς,
758 4977 924 5048 μήπω
992 4975 1130 5046 μηδὲ
1184 4975 1460 5047 πρόσηϐος
1512 4976 1773 5046 γεγονώς.
1839 4978 1936 5041 Ὃς

357 5064 698 5137 ὐποφθαρεὶς
734 5063 887 5136 παρά
917 5063 1019 5134 τῆς
1063 5062 1271 5136 μητρὸς
1304 5063 1600 5135 Ἰουστίνης
1649 5065 1925 5136 Ἀρειανι-

2039 4887 2284 4953 potestas
2331 4877 2401 4932 in
2448 4875 2887 4932 Valentinianum
2935 4874 3219 4931 Juniorem
3266 4873 3606 4944 impuberem

2040 4972 2259 5036 adhuc,
2302 4970 2496 5026 collata
2528 4977 2654 5024 est:
2689 4968 2784 5038 qui
2819 4968 3081 5039 paulatim
3123 4982 3155 5022 a
3181 4966 3393 5023 Iustina
3434 4973 3610 5019 matre

2041 5061 2260 5119 Arianis
2288 5058 2503 5118 favente
2539 5069 2856 5132 corruptus,
2890 5059 3222 5130 illorumque
3255 5058 3452 5129 dogma
3484 5071 3604 5110 am-

1509 5236 1708 5301 Varite
1738 5235 2046 5299 lectiones
2079 5242 2145 5297 et
2182 5240 2373 5299 notae.

433 5402 542 5473 (ιι)
577 5403 703 5475 Τῶν,
735 5402 979 5459 Σκυθῶν
1003 5404 1088 5459 δέ.
1110 5403 1215 5460 Sed
1244 5417 1301 5461 ct
1333 5405 1525 5461 scribit
1556 5406 1840 5475 Eunapius
1869 5407 1925 5462 in

356 5474 524 5548 legat.
570 5474 636 5527 ad
691 5474 864 5548 ipsam
918 5491 1105 5548 usque
1128 5475 1664 5548 Constantinopolim
1711 5474 1927 5548 venisse

354 5542 625 5616 Scythasiz
677 5542 979 5616 'ﬂﬁnqdp
1010 5542 1120 5598 καὶ
1191 5546 1289 5616 τήν
1357 5542 1931 5616 Κωνᾶταντινούπολιν

356 5612 711 5686 κατέτρεχον,
766 5612 860 5668 καὶ
897 5612 1008 5680 τοῖς
1043 5612 1277 5687 τείχεσιν
1324 5615 1598 5688 ἠνώχλουν
1634 5617 1933 5690 περικαθή-

369 5697 545 5752 μενοι.

2106 5407 2217 5476 (49.)
2253 5406 2322 5462 Ἥ
2341 5407 2408 5461 δέ
2437 5405 2744 5463 Ἰσπανιά.
2769 5407 2851 5461 Ita
2876 5405 3034 5462 codd.
3072 5402 3249 5476 Regii,
3285 5401 3388 5476 etsi
3428 5401 3603 5476 mani-

2034 5471 2438 5533 festo'errore.
2498 5477 2634 5533 Nam
2686 5471 3221 5546 Hispaniaaﬂnomiue
3266 5471 3601 5546 nulla___urhs

2035 5548 2301 5610 occurrit,
2328 5547 2479 5601 itaut
2508 5547 2561 5602 in
2583 5563 2650 5602 eo
2667 5540 2936 5602 erraverit
2952 5544 3213 5606 Zonaras,
3232 5542 3376 5612 quod
3406 5540 3602 5612 Hispa-

2038 5617 2186 5672 niam
2233 5617 2303 5671 ab
2353 5618 2529 5671 lhcria
2574 5615 2905 5677 distinxerit,
2959 5628 3083 5668 cum
3138 5612 3485 5668 Theodosius
3534 5627 3602 5664 ex

2041 5687 2225 5761 Italica
2257 5687 2527 5757 Hispania:
2560 5687 2693 5743 urbe
2714 5694 2867 5740 ortus
2894 5682 3076 5738 fuerit.
