3938 6208
237 310 381 378 1177

1429 323 1836 384 ANNALIUM
1875 325 2020 389 LIB.
2070 330 2246 394 XIII.

3345 335 3486 403 1178

227 430 312 500 τῷ
342 426 456 498 Υἱῷ
485 425 779 517 ὁμοσθενές
813 427 910 482 καὶ
938 427 1200 500 ὁμότιμον
1221 472 1236 499 ,
1270 429 1365 486 τόν
1393 449 1452 485 τε
1473 433 1805 487 Μακεδόνων

1915 442 2456 506 parem,Macedonio
2509 451 2565 499 et
2611 445 2733 517 ejus
2790 446 3160 503 sectatoribus
3213 449 3487 506 catholica

229 519 478 580 καὶτοὺς
499 515 890 586 ὁμοδοξοῦντας
921 517 1072 590 αὐτῷ
1103 521 1205 590 τῆς
1235 522 1532 593 καθολικῆς
1571 523 1810 593 Ἐκκλη-

227 609 356 672 σίας
377 609 640 677 ἐξέκοψαν
667 607 804 676 (55),
837 609 936 663 καὶ
958 609 1040 673 είς
1091 611 1153 664 τδ
1183 609 1340 680 ἅγιον
1380 614 1655 682 σύμὸολον
1705 613 1806 685 τὴν

229 701 370 772 περὶ
401 699 496 754 τοῦ
522 700 681 768 ἀγίου
716 700 1036 768 Πνεῦματος
1089 705 1418 774 προσέθεντο
1483 708 1810 777 συγγραφὴν

227 788 342 839 ἀπὸ
381 786 475 838 τοῦ
502 788 597 840 καὶ
625 789 713 852 εις
729 788 793 840 τὸ
822 787 1062 857 Πνεῦμα
1095 790 1162 843 τὸ
1200 790 1373 860 ἅγιον
1404 793 1565 866 μέχρι
1592 795 1806 858 τέλους.

228 879 332 930 καὶ
359 878 426 931 τὰ
456 879 516 930 ἐν
552 881 618 946 τῇ
655 877 849 950 πρώτῃ
896 881 1100 951 συνόδῳ
1129 882 1562 953 δογματισθέντα
1619 886 1813 940 ἐπεσε-

227 968 497 1024 δαίωσαν.
535 969 661 1022 Ὅτε
683 970 779 1023 καί
806 987 953 1035 τινες
969 971 1076 1025 τῶν
1095 972 1412 1028 ἐπισκόπων
1441 976 1814 1048 βασκήναντες

228 1063 315 1134 τῷ
333 1061 583 1132 Θεολόγῳ
613 1061 707 1114 τοῦ
742 1063 932 1133 θρόνου
965 1064 1127 1136 χάριν
1151 1065 1254 1132 τῆς
1296 1069 1814 1123 Κωνσταντινουπό-

232 1153 403 1220 λεως,
436 1153 498 1206 οὐ
547 1154 845 1218 κανονικιῖς
883 1151 1036 1208 εἶπον
1091 1156 1252 1210 αὐτὸν
1283 1159 1672 1229 ἐπιϐεϐηκέναι
1717 1159 1811 1214 τοῦ

227 1244 449 1315 θρόνου,
501 1245 576 1308 ὡς
641 1247 811 1316 ἑτέρῳ
854 1249 1119 1319 πρότερον
1193 1251 1650 1321 ἐπικηρυχθέντα.
1696 1252 1812 1306 ἶΔιὸ

240 1338 340 1390 καὶ
364 1337 454 1389 τὸν
477 1337 925 1404 Συντακτήριον
953 1342 981 1392 ό
1007 1339 1165 1408 ἅγιος
1218 1342 1675 1413 συγγραψάμενος
1717 1344 1813 1397 καὶ

238 1428 485 1497 δημοσίᾳ
513 1428 835 1495 ἀνεγνωκὼς
870 1429 1062 1500 ἐξέστη
1103 1431 1198 1484 τοῦ
1243 1430 1434 1500 θρόνου
1466 1433 1561 1487 καὶ
1585 1435 1666 1498 είς
1711 1435 1813 1505 τὴν

226 1517 450 1571 οἰκείαν
471 1519 707 1588 πατρίδα
735 1519 834 1589 τὴν
873 1519 1167 1586 Ναζιανξὼ
1223 1522 1515 1592 ἐπανῆλθε.
1549 1525 1812 1596 Κεχειρο-

225 1612 426 1679 τόνητο
477 1610 533 1664 δέ
599 1611 697 1679 τῆς
758 1614 1391 1679 Κωνσταντινουπόλεως
1464 1619 1812 1688 πατριάρχης

223 1702 540 1772 Νεκτάριος
567 1702 703 1772 (56),
744 1703 1108 1776 συγκλητικὸς
1159 1705 1322 1777 ἀνὴρ,
1381 1707 1478 1760 καὶ
1527 1708 1809 1772 πολιτικὰς

223 1769 435 1861 ἀρχὰς
463 1769 696 1863 ἠνυκὼς.
739 1794 875 1847 Τότε
936 1769 1028 1848 καὶ
1058 1797 1087 1848 ο
1122 1769 1317 1866 θρόνος
1365 1799 1479 1867 (57)
1539 1799 1640 1869 τῆς
1683 1769 1808 1863 νέας
1843 1769 1886 1823 Β

236 1884 464 1955 Ῥώμης
483 1885 741 1955 δευτέραν
768 1887 924 1954 τάξιν
947 1888 1126 1959 ἔλαχε,
1156 1891 1294 1958 μετὰ
1315 1892 1414 1960 τὴν
1430 1893 1810 1963 πρεσϐυτέραν

240 1975 470 2045 Ῥώμην
523 1977 765 2046 ταχθεὶς,
814 1979 910 2031 καὶ
958 1981 1068 2034 τῶν
1121 1982 1408 2051 ἐτέρωνδέ
1466 1985 1808 2055 προκριθείς.

253 2066 420 2119 Ἀλλά
461 2069 554 2121 καὶ
577 2071 606 2121 ὁ
641 2069 810 2138 μέγας
856 2071 1205 2143 Ἀμφιλόχιος
1233 2075 1347 2146 (58)
1378 2077 1499 2130 τότε
1538 2077 1689 2146 ὴξίου
1720 2078 1810 2131 τὸν

231 2157 463 2226 βασιλέα
501 2159 822 2229 ἐξελαθῆναι
879 2162 980 2232 τῆς
1013 2165 1224 2229 πόλεως
1276 2169 1402 2230 τοὺς
1471 2169 1808 2238 Ἀρειανοὺς,

225 2243 323 2300 οά
351 2246 443 2300 τὸν
474 2247 600 2301 Υίδν
632 2249 726 2301 τοῦ
779 2249 914 2304 Θεοῦ
969 2251 1453 2323 βλασφημοῦντας.
1497 2256 1692 2326 ἢτὲως
1735 2257 1810 2328 μὴ

231 2339 690 2407 παραχωρεῐσθαι
725 2341 972 2407 συνάξεις
1016 2346 1216 2399 ποιεῖν.
1279 2345 1366 2408 Ὠς
1405 2346 1461 2399 δὲ
1499 2345 1645 2416 νωθῆ
1674 2347 1811 2418 πρὸς

225 2428 390 2481 τοῦτο
419 2428 564 2498 ἐώρα
590 2428 682 2482 τὸν
719 2431 1024 2494 Θεοδόσιον,
1069 2434 1319 2503 φυλάξας
1350 2437 1565 2505 καιρὸν,
1599 2436 1688 2488 ὅτε
1715 2436 1812 2489 καὶ

235 2521 270 2570 ὁ
308 2520 590 2590 Ἀρκάδιος
616 2522 980 2593 ωνεδριὰζων
1005 2519 1074 2595 ἦν
1103 2523 1181 2595 τῷ
1217 2526 1404 2595 πατρὶ,
1433 2525 1674 2596 εἰσῆλθε,
1706 2526 1802 2580 καὶ

224 2606 312 2678 τῷ
343 2608 441 2678 μέν
491 2609 757 2679 Θεοδοσίῳ
802 2613 899 2682 τὴν
948 2615 1331 2684 προσήκουσαν
1383 2616 1679 2687 ἀπένειμεν
1733 2617 1810 2680 ὡς

237 2700 455 2768 βασιλεῖ
475 2703 572 2755 καὶ
590 2703 897 2774 πρόσρησιν
926 2707 1018 2758 καὶ
1041 2706 1410 2777 προσκύνησιν
1432 2723 1445 2738 ·
1470 2713 1606 2778 πρὸς
1637 2709 1693 2762 δὲ
1713 2709 1807 2762 τὸν

243 2791 525 2864 Ἀρκάδιον
557 2795 771 2864 ἀμελῶς
795 2797 967 2861 οὕτως
993 2797 1095 2867 ἔφη
1117 2815 1132 2830 ⁸
1161 2800 1398 2868 Χαίροις
1423 2799 1646 2864 καὶσὺ,
1677 2818 1811 2857 παι--

224 2882 810 2955 διον.Χαλεπήναντος
836 2888 895 2941 δὲ
928 2888 1020 2942 τοῦ
1055 2889 1314 2959 βασιλέως
1333 2893 1426 2945 ἐπὶ
1456 2898 1521 2963 τῇ
1562 2896 1653 2946 τοῦ
1690 2894 1808 2947 υίοῦ

227 2978 650 3046 καταφρονήσει,
675 2975 792 3032 εἶτά
823 2995 985 3049 φησιν
1016 2981 1044 3033 ὀ
1065 2981 1242 3048 ἅγιοςο
1265 2982 1350 3035 Σὺ
1368 2983 1484 3052 μὲν
1501 2985 1810 3053 ἅνθρωπος

1911 532 2154 588 Ecclesia
2188 535 2399 602 ejectis,
2427 544 2485 590 et
2517 535 2572 589 in
2609 544 2865 591 sanctum
2915 535 3232 606 Symbolum
3273 538 3481 593 inserta
3530 531 3540 562 "

1912 626 2152 682 clausula
2190 627 2311 692 illa,
2343 643 2466 698 qua:
2514 627 2709 698 incipit
2753 635 2802 680 et
2838 630 2894 682 in
2949 626 3204 696 Spiritum
3250 639 3488 682 sanciunt

1912 730 2088 785 usque
2118 714 2185 768 ad
2216 715 2399 778 linem,
2433 716 2706 786 primique
2747 717 2970 771 concilii
3010 715 3251 772 decretis
3283 717 3488 770 contir-

1913 806 2096 861 matis.
2128 805 2235 860 Sed
2265 806 2487 876 quidam
2512 807 2758 876 episcOpi
2789 807 3050 861 thronum
3092 806 3486 862 Constantino-

1914 897 2103 968 poleos
2135 897 2387 969 theologo
2417 898 2725 954 invidentes
2745 938 2758 960 ,
2807 906 3078 968 negarunt
3105 913 3171 952 eo
3203 898 3306 953 rite
3349 900 3492 968 poti-

1914 997 2052 1051 tum,
2100 987 2194 1058 qui
2256 989 2409 1057 prius
2452 988 2609 1042 alteri
2653 987 2870 1043 delatus
2929 998 3098 1042 esset.
3166 987 3343 1053 Quare
3400 987 3486 1041 vir

1912 1087 2135 1133 sanctus
2167 1078 2372 1149 scripta
2405 1079 2674 1144 oratione,
2722 1095 2843 1149 qua:
2875 1078 3240 1149 Syntacterion
3285 1077 3488 1132 inscri-

1914 1170 2085 1232 bitur.
2143 1187 2206 1226 ac
2243 1171 2462 1242 publice
2504 1175 2768 1235 recitata,
2820 1170 3090 1224 Nazianza
3143 1169 3198 1222 in
3247 1169 3482 1237 patriam

1914 1261 2099 1316 rediit.
2142 1261 2345 1316 Fuerat
2375 1271 2557 1317 autem
2589 1262 2899 1332 patriarcha
2939 1261 3256 1329 designatus
3292 1259 3488 1315 Necta-

1915 1352 2030 1406 rius
2055 1352 2139 1405 vir
2169 1353 2498 1416 senatorius,
2534 1362 2590 1407 et
2613 1353 2872 1408 civilibus
2910 1351 3132 1406 functus
3154 1350 3489 1421 magistrati-

1914 1443 2037 1498 bus.
2075 1443 2232 1498 Tunc
2262 1443 2427 1498 Novae
2459 1445 2645 1498 Romae
2682 1442 2839 1498 sedes
2871 1441 3176 1498 secundum
3231 1441 3484 1495 ordinem

1914 1535 2111 1590 sortita
2140 1543 2223 1591 est
2255 1553 2269 1589 :
2301 1544 2425 1606 post
2462 1536 2692 1590 Romam
2722 1544 2965 1590 veterem
3010 1533 3298 1598 collocata,
3348 1549 3487 1602 prae-

1911 1628 2131 1696 lataque
2178 1626 2411 1682 caeteris.
2455 1626 2612 1681 Tunc
2673 1635 2730 1681 et
2782 1625 3007 1696 Magnus
3065 1624 3486 1694 Amphilochius

1914 1717 1982 1772 ab
2042 1717 2370 1787 imperatore
2427 1715 2772 1786 postulavit,
2839 1724 2900 1768 ut
2963 1714 3192 1778 Ariani,
3271 1712 3325 1766 in
3391 1712 3484 1766 Dei

1915 1807 2113 1862 Filium
2180 1805 2468 1868 maledici,
2529 1805 2666 1859 urbe
2715 1804 3091 1874 pellerentur,
3143 1811 3236 1856 aut
3291 1802 3484 1855 saltem

1913 1905 2218 1952 conventus
2297 1897 2500 1966 agitare
2564 1895 3008 1964 prohiberentur.
3075 1891 3212 1947 Cum
3297 1901 3483 1945 autem

1911 2006 2133 2063 segnem
2184 1988 2252 2042 ad
2313 1988 2367 2042 id
2411 1986 2622 2042 videret
2665 2001 2785 2040 esse
2838 1985 3240 2047 Theodosium,
3299 1992 3487 2052 capta-

1915 2095 1970 2138 to
2023 2093 2306 2150 tempore,
2367 2095 2475 2148 quo
2524 2080 2690 2132 etiam
2739 2077 2846 2146 37
2914 2076 3182 2130 Arcadius
3242 2075 3383 2144 patri
3425 2074 3481 2127 in

1911 2171 2150 2228 concilio
2179 2167 2485 2231 assidebat,
2529 2165 2842 2220 Theodosio
2890 2164 3112 2232 quidem
3149 2165 3483 2217 convenien-

1911 2272 2020 2318 tem
2073 2264 2337 2317 honorem
2373 2258 2587 2324 habuit,
2637 2265 2698 2311 nt
2741 2256 3084 2325 imperatori,
3127 2270 3251 2310 cum
3296 2254 3482 2308 verbis

1911 2365 2028 2410 tum
2053 2353 2335 2425 gestibus:
2367 2350 2434 2404 ad
2469 2348 2764 2404 Arcadium
2802 2361 2986 2402 autem
3029 2346 3358 2415 simpliciter
3405 2345 3480 2397 ita
3563 2364 3576 2377 -

1911 2446 2086 2510 dixit,
2141 2443 2297 2500 Salve
2357 2450 2405 2494 et
2465 2450 2541 2506 tu,
2594 2441 2696 2509 ﬁli.
2754 2441 3096 2510 lmperatore
3160 2447 3342 2492 autem
3377 2436 3476 2490 lilii

1911 2545 2283 2606 contemptum
2327 2535 2565 2605 graviter
2613 2533 2861 2595 ferente,
2898 2532 2982 2584 vir
3041 2539 3305 2584 sanctus:
3367 2528 3478 2594 Tu,

1910 2630 2103 2698 inquit,
2157 2643 2276 2680 cum
2321 2631 2475 2680 homo
2533 2625 2640 2690 sis,
2685 2624 2760 2675 tui
2803 2622 2906 2690 ﬁlii
2949 2620 3241 2690 neglectum
3300 2621 3479 2682 iniquo

1913 2721 2092 2772 animo
2131 2716 2322 2770 tulisti.
2365 2714 2534 2768 Deum
2568 2730 2690 2768 vero
2736 2730 2841 2767 non
2887 2713 3156 2766 existimas
3185 2711 3481 2764 abominari

1912 2826 1998 2863 eos
2032 2818 2080 2862 et
2116 2810 2304 2870 odisse,
2346 2808 2435 2876 qui
2482 2805 2622 2859 Filio
2668 2806 2782 2874 ejus
2828 2806 3096 2874 unigenito
3136 2803 3475 2865 maledicunt,

1913 2917 2079 2972 neque
2123 2901 2282 2953 irasci
2346 2899 2410 2951 iis
2473 2898 2564 2967 qui
2622 2912 2706 2949 eos
2769 2897 2823 2948 in
2881 2904 3011 2949 caetu
3067 2895 3479 2948 orthodoxorum

1913 2993 2138 3053 versari,
2193 3006 2255 3044 ac
2289 2987 2482 3042 multos
2528 3003 2868 3057 corrumpere
2908 2988 3202 3055 patiuntur.
3230 2985 3484 3039 Admiraé

224 3065 781 3135 ὢν,τὴντοῦπαιδὸς
796 3070 1035 3140 ἀτιμίαν
1049 3073 1155 3128 τοῦ
1171 3073 1288 3128 σοῦ
1303 3075 1500 3143 πράως
1519 3079 1628 3132 οὐκ
1646 3077 1809 3148 ἤνεγ-

1919 3093 2006 3138 tus
2044 3082 2208 3152 igitur
2242 3081 2344 3134 viri
2377 3079 2551 3134 sancti
2594 3079 2889 3134 artiﬁcium
2913 3120 2928 3144 ,
2975 3078 3200 3132 decreto
3239 3092 3482 3132 conven-

229 3174 368 3221 κιις.
407 3159 528 3212 Olet
557 3159 624 3212 δὲ
648 3160 754 3213 τὸν
792 3161 940 3215 Θεὸν
961 3163 1102 3229 τοὺς
1123 3163 1230 3218 τὸν
1252 3165 1489 3220 ἐκείνου
1511 3169 1813 3237 μονογενῆ

227 3248 423 3302 Παῖὸα
447 3251 968 3319 ,βλασφημοῦντας
1010 3253 1093 3321 μὴ
1120 3254 1561 3317 ,ϐδελύττεσθαι
1596 3275 1658 3311 τε
1704 3258 1813 3312 καὶ

230 3339 706 3408 ἀπεχθάνεσθαι,
741 3340 884 3410 μηδ’
928 3343 1259 3414 ὀργίζεσθαι
1295 3365 1446 3401 κατα
1481 3350 1599 3402 τῶν
1626 3349 1812 3419 ἐκχω-

225 3433 504 3502 ρούντων
533 3432 806 3499 ἐκείνους
866 3435 991 3500 τοῖς
1025 3436 1369 3504 ὀρθοδόξοις
1400 3441 1814 3508 συναναστρέ-

229 3526 453 3591 φεσθαι
484 3525 582 3577 καί
627 3525 992 3594 διαφθείρειν
1046 3530 1356 3596 πολλούς;
1387 3531 1686 3600 Θαυμάσας
1723 3531 1814 3586 οὖν

230 3615 332 3666 ἐπὶ
357 3617 423 3685 τῇ
452 3615 661 3687 μεθόδῳ
701 3616 793 3671 τοῦ
843 3618 1001 3686 ἁγίου
1024 3619 1052 3672 ὁ
1080 3618 1356 3688 βασιλεὺς,
1413 3623 1646 3692 δόγματι
1686 3625 1814 3688 τοὺς

230 3708 348 3760 τῶν
379 3709 676 3778 αίρετικῶν
703 3710 992 3778 συλλόγους
1025 3712 1326 3766 κεκώλυκε.
1361 3713 1466 3766 Τὸν
1495 3715 1812 3770 τελευταῖον

228 3799 290 3853 δέ
323 3801 736 3870 τυραννήσαντα
770 3803 1051 3855 καθελόντι
1087 3803 1343 3871 Εὐγὲνιον
1391 3803 1567 3873 τούτῳ
1602 3805 1680 3875 τῷ
1714 3805 1811 3877 βα·

232 3894 397 3957 σιλεΐ,
429 3893 461 3963 ἠ
498 3892 599 3946 τῶν
645 3893 928 3961 Ῥωμαίων
974 3894 1117 3967 ἀρχὴ
1144 3896 1499 3966 περιελήλυθε
1527 3897 1809 3968 ξύμπασα,

231 3985 329 4038 καὶ
345 3984 678 4054 ἀνηγόρευσε
700 3986 826 4049 τοὺς
853 3986 946 4040 δύο
973 3989 1126 4049 υἱοὺς
1151 3989 1315 4042 αὐτοῦ
1341 3989 1604 4056 βασιλεῖς.
1629 3991 1812 4046 Θόλων

229 4074 289 4126 δέ
329 4077 621 4143 μετασχεῖν
651 4076 850 4140 αὐτοὺς
877 4077 974 4131 καὶ
994 4078 1094 4147 τῆς
1118 4080 1176 4131 ἐν
1213 4079 1394 4148 λόγοις
1439 4082 1689 4146 παιδείας
1717 4084 1814 4137 καὶ

228 4173 333 4238 τῆς
353 4171 409 4220 ἐν
438 4169 646 4238 ήθεσιν,
670 4171 734 4223 ἐκ
775 4170 994 4242 Ῥώμης
1015 4173 1189 4243 ἦγαγε
1217 4173 1308 4227 τὸν
1334 4174 1508 4245 μέγαν
1539 4176 1814 4246 Ἀρσένιον

228 4262 332 4328 τῆς
371 4261 488 4312 ἐκεῖ
521 4261 851 4330 Ἐκκλησίας
903 4263 1035 4317 ὄντα
1066 4265 1343 4332 διάκονον,
1387 4266 1482 4320 ἐπὶ
1531 4267 1712 4336 λόγοις
1751 4284 1813 4321 τε

230 4353 331 4404 καὶ
357 4353 529 4423 ἀρετῇ
560 4354 886 4423 περισόητον
906 4371 922 4386 ο
964 4355 1057 4409 καὶ
1088 4355 1236 4426 αὐτῷ
1266 4358 1395 4420 τοὺς
1418 4359 1616 4420 παῖδας
1666 4376 1809 4429 παρ-

1917 3174 2082 3231 ticula
2108 3173 2490 3226 haereticorum
2514 3171 2757 3225 sustulit.
2779 3169 2976 3224 Amoto
2995 3178 3174 3223 autem
3199 3178 3480 3237 postremo

1913 3278 2147 3340 tyranno
2193 3265 2463 3335 Eugenio,
2517 3271 2632 3317 toto
2676 3263 2924 3316 Romano
2963 3261 3194 3330 imperio
3245 3263 3475 3329 potitus,

1913 3362 2053 3416 duos
2085 3358 2228 3413 ﬁlios
2277 3371 2408 3411 suos
2441 3355 2804 3424 imperatores
2834 3352 3152 3422 appellavit,
3182 3366 3324 3420 quos
3353 3365 3477 3403 cum

1910 3451 2112 3506 litteris
2149 3458 2206 3504 et
2245 3447 2494 3502 moribus
2525 3445 2736 3500 erudiri
2780 3445 2966 3506 vellet,
3017 3459 3272 3515 magnum
3315 3443 3480 3497 Arse-

1911 3544 2088 3608 nium,
2118 3541 2304 3595 Romae
2327 3537 2587 3593 Ecclesia;
2628 3537 2944 3596 diaconum,
2977 3537 3158 3590 virum
3204 3544 3259 3590 et
3291 3534 3477 3588 erudi-

1914 3638 2061 3692 tione
2086 3645 2140 3690 et
2163 3634 2367 3688 virtute
2385 3631 2656 3686 celebrem
2689 3631 2943 3692 accersit,
2966 3629 3109 3682 ﬁlios
3134 3629 3320 3690 tradit,
3349 3641 3474 3686 cum

1913 3727 1994 3781 eis
2056 3741 2165 3779 non
2229 3732 2288 3776 ut
2344 3722 2812 3787 imperatoribus,
2871 3720 2965 3773 sed
3026 3729 3086 3772 ut
3145 3717 3376 3788 plebeiis
3423 3726 3478 3772 et

1913 3815 2236 3883 vulgaribus
2263 3827 2430 3882 agere
2460 3811 2656 3880 jubet,
2691 3810 2878 3879 ﬂagris
2907 3810 3072 3863 etiam
3109 3809 3392 3870 adhibitis,
3430 3808 3476 3861 si

1913 3907 2255 3978 negligentes
2283 3919 2380 3958 eos
2403 3917 2546 3964 esse,
2589 3912 2684 3955 aut
2717 3901 2784 3955 ab
2823 3900 3001 3954 oilicio
3029 3901 3294 3954 decedere
3323 3900 3478 3952 vide-

1914 3999 2022 4062 rit,
2059 4006 2115 4052 et
2155 3997 2316 4068 plane
2348 4009 2450 4065 pro
2484 3994 2600 4050 suis
2629 3993 2754 4047 iiliis
2795 4000 3051 4045 tractare.
3095 3992 3176 4046 Ac
3223 4006 3478 4060 magnum

1912 4091 2143 4147 Arscnio
2196 4091 2461 4144 honorem
2510 4086 2742 4152 habuit,
2779 4099 3140 4154 magnamque
3185 4083 3477 4153 pecuniam

1914 4184 2160 4238 donavit.
2195 4183 2246 4236 ls
2285 4180 2472 4250 pueris
2505 4180 2559 4233 in
2590 4179 2753 4233 sellas
2801 4178 3108 4239 collocatis,
3157 4190 3282 4230 cum
3328 4183 3479 4228 stans

1915 4288 2145 4329 munere
2214 4271 2567 4342 praceptoris
2631 4270 2972 4338 fungeretur,
3035 4268 3332 4335 imperator
3381 4267 3478 4320 ali-

1917 4363 2139 4433 quando
2185 4362 2252 4416 de
2292 4361 2590 4431 improviso
2615 4361 2914 4428 ingressus,
2946 4367 3009 4413 ut
3053 4372 3254 4428 pueros
3283 4357 3479 4410 seden-

229 4445 428 4506 ιδωκε,
461 4443 536 4513 μὴ
568 4445 642 4506 ὡς
673 4444 986 4513 βασιλεῦσιν
1027 4449 1234 4513 αὐτοῖς,
1264 4449 1379 4502 ἀλλ’
1435 4449 1512 4512 ὡς
1571 4449 1808 4514 ίδιώταις

1916 4429 2018 4519 tes,
2058 4453 2348 4508 Arsenium
2374 4429 2624 4506 Istantem
2667 4450 3051 4519 deprehendit,
3091 4463 3294 4519 pueros
3336 4455 3478 4502 astas
3543 4439 3546 4442 ’

231 4535 472 4596 καὶτοῖς
529 4537 754 4604 τυχοῦσι
822 4539 1227 4609 προσφέρρτθαι
1284 4541 1686 4621 ἐντειλάμενος,
1716 4543 1813 4596 καὶ

235 4629 526 4699 μαστίζειν
555 4630 606 4683 εί
625 4629 957 4700 ἀμελοῦντας
983 4632 1151 4703 ὁρῴη,
1186 4634 1219 4704 ἢ
1254 4632 1612 4705 παρεξιόντας
1641 4652 1696 4689 τι
1715 4635 1809 4690 τοῦ

229 4719 586 4788 καθήκοντος,
611 4722 704 4774 καὶ
725 4719 1031 4785 ὼςοῐκείοις
1059 4723 1262 4786 τούτοις
1292 4724 1594 4795 κεχρῆσθαι
1628 4727 1805 4781 παισί.

230 4811 413 4879 Τιμῆς
441 4811 497 4864 δὲ
533 4813 776 4880 μεγάλης
839 4813 1038 4882 ἠξίωσε
1087 4815 1180 4867 τὸν
1241 4817 1520 4886 ’Δρσένιον
1561 4817 1673 4888 (59)
1711 4819 1807 4872 καὶ

232 4901 488 4971 χρήμασι
511 4903 957 4958 κατεπλούτισεν.
995 4904 1056 4958 '0
1085 4905 1141 4958 δὲ
1167 4906 1293 4968 τοὺς
1321 4908 1518 4970 παῖδας
1556 4909 1805 4978 παραλα-

233 4991 352 5046 ϐὼν
396 4995 637 5059 ἐκείνους
689 4994 789 5066 μὲν
835 4995 929 5051 ἐπὶ
955 4995 1166 5068 θρόνων
1224 4998 1501 5065 ἐκάθιζεν,
1550 5001 1716 5065 αὐτὸς
1756 5000 1803 5055 δ’

1915 4561 1994 4611 re,
2045 4543 2337 4600 Arsenium
2369 4542 2650 4596 sedentem
2676 4539 2876 4595 docere
2899 4539 3084 4609 jussit,
3130 4537 3275 4607 quod
3315 4537 3383 4591 ab
3409 4552 3476 4592 eo

1913 4645 2164 4706 tempore
2209 4635 2286 4689 illi
2320 4633 2708 4688 observarunt.
2758 4630 3026 4685 Arcadius
3079 4639 3262 4684 autem
3304 4630 3476 4699 plagis

1911 4727 2208 4798 aliquando
2255 4726 2326 4780 ob
2356 4725 2618 4780 delictum
2669 4725 2908 4793 acceptis
2967 4724 3178 4788 iratus,
3247 4723 3478 4779 insidias

1910 4818 2236 4890 praceptori
2271 4827 2574 4885 comparat,
2611 4815 2678 4869 de
2705 4829 2772 4870 eo
2799 4815 3102 4869 occidendo
3131 4814 3349 4870 assidue
3384 4829 3477 4869 co-

1908 4913 2106 4983 gitans,
2141 4924 2463 4980 percussore
2490 4909 2806 4962 subornato.
2839 4906 2944 4960 Sed
2977 4907 3265 4969 Arsenius,
3294 4907 3476 4962 consi-

1908 5003 1984 5056 lio
2040 5003 2160 5072 ejus
2191 5000 2433 5069 cognito,
2472 4998 2610 5052 clam
2646 4997 2796 5066 regia
2839 5011 3134 5067 egressus,
3185 4995 3368 5052 Scetin
3415 5009 3476 5051 se

1405 5156 1610 5220 Varia
1637 5157 1944 5222 lectiones
1983 5163 2046 5220 et
2087 5165 2274 5222 notas.

309 5322 419 5394 (55)
451 5326 576 5394 ,Τῆς
604 5321 1310 5394 καθο.ιικῆςἜκκλησίας
1357 5323 1679 5393 ἐξέκοψαν.
1721 5324 1798 5380 Ita

1915 5339 1994 5387 m,
2025 5339 2075 5380 c.
2111 5327 2163 5380 7.

228 5393 404 5464 aedem
440 5393 769 5462 Sophianarn
804 5394 1101 5464 _indigitat,
1155 5403 1215 5464 ut
1258 5393 1603 5464 Nicephorus
1649 5395 1799 5450 Cone

230 5461 640 5534 stantinppblit.
690 5465 745 5534 in
803 5461 1083 5534 Brevi—ario
1117 5463 1219 5534 sub
1252 5463 1346 5534 lin.
1377 5461 1609 5534 προόδου
1658 5465 1796 5516 κατά
1895 5461 2166 5533 utriusque
2191 5465 2333 5519 Eccl.
2363 5461 2656 5527 Morinum,
2682 5465 2941 5534 Marcam,
2972 5474 3027 5516 et
3065 5461 3136 5534 al.

231 5534 298 5602 τὸ
335 5533 527 5594 είωθὸς
547 5535 640 5585 ἐπὶ
675 5533 776 5602 τὴν
799 5531 1094 5602 καθολικὴν
1121 5531 1456 5602 Ἐκκλησίαν
1474 5535 1796 5602 γενομένης,

231 5601 506 5673 ρῗπατείαν
534 5600 818 5673 ἐποίησαν.
849 5601 985 5657 Vide
1043 5600 1220 5657 Gloss.
1283 5600 1428 5657 med.
1482 5600 1699 5656 Gramit.
1734 5600 1796 5657 iu

1920 5641 1935 5657 .
1970 5617 2065 5673 vu,
2092 5619 2140 5657 c.

230 5670 538 5738 Καθολική.

311 5737 418 5810 (56)
452 5740 792 5810 Νεκτάριος.
836 5741 1049 5798 Socrat.
1090 5741 1130 5796 l.
1165 5757 1218 5808 v,
1253 5757 1302 5798 c.
1330 5741 1393 5808 6;
1425 5740 1718 5798 Sozomen.
1749 5742 1787 5797 l.

1968 5395 2079 5469 (57)
2117 5397 2255 5469 Τόεε
2287 5398 2320 5469 ό
2352 5393 2585 5469 ᾂρόνος.
2625 5393 2764 5469 Vide
2790 5393 3069 5456 Allatium,
3098 5391 3190 5469 _De
3224 5403 3475 5469 consensu

1970 5473 2166 5533 Piusque
2191 5473 2333 5519 Eccl.
2363 5473 2656 5527 Morinum,
2682 5473 2941 5526 Marcam,
2972 5474 3027 5516 et
3065 5473 3136 5513 at.
3171 5473 3396 5530 paSSIm.

1970 5534 2082 5601 (58)
2131 5535 2522 5603 Ἀμφιλόχιος.
2543 5533 2864 5603 Theodorit.
2891 5533 2935 5603 1ἒ
2955 5547 3010 5594 v,
3032 5546 3080 5585 c.
3115 5530 3180 5583 16
3205 5548 3219 5595 ;
3250 5527 3468 5582 Socrat.

2221 5599 2490 5672 {Nicepln
2529 5603 2567 5655 Ι.
2605 5618 2700 5664 xu,
2734 5616 2784 5655 c.
2819 5599 2965 5672 8,79.

1970 5672 2082 5740 (59)
2120 5666 2442 5740 Ἀρσένιον.
2481 5672 2719 5740 Cedren.
2749 5685 2803 5738 p.
2823 5670 2960 5740 Δ527,
2994 5667 3118 5722 528.
3243 5666 3465 5740 Arsenii

1896 5737 2186 5798 sanctitate
2213 5753 2378 5810 agunt
2408 5756 2517 5797 non
2539 5739 2708 5797 semel
2731 5737 3028 5805 scriptores
3063 5737 3441 5795 ecclesiastici.
