3938 6208
491 284 636 351 1183

1810 287 2132 348 JO‘ANNIS
2173 290 2493 349 ZONA‘RE

3613 282 3759 344 ιιδι

489 407 633 454 tens.
690 402 750 447 ut
803 394 1054 448 Romam
1133 404 1501 464 oppugnaret.
1577 393 1825 448 Alaricus
1881 406 2062 449 autem

2174 396 2460 466 επέμψατο
2505 397 2641 467 πρὸς
2673 397 3146 470 Ἀλλάριχον’(69).
3185 397 3262 460 ὡς
3301 395 3485 460 λόγος,
3526 392 3629 445 τὸν
3660 393 3769 462 ἀρα

490 485 716 540 Romam
753 484 1039 549 invasisse,
1072 499 1182 537 non
1210 493 1392 538 tamen
1425 492 1666 538 vastasse
1717 485 1915 550 fertur,
1968 486 2064 540 sed

490 591 678 645 pacem
728 577 922 631 fecisse
961 592 1086 631 cum
1117 577 1403 641 Romanis,
1454 586 1786 648 acceptaque
1832 581 2067 649 pecunia

484 667 640 721 omni
672 669 1043 736 imperatoria,
1087 678 1142 722 et
1182 668 1411 723 Honorii
1464 685 1654 725 sorore
1702 672 1942 727 Placidia
1978 689 2067 728 re-

491 760 764 814 cessisse:
803 761 1035 829 puellam
1081 772 1267 816 autem
1305 762 1598 818 tradidisse
1643 766 2066 820 custodiendam

491 852 680 905 comiti
733 853 950 906 cuidam
985 852 1332 918 Constantio,
1365 855 1458 925 qui
1499 871 1619 910 eam
1669 868 1891 927 arrepta
1940 859 2066 929 fuga

490 941 558 996 ad
598 942 822 997 fratrem
857 944 1217 1012 perduxerit:
1257 962 1287 1000 a
1332 960 1444 1016 quo
1469 955 1525 1002 et
1555 947 1838 1004 senatoria
1882 949 2066 1019 digni-

491 1042 601 1089 tate
647 1034 718 1088 sit
752 1044 1000 1099 ornatus,
1034 1047 1090 1091 et
1135 1036 1313 1091 aﬂinis
1347 1038 1574 1104 ascitus,
1621 1039 1864 1110 denique
1896 1042 2066 1094 etiam

492 1122 790 1192 imperator
841 1126 1170 1195 appellatus,
1219 1143 1346 1182 cum
1397 1128 1676 1183 Honorius
1725 1130 1952 1184 omnino
2000 1131 2070 1184 li-

493 1213 640 1268 beris
662 1215 834 1271 orbus
870 1227 1036 1272 esset.
1072 1217 1457 1275 Constantium
1497 1230 1683 1276 autem
1734 1221 1898 1291 paulo
1943 1231 2066 1290 post

489 1306 759 1372 occisum,
794 1322 981 1381 cum'e
1012 1309 1252 1365 Placidia
1282 1311 1732 1366 Valentinianum
1778 1322 1842 1368 et
1880 1313 2068 1368 Hono-

492 1396 700 1451 riadem
729 1398 1030 1468 genuisset.
1067 1401 1301 1466 Quidam
1330 1400 1499 1472 igitur
1535 1403 1650 1458 haec
1700 1404 1775 1457 ita
1818 1414 2067 1460 narrant.

491 1485 596 1540 Alii
628 1500 760 1542 vero
788 1489 999 1552 dicunt,
1037 1491 1282 1545 occisum
1311 1507 1433 1546 esse
1465 1492 1817 1558 Stiliconem,
1857 1503 1915 1548 et
1959 1496 2068 1550 Ro-

492 1591 686 1632 manos
717 1578 900 1634 odisse
931 1579 1261 1640 Honorium,
1295 1581 1389 1651 qui
1424 1583 1744 1637 Ravennam
1795 1584 2065 1654 migrarit.

494 1667 769 1722 Alaricum
801 1680 982 1726 autem
1018 1683 1327 1743 contempta
1361 1675 1481 1745 ejus
1531 1675 1787 1730 vecordia
1833 1676 2063 1731 Romam

493 1759 782 1815 obsidione
813 1763 1025 1830 cepisse
1053 1780 1066 1817 :
1099 1780 1206 1832 qua
1235 1774 1411 1833 capta,
1444 1766 1740 1834 quemdam
1777 1767 2063 1836 oppletum

492 1851 751 1923 lacrymis
770 1855 1074 1921 nuntiasse,
1098 1855 1207 1927 ιο
1223 1857 1453 1911 Romam
1478 1859 1545 1912 ab
1566 1857 1782 1913 Alarico
1808 1869 2022 1928 captam
2049 1878 2062 1914 :

489 1942 556 1996 ad
587 1959 714 1997 eum
749 1946 1006 1999 nuntium
1037 1957 1454 2002 consternatum
1496 1950 1760 2004 convulso
1805 1965 2064 2021 corpore,

488 2043 544 2086 ct
567 2033 768 2088 femora
801 2037 1056 2092 manibus
1107 2037 1420 2104 ferientem,
1467 2040 1672 2095 dixisse
1716 2041 2067 2098 Honorium;

491 2126 656 2182 Roma
681 2129 834 2183 modo
861 2131 942 2184 hic
961 2131 1059 2200 fuit
1084 2148 1102 2187 :
1128 2134 1389 2202 quomodo
1424 2135 1586 2204 igitur
1625 2145 1782 2204 capta
1815 2146 1890 2189 est
1914 2136 1940 2189 .’
1963 2153 2073 2206 quo

486 2234 680 2272 errore
711 2221 968 2274 nuntium
1005 2223 1308 2287 intellecto,
1341 2240 1467 2278 cum
1512 2226 1720 2294 gemitu
1761 2227 1988 2290 divisse,
2016 2244 2072 2281 se

491 2309 555 2360 de
576 2308 702 2361 urbe
729 2307 895 2378 loqui,
920 2325 1026 2363 non
1057 2311 1119 2363 de
1144 2328 1261 2365 ave.
1302 2311 1552 2367 Habebat
1579 2315 1726 2367 enim
1765 2315 1818 2368 in
1851 2315 2068 2370 deliciis

487 2401 740 2470 gallinam
802 2403 1215 2472 praegrandem,
1287 2406 1509 2460 nomine
1577 2406 1842 2470 Romam,
1901 2423 2066 2476 quam

486 2506 610 2544 cum
639 2500 886 2560 putasset
925 2508 1046 2547 esse
1096 2502 1337 2563 captam,
1395 2495 1763 2566 ingemuerat.
1816 2496 2066 2552 Mortuus

481 2593 568 2637 est
599 2583 959 2653 hydropicus,
987 2592 1153 2640 natus
1190 2600 1365 2640 annos
1412 2603 1499 2651 ιι,
1544 2602 1783 2656 quorum
1835 2587 2065 2656 triginta

485 2675 636 2728 nulla
677 2691 806 2730 cum
847 2675 1012 2731 laude
1065 2677 1381 2743 imperavit,
1435 2677 1676 2732 Joannes
1727 2688 1913 2732 autem
1969 2680 2063 2748 qui

489 2767 674 2820 Romae
704 2767 1049 2837 tyrannidem
1090 2768 1388 2830 invaserat.
1421 2782 1670 2823 sororem
1715 2769 1836 2837 ejus
1886 2768 2066 2823 Placi-

485 2857 633 2912 diam
673 2873 797 2913 cum
842 2859 1036 2915 liberis
1064 2862 1335 2917 ambobus
1365 2862 1750 2917 Valentiniano
1783 2869 1837 2916 et
1879 2861 2064 2915 llono-

489 2949 642 3006 riade
671 2951 807 3006 urbe
842 2953 1075 3022 expulit.

2171 506 2332 557 χοντα
2371 488 2462 542 τοῦ
2494 490 2601 542 τῶν
2645 489 2970 559 υῦανδήλων
3011 490 3044 560 ἢ
3089 487 3305 542 Γότθων
3334 486 3552 547 ἔθνους,
3593 484 3768 548 ἀξιῶν

2170 581 2332 632 αὑτὸν
2366 580 2510 634 κατὰ
2530 582 2630 650 τῆς
2673 581 2893 652 Ῥώμης
2923 579 3383 652 στρατεύσασθαι,
3428 575 3760 646 ἀμύνασθαι

2171 670 2341 723 θέλων
2375 670 2545 734 οὕτως
2600 671 2727 736 τοὺς
2767 672 2868 740 τῆς
2915 670 3136 741 Ῥώμης
3168 671 3411 734 πολίτας,
3449 669 3542 722 διὰ
3579 669 3644 720 τὸ
3675 671 3768 736 μι-

2172 776 2264 821 σος
2291 760 2353 812 τὸ
2391 760 2528 830 πρὸς
2555 761 2740 814 αὐτόν.
2784 761 2896 815 Καὶ
2923 761 3174 814 ἐπελθεῖν
3203 759 3300 830 μὲν
3327 763 3394 830 τῇ
3435 758 3639 827 Ῥώμῃ
3675 758 3767 809 τὸν

2183 851 2524 923 ’Δλλάριχον,
2561 853 2635 923 μὴ
2677 854 2862 922 μέντοι
2900 853 3174 926 πορθῆσαι
3201 851 3391 922 αὐτὴν,
3424 850 3567 904 ἀλλὰ
3610 850 3772 902 σπεί-

2172 945 2368 998 σασθαι
2401 946 2510 1007 τοῖς
2547 945 2865 1015 Ῥωμαιοις,
2918 945 3157 1000 λαϐόντα
3215 945 3392 998 ὁπόσα
3424 946 3484 996 ὲν
3515 945 3642 1004 τοῖς
3674 943 3772 1011 βα·

2171 1035 2389 1098 σιλειοις
2465 1035 2772 1106 εὑρέθησαν
2828 1039 3123 1108 χρήματα,
3205 1037 3301 1090 καὶ
3356 1037 3458 1106 τὴν
3516 1035 3771 1105 ὰδξλςςὴν

2183 1128 2443 1198 Ὀνωρὶου
2499 1128 2600 1198 τὴν
2663 1128 2962 1182 Πλακιδίαν
3027 1129 3167 1198 (70),
3217 1127 3316 1181 καὶ⁸
3357 1127 3769 1196 ὑπονοστῆσαι.

2169 1217 2512 1288 Παραδοῦναι
2539 1219 2597 1273 δὲ
2626 1220 2726 1290 τὴν
2771 1219 2942 1290 κόρην
2998 1217 3362 1289 Κωνσταντιῳ
3394 1219 3508 1271 τινὶ
3548 1219 3768 1288 κόμπει

2169 1310 2264 1364 ἐπὶ
2301 1309 2380 1381 τῷ
2425 1310 2797 1379 φυλάττεσθαι
2823 1327 2837 1342 ·
2892 1311 2987 1364 τὶν
3021 1310 3079 1364 δὲ
3127 1310 3536 1380 προσειληφότα
3589 1309 3769 1378 αὐτὴν

2169 1400 2472 1466 ἀποδράναι
2497 1400 2596 1452 καὶ
2645 1400 2871 1470 κομίσαι
2909 1399 2988 1472 τῷ
3025 1399 3239 1469 ἀδελφῷ
3269 1400 3470 1469 αὐτῆς,
3501 1399 3767 1453 κάκεῖνον

2171 1491 2428 1558 συζεῦξαι
2479 1491 2683 1561 ταύτην
2738 1491 2914 1562 αὐτῷ,
2964 1492 3299 1561 τετιμηκότα
3361 1491 3767 1559 συγκλητικόν,

2171 1579 2288 1636 εἶτα
2326 1583 2422 1638 καὶ
2455 1582 2680 1653 βασιλέα
2729 1581 3134 1653 ἀναγορεῦσαιο
3182 1581 3351 1651 γονῆς
3405 1583 3520 1652 γὰρ
3555 1583 3770 1642 citata;

2167 1676 2391 1746 ὴμοίρει
2440 1675 2675 1744 πάμπαν
2717 1673 2997 1744 Ὀνώριος.
3045 1677 3330 1746 Σφαγῆναι
3381 1675 3444 1727 δὲ
3491 1674 3644 1743 μετά
3693 1693 3772 1742 μι-

2167 1769 2304 1838 κρὸν
2355 1767 2449 1822 τὸν
2498 1769 2917 1834 Κωνστᾶντιον,
2975 1768 3300 1837 γειναμένης
3350 1767 3507 1836 αὐτῷ
3571 1769 3770 1829 παῖδας

2167 1861 2269 1929 τῆς
2298 1859 2615 1922 Πλακιδίας,
2653 1858 3104 1914 Οὐαλεντινιανὸν
3137 1859 3234 1912 καὶ
3277 1857 3620 1926 Ὀνωριάδαη
3667 1860 3772 1912 Καὶ

2168 1952 2218 2004 oi
2255 1950 2354 2021 μὲν
2385 1944 2479 2003 οὖν
2523 1949 2667 2002 οὓτω
2701 1949 2856 2002 ταῦθ’
2904 1948 3210 2018 ἱστοροῦσιν
3232 1964 3247 1981 ο
3304 1948 3494 2016 ἕτεροι
3536 1949 3604 2000 δὲ
3635 1965 3770 2013 σιρα-

2170 2041 2336 2110 γῆναι
2375 2039 2475 2109 μὲν
2512 2039 2731 2108 λέγουσι
2761 2039 2855 2091 τὸν
2895 2038 3215 2108 Στιλιχωνα,
3262 2037 3692 2107 ἀπεχθάνεσθαι
3719 2039 3771 2091 ἃ

2171 2132 2297 2197 τοὺς
2344 2132 2404 2184 ὲν
2455 2133 2522 2202 τῇ
2580 2130 2768 2201 Ῥώμῃ
2811 2130 2888 2200 τῷ
2931 2129 3196 2200 Ὀνωρίῳ,
3233 2131 3331 2183 καὶ
3375 2130 3475 2182 τὸν
3515 2131 3606 2193 εἰς
3648 2131 3772 2183 Ῥα-

2173 2221 2369 2274 6ενναν
2442 2219 2897 2291 μετοικήσασθαι.
2965 2221 3070 2274 Τὸν
3139 2222 3197 2274 δὲ
3265 2221 3605 2290 ’Δλλάριχον
3677 2223 3773 2289 τῆς

2169 2312 2500 2382 ἀϐελτηριας
2582 2313 2792 2366 ἐκείνου
2848 2313 3342 2383 καταφρονήσαντα
3399 2313 3772 2383 ἐπιστρατεῦ-

2173 2419 2265 2456 σαι
2289 2405 2355 2475 τῇ
2403 2401 2588 2474 Ῥώμῃ
2623 2402 2720 2456 καλ⁵
2759 2403 2964 2473 ταύτην
2997 2403 3288 2473 πολιορκίᾳ
3316 2404 3496 2456 ἑλεῖν·
3533 2403 3768 2472 ἀλούσης

2169 2494 2251 2557 δὲ,
2282 2493 2576 2562 ἐπιστῆναι
2598 2493 2676 2563 τῷ
2711 2494 2957 2565 Ὀνωρῑῳ
2989 2494 3396 2565 δεδακρυμένον
3427 2495 3560 2548 τινὰ
3589 2497 3767 2562 ἀπαγ-

2173 2585 2434 2653 γέλλοντα
2480 2586 2556 2648 ὡς
2597 2583 2775 2638 Ἐἀλω
2813 2585 2918 2636 ὑπὸ
2961 2584 3282 2654 Ἀλλαρίχου
3323 2587 3358 2654 ἡ
3405 2583 3637 2654 Ῥώμη.
3673 2587 3767 2637 τὸν

2168 2678 2225 2730 δὲ
2277 2677 2414 2748 πρὸς
2455 2678 2555 2747 τὴν
2602 2677 2866 2745 ἀγγελίαν
2919 2675 3361 2745 συγκλονηθέντα
3412 2676 3670 2745 σπασμῷ
3715 2679 3769 2728 τι

2169 2769 2350 2837 σῶμα,
2389 2767 2486 2821 καὶ
2513 2768 2588 2818 τὼ
2613 2766 2776 2837 μηρὼ
2807 2767 3123 2832 πατάξαντα
3152 2771 3275 2820 ταῖν
3304 2773 3523 2839 χεροῖν,
3559 2768 3765 2836 ᾳάναιο

2165 2859 2321 2925 Ἕως
2344 2858 2475 2926 ἄρτι
2511 2852 2627 2912 ὧδε
2655 2858 2737 2927 ἦν
2761 2861 2798 2928 ἡ
2844 2859 3057 2928 Ῥώμη,
3084 2857 3211 2924 πῶς
3271 2855 3390 2913 οὖν
3414 2860 3621 2924 ἑάλως
3651 2877 3768 2912 σνν-

2171 2952 2324 3006 ιέντα
2383 2951 2442 3005 δὲ
2470 2951 2560 3006 τδν
2591 2951 2828 3021 ἀγγελὼ
2866 2953 2960 3005 καὶ
3007 2953 3148 3022 μέγα
3186 2952 3534 3016 στενάξειν-τα
3565 2953 3765 3020 εἰπεῖν,

485 3052 561 3113 ὡς
597 3049 734 3118 Περὶ
777 3051 887 3119 τῆς
919 3053 1152 3118 πόλεως
1185 3050 1362 3120 λέγω,
1415 3050 1514 3104 καὶ
1554 3053 1626 3105 οὐ
1697 3050 1832 3120 περὶ
1899 3051 2009 3118 τῆς
2059 3051 2317 3120 ὄρνιθος.
2392 3044 2504 3103 Ἦν
2551 3048 2663 3119 γὰρ
2691 3048 2768 3118 τῷ
2803 3048 3013 3118 βασιλεῖ
3043 3049 3220 3119 τούτῳ
3254 3049 3559 3120 ἀλεκτορὶς
3604 3050 3765 3116 ὑπερ-

490 3147 728 3216 μεγέθης
863 3148 1140 3218 ὲγεγήθει,
1183 3149 1251 3219 ἥν
1289 3148 1540 3218 ὠνόμασε
1589 3148 1832 3220 Ῥώμην,
1879 3148 1948 3201 δι’
1993 3149 2061 3220 ἢν
2099 3149 2192 3202 καὶ
2221 3145 2536 3218 ἀνῴμωξεν,
2589 3146 2807 3217 ἐκείνην
2879 3150 3107 3218 νομίσας
3151 3147 3487 3201 ἑαλωκέναι.
3562 3148 3768 3216 Tatae?

462 3242 543 3294 ’δὲ
595 3243 1032 3312 περιπεπτωκὼς
1093 3243 1122 3294 ό
1169 3243 1442 3311 Ὀνώριος,
1489 3243 1713 3312 θνήσκει
1769 3245 1940 3313 ζήσας
2007 3244 2108 3306 μὲν
2180 3244 2459 3305 ἐνιαυτοὺς
2509 3245 2962 3313 τεσσαράκοντα,
3007 3241 3334 3314 βασιλεύσας
3378 3241 3439 3294 δὲ
3490 3241 3766 3302 δυσκλεῶς

485 3335 550 3384 ὲκ
576 3332 780 3384 τούτων
822 3332 1136 3401 τριάκοντα.
1171 3334 1422 3403 Ἰωάννης
1449 3334 1561 3405 (Ἠ)
1587 3337 1643 3387 δὲ
1706 3335 2038 3402 τυραννίσας
2085 3336 2140 3387 ὲν
2193 3332 2382 3404 Ῥώμῃ
2434 3333 2531 3405 τὴν
2582 3333 2794 3387 ἐκείνου
2833 3335 3073 3404 ἀδελφὴν
3118 3333 3417 3388 Πλακιδίαν
3476 3333 3622 3404 μετὰ
3664 3331 3766 3386 τῶν

485 3423 579 3476 δύο
613 3424 821 3478 τέκνων
867 3427 1040 3496 αὐτῆς
1076 3427 1526 3479 Οὑαλεντινιανοῦ
1565 3445 1622 3480 τε
1670 3429 1767 3482 καὶ
1803 3430 2129 3498 Ὀνωριάδος
2165 3427 2374 3480 ἐκεῖθεν
2405 3425 2652 3496 ἐξήλασε.

559 3520 724 3575 Χχιι.
754 3518 950 3575 Junior
973 3531 1155 3576 autem
1184 3520 1532 3575 Theodosius
1561 3521 2060 3592 Constantinopoli,

2242 3519 2370 3572 KB’.
2415 3521 2476 3571 '0
2513 3521 2726 3590 Μικρὸς
2775 3517 2958 3588 μέντοι
2990 3518 3272 3582 Θεοδόσιος
3300 3519 3363 3572 ὲν
3399 3521 3760 3574 Κωνσταντι·

489 3613 796 3668 Ριιιειιετίαξ
824 3614 1036 3667 sororis
1067 3613 1274 3676 studio,
1319 3614 1614 3683 diligenter
1639 3614 1984 3670 educabatur
2012 3626 2067 3672 et

485 3704 871 3770 erudiebatur,
946 3712 1096 3758 metu
1164 3703 1462 3774 lsdigcrdis
1523 3705 1817 3761 Persarum
1900 3709 2066 3777 regis,

488 3795 708 3849 nemine
735 3804 930 3850 contra
961 3811 1058 3850 eos
1091 3796 1433 3866 insurgente.
1471 3797 1606 3852 Nam
1647 3797 1915 3853 Arcadius
1950 3817 2066 3854 mo-

489 3887 636 3940 riens
668 3886 1004 3956 lsdigerdem
1038 3886 1092 3941 in
1121 3897 1474 3953 testamento,
1514 3888 1632 3954 lilii,
1667 3891 1824 3958 pueri
1860 3892 2062 3957 adhuc,

403 4034 412 4040 _
485 3986 546 4032 ut
581 3978 787 4032 dictum
836 3986 942 4044 est,
992 3975 1234 4033 tutorem
1286 3979 1605 4050 scripserat.
1653 3981 1772 4048 Quo
1823 3981 1912 4037 ille
1967 3999 2064 4038 ac-

482 4077 666 4139 cepto,
700 4070 1032 4125 Antiochum
1067 4071 1446 4124 cunuchorum
1481 4087 1708 4126 suorum
1753 4073 2058 4144 principem

480 4161 651 4227 misit,
693 4161 977 4217 custodem
1024 4169 1080 4217 et
1125 4172 1441 4217 curatorem
1478 4163 1830 4234 imperatoris
1877 4164 2057 4220 Theoa

480 4249 630 4318 disii,
661 4251 959 4306 admouitis
987 4267 1087 4322 per
1113 4251 1326 4308 litteras
1348 4254 1694 4323 proceribus,
1725 4264 1786 4309 ut
1816 4255 2054 4324 impera-

2172 3610 2428 3661 νουπόλει
2483 3609 2708 3674 διάγων,
2771 3608 2923 3678 παρά
2980 3608 3314 3679 Πουλχερῐας
3395 3611 3505 3678 τῆς
3561 3612 3762 3673 οἰκείας

2177 3701 2410 3769 ἀνήγετο
2472 3700 2742 3769 ἀδελφῆς,
2801 3699 3080 3769 ἐπιμελῶς
3137 3701 3486 3769 τρεφόμενὸς
3553 3719 3617 3754 τε
3673 3703 3759 3754 καὶ

2173 3793 2595 3864 παιδευόμενος,
2629 3793 2856 3862 μηδενὸς
2890 3793 3329 3861 ἐπανισταμένου
3369 3795 3588 3858 αὐτοῖς,
3619 3795 3758 3862 φόϐῳ

2170 3883 2262 3937 τοῦ
2279 3883 2387 3938 τῶν
2408 3886 2632 3954 Περσῶν
2651 3883 3030 3953 βασιλεύοντος
3052 3884 3172 3954 (72)
3193 3883 3551 3954 Ἶσδιγέρδου.
3585 3887 3648 3939 Ὃ
3663 3887 3760 3954 γὰρ

2171 3975 2460 4044 Ἀρκάδιος
2488 3975 2761 4030 τελευτῶν
2792 3977 3087 4046 ἐπίτροπον
3111 3975 3206 4028 τοῦ
3232 3976 3442 4029 οἰκείου
3486 3977 3611 4031 υιοῦ
3640 3995 3758 4031 παι·

2168 4067 2255 4130 δὸς
2285 4068 2387 4133 ἔτι,
2440 4070 2517 4132 ὡς
2564 4069 2802 4141 εἴρηται,
2843 4070 3016 4133 ὄντος,
3065 4069 3306 4140 ἔγραψεν
3363 4072 3424 4124 ἐν
3479 4073 3762 4143 διαθήκαις

2165 4161 2255 4214 τὸν
2277 4162 2625 4232 Ἰσδιγέρδην·
2659 4161 2739 4225 ὃς,
2768 4164 2868 4230 τῆς
2896 4161 3160 4232 διαθήκης
3190 4163 3562 4233 κομισθεῐσης
3591 4165 3760 4235 αὐτῷ,

2161 4254 2402 4308 ἔστειλεν
2457 4253 2727 4325 Ἀντίοχον
2775 4253 2890 4326 (73)
2947 4255 3058 4309 τῶν
3107 4255 3240 4322 παρ’
3289 4256 3447 4326 αὐτῷ
3482 4259 3760 4328 εὐνούχοιν

1667 4433 1866 4494 Varize
1898 4433 2209 4496 lectiones
2246 4441 2306 4497 et
2343 4440 2532 4498 notua.

480 4601 653 4668 Agere
685 4609 867 4655 autem
895 4598 1063 4668 coepit
1095 4599 1442 4668 potissimum
1467 4599 1741 4657 Ravennae
1777 4601 2057 4656 Honorius

481 4669 798 4725 Theodosio.
820 4671 836 4724 l
862 4681 917 4724 et
942 4669 1246 4724 Rumorido
1273 4687 1416 4726 coss.
1451 4687 1596 4727 anno
1620 4671 1750 4728 Chr.
1778 4671 1883 4727 603
1907 4682 1966 4726 ut
1986 4688 2054 4727 ex

479 4739 630 4794 illius
655 4739 1159 4810 Constitutionibus
1189 4741 1486 4810 colligitur.

553 4810 663 4881 (69)
707 4810 864 4882 Πρρς
917 4808 1297 4882 Ἀλλάρᾼιχονκ
1325 4808 1475 4866 Ὗίόε
1525 4811 1835 4882 Eunapium
1865 4811 1919 4866 in
1950 4811 2060 4866 Μει-

429 4857 857 4951 Ὶιῐιὶῖἆίρῗῐιξζ
883 4857 1241 4951 ρὲιὲίὲἑξῐιῖὸε
1267 4857 1592 4951 εογῖρἲιτᾶξ

436 4949 448 4986 ἰ
553 4949 1046 5021 (Ἰογιῖλαιειδίαν.
1089 4949 1326 5021 Placidia
1353 5019 1360 5021 _
1382 4949 1504 5021 post
1525 4951 1831 5006 Constantii
1858 4951 2055 5019 conju-

477 5007 577 5092 αἰεί
594 5007 805 5076 obitum
839 5019 1066 5092 Romam
1109 5019 1175 5072 ad
1227 5007 1454 5092 fratrem
1486 5021 1791 5092 llonorinm
1823 5038 1881 5076 se
1913 5007 2050 5092 96..-
2090 5007 2131 5061 Β

479 5090 627 5146 tulit.
661 5106 816 5158 aquo
849 5090 920 5143 ob
952 5090 1160 5160 aliquas
1196 5091 1504 5146 simultates
1537 5091 1762 5145 remissa
1799 5101 1882 5145 est
1907 5090 2048 5145 Con-

478 5161 916 5230 stantinopolim,
941 5172 996 5214 et
1017 5159 1050 5214 a'
1084 5159 1400 5230 Theodosio
1451 5161 1680 5215 Jnniore
1712 5171 1961 5228 excepta,
1997 5161 2050 5214 in

477 5247 542 5285 ea
579 5229 1024 5297 urbe'reliquum
1055 5229 1181 5285 vitae
1205 5233 1407 5297 exegit,
1434 5231 1672 5285 conditis
1726 5231 1795 5285 ab
1824 5247 1887 5284 ea
1919 5233 2054 5284 dua-

478 5299 584 5355 bus
607 5300 863 5354 domibus
881 5299 1158 5369 Augustis,
1178 5316 1272 5355 scu
1297 5302 1536 5370 palatiis,
1553 5315 1788 5370 quorum
1817 5301 2053 5355 alterum

479 5370 534 5425 in
567 5372 740 5441 prima
779 5371 931 5441 urbis
959 5370 1176 5441 regione
1227 5369 1460 5436 exstitit,
1509 5369 1710 5438 dequo
1754 5371 1968 5441 egimus
2003 5371 2057 5423 in

568 5413 740 5441 ν.......
780 5413 930 5424 -..ην
961 5413 1012 5423 ,ν
1055 5413 1176 5424 ,νην
1228 5413 1460 5436 cum",
1511 5413 1709 5438 ...μνη
1755 5413 1968 5436 νη......,,

481 5440 946 5520 ροηειᾳηιὶῃοροιὶ
970 5413 1165 5520 cii-ar.
1188 5441 1298 5520 _lib.
1335 5458 1394 5504 ιι,
1419 5441 1651 5520 _sect._5,
1675 5440 1817 5520 nni,
1851 5449 2054 5520 ets-ct.

478 5509 534 5580 δ,
557 5527 613 5564 n.
644 5511 668 5564 1
694 5528 711 5578 ;
737 5509 968 5566 alterum
995 5511 1055 5580 in
1082 5512 1315 5577 decima,
1344 5512 1504 5580 cujus
1542 5510 1707 5565 situm
1738 5511 1813 5564 ita
1840 5510 2054 5580 descri-

479 5578 562 5633 bit
589 5580 851 5646 Synesius
877 5583 934 5636 in
976 5579 1140 5647 epist.
1167 5581 1226 5636 6t
1263 5578 1426 5636 hisce‘
1455 5581 1674 5634 verbis:
1721 5581 1876 5632 Οῑγεϊ
1909 5579 2061 5647 παρὰ

480 5649 580 5717 τὴν
607 5651 915 5722 βασιλικὴν
975 5648 1176 5717 οἰκίαν,
1239 5653 1300 5722 οδ
1332 5651 1432 5722 τὴν
1469 5651 1532 5719 δη
1543 5651 1772 5722 nostri,
1799 5648 1934 5700 ἀλλὰ
1962 5648 2060 5722 τὴν

487 5715 716 5772 κατόπιν
757 5715 946 5790 αὐτῆς,
1005 5722 1130 5792 ἦτις
1163 5715 1169 5717 ⁷
1211 5715 1497 5777 ’Δ6λα6ιου
1522 5715 1631 5786 ’μὲν
1670 5720 1937 5788 πρίτιρον
1967 5715 2059 5787 ἦν,

2165 4601 2259 4654 νῦν
2287 4604 2342 4655 δὲ
2402 4603 2697 4666 Πλακιδίας
2731 4604 2847 4656 ἐστὶ
2880 4603 2980 4673 τῆς
3029 4606 3144 4656 τοῖν
3167 4602 3451 4666 βασιλέοιν
3489 4604 3749 4672 ἀδελφῆς.

2157 4673 2436 4743 incertum
2469 4682 2654 4726 utrum
2683 4674 2882 4728 horum
2917 4675 3248 4742 palatiorum
3290 4673 3576 4743 intelligat
3609 4676 3752 4743 Vigi-

2156 4742 2262 4796 lius
2291 4740 2392 4795 PP.
2419 4742 2472 4812 in
2495 4743 2652 4812 epist.
2678 4744 2710 4796 5
2741 4761 2753 4795 :
2783 4740 3168 4802 Hrec‘dicendo,
3188 4746 3243 4795 in
3274 4754 3458 4796 nostra
3489 4740 3753 4810 obsequio,

2157 4821 2206 4864 et
2242 4814 2296 4865 in
2328 4811 2569 4882 Ecclesia
2601 4813 2827 4882 publice,
2849 4823 2896 4865 et
2926 4815 2978 4866 in
3021 4813 3270 4866 Placidus
3307 4814 3547 4882 officium
3583 4815 3757 4868 diaco-

2155 4893 2314 4936 natus
2337 4881 2620 4952 implebat.
2652 4883 2797 4938 Idem
2830 4885 2881 4935 in
2911 4885 3182 4936 sententia
3205 4881 3754 4937 excommunicauit.

2157 4955 2242 5006 nis
2263 4953 2318 5005 in
2341 4951 2691 5006 Theodorum
2725 4972 2736 5006 :
2769 4953 2962 5006 Deinde
2992 4955 3047 5004 in
3079 4954 3234 5005 domo
3269 4951 3623 5006 Placidiana.
3647 4966 3747 5006 etc.

2157 4967 2242 5006 IIIS
2263 4969 2318 5005 ιη
2342 4967 2691 5006 ‘t'neoaorum
2725 4972 2736 5007 ἶ
2769 4967 2962 5006 uernae
2992 4969 3047 5004 ιη
3079 4967 3234 5005 domo
3269 4967 3623 5016 t’tacratana,
3647 4967 3747 5006 ειε.

2228 5021 2342 5091 (71)
2382 5021 2686 5092 Ἰωάννης.
2734 5025 2807 5078 De
2842 5038 2952 5092 quo
2973 5021 3401 5092 Olympiodorus
3431 5025 3587 5092 apud
3623 5023 3753 5076 Pho-

2152 5091 2308 5153 tium,
2349 5107 2406 5161 p.
2465 5091 2608 5156 196;
2672 5091 2927 5148 Socrates
2986 5091 3152 5154 Ιζνιι,
3213 5107 3265 5146 c.
3321 5091 3432 5156 33;
3475 5091 3748 5161 Prosper,

2155 5161 2392 5230 ldacius,
2444 5161 2813 5221 Marcellinus.
2885 5163 3188 5230 ProcOpius
3248 5161 3350 5215 lib.
3413 5177 3480 5216 ιιι
3522 5163 3745 5218 γαμέει.

2152 5229 2316 5300 Greg.
2358 5231 2566 5300 Turon.
2593 5231 2628 5285 Ι.
2655 5249 2689 5285 ιι
2727 5231 2866 5286 Hist.
2893 5248 2941 5286 c.
2982 5233 3035 5292 8,
3061 5229 3117 5286 et
3145 5232 3262 5284 alii.

2228 5299 2339 5368 (72)
2377 5299 2760 5370 Ἰσδιτέρδου.
2821 5303 2897 5356 lta
2933 5301 3323 5371 Theophanes.
3363 5317 3421 5369 p.
3457 5303 3554 5358 69.
3612 5301 3744 5356 [sdi-

2155 5371 2336 5494 ρει-ὼε
2364 5371 2667 5426 meminere
2701 5375 3000 5441 scriptores
3048 5371 3441 5432 ecclesiastici,
3490 5372 3744 5453 ξορα-διες

2186 5481 2197 5493 .
2225 5457 2327 5494 vn.
2365 5457 2416 5494 c.
2447 5441 2512 5494 8:
2541 5439 2842 5494 Theodorit
2892 5443 2928 5494 Ι.
2965 5457 3015 5494 v.
3046 5457 3097 5494 c.
3133 5441 3242 5494 38:
3297 5441 3579 5494 Evaurms
3605 5445 3645 5494 Ι.
3675 5459 3740 5494 τι.

2186 5481 2197 5493 .
2225 5457 2327 5501 vn.
2365 5457 2416 5494 c.
2447 5441 2512 5506 8;
2541 5439 2842 5496 Theodori't
2892 5443 2928 5494 Ι.
2965 5457 3015 5503 v,
3046 5457 3097 5495 c.
3133 5441 3242 5505 38;
3297 5441 3579 5509 Evagrius
3605 5445 3645 5496 Ι.
3675 5459 3740 5503 in,

2161 5511 2348 5582 c_.719;
2382 5510 2681 5580 Nicephor.
2729 5511 2764 5564 Ι.
2816 5527 2927 5576 xw,
2964 5527 3016 5566 c.
3061 5511 3354 5582 i;Agath.
3412 5512 3453 5566 ι.
3496 5529 3574 5578 tv,
3607 5512 3740 5565 idem

2165 5580 2486 5648 Thcophan.
2518 5597 2572 5648 p.
2608 5582 2696 5635 71.

2237 5651 2348 5718 (75)
2391 5651 2716 5717 Ἀντίοχον.
2752 5649 2855 5717 Qui
2916 5666 3025 5706 non
3082 5651 3224 5705 alius
3267 5650 3498 5706 videtur
3553 5653 3623 5706 ab
3654 5650 3737 5704 illo

2164 5719 2460 5785 Antiocho,
2487 5736 2647 5791 quem
2680 5722 2943 5793 Synesius
2989 5723 3150 5793 epist.
3199 5721 3300 5776 110
3335 5739 3348 5777 :
3381 5721 3455 5776 Τὸ
3481 5723 3627 5792 ἱερὸν
3655 5724 3740 5775 ἀν-
