3904 6204
440 257 577 323 1187

1655 307 1658 310 .
1737 245 2060 308 ῙΟΑΝΝΙΞ
2095 244 2419 305 ΖΟΝΑΒίΕ

3555 239 3698 303 H88

436 368 662 433 fuisset,
690 364 880 422 docuit
913 371 1155 420 sanctam
1186 361 1464 432 Virginem
1503 357 1726 415 Mariam
1758 375 1867 414 non
1893 373 2014 413 esse

2136 358 2200 419 εἰς
2227 355 2522 423 ἐπίγνωσιν
2544 349 2636 405 τοῦ
2661 349 2903 422 Χριστοῦ
2927 350 3016 404 διὰ
3041 350 3416 417 παραινέσεων
3443 353 3697 421 ἀγαγὼν.

439 458 725 527 Deiparam
792 456 1104 520 dicendam,
1161 455 1446 514 Christum
1516 467 1647 508 vero
1695 468 1802 506 non
1861 451 2010 505 aliud

439 550 546 604 nisi
577 549 855 604 hominem
881 562 1002 602 esse
1027 547 1311 602 asserebat
1339 565 1352 600 :
1383 547 1438 600 in
1465 560 1642 614 eoque
1671 545 1767 600 Dei
1790 543 2011 608 Filium,

443 651 505 695 ut
557 642 612 694 in
672 640 942 709 propheta
1001 639 1260 707 quopiam
1329 635 1608 690 habitasse
1684 633 2013 703 nugahatur,

441 748 679 802 eumque
726 731 1048 800 bipertiens,
1096 729 1422 788 afﬁrmabat.
1471 729 1564 782 Dei
1613 726 1856 781 Verbum
1904 739 2016 778 non

443 823 745 892 sumpsisse
778 836 998 874 carnem
1028 835 1058 874 e
1083 829 1233 872 casto
1260 817 1528 887 sanguine
1553 815 1745 870 matris
1776 813 1894 875 Dei,
1919 810 2016 866 sed

447 912 616 964 alium
667 926 788 964 esse
828 910 1024 963 Filium
1075 918 1131 964 et
1182 908 1421 962 Verbum
1471 907 1588 969 Dei,
1639 907 1804 960 alium
1852 904 2016 960 Citri-

445 1016 625 1066 stum,
654 1002 748 1069 qui
786 999 956 1054 Filius
992 1010 1139 1054 esset
1183 999 1498 1068 adoptivus,
1535 1006 1593 1052 et
1649 997 1823 1068 gratia
1875 997 2020 1050 Deus

451 1094 647 1147 laetus.
683 1092 779 1146 llis
811 1092 994 1146 caeteri
1025 1090 1356 1160 patriarchae
1405 1087 1665 1159 cognitis,
1709 1085 2022 1142 Celestinus

449 1183 752 1247 Romanus,
801 1181 1039 1253 Cyrillus
1069 1180 1498 1246 Alexandrinus,
1543 1178 1785 1234 Joannes
1831 1175 2024 1230 Antio-

450 1276 684 1337 chenus,
720 1274 1004 1327 Juvenalis
1045 1273 1598 1343 liierosolymitanus,
1625 1269 1905 1339 negotium
1953 1266 2022 1321 ad

451 1365 838 1433 imperatorem
865 1363 1239 1417 Theodosium
1274 1372 1329 1418 et
1365 1361 1713 1418 Pulcheriam
1741 1360 2020 1423 deferunt,

450 1463 699 1522 petentes
735 1462 793 1506 ut
824 1453 1028 1507 indicto
1059 1453 1300 1508 concilio
1336 1452 1391 1506 in
1415 1450 1742 1506 Nestoriana
1768 1450 2022 1519 dogmata

452 1545 790 1614 inquiratur.
833 1546 1006 1615 Igitur
1035 1545 1295 1599 ducentis
1341 1543 1603 1599 Patribus
1653 1542 1926 1612 Ephesum
1955 1541 2023 1595 ad

453 1639 750 1692 concilium
784 1639 1129 1708 congregatis
1167 1638 1429 1706 princeps
1477 1644 1598 1690 erat
1642 1635 2024 1690 sanctissimus

2114 445 2209 499 τοῦ
2276 445 2419 498 θείου
2477 442 2703 512 λουτροῦ
2771 441 3103 510 κατηξίωσε,
3147 444 3242 496 καὶ
3287 443 3415 513 ὑγιῆ
3473 445 3541 497 ἐκ
3594 445 3699 512 τῆς

2115 536 2501 606 κολυμϐήθρας
2549 533 2838 604 ἐξήγαγεν.
2904 527 3072 596 Uine;
3139 533 3233 586 καὶ
3279 533 3340 586 τὸ
3387 534 3484 588 τοῦ
3541 536 3699 605 ἱεροῦ

2115 626 2504 698 Χρυσοστρμου
2538 624 2706 693 ὄνομα
2766 627 2824 678 ἐν
2875 628 2987 688 τοῖς
3011 625 3113 692 τῆς
3152 623 3477 692 Ἑκκλησίας
3499 624 3704 678 διπτύ-

2117 735 2234 788 χοις
2277 718 2388 790 (78)
2434 718 2756 790 ἐνέγραψ;ν,
2793 719 2869 788 μὴ
2893 718 3156 789 πρότερον
3188 719 3461 788 ἐγγραφὲν
3489 735 3506 750 ⁸
3551 719 3707 789 Ὠρι-

2118 809 2412 878 γενιαστὴς
2457 806 2571 879 (79)
2611 807 2723 876 γὰρ
2751 809 2778 860 ὁ
2809 806 3206 870 εὐσεϐέστατος
3267 809 3477 872 ἐκεῖνος
3500 809 3710 878 Πατὴρ

2119 900 2368 953 ἐκαλεῖτο
2400 899 2494 953 καὶ
2535 897 2845 968 ἐνομίζετο.
2896 898 3166 961 Θανόντος
3209 897 3266 950 δέ
3323 897 3605 964 ’Δττικοελ
3647 898 3709 963 ὃς

2121 994 2328 1045 είκοσιν
2358 990 2456 1058 ἔτη
2484 989 2580 1043 τοῦ
2635 990 2745 1042 τῶν
2791 989 3000 1044 πιστῶν
3047 989 3287 1060 προέστη
3322 992 3711 1060 συστήματος,

2122 1087 2515 1156 χειροτονεῖται
2571 1084 2838 1146 Σισίννικ
2891 1083 3026 1154 (80),
3057 1083 3153 1137 καὶ
3184 1085 3279 1136 ἐπὶ
3307 1081 3400 1136 δύο
3440 1083 3534 1151 ἐτη
3603 1083 3714 1154 τὴν

2126 1177 2544 1247 ἀρχιερωσύνην
2584 1175 2962 1246 κατεσχηκὼς,
2997 1176 3096 1247 τὴν
3143 1175 3288 1246 ζωὴν
3337 1174 3711 1246 ἐξεμέτρησε,

2125 1273 2272 1326 κατὰ
2304 1270 2367 1322 τὸ
2397 1267 2642 1321 εἰκοστὸν
2669 1265 2924 1336 δεύτερον
2957 1266 3075 1328 ἔτος
3118 1265 3215 1334 τῆς
3260 1265 3536 1334 βασιλείας
3568 1266 3713 1318 Θεο-

2122 1363 2327 1416 δοσίου.
2389 1361 2498 1413 Καὶ
2551 1357 2885 1427 ἀντεισήχθη
2911 1358 3226 1424 Νεστόριος,
3262 1357 3319 1420 ὃς
3373 1359 3466 1410 ἐπὶ
3516 1360 3714 1427 τρισὶν

2136 1451 2578 1524 ἀρχιερατεύσας
2613 1451 2881 1511 ἐνιαυτοῖς
2914 1448 3158 1501 ἐδίδασκε
3178 1449 3277 1518 τὴν
3302 1448 3462 1516 ἁγίαν
3487 1449 3714 1518 Παρθέο

2126 1564 2216 1601 νον
2264 1545 2481 1615 Μαρίαν
2545 1543 2810 1596 Θεοτόκον
2848 1544 2922 1614 μὴ
2952 1545 3155 1610 λέγειν,
3209 1543 3360 1611 ψιλὸν
3409 1543 3719 1612 ἄνθρωπον

2127 1639 2222 1692 τὸν
2264 1637 2501 1710 Χριστὸν
2535 1635 2922 1713 δογματίζων,
2961 1635 3053 1688 καὶ⁴
3083 1635 3234 1703 αὐτῷ
3289 1636 3576 1704 ἐνοικῆσαι
3619 1637 3721 1687 τὸν

453 1729 716 1801 Cyrillus,
751 1729 1010 1784 Celestini
1063 1730 1222 1798 Papae
1263 1728 1494 1782 Romani
1525 1730 1690 1782 etiam
1739 1727 1858 1780 vice
1902 1725 2028 1779 fun-

2136 1731 2258 1782 Υἱδν
2293 1730 2386 1782 τοῦ
2415 1726 2549 1782 Θεοῦ
2602 1726 2861 1798 φλυαρῶν
2895 1726 2971 1789 ὡς
3001 1727 3082 1778 ἐνὶ
3121 1727 3229 1780 τῶν
3259 1727 3582 1796 προφητῶν,
3618 1728 3725 1779 καὶ

454 1838 608 1891 gens,
641 1821 732 1891 qui
787 1838 885 1891 per
919 1821 1290 1875 valetudinem
1346 1819 1541 1874 adesse
1591 1834 1699 1873 non
1763 1829 2024 1888 pOterat:

454 1915 689 1969 Nestorii
713 1914 936 1968 decreta
961 1914 1296 1978 examinata,
1326 1919 1385 1967 et
1421 1922 1479 1966 ut
1518 1926 1777 1982 perversa
1827 1912 2029 1980 rejecta

455 2013 625 2059 sunt:
657 2014 711 2060 et
741 2006 1127 2069 constitutum,
1181 2016 1240 2058 ut
1279 2012 1469 2059 sancta
1514 2003 1677 2074 Virgo
1708 2003 1939 2072 Deipara
1975 2013 2031 2056 et

456 2096 756 2150 haberetur
789 2104 845 2150 et
873 2096 1174 2162 diceretur,
1208 2106 1263 2150 ct
1295 2096 1388 2164 qui
1421 2110 1643 2164 carnem
1675 2110 1736 2148 ex
1787 2110 1852 2149 ea
1894 2095 2030 2148 citra

459 2188 674 2240 virilem
709 2202 931 2255 operam
958 2186 1280 2254 sumpserit,
1320 2184 1412 2238 Dei
1449 2183 1555 2254 42
1588 2184 1757 2238 Filius
1793 2193 1848 2238 et
1888 2182 2032 2238 Deus

460 2291 488 2327 a
515 2275 716 2329 sanctis
743 2274 998 2329 Patribus
1017 2285 1096 2327 est
1124 2275 1534 2343 pronuntiatus.
1561 2275 1711 2326 Acin
1738 2272 2031 2327 certiorem

462 2367 591 2421 fidei
651 2364 1079 2429 confessionem,
1141 2373 1196 2418 et
1243 2363 1644 2418 evidentiorem
1693 2363 2035 2418 Nestoriana:

463 2459 762 2530 impietatis
796 2457 1182 2512 refutationem
1221 2464 1446 2511 sanctus
1476 2455 1712 2526 Cyrillus
1738 2455 2029 2511 duodecim

466 2551 646 2618 Capita
681 2548 733 2601 in
769 2562 912 2601 vera:
940 2547 1228 2601 sententiae
1275 2546 1672 2600 monimentum
1727 2547 2038 2615 composuit

467 2641 840 2709 Ecclesiaeque
881 2639 1127 2703 tradidit,
1161 2639 1422 2694 Nestorio
1447 2641 1674 2710 rejecto,
1700 2648 1756 2694 et
1798 2650 1984 2694 amoto
2006 2655 2038 2695 e

472 2745 619 2788 cmtu
649 2745 797 2786 recte
823 2732 1182 2786 sentientium
1229 2731 1569 2800 pontiﬁcum.
1616 2732 1884 2785 Craterum
1916 2739 2040 2800 post

469 2826 686 2877 tertiam
715 2823 931 2876 concilii
963 2823 1109 2877 diem
1140 2821 1420 2891 Ephesum
1462 2821 1852 2890 ingrediuntur
1876 2821 2042 2875 Joan-

467 2927 566 2967 nes
620 2912 1043 2976 Autiochenus,
1112 2911 1500 2966 Theodoretus
1558 2910 1857 2982 Cyrensis,
1919 2910 2040 2965 lbas

471 3004 798 3066 Edessenus,
826 3012 881 3056 et
905 3003 1018 3066 alii,
1054 3002 1288 3071 iratique
1311 3002 1536 3072 Cyrillo,
1563 3013 1624 3056 ut
1652 3001 1884 3071 principi
1909 3016 2040 3055 con-

470 3095 610 3158 cilii,
643 3095 714 3148 ob
745 3093 1040 3147 adventum
1072 3109 1230 3148 suum
1271 3109 1380 3148 non
1412 3104 1810 3163 exspectatum,
1835 3101 1950 3146 tum
1983 3100 2040 3146 et

470 3188 841 3250 adhaerentes,
877 3185 1115 3239 Nestorii
1154 3185 1561 3240 abdicationem
1605 3187 1878 3250 incusant,
1926 3192 2041 3239 tum

472 3288 668 3330 saneto
718 3275 920 3346 Cyrillo
965 3284 1022 3328 et
1070 3275 1348 3330 Memnoni
1396 3275 1673 3344 Ephesino
1695 3276 2044 3344 episcopatus

474 3367 794 3435 eripiendos
841 3367 1170 3420 decernunt.
1224 3366 1609 3421 Theodoretus
1645 3367 1812 3421 etiam
1863 3367 2043 3437 capita

475 3459 790 3523 duodecim,
833 3474 862 3512 a
917 3458 1122 3529 Cyrillo
1166 3458 1473 3528 composita
1520 3458 1742 3523 invasit,
1783 3468 1840 3513 et
1869 3459 1935 3512 ad
1978 3473 2043 3514 ea

476 3549 796 3612 evertenda,
830 3549 1007 3604 edidit
1042 3549 1188 3604 alia:
1227 3565 1348 3619 qua:
1379 3563 1502 3603 cum
1534 3564 1765 3620 magnus
1807 3548 2046 3621 Cyrillus

475 3641 684 3696 erroris
711 3640 1062 3705 convicisset,
1103 3640 1484 3696 Antiochenus
1534 3650 1591 3696 et
1634 3640 1818 3694 cancri
1851 3656 1882 3694 a
1912 3655 2046 3696 con-

473 3735 604 3788 cilio
636 3733 901 3797 damnati,
937 3731 1004 3786 ab
1030 3731 1351 3787 orthodoxis
1372 3731 1701 3786 alienantur.
1731 3732 2047 3804 Episcopos

474 3830 561 3880 sic
589 3826 819 3881 affectos
860 3837 916 3880 et
964 3826 1105 3879 inter
1158 3840 1278 3881 sese
1334 3825 1705 3892 decertantes,
1749 3827 2049 3896 imperator

486 3917 840 3972 Theodosius
897 3931 1089 3970 onmes
1157 3915 1690 3986 Constantinopolim
1763 3918 2046 3973 accersit:

481 4023 672 4063 Coram
710 4023 820 4077 quo
853 4008 1054 4076 agitata
1081 4005 1402 4076 quaestione,
1453 4006 1694 4076 reiectus
1738 4007 2048 4072 Nestorius,

483 4102 539 4156 in
573 4100 854 4155 Orientem
889 4100 1187 4168 relegatur,
1216 4098 1564 4153 Antiocheno
1604 4109 1663 4153 et
1707 4099 2051 4154 Theodoreto

482 4192 646 4246 etiam
678 4202 867 4245 sancto
900 4190 1134 4244 concilio
1157 4190 1419 4256 assensis,
1448 4198 1508 4244 ut
1537 4191 1622 4244 cui
1649 4200 1777 4246 ante
1805 4206 1902 4260 per
1925 4205 2053 4244 con-

2069 3053 2115 3113 C

2132 1824 2212 1884 είς
2252 1819 2348 1874 δύο
2398 1818 2622 1890 διαιρῶν
2677 1818 2862 1883 αὐτὸν,
2896 1817 2956 1869 οὐ
3011 1817 3189 1888 σάρκα
3240 1816 3424 1869 λαϐεῖν
3480 1820 3550 1870 ἐκ
3605 1819 3722 1871 τῶν

2132 1911 2316 1980 ἁγνῶν
2348 1910 2598 1981 αἱμάτων
2624 1908 2722 1978 τῆς
2747 1908 3090 1979 Θεομήτορος
3121 1909 3212 1961 τὸν
3236 1908 3329 1961 τοῦ
3359 1909 3498 1961 Θεοῦ
3517 1911 3607 1962 Λὸ
3621 1928 3718 1977 τεν

2133 2001 2550 2075 ἀπισχυρίζετο,
2584 2001 2720 2055 ἀλλὰ
2771 2001 2929 2056 ἄλλον
2985 2002 3087 2070 μὲν
3144 1994 3286 2053 εἶναι
3321 2000 3410 2052 τὸν
3443 2000 3581 2054 Υἱδν
3623 2003 3721 2056 τοῦ

2133 2095 2269 2149 Θεοῦ
2327 2096 2422 2148 καὶ
2469 2093 2664 2161 Λόγον,
2707 2092 2865 2145 ἄλλον
2891 2091 2949 2145 δέ
2979 2092 3071 2146 τὸν
3108 2092 3340 2163 Χριστὸν
3387 2091 3543 2144 θέσει
3604 2095 3724 2146 υἱο-

2134 2184 2452 2256 ποιηθέντα,
2479 2184 2573 2238 καὶ
2604 2186 2787 2252 χάριτι
2816 2181 3112 2239 θεωθέντα.
3141 2181 3324 2235 Ταῦτα
3347 2182 3406 2239 δὲ,
3431 2182 3718 2252 μαθόντες

2133 2277 2184 2329 oi
2228 2276 2335 2329 τῶν
2388 2274 2588 2328 λοιπῶν
2615 2275 3027 2344 πατριαρχικῶν
3085 2275 3424 2345 προεστῶτες
3473 2274 3722 2343 θρόνων,

2133 2369 2163 2422 δ
2191 2369 2288 2438 τῆς
2315 2367 2531 2438 Ῥώμης
2555 2367 2899 2433 Κελεστῖνος,
2930 2366 3192 2432 Κύριλλος
3216 2369 3244 2419 ὁ
3283 2366 3548 2437 maga“.
3574 2371 3724 2435 et“.

2166 2459 2404 2529 Ιωάννης
2472 2459 2802 2527 ’Λντοχείας,
2879 2457 3232 2521 Ἰουϐενὰλιος
3296 2459 3726 2529 Ἰεροσολύμων,

2140 2552 2480 2621 ἀναφέρουσι
2529 2551 2666 2620 πρὸς
2719 2550 2810 2602 τὸν
2863 2550 3078 2603 ἄνακτα
3131 2549 3411 2603 Θεοδόσιον
3459 2552 3560 2603 καὶ
3622 2553 3724 2621 τὴν

2142 2644 2500 2715 Πουλχερίσν,
2557 2641 2869 2712 αἰτούμενοι
2938 2643 3152 2696 σύνοδον
3193 2642 3553 2714 ἀθροισθῆναι
3629 2647 3729 2698 καὶ

2140 2737 2524 2804 γυμνασθῆναι
2579 2736 2647 2788 τὰ
2707 2735 2859 2804 παρὰ
2909 2734 3005 2787 τοῦ
3044 2735 3342 2804 Νεστορίου
3388 2735 3730 2805 δογματιξᾲ⁵

2145 2845 2304 2898 μενα.
2341 2827 2812 2897 Συγκροτηθείσης
2849 2823 2942 2880 οὖν
2974 2828 3034 2878 ἐν
3092 2827 3303 2896 Ἐφέσῳ
3345 2828 3574 2880 συνόδου
3605 2829 3724 2882 δια-

2140 2919 2338 2972 κοσίων
2365 2921 2646 2988 Πατέρων,
2677 2913 2745 2989 ἦς
2776 2917 3006 2987 ἐξῆρχεν
3029 2921 3054 2970 ὁ
3081 2917 3385 2986 ἁγιώτατος
3422 2919 3727 2988 Κύριλλσς,

2145 3011 2361 3080 ἐπέχων
2394 3010 2607 3064 καὶτὸν
2658 3011 2821 3063 τόπον
2876 3009 3204 3063 Κελεστίνου
3253 3009 3348 3062 τοῦ
3382 3012 3545 3064 πάπα
3592 3012 3730 3065 Ῥώ-

2149 3119 2280 3172 μης,
2319 3101 2394 3171 μὴ
2446 3101 2766 3170 δυνηθέντος
2823 3099 3098 3152 συνελθεῖν
3152 3100 3220 3154 δι’
3283 3101 3607 3165 ἀσθένειαν,
3661 3105 3728 3155 τὰ

2143 3190 2238 3244 τοῦ
2284 3192 2584 3268 Νεστορίου
2635 3190 3119 3260 κατεξητὰσθησαν
3160 3191 3408 3260 δόγματα
3462 3193 3562 3246 καὶ
3626 3195 3730 3244 ἁπ-

2146 3281 2457 3353 εϐλήθησαν
2481 3282 2556 3345 ὼς
2582 3283 2849 3348 κακόδοξα
2873 3297 2888 3312 ·
2914 3283 2947 3351 ἡ
2979 3282 3044 3351 δὴ
3076 3282 3206 3351 ἁγία
3232 3283 3511 3354 Παρθένος
3537 3285 3731 3338 Θεοπό-

2147 3393 2242 3439 κος
2279 3373 2572 3444 ἀπεδείχθη
2628 3375 2720 3426 καὶ⁴
2768 3374 3085 3444 φρονεῖσθαι
3145 3375 3238 3428 καὶ
3297 3376 3585 3444 λέγεσθαι,
3634 3380 3731 3433 καὶ

2144 3467 2175 3520 δ
2198 3465 2258 3530 ἐξ
2281 3465 2449 3534 αὐτῆς
2485 3464 2793 3534 σαρκωθεὶς
2828 3465 3109 3535 ἀνάνδρως
3156 3465 3286 3530 Υἱὸς
3337 3466 3436 3520 τοῦ
3467 3468 3607 3521 Θεοῦ
3637 3472 3727 3522 καὶ

2146 3556 2278 3619 θεὸς
2314 3558 2465 3626 παρὰ
2492 3555 2600 3611 τῶν
2637 3556 2796 3626 ἱερῶν
2834 3557 3058 3610 ἐκείνων
3098 3558 3362 3628 Πατάρων
3388 3560 3722 3628 κεκήρυκτο.

2150 3650 2294 3721 Πρὸς
2318 3651 2651 3721 τρανοτέραν
2678 3648 2737 3702 δέ
2759 3649 2854 3720 τῆς
2881 3651 3120 3713 πίστεως
3145 3651 3472 3721 ὁμολογίαν,
3503 3655 3598 3706 καὶ
3631 3654 3722 3723 τῆς

2147 3739 2464 3803 δυσσεϐείας
2513 3741 2608 3793 τοῦ
2636 3740 2932 3812 Νεστορίου
2969 3744 3302 3812 σαφέστερον
3337 3744 3593 3814 ἐλέγχον,
3636 3749 3721 3798 καὶ

2150 3829 2360 3884 δώδεκα
2396 3831 2660 3897 συντάξας
2717 3833 2989 3900 κεφάλαια
3049 3835 3078 3886 δ
3131 3833 3429 3903 ἱερώτατος
3461 3837 3720 3906 Rapon;

2151 3922 2248 3991 τῆς
2287 3922 2456 3993 ὀρθῆς
2516 3923 2676 3993 δόξης
2710 3907 3080 3994 ὑπομνήματα
3113 3928 3180 3995 τῇ
3242 3927 3552 3999 Ἐκκλησία
3594 3946 3722 3997 πσρ-

2155 4011 2377 4067 έδωκεν.
2421 4013 2479 4067 Ὀ
2529 4013 2587 4066 δέ
2621 4013 2912 4084 Νεστόριος
2954 4015 3261 4086 ἀπεϐλήθη,
3315 4019 3413 4071 καὶ
3476 4019 3573 4072 τοῦ
3619 4020 3718 4072 τῶν

2153 4103 2289 4174 ὀρθὰ
2308 4105 2652 4175 φρονούντων
2684 4105 2988 4176 ἀρχιερέων
3016 4107 3329 4178 ἁπεκινήθη
3357 4111 3547 4180 χοροῦ.
3575 4113 3722 4164 Μετὰ

2149 4197 2343 4267 τρίτην
2363 4197 2419 4250 δὲ
2442 4200 2540 4268 τῆς
2570 4199 2791 4251 συνόδου
2823 4199 3035 4270 ἡμέραν
3057 4200 3380 4268 ἐφίστανται
3410 4207 3480 4274 τῇ
3518 4205 3718 4272 Ἐςέεῳ

478 4285 785 4339 .tentionent
824 4290 878 4335 et
929 4296 995 4336 ex
1042 4296 1278 4336 mmrore
1331 4281 1604 4336 adversati
1656 4292 1861 4337 essent.
1911 4281 2033 4337 Cun'

2152 4288 2181 4341 ὃ
2215 4306 2272 4340 τε
2319 4289 2650 4360 Ἀντιοχείας
2711 4290 2985 4361 Ἰωάννης,
3020 4292 3115 4344 καὶ
3156 4295 3183 4344 ὀ
3213 4292 3403 4362 Κύρου
3435 4296 3721 4356 ἐπίσκοπος

474 4387 667 4431 .autem
719 4375 1008 4428 Nestorius
1061 4375 1114 4429 in
1147 4374 1341 4428 exsilio
1371 4374 1532 4429 etiam
1579 4375 1781 4429 multos
1824 4390 2033 4445 perver-

2153 4381 2525 4452 Θεοδὼρητος,
2557 4383 2650 4436 καὶ
2683 4385 2711 4435 ὁ
2774 4382 2996 4453 Ἐδέσης
3045 4381 3196 4447 Ἰϐας
3240 4385 3337 4437 καὶ
3388 4387 3597 4456 ἕτεροι,
3637 4389 3721 4440 καὶ

483 4476 651 4530 teret,
676 4466 916 4520 Joannes
943 4465 1342 4531 Antiochenus,
1375 4465 1443 4520 de
1477 4479 1543 4520 eo
1577 4466 1743 4519 alium
1786 4466 1838 4519 in
1869 4467 2031 4520 locuti

2148 4474 2231 4526 ὅτι
2293 4472 2368 4544 μὴ
2427 4473 2520 4526 καὶ
2567 4473 2667 4543 τὴν
2699 4472 2881 4525 αὐτῶν
2912 4475 3217 4544 παρουσίαν
3246 4477 3294 4528 οἱ
3355 4476 3458 4545 τῆς
3516 4480 3717 4531 συνόδου

483 4557 872 4611 transferendo
902 4555 1087 4610 refert.
1120 4556 1304 4625 Itaque
1339 4557 1504 4610 miser
1537 4557 1592 4610 in
1620 4555 1806 4623 Oasin,
1840 4557 2033 4611 Arabia

2149 4565 2461 4634 ἀνέμειναν,
2492 4564 2834 4633 ὀργισθέντες
2858 4563 3002 4616 κατὰ
3037 4563 3131 4616 τοῦ
3176 4566 3421 4634 μεγάλου
3468 4570 3717 4639 Rapina;

486 4647 770 4715 regionem
797 4647 1065 4711 sterilem,
1091 4658 1148 4700 et
1169 4648 1348 4701 ventis
1375 4647 1761 4717 pestilentibus
1781 4648 2030 4702 infestam

2151 4657 2227 4720 ὡς
2273 4655 2383 4709 τῶν
2429 4655 2603 4710 ἄλλων
2657 4654 3001 4724 ἐξάρχοντος,
3055 4657 3154 4726 τήν
3199 4672 3259 4708 τε
3309 4659 3405 4712 τοῦ
3436 4661 3716 4731 Νεστορίσυ

488 4737 852 4792 transfertur.
907 4737 1072 4792 Nova:
1139 4749 1320 4794 autem
1381 4739 1566 4793 Romae
1627 4740 1740 4795 sedi
1796 4740 2033 4810 pastoral

2155 4748 2476 4818 καθαίρεσιν
2525 4747 2840 4818 ᾐτιάσαντο,
2897 4749 2990 4801 καὶ
3025 4748 3218 4820 ἐκείνῳ
3252 4751 3500 4820 θέμενοι,
3542 4755 3630 4806 τοῦ
3669 4769 3718 4806 τε

493 4829 868 4884 Maximianus
924 4829 1184 4884 Ecclesia:
1231 4832 1519 4902 presbyter
1565 4831 1881 4900 prmlicitur.
1933 4833 2033 4887 Pus

2153 4847 2300 4901 θείου
2350 4845 2620 4916 Κυρίλλου
2671 4846 2768 4899 καὶ
2813 4849 3090 4918 Μέμνονος
3146 4851 3240 4904 τοῦ
3287 4852 3525 4920 Ἐφέσου
3592 4851 3714 4905 καθα

484 4939 653 4993 quem
683 4923 1001 4992 pontificatu
1029 4923 1229 4979 hienno
1262 4924 1531 4989 functum,
1556 4925 1846 4991 Proculus,
1880 4925 2033 4995 Chry-

2150 4940 2362 5010 αίρεσιν
2411 4939 2768 5010 ἐψηφίσαντο.
2829 4941 2888 4994 '0
2935 4941 3282 5014 Θεοδὼρητος
3358 4946 3414 4998 δέ
3459 4946 3555 4999 καὶ
3597 4944 3719 4998 κατὰ

491 5017 720 5072 sostomi
749 5016 1074 5086 discipulus,
1103 5018 1417 5086 patriarcha
1449 5025 1687 5084 creatur,
1715 5019 1809 5088 qui
1843 5017 2033 5088 priden

2153 5034 2260 5083 τιὶίν
2286 5030 2496 5084 δώδεκα
2525 5032 2838 5100 κεφαλαίων
2866 5032 2974 5086 τῶν
3015 5033 3108 5086 τοῦ
3145 5036 3422 5106 Κυρίλλου
3470 5038 3717 5108 ἐχώρησε,

485 5123 521 5162 a
549 5106 791 5161 Sisinnio
830 5106 1146 5160 Patriarcha
1171 5107 1352 5176 Cyzici
1391 5112 1686 5176 episcOpus
1716 5109 2033 5178 designatus

2157 5123 2250 5174 καὶ
2273 5124 2353 5184 είς
2378 5124 2692 5193 ἀνατροπὴν
2726 5126 2904 5178 αὐτῶν
2928 5127 3202 5196 κεφάλαια
3232 5130 3532 5194 συνέταξεν
3553 5133 3716 5196 ἔτερα,

491 5200 586 5254 sed
607 5215 636 5252 a
667 5198 974 5270 Cyzicenis,
998 5201 1092 5268 qui
1127 5202 1291 5254 alium
1309 5200 1609 5270 elegerant,
1642 5216 1750 5254 non
1783 5210 2033 5270 receptus

2156 5213 2292 5282 πρὸς
2320 5213 2356 5267 ἃ
2393 5215 2555 5268 πάλιν
2584 5218 2612 5268 ὁ
2666 5218 2837 5285 μέγας
2867 5219 3275 5289 ἀντηγωνίσατο
3307 5220 3600 5291 Κύριλλος,
3635 5220 3716 5271 οὐκ

491 5305 740 5366 tempore
793 5294 1082 5364 interjecto
1126 5295 1300 5349 otium
1339 5303 1545 5366 egerat.
1569 5293 1670 5349 Hic
1711 5295 1878 5363 igitur
1927 5293 2033 5348 sedi

2157 5303 2333 5372 ὀρθῶς
2367 5305 2710 5375 δογματίζειν
2763 5308 3000 5379 ἐλέγχων
3029 5309 3120 5361 τὸν
3166 5309 3548 5381 Θεοδώρτρον.
3595 5312 3710 5362 Κατ.

1687 5457 1884 5518 νθτῑω
1945 5457 2246 5522 lectiones
2287 5469 2349 5524 et
2387 5468 2571 5523 noue.

569 5598 680 5668 (78)
715 5601 1052 5667 Διπτύχοις.
1095 5595 1307 5668 Sperat.
1351 5597 1446 5650 lib.
1478 5613 1572 5660 vti,
1611 5615 1733 5668 cap.
1763 5600 1853 5653 25.

777 5603 1052 5679 διπτύχοις.
1095 5603 1307 5679 ξηαπ-σι.
1351 5603 1446 5679 lib.
1478 5613 1572 5679 vti,
1611 5615 1733 5668 cap.
1763 5603 1853 5653 25.
1890 5669 1903 5679 _
2047 5671 2060 5679 _
2173 5603 2446 5679 Quercurn
2468 5605 2612 5674 apud
2652 5606 2928 5669 l’hotium,
2953 5625 3006 5661 ιι.
3046 5609 3134 5664 59.

569 5666 680 5738 (79)
735 5667 1197 5737 'upirsi-tuaniq.
1240 5666 1453 5724 Socrat.
1489 5669 1583 5723 lib.
1610 5666 1692 5734 vi,
1735 5669 1976 5740 synodus
1997 5671 2063 5726 ad

2246 5677 2357 5743 (δυ)
2390 5678 2710 5742 Σισίννιος.
2755 5679 2964 5733 ὃοοιιιι.
2994 5680 3088 5732 lib.
3121 5695 3220 5746 vn,
3245 5694 3372 5749 cap.
3397 5681 3489 5736 26.
