3938 6208
424 237 558 301 1191

1725 227 2046 290 JOANNIS
2086 225 2405 288 ZONARE

3542 221 3688 285 1192

421 341 752 398 Eunuchum
805 339 942 405 adit,
1007 354 1119 396 sua
1183 335 1471 394 sententiae
1530 335 1990 406 suffragatorem:

2112 334 2176 406 τῷ
2211 334 2442 404 ἐκτομίᾳ
2487 332 2838 404 δμοδοξοῦντι
2888 331 3058 404 αὐτῷ,
3114 331 3206 386 καὶ
3247 332 3481 386 πλεῖστα
3513 334 3686 387 δυνα-

420 435 516 503 qui
545 450 669 489 cum
697 432 838 502 apud
872 433 1260 501 imperatorem
1303 429 1602 500 plurimum
1635 436 1842 497 posset.
1879 427 1984 480 im-

423 536 626 596 petrat,
656 536 715 580 ut
744 527 1006 580 Dioscoro
1035 523 1129 592 qui
1153 532 1277 592 post
1304 521 1492 593 Cyrilli
1513 521 1725 575 obitum
1753 520 1992 574 Alexan-

420 617 640 672 drinam
668 617 970 670 Eeclcsiam
1019 613 1361 683 gubernabat
1389 627 1513 667 cum
1555 611 1678 665 aliis
1719 607 1996 680 episcopis

425 710 699 780 Ephesum
725 717 940 770 vocato,
970 705 1369 775 Eutychianum
1397 704 1592 774 dogma
1619 711 1992 766 excuteretur,

424 811 692 870 pra:scnte
719 799 882 854 etiam
927 797 1205 851 Flaviano.
1238 797 1289 850 is
1317 796 1483 864 igitur
1519 795 1835 854 Dioscorus,
1869 807 1994 846 cum

423 897 669 967 Eutyche
698 897 1072 959 consentiens,
1098 895 1352 950 adductis
1390 894 1511 947 aliis
1531 893 1697 945 etiam
1723 889 1998 960 episcOpis

423 985 669 1056 ejusdem
702 985 998 1056 opinionis,
1054 985 1327 1055 Ephesum
1376 984 1676 1053 profectus,
1727 981 1998 1050 suffraga-

427 1087 518 1132 tur
541 1077 879 1147 Eutychiano
909 1077 1173 1146 dogmati.
1204 1076 1476 1130 Cteterum
1511 1082 1705 1128 sancto
1730 1071 1998 1126 Flaviano

427 1169 778 1230 adversante,
833 1169 1126 1222 Dioscorus
1185 1167 1446 1220 exsilicns
1518 1165 1690 1218 instar
1747 1161 2002 1216 indomiti

429 1261 594 1324 asini,
660 1261 904 1316 calcibus
957 1261 1130 1313 sancti
1179 1258 1326 1313 illius
1361 1259 1463 1310 viri
1511 1266 1704 1326 pectus
1745 1255 2002 1324 impetiit,

427 1363 482 1408 et
511 1355 710 1426 pugnis
745 1353 991 1407 maxillas
1019 1354 1138 1422 ejus
1179 1350 1411 1405 tundere
1442 1365 1554 1403 non
1583 1349 1736 1418 prius
1769 1346 2000 1409 destitit,

421 1460 591 1514 quam
629 1442 865 1498 concilio
901 1443 1222 1512 expulisset.
1258 1441 1329 1495 At
1375 1448 1600 1495 sanctus
1649 1439 1738 1493 ille
1768 1452 1836 1492 ex
1883 1437 2001 1505 pla-

419 1552 498 1617 ..εει
559 1536 796 1603 pectoris
856 1543 979 1604 post
1044 1533 1287 1588 triduum
1351 1530 1599 1615 decedit,
1661 1543 1785 1582 cum
1842 1527 2006 1581 Novae

433 1628 617 1682 Romae
663 1627 920 1681 thronum
964 1641 1060 1694 per
1091 1624 1373 1678 biennium
1410 1629 1686 1676 ornasset.
1719 1619 2007 1674 Dioscorus

432 1730 614 1772 autem
660 1717 949 1786 episcopos
1006 1716 1100 1786 qui
1185 1715 1416 1769 aderant
1473 1711 1820 1766 subscribere
1877 1725 2004 1764 sen-

434 1807 619 1863 tentia:
673 1822 784 1862 sua!
843 1806 1041 1876 coegit.
1100 1804 1236 1860 Nam
1299 1803 1598 1857 Eunuchus
1655 1801 1744 1855 ille
1803 1801 2006 1854 milites

434 1907 672 1951 armatos
722 1896 912 1950 adesse
964 1897 1226 1965 jusserat,
1275 1903 1338 1946 ut
1387 1893 1742 1947 adversantes
1796 1901 2007 1960 perter-

434 1987 719 2042 refaceret.
745 1985 946 2040 Verum
961 1987 1220 2049 Domnus,
1238 1985 1589 2038 Antiochenze
1610 1983 1763 2036 urbis
1784 1996 2003 2051 praeses,

435 2095 562 2135 cum
605 2088 660 2133 et
694 2080 809 2148 ipse
843 2079 897 2132 in
944 2079 1183 2132 tumultu
1213 2078 1305 2131 illo
1340 2077 1778 2146 subscripsisset,
1820 2083 2007 2144 postea

438 2171 493 2224 in
560 2171 884 2224 Dioscorum
949 2169 1319 2231 vociferatur,
1375 2169 1606 2236 ejusque
1673 2165 2006 2220 sententiam

437 2270 498 2315 ut
543 2261 825 2330 impietate
882 2259 1094 2330 plenam
1140 2258 1467 2328 proscindit.
1524 2255 1619 2309 llis
1663 2253 2010 2308 Theodosius

437 2352 661 2416 auditis,
709 2361 766 2405 et
806 2351 1049 2406 Flaviani
1094 2349 1314 2420 cognito
1363 2347 1613 2413 interitu,
1664 2346 1840 2399 iratus
1884 2359 2010 2398 cum

441 2441 792 2512 Chrysaphio
849 2442 1206 2509 expostulat:
1252 2439 1343 2494 cui
1412 2439 1708 2492 Dioscorus
1775 2432 2010 2504 periculi

440 2543 589 2587 metu
638 2531 850 2594 suadet,
887 2540 946 2584 ut
969 2532 1037 2584 ab
1067 2531 1399 2599 imperatore
1443 2532 1728 2597 impetret,
1777 2536 1835 2578 ut
1868 2525 2013 2577 Ana-

441 2625 656 2686 tolium,
702 2623 796 2691 qui
832 2621 884 2676 ei
924 2637 953 2676 a
995 2621 1272 2690 responsis
1310 2628 1450 2683 erat,
1497 2633 1659 2688 quem
1709 2614 2008 2686 apocrisia-

442 2714 584 2768 rium
653 2721 866 2773 vocant.
925 2712 1294 2782 patriarcham
1342 2707 2010 2777 ConstantinOpolitanum

442 2803 713 2874 designet,
756 2819 866 2873 quo
885 2814 941 2857 et
995 2803 1296 2871 Eutychem
1345 2802 1399 2855 in
1435 2801 1752 2854 societatem
1800 2796 2010 2865 recipe-

442 2905 546 2959 ret,
595 2894 748 2949 etde
793 2894 1038 2950 Flaviani
1089 2895 1401 2949 calamitate
1439 2891 1548 2963 44
1593 2889 1825 2960 quaestio
1858 2887 2010 2941 nulla

443 2978 762 3036 haberetur.
808 2981 884 3035 Ea
932 2997 991 3036 re
1037 2997 1134 3051 per
1181 2981 1511 3036 Eunuchum
1560 2981 1629 3034 ab
1679 2979 2009 3048 imperatore

442 3071 602 3126 facile
649 3072 956 3142 impetrata,
1000 3071 1311 3141 patriarcha
1344 3069 1661 3140 designatur
1700 3067 2006 3122 Anatolius.

442 3161 590 3215 Idem
615 3161 1008 3232 Clirysaphius,
1033 3162 1200 3215 ascita
1228 3162 1394 3215 etiam
1425 3160 1672 3213 Endoxia
1697 3158 1969 3228 adjutrice
1989 3198 2004 3222 ,

443 3253 700 3307 facilitari
745 3253 1012 3322 principis
1067 3251 1326 3316 illudens,
1360 3249 1674 3320 persuadet,
1708 3258 1772 3301 ut
1801 3256 1856 3302 et
1885 3247 2012 3302 Pul-

445 3345 634 3398 cheiia
687 3344 757 3397 ab
805 3343 1292 3397 administratione
1333 3356 1516 3396 rerum
1557 3348 1891 3394 amoveatur.
1933 3339 2010 3393 Ea

447 3433 634 3502 igitur,
681 3433 805 3485 aula
857 3431 1067 3496 relicta,
1120 3435 1289 3486 vitam
1341 3429 1612 3499 privatam
1671 3429 1806 3498 agit,
1847 3436 1905 3482 et
1952 3428 2010 3482 in

445 3524 726 3577 llebdomo
767 3523 1023 3592 quiescit.
1063 3523 1132 3577 At
1174 3523 1498 3593 imperator,
1545 3521 1633 3575 vix
1690 3519 1910 3574 tandem
1941 3520 2010 3575 ad

446 3631 634 3670 sanam
689 3624 928 3670 mentem
987 3630 1262 3679 reversus,
1317 3613 1659 3668 considerata
1707 3619 1762 3666 et
1802 3610 2012 3666 nefaria

445 3707 686 3762 Flaviani
749 3707 917 3771 ciede,
977 3717 1034 3762 et
1089 3707 1393 3761 Pulcheria:
1451 3704 1728 3760 delatione
1777 3741 1794 3768 ,
1857 3705 2007 3775 justa

445 3799 818 3868 indignatione
860 3809 1051 3853 contra
1097 3798 1425 3852 Eunuchum
1464 3803 1797 3859 commotus,
1845 3809 2012 3865 quem

447 3906 638 3944 earum
690 3906 872 3944 rerum
918 3890 1164 3944 omnium
1205 3898 1485 3944 auctorem
1529 3903 1652 3944 esse
1703 3890 2010 3952 constabat,

445 3983 726 4036 hominem
790 3983 1028 4050 relegat,
1089 3981 1288 4050 opibus
1358 3981 1478 4052 ejus
1539 3978 1893 4045 confiscatis,
1956 3987 2014 4034 et

445 4086 688 4126 sororem
719 4072 890 4141 petita
918 4072 1074 4125 venia
1101 4078 1350 4127 revocat.
1367 4070 1797 4126 EratPulcheria
1815 4069 2015 4124 mulier

446 4163 865 4233 prudentissima
895 4204 909 4228 ,
951 4179 1072 4233 quae
1121 4164 1294 4217 multa
1338 4162 1528 4218 fratris
1580 4172 1765 4218 errata
1813 4163 2013 4233 partim

445 4255 778 4324 corrigebat,
825 4255 1023 4324 partim
1060 4254 1294 4324 tegebat.
1331 4252 1554 4308 Litteris
1581 4254 1673 4308 ille
1703 4263 1854 4308 certe
1891 4253 2013 4321 qni-

2099 428 2246 498 μένῳ
2275 427 2426 495 παρὰ
2455 426 2535 498 τῷ
2569 425 2783 495 βασιλεί
2805 440 2822 456 ο
2856 424 2953 478 καὶ
2985 423 3045 486 ὃς
3073 425 3250 477 πείθει
3271 424 3362 477 τὸν
3391 425 3686 478 Θεοδόσιον

2096 519 2391 590 ἐπιτρέψαι
2427 518 2506 589 τῷ
2557 519 2694 588 μετὰ
2718 519 2817 590 τὴν
2859 518 2955 572 τοῦ
2998 519 3156 586 ἁγίου
3190 518 3467 588 Κυρίλλου
3513 518 3688 588 μετάο

2098 628 2289 664 στασιν
2355 613 2453 679 τῆς
2527 610 2936 681 Ἀλεξανδρείας
3007 610 3098 664 τὸν
3168 610 3363 681 θρόνον
3432 609 3686 664 διέποντι

2097 704 2392 774 ᾼιοσκόρῳ,
2443 703 2852 772 παραγενέσθαι
2901 704 2983 766 είς
3021 704 3258 772 Ἔφεσον
3305 703 3426 774 tit-60’
3472 704 3686 772 ἐτέρων

2097 795 2438 858 ἐπισκόπων,
2496 797 2591 849 καὶ
2644 796 2712 849 τὰ
2769 797 2911 850 κατὰ
2957 795 3051 848 τὸν
3092 795 3310 866 Εὐτυχῆ
3372 796 3684 863 γυμνάσαι,

2099 888 2365 956 παρόντος
2388 887 2482 940 καὶ
2504 887 2596 940 τοῦ
2633 886 2958 941 Φλαϐιανοῦ.
2998 883 3165 950 Οὗτος
3194 881 3289 940 οῦν
3315 889 3344 940 6
3382 888 3684 957 Διόσκορος

2100 980 2195 1032 τοῦ
2245 979 2520 1048 Εὐτυχοῦς
2548 979 2837 1049 τυγχάνων
2860 979 3136 1050 όμόδοξος,
3183 981 3280 1033 καὶ
3321 979 3521 1040 ἄλλους
3559 981 3658 1031 ἐπι

2103 1070 2340 1133 σκόπους
2399 1069 2781 1140 προσειληφὼς
2845 1070 3260 1142 ὁμογνώμονας,
3298 1073 3385 1133 είς
3444 1073 3683 1140 Ἔφεσον

2103 1162 2468 1232 παραγίνεται
2490 1165 2878 1240 ,ίκαὶκκυροῖ
2921 1165 2989 1216 τὰ
3048 1163 3199 1233 παρὰ
3252 1165 3348 1216 τοῦ
3404 1162 3684 1232 Εὐτυχοῦς

2102 1255 2449 1323 είσαγόμενα.
2489 1255 2908 1321 ι⁹Αντιλέγοντος
2950 1255 3009 1308 δὲ
3048 1255 3143 1307 τοῦ
3198 1256 3502 1325 ίερωτὰτου
3538 1255 3686 1308 Φλα-

2103 1345 2318 1412 ϐιανοῦ,
2349 1340 2438 1399 οἶά
2477 1363 2560 1404 τις
2601 1346 2790 1415 ἄγριος
2837 1347 2957 1409 ὄνος
2989 1344 3274 1416 ἀναθορὼν
3301 1347 3331 1397 6
3362 1347 3685 1414 Διόσκορος,

2103 1437 2204 1501 λὰξ
2227 1437 2304 1508 τῷ
2331 1438 2540 1508 στέρνῳ
2570 1437 2786 1507 ἐνέθορε
2814 1437 2907 1490 τοῦ
2931 1437 3186 1499 εὐσεϐοῦς
3218 1437 3433 1490 ἐκείνου
3468 1438 3688 1506 ἀνδρὸς,

2105 1527 2202 1581 καὶ
2232 1527 2338 1593 πὺξ
2389 1528 2552 1582 αὐτὸν
2611 1529 2756 1582 κατὰ
2807 1531 3013 1600 κόρρης
3056 1528 3297 1593 τύπτων,
3338 1528 3443 1582 οὐκ
3483 1529 3690 1597 ἀνῆκεν

2105 1620 2212 1682 ἓως
2240 1620 2334 1673 τοῦ
2371 1620 2650 1691 συνεδρίου
2679 1621 2939 1690 ἐξώθησε.
2985 1623 3092 1674 Καὶ
3137 1623 3165 1674 6
3207 1621 3310 1692 μὲν
3356 1621 3510 1688 ἆγιο·
3549 1621 3694 1688 μετὰ

2106 1709 2296 1778 τρίτην
2326 1711 2540 1781 ἡμέραν
2573 1713 2637 1764 ἐκ
2670 1712 2771 1782 τῆς
2811 1710 2904 1764 τοῦ
2949 1711 3171 1782 στέρνου
3212 1713 3432 1783 πληγῆς
3488 1713 3693 1780 μετήλ-

2106 1801 2231 1865 λαξε
2261 1803 2360 1871 τὴν
2401 1802 2545 1873 ζωὴν
2576 1802 2713 1876 (87),
2756 1805 2816 1857 ἐν
2850 1804 2945 1857 δύο
2987 1806 3257 1866 ἐνιαυτοῖς
3291 1804 3388 1857 τὸν
3419 1805 3694 1873 ἀρχιερα-

2106 1890 2256 1942 τικὸν
2301 1892 2590 1960 κοσμήσας
2644 1892 2836 1963 θρόνον
2867 1893 2966 1960 τῆς
3008 1893 3302 1963 Νεωτέρας
3351 1893 3585 1963 Ῥώμης
3619 1911 3637 1927 θ
3665 1896 3694 1946 6

2105 1980 2164 2033 δὲ
2209 1980 2498 2052 Διόσκορος
2541 1983 2667 2045 τοὺς
2701 1985 2818 2036 ἐκεῖ
2856 1984 3129 2053 παρόντας
3178 1985 3522 2046 ἐπισκόπους
3557 1986 3692 2037 ὐπο-

2111 2075 2458 2142 σημήνασθαι
2530 2073 2790 2128 ἐϐιάσατο
2851 2077 2930 2147 τῷ
2987 2078 3118 2146 παρ’
3179 2077 3345 2129 αὐτοῦ
3405 2075 3693 2129 ἐκτεῦέιτι

2108 2167 2240 2236 ὅρῳ.
2282 2165 2348 2219 Ἥ
2397 2165 2506 2237 γὰρ
2554 2166 2647 2219 τοῦ
2706 2167 3034 2239 δηλωθέντος
3090 2168 3346 2238 εὐνούχου
3393 2168 3686 2220 δυναστεία

2113 2259 2458 2326 στρατιώτας
2495 2259 2757 2322 ἐνόπλους
2809 2261 2925 2313 ἐκεῖ
2975 2264 3236 2330 παρεῖναι
3285 2262 3546 2330 ἐποίησε,
3599 2280 3693 2313 και

2111 2348 2234 2412 τοὺς
2264 2349 2646 2418 ἀντιλέγοντας
2676 2350 2950 2419 ἐκφοϐεῖν.
2996 2353 3200 2420 Δόμνος
3233 2351 3291 2404 δέ
3330 2354 3360 2404 6
3405 2352 3516 2421 τῆς
3567 2353 3688 2405 ’λιν-

2110 2441 2336 2510 τιοχέων
2395 2440 2602 2505 πόλεως
2660 2443 2920 2513 πρόεδρος
2978 2443 3375 2512 ὐπεσημήνατο
3431 2445 3537 2513 μὲν
3594 2443 3691 2496 καὶ

2111 2534 2274 2597 αὐτὸς
2329 2535 2721 2606 συναρπαγεὶς,
2769 2532 2888 2590 εἶτα
2940 2537 3178 2590 κατεϐόα
3217 2537 3312 2589 τοῦ
3363 2539 3687 2608 Διοσκόρου,

2111 2627 2207 2678 καὶ
2233 2626 2324 2678 τὸν
2354 2627 2478 2696 ὅρον
2515 2625 2792 2680 διέϐαλλεν
2824 2625 2899 2688 ὡς
2933 2626 3186 2690 ἀσεϐείας
3230 2629 3457 2698 μεστόν.
3503 2629 3688 2682 Ταῦτα

2115 2715 2301 2785 μαθὼν
2353 2719 2380 2769 6
2436 2717 2688 2786 βασιλεὺς
2755 2717 3067 2781 Θεοδόσιος,
3115 2719 3210 2771 καὶ
3266 2719 3334 2772 τὰ.
3389 2720 3538 2772 κατὰ
3595 2720 3688 2772 τὸν

2111 2805 2412 2859 Φλαϐιανδν
2444 2806 2600 2874 γνοὺς
2626 2808 2682 2858 ἐν
2713 2808 2913 2871 αἰτίαις
2939 2808 3201 2877 πεποίητο
3226 2808 3316 2862 τδν
3338 2810 3686 2880 Χρυσάφιον,

2113 2897 2208 2949 καὶ
2263 2895 2553 2966 ὠργίζετο.
2583 2897 2772 2961 Δείσας
2812 2897 2869 2950 δέ
2915 2899 2942 2951 6
2991 2901 3304 2970 Διόσκορος,
3363 2901 3688 2971 δποτίθησιν

2113 2988 2261 3056 αὐτῷ
2310 2990 2500 3040 πεῖσαι
2545 2989 2636 3044 τὸν
2673 2989 2898 3060 βασιλέα
2940 2993 3287 3062 πατριάρχην
3331 2994 3687 3045 Κωνσταντι-

2112 3075 2416 3140 νουπόλεως
2476 3077 2925 3148 προχειρίσασθαι
2999 3079 3300 3133 Ἀνατόλιον
3365 3081 3460 3132 τὸν
3520 3081 3687 3134 αὐτοῦ

2111 3170 2559 3241 ἀποκρισιάριον,
2602 3170 2688 3225 ἵνα
2739 3171 2832 3224 καὶ
2886 3171 2974 3224 τὸν
3017 3172 3233 3242 Εὐτυχῆ
3277 3172 3508 3242 δέξηται
3551 3176 3689 3244 πρὸς

2113 3264 2422 3329 κοινωνίαν,
2471 3264 2567 3316 καὶ
2623 3263 2692 3316 τὰ
2745 3263 2886 3316 κατὰ
2925 3265 3016 3317 τὸν
3069 3268 3340 3334 μακάριον
3386 3265 3690 3319 Φλαϐιανὲν

2117 3354 2280 3428 μείνῃ
2311 3353 2729 3425 ἀνεξερεύνητα.
2776 3353 2957 3408 Πείθει
3005 3355 3186 3409 τοίνυν
3227 3357 3256 3408 6
3305 3357 3574 3427 ἐκτομίας
3601 3357 3690 3410 τὸν

2115 3447 2357 3518 βασιλέα,
2399 3447 2682 3514 εὐάγωγον
2717 3446 2868 3511 ὄντα,
2924 3447 3020 3499 καὶ
3049 3449 3444 3517 χειροτονεῖται
3487 3466 3690 3518 πατρι-

2113 3542 2287 3610 άρχης
2329 3542 2358 3592 6
2405 3538 2707 3600 ’Δνατόλιος
2741 3538 2873 3608 (88).
2918 3533 3086 3602 Οὗτος
3126 3541 3155 3592 6
3203 3541 3501 3610 εἰρημένος
3547 3541 3693 3610 Χρυ-

2115 3633 2332 3699 σὰςιος,
2376 3630 2477 3700 τῆς
2501 3629 2746 3694 εὐκολίας
2799 3628 2894 3684 τοῦ
2928 3627 3256 3693 κρατοῦντος
3292 3632 3689 3701 κατατρυφῶν.

2113 3719 2332 3773 ἔπεισεν
2359 3718 2540 3784 αὐτὸν,
2565 3719 2662 3771 καὶ
2694 3718 2792 3788 τὴν
2819 3717 3135 3788 βασίλισσαν
3159 3719 3421 3773 Εὐδοκίαν
3461 3738 3691 3792 προσει-

2113 3810 2301 3880 ληφὼς
2357 3810 2640 3880 συνεργὸν,
2683 3809 2781 3880 τὴν
2846 3810 3181 3880 Πουλχερίαν
3235 3811 3337 3877 τῆς
3386 3813 3504 3864 τῶν
3556 3829 3693 3882 πρα-

2113 3904 2342 3974 γμάτων
2403 3903 2752 3972 μετενεγκεῖν
2776 3901 3114 3970 διοικήσεως.
3179 3901 3290 3954 Καὶ⁵
3316 3901 3351 3971 ἡ
3403 3902 3534 3972 μὲν,
3583 3905 3691 3957 τῶν

2117 3993 2436 4064 ἀνακτόρων
2491 3993 2934 4062 ὑποχωρήσασα,
2995 3991 3118 4044 καθ’
3157 3992 3360 4057 ἑαυτὴν
3416 3992 3544 4061 ἔζη,
3599 3996 3692 4047 καὶ

2115 4086 2174 4139 ἐν
2214 4083 2292 4154 τῷ
2347 4081 2589 4152 Ἑϐδόμῳ
2615 4082 2724 4153 (89)
2756 4081 3043 4151 ἡσύχαζεν.
3114 4079 3170 4136 '0
3195 4082 3253 4135 δέ
3303 4082 3589 4152 βασιλεὺς,
3617 4087 3696 4146 είς

2116 4175 2309 4228 ἐαυτὸν
2367 4173 2467 4244 (ιψέ
2517 4175 2611 4227 καὶ
2647 4171 2799 4242 μόλις
2847 4171 3043 4238 ἐλθὼν,
3090 4172 3185 4226 καὶ
3233 4174 3336 4244 τὴν
3393 4176 3546 4229 κατὰ
3598 4176 3690 4229 τοῦ

2121 4269 2394 4338 μακαρίου
2458 4263 2762 4318 Φλαϐιανοῦ
2830 4265 3145 4334 μιαιφονίαν
3199 4265 3691 4336 ἀναλογισάμενος,

446 4345 572 4402 dem
628 4346 1033 4425 inconsiderate
1091 4345 1444 4400 subscribere
1488 4345 1799 4399 dicebatur.
1857 4344 2007 4411 Quod

2120 4359 2216 4412 καὶ
2262 4358 2331 4410 τὰ
2381 4358 2523 4411 κατὰ
2563 4357 2662 4428 τὴν
2707 4355 3064 4426 Πουλχερίαν,
3099 4357 3196 4410 καὶ
3239 4357 3471 4412 πάντων
3522 4361 3693 4412 αῐτιον

447 4455 518 4494 ne
574 4440 822 4504 faceret,
876 4446 1043 4507 utque
1111 4438 1421 4493 litterarum
1491 4437 1820 4492 sententiam
1878 4452 2014 4492 con-

451 4529 742 4596 sideraret,
802 4529 872 4584 ab
923 4529 1013 4583 illa
1052 4528 1391 4595 admonitus,
1441 4528 1771 4595 aflirmabat,
1822 4543 1855 4582 a
1899 4517 2010 4583 ne-

458 4621 604 4675 mine
639 4620 778 4675 strui
811 4621 919 4676 sibi
950 4620 1223 4686 fraudem,
1263 4631 1318 4676 et
1358 4621 1502 4676 scire
1541 4636 1599 4676 se
1645 4622 1780 4691 quid
1819 4621 2018 4676 littera:

449 4712 815 4766 continerent.
845 4713 1026 4779 Quare
1073 4715 1163 4768 illa
1202 4713 1270 4767 ad
1306 4713 1616 4768 socordiam
1650 4713 1835 4768 fratris
1862 4728 2019 4768 coar-

448 4801 724 4873 guendam
774 4802 1088 4873 hujusmodi
1133 4812 1445 4858 commento
1499 4818 1595 4857 usa
1641 4813 1746 4858 est.
1785 4803 2018 4860 Nomine

461 4895 617 4949 illius
667 4896 1034 4966 syngrapham
1095 4897 1402 4967 componit,
1447 4911 1556 4966 qua
1601 4897 1706 4950 sibi
1770 4897 2020 4952 Eudoxia

449 4988 694 5058 Augusta
741 4990 1092 5053 venderetur,
1142 5005 1344 5060 eaque,
1407 5006 1507 5045 ceu
1557 4989 1704 5044 aliud
1755 4991 2015 5060 quiddam

449 5088 614 5145 esset,
639 5083 1170 5151 imperatoripblata,
1190 5082 1356 5138 eﬂicit
1375 5091 1436 5136 ut
1453 5081 1786 5137 subscribat.
1809 5083 2017 5138 Deinde

2119 4448 2211 4501 τὸν
2269 4445 2494 4517 βέϐηλον
2541 4447 2748 4500 ἐκεῖνον
2799 4446 3057 4516 εὐνοῦχον
3099 4446 3297 4516 εὑρὼν,
3349 4450 3435 4511 είς
3485 4449 3696 4503 δίκαιον

2121 4535 2243 4591 κατ’
2283 4537 2449 4590 αὐτοῦ
2489 4538 2718 4590 κινεῖται
2750 4535 2943 4602 θυμὸν,
2973 4537 3068 4590 καὶ
3105 4537 3200 4590 τοῦ
3235 4537 3338 4607 μὲν
3396 4541 3698 4610 ὑπερορίαν
3727 4577 3730 4606 λ

2122 4625 2563 4696 καταψηφίζεται
2604 4625 2740 4697 (90),
2771 4626 2868 4679 καὶ
2903 4627 3130 4696 δημεύει
3156 4629 3257 4698 τὴν
3279 4630 3475 4683 οὐσίαν
3503 4632 3694 4694 αὐτοῦ,
3723 4611 3726 4642 ἐ

2120 4717 2219 4787 τὴν
2242 4714 2300 4768 δέ
2344 4714 2584 4785 ἀδελφὴν
2631 4714 3140 4787 μετακαλεσάμενος
3194 4719 3538 4790 συγγνώμην
3582 4723 3695 4793 ᾔτει

2118 4808 2214 4861 καὶ
2262 4807 2362 4876 τὴν
2413 4806 2526 4861 τῶν
2590 4808 2935 4879 πραγμάτων
3007 4808 3275 4874 διοίκησιν
3334 4811 3497 4876 αὐθις
3556 4818 3694 4882 αὐτῇ

2117 4898 2467 4968 ἐνεχείρισεν.
2509 4895 2622 4952 Ἦν
2667 4898 2726 4950 δέ
2769 4900 2803 4968 ἡ
2845 4897 3148 4972 Πουλχερία
3181 4903 3563 4974 συνετωτάτη,
3606 4905 3695 4956 καὶ

2119 4989 2289 5043 πολλὰ
2347 4989 2459 5043 τῶν
2515 4989 2917 5059 ἐλαττωμάτων
2984 4989 3078 5042 τοῦ
3134 4990 3403 5059 ἀδελφοῦ,
3476 4997 3548 5048 τὰ
3601 4996 3695 5065 μὲν

2122 5081 2464 5152 ἐπηνώρθου,
2482 5082 2550 5136 τὰ
2569 5081 2625 5134 δὲ
2649 5081 3042 5135 συνεκαλυπτε.
3063 5084 3300 5151 Λέγεται
3325 5085 3460 5152 γοῦν
3489 5088 3695 5156 6.7.99:-

1641 5217 1840 5279 νει-ιω
1870 5216 2180 5278 lectiones
2202 5220 2264 5276 et
2300 5220 2490 5276 notia.

525 5339 638 5412 (87)
663 5341 1017 5408 Μετήλλαξε
1037 5342 1149 5408 τὴν
1173 5342 1346 5411 ζωήν.
1368 5342 1654 5412 Evagrius,
1675 5343 2019 5399 Marcellinus

452 5424 654 5474 comes,
667 5421 776 5482 etc.
804 5416 857 5466 S.
883 5412 1120 5466 Flaviani
1149 5413 1292 5467 Patr.
1325 5413 2017 5482 Constantinopol.festum

455 5488 618 5550 agunt
651 5480 826 5536 (ἔτκοί
862 5484 928 5536 16
958 5483 1118 5536 Febr.
1151 5493 1212 5536 ut
1240 5491 1328 5539 est
1362 5484 1416 5535 in
1440 5485 1677 5537 Menaeis.

530 5551 642 5628 (illi)
693 5552 1058 5628 ξᾼνατόλιος.
1099 5553 1270 5624 Cujus
1293 5554 1615 5608 memoriam
1643 5564 1808 5624 agunt
1846 5550 2018 5609 Graeci

453 5617 490 5672 5
506 5617 656 5672 Julii.
692 5621 913 5676 Menam.

2195 5340 2306 5411 (89)
2350 5341 2453 5393 Ἐν
2482 5338 2561 5406 τῷ
2599 5340 2879 5412 Ἑϐδόμῳ.
2909 5345 2986 5401 ita
3013 5345 3174 5404 etiam
3205 5346 3513 5416 Nicephor.
3559 5350 3689 5409 Call.

2123 5411 2218 5465 lib.
2252 5427 2360 5473 xw,
2392 5425 2513 5478 cap.
2549 5411 2638 5466 47.

2197 5481 2307 5550 (90)
2337 5480 2832 5552 Καταψηερίζεται.
2885 5485 3233 5540 Marcellinus
3275 5503 3491 5552 comes,
3516 5491 3692 5545 Victor

2126 5551 2535 5629 TDILIEUIIQIISiti,
2565 5552 2875 5629 Chronicou.
2903 5557 3222 5629 Aiaandru
3242 5551 3576 5629 Theophan.
3607 5578 3689 5617 an.

2126 5621 2198 5675 42
2223 5619 2538 5688 Theodosii,
2562 5629 2620 5676 et
2652 5623 2672 5678 ί
2709 5623 2987 5680 Marciani.
