3904 6204
241 353 382 420 1201

1477 359 1878 422 ANNALIUM
1923 359 2068 420 LIB.
2116 359 2285 420 Xlil‘

3360 358 3511 424 1‘20?

237 472 346 526 καὶ
371 469 422 523 oi
453 469 654 541 χάρται
705 470 783 542 τῷ
807 472 994 544 στήθει
1018 474 1118 544 τῆς
1146 473 1426 545 μάρτυρος
1455 475 1820 541 ἐπιτίθενται,

1925 475 2104 542 niunt,
2162 476 2492 544 imperatore
2537 471 2650 546 48
2707 473 2872 528 etiam
2947 482 3236 545 praesente,
3311 491 3504 545 aperto

237 568 344 619 καὶ
387 565 416 617 ό
447 563 596 627 λίθος
646 564 802 630 αὖθις
850 570 916 638 τῇ
974 567 1206 639 λάρνακι
1259 569 1666 639 ἐπενήνεκται,
1727 555 1824 625 καὶ

236 654 614 726 σφραγίζεται
660 657 752 710 ὑπ’
785 658 988 727 ἀμφοῖν
1016 662 1128 712 τοῖν
1153 663 1359 730 μεροῖν.
1388 659 1462 713 Τὸ
1497 659 1541 714 δ’
1571 660 1824 714 ἐντεῦθεν

234 749 452 802 ίκεσίαι
515 749 651 818 πρὸς
679 749 770 803 τὸν
796 749 930 805 Θεὸν
963 752 1058 804 καὶ
1103 752 1319 823 δεήσεις
1344 751 1668 822 παννύχιοι,
1689 752 1825 806 ἁποο

236 838 485 908 καλύψαι
529 839 614 902 τίς
675 841 826 910 αὐτῷ
863 842 974 896 τῶν
1010 842 1185 908 δοξῶν
1240 843 1581 914 καταθύμιος
1611 844 1706 898 καὶ
1739 844 1824 908 τίς

246 932 577 1004 ἀποϐλητέα
597 932 768 986 δοκεῖ.
804 933 915 986 Καὶ
972 937 1116 1002 μετα
1167 938 1361 1005 τρίτην
1391 937 1610 1007 ἡμέραν
1640 937 1826 1008 συνέρ-

231 1041 452 1095 χονται,
508 1024 645 1096 μηδέ
701 1024 798 1080 τοῦ
853 1025 1122 1096 βασιλέως
1186 1028 1614 1098 ἀπολειφθέντος
1648 1070 1664 1096 ,
1729 1029 1824 1086 καὶ

231 1117 557 1187 άνοιγείσης
614 1117 714 1186 τῆς
753 1116 1028 1188 λάρνακος
1061 1157 1078 1184 ,
1145 1119 1258 1173 τῶν
1315 1119 1636 1192 θαυμασίων
1680 1138 1774 1174 σου
1804 1161 1821 1187 ,

233 1207 438 1276 Κύριε,
492 1208 694 1279 εὑρέθη
723 1212 750 1262 6
783 1210 884 1279 μέν
927 1209 1037 1265 τῶν
1076 1211 1372 1281 αίρετικῶν
1421 1214 1587 1285 τόμος
1626 1216 1684 1267 ἐν
1708 1217 1824 1280 τοῖς

233 1303 376 1354 οιτοσ)⁸
425 1301 523 1370 τῆς
594 1301 873 1375 μάρτυρος
937 1304 1196 1374 κείμενος
1232 1345 1249 1371 ,
1296 1306 1325 1359 ό
1359 1306 1415 1360 δέ
1442 1323 1505 1374 γε
1537 1306 1726 1369 λοιπὸς
1753 1309 1821 1378 τῇ

229 1392 390 1463 δεξιᾷ
421 1393 626 1463 ταύτης
654 1395 800 1464 χειρὶ
829 1397 1221 1468 κατεχόμενος,
1243 1399 1310 1471 ἦν
1341 1388 1579 1453 ἐκτεῖναι
1603 1400 1823 1468 λέγεται

231 1485 381 1553 πρὸς
424 1483 519 1538 τὸν
575 1485 805 1556 βασιλέα
854 1488 947 1542 καὶ
1005 1489 1098 1542 τὸν
1151 1491 1502 1562 πατριάρχην
1534 1492 1622 1544 τὸν
1657 1494 1823 1563 τόμον

232 1577 430 1640 αὐτοῖς
482 1578 892 1649 ἐγχειρίζουσα.
945 1580 1010 1634 Oi
1046 1582 1146 1650 μὲν
1188 1577 1283 1635 οὖν
1333 1582 1394 1636 τὸ
1445 1583 1605 1652 ὀρθὸν
1689 1601 1826 1656 πρε-

229 1667 533 1733 σϐεύοντες
591 1670 772 1740 δόγμα
825 1667 970 1743 ἦσαν
1020 1674 1090 1725 ἐν’
1128 1674 1452 1744 κρότοις,οί
1506 1676 1564 1730 δέ
1610 1677 1822 1742 τούτοις

230 1749 680 1830 Ξτερογνὼμονες
704 1760 1084 1830 κατηφιῶντες
1101 1762 1196 1816 καὶ
1219 1761 1410 1826 σκότος
1442 1764 1536 1817 ὑπ’
1559 1765 1823 1836 αἰσχύνης

230 1848 631 1920 περιχυθέντες
682 1852 1025 1920 ἀπήλθοσανο
1096 1855 1244 1918 τινὲς
1272 1853 1320 1909 δ’
1364 1857 1429 1910 ἐκ
1488 1857 1697 1912 τούτων
1727 1858 1819 1912 καὶ

231 1941 378 2010 πρὸς
423 1940 481 1993 τὸ
535 1941 818 2013 δροόδοξον
878 1944 1264 2015 μετεϐάλοντο.
1331 1948 1490 2003 Κατὰ
1547 1951 1640 2004 τδν
1697 1952 1818 2005 τότε

233 2032 442 2101 χρόνον
477 2032 568 2085 καὶ
622 2034 657 2104 ἡ
693 2033 910 2104 βασιλὶς
959 2037 1266 2109 Πουλχερία
1311 2040 1536 2110 θνήσκει
1580 2043 1820 2109 εύσεϐὦς

230 2140 295 2176 τε
349 2128 446 2178 καὶ
484 2125 746 2189 εὐκλεῶς,
792 2129 888 2182 καὶ
932 2129 1020 2182 ἐπ’
1057 2129 1246 2185 ἐλπίσι
1295 2136 1584 2204 χρησταῖς.
1636 2137 1822 2190 Πάντα

232 2219 350 2286 γὰρ
398 2217 488 2270 τὸν
529 2218 762 2272 πλοῦτον
813 2220 986 2288 αὐτῆς
1024 2221 1264 2293 διένειμε
1315 2225 1536 2294 πένησι,
1605 2230 1700 2280 καὶ
1743 2227 1821 2296 τῷ

233 2308 375 2377 πρὸς
399 2308 622 2372 τούτους
671 2310 806 2380 ἐλέῳ
868 2313 958 2366 τον
992 2313 1085 2367 τοῦ
1141 2315 1276 2369 Θεοῦ
1342 2318 1613 2386 ἐκτήσατο
1648 2317 1818 2373 ἔλεον.

234 2400 687 2464 Οὐαλεντινιανὸς
710 2402 766 2455 δὲ
790 2405 818 2456 ὀ
842 2404 1062 2474 ἀνεψιὶς
1129 2406 1414 2477 Ὀνωρίου,
1471 2402 1533 2462 οὗ
1573 2412 1685 2464 ἄνω
1719 2429 1818 2465 που

233 2493 693 2563 ἐπεμνήσθημεν,
718 2494 795 2558 ὡς
853 2498 917 2550 ἐκ
967 2498 1068 2564 τῆς
1102 2499 1342 2568 ἀδελφῆς
1401 2500 1568 2555 αὑτοῦ
1628 2521 1820 2572 γεννη-

234 2585 426 2648 θέντος
464 2585 564 2654 τῆς
592 2586 906 2652 Πλακιδίας,
943 2588 1248 2657 βασιλεύων
1279 2593 1334 2643 ἐν
1360 2595 1428 2664 τῇ
1459 2595 1818 2666 πρεσϐυτέρα

248 2676 464 2748 Ῥώμῃ,
497 2676 691 2745 ἄγεται
749 2681 830 2743 είς
895 2683 1132 2748 γυναῖκα
1199 2683 1462 2747 Εύδοξίαν
1513 2685 1611 2755 τὴν
1658 2689 1821 2740 παῖδα

234 2766 337 2818 τοῦ
374 2767 497 2821 νέου
558 2768 863 2824 Θεοδοσίου.
934 2773 1434 2844 Ἐκδεδιῃτημένως
1480 2776 1536 2830 δὲ
1574 2777 1820 2847 βιώσκων

236 2858 338 2910 καὶ
392 2858 660 2925 ἀσελγῶς,
694 2861 793 2931 τὴν
851 2862 952 2930 μὲν
978 2865 1190 2917 οἰκείαν
1219 2866 1468 2937 γαμετὴν
1498 2868 1608 2928 εἴα,
1641 2868 1818 2922 καίτοι

237 2946 473 3012 κάλλους
515 2944 574 3003 εὖ
615 2949 870 3020 ἔχουσαν,
924 2949 1234 3023 ἀλλοτρίαις
1274 2954 1333 3007 δέ
1399 2955 1816 3026 συνεφθείρετοο

237 3037 512 3109 ἐκέχρητο
555 3039 615 3094 δὲ
659 3040 755 3093 καὶ
806 3042 1094 3110 μαντείαις
1155 3043 1253 3095 καὶ
1307 3046 1610 3115 γοητείαις.
1663 3045 1821 3101 Οὕτω

1924 568 2130 630 loculo,
2162 585 2194 622 ο
2225 584 2337 622 rem
2367 567 2558 622 miram
2584 569 2596 622 l
2634 567 2855 623 libellus
2885 569 3272 624 ltmretieornm
3301 570 3368 624 ad
3412 588 3505 641 pe-

1925 659 2036 715 des.
2058 661 2316 733 martyris
2349 661 2652 726 invenitur,
2681 662 2820 716 alter
2853 660 2908 716 in
2939 677 3105 715 manu
3139 663 3258 733 ejus
3287 662 3508 727 dextra,

1927 764 2092 818 quam
2121 750 2433 804 extendisse
2466 749 2644 804 fertur
2671 749 2738 804 ad
2776 751 3161 821 imperatorem
3192 763 3246 805 et
3274 753 3508 821 patriar-

1926 841 2110 903 cbam,
2155 857 2221 896 ac
2273 843 2522 898 libellum
2581 844 2664 898 eis
2715 844 3050 914 porrexisse.
3098 844 3286 912 Itaque
3343 853 3504 899 rectae

1925 933 2211 989 sententiae
2277 945 2586 990 assertores
2653 935 2946 1004 plaudere,
3009 936 3311 990 alversarii
3371 951 3504 990 vero

1923 1025 2181 1082 demissis
2211 1025 2459 1081 vultibus
2480 1035 2537 1082 et
2560 1043 2670 1097 pra:
2694 1026 2903 1096 pudore
2931 1027 3296 1097 caligantibus
3320 1028 3505 1091 abire,

1923 1117 2145 1188 quidam
2198 1116 2364 1172 etiam
2425 1133 2611 1172 veram
2682 1117 3010 1172 sententiam
3079 1119 3358 1188 amplecti.
3426 1119 3502 1172 Eu

1924 1214 2173 1276 tempore
2209 1205 2503 1260 Puleberia
2537 1205 2857 1275 imperatrix
2889 1205 2998 1274 pie,
3028 1205 3263 1274 gloriose
3293 1215 3348 1258 et
3376 1221 3500 1258 cum

1923 1314 2019 1369 spe
2047 1298 2190 1353 bona
2221 1298 2476 1361 moritur,
2508 1310 2700 1351 omnes
2729 1311 2857 1350 suas
2901 1311 3035 1364 opes
3069 1296 3324 1365 dilargita
3367 1311 3469 1365 pau
3489 1325 3501 1334 ο

1924 1392 2179 1462 perilnts.
2213 1402 2282 1446 et.
2310 1389 2688 1446 misericordia
2719 1404 2848 1460 erga
2891 1388 3014 1443 illos
3058 1387 3244 1442 divina
3291 1388 3504 1442 miseri-

1922 1483 2111 1539 cordia
2145 1482 2448 1552 redempta.
2482 1480 2902 1536 Valentinianus
2932 1495 3085 1545 vero,
3116 1481 3276 1551 cujus
3334 1495 3504 1548 supra

1921 1576 2103 1632 obiter
2125 1583 2212 1630 est
2248 1575 2388 1628 facta
2421 1574 2678 1638 mentio,
2700 1571 2932 1627 Honorii
2963 1589 2993 1628 e
3028 1588 3218 1626 sorore
3259 1571 3498 1626 Placidia

1923 1681 2116 1735 nepos,
2153 1665 2339 1720 Romae
2378 1666 2582 1719 veteris
2614 1664 2934 1733 imperator,
2986 1663 3282 1716 Eudoxiam
3310 1661 3500 1732 junio-

1925 1758 2003 1814 ris
2029 1756 2324 1813 Theodosii
2363 1756 2527 1810 filiam
2561 1771 2795 1811 uxorem
2827 1753 2998 1809 ducit.
3037 1754 3143 1809 Sed
3185 1754 3348 1808 homo
3373 1754 3498 1806 vita:

1921 1849 2208 1904 insolentis
2258 1859 2314 1904 et
2342 1847 2626 1920 ﬂagitiosae
2647 1889 2660 1909 .
2694 1849 2916 1902 omissa.
2928 1847 3162 1918 conjuge
3183 1888 3220 1911 ,_
3245 1845 3500 1916 quamvis

1922 1943 2154 2013 eleganti
2189 1942 2386 2003 forma,
2415 1942 2472 1996 in
2500 1941 2708 2011 stupris
2735 1950 2791 1994 et
2812 1939 3100 1994 adulteriis
3120 1939 3494 1999 volutabatur,

1921 2035 2358 2090 divinationibus
2423 2035 2592 2090 etiam
2661 2041 2718 2089 et
2777 2032 3067 2103 praestigiis
3125 2031 3364 2086 deditus.
3430 2029 3499 2084 Ut

1921 2127 2087 2197 igitur
2125 2125 2292 2179 vitam
2323 2125 2519 2196 agebat
2555 2124 2847 2191 nefariam,
2873 2125 2944 2178 ita
2973 2121 3344 2177 miserabilem
3379 2135 3499 2178 ser-

1924 2216 2056 2272 titus
2083 2225 2166 2272 est
2213 2217 2521 2271 interitum.
2557 2215 2823 2271 Maximus
2873 2215 3042 2277 enim,
3082 2213 3345 2282 patricius
3367 2211 3478 2266 Ro-

1924 2300 2145 2374 manus,
2197 2323 2264 2363 ex
2310 2307 2457 2363 illius
2495 2307 2715 2363 Maximi
2752 2306 2956 2362 familia
3001 2321 3166 2374 quem
3210 2304 3511 2376 tyrannide-
3546 2284 3559 2298 ’

1921 2411 2185 2474 occupata
2227 2417 2456 2472 magnus
2482 2400 2832 2456 Theodosius
2862 2398 3197 2462 debellarat,
3237 2397 3504 2467 palatium

1923 2497 2234 2564 ingressus.
2283 2491 2731 2551 Valentinianum
2793 2492 3050 2562 perimit,
3091 2489 3392 2544 Eudoxiam
3447 2489 3496 2540 vi

1922 2596 2156 2654 stuprat.
2192 2586 2481 2653 imperiunm
2521 2584 2752 2639 invadit.
2785 2582 2854 2637 At
2891 2583 3000 2645 illa,
3030 2579 3312 2634 Thodosio
3345 2586 3499 2648 patre

1923 2686 2160 2741 mortuo,
2216 2675 2505 2732 Pulcheria
2559 2674 2688 2727 item
2751 2671 3043 2734 defuncta,
3099 2685 3220 2722 cum
3286 2669 3499 2722 nullum

1921 2769 2090 2823 alium
2157 2769 2379 2839 injuriae
2433 2765 2710 2821 vindicem
2763 2773 3050 2834 speraret.
3091 2769 3122 2817 τι
3157 2759 3503 2817 Genserielto

1924 2849 2297 2916 Vandalorum
2330 2875 2455 2931 rege
2485 2858 2743 2930 precibus
2778 2857 3068 2926 impetrat.
3121 2864 3182 2909 ut
3225 2869 3322 2923 per
3367 2867 3506 2906 eum

1922 2969 1952 3008 a
1984 2954 2200 3008 Maximi
2229 2953 2522 3024 tyrannide
2546 2951 2832 3006 liberetur.
2876 2949 2926 3004 ls
2955 2947 3124 3019 igitur
3159 2962 3284 3001 cum
3321 2945 3498 3001 classe

1923 3054 1978 3100 et
2004 3045 2178 3115 copiis
2205 3044 2417 3116 magnis
2449 3044 2680 3100 Romam
2707 3042 2879 3104 venit,
2913 3040 3170 3100 Maximo.
3208 3053 3332 3092 cum
3371 3035 3498 3090 inde

236 3129 298 3182 δὲ
360 3129 610 3198 βιώσκων
672 3132 776 3185 οὐκ
828 3131 1067 3200 εὐαγῶς,
1139 3135 1476 3188 άποϐιὼσκει
1540 3137 1812 3201 ἐλεεινῶς.

1922 3137 2288 3208 profugisset,
2321 3152 2352 3190 ιι
2383 3135 2500 3190 suis
2527 3135 2732 3197 occiso,
2764 3133 2904 3188 urbe
2935 3133 3075 3188 citra
3123 3131 3364 3185 laborem
3393 3146 3464 3200 po
3484 3159 3497 3172 -

235 3219 496 3290 Μάξιμος
522 3221 631 3291 γὰρ
667 3216 748 3283 εἷς
780 3221 894 3276 τῶν
922 3223 980 3275 ἐν
1003 3224 1068 3294 τῇ
1101 3222 1288 3295 Ῥώμῃ
1306 3224 1639 3294 πατρικίων,
1657 3224 1820 3293 ἔγγο-

236 3326 329 3372 νος
351 3311 406 3364 δὲ
425 3312 518 3366 τοῦ
542 3312 710 3366 πάλαι
733 3315 1172 3384 τυραννήσαντος
1202 3316 1481 3384 Μαξίμου,
1507 3316 1568 3368 δν
1592 3318 1618 3368 ό
1645 3316 1819 3386 μέγας

238 3405 662 3476 κατεπολέμησε
731 3405 1012 3468 Θεοδόσιος
1043 3443 1059 3469 ,
1118 3406 1270 3459 ἔνδον
1340 3408 1450 3461 τῶν
1528 3408 1819 3479 βασιλείων

237 3497 537 3566 γενόμενος
574 3499 640 3554 ἐν
655 3497 841 3562 αὐτοῖς
869 3500 961 3551 τὸν
985 3499 1427 3553 Οὐαλεντινιανον
1457 3502 1817 3570 ἀπσσφάττει,

239 3589 339 3641 καὶ
369 3591 436 3659 τῇ
474 3589 700 3660 Εὑδοξία
739 3588 832 3660 βία
857 3590 1256 3659 συμμίγνυται,
1287 3592 1506 3660 καὶτῆς
1541 3592 1821 3662 βασιλείας

239 3682 455 3748 κρατεῖ.
473 3681 534 3731 Ἠ
567 3680 626 3732 δὲ
665 3681 762 3733 τοῦ
796 3683 1002 3751 πατρὸς
1034 3682 1201 3750 αὐτῆς
1229 3682 1510 3735 Θεοδοσίου
1543 3683 1818 3751 θανόντος,

243 3772 339 3824 καὶ
367 3771 469 3839 τῆς
497 3772 833 3841 Πουλχερίας
865 3773 1293 3844 ἐμκμετρησάσης
1311 3773 1513 3844 τὺίζῇν,
1540 3775 1820 3845 ἐκδίκησιν

244 3865 521 3934 ἑτέρωθεν
549 3864 629 3936 μὴ
657 3865 953 3928 ἐλπίζουσα
981 3865 1510 3937 διαπέμπεταιπρδς
1539 3867 1820 3938 Γιζέριχον

240 3955 355 4009 τῶν
402 3957 726 4025 Ούανδήλων
787 3958 935 4026 ρῆτα
985 3957 1355 4027 καλούμενον,
1406 3959 1500 4011 καὶ
1549 3959 1650 4030 τῆς
1721 3959 1817 4013 τοῦ

244 4140 447 4208 παρεῖ·
493 4140 590 4192 καὶ
619 4139 679 4201 δς
714 4141 898 4192 ἔπεισι
930 4143 996 4210 τῇ
1042 4139 1230 4212 Ῥώμῃ
1276 4141 1374 4194 σὺν
1408 4142 1489 4210 τῷ
1516 4144 1688 4212 στόλῳ
1725 4144 1820 4196 καὶ¹

241 4233 473 4301 δυνάμει
533 4232 725 4303 πολλῇ.
766 4232 826 4286 '0
853 4233 909 4286 δὲ
944 4232 1196 4302 Μάξιμος
1237 4233 1695 4303 άπέδραξταύτης,
1724 4237 1820 4288 καὶ

243 4317 519 4370 κτείνεται
560 4319 713 4388 παρὰ
761 4318 873 4373 τῶν
922 4320 1193 4372 συνόντων
1225 4319 1395 4388 αὐτῷ.
1430 4320 1489 4372 ’0
1514 4321 1570 4373 δὲ
1607 4321 1644 4373 Γ
1649 4322 1822 4392 ιζέρι-

243 4423 340 4477 χος
372 4406 452 4478 (7)
493 4408 710 4470 ἀπόνως
731 4408 1070 4476 τῆςῬώμης
1103 4411 1314 4479 κρατεῖ.
1339 4410 1440 4463 καὶ⁴
1469 4411 1570 4461 τὸν
1586 4410 1820 4465 πλοῦτον

245 4497 415 4566 αὐτῆς
448 4500 920 4568 αυγκομισάμενος
977 4497 1220 4559 ἅπαντα.
1271 4503 1368 4552 καὶ
1403 4501 1481 4552 τά»
1513 4500 1626 4553 τῶν
1653 4503 1813 4557 Θείων

244 4587 389 4640 ναῶν
421 4588 753 4658 ἀναθήματα
786 4592 849 4643 ἐκ
887 4589 1091 4662 χρυσοῦ
1137 4591 1488 4661 πεποιημένα
1521 4593 1616 4646 καὶ
1641 4595 1815 4662 λίθοις

245 4678 628 4749 κοσμούμενα,
667 4681 761 4734 καί
786 4697 914 4734 τινα
944 4681 1053 4734 τῶν
1077 4681 1231 4752 παρὰ
1282 4683 1446 4736 Τίτου
1482 4688 1816 4755 κοσμισθέν-

243 4789 357 4823 των
385 4772 446 4835 ἐξ
480 4771 872 4842 Ἱεροσολύμων
899 4775 1109 4827 σκευῶν
1143 4774 1237 4827 τοῦ
1273 4777 1457 4828 ἐκεῖσε
1508 4777 1660 4843 ναοῦ,
1704 4780 1818 4849 είρ-

242 4861 502 4930 γασμένα
555 4864 650 4914 καὶ
713 4863 855 4914 αὐτα
885 4865 948 4914 ἐκ
977 4862 1208 4932 χρυσοῦ,
1244 4863 1425 4917 λαϐὼν
1474 4865 1532 4918 δέ
1559 4868 1652 4919 καὶ
1719 4867 1820 4938 τὴν

246 4953 506 5016 Εύδοξίαν
540 4955 636 5007 σὺν
660 4957 780 5016 ταῖς
808 4954 902 5008 δύο
934 4952 1266 5024 θυγατράσιν
1294 4956 1469 5026 αὐτῆς
1516 4958 1822 5029 ἐπανῆλθεν

245 5047 330 5106 είς
345 5046 632 5114 Ἀφρικήν.
664 5046 772 5099 Καὶ
793 5045 891 5115 τὴν
922 5045 1020 5114 μὲν
1047 5045 1156 5096 τῶν
1172 5046 1493 5117 θυγατέρων
1520 5050 1692 5118 αὐτῆς
1721 5050 1823 5122 τὴν

248 5136 513 5190 Εύδοκίαν
527 5137 605 5207 τῷ
635 5137 993 5208 πρεσϐυτέρῳ
1017 5137 1124 5190 τῶν
1156 5138 1376 5191 οἰκείων
1401 5140 1819 5213 υίὼνὍνθρίχῳ

249 5228 566 5297 συνέζευξε,
607 5229 784 5299 τὴνδέ
828 5247 893 5298 γε
946 5230 1142 5300 λοιπὴν
1178 5230 1368 5300 μαθὼν
1397 5232 1555 5304 ἀνδρὶ
1614 5253 1824 5304 κατηγο

244 5319 490 5390 γυῆσθαι
532 5320 611 5390 τῷ
670 5322 946 5390 πατρικίῳ
1001 5320 1310 5392 Ὀλυϐρίῳ,
1369 5323 1557 5394 ἐτήρει
1605 5327 1702 5378 σὺν
1754 5327 1821 5396 τῇ

250 5415 421 5485 μητρὶ
463 5414 712 5486 Εὐδοξίᾳ,
755 5414 884 5467 ἐνθα
947 5413 1040 5466 δύο
1088 5413 1428 5482 διαγαγοῦσα
1485 5418 1822 5488 ἐνιαυτοὺςή

244 5506 462 5580 βασιλὶς
514 5507 740 5572 Εὑδοξία
797 5505 1106 5575 ἐπανῆλθεν
1137 5507 1218 5570 είς
1245 5505 1306 5559 τὸ
1337 5508 1633 5570 Βυζάντιον
1679 5509 1820 5579 μετὰ

1923 3231 2078 3292 titur,
2137 3237 2191 3283 et
2233 3242 2428 3282 omnes
2469 3227 2593 3298 ejus
2644 3225 2904 3287 divitias,
2956 3238 3237 3279 sacrarum
3291 3222 3500 3277 aedium

1920 3337 2086 3376 aurea
2123 3321 2438 3376 donaria.“
2497 3317 2979 3390 gemmisornota,
3021 3316 3282 3370 nonnuila
3330 3316 3507 3369 etiam

1921 3431 2050 3470 vasa
2081 3431 2110 3471 e
2149 3415 2353 3484 templo
2413 3411 2914 3482 llicrosolymitano
2957 3425 2986 3462 a
3030 3408 3156 3462 Tito
3186 3407 3370 3467 allata.
3403 3421 3499 3458 auo

1922 3521 2012 3559 rea
2070 3513 2126 3559 et
2174 3503 2312 3571 ipsa,
2381 3515 2486 3555 una
2537 3516 2661 3554 cum
2715 3497 2956 3553 Eudnxia
3009 3505 3064 3549 et
3116 3495 3330 3549 duabus
3367 3495 3496 3560 ejus

1924 3595 2142 3648 filiabus
2179 3593 2233 3646 in
2275 3591 2518 3645 Africam
2567 3605 2755 3644 secum
2806 3595 3072 3656 asportat.
3114 3585 3284 3655 Cujus
3330 3583 3495 3638 filiam

1921 3685 2220 3740 Eudociam
2257 3692 2390 3737 natu
2423 3681 2618 3751 majori
2658 3680 2768 3733 lilio
2798 3677 3114 3732 llonoricbo
3155 3675 3337 3744 jungit
3369 3692 3382 3728 :
3416 3677 3498 3728 al-

1923 3785 2116 3837 teram,
2146 3774 2274 3844 quia
2319 3772 2546 3843 Olybrio
2595 3769 2831 3840 patricio
2862 3768 3190 3836 desponsam
3245 3773 3505 3825 noverat,

1920 3882 2045 3923 cum
2077 3876 2252 3921 matre
2285 3872 2556 3919 asservat.
2582 3860 2714 3927 Qua:
2748 3875 2873 3913 cum
2906 3857 3190 3912 biennium
3235 3855 3308 3908 i'ni
3355 3855 3499 3924 egis-

1921 3966 2023 4020 set,
2060 3971 2190 4011 cum
2230 3951 2634 4014 liliaPlacidia,
2669 3959 2936 4019 regnante
2962 3948 3144 4002 adhuc
3202 3947 3495 4008 Marciano,

1920 4047 2240 4119 Byzantium
2289 4043 2623 4105 revertitur,
2657 4040 2848 4093 relicta
2875 4039 2983 4092 filia
3037 4036 3275 4091 Eudocia
3305 4074 3318 4098 ,
3351 4052 3495 4104 qum,

1921 4138 2172 4209 quamvis
2228 4150 2405 4190 annos
2444 4150 2531 4188 χιι-ι
2580 4148 2707 4187 eum
2749 4131 2948 4184 marito
3000 4129 3226 4184 vixisset
3255 4167 3270 4190 ,
3310 4128 3498 4198 genito

1922 4229 2240 4286 liildericlto
2304 4227 2458 4288 ﬁlio,
2520 4235 2704 4280 tamen
2756 4222 2879 4292 ejus
2922 4218 3378 4275 consuetudinem
3425 4216 3497 4271 ob

1920 4321 2288 4377 Arianismum
2321 4332 2464 4387 :Pgre
2491 4317 2705 4377 ferens,
2739 4322 2898 4366 nacta
2929 4308 3390 4379 Opportunitatem
3443 4316 3502 4360 et

1923 4413 2038 4483 ipsa
2073 4407 2616 4477 Constantinopolim
2652 4404 2894 4466 secedit,
2928 4412 3101 4456 matre
3135 4401 3246 4472 jam
3297 4399 3498 4454 defun~

1853 4483 1896 4540 θ
1925 4514 2031 4560 cta.
2061 4500 2191 4557 Inde
2229 4498 2604 4570 Hierosolyma
2627 4496 2738 4568 49
2763 4497 3031 4565 proiecta,
3057 4492 3314 4546 moritur;
3347 4489 3501 4546 Obiit

1925 4606 1982 4652 et
2030 4593 2361 4659 Marcianus,
2399 4607 2525 4646 eum
2555 4605 2732 4644 annos
2782 4603 2892 4642 se}.
2923 4596 2993 4642 et.
3019 4585 3230 4654 aliquot
3283 4598 3502 4639 menses

1926 4688 2282 4757 imperasset,
2322 4684 2440 4739 sive
2481 4698 2549 4738 ex
2582 4685 2820 4746 morbo,
2867 4679 2988 4734 sive
3026 4692 3238 4732 veneno
3275 4677 3506 4746 Asparis

1926 4777 2320 4850 patriciinutu
2360 4777 2510 4858 dato,
2542 4773 2840 4828 admodum
2869 4785 3071 4833 senes,
3125 4770 3209 4823 vir
3243 4769 3374 4823 miti
3417 4770 3501 4823 in»-

1923 4870 2084 4942 genio
2118 4876 2176 4923 et
2209 4882 2340 4938 erga
2372 4865 2628 4921 subditos
2671 4863 2950 4932 benignus
2980 4880 2994 4916 :
3025 4863 3214 4918 dicere
3259 4863 3458 4916 solitus
3480 4901 3496 4923 ,

1926 4959 2254 5032 imperatori
2298 4974 2408 5013 non
2440 4955 2708 5028 capienda
2737 4969 2860 5010 esse
2906 4969 3089 5018 arma,
3133 4955 3264 5008 dum
3309 4969 3496 5023 pacem

1925 5067 2086 5124 agere
2121 5051 2334 5105 liceret.
2363 5050 2538 5118 Aspar
2569 5047 2868 5118 patricius,
2903 5046 3008 5101 etsi
3040 5046 3286 5124 multum
3338 5054 3497 5114 pote-

1926 5153 2047 5205 rat.
2078 5159 2187 5198 non
2235 5151 2418 5197 tamen
2447 5142 2761 5211 imperator
2807 5123 3155 5195 creatus‘est
3203 5153 3234 5191 a
3295 5135 3499 5206 popqu

1922 5236 2580 5306 ConstantinOpolitano,
2620 5235 2691 5290 ob
2750 5236 2965 5290 Arianae
3014 5241 3177 5287 secta:
3229 5228 3495 5284 studium.

1923 5326 2104 5394 Quare
2143 5328 2260 5397 ipse
2289 5327 2554 5390 Leonem,
2587 5326 2704 5382 sive
2734 5335 2928 5398 suapte
2967 5322 3293 5378 auctoritate
3314 5359 3330 5382 ,
3381 5320 3502 5374 sive

1924 5428 2150 5489 accepta
2180 5435 2209 5473 a
2237 5420 2441 5491 popqu
2474 5427 2768 5489 potestate,
2799 5419 3182 5486 imperatorem
3213 5411 3498 5478 declarat,

1924 5510 2244 5580 stipulatus,
2285 5520 2346 5566 ut
2386 5510 2527 5567 alter
2568 5509 2806 5565 liliorum
2837 5520 3063 5563 suorqu
3107 5501 3355 5559 Ctesarea
3403 5515 3498 5558 co.-

1406 5647 1608 5709 Variaa
1654 5648 1964 5720 lectiones
1987 5657 2050 5713 et
2091 5659 2282 5715 notae.

319 5772 398 5841 (7)
429 5771 752 5842 Γιζέριχος.
781 5770 885 5837 Qui
918 5769 1210 5839 Ceyriricus
1266 5771 1497 5828 Eusebio
1527 5773 1581 5828 in
1635 5773 1820 5832 Clu-on

1922 5809 1934 5844 ,
1970 5777 2280 5835 Genserirm
2311 5775 2526 5835 caeteris
2551 5772 2937 5840 scriptoribus.
