3958 6204
364 344 503 413 1245

1627 353 1875 414 ΑΝΝΔῙ.
1893 353 2031 415 ῐΠΜ
2066 356 2213 417 LIB.
2256 356 2411 418 XIV.

3486 354 3620 419 ίὲιξθ

360 469 459 518 καὶ
481 462 610 523 τοὺς
630 460 740 515 τῶν
765 462 1087 532 Οὐανδὴλων
1108 463 1375 534 ἄρχοντας
1410 464 1649 534 ἐντίμως
1674 467 1940 534 ἐφύλαττε

2047 482 2285 525 ratorem
2329 473 2539 525 adoret.
2579 469 2732 525 Facit
2775 469 2866 526 ille
2901 478 2963 525 ut
3000 469 3319 541 jubebatur.
3362 470 3621 541 larrymis

362 556 881 628 κομισθησομένους
919 557 999 628 τῷ
1035 548 1268 628 βασιλεῖ.
1315 560 1658 631 Παρειλήιρει
1725 561 1783 614 δὲ
1850 563 1943 614 καὶ

359 649 618 704 Σικελίαν
664 650 759 703 καὶ
809 649 909 718 τὴν
958 650 1149 718 Σαρδὼ
1202 650 1388 722 (νῆσος
1431 649 1489 705 δὲ
1529 654 1623 705 καὶ
1673 653 1814 721 αὑτὴ
1866 654 1941 717 ὡς

361 741 466 811 ἥδη
512 734 607 793 ¹καὶ
642 740 1064 810 προῖστόρηται)
1093 741 1188 795 καὶ
1231 743 1299 794 τὰ
1347 742 1511 811 μέχρι
1544 743 1818 813 Γαδείρων
1850 743 1941 812 ὑφ’

363 829 563 883 ἑαυτὸν
591 831 909 895 ἐποιήσατο,
959 831 1052 881 καὶ
1083 828 1257 892 οὕτως
1288 830 1599 899 ἐπανῆλθεν
1629 834 1710 895 είς
1743 834 1802 885 τὸ
1843 832 1942 886 Βυ-

363 920 609 986 ζάντιον,
638 919 790 986 ἄγων
823 920 990 973 αὐτόν
1019 938 1078 973 τε
1126 922 1221 974 τὸν
1269 922 1541 992 Γελίμερα
1594 925 1692 977 σὺν
1724 925 1945 993 γυναικὶ

361 1014 464 1068 καὶ
482 1014 695 1076 τέκνοις
718 1016 815 1066 καὶ
836 1013 1147 1082 συγγενέσι,
1184 1015 1279 1067 καὶ
1306 1017 1485 1068 πᾶσαν
1515 1017 1613 1087 τὴν
1644 1014 1944 1087 θεραπείαν

362 1106 558 1168 αὐτοῦ,
616 1105 712 1158 καὶ
770 1106 941 1175 τιμῆς
1014 1106 1260 1176 μεγάλης
1319 1108 1473 1178 παρὰ
1529 1107 1624 1162 τοῦ
1680 1108 1944 1177 βασιλέως

360 1198 588 1269 ἠξίωτο.
638 1193 769 1250 Εἶτα
806 1197 901 1250 καὶ
932 1197 1205 1268 θρίαμϐον
1247 1199 1341 1250 ὲπῖ
1370 1202 1435 1269 τῇ
1476 1197 1602 1271 νίκῃ
1633 1201 1943 1269 κατήγαγε,

362 1289 706 1359 τελουμένης
744 1289 981 1359 ἁμίλλης
1005 1289 1188 1342 ἵππων
1220 1290 1278 1340 ἐν
1310 1289 1389 1360 τῷ
1421 1289 1658 1361 θεάτρῳ.
1693 1290 1859 1344 αὐτοῦ
1883 1308 1944 1346 τε

360 1382 461 1436 τοῦ
516 1382 853 1452 κρατοῦντος
885 1382 983 1451 (ὡς
1017 1382 1161 1451 ἔθος)
1200 1381 1651 1452 προκαθημένου,
1702 1382 1796 1436 καὶ
1846 1384 1945 1453 τῆς

359 1475 659 1545 γερουσίας
694 1476 1003 1545 παροίσης,
1051 1475 1146 1527 καὶ
1193 1474 1290 1528 τοῦ
1334 1474 1512 1543 δήμου
1558 1473 1784 1538 παντός.
1833 1476 1945 1527 Καὶ

360 1567 560 1638 προῄει
611 1564 713 1635 μὲν
743 1567 809 1617 ὲκ
851 1565 951 1628 τῆς
998 1566 1110 1618 τῶν
1156 1565 1359 1618 ἵππων-
1386 1566 1692 1637 ἁφετηρίας
1726 1565 1756 1618 ό
1790 1565 1948 1637 ἀρχι-

359 1664 672 1733 στράτηγος
705 1659 1018 1732 Βελισάριος
1049 1660 1151 1729 τῆς
1205 1659 1538 1731 πορφυρίδος
1562 1658 1658 1712 τοῦ
1715 1658 1943 1729 Γελίμε-

363 1772 456 1826 ρος
486 1754 871 1824 παρεπομένου
910 1752 1170 1823 ἐχόμενος
1198 1755 1264 1823 τῇ
1294 1752 1477 1824 χειρί·
1507 1752 1942 1823 συμπαρωμάρ-

2045 562 2316 631 0ppletus.
2367 561 2683 616 Procnmbit
2727 570 2784 617 et
2837 562 2954 632 ipse
2998 561 3326 622 Belisarius,
3368 569 3428 614 ut
3469 562 3619 617 Geli-

2046 668 2199 709 mero
2245 653 2599 718 ostenderet,
2636 669 2763 710 eum
2809 653 2863 708 id
2911 654 3358 723 facerejussum,
3405 668 3513 707 non
3561 665 3622 709 ut

2045 746 2320 816 captivum
2346 787 2359 807 ,
2402 746 2495 801 sed
2541 747 2666 816 quia
2704 745 2875 800 moris
2914 725 2988 801 sit
3036 744 3139 799 hoc
3189 744 3354 799 modo
3401 744 3619 798 adorari

2050 834 2417 891 Romanorum
2443 837 2821 906 imperatores,
2843 837 3077 906 eiusque
3102 836 3463 891 calamitatem
3486 834 3633 889 sub-.

2046 926 2273 981 levaret.
2326 926 2461 982 Cum
2520 926 2775 981 eumdem
2837 925 3104 997 honorem
3165 932 3222 978 et
3285 922 3621 992 imperatrici

2045 1018 2331 1073 habuisset
2369 1018 2707 1080 Gclimerus,
2750 1016 2992 1086 hospitio
3029 1013 3321 1085 splendido
3359 1022 3418 1067 et
3458 1012 3623 1082 regiis

2048 1108 2370 1165 ministeriis
2393 1109 2503 1179 jam
2527 1117 2655 1164 ante
2675 1108 2993 1178 praeparatis
3019 1106 3317 1176 excipitur.
3352 1105 3480 1159 Post
3502 1104 3624 1160 dies

2048 1202 2279 1273 aliquot,
2316 1216 2440 1256 cum
2477 1202 2677 1255 iterum
2710 1200 2822 1255 lndi
2854 1205 3143 1270 equestres
3171 1198 3227 1251 in
3261 1196 3476 1253 theatro
3500 1196 3619 1267 agi-

2047 1300 2322 1357 tarentur,
2354 1290 2527 1361 spolia
2561 1290 2756 1346 bellica
2797 1305 2897 1360 per
2924 1288 3162 1344 mediam
3196 1287 3390 1343 urbem
3431 1295 3621 1341 osten-

2048 1393 2177 1450 tata,
2218 1383 2274 1438 in
2312 1383 2550 1438 stadium
2594 1381 2928 1445 inferuntur,
2959 1379 3165 1450 iacula.
3207 1379 3376 1442 sellae,
3422 1378 3622 1433 mulie-

2044 1474 2174 1531 bres
2220 1475 2466 1537 lecticae,
2518 1474 2704 1527 omnia
2783 1485 2973 1535 aurea,
3017 1480 3073 1524 et
3117 1468 3373 1539 pretiosis
3422 1467 3624 1536 lapillis

2044 1575 2343 1631 exornata,
2393 1575 2450 1619 et
2479 1563 2686 1635 sponda
2732 1561 2975 1634 ejusdem
3021 1562 3272 1632 generis,
3323 1561 3618 1630 auratique

2047 1663 2282 1726 tapetes,
2311 1665 2367 1710 et
2397 1654 2653 1710 utensilia
2686 1668 3000 1709 mensarum
3031 1652 3229 1722 partim
3264 1666 3454 1715 aurea,
3488 1666 3619 1721 par-

2046 1750 2143 1804 tim
2172 1755 2452 1819 argentea,
2486 1745 2679 1818 pocula
2714 1745 2845 1800 item
2877 1758 3067 1805 aurea,
3102 1743 3335 1813 gemmis
3371 1742 3622 1812 interpo-

366 1859 499 1896 τουν
553 1841 599 1895 δ’
643 1841 795 1911 αὐτῷ
820 1842 917 1893 καὶ
958 1841 1009 1893 οί
1049 1841 1158 1894 τῶν
1201 1840 1412 1905 τάξεων
1465 1842 1801 1910 στρατηγοὶ,
1845 1841 1940 1896 καὶ

2045 1842 2176 1905 lata,
2206 1814 2610 1911 purpureasque
2639 1846 2845 1901 vestes,
2882 1845 2940 1891 et
2977 1835 3138 1906 pepla
3174 1832 3420 1906 ejusdem
3452 1848 3622 1905 gene-

357 1933 756 2004 ταγματὰρχαι
807 1932 900 1985 καὶ
953 1931 1198 1999 λοχαγοὶ,
1257 1930 1353 1984 καὶ
1404 1930 1456 1985 οἱ
1503 1930 1596 1985 τοῦ
1646 1930 1942 2002 Γελίμερος

358 2022 669 2088 συγγενεῖς.
715 2020 858 2091 Ἤδη
887 2019 932 2075 δ’
965 2018 1223 2089 ὲφθακὼς
1253 2018 1436 2073 ἔναντι
1469 2018 1564 2072 τοῦ
1609 2021 1942 2091 κρατοῦντος

365 2109 399 2163 ό
443 2108 796 2179 Βελισάριος,
838 2107 1017 2162 πείθει
1087 2109 1180 2162 τὸν
1231 2108 1506 2180 Γελίμερα
1551 2110 1633 2174 είς
1672 2108 1940 2178 τοῦδαφος

360 2200 697 2254 καταϐαλεῖν
737 2199 952 2259 ἑαυτὸν,
981 2199 1073 2253 καὶ
1100 2199 1274 2264 οὕτως
1304 2199 1706 2271 ἀπονεῖμαιτῷ
1730 2201 1941 2271 βασιλεῖ

354 2292 461 2363 τὴν
496 2292 874 2365 προσκύνησιν
906 2292 1008 2364 (4).
1041 2292 1104 2344 '0
1140 2292 1187 2345 δ’
1229 2291 1411 2345 ἐποίει
1433 2291 1497 2344 τὸ
1527 2292 1942 2362 προσταττόμε-

359 2405 476 2450 νον,
518 2385 920 2456 καταχεόμενος
962 2383 1218 2454 δάκρυσι.
1252 2384 1360 2437 Kal
1391 2383 1555 2447 αὐτὸς
1613 2384 1671 2438 δὲ
1703 2387 1731 2437 ό
1782 2383 1938 2436 Βελι-

360 2479 555 2549 σάριος
587 2475 949 2548 προσοὺδισεν
978 2474 1193 2540 ἑαυτὸν,
1227 2473 1645 2544 ἐνδεικνύμενος
1676 2473 1754 2544 τῷ
1794 2473 1944 2527 Γελί·

2047 1932 2156 1994 ris,
2192 1930 2403 2001 regales
2430 1942 2680 1993 coronae,
2712 1935 3035 1981 ornamenta
3062 1923 3358 1979 mulierum
3388 1922 3622 1994 gemmis

2046 2031 2102 2079 et
2128 2021 2437 2092 margaritis
2475 2021 2846 2089 interpuncta,
2875 2018 3095 2088 aliaque
3125 2018 3361 2088 plurima
3391 2027 3447 2071 et
3479 2031 3620 2086 pene

2041 2109 2507 2167 innumerabilia:
2555 2116 2610 2163 ct
2652 2107 2912 2177 postbazc
2954 2107 3175 2173 omnia,
3220 2107 3373 2162 cistas
3412 2118 3622 2177 septem

2037 2217 2177 2259 auro
2211 2202 2419 2270 plenae,
2449 2209 2503 2255 et
2531 2199 2655 2254 libri
2685 2214 2968 2254 sacrorum
2998 2198 3422 2270 Evangeliorum
3462 2198 3623 2252 undi—

2037 2304 2146 2361 que
2203 2303 2341 2343 auro
2387 2286 2762 2358 refulgentes,
2811 2294 2869 2340 et
2917 2285 3098 2341 omnis
3149 2285 3371 2357 generis
3415 2285 3618 2355 lapillis

2039 2383 2307 2440 distincti.
2350 2380 2429 2437 Ac
2468 2380 2780 2451 triumphus
2810 2379 3129 2452 huiusmodi
3169 2380 3313 2434 fuit:
3350 2378 3617 2435 Belisario

2042 2480 2227 2528 autem
2257 2472 2423 2527 etiam
2455 2471 2777 2527 consulatus
2810 2480 2893 2526 est
2925 2471 3161 2526 delatus.

362 2588 497 2640 μερι
526 2572 605 2624 ὅτι
640 2571 740 2641 οὑχ
770 2569 847 2634 ὡς
911 2567 1262 2638 αίχμάλωτος
1301 2568 1509 2629 ἐκεῖνος
1549 2564 1712 2620 τοῦτο
1780 2567 2007 2635 ποιῆσαι
2046 2564 2315 2634 ἁπῄτητο,
2360 2562 2480 2616 ἀλλ’
2521 2563 2604 2617 ὅτι
2645 2562 2790 2616 οὕτω
2823 2563 3139 2632 νενόμισται
3181 2562 3611 2633 προσκυνεῖσθαι

356 2658 471 2714 τῶν
508 2659 801 2729 Ῥωμαίων
845 2659 973 2720 τοὺς
1012 2655 1274 2726 βασιλεῖς,
1318 2655 1415 2709 καὶ⁵
1458 2654 1626 2708 οἱονεὶ
1692 2652 1967 2723 κουφίζων
2006 2652 2155 2724 αὐτῷ
2187 2653 2249 2707 τὸ
2312 2653 2657 2725 δυστύχημα.
2693 2653 2803 2705 Kal.
2840 2654 2942 2723 τὴν
2971 2655 3095 2724 ῐσην
3120 2655 3177 2708 δὲ
3209 2658 3274 2727 τῇ
3313 2653 3604 2726 βασιλίσσῃ

362 2750 745 2823 προσκύνησιν
780 2749 1164 2817 άπονείμαντα
1185 2746 1278 2800 τὸν
1312 2745 1610 2817 Γελίμερα,
1640 2745 1940 2816 καταγωγὴ
1978 2743 2195 2814 δέχεται
2256 2744 2489 2816 λαμπρὰ
2527 2745 2623 2798 καὶ
2692 2744 2963 2816 θεραπεία
2991 2743 3245 2818 βασιλικὴ
3281 2764 3609 2817 προετοιμα-

358 2845 556 2899 σθεῖσα
594 2842 767 2911 αὐτῷ.
801 2841 1184 2920 Μεθ’σήμέρας
1213 2840 1272 2895 δέ
1311 2857 1467 2902 τινας
1500 2835 1664 2902 αὖθις
1725 2839 2066 2910 ἱππηλασίας
2140 2838 2417 2910 ἀγομένης
2475 2839 2617 2893 κατὰ
2678 2840 2738 2893 τδ
2768 2840 3022 2912 θέατρον,
3047 2840 3116 2895 τά
3138 2842 3357 2912 λάφυρα
3381 2840 3476 2894 τοῦ
3506 2859 3599 2895 πει-
3705 2838 3715 2859 ⁵

357 2940 532 3008 λέμου
554 2935 642 2990 διὰ
676 2937 853 3006 μέσης
919 2935 1020 3004 τῆς
1091 2932 1305 2995 πόλεως
1375 2931 1717 3003 κομιζόμενα
1779 2933 1874 2987 καὶ
1917 2931 2332 3002 θεατριζόμενα,
2378 2932 2663 3004 εἰσήγοντο
2707 2932 2788 2996 είς
2830 2932 2891 2986 τὸ
2954 2931 3168 2986 στάδιον
3212 2933 3439 2988 ἀκόντια
3472 2974 3486 2995 ,
3522 2933 3620 2985 καὶ

358 3033 570 3105 θρόνοι,
611 3030 707 3082 καὶ
748 3030 944 3101 φορεῖα
991 3027 1319 3098 καταστηγῆ
1366 3029 1689 3095 γυναικεῖα,
1723 3024 1928 3099 χρυσοῦ
1966 3025 2037 3079 τὰ
2096 3026 2277 3079 πάντα
2335 3025 2710 3098 πεποιημένα,
2739 3027 2837 3081 καὶ
2869 3025 3037 3090 λίθοις
3072 3026 3398 3098 τιμαλφέσιν
3427 3030 3617 3083 ἐπικο-

358 3124 795 3198 σμούμενα,κα“ι
825 3122 980 3193 κλίνη
1014 3123 1198 3192 ὁμοία,
1232 3124 1326 3176 καὶ
1393 3123 1762 3193 χρυσόπαστοι
1821 3123 2088 3188 τάπητες,
2162 3121 2257 3174 καὶ
2322 3120 2492 3192 σκευὴ
2539 3119 2608 3173 τά
2653 3121 2774 3184 ταῖς
2816 3119 3122 3193 τραπέζαις
3167 3121 3609 3193 ὑπηρετοῦμενα,

356 3221 431 3275 τά
476 3220 580 3290 μὲν
628 3223 694 3273 ὲκ
736 3217 943 3289 χρυσοῦ
987 3216 1333 3287 εἰργασμένα
1354 3254 1370 3279 ,
1405 3214 1475 3269 τὰ
1506 3214 1551 3269 δ’
1582 3216 1643 3283 ἐξ
1710 3215 1956 3286 ἀργύρου
1997 3215 2346 3287 πεποιημένα
2370 3259 2386 3283 ,
2415 3216 2512 3269 καὶ
2573 3214 2882 3287 ἐκπώματα
2926 3213 3134 3284 χρύσεά
3162 3232 3222 3268 τε
3253 3217 3349 3269 καὶ
3373 3216 3616 3269 λιθοκόλ-

356 3316 521 3387 λητα,
547 3314 642 3369 καὶ
663 3312 953 3380 ἁλουργεῖς
976 3308 1226 3380 ἐσθῆτες,
1253 3309 1350 3364 καὶ
1384 3308 1581 3362 πέπλοι
1648 3310 1962 3381 παρόμοιοι,
2004 3309 2099 3363 καὶ
2133 3308 2397 3380 βασίλειοι
2460 3307 2746 3379 στέφανοι,
2775 3307 2871 3360 καὶ
2900 3308 3096 3376 κόσμοι
3135 3307 3410 3375 γυναικῶν
3440 3307 3608 3362 διάλι-

358 3383 446 3466 θοί
485 3427 548 3464 τε
584 3408 680 3464 καὶ
720 3406 1154 3478 περιμάργαροι,
1208 3402 1304 3457 καὶ
1348 3402 1484 3458 ἄλλα
1538 3404 1792 3468 πλεῖστα,
1831 3404 1926 3458 καὶ
1966 3404 2201 3476 ἀριθμὸν
2256 3404 2442 3475 σχεδὸν
2503 3405 2923 3476 ὑπερϐαίνοντα.
2953 3405 3064 3459 Καὶ
3098 3405 3193 3457 ὲπὶ
3232 3405 3386 3461 πᾶσι.
3415 3402 3612 3470 λάρνα-
3673 3383 3677 3387 ’

359 3523 460 3568 κες
508 3502 648 3559 ἑπτὰ
697 3501 931 3574 χρυσίου
992 3499 1229 3571 μεσταὶ,
1266 3501 1361 3553 καὶ
1408 3498 1586 3568 βίϐλοι
1627 3500 1740 3553 τῶν
1777 3498 1941 3554 θείων
2007 3499 2344 3570 εὐαγγελίων
2415 3500 2515 3572 (5),
2564 3501 2750 3572 χρυσῷ
2796 3500 3278 3572 περιλαμπόμεναι
3324 3499 3611 3562 πάντοθεν,

360 3604 457 3657 καὶ
488 3601 655 3655 λίθων
676 3598 954 3659 παντοίοις
996 3597 1182 3666 γένεσι
1244 3593 1680 3666 ποικιλλόμεναι.
1731 3594 1814 3649 Τὰ
1853 3597 1954 3665 μὲν
1991 3595 2084 3650 οὖν
2123 3597 2217 3650 τοῦ
2270 3595 2542 3668 θριάμϐου
2590 3591 2733 3668 ἦσαν
2775 3596 2834 3648 ὲν
2894 3594 3126 3656 τούτοις.
3198 3591 3511 3662 Βελισάριος
3570 3594 3628 3646 δὲ

359 3698 461 3755 καὶ
496 3698 763 3760 ὑπατείας
785 3696 1007 3764 ἠξίωτο.

432 3793 513 3849 H'.
549 3792 687 3864 Ἤδη
716 3792 773 3845 δὲ
801 3792 897 3845 τοῦ
931 3790 1039 3843 τῶν
1080 3789 1402 3859 Οὖανδήλων
1432 3789 1670 3860 πολέμου
1702 3788 1940 3843 καταλυ-

2119 3785 2250 3840 Vill.
2290 3785 2443 3840 Bello
2464 3784 2764 3841 Vandalico
2787 3784 2898 3853 jam
2925 3782 3198 3845 confecto,
3226 3781 3369 3836 idem
3396 3783 3625 3840 Romam

358 3889 568 3951 θέντος,
603 3886 883 3941 στέλλεται
929 3884 1081 3954 παρὰ
1128 3882 1225 3938 τοῦ
1280 3883 1543 3954 βασιλέως
1574 3883 1655 3947 είς
1694 3882 1932 3951 Ῥώμην,

357 3981 567 4052 ταύτην
609 3979 669 4033 τὲ
702 3979 796 4033 καὶ
831 3978 1014 4032 πᾶσαν
1053 3976 1202 4046 αὐτῷ
1235 3976 1337 4043 τὴν
1370 3975 1605 4029 Ἰταλίαν
1644 3989 1935 4043 παραστη-

361 4074 612 4144 σόμενος,
647 4071 757 4124 ὑπὸ
780 4070 994 4124 Γότθων
1038 4067 1432 4140 κατεχομένην,
1460 4061 1535 4122 ὧν
1565 4067 1834 4128 Θευδάτος
1867 4061 1936 4137 ἦν

357 4165 606 4237 ἡγεμών.
638 4164 812 4217 Τοῦτο
862 4162 1048 4232 μαθὼν
1100 4164 1129 4214 ό
1178 4160 1444 4225 Θευδάτος
1492 4159 1806 4229 Ἀγαπητδν
1845 4160 1937 4212 τὸν

356 4260 459 4327 τῆς
533 4255 754 4326 Ῥώμης
809 4254 984 4322 μέγαν
1053 4253 1340 4323 ἀρχιερέα,
1404 4252 1573 4321 ἄνδρα
1623 4249 1935 4314 θεσπέσιον,

358 4347 573 4402 στέλλει
620 4345 700 4415 τῷ
751 4344 969 4416 βασιλεῖ
1002 4344 1498 4415 πρεσϐευσάμενον.
1550 4343 1611 4395 Ὀ
1657 4342 1713 4395 δὲ
1765 4359 1937 4395 κατα-

358 4437 546 4492 λαϐὼν
572 4436 635 4491 τὸ
664 4436 984 4503 Βυζάντιον,
1016 4436 1110 4489 καὶ
1138 4434 1215 4506 τῷ
1259 4432 1627 4502 ’1ουστινιανῷ
1676 4431 1936 4502 ἐντυχὼν,

361 4528 582 4599 πρῶτον
627 4530 759 4600 περὶ
793 4527 927 4583 Θεοῦ
957 4529 1054 4580 καὶ
1081 4527 1182 4597 τῆς
1221 4527 1302 4590 είς
1335 4525 1499 4579 αὐτὸν
1546 4524 1715 4596 ὀρθῆς
1762 4524 1942 4578 διαλέ-

357 4636 520 4686 γεται
569 4617 831 4684 πίστεως,
868 4617 967 4672 καὶ
1020 4616 1122 4688 τὴν
1169 4618 1250 4677 είς
1279 4616 1373 4670 τὸν
1421 4615 1612 4687 θρόνον
1657 4614 1759 4685 τῆς
1790 4615 1941 4678 Νέας

368 4711 595 4783 Ῥώμης
644 4710 940 4780 ἀναγωγὴν
972 4707 1238 4778 ’Δνθίμου
1285 4707 1378 4761 ὑπ’
1416 4707 1601 4762 αἰτίαν
1650 4705 1939 4777 πεποίητο,

357 4806 442 4859 ὃτι
467 4823 527 4859 τε
556 4804 630 4877 μὴ
655 4802 958 4866 κανονικῶς
987 4801 1065 4874 (6)
1095 4803 1160 4855 ὲκ
1201 4799 1638 4872 Τραπεζοῦντος,
1660 4799 1695 4871 ἦ
1725 4800 1834 4877 τῶν
1862 4800 1941 4863 είς

363 4900 455 4952 τὸν
482 4897 885 4968 Πολεμονιακδν
912 4898 1115 4950 Πόντον
1144 4897 1416 4964 κειμένων
1465 4894 1678 4947 πόλεων
1731 4893 1940 4963 τυγχάο

363 5008 447 5046 νει
485 4989 843 5063 μητρόπολις,
872 4990 955 5052 είς
998 4989 1100 5062 τὴν
1142 4986 1558 5042 Κωνσταντίνου
1593 4985 1936 5056 μετήνεκτο,

365 5085 461 5137 καὶ
498 5084 583 5138 δτι
621 5085 714 5138 καὶ
759 5083 859 5153 τῆς
903 5082 1146 5153 Σεϐήρου
1200 5077 1521 5143 κακοδοξίας
1578 5078 1937 5150 μετέσχηκεν.

375 5177 437 5231 ’0
460 5175 518 5229 δὲ
544 5175 905 5246 αὐτοκράτωρ
942 5174 1146 5245 σπουδῇ
1183 5173 1281 5244 τῆς
1315 5170 1589 5243 βασιλίδος
1612 5169 1704 5224 τὸν
1738 5168 1873 5223 Ἀνθ
1888 5188 1935 5221 ι-

366 5284 467 5338 μον
495 5268 595 5338 τῆς
630 5266 1029 5340 ἀρχιερατικῆς
1058 5260 1302 5330 ἀξιώσας
1349 5259 1624 5333 καθέδρας
1659 5261 1758 5330 τῆς
1786 5260 1943 5313 Κων-

2041 3876 2110 3930 ab
2143 3876 2473 3944 imperatore
2513 3874 2775 3940 mittitur,
2810 3881 2870 3927 ut
2898 3888 3019 3928 eam
3056 3882 3112 3927 et
3149 3882 3316 3927 totam
3348 3873 3556 3930 Italiam
3595 3891 3626 3930 a

2039 3967 2257 4023 Gotthis
2282 3974 2603 4036 occupatam
2633 3964 2872 4036 subigat,
2902 3979 3137 4034 quorum
3167 3963 3276 4017 dux
3302 3974 3422 4018 erat
3442 3963 3627 4019 Then-

2040 4057 2218 4111 datns.
2241 4055 2367 4123 Qui,
2388 4070 2451 4110 ea
2481 4070 2541 4110 re
2562 4054 2804 4125 cognita,
2835 4055 3138 4123 Agapetum
3170 4054 3490 4124 pontificem
3518 4054 3627 4126 67

2041 4150 2376 4215 Romanum,
2418 4148 2600 4203 virum
2643 4145 3051 4210 admirandum,
3085 4146 3322 4216 legatum
3359 4146 3527 4200 mittit
3559 4147 3627 4200 ad

2040 4240 2452 4306 imperatorem,
2477 4236 2595 4308 qui,
2626 4235 2945 4307 Byzantium
2988 4234 3054 4287 ad
3093 4234 3462 4289 Iustinianum
3502 4251 3631 4305 pro-

2041 4331 2217 4386 fectus
2275 4331 2513 4401 primum
2541 4330 2609 4385 de
2646 4331 2756 4384 Deo
2787 4340 2843 4383 ct
2875 4337 3025 4384 recta
3063 4328 3115 4382 in
3144 4343 3268 4383 eum
3305 4327 3411 4381 ﬁde
3440 4327 3626 4382 disse-

2042 4421 2135 4484 rit,
2173 4430 2230 4475 et
2255 4419 2503 4475 Anthimi
2539 4419 2958 4474 collocationem
2992 4417 3046 4471 in
3082 4416 3247 4473 Novae
3278 4417 3465 4472 Romae
3499 4419 3629 4473 sede

2042 4510 2257 4569 incusat
2281 4530 2297 4567 :
2326 4528 2510 4584 neque
2546 4513 2694 4568 enim
2721 4527 2849 4567 eum
2876 4512 3242 4583 Trapezunte,
3270 4510 3492 4564 urbium
3526 4510 3626 4565 Po-

2041 4604 2329 4660 lemoniaci
2365 4603 2523 4661 Ponti
2556 4603 2869 4674 metropoli,
2903 4602 3224 4673 Byzantium
3259 4601 3365 4657 rite
3393 4602 3628 4658 transla-

2043 4706 2183 4761 tum,
2212 4706 2591 4768 praetereaque
2622 4711 2885 4768 perversa
2924 4696 3190 4765 opinione
3219 4695 3409 4751 Severi
3442 4695 3627 4750 imbu-

2043 4801 2159 4848 tum
2193 4806 2336 4849 esse.
2372 4791 2573 4846 Verum
2620 4791 2947 4861 imperator,
2973 4788 3067 4859 qui
3100 4789 3421 4843 Antliimum
3451 4787 3626 4842 inter-

2043 4883 2289 4940 cessione
2304 4882 2554 4953 conjugis
2564 4880 3237 4949 Constantinopolitannm
3257 4879 3626 4950 patriarcham

2044 4975 2387 5047 designarat,
2434 4984 2556 5030 acta
2586 4991 2687 5030 sua
2726 4974 3043 5031 rescindere
3076 4975 3292 5039 noluit,
3336 4971 3625 5036 ει.ἀίνίηο

2044 5069 2288 5140 Agapeto
2321 5068 2505 5123 acrius
2533 5068 2782 5133 instanti,
2815 5068 3078 5130 minatus,
3114 5083 3173 5123 se
3214 5082 3315 5122 suo
3348 5064 3622 5121 arbitratu

2045 5161 2192 5233 quod
2223 5161 2407 5227 vellet,
2441 5177 2600 5229 posse
2627 5177 2790 5231 agere
2813 5160 2973 5218 dixit.
2998 5159 3134 5217 Cum
3164 5168 3350 5217 autem
3377 5157 3625 5230 pontifex

2037 5253 2109 5311 ad
2141 5255 2319 5310 minas
2350 5256 2585 5319 risisset,
2610 5271 2778 5327 seque
2807 5254 3013 5312 easdem
3049 5254 3215 5311 etiam
3248 5266 3408 5323 :equo
3436 5250 3622 5307 animo

1559 5376 1756 5440 Varias
1786 5374 2102 5438 lectiones
2133 5379 2194 5435 et
2234 5378 2429 5435 notes.

430 5509 507 5576 (lt)
549 5509 668 5573 Τὴν
695 5506 1139 5574 προσκύνησιν.
1162 5504 1238 5558 De
1264 5504 1369 5558 ritu
1394 5499 1927 5576 adorandi_impera-

359 5569 505 5633 tores
535 5569 910 5632 consulendus
932 5569 1200 5646 inprimis
1224 5570 1631 5646 ProcOpius,‘in
1655 5569 1798 5624 Hist.
1844 5586 1940 5646 ar-

358 5665 514 5705 cana.
541 5661 592 5702 c.
609 5647 709 5709 '50;
744 5640 1311 5716 praetcrea'Arnoldns
1327 5640 1535 5716 Lubec.
1558 5641 1597 5697 l.
1622 5640 1934 5716 tt.cap.n_i§i.

2114 5495 2196 5568 (6)
2235 5495 2332 5562 Μὴ
2376 5495 2734 5568 κανονικῶς.
2760 5496 3315 5568 Marcellinuscomes
3348 5492 3617 5568 :_qupiua

2043 5563 2576 5635 ConstantinOpolim,
2611 5576 2668 5618 ut
2701 5567 2967 5635 diximus.
2992 5565 3056 5617 de
3082 5563 3248 5635 Roma
3303 5564 3613 5635 adveniens.

2036 5639 2342 5692 Anthimum
2371 5632 2491 5689 mox
2518 5637 2583 5689 de
2606 5636 2840 5689 Ecclesia
2865 5634 3033 5699 pellit,
3095 5634 3269 5688 dicens
3297 5650 3417 5687 eum
3451 5632 3614 5703 jmm

434 5703 513 5786 (si
571 5703 708 5772 παι
741 5703 946 5781 ςειέλοι
977 5715 1302 5786 τῶν-θείων
1344 5703 1934 5784 εὐαγγελίωνενιιιθ

2045 5706 2443 5786 ecclesiasticam
2467 5705 2706 5786 regulam
2741 5704 3063 5771 adulterum,
3100 5706 3189 5777 qui
3234 5722 3333 5761 sua
3376 5703 3611 5764 Εσεζεεὶα

363 5784 547 5848 Gloss.
575 5786 725 5844 med.
756 5787 876 5844 Lat.
906 5788 959 5840 in
994 5803 1047 5841 ν.
1077 5784 1288 5842 Textus.

2032 5777 2273 5841 dimissa,
2302 5773 2559 5830 mubierat
2577 5773 2833 5830 aieuam.
