3968 6210
282 311 426 376 1285

279 426 409 497 ρίας
450 419 669 494 μεστὸς,
731 419 824 476 ῖνα
883 420 959 493 μὴ
1009 420 1327 496 άτευκτήσῃ

279 516 657 585 ὑποσχέσεως,
685 514 786 583 τήν
801 530 861 566 τε
885 512 1106 568 σύνοδον
1129 514 1584 585 ὑποκεκριμένως
1641 513 1857 578 ἐδέξατο

278 608 377 661 καὶ
392 607 486 659 δύο
524 605 716 675 φύσεις
742 607 834 658 ἐπὶ
863 605 1106 678 Χριστοῦ
1141 607 1323 675 λέγειν
1348 607 1638 676 ήνωμένας
1689 605 1856 660 κατέο

282 696 428 750 θετο.
465 695 601 766 Περὶ
632 693 691 748 δέ
720 712 786 762 γε
812 693 922 748 τῶν
951 689 1276 766 θελημάτων
1303 699 1396 749 καὶ
1426 696 1538 749 τῶν
1563 687 1857 766 ἐνεργειῶν

280 787 643 852 δπυνθάνετο,
674 789 723 840 εί
742 787 893 842 διττὰ
920 781 1092 840 ταῦτα
1121 787 1306 856 λέγειν
1331 786 1530 860 χρεὼν,
1590 787 1624 861 ἢ
1681 790 1860 844 ὲνιαῖά

276 891 341 930 τε
370 877 466 930 καὶ
502 877 818 947 μοναδικά;
877 872 938 933 '0
993 871 1038 931 δ’
1072 879 1436 948 αὐτοκράτωρ
1488 881 1691 950 γράφει
1729 883 1863 951 περὶ

277 969 479 1022 τούτου
513 969 578 1039 δὴ
610 968 707 1024 τοῦ
740 967 1062 1041 ζητήματος
1092 972 1232 1043 πρὸς
1258 971 1352 1024 τὸν
1409 974 1860 1026 Κωνσταντινου-

279 1061 493 1124 πόλεως
523 1063 772 1132 Σέργιον.
813 1063 1084 1127 Κάκεῖνος
1114 1064 1287 1119 πάλαι
1337 1065 1406 1119 τὰ
1440 1067 1540 1137 τῆς
1617 1066 1860 1120 Μονοθε·

279 1151 470 1221 λητῶν
509 1150 833 1222 πρεσϐεύων
859 1153 1148 1224 αἱρέσεως,
1209 1155 1340 1226 μίαν
1367 1154 1606 1225 φυσικὴν
1640 1154 1860 1226 θέλησιν

281 1243 380 1297 καὶ
415 1246 550 1314 μὶαν
589 1247 873 1314 ἐνέργειαν
902 1243 1018 1297 δεῖν
1049 1245 1400 1316 δογματίζειν
1451 1249 1540 1300 ἐπὶ
1597 1247 1857 1319 Χριστοῦ,

281 1337 363 1407 τῷ
393 1335 607 1406 βασιλεῖ
630 1335 1085 1390 άνταπέστειλεν.
1139 1336 1300 1391 Ἀλλὰ
1362 1338 1458 1391 καὶ
1511 1336 1693 1408 Κύρον
1744 1337 1857 1410 (Η)

281 1428 578 1499 ἐρωτήσας
606 1428 700 1480 τὸν
755 1428 1005 1493 Φάσιδος,
1037 1427 1114 1497 τῷ
1153 1428 1365 1499 Σεργίῳ
1438 1427 1676 1497 εὕρηκεν
1733 1431 1864 1498 ὁμο-

280 1519 573 1590 γνώμονα.
601 1519 830 1582 Τούτοις
864 1521 958 1572 καὶ
986 1518 1151 1581 αὐτὸς
1167 1519 1431 1590 ὑπαχθεὶς
1458 1520 1486 1570 ὁ
1516 1518 1860 1588 Ἡράκλειος,

281 1613 385 1682 τῆς
411 1610 567 1682 δόξης
602 1611 815 1678 γίνεται
853 1609 1082 1680 ταύτης,
1111 1611 1203 1663 καὶ
1236 1611 1554 1682 ἀνατροπὴν
1585 1612 1863 1678 ποτίζεται

285 1704 520 1772 θολεράν
570 1702 724 1774 παρὰ
769 1702 876 1754 τῶν
929 1701 1242 1772 μισθωτῶν,
1304 1701 1424 1756 ἀλλ’
1470 1704 1532 1756 οὐ
1586 1703 1863 1772 ποιμένων

281 1793 535 1848 ὲκείνων.
565 1793 675 1846 Τοῦ
699 1794 1013 1864 Σωφρονίου
1047 1793 1159 1864 (15)
1187 1793 1374 1864 μέντοι
1407 1793 1502 1848 τοῦ
1565 1795 1710 1862 ἱεροῦ
1762 1795 1857 1849 τοῦ
1889 1781 1933 1838 Β

285 1883 781 1956 ἐν’ἰεροσολύμοις
831 1884 1347 1956 ἀρχιερατεύοντος,
1403 1886 1526 1938 τότε
1597 1887 1724 1950 τοὺς
1773 1887 1864 1955 ὑφ’

286 1976 485 2029 ἑαυτὸν
509 1977 790 2048 ἀρχιερεῖς
867 1976 1351 2048 συναθροίσαντος,
1425 1978 1522 2032 καὶ
1570 1977 1866 2043 συνοδικῶς

286 2068 706 2136 ἀποδείξαντος,
737 2069 862 2132 τοὺς
885 2069 1014 2139 μίαν
1039 2069 1301 2137 λέγοντας
1325 2067 1547 2141 θέλησιν
1582 2073 1679 2127 καὶ
1711 2071 1864 2142 ἐνέρ-

288 2175 448 2228 γειαν
484 2160 578 2214 ἐπὶ
605 2160 716 2213 τῶν
738 2159 833 2213 δύο
858 2160 1074 2230 φύσεων
1096 2159 1190 2214 τοῦ
1221 2161 1488 2232 Χριστοῦ,
1541 2163 1674 2234 μίαν
1717 2164 1866 2218 ἄντι-

289 2269 431 2322 κρυς
455 2253 548 2305 καὶ
573 2250 735 2320 φύσιν
762 2251 1057 2323 κηρύττειν
1094 2268 1109 2284 ο
1168 2253 1467 2325 σύμψηφον
1530 2253 1588 2309 δὲ
1645 2255 1867 2326 σχόντος

289 2343 386 2396 ἐπὶ
407 2343 602 2414 τούτῳ,
639 2343 732 2397 καὶ
763 2345 854 2398 τὸν
887 2345 1080 2417 θρόνον
1102 2345 1205 2418 τῆς
1231 2345 1615 2418 πρεσϐυτέρας
1649 2347 1868 2418 Ῥώμης

293 2433 555 2487 διέποντα
617 2435 970 2505 Ἰωάννηνοῤ
1063 2437 1322 2508 βασιλεὺς
1400 2437 1664 2506 προέθετο
1734 2438 1868 2510 πρό-

292 2529 718 2596 γραμμα,μήτε
744 2527 955 2582 ἑνιαίαν
1000 2528 1312 2603 ἐνέργειαν,
1373 2530 1509 2600 μήτε
1551 2529 1740 2601 διττὴν
1808 2531 1868 2584 ὲν

287 2617 518 2688 Χριστῷ
550 2619 998 2690 δογματίζεσθαι.
1041 2621 1108 2674 Ὃ
1147 2605 1562 2693 καταγέλαστον
1640 2622 1700 2674 ού
1753 2621 1869 2686 τοῖς

293 2707 626 2782 ὀρθόφροσιν
661 2711 841 2764 ἐδόκει
869 2713 1053 2783 μόνον,
1111 2712 1250 2768 ἀλλὰ
1317 2714 1414 2767 καὶ
1461 2710 1574 2776 τοῖς
1623 2713 1867 2784 Σεϐήρου

294 2800 588 2872 ὁμόφροσι.
621 2803 847 2872 Σεργίου
876 2803 989 2876 (16)
1035 2803 1092 2858 δὲ
1126 2803 1220 2858 τοῦ
1265 2804 1359 2858 τὸν
1409 2803 1599 2877 θρόνον
1651 2799 1870 2874 ἔχοντος

293 2893 933 2959 Κωνσταντινουτιὸλεως
1003 2896 1103 2967 τὴν
1189 2893 1336 2968 ζωὴν
1453 2895 1868 2966 καταστρέψαν-

285 3001 403 3050 τος,
467 2985 685 3058 Πύρρος
743 2988 908 3040 αὐτὸν
977 2987 1273 3054 διεδέξατο,
1326 2987 1395 3044 τὰ
1485 2989 1626 3043 αὑτά
1671 2989 1868 3062 ἐκείνῳ

1514 309 1928 374 ANNALlUM
1971 311 2122 374 LIB.
2164 313 2318 376 XIV.

1408 423 1507 494 τῆς
1573 422 1860 493 βασιλικῆς

1973 423 2132 480 nibus
2189 432 2564 495 percontatur,
2622 431 2806 480 utrum
2840 439 2934 482 eas
2980 425 3233 499 duplices
3280 444 3351 485 an
3403 447 3541 486 vero

3406 317 3545 384 19.86

1964 529 2102 568 unas
2148 523 2204 568 et
2253 515 2498 586 singulas
2546 515 2655 572 dici
2688 517 2767 572 fas
2831 517 2944 571 sit?
3000 520 3129 572 Eam
3186 521 3539 589 quaestionem

1967 606 2267 678 imperator
2294 607 2362 662 ad
2398 607 2648 678 Sergium
2677 609 3042 679 patriarcham
3073 609 3543 684 Constantinopo-

1967 697 2196 752 litanum
2235 697 2445 757 scribit.
2485 699 2587 766 Qui
2620 717 2744 756 cum
2802 701 3011 773 pridem
3060 703 3543 760 Monothelitarum

1967 787 2215 844 haeresim
2253 789 2531 858 probaret,
2566 807 2729 846 unam
2764 793 3075 848 naturalem
3107 795 3466 860 voluntatem,
3489 804 3544 850 et

1969 894 2132 936 unam
2157 879 2425 935 actionem
2465 882 2520 936 in
2545 881 2764 938 Christo
2791 884 3135 938 statuendam
3167 901 3287 940 esse
3308 885 3542 955 impera-

1971 971 2074 1028 tori
2101 971 2376 1027 rescribit.
2404 973 2611 1044 Rogato
2634 974 2775 1045 Cyro
2803 976 3056 1030 Phasidis
3085 976 3368 1045 episc0po,
3412 992 3540 1030 eum

1967 1081 2186 1138 quoque
2215 1066 2356 1122 idem
2383 1069 2586 1123 sentire
2608 1084 2730 1123 cum
2761 1068 2954 1139 Sergio
2981 1069 3259 1140 intelligit.
3294 1071 3540 1134 Quorum

1969 1159 2302 1214 auctoritate
2331 1168 2516 1216 motus
2546 1160 2851 1223 lleraelius,
2873 1169 2930 1216 et
2966 1161 3082 1232 ipse
3117 1162 3370 1216 eamdem
3427 1161 3548 1230 cpi-

1969 1252 2189 1307 nionem
2210 1253 2580 1322 amplectitur,
2603 1263 2658 1308 et
2677 1253 2948 1309 turbidam
2971 1269 3168 1324 aquam
3194 1253 3330 1310 bibit
3353 1255 3419 1308 ab
3441 1254 3547 1310 illis

1969 1360 2079 1402 nou
2108 1346 2437 1416 pastoribus,
2471 1346 2566 1401 sed
2598 1346 2949 1401 mercenariis
2977 1346 3296 1400 exhibitam.
3333 1342 3540 1402 Verum
3613 1369 3616 1376 -

1970 1453 2096 1492 cum
2151 1446 2374 1492 sanctus
2404 1436 2746 1506 Sophronius
2790 1449 2902 1493 tum
2961 1452 3176 1493 summo
3237 1436 3544 1492 sacerdotio

1976 1511 2216 1596 fungens!
2239 1525 2657 1598 Hierosolymis,
2710 1527 2975 1596 subjectis
3021 1526 3128 1580 sibi
3162 1525 3547 1579 sacerdotibus

1971 1617 2305 1683 convocatis,
2349 1633 2446 1688 per
2507 1617 2726 1671 concilii
2791 1617 3010 1670 modum
3060 1615 3488 1670 demonstrasset
3528 1631 3542 1669 :

1972 1709 2066 1778 qui
2093 1723 2257 1764 unam
2293 1707 2352 1761 in
2404 1706 2622 1762 duobus
2689 1704 2897 1762 Christi
2947 1705 3160 1760 naturis
3208 1705 3544 1760 voluntatem

1967 1812 2130 1870 atque
2165 1799 2434 1855 actionem
2460 1796 2820 1865 aiﬁrmarent,
2861 1813 2955 1854 eos
2992 1797 3168 1867 palam
3218 1813 3380 1850 unam
3410 1811 3550 1865 quo-

1967 1905 2074 1961 que
2105 1889 2219 1961 86
2253 1897 2507 1944 naturam
2548 1897 2814 1954 statuere,
2887 1889 3051 1964 eique
3105 1886 3341 1942 Joannes
3407 1901 3544 1956 rapa

1967 1983 2248 2036 Romanus
2276 1996 2537 2036 assensus
2579 1990 2751 2044 esset,
2786 1979 3083 2050 imperator
3115 1977 3358 2033 edictum
3420 1991 3551 2046 pro-

1965 2073 2164 2144 ponit:
2229 2073 2418 2142 Neque
2479 2073 2837 2144 singularem,
2910 2087 3092 2142 neque
3157 2071 3425 2125 binariam
3493 2069 3548 2123 in

1965 2165 2186 2222 Christo
2207 2165 2502 2226 actionem,
2527 2179 2646 2219 esse
2675 2163 3053 2219 asserendam.
3078 2163 3135 2216 Id
3160 2164 3398 2216 edictum
3424 2175 3537 2215 non

1967 2257 2287 2313 orthodoxis
2316 2266 2548 2322 tantum,
2576 2255 2672 2310 sed
2703 2254 2894 2311 Severi
2923 2255 3090 2309 etiam
3145 2253 3550 2314 sectatoribus,

1969 2347 2264 2403 ridiculum
2303 2346 2500 2402 visum.
2530 2345 2720 2416 Sergio
2746 2345 3070 2416 patriarcha:
3088 2344 3554 2412 Constantinopo-

1966 2439 2136 2495 litano
2153 2439 2433 2506 defuncto,
2453 2435 2696 2509 Pyrrhus
2713 2437 2956 2509 ejusdem
2980 2435 3258 2507 opinionis
3280 2435 3549 2500 succe:!it,

1967 2533 2255 2588 sententia:
2286 2530 2412 2602 Cyri
2442 2539 2500 2584 et
2548 2528 2736 2584 Severi
2764 2538 2819 2584 et
2845 2527 3147 2583 admirator
3179 2537 3234 2582 et
3271 2527 3543 2597 approba-

1970 2634 2075 2680 tur.
2109 2623 2166 2681 ln
2194 2621 2388 2679 eodem
2420 2619 2738 2692 triumphali
2767 2635 2833 2676 ex
2859 2619 3048 2675 Persia
3076 2617 3279 2686 reditu,
3309 2617 3546 2672 Moame-

1971 2726 2060 2772 tus
2093 2715 2495 2770 Saracenorum
2524 2713 2785 2783 princeps
2833 2711 3222 2782 imperatorem
3267 2711 3547 2766 convenit.

1970 2805 2034 2860 Ei
2060 2803 2400 2876 principatus
2426 2819 2536 2858 non
2558 2819 2624 2858 ex
2648 2802 2935 2856 nobilitate
2973 2801 3192 2875 generis
3218 2801 3551 2872 contigerat.

1968 2896 2104 2953 Nam
2135 2911 2260 2950 cum
2308 2911 2519 2965 pauper
2563 2906 2727 2956 esset,
2794 2893 3054 2964 locupleti
3088 2891 3312 2947 cuidam
3369 2893 3549 2948 vidum

1969 2989 2226 3044 mercede
2258 2989 2548 3048 servierat,
2579 2999 2743 3055 quam
2807 2986 3099 3056 praestigiis
3126 2985 3455 3055 quibusdam
3489 2985 3547 3040 in

292 3075 558 3144 δοξάζων,
591 3080 685 3131 καὶ
705 3079 774 3132 τά
801 3077 1050 3150 Σεϐήρου
1084 3079 1182 3133 καὶ
1212 3078 1401 3150 Κύρου
1433 3080 1612 3134 σέϐων
1656 3096 1716 3133 τε
1772 3081 1866 3133 καὶ

1973 3096 2214 3136 amorem
2251 3079 2333 3136 sui
2361 3079 2674 3149 pellectam,
2717 3093 2944 3132 uxorem
2982 3078 3238 3132 duxerat.
3277 3076 3384 3131 Sed
3409 3077 3540 3146 quia

290 3169 500 3239 κυρῶν.
544 3170 973 3242 ’Υποστρέφοντι
1005 3172 1061 3225 δὲ
1088 3173 1168 3243 τῷ
1193 3169 1406 3243 βασιλεῖ
1423 3170 1599 3238 τούτῳ
1628 3171 1693 3227 ἐκ
1723 3173 1865 3244 Περ-

291 3261 442 3323 σίδος
465 3264 876 3333 τροπαιοφόρῳ,
917 3263 1172 3334 πρόσεισι
1219 3258 1466 3330 Μωάμεθ
1505 3261 1618 3335 (Π)
1675 3266 1704 3318 ό
1759 3263 1869 3317 τῶν

293 3355 637 3426 Σαρακηνῶν
669 3355 968 3427 φύλαρχος,
999 3357 1101 3410 οὐκ
1126 3359 1190 3411 ὲκ
1218 3359 1415 3426 γένους
1444 3357 1509 3410 τὺ
1568 3355 1869 3427 φυλαρχεῖν

287 3446 722 3518 κληρωσάμενος
734 3447 864 3518 (τῶν
887 3448 998 3518 γὰρ
1019 3448 1253 3519 ἀσήμων
1281 3449 1579 3519 δτύγχανεν
1609 3447 1708 3517 ὢν)
1732 3447 1870 3502 ἀλλὰ

291 3539 538 3610 πονηρίᾳ
567 3538 732 3596 τοῦτο
784 3541 1158 3612 κτησάμενος.
1207 3540 1388 3610 ξιξ-ρης
1437 3541 1547 3611 γὰρ
1594 3539 1672 3592 ὢν
1715 3539 1871 3611 παρά

290 3646 405 3682 τινι
431 3632 650 3699 γυναικὶ
676 3629 935 3702 ὁμοφύλῳ
968 3631 1206 3703 πλουσίᾳ
1260 3634 1405 3702 χήρᾳ
1462 3631 1740 3700 ἐθήτευεν,
1802 3631 1869 3704 ἢν

291 3719 496 3790 ἔγημε,
551 3722 832 3793 γοητείαις
907 3723 1214 3792 ὑπαγαγὼν
1267 3724 1349 3787 είς
1414 3723 1597 3794 ἔρωτα
1649 3719 1865 3777 ἑαυτοῦ.

312 3811 644 3883 Ἐπιληψίας
699 3815 758 3869 δὲ
815 3816 1092 3887 νοσήματι
1141 3816 1529 3887 συνεχόμενος,
1584 3813 1681 3868 καὶ
1728 3812 1870 3866 κατὰ

290 3907 528 3973 καιροὺς
548 3905 698 3978 αύτῷ
718 3906 813 3960 τοῦ
852 3908 1063 3971 πάθους
1107 3907 1566 3980 προσϐαλλοντος,
1655 3903 1870 3958 πίπτων

294 4001 396 4054 καὶ
449 3999 560 4052 τῶν
616 4001 833 4070 φρενῶν
877 3998 1255 4069 ἐξιστάμενος,
1289 3997 1527 4068 ἀθυμίας
1573 3995 1747 4059 αῐτιος
1802 3995 1868 4064 τῇ

293 4094 498 4146 ἑαυτου
523 4097 693 4165 κυρίᾳ
721 4093 819 4147 καὶ
845 4096 1062 4163 γαμετῇ
1099 4094 1197 4146 καὶ
1219 4090 1484 4162 αἰσχύνης
1532 4090 1764 4158 ἐγίνετο.
1811 4090 1870 4143 ’θ

289 4184 355 4237 δὲ
383 4184 544 4247 αὑτός
582 4201 641 4236 τε
673 4183 912 4256 πονηρὸς
943 4183 1041 4249 ὢν,
1074 4183 1171 4236 καί
1196 4200 1302 4236 τινι
1340 4181 1398 4234 δὲ
1458 4179 1682 4252 μοναχῷ
1704 4195 1873 4250 πονη-

296 4277 511 4348 ροτὲρῳ
542 4271 742 4330 ἑαυτοῦ
783 4273 1196 4347 ἐντετυχηκὼς,
1246 4273 1338 4329 διὰ
1373 4275 1743 4329 κακοπιστίαν
1767 4290 1870 4343 φυ-

290 4367 622 4437 γαδευθέντι
639 4369 741 4439 τῆς
755 4369 1055 4431 Βυζαντίδο
1065 4387 1108 4436 ξ,
1125 4371 1220 4422 καὶ
1237 4365 1370 4438 παρ’
1392 4364 1560 4420 αὐτοῦ
1574 4365 1871 4437 διδαχθεὶς,

1977 3171 2239 3229 comitiali
2270 3170 2464 3227 morbo
2489 3167 2794 3235 laborabat,
2822 3176 2965 3223 etex
2999 3167 3304 3223 intervallis
3338 3167 3548 3238 impetu

1978 3266 2125 3320 illius
2155 3263 2280 3318 mali
2315 3269 2644 3333 prostratus,
2678 3269 2861 3315 mente
2886 3257 3232 3315 alienabatur
3262 3277 3277 3315 :
3313 3257 3550 3314 domina:

1976 3369 2088 3410 sua:
2115 3353 2382 3421 uxorique
2423 3359 2477 3405 et
2508 3349 2732 3406 mmrori
2797 3359 2853 3404 et
2886 3349 3083 3419 pudori
3113 3349 3238 3404 fuit.
3282 3348 3554 3405 Cancrum

1977 3447 2143 3502 homo
2173 3442 2480 3512 improbus,
2529 3441 2863 3496 monachum
2897 3455 2956 3496 se
2982 3442 3305 3511 nequiorem
3335 3450 3552 3507 nactus,

1975 3537 2047 3592 ob
2066 3549 2380 3607 perversam
2416 3533 2740 3604 religionem
2767 3532 3030 3604 Byzant’o
3069 3542 3323 3587 exactum
3353 3549 3367 3586 :
3396 3533 3550 3588 illius

1975 3629 2262 3694 instinctu,
2317 3627 2472 3681 uxori
2519 3625 2597 3680 ait
2661 3626 3056 3696 archangelum
3106 3623 3416 3681 Gabrielem
3487 3623 3558 3678 de

1974 3723 2118 3779 calo
2143 3720 2210 3776 ad
2245 3734 2305 3776 se
2335 3719 2784 3782 descendentem,
2815 3716 3002 3771 divina
3036 3717 3286 3786 qudam
3321 3729 3556 3771 arcana-

1977 3828 2083 3887 que
2117 3813 2222 3868 sibi
2278 3811 2566 3867 revelare:
2623 3809 2787 3878 eujus
2842 3816 3201 3875 conspectum
3243 3806 3381 3875 quia“
3404 3805 3550 3860 ferre

1976 3924 2088 3966 non
2151 3904 2344 3978 possit,
2397 3918 2456 3958 se
2503 3902 2696 3958 oborta
2742 3917 2807 3956 ex
2841 3907 2991 3954 metu
3049 3899 3342 3971 vertigine,
3399 3899 3556 3953 humi

1977 3996 2363 4071 procumbere.
2394 3994 2468 4048 Ea
2513 3991 2684 4048 verba
2715 3988 3036 4045 testimonio
3070 3987 3245 4043 dolosi
3298 3987 3555 4044 monachi

1975 4089 2463 4150 conﬁrmabantur,
2497 4083 2590 4154 qui
2621 4081 2840 4137 mulieri
2871 4080 3124 4146 dicebat,
3157 4079 3390 4134 omnino
3442 4077 3555 4134 Ga-

1977 4183 2210 4240 brielem
2260 4179 2329 4235 ad
2371 4192 2562 4234 omnes
2604 4175 2904 4247 prOphetas
2938 4173 3080 4228 mitti
3115 4173 3316 4228 solere.
3354 4169 3434 4226 Ex
3487 4185 3556 4225 co

1980 4275 2198 4340 mulier,
2249 4271 2460 4328 abolito
2531 4268 2827 4335 dedecore,
2907 4281 2974 4322 ac
3027 4264 3215 4336 potius
3272 4255 3556 4334 propheta:

1979 4365 2236 4438 coniugio
2287 4363 2552 4435 glorians,
2616 4359 2856 4415 fabulam
2908 4360 3069 4414 istam
3129 4357 3274 4413 inter
3327 4365 3556 4411 cateras

293 4461 550 4533 ελεγετῇ
583 4460 805 4530 γυναικὶ
838 4461 930 4514 τὸν
955 4461 1202 4534 Γαϐριὴλ
1225 4462 1316 4514 τὸν
1339 4461 1678 4531 ἀρχάγγελον
1707 4461 1866 4529 οὐρα·

1977 4460 2241 4518 mulieres
2270 4455 2495 4528 spargit.
2531 4453 2620 4509 Sic
2645 4453 2895 4522 impurus
2930 4451 3018 4505 ille
3045 4449 3190 4520 apud
3221 4460 3352 4504 suos
3376 4461 3552 4519 popu-

296 4550 457 4606 νόθεν
475 4549 624 4624 αὐτῷ
649 4551 946 4622 φοιτῶντα,
960 4551 1084 4606 θεῖά
1110 4570 1234 4608 τινα
1264 4555 1422 4624 μυεῖν
1445 4552 1540 4605 καὶ
1561 4551 1876 4621 ἀπόρρητα,

1975 4557 2144 4618 hres,
2200 4550 2481 4621 propheta:
2551 4561 2749 4608 nomen
2827 4552 3182 4610 consecutus,
3238 4550 3295 4597 et
3371 4539 3561 4594 uXoris

296 4645 384 4716 μὴ
405 4646 593 4716 φέρειν
623 4645 680 4698 δὲ
717 4645 816 4717 τὴν
843 4644 1042 4699 τούτου
1075 4645 1229 4708 θέαν,
1260 4645 1358 4698 καὶ
1389 4643 1478 4697 διὰ
1537 4641 1702 4696 τοῦτο
1736 4643 1866 4712 tua.“

1977 4655 2210 4701 mortua
2260 4640 2577 4697 limeditatc
2626 4633 3386 4707 locupletawsﬂsmseiititm
3425 4648 3560 4704 geu-

293 4737 433 4807 γιᾷν
483 4739 578 4790 καὶ
608 4735 759 4809 φόϐῳ
814 4737 1138 4809 συνέχεσθαι
1193 4739 1292 4793 καὶ
1359 4736 1494 4807 πρὸς
1555 4735 1660 4806 γῆν
1711 4749 1878 4789 κατα·

191 4858 194 4860 ~
295 4829 610 4884 κλῖνεσθαι.
644 4825 832 4884 Ταῦτα
871 4829 918 4883 δ’
971 4825 1120 4900 εἶχεν
1171 4829 1322 4902 αὐτῷ
1372 4821 1866 4900 συμμαρτυρούντσ

1980 4843 2113 4886 cum
2177 4827 2317 4884 alios
2382 4823 2570 4878 verbis
2647 4820 2975 4887 seduxisset,
3070 4819 3208 4874 alios
3270 4818 3560 4892 imperium

292 4923 402 4978 καὶ
421 4921 516 4976 τὸν
547 4923 786 4995 μοναχὸν
808 4925 1025 4978 ικιῖνον
1055 4923 1149 4978 τὸν
1175 4921 1372 4988 δόλιον,
1406 4922 1504 4976 καὶ
1530 4924 1603 4993 τῇ
1646 4919 1871 4990 γυναικὶ

287 5016 529 5082 λέγοντα
559 5017 640 5069 ὅτι
665 5016 742 5080 ὡς
769 5016 988 5088 ἀληθῶς
1011 5017 1146 5072 πᾶσι
1168 5017 1280 5080 τοῖς
1332 5016 1646 5088 προφήταις
1719 5008 1873 5078 οὗτος

287 5113 321 5164 6
342 5108 586 5180 Γαϐριὴλ
611 5109 1010 5178 ἔπιπέμπεται.
1039 5108 1325 5164 Ἐντεῦθεν
1353 5109 1387 5180 ή
1441 5107 1580 5180 γυνὴ
1602 5108 1874 5162 ἀποσκευ-

285 5203 541 5272 αζοξιένη
584 5204 646 5257 τὸ
687 5203 918 5269 ὄνειδος,
971 5202 1370 5273 ιγκαυχωμένη
1436 5199 1493 5254 δὲ
1563 5200 1766 5270 μᾶλλον
1797 5199 1875 5263 ὡς

292 5295 636 5351 συνοικοῦσα
670 5298 951 5369 προφήτῃ,
980 5297 1073 5352 τὸν
1093 5295 1254 5366 λόγον
1280 5295 1473 5349 τοῦτον
1517 5295 1600 5357 είς
1629 5294 1727 5356 τὰς
1760 5291 1874 5346 λοι-

1978 4737 2047 4792 ιῐε
2109 4734 2387 4806 princeps,
2439 4729 2632 4785 doctor
2701 4737 2758 4783 et
2824 4727 3102 4798 legislator
3169 4733 3254 4781 est
3317 4725 3557 4788 habitus,

1969 4923 2345 4980 detrectantes
2430 4916 2623 4972 stricto
2699 4913 2882 4984 gladio
2972 4911 3080 4967 sibi
3167 4909 3367 4968 cedere
3461 4924 3560 4964 eo-

1971 5001 2216 5088 egiSset:
2270 5011 2383 5082 jam
2429 5007 2578 5065 enim
2628 5021 2852 5062 manum
2907 5019 3015 5060 non
3096 5001 3555 5058 contemnendam

1970 5110 2198 5167 fecerat.
2256 5106 2310 5162 ls
2364 5104 2532 5177 igitur
2579 5119 2646 5159 ex
2723 5101 2978 5158 Aithribo
3044 5111 3369 5172 progressus
3452 5093 3557 5146 im-

1975 5207 2284 5270 peratorem
2329 5194 2612 5262 convenit,
2662 5203 2722 5250 et
2764 5193 3047 5264 regionem
3076 5190 3146 5245 ad
3200 5184 3555 5242 habitandum

1975 5291 2203 5363 petitam
2257 5288 2492 5360 accepit.
2551 5285 2800 5359 Cumque
2847 5299 3042 5343 omnes
3095 5280 3396 5356 papuiares
3425 5290 3557 5331 suos

1492 5446 1704 5510 Varia
1733 5445 2045 5512 lectiones
2087 5451 2152 5509 et
2190 5451 2382 5509 notae.

375 5578 489 5651 (id)
521 5577 734 5651 figor.
760 5578 990 5642 Φάσιδος
1019 5576 1334 5651 timene»).
1369 5573 1618 5651 Theo'ih.

371 5642 500 5718 αὔδα
525 5642 640 5702 Τοῦ
666 5651 1026 5718 Σωφρονίου.
1059 5645 1383 5718 Theophan.
1413 5658 1504 5718 an.
1659 5642 1870 5702 ilcracl.

371 5714 486 5791 (16)
521 5714 811 5789 Σῆργίούί
831 5719 1059 5786 Niceph.
1085 5718 1190 5771 Cl’.
1219 5714 1328 5770 ’sub
1353 5714 1541 5768 indict.
1581 5715 1668 5769 1⁸2.

2055 5573 2169 5645 (t7)
2211 5573 2485 5646 Μωείμεθ.
2557 5571 2920 5646 TheOphanes
2971 5579 3060 5623 an.
3098 5563 3184 5633 12,
3227 5563 3295 5620 2!
3343 5557 3559 5621 Hei-act.

1979 5642 2218 5702 Cedrcn.
2254 5642 2461 5699 an.’2i.
