3958 6204
364 253 386 320 1
400 255 502 320 291

1593 265 1994 331 ANNALIUM
2043 273 2190 336 LIB.
2237 275 2390 335 XIV.

3479 285 3614 356 1298

360 387 412 424 τι
451 372 718 441 ποταμοῖς
751 372 1188 445 στεφανούμενον
1218 374 1314 429 καὶ
1342 378 1602 445 τενάγεσι
1647 383 1901 436 κατακλεά

2007 427 2012 448 ,
2046 386 2156 442 illic
2198 387 2424 454 relictis,
2503 390 2704 459 quibus
2735 394 3040 463 mandarat,
3092 408 3152 454 ut
3196 400 3611 463 velitationibus

360 479 553 525 σαντες
579 463 806 527 ἑαυτοὺς
829 465 1096 535 ἠρέμουν
1129 466 1372 522 ἀλλὀύδ⁹
1397 471 1428 539 ή
1464 470 1748 542 Ῥωμαῖκὴ
1775 491 1936 543 στρα-

353 555 447 606 τιὰ
481 554 692 610 τούτοις
725 557 1077 624 προσέϐαλεν.
1127 559 1244 629 Ἐφ’
1277 561 1516 630 ἡμέραις
1544 564 1638 617 οῦν
1663 583 1806 619 τισιν
1839 567 1936 620 οὗ·

354 659 436 694 τω
490 643 884 713 διατιθεμένων
930 648 1040 700 τῶν
1084 649 1344 703 ἐναντίων
1391 654 1620 723 ἀμφοῖν,
1656 657 1954 730 μαλακίαν,

353 735 406 786 ci
459 735 737 804 Βάρϐαροι
786 737 896 792 τῶν
942 739 1230 809 Ῥωμαίων
1261 744 1562 812 κατέγνων.
1608 747 1936 818 Ἐπισυμϐέ-

351 825 494 890 ϐηκε
524 826 580 878 δὲ
629 828 722 880 καί
757 845 808 880 τι
841 829 870 882 ὃ
924 829 1126 900 Θάρσος
1174 835 1407 897 ἐκείνοις
1440 838 1604 908 ἐνῆκε
1639 840 1740 907 τῆς
1791 859 1931 910 προ·

345 915 516 984 τέρας
547 917 750 981 δειλίας
780 921 1154 978 ἀντίθετον.⁸0
1186 926 1292 997 γὰρ
1331 927 1608 996 βασιλεὺς,
1641 933 1704 984 ἐκ
1736 935 1934 986 ποδαλ-

347 1008 480 1074 γίας
511 1012 766 1079 νοσήσας,
798 1014 890 1065 καὶ
913 1015 1270 1088 δριμυτέραις
1290 1022 1552 1091 ἀλγηδόσι
1575 1024 1929 1094 βαλλόμενος,

351 1097 600 1171 λουτροῖς
649 1105 988 1174 χρησόμενος
1037 1107 1135 1160 σὺν
1179 1111 1343 1163 πέντε
1381 1112 1625 1181 δρόμωσι
1662 1118 1800 1184 μετὰ
1832 1119 1928 1188 τῆς

349 1191 650 1259 θεραπείας
680 1198 761 1259 εἰς
790 1199 1161 1271 Μεσημϐρίαν
1191 1203 1369 1274 (χώρα
1395 1206 1442 1258 δ’
1470 1206 1575 1288 aut
1620 1206 1926 1278 Ῥωμαίους

346 1282 580 1336 τελοῦσα
607 1285 745 1357 αὕτη
779 1288 919 1358 ἐστὶ)
946 1292 1036 1342 τὸν
1057 1291 1292 1347 ἔκπλουν
1321 1282 1606 1366 πεποίητο,
1637 1299 1736 1367 τὴν
1760 1318 1926 1371 στρα-

346 1375 472 1425 τιὰν
529 1379 623 1430 καὶ
669 1380 797 1441 τοὺς
833 1383 1180 1453 στρατάρχας
1232 1387 1412 1439 ἐκεῖσε
1454 1392 1795 1456 καταλιπὼν,
1831 1395 1925 1448 καὶ

343 1464 680 1538 ἐπισκήψας,
713 1471 849 1540 πρὸς
889 1477 1014 1537 τοὺς
1066 1475 1389 1546 Βαρϐάρους
1443 1478 1923 1550 ἀκροϐολίζεσθαι,

341 1556 416 1609 ἶν’
448 1557 590 1613 οὕτω
620 1563 819 1627 αὐτ-,ὓς
860 1565 940 1628 εἰς
967 1567 1206 1638 πόλεμον
1237 1573 1674 1629 ἐπισπάσωνται.
1729 1577 1924 1646 Φήμης

2035 479 2221 534 hostes
2249 482 2313 535 ad
2364 498 2600 554 pugnam
2632 486 2916 543 elicerent.
2947 491 3147 545 Verum
3181 509 3402 550 rumore
3435 498 3488 550 in
3521 514 3611 553 ca-

2033 570 2160 625 stris
2185 573 2717 642 orto,imperatorem
2736 588 2882 634 metu
2907 580 3142 636 hostium
3163 586 3374 654 cepisse
3403 576 3607 659 fugam.

2032 676 2224 717 omnes
2286 665 2522 734 turpiter
2580 668 2847 738 fugiunt,
2922 687 3288 744 persequente
3365 683 3605 736 nemine.

2033 752 2189 818 Quod
2249 765 2452 825 prmtcr
2499 773 2655 828 spem
2701 761 2925 828 factum,
2984 765 3345 835 Bulgarorum
3392 772 3606 828 animos

2032 849 2206 912 auxit,
2238 859 2294 903 et
2318 850 2606 906 audaciam
2637 857 2808 918 acuit,
2857 867 2918 910 ut
2959 860 3126 929 tergis
3161 860 3486 930 fugientium
3518 865 3605 918 in-

2031 935 2325 1003 lizerentes,
2356 942 2561 998 multos
2599 945 2892 1010 caaderent.
2930 965 3109 1018 neque
3142 953 3431 1019 pauciores
3452 971 3608 1023 cape-

2029 1039 2174 1095 rent,
2210 1040 2266 1084 et.
2289 1031 2427 1087 Istro
2461 1037 2685 1105 trajectu
2714 1040 2947 1094 tentoria
2985 1040 3036 1093 iu
3064 1042 3431 1098 Romanorum
3460 1056 3608 1099 terra

2027 1120 2276 1191 ﬁgerent.
2327 1125 2440 1180 Nec
2493 1128 2562 1182 ab
2596 1144 2664 1184 eo
2721 1139 2967 1200 tempore
3028 1133 3359 1190 destiterunt
3417 1151 3608 1191 omnes

2026 1213 2302 1270 Romanas
2339 1220 2649 1286 provincias
2692 1232 2954 1285 vastare.;
2993 1224 3148 1280 Unde
3173 1235 3399 1282 coactus
3436 1227 3609 1295 impe-

2033 1314 2202 1367 rator.
2264 1324 2452 1376 pacem
2514 1326 2640 1365 cum
2669 1312 2748 1367 eis
2779 1312 2926 1379 facit,
2976 1325 3134 1384 pacto
3185 1333 3368 1371 annuo
3397 1318 3606 1372 tributo

2031 1410 2156 1449 cum
2225 1397 2495 1455 dedecore
2547 1401 2780 1456 Romani
2837 1405 3076 1472 imperii.
3134 1405 3262 1459 Post
3313 1399 3446 1468 illa,
3514 1420 3604 1458 res

2034 1487 2278 1545 Romana
2311 1491 2515 1562 ubique
2542 1495 2726 1564 quieta
2757 1496 2878 1558 fuit,
2909 1513 3084 1568 usque
3109 1498 3175 1552 ad
3210 1499 3421 1552 obitum
3461 1497 3605 1552 Con-

2030 1585 2279 1639 stantini.
2330 1585 2428 1640 Est
2471 1597 2660 1642 autem
2719 1600 2993 1658 mortuus,
3044 1592 3236 1647 relicto
3283 1603 3605 1646 successore

338 1647 397 1699 δὲ
429 1654 727 1723 γενομένης
755 1657 833 1730 είς
854 1657 915 1712 τὸ
941 1661 1321 1730 στρατόπεδον,
1343 1664 1494 1735 φόϐῳ
1517 1665 1626 1719 τῶν
1656 1668 1899 1738 πολεμίω

2033 1671 2348 1730 ιυειίιιιιὶιιο
2378 1677 2512 1745 filio,
2543 1694 2670 1734 cum
2707 1695 2881 1737 annos
2912 1698 3024 1736 ιινιι
3055 1682 3403 1753 imperasset.

334 1740 736 1846 διαδιδράσκειν
807 1751 899 1805 τὸν
949 1754 1367 1827 αὐτοκράτορα,
1425 1760 1670 1830 αἰσχρῶς
1718 1762 1960 1827 ἅπαντες
1996 1767 2219 1836 μηδενὸς
2246 1740 2535 1840 διώκοντος
2577 1774 2829 1846 ἔφευγον.
2873 1777 3047 1833 Τοῦτο
3089 1740 3204 1843 τόῖς
3269 1770 3620 1846 ὣυλγᾶροιςί

333 1835 760 1911 ἀπροσδοκήτως
792 1844 1108 1915 γενόμενον,
1143 1848 1304 1918 μένος
1336 1849 1648 1917 ἐνέπνευσε,
1710 1856 1804 1907 καὶ
1870 1859 2182 1930 παρέθηξεν
2238 1863 2318 1925 είς
2363 1865 2566 1938 ἀλκὴν,
2616 1870 2713 1922 καὶ
2775 1870 2953 1924 ὀπίσω
3015 1869 3334 1934 διώκοντες,
3370 1869 3611 1930 πολλοὺς

337 1928 440 2036 μέν
461 1932 801 2036 ἁνῄιρουνὶού
829 1939 1020 2007 μείους
1043 1940 1088 1993 δ’
1109 1942 1452 2036 ἐξῴγρησαν,
1471 1947 1568 2000 καὶ
1619 1948 1712 2001 τὸν
1771 1950 1982 2022 Ἴστρον
2021 1928 2442 2026 περαιωθέντες,
2470 1928 2530 2015 έν
2554 1928 2627 2034 γῇ
2675 1964 2962 2033 Ῥωμαίων
3004 1928 3412 2036 ἐπήξαντογτὰς
3462 1928 3601 2036 σκηέ

330 2020 456 2086 νὰς,
481 2024 672 2131 iui-0A6
703 2027 947 2084 διέλιπον
985 2033 1042 2100 ὲξ
1074 2034 1288 2088 ἐκείνου
1347 2039 1448 2109 τήν
1515 2040 1620 2092 ὑπὸ
1670 2020 1979 2110 Ῥωμαίους
2015 2020 2236 2103 ἃπασαν
2315 2020 2650 2124 ληῖξόμενοί.
2712 2020 2878 2111 Ὅθεν
2951 2020 3197 2129 βιασθεὶς
3254 2061 3284 2114 ὁ
3382 2020 3600 2131 κρατιῖἰν

332 2116 573 2178 σπονδὰς
596 2117 752 2173 ἔθετο
788 2123 926 2193 πρὸς
975 2124 1178 2190 αὐτοὺς
1220 2128 1314 2181 ἐπὶ
1357 2129 1660 2201 συνθήκαις
1690 2133 1786 2185 τοῦ
1849 2134 2055 2205 δασμὸν
2125 2140 2310 2203 αὐτοῖς
2370 2116 2742 2200 καταϐάλλειν
2769 2116 3008 2219 ἐτήσιον,
3042 2151 3126 2212 είς
3177 2116 3460 2220 ,αἰσχύνην
3499 2152 3600 2218 τῆς

327 2212 444 2265 τῶν
505 2215 797 2286 Ῥωμαίων
845 2221 1042 2290 ἀρχῆς.
1091 2223 1203 2276 Καὶ
1257 2219 1328 2295 ἦν
1366 2224 1510 2279 οὕτω
1559 2227 1829 2282 πάντοθεν
1890 2231 2240 2302 εἰρηνεύοντα
2293 2240 2406 2301 τοῖς
2464 2239 2763 2309 Ῥωμαίοις
2836 2212 2907 2296 τὰ
2960 2212 3448 2312 πράγματα,“ἐως

326 2309 590 2380 τελευτῆς
620 2313 772 2366 τοῦδε
808 2313 902 2367 τοῦ
951 2315 1382 2388 αὐτοκράτορος.
1451 2319 1806 2393 Ἐτελεύτησε
1855 2323 1906 2376 δ’
1935 2327 2026 2380 ἐπὶ
2057 2329 2513 2402 διαδόχῳτῷυίῷ
2555 2333 2950 2406 Ίουστινιανῷ,
3021 2309 3357 2406 βασιλεύσας
3413 2309 3599 2391 ἐνιαυ-

328 2408 462 2470 τοὺς
493 2405 863 2461 ἑπτακαίδεκα
893 2409 1029 2479 (51).

404 2497 530 2553 KB'.
560 2492 668 2550 Ἦν
693 2499 750 2552 δὲ
775 2499 803 2551 ὁ
845 2501 1246 2567 ’ῐουστινιανδς,
1279 2505 1370 2558 ὅτε
1414 2507 1516 2576 τῆς
1549 2507 1726 2578 ἀρχῆς
1777 2510 1908 2562 ἐπέ-

327 2589 421 2659 6η,
459 2592 821 2661 μειρακίσκος
849 2592 909 2656 ἐξ
939 2594 1033 2647 ἐπὶ
1060 2595 1193 2649 δέκα
1236 2598 1527 2661 ἐνιαυτοῖς.
1557 2602 1906 2665 Αύτοϐούλως

328 2683 424 2736 οὖν
451 2686 514 2752 τῇ
546 2685 810 2754 διοικήσει
843 2688 1184 2756 κεχρημένος
1209 2689 1306 2759 τῆς
1335 2689 1634 2759 βασιλείας,
1687 2695 1905 2757 πολλττς

327 2775 431 2842 τὴν
476 2775 771 2844 Ῥωμαίων
823 2780 1124 2848 ήγεμονίαν
1170 2784 1384 2844 ’κακοῖς
1427 2784 1776 2852 περιέϐαλεν.
1840 2789 1902 2841 Οί

325 2868 438 2931 γὰρ
470 2863 785 2938 λιαρδαῖται
831 2869 1159 2940 καλούμενοι
1191 2873 1291 2934 τὰς
1325 2873 1420 2926 τοῦ
1454 2874 1690 2928 Λιϐάνου
1737 2894 1905 2930 κατα-

323 2956 586 3020 λαϐόντες
641 2960 952 3028 περιωπὰς,
1004 2961 1100 3014 τοῦ
1155 2964 1496 3032 Πωγωνάτου
1547 2967 1900 3037 κρατοῦντος,

322 3049 549 3119 φιϐεροὶ
581 3052 694 3112 τοῖς
725 3053 964 3121 ’Λραιζιιν
990 3046 1151 3122 ἦσαν·
1185 3055 1264 3108 διὸ
1293 3057 1388 3109 καὶ
1430 3060 1662 3120 σπονδὰς
1701 3062 1898 3113 ἐκεῖνοι

319 3137 459 3206 προς
502 3139 810 3211 Ῥωμαίους
840 3144 1132 3213 ᾐτήσαντο,
1171 3148 1267 3200 καὶ
1294 3151 1521 3214 τούτων,
1553 3151 1629 3212 ὡς
1654 3153 1894 3222 εἴρηται,

316 3230 677 3299 τετυχήκασι.
705 3233 906 3287 Τούτου
934 3237 988 3288 δὲ
1032 3239 1126 3290 τοῦ
1181 3240 1582 3315 αὐτοκράτορος
1615 3245 1742 3314 ἄρτι
1787 3247 1897 3300 τῶν

320 3320 619 3390 σκήπτρων
658 3324 1082 3395 ἐπειλημμένου,
1123 3331 1151 3382 ό
1182 3331 1302 3383 τότε
1333 3333 1441 3386 τῶν
1486 3336 1735 3407 Ἀράϐων
1770 3340 1900 3409 ἡγε-

324 3413 571 3479 μονεύων
636 3415 927 3485 Ἀϐιμέλεχ
996 3417 1045 3489 (ό
1092 3421 1202 3491 γὰρ
1251 3425 1470 3487 Μαϐίας
1521 3426 1656 3497 ἔφθη
1697 3428 1895 3501 θανὼν)

319 3503 546 3571 πέμψας
575 3507 707 3574 πρὸς
743 3508 1141 3575 ’1ουστινιανδν,
1191 3517 1513 3586 κυρωθῆναι
1537 3520 1636 3590 τὴν
1671 3524 1896 3593 εἰρήνην

320 3595 610 3663 ἐζήτησεν,
641 3599 807 3662 ἀξιῶν
833 3603 961 3664 τοὺς
992 3606 1312 3671 Μαρδαὴας
1347 3613 1681 3682 μεταστῆναι
1708 3615 1772 3666 ἐκ
1796 3615 1890 3667 τοῦ

318 3685 578 3739 Λιϐάνουο
611 3693 702 3745 καὶ
729 3693 1160 3766 ὑπισχνούμενος
1184 3700 1376 3753 τούτου
1420 3704 1714 3772 γενομένου
1761 3706 1897 3759 διδέ-

315 3791 407 3834 ναι
449 3779 737 3851 Ῥωμαίοις
766 3787 1064 3858 ήμερήσιον
1093 3791 1279 3859 φόρον,
1331 3794 1534 3865 χρυσοῦ
1580 3798 1894 3868 νομίσματα

315 3871 486 3940 χίλια,
519 3875 611 3926 καὶ
638 3875 846 3943 δοῦλον,
876 3883 972 3933 καὶ
1019 3881 1189 3936 ἵππον
1234 3887 1346 3938 τῶν
1395 3889 1523 3956 παρ’
1557 3889 1742 3952 αὐτοῖς
1795 3893 1888 3945 ἐκ·

315 3965 541 4035 κρίτων.
586 3969 707 4022 Ἐπὶ
737 3971 946 4036 τούτοις
979 3973 1073 4027 οῦν
1104 3976 1513 4032 ἀνανεωθεισῶν
1560 3981 1670 4034 τῶν
1716 4001 1885 4036 σπον-

313 4055 444 4122 δῶν,
480 4060 710 4114 καὶτῶν
745 4065 1100 4132 Μαρδαῖτῶν,
1129 4070 1208 4131 είς
1243 4069 1452 4122 δώδεκα
1499 4073 1745 4141 χιλιάδας
1795 4076 1890 4128 ὀν-

312 4151 458 4219 ὁρῶν
489 4155 746 4224 μαχίμων
779 4157 1228 4229 ἀριθμουμένων,
1267 4164 1654 4229 μεταστάντων
1685 4170 1748 4220 ἐκ
1793 4168 1888 4221 τοῦ

1929 2919 1974 2978 C

2083 2511 2252 2565 XXII.
2282 2513 2626 2568 Justinianus
2682 2529 2813 2568 vero
2858 2522 3130 2584 suscepto,
3165 2515 3398 2582 imperio
3455 2517 3593 2569 ado-

2005 2602 2228 2658 lesc’ns
2286 2613 2447 2659 natus
2489 2622 2668 2661 annos
2703 2622 2788 2660 xv:
2815 2646 2830 2671 ,
2867 2621 2992 2659 cum
3038 2623 3140 2661 suo
3186 2608 3456 2662 arbitratu
3495 2610 3596 2663 ad-

2008 2694 2346 2749 ministraret
2407 2697 2702 2760 omnia,in
2733 2699 2933 2752 multas
2953 2699 3139 2754 clades
3191 2701 3596 2769 rempublicam

2005 2786 2264 2854 conjecit.
2298 2785 2433 2839 Nam
2472 2789 2662 2856 populi
2712 2788 2936 2858 quidam
2997 2789 3298 2850 Mardaitze,
3351 2793 3606 2860 speculis,

2006 2877 2208 2932 montis
2229 2878 2420 2932 Libani
2448 2880 2549 2934 sub
2574 2882 2854 2950 Pogonato
2879 2883 3184 2951 occupatis,
3213 2883 3592 2940 formidabiles

2009 2977 2166 3022 erant
2193 2968 2487 3041 Arabibus,
2513 2988 2636 3042 qtue
2657 2974 2821 3028 etiam
2841 2989 3002 3028 causa
3038 2973 3146 3029 illis
3197 2974 3376 3029 fuerat
3399 2985 3592 3045 peten-

2009 3060 2092 3114 dae
2127 3063 2324 3131 pacisa
2363 3065 2643 3128 Romanis,
2666 3081 2830 3136 quam
2859 3066 2944 3137 (ιιι
2969 3068 3176 3122 dictum
3199 3076 3283 3122 est
3324 3070 3588 3139 impetra-

2009 3165 2162 3214 runt.
2181 3157 2316 3214 Cnm
2333 3169 2517 3216 autem
2541 3160 2587 3214 is
2610 3161 2903 3229 imperator
2918 3163 3149 3231 sceptris
3175 3177 3366 3218 recens
3380 3165 3590 3232 potitus

2005 3262 2184 3321 esset,
2217 3254 2325 3324 92
2381 3253 2759 3316 Abimelcbus,
2806 3253 2979 3307 Maria
3013 3253 3293 3319 defuncto,
3342 3255 3582 3310 Arabum

2004 3350 2294 3418 princeps,
2331 3363 2431 3418 per
2465 3347 2674 3418 legatos
2705 3361 2733 3399 a
2764 3346 3076 3401 Iustiniano
3102 3346 3254 3416 pacis
3291 3347 3585 3402 confirma.-

2005 3444 2213 3498 tionem
2264 3442 2454 3510 petiit,
2503 3455 2704 3511 rogans
2729 3449 2789 3494 ut
2821 3439 3098 3494 Mardaitae
3122 3440 3332 3494 Libano
3361 3455 3584 3494 amove-

2003 3543 2220 3585 rvntur.
2262 3529 2420 3596 Quod
2471 3529 2517 3584 si
2572 3529 2750 3593 ﬁeret,
2799 3544 2858 3584 se
2897 3529 3164 3584 Romanis
3200 3529 3581 3598 quotidianum

2005 3623 2273 3676 tributum
2309 3637 2633 3691 pensurum,
2662 3621 2916 3675 millenos
2943 3635 3144 3674 aureos
3163 3636 3440 3683 nimimos,
3466 3636 3582 3674 ser-

2001 3730 2128 3768 vum
2155 3725 2210 3768 et
2235 3713 2438 3782 cquum‘
2476 3711 2738 3767 eximium
2783 3711 3168 3779 pollicebatur.
3199 3711 3270 3767 lis
3307 3712 3583 3766 conditio-

2000 3806 2163 3860 nibus
2190 3805 2396 3858 faadere
2423 3813 2710 3865 renovato,
2745 3810 2801 3855 et
2830 3801 3131 3864 Mardaitis,
3169 3802 3262 3871 qui
3297 3819 3371 3856 xu
3408 3802 3580 3856 millia

2000 3896 2386 3950 bellicosorum
2406 3893 2647 3949 virorum
2672 3892 2966 3954 habebant,
2991 3907 3021 3947 e
3046 3892 3256 3947 Libano
3276 3893 3576 3963 digressis:

1998 4003 2132 4059 gens
2183 3986 2418 4041 Arabica
2470 3994 2618 4040 metu
2669 3984 2895 4058 illorum
2942 3985 3197 4049 liberata,
3268 3986 3587 4039 Romanum.

1999 4079 2292 4149 imperium
2337 4078 2525 4133 multis
2557 4077 2716 4134 malis
2761 4077 2966 4133 affecit.
3000 4077 3275 4134 Caeterum
3314 4077 3577 4133 Iustinia-

1996 4187 2120 4238 nus,
2154 4171 2322 4225 misso
2349 4171 2492 4225 duce
2536 4169 2790 4234 Leontio,
2833 4170 3096 4235 lberiam,
3142 4169 3429 4225 Aibaniam
3514 4178 3573 4222 et

311 4244 573 4309 Λιϐάνου,
605 4249 664 4300 τὸ
692 4248 800 4302 τῶν
843 4251 1098 4320 ’Λράϐων
1125 4254 1276 4318 ἔθνος
1309 4255 1405 4308 τοῦ
1437 4258 1495 4324 ἐξ
1543 4259 1772 4312 ἐκείνων
1803 4260 1892 4312 δέ·

2007 4265 2132 4318 ιΙὶειε
2175 4265 2428 4336 regiones
2481 4264 2718 4333 subegit.
2774 4263 2923 4318 Idem
2966 4264 3131 4317 etiam
3205 4264 3372 4316 ictum
3441 4277 3582 4316 cum.

308 4349 406 4396 ους
441 4335 774 4406 ἀπαλλαγὲν,
808 4340 1022 4395 πολλῶν
1052 4345 1152 4415 τὴν
1183 4347 1293 4399 τῶν
1347 4347 1640 4418 Ῥωμαίων
1680 4353 1891 4423 ήγεμο-

310 4427 432 4480 νίαν
468 4429 732 4501 ἐνέπλησε
777 4434 1093 4506 συμφορῶν.
1132 4437 1354 4502 Στείλας
1373 4439 1427 4492 δὲ
1453 4439 1544 4493 τὸν
1583 4443 1892 4514 στρατηγὸν

311 4519 566 4577 Λεόντιον
621 4527 648 4578 ό
707 4527 1088 4592 ἰουστινιανδς
1143 4532 1380 4597 ὑπέταξε
1439 4533 1507 4586 δι’
1566 4535 1734 4586 αὐτοῦ
1789 4537 1890 4607 τὴν

321 4614 565 4686 Ἰϐηρίαν
615 4619 707 4671 καὶ
775 4622 875 4690 τὴν
935 4621 1240 4687 ’Λλϐανίαν,
1291 4625 1382 4679 καὶ
1430 4623 1617 4696 χώρας
1661 4627 1880 4699 ἐτέρας.

309 4703 479 4771 Dim;
507 4711 536 4763 ὁ
568 4710 823 4780 βασιλεὺς
867 4713 1025 4766 ἔλυσε
1056 4715 1152 4768 καὶ
1189 4716 1284 4779 τὰς
1321 4717 1456 4788 πρὸς
1486 4718 1614 4782 τοὺς
1643 4717 1886 4788 Βουλγά-

309 4818 441 4871 ρους
499 4804 754 4870 σπονδὰς,
811 4805 888 4878 μὴ
933 4807 1264 4877 ἀνεχόμενος
1314 4808 1558 4880 δασμοὺς
1616 4811 1890 4882 παρέχειν

305 4897 512 4959 αότοῖς.
562 4899 1000 4970 Ἑκστρατεύσας
1029 4900 1083 4954 δὲ
1109 4903 1248 4956 κατὰ
1287 4905 1356 4957 τὰ
1393 4904 1679 4974 Ἐσπέρία,
1708 4905 1879 4960 πολλὰ

302 4986 416 5041 τῶν
471 4990 791 5046 Σκὶαϐικῶν
829 4991 1004 5046 ἐθνῶν
1025 4993 1367 5063 ὑπηγάγετο,
1414 4996 1482 5049 τὰ
1517 4997 1618 5068 μὲν
1659 4997 1874 5063 ἑκόντα,

302 5077 426 5134 ενια
448 5081 506 5134 δὲ
542 5082 783 5137 πολέμου
805 5084 974 5155 νόμω·
1001 5086 1060 5152 ἐξ
1104 5079 1179 5140 ὧν
1214 5087 1308 5140 καὶ
1351 5087 1470 5143 νέον
1510 5091 1877 5161 συνεστήσατο

1992 4354 2240 4424 Bulgaris
2283 4355 2462 4410 fmdus
2506 4354 2678 4424 rupit.
2727 4369 2912 4424 neque
2949 4354 3030 4408 eis
3076 4353 3280 4407 tributa
3326 4351 3568 4420 pendere

1989 4447 2273 4512 sustinuit,
2324 4449 2419 4502 sed
2475 4446 2827 4516 expeditione
2869 4446 2926 4500 in
2971 4445 3158 4515 plagas
3195 4444 3566 4500 occidentales

1987 4547 2244 4608 suscepta
2291 4537 2494 4592 multas
2531 4535 2811 4591 Sclavicas
2844 4545 3037 4605 gentes
3074 4536 3274 4604 partim
3317 4537 3370 4590 in
3405 4535 3565 4590 dedi-

1987 4631 2191 4686 tionem
2237 4632 2478 4701 aceepit,
2512 4630 2711 4701 partim
2746 4630 2891 4685 bello
2925 4631 3162 4686 domuit.
3201 4631 3355 4688 Unde
3390 4647 3564 4687 novas

1987 4723 2232 4794 legiones
2260 4723 2614 4792 conscripsit.
2663 4723 2900 4779 delectis
2927 4724 3194 4794 ju-venum
3225 4724 3561 4780 fortissimo-

1987 4830 2110 4869 rum
2141 4813 2364 4868 circiter
2393 4829 2497 4868 xxx
2523 4814 2765 4870 millibus
2791 4832 2805 4868 :
2838 4830 2978 4885 quos
3010 4817 3274 4888 populum
3313 4817 3560 4886 acquisi-

1985 4914 2101 4959 tum
2129 4903 2444 4974 appellavit.
2473 4903 2542 4959 lis
2563 4905 2808 4975 gaudens
2831 4917 2887 4960 et
2919 4906 3116 4972 fretus,
3153 4908 3317 4961 etiam
3362 4905 3559 4960 Arabi-

1985 5014 2110 5054 cum
2160 4997 2343 5054 fmdus
2376 4997 2548 5066 rupit,
2600 5013 2767 5052 causa
2801 5014 2868 5053 ex
2901 4996 3242 5070 eoéumpta,
3281 4999 3426 5068 quod
3463 5014 3560 5051 an-

1986 5089 2090 5145 nui-
2130 5090 2322 5144 tributi
2389 5099 2611 5147 moneta
2661 5105 2770 5145 non
2830 5091 3136 5150 Romanum
3190 5092 3426 5162 signum,
3460 5089 3567 5146 sed.

1508 5276 1713 5338 Variis
1743 5275 2058 5339 lectiones
2103 5283 2166 5340 et
2201 5284 2391 5340 noue.

377 5411 490 5482 (5|)
523 5414 711 5488 Ἑπτὰ
730 5415 824 5470 καί
852 5416 1013 5471 δέκα.
1043 5417 1304 5485 Regnavit
1331 5417 1642 5486 Pogonatus
1660 5435 1749 5474 an.
1783 5422 1872 5488 l7,

299 5498 328 5556 a
366 5493 542 5556 morte
576 5486 786 5541 scilicet
815 5490 1056 5556 parentis
1085 5489 1436 5556 computatis.
1471 5490 1604 5543 Nam
1655 5507 1781 5544 cum
1813 5486 1866 5545 in

302 5554 453 5628 {ictis
502 5554 850 5628 conciliidrt
894 5554 1239 5620 meumeniei,
1291 5559 1438 5628 quod
1487 5569 1726 5627 ereptum
1785 5572 1868 5617 est

298 5623 772 5697 (_luttsl:mtitmpoli
827 5627 858 5679 7
914 5627 1002 5680 die,
1086 5623 1380 5682 Novembr.
1452 5623 1750 5683 indictione
1811 5634 1864 5697 9,

302 5694 470 5751 (auuo
501 5696 629 5751 Chr.
688 5697 810 5768 (380)
868 5698 936 5750 9.7
982 5697 1193 5768 imperii
1222 5698 1465 5770 ejusdem
1494 5694 1875 5771 Constantini,

1981 5430 2105 5491 post
2149 5424 2269 5492 ejus
2318 5427 2658 5480 consulatum
2720 5427 2806 5486 i5,
2856 5435 2910 5480 et
2951 5424 3181 5480 Ileraclii
3233 5433 3287 5478 et
3340 5426 3550 5483 Tiberii

1978 5508 2124 5547 anno
2156 5496 2245 5549 '22.
2276 5496 2406 5550 Inde
2462 5498 2738 5565 colligitur
2781 5495 3198 5551 Constantinum
3231 5506 3287 5549 et
3330 5498 3548 5559 fratres.

1977 5574 2128 5632 patre
2181 5566 2498 5634 superstite,
2533 5568 2892 5634 imperatores
2933 5565 3253 5632 appellatos.
3311 5583 3375 5620 ac
3405 5567 3553 5623 Con--

1973 5635 2272 5690 stantiuum
2307 5635 2531 5706 quidem
2553 5652 2645 5691 an.
2669 5638 2795 5701 (iis,
2823 5636 3022 5690 fratres
3066 5651 3197 5691 vero
3245 5653 3392 5693 anno
3420 5638 3525 5694 618
