3958 6204
307 282 469 350 1305'

1553 296 1959 360 ANNALIUM
2000 297 2149 362 LIB.
2188 298 2346 363 XIV.
2396 318 2403 337 τ

3425 304 3566 375 ί306

303 395 454 450 λείαν
480 362 647 465 ἄλλην
668 395 973 468 ἀμύθητον,
1013 399 1182 468 φόϐον
1235 401 1410 472 μέγαν
1466 405 1579 469 τοῖς
1634 406 1876 477 ’Ἄραψιν

1983 418 2168 463 mento
2194 408 2612 479 Heptadatmon,
2649 408 2903 480 quartam
2933 410 3253 468 Armeniam
3282 362 3562 471 Arabibus

303 487 653 558 ἕνεποίησαν.
702 490 919 561 Βιάνης
972 491 1085 560 (56)
1122 495 1181 548 δὲ
1225 488 1270 562 ᾧ
1338 496 1721 568 Ἐπταδαίμων
1760 499 1885 551 ἐπι-

301 581 519 650 κλησις,
546 580 644 650 τὴν
670 582 941 652 τετάρτην
985 584 1285 656 Ἀρμενίαν
1313 590 1427 651 τοῖς
1473 589 1536 640 Ἀ
1548 594 1679 658 ραψι
1710 590 1886 660 προῦ-

297 673 494 727 δωκεν.
523 668 654 726 Εἶτα
675 676 724 728 οἱ
748 675 1006 746 ἄρχοντες
1035 678 1325 748 ’Δρμενίας
1351 680 1492 733 κατά
1513 682 1621 734 τῶν
1649 681 1888 755 ’Δγαρη-

299 765 409 817 νῶν
436 767 825 831 στασιάσαντες
874 770 1117 832 ἐκείνους
1144 773 1242 840 μὲν
1258 772 1528 835 ἔκτειναν,
1555 775 1693 844 πρὸς
1715 776 1774 829 δὲ
1788 776 1880 831 τὸν

309 857 616 929 Ἀψέμαρον
640 861 1035 930 διεπέμψαντο,
1053 866 1147 917 καὶ
1177 865 1491 934 Ῥωμαίους
1513 868 1670 932 αὖθις
1685 871 1765 933 είς
1780 871 1883 943 τὴν

302 951 493 1021 χώραν
525 951 801 1019 ἐδέξαντο.
837 955 976 1008 Ἀλλ’
996 956 1026 1008 ὁ
1047 957 1158 1009 τῶν
1196 957 1514 1029 Ἀγαρηνῶν
1535 962 1885 1032 ἡγεμονεύων

301 1043 425 1096 τότε
452 1044 702 1115 Μωάμεθ
728 1045 851 1100 κατ’
877 1046 1059 1101 αὐτῶν
1081 1047 1349 1114 ἐπελθὼν,
1376 1050 1483 1103 ὑπὸ
1498 1052 1623 1115 τοὺς
1657 1054 1888 1125 ’Ᾱγσρη-

302 1137 429 1199 νοῦς
451 1138 547 1189 καὶ
570 1137 734 1191 πάλιν
756 1139 856 1210 τὴν
894 1142 1185 1211 Ἀρμενίαν
1206 1144 1497 1212 πεποίηκε,
1516 1146 1749 1210 καὶτοὺς
1773 1149 1882 1202 τῶν

313 1228 618 1299 Ἀρμενίων
650 1232 985 1301 προέχοντας
1032 1233 1243 1297 ζῶντας
1261 1236 1592 1294 κατέκαυσε.
1616 1239 1750 1292 Τότε
1783 1242 1880 1293 καὶ

299 1321 447 1373 κατὰ
473 1321 571 1390 τῆς
604 1322 867 1386 Κιλικίας
915 1324 1213 1396 Ἀγαρηνοὶ
1283 1329 1748 1400 ἐπεστράτευσαν,
1795 1328 1879 1397 οἷς

299 1412 599 1482 συμϐαλὼν
657 1415 687 1467 ό
737 1414 834 1469 τοῦ
895 1415 1162 1487 βασιλέως
1214 1421 1473 1490 ὁμαίμων
1529 1424 1875 1497 Ἡράκλειος,

299 1506 432 1568 τοὺς
475 1504 578 1575 μὲν
601 1506 859 1573 πλείονας
894 1510 1173 1581 μαχαίρας
1207 1512 1373 1583 ἔργον
1396 1516 1714 1585 ειργάσατο,
1747 1520 1878 1582 τοὺς

296 1597 359 1650 δὲ
391 1598 616 1664 λοιποὺς
672 1603 991 1675 ζωγρήσας,
1042 1606 1303 1676 δεσμίους
1343 1608 1424 1678 τῷ
1464 1613 1756 1681 κρατοῦντι
1787 1614 1878 1680 ἐξ·

295 1690 538 1761 έπεμψε.
570 1694 901 1749 Φιλιππικὸν
934 1697 991 1750 δὲ
1033 1700 1127 1752 τδν
1171 1702 1289 1753 υἱὸν
1320 1702 1417 1756 τοῦ
1453 1707 1745 1774 πατρικίου
1775 1707 1875 1761 Νι·

1990 498 2254 569 prodidit.
2305 499 2413 556 Sed
2475 500 2862 557 Armeniorum
2920 504 3221 574 principes,
3279 506 3562 575 Agarenos

1991 606 2087 659 per
2118 590 2443 646 seditionem
2483 592 2829 657 occiderunt,
2871 602 2928 648 ct
2971 595 3168 663 legatis
3200 593 3268 649 ad
3307 595 3561 664 Apsima-

1990 698 2110 736 rum
2156 683 2359 751 missis,
2406 685 2683 742 Romanos
2734 687 2919 742 denuo
2964 688 3020 742 in
3061 687 3398 757 provinciam
3454 686 3565 757 95

1990 787 2339 846 receperunt.
2390 777 2695 833 Moametus
2746 787 2931 835 autem
2991 781 3084 849 qui
3137 789 3251 835 tum
3297 779 3562 869 Agarenis

1988 869 2318 940 imperabat,
2349 870 2664 928 Armeniam
2711 874 2910 929 iterum
2951 874 3055 930 sibi
3108 891 3304 945 parere
3356 875 3559 939 coegit.

1986 976 2052 1016 ac
2089 962 2368 1033 principes
2417 966 2601 1035 populi
2631 966 2784 1021 vivos
2825 967 3115 1022 cremavit.
3165 966 3322 1021 Tunc
3356 964 3565 1021 Ciliciae

1985 1068 2205 1124 quoque
2242 1068 2395 1109 arma
2436 1057 2741 1111 intulerunt
2772 1057 3025 1129 Agareui.
3058 1073 3184 1113 cum
3217 1058 3421 1127 quibus
3450 1054 3561 1111 lle-

1986 1146 2185 1201 raciius
2209 1161 2557 1219 congressus,
2591 1149 2852 1220 majorem
2876 1165 2962 1219 pa:
2979 1159 3088 1204 tem
3117 1149 3267 1204 ferro
3292 1147 3558 1210 confecit,

1983 1238 2197 1292 caeteris
2237 1238 2412 1307 captis
2454 1253 2595 1308 quos
2621 1238 2689 1292 ad
2741 1239 3129 1309 imperatorem
3190 1238 3405 1293 vinctos
3454 1238 3561 1291 mi-

1983 1330 2077 1391 sit,
2109 1329 2475 1399 Philippicum
2503 1317 2799 1401 Nicephori
2837 1330 3049 1400 patricii
3078 1330 3275 1393 illium,
3318 1328 3464 1398 quod
3503 1328 3560 1383 in

1982 1422 2191 1477 somnis
2219 1423 2459 1491 aquilam
2517 1422 2623 1477 sibi
2659 1422 2906 1477 umbram
2953 1422 3134 1476 facere
3181 1422 3430 1481 vidisset,
3475 1434 3563 1474 re-

1981 1527 2147 1581 gnum
2188 1514 2373 1568 animo
2406 1513 2728 1584 agitantem.
2767 1512 2823 1567 in
2860 1512 3255 1582 Ccpbaloniam
3297 1511 3560 1580 relegavit

1979 1605 2323 1675 Apsimarus.
2382 1605 2725 1671 Justinianus
2779 1613 2986 1671 autem,
3053 1604 3170 1675 qui,
3232 1611 3294 1658 ut
3348 1603 3557 1657 dictum

1980 1711 2086 1760 est.
2108 1700 2389 1757 Cbersone
2410 1700 2718 1766 exsulabat,
2739 1699 2864 1771 fuga
2882 1699 3127 1769 elapsus,
3149 1697 3218 1753 ad
3236 1697 3554 1767 Chagauum

293 1784 547 1855 κηφόρου
579 1786 962 1857 βασιλειῶντα,
991 1792 1073 1846 ὅτι
1107 1795 1228 1847 κατ’
1261 1795 1398 1867 δναρ
1421 1771 1688 1870 ἔδοξεντήν
1709 1801 1876 1856 αὐτοῦ

1979 1790 2350 1848 Chazarorum
2399 1791 2705 1863 principem
2743 1806 2803 1847 se
2843 1792 3100 1855 contulit,
3150 1806 3180 1844 a
3220 1802 3332 1858 quo
3376 1788 3553 1841 hono-

294 1877 548 1949 κεφαλὴν
615 1879 935 1945 σκιάζεσθαι
994 1885 1101 1939 ὑπὸ
1156 1886 1353 1956 ἀετοῦ,
1404 1890 1481 1954 είς
1530 1892 1877 1965 Κεφαληνίαν

294 1970 563 2041 ἐξώρισεν
585 1973 615 2026 ό
650 1973 981 2048 Ἀψίμαρος.
1016 1978 1396 2048 Ἰουστινιανδς
1429 1983 1486 2038 δὲ
1518 1986 1577 2038 ἑν
1604 1986 1875 2059 Χερσῶνι,

293 2064 376 2127 ὡς
392 2066 638 2135 εἴρηται,
675 2071 1081 2140 περιορισθεὶς,
1126 2072 1367 2145 ἠδυνήθη
1412 2075 1691 2145 διαδρᾶναι
1733 2083 1881 2135 ἐκεῖ·

294 2152 412 2221 θεν,
440 2156 535 2209 καὶ
563 2156 644 2228 τῷ
673 2158 949 2230 Χαζάρων
982 2163 1215 2235 ἀρχηγῷ
1255 2164 1499 2238 Χαγάνῳ
1531 2169 1875 2240 προσελθεῖν,

295 2246 394 2300 καὶ
422 2248 635 2318 δεχθεὶς
662 2251 793 2321 παρ’
822 2252 1032 2306 ἐκείνου
1082 2253 1475 2327 φιλοτιμότατα
1509 2261 1610 2330 τήν
1640 2261 1877 2334 ἀδελφὴν

292 2339 469 2392 αὑτοῦ
523 2339 697 2411 ἔγημε
748 2342 1067 2414 Θεοδώραν,
1135 2348 1232 2401 καὶ
1268 2349 1388 2418 μετ’
1438 2351 1620 2420 ὀλίγον
1668 2355 1878 2410 ἐκεῖθεν

290 2429 574 2498 ἀπελθὼν,
602 2434 682 2495 εις
708 2433 880 2505 ἄλλην
920 2436 1112 2507 χώραν
1152 2438 1293 2510 μετὰ
1323 2442 1420 2508 τῆς
1445 2443 1611 2497 αὐτοῦ
1639 2444 1876 2516 διέτριϐε

285 2524 580 2589 γυναικός.
618 2526 731 2578 Καὶ
787 2530 815 2581 ό
885 2528 1187 2602 Ἀψιμαρος
1236 2532 1575 2603 διεπέμψατο
1606 2535 1742 2608 πρὸς
1786 2539 1877 2592 τὸν

288 2616 340 2669 Χ
358 2615 577 2683 κγάνον,
618 2616 879 2689 χρήματα
901 2620 1098 2676 δώσειν
1129 2623 1280 2695 αὐτῷ
1318 2625 1488 2680 πολλὰ
1517 2627 1881 2701 ὑπισχνούμε-

289 2722 407 2771 νος,
439 2706 487 2758 εί
518 2708 775 2762 στείλειεν
808 2709 960 2781 αύτῷ
987 2712 1087 2782 τὴν
1123 2713 1218 2767 τοῦ
1271 2712 1654 2770 Ίουστινιανοῦ
1698 2734 1876 2785 κεφα-

288 2798 418 2868 ὶὴν,
452 2800 548 2853 καὶ
570 2799 629 2862 δς
655 2802 931 2868 συνέθετο,
963 2807 1055 2857 καὶ
1072 2805 1169 2858 δύο
1196 2806 1352 2870 τινας
1375 2807 1486 2861 τῶν
1511 2808 1878 2880 ᾠκειωμένων

288 2890 449 2960 αὐτῴ
477 2892 713 2956 στείλας,
765 2895 827 2948 ἐν
873 2895 1215 2969 ἀπορρήτοις
1267 2901 1574 2956 ἐνετείλατο
1607 2904 1699 2955 τὸν
1742 2904 1878 2958 Ἰου-

289 2981 514 3034 στιανδν
539 2983 749 3036 ἀνελεῖν
780 3000 796 3015 ⁸
824 2986 854 3039 δ
886 2985 975 3040 διὰ
1025 2987 1217 3041 δούλου
1242 2990 1493 3060 μαθοῦσα
1527 2994 1560 3063 ή
1600 2992 1876 3063 Θεοδώρα,

1977 1884 2383 1940 rilicentissime
2422 1892 2708 1954 exceptus.
2757 1883 2879 1954 ejus
2926 1896 3172 1939 sororem
3211 1879 3569 1936 Theodoram-

1976 1994 2204 2034 uxorem
2263 1978 2422 2033 duxit
2472 1991 2536 2033 ac
2579 1976 2746 2047 paulo
2794 1982 2920 2047 post
2975 1973 3104 2029 inde
3149 1971 3450 2042 digressus,
3501 1966 3561 2021 in

1973 2070 2082 2125 alia
2120 2069 2401 2140 provincia
2442 2082 2566 2124 cum
2599 2083 2698 2123 sua
2751 2066 2983 2136 conjuge
3033 2061 3307 2118 consedit.
3352 2058 3559 2114 Verum

1975 2162 2297 2232 Apsimarus
2338 2160 2594 2231 Chagano
2639 2171 2890 2228 magnam
2937 2154 3230 2225 pecuniam
3276 2166 3375 2221 per
3415 2163 3565 2203 nun-

1977 2254 2086 2310 tios
2131 2254 2429 2324 pollicitus,
2457 2253 2502 2307 si
2533 2248 2828 2307 Justiniani
2861 2255 3026 2318 caput
3059 2246 3129 2300 ad
3175 2258 3237 2299 se
3276 2241 3557 2303 misisset,

1976 2347 2231 2417 impetrat
2276 2362 2307 2401 a
2354 2347 2585 2402 barbaro
2635 2350 2698 2398 ut
2760 2343 2902 2398 duos
2950 2355 2983 2394 ιι
3028 2338 3146 2395 suis
3204 2333 3563 2391 familiaribus

1976 2441 2213 2512 ableget,
2265 2454 2391 2495 cum
2446 2436 2742 2501 mandatis,
2805 2442 2867 2489 ut
2912 2430 3289 2487 Iustinianum
3341 2431 3563 2481 secreto

1977 2534 2192 2588 tollant.
2231 2530 2564 2587 Eoconsilio
2598 2524 2887 2583 Theodma
2922 2539 3020 2594 per
3047 2535 3270 2576 servum
3309 2516 3557 2586 cognito,

1978 2627 2235 2680 maritum
2281 2629 2603 2695 praemonet.
2650 2617 2996 2676 Justinianus
3050 2614 3220 2685 igitur
3263 2611 3405 2666 duos
3436 2609 3562 2663 illos

1977 2717 2208 2774 seorsim
2266 2714 2591 2780 accersitos,
2660 2719 2963 2781 utrumque
3014 2711 3213 2777 laqueo
3272 2700 3558 2774 praefocat,

1976 2816 2035 2865 et
2076 2806 2363 2862 Theodora
2418 2807 2474 2860 in
2520 2804 2843 2862 Cltazariam
2894 2801 3181 2871 ablegata,
3238 2797 3356 2866 ipse
3402 2790 3559 2848 navi-
3628 2810 3632 2816 ·

1977 2901 2156 2956 cuiam
2189 2897 2532 2961 conscendit,
2560 2896 2629 2952 ad
2672 2894 2930 2951 Terbelin
2986 2891 3350 2960 Bulgarorum
3407 2885 3560 2955 prin-

1977 2992 2154 3061 cipem
2200 2990 2569 3060 profecturus.
2605 2987 2663 3041 in
2711 3001 2775 3041 ea
2808 2984 3159 3055 navigatione
3192 2994 3387 3051 magna
3419 2984 3562 3032 teme

289 3086 324 3123 τ
347 3071 374 3135 ζ)
404 3073 562 3142 ἀνδρὶ
587 3077 972 3145 καταγγέλλει.
1015 3079 1073 3132 '0
1106 3080 1163 3134 δὲ
1206 3083 1334 3146 τοὺς
1376 3083 1741 3149 ὲνταλθέντας
1776 3087 1876 3139 αὑ-

1979 3089 2191 3153 pestate
2244 3089 2386 3143 orta,
2436 3077 2689 3134 navicula
2743 3077 2803 3131 in
2855 3073 3107 3145 periculo
3152 3068 3563 3127 submersionts

289 3161 389 3214 τὸν
421 3163 639 3217 ἀνελεῖν
680 3165 787 3237 ίὸίᾳ
816 3168 1360 3241 προσκαλεσάμενος,
1404 3172 1638 3229 ἕκαστον
1668 3175 1872 3248 ἀγχόνῃ

295 3255 576 3324 στερίσκει
602 3256 710 3319 ττοῠ
745 3256 873 3329 ζῇν,
916 3259 1013 3313 καὶ
1063 3261 1163 3332 τὴν
1197 3264 1296 3332 μὲν
1330 3264 1615 3336 Θεοδὼραν
1654 3268 1735 3329 είς
1762 3268 1874 3321 Xa.

292 3346 496 3418 ζαρίαν
519 3347 852 3421 ἐξέπεμψεν,
889 3352 1051 3415 αὐτὸς
1080 3353 1137 3405 δὲ
1193 3355 1276 3419 είς
1306 3355 1501 3410 ἁλιάδα
1551 3358 1876 3428 ἐμϐεϐηκὼς

290 3440 634 3504 ἀπέπλευσε,
662 3442 798 3512 πρὸς
828 3443 1089 3510 Τέρϐελιν
1138 3446 1318 3500 ἀπιὼν
1359 3447 1450 3500 τὸν
1481 3448 1592 3501 τῶν
1628 3450 1874 3518 Βουλγά-

294 3549 414 3602 ρων
433 3533 755 3602 ἐξάρχοντα.
793 3535 1079 3598 κλύδωνος
1116 3535 1173 3588 δὲ
1203 3537 1439 3606 μεγάλου
1485 3540 1876 3609 κατειληφότος

291 3621 462 3673 αὑτὸν
499 3624 556 3674 ὲν
584 3623 663 3691 τῷ
691 3624 902 3684 πλέειν.
934 3624 1230 3678 καταδῦναι
1254 3623 1313 3677 τὸ
1347 3625 1630 3696 πλοιάριον
1663 3627 1875 3683 ἐκινδύ-

291 3727 449 3764 νευε.
479 3711 600 3764 Τῶν
624 3712 680 3765 δὲ
703 3712 981 3767 πλεόντων
1014 3713 1447 3781 ἐπαγγείλασθαι
1480 3714 1559 3785 τῷ
1587 3715 1709 3785 Θεῴ
1737 3733 1876 3786 συμ-

291 3802 683 3858 ϐουλευόντων
713 3805 886 3876 αὐτῷ,
946 3807 997 3858 εί
1031 3805 1389 3876 περισωθείη,
1424 3807 1520 3860 καὶ
1555 3806 1656 3877 τὴν
1699 3808 1875 3880 ἀρχὴν

288 3896 649 3968 ἀπολήψοιτο,
681 3899 814 3968 μήτι
850 3898 1022 3952 κακὸν
1045 3899 1159 3961 τοῖς
1205 3899 1329 3952 κατ’
1354 3898 1521 3953 αὐτοῦ
1560 3903 1877 3971 γενομένοις

288 3992 633 4057 ἐπενεγκεῖν,
680 3990 922 4052 ἐκεῖνος.
982 3990 1050 4046 El
1108 3990 1392 4059 φείσομαι
1443 3991 1694 4056 τούτων,
1744 3991 1874 4062 ἔφη,

288 4081 479 4146 τινὸς,
518 4082 738 4136 auri/ca
760 4082 1315 4150 καταποντισθείην
1360 4082 1488 4137 ὡδί.
1540 4084 1875 4155 Περισωθεὶς

291 4165 392 4223 οὖν
422 4172 513 4223 καὶ
553 4171 634 4242 τῷ
665 4171 775 4223 τῶν
800 4171 1127 4242 Βουλγάρων
1162 4171 1385 4244 ἄρχοντι
1430 4174 1748 4243 προσελθὼν
1778 4175 1876 4229 καὶ

287 4261 526 4315 πλεῖστα
564 4261 888 4333 παρασχὼν,
912 4264 1051 4317 ἀλλὰ
1078 4265 1265 4335 μέντοι
1282 4266 1377 4319 καὶ
1405 4267 1670 4337 παρέχειν
1703 4266 1877 4336 ἐπαγ-

287 4355 646 4424 γειλάμενος,
678 4358 726 4408 εἰ
755 4356 887 4424 παρ’
918 4354 1085 4409 αὐτοῦ
1115 4355 1417 4427 καταχθείη
1451 4358 1588 4430 πρὸς
1610 4361 1711 4426 τὴν
1743 4374 1875 4427 προ-ε

1974 3181 2192 3228 versata
2238 3181 2344 3227 est.
2397 3171 2638 3226 Monitus
2685 3168 2854 3239 igitur
2911 3166 2999 3221 ab.
3036 3164 3105 3220 iis
3135 3164 3229 3234 qui
3289 3177 3397 3216 una
3455 3175 3560 3214 na-

1974 3266 2255 3337 vigabant,
2302 3273 2364 3319 ut
2402 3272 2595 3319 votum
2636 3262 2847 3317 faceret
2899 3260 3012 3315 Deo
3053 3273 3135 3323 se,
3186 3255 3231 3311 si
3290 3253 3562 3311 evasisset

1976 3358 2271 3413 incolumis
2305 3365 2361 3411 et
2398 3371 2628 3426 regnum
2677 3353 3003 3423 recepisset,
3039 3349 3256 3406 veniam
3298 3345 3563 3402 omnibus

1976 3450 2094 3505 suis
2119 3447 2451 3504 adversariis
2476 3447 2733 3501 daturum
2764 3461 2778 3508 ;
2809 3440 3203 3513 respondit:Si
3225 3441 3310 3494 cui
3341 3437 3563 3492 illorum

1975 3556 2273 3612 pepercere,
2318 3540 2503 3592 statim
2558 3538 2639 3592 hic
2682 3536 3014 3605 submergar.
3069 3532 3208 3588 Cum
3254 3539 3439 3585 autem
3492 3522 3560 3583 ad

1976 3632 2334 3701 Bulgarorum
2379 3627 2681 3699 principem
2731 3625 3095 3696 pervenisset,
3180 3620 3462 3688 multaque
3507 3616 3561 3674 ei

1975 3721 2241 3787 dedisset,
2295 3721 2665 3790 daturumque
2722 3716 3089 3788 promisisset,
3149 3713 3199 3768 si
3255 3711 3325 3766 ab
3373 3727 3440 3766 eo
3500 3711 3560 3765 in

1974 3814 2181 3868 avitum
2236 3825 2463 3881 regnum
2513 3810 2900 3870 reduceretur,
2932 3804 3154 3874 nuptias
3200 3804 3367 3859 etiam
3436 3801 3561 3856 filia:

1975 3919 2089 3960 sua:
2149 3903 2227 3958 illi
2277 3901 2608 3972 pollicitus:
2656 3914 2781 3954 cum
2844 3899 2964 3965 ilio,
3022 3898 3341 3970 ingentibus
3386 3892 3562 3964 copiis

1974 3996 2263 4058 subnixus.
2314 3992 2632 4065 Byzantium
2668 3992 3008 4064 aggreditur,
3066 3999 3123 4046 et
3183 3988 3382 4044 castris
3429 3993 3561 4040 ante

1974 4088 2175 4144 mantia
2225 4086 2453 4158 positis,
2510 4086 2727 4141 civium
2785 4083 3002 4139 animos
3056 4087 3374 4154 pertentat,
3433 4091 3559 4132 cum

1974 4180 2057 4235 eis
2091 4180 2158 4234 de
2199 4176 2510 4247 pinnaculis
2554 4174 3035 4247 prospectantibus
3075 4173 3430 4241 colloquens.
3474 4164 3559 4222 liii

1976 4285 2108 4326 vero
2141 4285 2267 4325 eum
2310 4284 2424 4323 non
2458 4269 2625 4323 modo
2656 4282 2767 4322 non
2817 4265 3146 4329 invitabant,
3178 4262 3276 4318 sed
3323 4269 3380 4316 et
3408 4267 3560 4314 atro-

1976 4363 2135 4417 cibus
2187 4360 2499 4416 maledictis
2547 4359 2919 4416 inccssebant.
2978 4356 3179 4412 Verum
3231 4363 3399 4408 noctu
3458 4363 3559 4420 per

285 4446 517 4517 γονικὴν
543 4446 845 4517 βασιλείαν,
866 4447 961 4500 καὶ
994 4447 1093 4519 τὴν
1126 4447 1405 4519 θυγατέρα
1435 4448 1587 4520 αὐτῷ
1617 4449 1874 4515 συζεῦξαι

1979 4453 2361 4524 aqueductum
2419 4453 2708 4523 ingressus
2740 4460 2907 4520 atque
2960 4448 3100 4503 urbe
3161 4447 3375 4519 potitus
3434 4452 3544 4499 est.

285 4540 802 4611 καθυποσχόμενος,
856 4540 953 4593 σὺν
1008 4540 1201 4611 ἐκείνῳ
1229 4542 1367 4611 μετὰ
1405 4540 1747 4615 βαρϐαρικῆς
1773 4542 1875 4612 βα·

1982 4545 2306 4615 Apsiutarus
2365 4551 2584 4607 autem,
2649 4541 2742 4611 qui
2806 4537 3154 4609 Apolloniam
3211 4533 3558 4604 confugerat,

285 4633 442 4701 ρείσςς
490 4634 777 4702 δυνάμεως
822 4633 930 4704 τὴν
962 4634 1370 4705 ὑπερκειμένην
1415 4635 1737 4707 κατειλήφει
1765 4636 1875 4688 τῶν

1984 4644 2179 4705 captus
2205 4643 2311 4701 est,
2340 4648 2467 4689 cum
2492 4649 2564 4688 vn
2594 4646 2770 4688 annos
2791 4631 3140 4701 imperasset.

284 4729 524 4794 πόλεων,
587 4729 680 4783 καὶ
711 4730 818 4800 πρὸ
868 4729 979 4803 τῶν
1038 4728 1232 4799 τειχῶν
1272 4728 1878 4799 στρατοπεδευσάμενος
1929 4730 2270 4800 ἀπεπειρᾶτο
2319 4729 2429 4784 τῶν
2486 4727 2741 4794 πολιτῶν,
2806 4727 2992 4788 αὐτοῖς
3046 4726 3111 4777 ὲκ
3176 4723 3273 4777 τοῦ
3323 4722 3540 4792 τεῖχους

286 4820 700 4891 προκόπτουσιν
756 4819 982 4892 ὁμιλῶν.
1042 4821 1104 4874 Οἱ
1160 4822 1219 4874 δὲ
1283 4821 1345 4875 οὐ
1383 4822 1541 4893 μόνον
1614 4824 1777 4878 αὐτὸν
1828 4822 1887 4876 οὐ
1920 4826 2232 4893 προσίεντο,
2298 4823 2437 4877 ἀλλὰ
2487 4822 2582 4878 καὶ
2613 4822 2801 4894 ὕϐρεις
2859 4818 3026 4873 αὑτοῦ
3064 4817 3321 4889 κατέχεον
3366 4818 3555 4886 πλημ-

286 4914 500 4981 μεὶεῐς.
569 4911 782 4974 Νυκτὸς
805 4909 899 4964 οὖν
957 4909 1046 4963 διὰ
1079 4909 1174 4964 τοῦ
1208 4910 1429 4980 ἀγωγοΰ
1493 4912 1698 4975 εἰσδὺς,
1742 4911 1895 4975 ἐντὸς
1935 4912 2095 4965 ἀνέδυ
2129 4914 2230 4982 τῆς
2281 4912 2508 4979 πόλεως,
2541 4913 2637 4967 καὶ
2663 4911 2870 4981 ταύτης
2892 4908 3108 4977 ἐγένετο
3156 4908 3452 4980 ιγκρατής.
3497 4904 3556 4960 '0

283 5006 344 5058 δὲ
419 5003 720 5073 Ἀψίμαρος
763 5005 849 5065 εἰς
922 5002 1327 5057 ’Δπολλωνιάδα
1371 5002 1560 5072 φυγὼν
1590 5003 1934 5076 κατελήφθη,
1987 5005 2128 5056 ἑπτά
2153 5002 2482 5073 βισιλεύσας
2528 5004 2831 5067 ἐνιαυτούς.

361 5098 492 5150 κε’.
527 5096 684 5150 Οὕτω
721 5095 822 5167 μὲν
855 5095 884 5149 ό
928 5095 1310 5158 Ἰουστινιανδς
1354 5096 1534 5166 ἑαυτῷ
1576 5096 1681 5150 τὶπν
1715 5094 1867 5166 βασις

284 5191 440 5244 λείαν
480 5187 889 5250 ὲπανεσώσατο,
911 5185 1117 5256 ταύτης
1147 5186 1206 5239 τὺ
1225 5186 1482 5258 δεύτερον
1536 5188 1865 5259 ρινότμητος

287 5281 516 5344 ἐπιϐάς.
547 5278 638 5351 Τῷ
671 5279 729 5333 δὲ
767 5278 875 5333 τῶν
902 5278 1232 5349 Βουλγάρων
1261 5279 1483 5351 ἄρχοντι
1505 5279 1657 5350 δῶρα
1694 5280 1865 5332 πολλὰ

287 5371 618 5445 παρασχὼν,
650 5372 749 5426 καὶ
781 5370 1054 5443 συνθήκας
1102 5371 1326 5443 εἰρήνης
1365 5371 1484 5442 μετ’
1511 5368 1679 5425 αὐτοῦ
1710 5387 1868 5440 ποιη-

2042 5092 2212 5150 XXV.
2273 5096 2365 5150 Sic
2416 5096 2766 5153 Justinianus
2817 5098 3113 5171 imperium
3177 5090 3553 5164 recuperavit.

1971 5188 2139 5258 idque
2165 5189 2468 5245 secundum
2508 5189 2622 5261 93
2656 5192 2900 5261 suscepit
2940 5199 3206 5262 praesecto
3232 5201 3388 5242 naso.
3422 5182 3551 5237 Bul-

1972 5295 2230 5350 garorum
2296 5281 2600 5351 principem
2638 5297 2765 5336 cum
2807 5281 2969 5338 donis
3013 5281 3221 5344 multis,
3258 5278 3368 5331 icto
3395 5272 3549 5345 pacis

1970 5369 2181 5427 foedere
2235 5372 2471 5428 dimisit.
2509 5372 2718 5430 Deinde
2758 5375 3067 5445 Apsimaro,
3099 5380 3157 5428 et
3205 5367 3377 5424 fratre
3427 5365 3550 5438 ejus

1468 5532 1678 5595 Variae
1720 5531 2030 5596 lectiones
2073 5541 2136 5597 et
2175 5540 2362 5599 notas.

362 5709 476 5782 (36)
503 5708 760 5780 Βαὰνης.
802 5708 1053 5768 Meminit
1097 5710 1332 5792 alterius.
1358 5709 1562 5785 ‘Baana:
1593 5707 1875 5781 praepositi
1913 5709 2201 5783 ctpatricii
2229 5710 2459 5768 Pbotius
2483 5710 2539 5767 in
2566 5708 2725 5783 epist.
2756 5708 2816 5765 9i
2853 5716 2910 5765 et
2947 5705 3063 5765 ιιι.
