3968 6210
176 311 325 375 1341

1418 329 1829 392 ANNALIUM
1871 333 2017 395 LIB.
2057 336 2183 397 XV.

3303 347 3449 409 1342

160 430 283 494 τὴν
326 424 582 488 κάκεῖνος
611 428 885 498 ἀσέϐειαν,
936 434 984 487 εί
1029 436 1122 489 καὶ
1171 438 1287 490 κατ’
1313 439 1489 511 ἀρχὰς
1517 443 1738 497 εὐσεϐεῖ

1870 445 1972 501 etsi
2039 448 2311 518 principio
2383 448 2703 521 religionem
2750 458 2805 507 et
2865 454 3269 513 observantiam
3318 477 3450 532 erga

163 524 536 594 ὑπεκρίνετο,
594 528 691 581 καὶ
745 526 875 588 τοὺς
931 530 1202 596 μοναχοὺς
1254 533 1440 604 τιμᾷν,
1471 534 1616 587 ὥστε
1672 539 1766 591 καί

158 633 343 679 τινας
391 618 500 672 τῶν
565 621 850 688 μοναστῶν
905 620 1179 690 ἀρχιερεῖς
1225 625 1347 677 τότε
1397 628 1655 695 γενέσθαι
1708 633 1766 683 ὲν

160 714 306 774 ταῖς
336 711 860 786 προϐαθμιωτέραις
888 717 996 770 τῶν
1031 720 1443 789 μητροπόλεων.
1479 723 1657 776 Πολλὰ
1708 722 1765 775 δὲ

161 803 446 874 χρήματα
502 806 559 856 ὲν
596 806 711 867 τοῖς
762 807 1045 877 δημοσίοις
1102 810 1281 879 εὑρὼν
1318 810 1639 880 θησαυροῖς,
1672 814 1708 869 ἃ
1736 816 1764 867 6

159 896 371 967 πατὴρ
396 896 563 951 αὑτοῦ
614 898 801 961 κακῶς
842 903 1141 971 συνήγαγε,
1176 905 1270 957 καὶ
1326 907 1760 977 ἀπεθησαύρισε,

154 987 394 1051 τούτοις
446 990 943 1059 καταχρησάμενος
992 992 1381 1063 ἔξευμενίσατο
1409 997 1469 1049 τὸ
1494 1000 1757 1065 ὑπήκοον,

157 1081 276 1133 καὶ
314 1082 381 1148 τῇ
414 1078 733 1148 ἐπιπλάστῳ
779 1081 1079 1155 θεοσεϐείᾳ..
1140 1085 1545 1155 ’Λθροισθέντες
1574 1085 1679 1141 οὖν
1709 1090 1759 1142 oi

151 1173 277 1242 τῆς
345 1175 578 1239 πόλεως,
633 1176 743 1229 κάκ
799 1176 910 1227 τῶν
966 1175 1223 1244 θεμάτων
1288 1178 1476 1232 πολλοὶ
1532 1181 1759 1252 ᾐτοῦντο

152 1264 529 1335 χαριζόμενοι
560 1267 725 1335 δῆθεν
785 1267 953 1337 αὐτῷ,
1006 1268 1437 1339 ἀναγορευθῆναι
1487 1272 1582 1323 τὸν
1640 1273 1756 1327 υίὸν

154 1356 344 1408 αὑτοῦ
404 1359 839 1410 Κωνσταντῖνον.
905 1358 964 1412 '0
1021 1360 1100 1420 δὲ.
1142 1363 1189 1414 εί
1246 1364 1405 1416 τοῦτο
1457 1362 1751 1431 βούλοιντο,

150 1445 375 1515 ὀμόσαι
404 1447 604 1510 αὐτοὺς
627 1448 933 1520 ἀπῄτησεν,
960 1452 1037 1514 ὡς
1071 1455 1131 1507 οὗ
1169 1456 1414 1518 δέξονταί
1466 1473 1595 1509 ποτε
1621 1459 1753 1527 ἄτερ

148 1539 361 1608 αὐτοῦ,
427 1542 523 1594 καὶ
574 1540 670 1594 τοῦ
720 1542 841 1595 υἱοῦ
893 1545 1084 1612 αὑτοῦ,
1120 1550 1213 1601 καὶ
1263 1550 1354 1603 τοῦ
1423 1551 1745 1621 σπέρματος

149 1633 374 1696 αὐτῶν,
409 1633 598 1705 ἕτερον
647 1632 891 1701 βασιλέα.
923 1636 1030 1690 Καὶ
1061 1636 1287 1709 ὥμοταν
1346 1641 1621 1706 ἅπαντες,
1650 1644 1749 1714 οὐχ

150 1731 215 1782 οἱ
251 1731 354 1801 τῆς
388 1731 709 1804 συγκλήτου
736 1734 936 1804 βουλῆς
971 1736 1063 1788 καὶ
1104 1736 1154 1789 οί
1198 1737 1291 1790 τοῦ
1332 1739 1748 1808 στρατεύματος

1875 534 2176 590 monachos
2229 536 2541 603 simulabat,
2597 555 2829 611 quorum
2883 550 3176 603 nonnullos
3223 549 3276 605 in
3322 553 3449 606 illu-

1873 625 2166 680 strioribus
2218 629 2448 683 urbibus
2468 632 2533 685 ad
2577 636 2927 701 pontiﬁcatus
2970 640 3259 697 evehebat.
3309 644 3447 699 Cum

1873 728 2055 773 autem
2094 734 2341 789 magnam
2394 725 2679 791 pecuniam
2709 726 2759 779 in
2792 730 3026 797 publicis
3065 733 3335 788 thesauris
3364 751 3450 790 re-

1872 812 2122 880 perisset.
2176 829 2339 882 quam
2394 827 2549 884 pater
2579 819 2697 886 ejus
2732 835 2828 887 per
2862 822 3115 892 injuriam
3170 836 3441 895 coegerat,

1869 918 1931 958 ea
1957 914 2013 958 et
2058 904 2178 959 (icta
2217 907 2502 975 religione,
2546 910 2612 964 ad
2643 912 2895 967 subditos
2943 916 3313 971 conciliandos
3357 929 3444 972 est

1868 993 2093 1048 abusus.
2149 995 2321 1065 igitur
2374 998 2543 1061 cives,
2589 1009 2645 1053 et
2694 1002 2853 1073 114
2882 1019 2911 1057 e
2944 1006 3239 1074 provinciis
3286 1008 3439 1061 multi

1867 1087 2201 1155 congregati,
2253 1086 2307 1141 in
2357 1087 2504 1141 illius
2559 1091 2747 1160 utique
2790 1096 3017 1163 gratiam
3071 1099 3441 1165 postulabant,

1867 1184 1925 1226 ut
1954 1172 2101 1229 illius
2121 1175 2242 1245 ejus
2267 1176 2663 1234 Constantinus
2708 1182 3008 1251 imperator
3052 1187 3439 1254 appellaretur.

1863 1264 1933 1319 At
1960 1266 2051 1321 ille
2090 1268 2328 1323 vicissim
2357 1271 2427 1325 ab
2461 1271 2527 1324 iis
2555 1273 2731 1342 petiit,
2759 1275 2803 1328 si
2835 1274 2886 1329 id
2916 1277 3136 1341 vellent,
3180 1295 3247 1332 ne
3279 1295 3441 1349 quem

1861 1359 2029 1413 alium
2064 1362 2173 1415 nisi
2216 1377 2274 1417 sc
2315 1370 2371 1418 et
2404 1363 2573 1418 lilium
2608 1382 2786 1429 suum,
2832 1384 3097 1439 suamque
3126 1372 3441 1442 progeniem

1861 1449 1917 1504 in
1972 1452 2260 1521 imperium
2320 1457 2691 1512 admitlerent.
2745 1459 3009 1515 Jurarunt
3065 1478 3279 1529 omnes,
3328 1481 3438 1520 non

1860 1554 2144 1598 senatores
2174 1556 2384 1599 tantum
2415 1557 2469 1602 et
2503 1550 2726 1613 milites,
2753 1552 2846 1604 sed
2877 1562 2931 1605 et
2957 1553 3166 1622 pleheia
3198 1557 3356 1611 turba
3384 1567 3441 1612 et

1861 1644 2191 1690 mercatores
2214 1646 2270 1690 et
2296 1637 2544 1706 opiﬁces,
2586 1651 2641 1694 et
2667 1642 2770 1697 hoc
2808 1645 3190 1714 jusjurandum
3238 1648 3293 1701 in
3340 1664 3438 1718 pu-

1860 1728 2030 1783 blicas
2061 1730 2271 1785 litteras
2301 1735 2625 1798 retulerunt,
2668 1735 2793 1791 llaec
2825 1749 2978 1791 sexto
3013 1740 3101 1793 die
3143 1740 3440 1797 hebdoma-

155 1823 355 1893 μόνον,
416 1822 554 1877 ἀλλὰ
608 1826 706 1878 καὶ
740 1827 767 1879 6
805 1826 1068 1897 δημώδης
1098 1827 1276 1898 ὄχλος,
1345 1828 1441 1882 καὶ
1496 1829 1740 1900 ἔμποροι,

1862 1821 1947 1875 dis
1974 1822 2233 1878 salutaris
2282 1826 2554 1894 passionis
2596 1827 2905 1885 Servatoris
2932 1832 3103 1885 nostri
3137 1842 3255 1888 acta
3284 1844 3433 1889 sunt.

149 1917 256 1968 καὶ
298 1914 350 1968 οἳ
382 1914 492 1968 τῶν
548 1917 941 1987 ἐργαστηρίων
994 1920 1440 1988 προεστήκεσαν,
1508 1920 1603 1973 καὶ
1665 1921 1757 1987 ἐγ-

148 2024 358 2078 γραφα
388 2009 520 2079 περὶ
547 2008 757 2062 τούτων
787 2010 1057 2075 ἐξέθεντο.
1114 2010 1299 2065 Ταῦτα
1336 2012 1437 2081 μὲν
1477 2011 1571 2065 οὖν
1611 2011 1756 2066 κατὰ

144 2100 264 2169 τὴν
309 2100 477 2169 ἕκτην
527 2101 749 2171 ἡμέραν
797 2104 898 2173 τῆς
956 2102 1255 2173 ἑϐδομάδος
1312 2103 1406 2156 τοῦ
1477 2104 1749 2174 σωτηρίου

151 2194 377 2256 πάθους
437 2193 534 2245 τοῦ
605 2195 859 2266 Σωτῆρος
910 2196 1192 2269 γεγόνασι.
1251 2195 1343 2265 Τῷ
1399 2197 1456 2250 δὶ
1520 2199 1746 2268 μεγάλῳ

152 2285 431 2355 Σαϐϐάτῳ
458 2285 550 2338 τὸν
577 2286 776 2341 ἑαυτοῦ
802 2285 1035 2355 ἀδελφὸν
1070 2287 1380 2358 Εὑδόκιμον
1431 2289 1751 2343 νωϐελλίσι-

153 2397 266 2449 μον
302 2380 331 2432 6
361 2378 612 2449 βασιλεὺς
657 2383 1048 2452 προεϐάλλετο,
1104 2386 1198 2438 καὶ
1251 2386 1374 2438 κατ’
1430 2384 1609 2452 αὐτὴν
1653 2383 1752 2454 τὴν

144 2472 254 2527 τοῦ
287 2473 475 2540 Πάσχα
529 2473 816 2545 Κυρ;ακὴν
862 2475 1057 2544 ἔστεψε
1111 2476 1205 2528 τὸν
1262 2477 1379 2527 υἱὸν
1422 2474 1609 2533 αὑτοῦ,
1652 2474 1747 2529 τοῦ

149 2568 506 2637 πατριᾶρχου
542 2568 644 2637 τὴν
677 2567 800 2620 κατ’
853 2566 974 2631 ἔθος
1014 2566 1379 2635 πεποιηκότος
1406 2567 1595 2637 εὐχήν.
1640 2568 1741 2620 Τε-

152 2659 421 2728 θνηκότος
449 2660 504 2713 δὲ
544 2659 640 2713 τοῦ
670 2660 1010 2731 πατριάρχου
1063 2658 1280 2729 Νικήτα
1313 2656 1405 2712 τοῦ
1457 2657 1744 2728 ὲκτομίου,

150 2749 219 2813 ὃς
251 2744 320 2813 ἦν
374 2749 741 2819 προεδρεύσας
787 2750 886 2819 τῆς
956 2749 1586 2811 Κωνσταντινουπόλεως
1640 2749 1736 2820 ἔτη

147 2841 682 2912 τεσσαρεσκαίδεκαο
718 2843 1100 2911 χειροτονεῖται
1145 2839 1494 2911 πατριάρχης
1530 2839 1744 2906 Παῦλος

147 2936 183 2991 ὁ
214 2936 486 3008 Κύπριος,
547 2933 904 3003 ἀναγνώστης
934 2934 1010 2988 ὢν
1040 2937 1133 2988 καὶ
1187 2935 1496 3005 όρθόῖοζος.
1543 2934 1738 3006 Εὑρὼν

148 3028 213 3085 δέ
256 3048 411 3094 τινας
455 3029 567 3083 τῶν
599 3026 897 3096 ἐπισήμων
923 3027 1017 3079 τοῦ
1072 3026 1338 3081 παλατίου
1366 3029 1392 3080 6
1428 3028 1582 3082 Λέων
1622 3030 1744 3091 ταῖς

149 3122 333 3187 θείαις
363 3124 536 3176 εἰκόσι
586 3123 958 3194 προσκύνησιν
998 3121 1403 3189 ἀπονέμοντας.
1448 3120 1550 3191 τὴν
1581 3120 1724 3174 ἁλω-

1857 1912 2050 1982 Ilagno
2080 1914 2318 1969 Sabbato
2365 1916 2587 1973 fratrem
2625 1935 2784 1975 suum
2820 1922 3179 1978 Eudocimum
3211 1924 3440 1979 nobilis-

1853 2005 2054 2058 simum
2102 2005 2432 2076 designavit.
2462 2020 2518 2064 et
2559 2011 2613 2064 in
2669 2012 2781 2080 ipsa
2820 2014 3101 2070 Paschalis
3151 2016 3437 2073 Dominica

1855 2095 2052 2151 Filium
2081 2114 2239 2153 sumn
2268 2101 2574 2165 coronavit,
2624 2105 2963 2160 solemnibus
2993 2109 3249 2176 precibus
3275 2124 3303 2161 a
3335 2125 3435 2178 pa-

1855 2187 2091 2243 triarcha
2125 2193 2384 2260 peractis.
2434 2193 2648 2248 Mortuo
2682 2195 2871 2251 Niceta
2917 2206 3158 2253 castrato
3200 2201 3437 2269 patriar-

1849 2279 1976 2338 cha,
2022 2296 2146 2334 cum
2184 2281 2439 2338 Ecclesia:
2486 2284 3107 2356 Constantinopolitanae
3138 2306 3236 2359 per
3261 2308 3435 2348 annos

1851 2373 2268 2440 quatuordeeim
2321 2376 2669 2445 prrel‘uisset:
2704 2380 2905 2435 Paulus
2937 2381 3171 2452 Cyprius
3202 2385 3436 2452 patriar-

1849 2465 1950 2518 cha
1996 2465 2235 2535 eligitur,
2280 2469 2373 2538 qui
2427 2470 2601 2525 lector
2646 2471 2768 2538 fuit,
2806 2482 2862 2527 et
2892 2475 3253 2533 orthodoxus.
3292 2477 3427 2533 Cum

1848 2567 2031 2612 autem
2073 2557 2183 2614 Leo
2220 2575 2482 2629 proceres
2512 2564 2777 2633 quosdam
2811 2566 3019 2622 aulicos
3054 2567 3269 2623 divinas
3302 2570 3433 2623 ima-

1845 2649 2001 2720 gines
2061 2650 2357 2707 adorantes
2424 2655 2913 2724 deprehendisset,
2988 2667 3151 2713 exuta
3205 2660 3428 2730 vulpina

1848 2740 2009 2809 pelle,
2038 2740 2351 2797 latitantem
2389 2744 2493 2798 sub
2515 2760 2578 2798 ea
2611 2745 2825 2800 leonem
2856 2747 2909 2801 in
2942 2758 3192 2817 apertum
3231 2759 3426 2820 protu-

1845 2833 1929 2895 lit,
1959 2849 2164 2905 eosque
2208 2837 2589 2894 crudelissime
2630 2841 2993 2905 excruciatos,
3031 2842 3427 2912 ignominioso-

1843 2940 1950 2995 que
1984 2931 2300 2997 spectaculo
2328 2947 2425 3001 per
2458 2930 2631 2985 forum
2664 2932 3095 2997 circumductos,
3123 2950 3245 2990 cum
3273 2937 3427 3006 prius

1843 3024 1969 3093 pilis
2019 3025 2300 3090 nudasset,
2336 3026 2388 3079 in
2428 3026 2740 3094 praetorium
2792 3026 3034 3090 inclusit,
3085 3027 3180 3080 ubi
3229 3044 3421 3082 eorum

1839 3118 2061 3185 quidam
2089 3121 2299 3172 animas
2327 3135 2453 3175 suas
2478 3121 2529 3173 in
2556 3135 2750 3174 manus
2783 3120 2994 3175 Domini
3024 3122 3420 3191 deposuerunt.

151 3218 334 3285 πεκῆν
368 3216 593 3281 ἀποδὺς,
638 3216 731 3270 τὸν
762 3217 912 3279 ἐντὸς
947 3214 1324 3284 κρυπτόμενον
1376 3212 1735 3284 ἐδημοσίευσε

1847 3206 1990 3261 Obiit
2018 3224 2162 3262 anno
2208 3209 2422 3279 imperii
2466 3211 2680 3280 quinto.
2729 3212 2989 3269 Adamata
3021 3215 3166 3270 enim
3196 3230 3421 3282 corona,

150 3307 374 3369 λέοντα,
401 3306 663 3376 ὠμότατοι
714 3307 912 3367 αὐτοὺς
964 3306 1346 3374 αἰκισάμενος,
1401 3307 1494 3356 καὶ
1526 3304 1611 3357 διὰ
1647 3303 1747 3373 τῆς

148 3400 369 3469 ἀγορᾶς
427 3400 486 3452 ὲν
541 3398 722 3466 ἀτίμῳ
778 3400 976 3469 πομπῇ
1032 3396 1412 3465 περιαγαγὼν,
1468 3396 1741 3466 πρότερον

145 3491 402 3559 ᾁιλώσας
441 3492 635 3555 αὐτοὺς
661 3491 771 3544 τῶν
810 3491 1038 3561 τριχῶν,
1076 3489 1252 3551 οὕτως
1285 3491 1365 3551 είς
1399 3490 1459 3541 τὸ
1490 3486 1741 3558 πραιτώ-

1843 3321 2007 3374 quam
2054 3305 2349 3361 Mauricius
2385 3308 2437 3359 in
2468 3307 2656 3377 Magna
2708 3307 2948 3362 Ecclesia
2991 3310 3102 3363 Deo
3134 3325 3424 3364 consecra-

1842 3406 1947 3460 rat,
2001 3413 2174 3466 eaque
2222 3398 2383 3466 capiti
2413 3414 2513 3452 suo
2543 3400 2976 3463 accommodata,
3029 3401 3215 3455 statim
3248 3401 3419 3455 vehe-

1847 3488 2017 3541 menti
2044 3488 2178 3541 l'chri
2206 3498 2289 3541 est
2307 3498 2614 3557 correptus,
2642 3504 2765 3558 qua:
2794 3489 2917 3543 vita:
2950 3489 3109 3544 linem
3137 3491 3185 3546 ei
3213 3492 3422 3547 attulit.

150 3602 276 3655 ριον
331 3584 646 3650 ἐναπέθετο,
709 3586 844 3638 ὅπου
900 3585 1048 3646 τινὲς
1076 3584 1258 3637 αὐτῶν
1294 3584 1388 3635 καὶ
1437 3583 1536 3653 τὴν
1597 3583 1776 3651 ψυχὴν
1816 3583 1894 3650 τῷ
1960 3582 2154 3651 Κυρίῳ
2209 3581 2535 3650 παρέθεντο.
2584 3584 2844 3649 Πέμπτον
2882 3584 2925 3636 δ’
2959 3585 3163 3647 ἀνύσας
3198 3585 3297 3651 τῆς
3327 3587 3425 3639 αὖ·

142 3677 384 3748 ταρχίας
412 3676 683 3742 ἐνιαυτὸν,
736 3675 1110 3747 ἐτελεύτησεν.
1171 3673 1456 3744 Ἐρασθεὶς
1487 3673 1595 3743 γὰρ
1659 3671 1753 3724 τοῦ
1792 3673 2127 3741 στέμματος,
2167 3674 2300 3744 ὅπερ
2346 3675 2373 3724 6
2449 3675 2755 3744 Mzupixw;
2824 3678 2880 3727 ὲν
2916 3674 2983 3748 τῇ
3039 3678 3268 3750 Μεγάλῃ
3330 3682 3422 3730 ἐκ·

146 3772 359 3840 >.λησία
412 3770 658 3830 ἀνέθετο.
712 3769 805 3822 καὶ
844 3768 1003 3822 τοῦτο
1064 3767 1267 3832 λαϐὼν,
1303 3768 1396 3820 καὶ
1440 3770 1508 3837 τῇ
1577 3764 1790 3834 κεφαλῇ
1831 3765 2213 3836 περιθέμενος,
2266 3768 2428 3833 εὐθὺς
2479 3768 2684 3840 ἐλήφθη
2756 3771 2970 3841 σφοδρῷ
3023 3773 3263 3842 πυρετῷ,
3325 3777 3420 3828 καὶ

142 3858 309 3925 οὗτος
337 3861 500 3914 αὐτὸν
525 3861 626 3930 τῆς
650 3862 798 3931 ζωῆς
829 3860 1169 3928 ἐπεξήγαγε.

227 3964 288 4013 ι’.
318 3957 425 4011 Τοῦ
453 3957 512 4011 δὲ
544 3956 822 4021 θανόντος,
873 3957 906 4025 ἡ
938 3954 1227 4022 Αὑγούστα
1280 3954 1486 4025 Εἰρήνη
1525 3953 1623 4007 σὺν
1657 3952 1735 4023 τῷ

146 4051 260 4120 υίῷ
323 4050 725 4116 Κωνσταντξνῳ
780 4046 1009 4099 δέκατον
1063 4045 1314 4098 ἐνιαυτὸν
1356 4047 1452 4115 τῆς
1515 4044 1733 4111 ἡλικίας

142 4141 392 4201 ἁνύοντι.
433 4141 532 4213 τὴν
557 4139 826 4208 βασίλειον
864 4138 1038 4207 ἀρχὴν
1062 4136 1390 4204 διεδέξαντο.
1456 4132 1641 4189 ἿΙσαν
1674 4135 1730 4189 δὲ

145 4236 326 4305 ἄμφω
359 4232 469 4284 τῶν
499 4231 814 4300 σεϐασμίων
869 4230 1095 4283 εἰκόνων
1156 4227 1559 4297 προσκυνηταὶ,
1620 4226 1735 4280 ἀλλ’

140 4325 306 4383 οὔπω
340 4324 465 4387 τοὺς
528 4324 693 4384 πόδας
750 4325 814 4392 τῇ
876 4321 1125 4392 βασιλεία
1187 4320 1418 4391 βεϐαίως
1465 4321 1730 4388 ἐρείσασι,

140 4418 301 4480 τινὲς
331 4419 518 4478 αὐτοῖς
546 4416 974 4476 ἐπεϐούλευσαν,
1012 4414 1103 4467 ἵνα
1130 4414 1222 4465 τὸν
1253 4411 1513 4481 Καίσαρα
1558 4412 1733 4481 Νικη-

1911 3950 1979 4004 X.
2032 3950 2112 4004 Eo
2162 3960 2420 4010 mortuo,
2483 3950 2636 4004 [rene
2695 3949 2956 4021 Augusta,
3004 3961 3059 4006 et
3103 3951 3244 4007 filius
3296 3954 3415 4021 eius

1845 4042 2255 4105 Constantinus.
2293 4042 2563 4097 decimum
2595 4046 2771 4099 aetatis
2804 4060 3004 4099 annum
3044 4060 3229 4116 agens,
3252 4050 3415 4102 ambo

1833 4134 2274 4188 venerandarum
2338 4134 2633 4204 imaginum
2700 4135 3054 4198 adoratores,
3120 4136 3411 4205 imperium

1832 4233 2194 4295 susceperunt
2223 4245 2234 4279 :
2263 4240 2437 4295 eoque
2462 4226 2701 4281 nondum
2737 4227 2971 4290 ﬁrmato,
3003 4226 3214 4281 insidiis
3244 4244 3408 4299 appe-

1835 4316 1919 4371 titi
1964 4326 2091 4371 sunt
2123 4333 2151 4371 a
2195 4317 2544 4385 quibusdam,
2600 4319 2908 4388 Nicephoro
2941 4319 3160 4384 Caesari,
3209 4320 3410 4375 mortui

1836 4409 2037 4465 Leonis
2071 4409 2247 4473 fratri,
2278 4425 2543 4464 summam
2577 4427 2756 4465 rerum
2790 4413 3002 4466 deferre
3034 4412 3405 4481 cupientibus.

143 4513 320 4583 φόρον
349 4511 439 4563 τὸν
473 4509 567 4563 τοῦ
598 4508 853 4569 θανόντος
897 4506 1161 4577 βασιλέως
1212 4506 1441 4568 Λέοντος
1499 4505 1727 4573 ἀδελφὸν

1847 4501 2223 4571 Zonjuratione
2282 4501 2492 4555 detecta
2546 4501 2863 4571 imperatrix
2919 4503 3263 4559 insidiatores
3308 4521 3407 4560 ex-

143 4603 536 4678 βασιλεύσωσι.
574 4600 918 4666 Γνωσθείσης
972 4599 1029 4652 δὲ
1059 4600 1161 4669 τῆς
1203 4599 1567 4667 συνωμοσίας,
1603 4599 1730 4661 τοὺς

145 4696 255 4765 μὲν
283 4694 381 4762 τῆς
404 4691 694 4760 ἐπιϐουλῆς
720 4688 1089 4760 μετασχόντας
1111 4688 1448 4758 αἱκισαμὲνη
1496 4689 1529 4758 ἠ
1576 4686 1732 4756 βασι-

140 4789 259 4848 λὶς,
284 4787 378 4838 καὶ
402 4785 502 4845 τὴν
529 4783 791 4853 τρίχωσιν
814 4782 996 4843 αὐτοῖς
1026 4781 1395 4851 ὰποθρίξασα,
1430 4779 1729 4849 ὑπερορίαν

138 4877 356 4931 τούτοιν
416 4875 848 4944 κατεψηφίσατο,
901 4873 1023 4933 τοὺς
1066 4870 1123 4923 δὲ
1177 4872 1271 4925 τοῦ
1309 4872 1498 4941 ἀνδρὸς
1558 4872 1730 4939 αὐτῆς

138 4969 411 5037 ἀδελφοὺς
458 4968 581 5031 τούς
612 4985 668 5020 τε
702 4970 986 5039 Καίσαρας
1017 4966 1109 5018 καὶ
1150 4964 1277 5026 τοὺς
1302 4963 1729 5032 νωϐεὶλισίμους

138 5057 388 5126 καρῆναι
418 5057 918 5126 παρασκευάσασα,
949 5058 1042 5110 καὶ
1068 5052 1370 5124 ἱερωσύνης
1406 5053 1724 5118 ἀξιωθῆναι,

142 5149 248 5203 καὶ
279 5134 601 5218 μεταδοῦναι
651 5149 730 5220 τῷ
761 5148 878 5217 λαῷ
925 5148 1034 5200 τῶν
1078 5148 1445 5216 ἀγιασμάτων
1491 5145 1724 5230 ,ἐποίησε

138 5238 293 5290 κατὰ
346 5237 445 5307 τὴν
528 5238 720 5309 ἑορτὴν
783 5239 882 5306 τῆς
931 5238 1025 5291 τοῦ
1086 5240 1338 5307 Σωτῆρος
1390 5238 1721 5306 Γεννήσεως.

140 5330 332 5400 ἐκείνη
374 5331 431 5383 δὲ
482 5330 580 5383 σίιν
611 5331 688 5401 τῷ
715 5331 814 5399 υίῷ
848 5330 1181 5399 προελήλυθε
1226 5330 1365 5399 μετὰ
1406 5329 1506 5396 τῆς
1558 5326 1725 5398 συνή-

141 5422 273 5481 θους
298 5422 408 5484 τοῖς
448 5420 726 5489 βασιλεῦσι
768 5420 1120 5490 δορυφορίας,
1160 5421 1253 5473 καὶ⁸
1284 5423 1439 5487 ἐνοτῇ
1492 5417 1721 5488 Μεγάλῃ

1839 4595 2135 4657 cruciatos,
2166 4607 2214 4649 et
2259 4591 2383 4664 pilis
2434 4593 2668 4648 nudatos
2724 4594 3003 4665 relegavit,
3054 4598 3236 4651 mariti
3282 4615 3409 4655 vero

1835 4688 1918 4742 sui
1952 4687 2149 4741 fratres
2194 4699 2299 4742 tam
2330 4684 2570 4741 Czesares
2621 4702 2783 4755 quam
2819 4687 3186 4746 nobilissimos
3215 4691 3409 4747 raden-

1834 4778 1955 4843 dos,
1989 4789 2044 4833 et
2076 4779 2127 4831 in
2161 4776 2512 4832 sacerdotum
2544 4778 2795 4832 ordinem
2831 4779 3145 4851 allegendos
3169 4784 3405 4847 curavit,

1834 4881 1893 4924 ut
1923 4886 2012 4925 res
2045 4885 2226 4924 sacras
2267 4870 2469 4938 populo
2513 4870 2924 4940 impertirentur
2953 4873 3003 4925 in
3036 4872 3174 4927 l'esto
3207 4874 3409 4929 Nativi-

1833 4961 1959 5014 tatis
1990 4960 2214 5020 Christi,
2259 4960 2486 5029 ipsaque
2535 4975 2658 5014 cum
2697 4962 2806 5016 lilio
2839 4962 3205 5033 imperatoriis
3242 4966 3407 5021 satel-

1830 5052 2021 5104 litibus
2050 5051 2245 5119 stipata
2279 5051 2566 5119 processit,
2609 5067 2842 5122 cumque
2875 5054 2929 5107 in
2964 5056 3248 5110 ecclesiam
3280 5071 3406 5126 per-

1829 5143 2088 5206 venisset,
2142 5158 2400 5197 coronam
2435 5159 2462 5196 a
2498 5147 2693 5200 marito
2731 5159 2829 5199 suo
2859 5147 3117 5207 ablatam,
3155 5147 3403 5216 pluribus

1826 5235 2167 5289 ornamentis
2200 5235 2401 5290 additis
2460 5236 2721 5291 restituit.
2758 5239 2901 5294 Misit
2935 5242 3097 5294 etiam
3136 5239 3399 5307 legiones,

1830 5324 1986 5397 115
2020 5326 2086 5379 ad
2124 5328 2503 5396 reprimendas
2547 5330 2788 5385 Arabum
2841 5331 3223 5402 grassationes.
3261 5331 3401 5399 Aga-

1826 5419 1939 5471 reni
1994 5416 2160 5485 igitur
2216 5419 2513 5488 przcdatum
2565 5424 2793 5492 egressi,
2842 5439 2965 5477 cum
3003 5423 3057 5475 in
3089 5422 3396 5474 Romanum

1822 5508 2122 5563 exercitum
2176 5509 2517 5577 incidissent,
2552 5513 2605 5566 in
2635 5516 2817 5582 fugam
2854 5520 3163 5573 vertuntur,
3212 5511 3401 5565 multis

1820 5612 2014 5653 eorum
2064 5599 2389 5656 interfectis.
2422 5603 2480 5656 ln
2514 5603 2745 5657 Thracia
2792 5616 2981 5656 versus
3008 5600 3251 5671 Longum
3283 5602 3400 5656 Mu-

1822 5708 1941 5761 rum
1994 5692 2216 5762 quidam
2269 5694 2412 5750 inter
2449 5695 2765 5751 fodiendum
2804 5695 2858 5748 in
2887 5694 3157 5763 lapideam
3203 5696 3397 5751 cistam

1822 5782 2035 5850 incidit,
2066 5798 2188 5855 qua:
2227 5783 2527 5841 humanum
2571 5782 2802 5840 cadaver
2840 5785 3181 5849 continebat,
3212 5785 3396 5843 incisis

138 5510 416 5580 ἐκκλησία
472 5513 762 5582 γενομένη,
831 5512 891 5563 τὸ
937 5512 1183 5579 στέμμα,
1213 5510 1241 5564 ὃ
1288 5509 1500 5563 ἐκεῖθεν
1560 5506 1719 5574 daal-

139 5603 272 5654 λετο
314 5588 519 5673 όὰνὴρ
569 5603 761 5672 αὐτῆς,
822 5605 1202 5673 προσήνεγκε,
1263 5604 1455 5672 κόσμῳ
1511 5599 1718 5651 πλείονι

134 5695 303 5748 τοῦτο
352 5695 800 5766 ὲπικοσμήσασα.
866 5696 1116 5749 Ἐστειλε
1162 5696 1218 5759 δὲ
1272 5696 1366 5747 καὶ
1426 5693 1566 5746 κατὰ
1606 5690 1716 5742 τῶν

150 5782 402 5857 ’Δράδων
451 5788 801 5857 στράτευμα,
854 5786 939 5840 ἵνα
1000 5788 1286 5859 ἀνακόπτῃ
1334 5785 1434 5850 τὰς
1485 5782 1710 5837 ἐκείνων
