3968 6210
234 211 267 275 Ῑ
279 216 398 281 353

1482 229 1896 291 ANNALlUM
1935 231 2087 317 LIB.
2113 234 2233 294 xv-

3370 248 3541 335 135$.

223 331 541 402 ἐφείσαντο
565 331 660 386 τοῦ
689 333 906 406 ἀνδρὸς,
933 338 1028 392 καὶ
1059 339 1163 404 ἔξω
1189 342 1298 405 τοῖς
1326 342 1632 419 ὀφθαλμοῖς
1657 364 1799 402 αυτοε

1930 350 2056 406 nica
2104 361 2278 422 stirpe
2312 349 2531 407 oriundi
2582 353 2793 410 Italiam
2841 357 3183 427 invaserunt,
3232 370 3293 418 ut
3343 381 3509 437 supra

221 421 614 494 ἐλυμήναντο,
666 422 762 477 τοῦ
809 424 865 476 δὲ
916 429 1099 495 φωτὸς
1144 430 1311 484 αὐτὸν
1361 433 1461 486 οὐκ
1497 435 1823 508 ἐπέρησαν.

234 512 355 576 Ὃς
413 513 715 582 μετέπειτα
765 515 844 586 τῷ
896 517 1004 570 τῶν
1052 520 1324 590 Φράγγων
1352 525 1486 595 ρηγὶ
1528 528 1825 599 προσρυεὶς

223 599 535 671 Καρούλῳ,
573 601 709 674 παρ’
747 602 960 657 ἐκείνου
987 606 1071 671 είς
1099 607 1193 662 τὸν
1223 610 1328 679 τῆς
1373 609 1593 682 Ῥώμης
1615 612 1826 666 ἀποκα-

216 693 405 766 τέστη
444 692 660 765 θρόνον,
696 698 790 750 καὶ
816 698 942 762 τοὺς
966 698 1198 770 ἐχθροὺς
1230 696 1822 782 ἀντημύνατυέξότου

219 790 333 840 καὶ
388 787 423 858 ἠ
498 786 684 860 Ῥώμη
744 789 850 843 ὑπὸ
899 790 1026 855 τοὺς
1079 792 1370 863 Φράγγους
1424 794 1670 864 ἐγένετο,
1724 797 1821 850 τοῦ

222 880 527 950 Καρούλου
556 882 945 947 ταινιωθέντος
979 888 1131 958 παρὰ
1159 884 1256 938 τοῦ
1287 887 1542 952 Λέοντος,
1592 888 1685 942 καὶ
1724 887 1821 959 βα-

222 971 432 1037 σιλέως
480 973 778 1044 Ῥωμαίων
820 976 1241 1045 ὀνομασθέντος.
1290 979 1413 1031 Ἐπὶ
1443 980 1542 1050 μὲν
1578 980 1686 1049 γὰρ
1722 979 1819 1033 τοῦ

220 1067 506 1136 προτέρου
538 1066 925 1123 Ἰουστινιανοῦ
955 1073 1019 1141 τῇ
1058 1070 1267 1144 Ἰταλίᾳ
1304 1071 1542 1143 ἐπῆλθον
1566 1074 1615 1125 oi
1639 1074 1821 1144 Φράγ-

216 1173 341 1224 γοι,
391 1159 454 1209 ἐκ
504 1158 693 1226 γένους
738 1159 892 1224 ὄντες
932 1161 1041 1215 τῶν
1076 1162 1399 1233 Γερμανῶν,
1447 1163 1523 1228 ὡς
1569 1164 1684 1219 ἄνω
1712 1182 1816 1218 που

221 1249 478 1320 εἴρηται,
501 1254 595 1303 καὶ
628 1246 771 1321 ἦσαν
796 1253 1247 1325 τοῖς.Ῥωμαίοις
1283 1255 1559 1326 πολέμιοι.
1602 1255 1726 1311 Ἐπὶ
1757 1257 1815 1310 δὲ

214 1343 461 1404 Λέοντος
484 1342 574 1395 τοῦ
589 1342 840 1414 Ἰσαύρου
857 1347 885 1400 ό
906 1345 1026 1399 τότε
1048 1346 1236 1411 πάπας
1266 1347 1586 1419 Γρηγόριος,
1610 1349 1700 1402 διὰ
1714 1350 1815 1421 τήν

219 1437 448 1489 ἐκείνου
483 1436 807 1503 κακοδοξίαν
827 1440 1078 1506 ἀποστὰς
1103 1440 1201 1495 τοῦ
1229 1442 1489 1497 ὑπείκειν
1519 1444 1716 1515 ἐκείνῳ
1734 1444 1814 1516 τῷ

216 1527 419 1580 ἀσεϐεῖ
445 1527 685 1599 βασιλεῖ,
720 1530 817 1583 καὶ
839 1531 1238 1605 δασμοφορεῖν,
1269 1526 1366 1588 καὶ
1405 1534 1499 1589 τοῦ
1532 1538 1813 1589 κοινωνεῖν

216 1626 343 1690 τοῖς
383 1625 598 1691 ἀσεδῶς
638 1628 955 1698 προεστῶσι
988 1628 1089 1700 τῆς
1135 1626 1472 1695 Ἐκκλησίας
1514 1626 1616 1699 τῆς
1650 1630 1809 1682 Κων-

1930 453 2017 497 est
2071 442 2419 514 expositum.
2485 444 2819 520 fueruntque
2870 450 3241 509 Romanorum
3296 456 3506 514 hostes.

1931 532 2038 589 Sed
2102 533 2207 590 sub
2264 531 2449 592 Leone
2523 536 2745 607 Isauro,
2811 547 3079 615 temporis
3160 547 3307 604 illius
3365 565 3506 622 papa

1928 620 2251 694 Gregorius,
2292 623 2367 682 ob
2411 643 2730 698 perversam
2779 634 3099 704 opinionem
3154 640 3224 695 ab
3275 620 3508 697 illo'im-

1929 724 2185 783 peratore
2231 718 2403 778 impio
2452 720 2677 787 defecit,
2726 726 2890 797 eique
2943 729 3208 786 tributum
3258 734 3503 805 pendere

1927 808 2236 871 recusavit,
2288 826 2468 883 neque
2516 814 2621 870 sibi
2668 818 2966 889 quidquam
3020 837 3141 878 esse
3195 822 3273 880 rei
3329 828 3503 884 voluit

1924 908 2048 949 cum
2090 895 2278 967 impiis
2330 900 2591 959 Ecclesia:
2632 904 3258 983 Constantinopolitanre
3296 918 3501 987 guber-

1923 986 2244 1053 natoribus.
2276 994 2608 1065 omissisque
2649 997 2828 1066 bellis,
2864 1017 3056 1071 pacem
3109 1021 3233 1060 cum
3270 1007 3498 1065 Francis

1924 1076 2075 1133 fecit.
2118 1080 2234 1137 Sub
2266 1081 2629 1142 Coristantino
2661 1104 2828 1159 porro
2858 1103 2912 1147 et
2963 1091 3143 1158 lrene,
3191 1113 3331 1168 papa
3391 1101 3500 1156 Leo

1921 1184 2019 1225 eos
2044 1173 2211 1229 etiam
2244 1174 2474 1232 Romam
2515 1179 2739 1236 admisit
2769 1199 2784 1236 :
2823 1184 2903 1240 sic
2930 1196 2987 1240 et
3038 1187 3190 1243 italia
3242 1191 3495 1248 universa

1919 1269 1976 1316 et
2025 1263 2141 1334 ipsa
2192 1265 2365 1323 Roma
2411 1279 2541 1327 sunt
2580 1274 2768 1343 politi.
2801 1275 2960 1334 lrene
2998 1283 3397 1349 monarchiam,
3436 1296 3531 1339 ut‘

1917 1354 2125 1412 dictum
2170 1368 2275 1420 cst.
2332 1362 2550 1434 adepta,
2598 1364 2799 1424 fratres
2854 1370 3034 1426 mariti
3090 1373 3210 1444 ejus
3272 1391 3496 1432 carcere

1914 1447 2109 1514 elapsi,
2161 1450 2216 1506 in
2254 1451 2501 1525 Magnam
2537 1459 2824 1514 ecclesiam
2864 1463 3251 1535 confugerunt,
3302 1484 3331 1522 a
3365 1470 3492 1540 qui-

1916 1538 2149 1597 busdam
2189 1560 2454 1602 novarum
2489 1562 2675 1604 rerum
2728 1553 2992 1610 studiosis
3031 1556 3262 1613 incitati.
3297 1538 3492 1617 Aetius

1915 1630 2085 1704 igitur
2122 1637 2437 1705 eunuchus,
2468 1642 2563 1712 qui
2600 1644 2837 1700 multum
2893 1649 3037 1718 apud
3081 1649 3488 1720 imperatrieem

218 1717 754 1784 σταντινουπόλεως,
795 1718 1089 1774 ἐσπείσατο
1108 1722 1224 1783 τοῖς
1244 1719 1520 1791 Φράγγοις
1545 1758 1563 1786 ,
1591 1721 1683 1774 καὶ
1712 1722 1799 1785 τὰς

1916 1725 2248 1783 auctoritate
2305 1730 2541 1800 valebat,
2612 1734 2718 1791 fide
2781 1717 3126 1807 impunitatis
3160 1717 3327 1812 idata,
3392 1761 3492 1803 eos

216 1812 364 1881 πρὸς
388 1810 631 1876 ἐκείνους
661 1812 844 1884 μάχας
887 1813 1214 1867 κατέλυσεν.
1263 1810 1395 1865 Ἐπὶ
1423 1811 1482 1867 δὲ
1511 1812 1809 1866 Κωνσταν-

213 1903 371 1955 τίνου
398 1905 494 1956 καὶ
519 1903 760 1975 Εἰρήνης
780 1903 810 1956 ό
841 1903 1030 1967 πάπας
1053 1903 1209 1958 Λέων
1237 1902 1332 1957 καὶ
1363 1903 1447 1967 είς
1472 1903 1572 1976 τὴν
1586 1903 1810 1976 Ῥώμην

225 1996 433 2059 αὐτοὺς
476 1993 809 2060 εἰσεδέξατο,
851 1996 947 2050 καὶ
989 1994 1134 2050 οὕτω
1174 1995 1275 2066 τῆς
1343 1995 1581 2062 Ἰταλίας
1624 1997 1807 2068 πάσης

212 2088 317 2139 καὶ
344 2087 447 2157 τῆς
495 2086 715 2160 Ῥώμης
741 2087 917 2165 αὐτῆς
951 2088 1311 2161 ἐκυρίευσαν.
1339 2090 1454 2160 Τῆς
1486 2090 1728 2162 Εἰρήνης
1749 2090 1805 2144 δὲ

216 2179 679 2251 μοναρχησάσης,
711 2180 786 2243 ὡς
813 2179 1100 2248 λέλεκται,
1138 2182 1189 2236 oi
1228 2182 1590 2255 ἁνδράδελφοι
1631 2181 1803 2254 αὐτῆς

210 2271 610 2344 καθειργμένοι
648 2273 1032 2345 τυγχάνοντες,
1065 2274 1409 2347 ἠδυνήθησαν
1454 2278 1521 2348 τῇ
1571 2276 1804 2348 Μεγάλῃ

210 2369 564 2436 προσφυγεῖν
620 2369 922 2440 ἐκκλησίᾳ,
986 2369 1140 2441 παρά
1206 2386 1370 2424 τινων
1424 2370 1854 2443 νεωτεριστῶν,

208 2458 298 2519 είς
349 2457 509 2511 τοῦτο
555 2459 1003 2524 ἀναπεισθέντες.
1096 2462 1303 2525 Ἀέτιος
1328 2455 1424 2516 οὖν
1466 2462 1495 2513 ό
1548 2460 1801 2532 εὐνοῦχος

214 2548 365 2619 μέγα
404 2553 526 2604 τότε
557 2552 711 2624 παρὰ
734 2556 800 2624 τῇ
840 2552 1135 2625 βασιλίσσῃ
1158 2554 1488 2625 δυνάμενος,
1522 2552 1797 2619 ἀπελθὼν,

216 2640 310 2698 καὶ
377 2641 591 2707 πίστεις
649 2643 838 2709 αὐτοῖς
906 2645 1212 2717 παρασχὼν
1270 2646 1345 2709 ὼς
1419 2646 1573 2701 οὐδὲν
1624 2647 1799 2701 δεινὸν

213 2733 520 2801 πείσονται,
567 2732 838 2805 ἐξήνεγκε
891 2736 991 2809 τῆς
1062 2736 1360 2808 ἐκκλησίας
1425 2737 1646 2802 αὐτοὺς,
1701 2739 1798 2791 xei.

212 2824 295 2887 είς
317 2825 550 2897 Ἀθήνας
579 2827 915 2900 ἀπήχθησαν
945 2829 1253 2901 ὑπερόριοι.
1290 2830 1469 2884 Κάκεῖ
1495 2830 1795 2900 διαγόντων

214 2917 421 2985 αὐτῶν,
458 2919 605 2984 τινὲς
631 2920 744 2974 τῶν
774 2922 874 2992 τῆς
924 2922 1183 2987 Ἑλλάδος
1223 2922 1535 2994 προσῆλθον
1578 2923 1658 2995 τῷ
1694 2923 1796 2995 ἄρ·-

209 3026 363 3080 χοντι
394 3011 509 3064 τῶν
543 3012 867 3069 Σθλαῦικῶν
915 3014 1112 3081 ἐθνῶν,
1160 3016 1411 3087 δεόμενοι
1448 3016 1615 3070 αὐτοῦ
1675 3015 1792 3083 ἐξα-

1913 1818 2145 1875 ecclesia
2214 1822 2450 1880 eductos
2521 1827 2767 1884 Athenas
2853 1833 3137 1905 relegavit.
3201 1836 3282 1893 ibi
3357 1855 3487 1896 cum

1911 1921 2160 1982 agerent,
2190 1913 2366 1971 (ἕτωοί
2393 1917 2619 1988 quidam
2650 1919 3026 1979 Sclarirarum
3057 1929 3303 1999 gentium
3333 1931 3490 2002 prin«

1910 2002 2089 2072 cipem
2128 2021 2467 2074 convenere,
2521 2021 2750 2069 orantes
2782 2023 2842 2070 ut
2882 2031 2978 2073 eos
3032 2018 3159 2076 inde
3202 2023 3489 2092 educeret,

1907 2104 1966 2149 et
2029 2112 2198 2152 unum
2252 2114 2320 2154 ex
2375 2100 2458 2156 eis
2514 2103 2909 2175 imperatorem
2978 2109 3365 2185 designatum,
3432 2121 3489 2174 in

1910 2186 2102 2242 urbem
2156 2190 2570 2261 imperatoriam
2617 2198 2930 2256 reduceret.
2963 2202 3096 2270 Quae
3138 2221 3225 2264 res
3254 2223 3381 2266 cum
3417 2214 3488 2268 ad

1909 2279 2317 2350 imperatricem
2370 2283 2553 2343 delata
2612 2298 2781 2357 esset,
2842 2296 3104 2354 omnibus
3153 2304 3297 2358 eruti
3355 2318 3489 2363 sunt

1905 2372 2073 2427 oculi.
2130 2373 2200 2430 At
2266 2375 2601 2435 Francorum
2683 2380 2793 2439 dux
2869 2385 3123 2458 Carolus,
3186 2392 3488 2465 imperator

1908 2464 2282 2521 Romanorum
2316 2484 2345 2522 a
2379 2486 2518 2541 papa
2548 2472 2754 2540 Leone,
2788 2485 2848 2531 ut
2880 2477 3089 2535 dictum
3143 2464 3486 2559 est,iappel-

1902 2556 2071 2623 latus,
2126 2561 2313 2618 missis
2382 2563 2452 2617 ad
2503 2564 2718 2622 lrenem
2792 2569 2988 2642 legatis
3045 2577 3266 2647 nuptias
3330 2556 3483 2639 illius

1900 2649 2117 2712 ambiit,
2150 2668 2275 2707 eum
2327 2671 2431 2711 nec
2474 2657 2566 2713 illa
2597 2659 2669 2714 ab
2695 2676 2764 2715 eo
2797 2665 3055 2736 conjugio
3104 2669 3439 2730 abhorreret
3467 2695 3481 2730 :

1900 2756 2099 2811 resluc
2134 2743 2383 2801 confecta
2433 2758 2601 2816 esset,
2647 2750 2755 2807 nisi
2804 2756 3098 2814 eunuchus
3136 2762 3350 2831 Aetius,
3382 2781 3482 2837 po-

1902 2834 2116 2891 testatis
2167 2839 2487 2910 particeps,
2549 2859 2772 2901 onmem
2826 2847 3103 2919 lapidem,
3169 2865 3230 2910 ut
3280 2834 3480 2925 aiunt,

1900 2926 2179 2993 movisset,
2212 2943 2281 2982 ne
2306 2927 2359 2983 id
2390 2932 2708 3005 conjugium
2740 2936 3121 3006 perficeretur.
3148 2941 3308 3011 Nam,
3351 2961 3478 3002 cum

1899 3017 1953 3071 in
1998 3020 2144 3088 regia
2201 3022 2436 3078 multum
2491 3037 2696 3094 posset,
2752 3028 2973 3086 fratrem
3017 3046 3178 3089 suum
3235 3034 3478 3095 Leonem

209 3079 401 3171 γαγεῖν
451 3105 676 3174 αὐτοὺς,
718 3108 814 3163 καὶ
866 3108 966 3163 ἕνα
1022 3079 1487 3182 προχειρίσασθαι
1539 3079 1788 3182 βασιλέα,

1903 3122 2100 3165 ornare
2151 3111 2389 3182 imperio
2440 3116 2834 3184 meditabatur,
2874 3120 3029 3192 121
3060 3140 3224 3195 quem
3272 3127 3478 3200 insigni

207 3197 307 3249 καὶ
331 3197 566 3265 ἀγαγεῖν
596 3198 767 3253 αὐτὸν
814 3201 896 3263 είς
935 3200 1038 3272 τὴν
1093 3201 1344 3272 βασιλίδα
1391 3202 1499 3258 τῶν
1553 3202 1804 3261 πόλεων-

210 3288 565 3359 Μηνυθέντος
601 3290 659 3343 δὲ
690 3290 887 3345 τούτου
914 3295 982 3365 τῇ
1020 3292 1279 3364 βασιλίδι,
1316 3296 1617 3367 προστάξει
1647 3298 1790 3352 ἐκεί-

211 3398 307 3451 νης
338 3383 827 3455 άπετυφλώθησαν
863 3385 1128 3451 ἅπαντες.
1189 3388 1248 3440 ⁸0
1285 3388 1342 3440 δὲ
1380 3388 1489 3442 τῶν
1519 3390 1789 3460 Φρὰγγων

212 3474 454 3542 ἀρχηγὸς
513 3474 797 3545 Καροῦλος
857 3475 1115 3547 βασιλεὺς
1171 3476 1459 3547 ἰ’ωμαίωι
1509 3481 1664 3552 παρὰ
1693 3482 1787 3535 τοῦ

211 3564 374 3615 πάπα
404 3563 655 3631 Λέοντος,
689 3564 764 3629 ὡς
796 3567 1040 3639 εἴρηται,
1063 3567 1489 3638 ἀναγορευθεὶς,
1522 3570 1789 3639 πρέσϐεις

206 3653 422 3725 ἔπεμψε
452 3655 587 3726 πρὸς
611 3656 711 3729 τήν
742 3658 1001 3731 Εἰρήνην,
1035 3658 1219 3730 ζητῶν
1254 3658 1617 3732 συζευχθῆναι
1648 3662 1786 3733 αὐτῇ

207 3748 351 3801 κατὰ
400 3748 713 3819 συμὸίωσιν
756 3752 1034 3823 γαμικήν.
1086 3753 1196 3806 Καὶ
1246 3750 1358 3806 οὐδ’
1396 3752 1582 3824 ἐκείνη
1629 3752 1790 3807 τοῦτο

208 3842 513 3916 ἀϐούλητον
541 3845 715 3913 ἔδοξε,
744 3849 838 3901 καὶ
872 3849 1101 3925 γέγονεν
1135 3847 1202 3903 ἂν
1221 3889 1237 3916 ,
1277 3848 1327 3902 εί
1363 3846 1440 3920 μὴ
1470 3849 1499 3903 ό
1526 3847 1789 3921 ἐκτομίας

206 3937 408 4002 ’Δέτιος
466 3940 991 4011 παραδυναστεύων,
1042 3943 1223 3996 πᾶσαν
1267 3941 1488 4012 ἐκίνησε
1534 3941 1785 4014 μηχανὴν

204 4031 283 4093 είς
307 4030 366 4083 τὺ
395 4031 471 4102 μὴ
522 4032 961 4106 ἀποτελεσθῆναι
1004 4034 1103 4103 τὴν
1152 4034 1438 4104 συζυγίαν.
1471 4032 1647 4100 Οὗτος
1677 4038 1786 4109 γὰρ

208 4123 353 4191 μέγα
408 4122 709 4195 δυνάμενος
758 4126 819 4177 ἐν
875 4129 990 4190 τοῖς
1049 4126 1388 4197 βασιλείοις,
1440 4127 1531 4180 τὸν
1584 4129 1786 4182 οἰκεῖον

202 4214 472 4284 όμαίμονλ
498 4216 706 4270 Λέοντα
736 4215 967 4281 ἀξιῶσαι
992 4216 1089 4286 τῆς
1128 4216 1407 4288 βασιλείας
1434 4217 1521 4271 διὰ
1552 4218 1785 4289 μελέτης

206 4308 490 4377 πεποίητο,
516 4308 576 4371 ὃς
603 4309 669 4380 δὴ
702 4309 854 4364 Λέων
875 4308 963 4363 διὰ
996 4309 1233 4380 σπουδῆς
1257 4308 1350 4363 τοῦ
1383 4310 1591 4364 Ἀετίου
1624 4311 1783 4382 μόνος

1894 3201 2083 3258 studio
2115 3204 2184 3258 ad
2216 3214 2521 3276 praeturam
2556 3207 2808 3266 Thraciae
2836 3223 2893 3268 et
2935 3213 3268 3275 Macedoniae
3296 3222 3477 3277 solum

1892 3306 2171 3362 evexerat,
2200 3312 2327 3353 cum
2368 3299 2486 3370 ipse
2517 3302 2821 3371 provinciis
2857 3302 3064 3376 Opsicii
3111 3311 3478 3369 orientalibus

1894 3396 2176 3456 praeesset.
2207 3388 2365 3445 Unde
2404 3391 2583 3449 elatus
2615 3394 2763 3451 viros
2791 3394 3090 3456 honoratos
3113 3401 3474 3473 despiciebat.

1891 3488 1949 3534 et
1977 3490 2307 3551 arroganter
2353 3485 2644 3541 tractabat.
2698 3488 2855 3554 Quod
2892 3490 2972 3546 illi
3016 3508 3160 3565 πει-ο
3206 3496 3477 3564 ferentes.

1890 3571 2184 3626 consilium
2234 3583 2427 3630 contra
2482 3575 2893 3647 imperatricem
2949 3582 3217 3649 inierunt.
3256 3589 3479 3648 adhibi-

1895 3669 2058 3732 toque
2089 3663 2327 3731 patricio
2369 3665 2704 3737 Nicephoro,
2741 3668 2985 3739 generali
3020 3674 3322 3746 logotheta,
3348 3695 3476 3750 pro-

1892 3749 2059 3807 funda
2092 3761 2255 3809 nocte
2278 3754 2333 3809 in
2357 3754 2615 3813 Cbalcem
2648 3770 2943 3831 venerunt,
2988 3764 3142 3822 lrene
3171 3749 3474 3841 aegrotante

1888 3843 2024 3899 etin
2062 3845 2277 3902 aedibus
2331 3848 2452 3903 suis
2493 3848 2908 3909 Eleutherianis
2959 3854 3372 3920 decumbente:
3408 3881 3473 3920 ac

1890 3938 2222 3995 satellitibus
2282 3939 2540 3999 dixerunt
2608 3959 2668 4001 se
2719 3938 2789 4001 ab
2846 3947 3197 4020 imperatrice
3263 3957 3464 4016 missos

1887 4045 2030 4094 esse,
2062 4037 2121 4086 ut
2148 4031 2524 4105 Nicephorum
2564 4036 2955 4108 imperatorem
2988 4043 3365 4117 designarent,
3411 4063 3472 4107 ut

1888 4123 2156 4193 patricius
2201 4124 2396 4182 Aetius
2438 4141 2559 4183 eam
2589 4143 2789 4201 cogere
2841 4130 3123 4191 desineret
3149 4137 3216 4192 ad
3244 4137 3468 4196 fratrem

1886 4229 2048 4269 suum
2076 4214 2465 4287 imperatorem
2488 4217 2922 4277 decernendum.
2956 4223 3037 4278 Illi
3064 4225 3198 4282 viris
3223 4230 3470 4297 patriciis

1886 4307 1958 4363 ob
1993 4323 2183 4363 eorum
2235 4308 2559 4380 dignitatem
2609 4310 2716 4368 fide
2747 4313 2954 4381 habita,
3011 4316 3114 4388 ipsi
3159 4320 3326 4376 etiam
3361 4339 3471 4380 una

210 4396 375 4461 αὐτὸς
409 4402 720 4471 στρατηγὸς
759 4400 984 4473 Θρᾴκης
1021 4401 1116 4456 καὶ
1159 4400 1500 4465 Μακεδονίας
1546 4402 1753 4473 προὺὸἐ

1903 4414 2012 4455 rum
2070 4399 2178 4455 illis
2245 4400 2622 4473 Nicephorum
2692 4403 3081 4476 imperatorem
3134 4412 3465 4484 salutarunt,

204 4489 372 4559 ϐλητο
396 4505 410 4521 ·
440 4493 468 4545 ό
494 4491 553 4544 δέ
583 4509 646 4561 γε
679 4490 887 4557 Ἀέτιος
908 4493 1020 4546 τῶν
1050 4493 1204 4564 ἐῴων
1236 4488 1373 4565 ἦρχε
1400 4491 1654 4564 θεμάτων
1683 4495 1778 4547 τοῦ

217 4582 465 4653 Ὀψικίου
519 4587 615 4639 καὶ⁵
656 4584 768 4640 τῶν
814 4587 1200 4645 Ἀνατολικῶν.
1250 4587 1564 4643 Κάντεῡθεν
1608 4589 1780 4661 ὑπερ-

202 4677 480 4747 φρονήσας
510 4678 618 4732 τῶν
657 4680 716 4733 ἐν
748 4679 893 4732 τέλει
920 4681 1297 4751 περιεφρόνει,
1327 4682 1420 4737 καὶ
1442 4682 1778 4749 ἀλαζονικῶς

203 4768 389 4831 αὐτοῖς
419 4772 814 4842 προσεφέρετο.
852 4772 917 4826 Oi
949 4772 1006 4826 δὲ
1050 4772 1262 4837 τούτοις
1301 4775 1617 4846 ἀχθόμενοι,
1654 4773 1779 4845 βού-

204 4860 382 4931 λευμα
414 4866 560 4919 κατὰ
589 4866 690 4935 τῆς
732 4866 1059 4939 βασιλίσσης
1086 4870 1390 4937 συνέθεντο,
1426 4872 1524 4924 καὶ
1544 4870 1636 4922 τὸν
1672 4888 1777 4923 κα-

201 4952 412 5022 τρίκιον
441 4954 765 5025 Νικηφόρον
799 4959 896 5011 καὶ
935 4959 1157 5025 γενικὸν
1204 4957 1497 5029 λογοθέτην
1538 4960 1781 5031 παραλα-

204 5046 385 5110 εόντες
408 5087 424 5111 ,
462 5047 686 5118 βαθείας
719 5050 911 5113 νυκτὸς
955 5045 1122 5122 ἦλθον
1150 5052 1231 5116 είς
1259 5051 1359 5122 τήν
1390 5052 1613 5124 Χαλκὴν
1634 5095 1648 5119 ,
1679 5053 1779 5122 τῆς

207 5136 519 5209 βασιλίσσης
555 5140 792 5211 Εἰρήνης
825 5141 1110 5211 νοσούσης,
1142 5143 1237 5195 καὶ
1262 5145 1319 5197 ἐν
1343 5141 1420 5213 τῷ
1444 5144 1578 5213 οἴκῳ
1607 5145 1778 5212 αὐτῆς

206 5229 283 5300 τῷ
327 5232 388 5283 ἐν
429 5234 546 5294 τοῖς
597 5232 945 5305 Ἐλευθερίου
985 5233 1247 5304 κειμένης
1273 5249 1287 5264 ’
1324 5231 1480 5288 εἷπον
1518 5230 1616 5288 οὖν
1662 5237 1777 5298 τοῖς

1888 4500 2054 4563 atque
2081 4491 2154 4546 ita
2188 4492 2244 4548 in
2281 4494 2489 4563 regiam
2548 4495 2626 4550 illi
2666 4495 2897 4553 admissi
2952 4510 3104 4556 sunt.
3149 4503 3360 4562 Deinde
3400 4526 3466 4565 ea

1888 4585 2005 4654 ipsa
2069 4593 2231 4641 nocte
2281 4586 2440 4641 turba
2482 4588 2798 4658 promiscua
2860 4590 3108 4657 collecta,
3168 4595 3466 4669 Nicephori

1889 4677 2327 4748 designationem
2369 4692 2469 4748 per
2516 4687 2691 4734 totum
2745 4681 2925 4736 forum
2977 4693 3107 4741 ante
3162 4688 3469 4749 diluculum

1889 4767 2273 4839 publicarunt,
2325 4767 2393 4822 'et
2454 4767 2641 4824 [renes
2696 4770 2907 4827 :edibus
2964 4773 3023 4829 in
3084 4778 3291 4847 quibus
3345 4793 3461 4839 tum

1887 4859 2104 4930 agebat,
2161 4859 2471 4915 custodiam
2532 4861 2926 4919 adhibuerunt.
2975 4866 3071 4922 Die
3112 4869 3227 4940 jam
3277 4872 3467 4929 illuce-

1884 4962 2096 5017 scente,
2130 4969 2252 5007 eam
2278 4952 2331 5007 in
2361 4951 2686 5008 orientalem
2719 4956 2922 5027 regiam
2970 4959 3278 5018 traductam
3324 4982 3464 5020 con-

1884 5048 2207 5105 cluserunt:
2242 5058 2430 5120 postea
2461 5049 2704 5120 Magnam
2730 5052 3018 5109 ecclesiam
3052 5068 3182 5113 sunt
3205 5058 3458 5129 ingressi.

1887 5149 1947 5195 ut
1973 5139 2046 5195 ibi
2078 5138 2426 5211 Nicephorus
2462 5142 2770 5201 diademate
2813 5159 3141 5239 ornaretur,’
3189 5159 3244 5205 et
3288 5152 3465 5223 impe-

1883 5242 2037 5287 rator
2072 5233 2540 5303 prcclamaretur;
2578 5235 2741 5308 idque
2772 5238 2975 5295 factum
3004 5250 3109 5296 est.

205 5325 383 5381 ἐκεῖσε
410 5326 762 5396 φυλάττουσι,
800 5329 956 5400 παρὰ
982 5329 1081 5401 τῆς
1115 5328 1441 5399 βασιλίσσης
1482 5332 1780 5398 σταλῆναι,
1824 5331 1915 5385 ῖνα
1943 5328 2170 5402 βασιλέα
2216 5330 2321 5396 τὸν,
2384 5330 2704 5405 Νικηφόρον
2770 5335 3240 5406 άναγορεύσωσιν,
3283 5336 3463 5438 dic-5w

208 5413 342 5438 ,ιι-μ
381 5415 659 5438 ηιμ-μ,
716 5418 737 5438 ι
796 5416 1075 5438 “-4”-
1127 5417 1331 5438 ..ρ-μ
1386 5417 1608 5438 ac...“
1657 5436 1707 5438 -_
1777 5419 1824 5438 ,.
1874 5422 1886 5438 .
2026 5419 2103 5438 ,η
2153 5417 2342 5438 ,μη-,φ
2398 5420 2451 5438 ί.
2941 5422 2956 5438 ι
3066 5421 3092 5438 Α
3211 5423 3237 5438 ι.
3338 5427 3353 5438 .

206 5413 346 5468 οὓτω
379 5415 664 5486 παύσηται
712 5418 742 5469 ὁ
790 5416 1076 5488 πατρίκιος
1127 5417 1332 5482 Ἀέτιος
1384 5417 1709 5489 βιαζόμενος
1766 5419 1938 5492 αὐτὴν
2014 5419 2105 5474 τὸν
2148 5417 2344 5473 ἑαυτοῦ
2389 5420 2655 5490 σύγγονον
2702 5421 3155 5496 προχειρίσασθαι
3209 5423 3458 5495 βασιλέα.

206 5502 607 5570 Πιστεύσαντες
635 5505 730 5560 οὖν
760 5510 876 5570 τοῖς
896 5508 1071 5561 ταῦτα
1090 5507 1312 5577 λέγουσι
1335 5507 1649 5578 πατρικίοις
1700 5508 1809 5562 τῶν
1850 5508 2169 5581 περιφανῶν
2198 5508 2340 5575 οὖσι,
2373 5511 2468 5563 καὶ
2498 5512 2658 5567 αὐτοὶ⁵
2681 5512 2773 5565 τὸν
2796 5511 3112 5583 Νικηφόρον
3146 5513 3246 5568 σὺν
3307 5516 3456 5571 ἐκεί-

207 5607 317 5654 νοις
350 5596 427 5654 εῐς
453 5592 686 5664 βασιλέα
725 5596 1095 5666 εὐφήμησαν,
1136 5597 1233 5650 καὶ
1266 5596 1413 5650 οὕτω
1477 5596 1984 5669 παραχωρηθέντες
2049 5599 2131 5697 είς
2196 5594 2257 5702 ηδ
2326 5598 2469 5702 μέγα
2516 5598 2784 5702 εἱισῆλθον.
2838 5599 3161 5702 άνάκτορον.
3388 5605 3459 5660 δι-

208 5680 372 5750 αὺτῆς
403 5684 503 5752 τῆς
533 5683 734 5747 νυκτὸς
766 5683 921 5753 ὄχλον
952 5683 1311 5756 ἀθροίσαντες
1346 5683 1623 5754 σύγκλυδα
1644 5725 1659 5753 ,
1692 5685 1780 5740 διὰ
1822 5686 2006 5757 πάσης
2068 5684 2168 5748 τῆς
2209 5684 2417 5755 ἀγορᾶς
2481 5687 2590 5758 πρὸ
2618 5688 2716 5758 τῆς
2760 5688 2979 5760 ἡμέρας
3023 5687 3123 5761 τήν
3154 5689 3249 5745 τοῦ
3281 5692 3456 5765 Νικη-

401 5778 679 5843 Puncta
717 5779 834 5839 (in.
869 5778 1209 5844 CXXXIV.

2948 5779 3021 5842 43
