3958 6204
443 284 582 344 1:315

1693 283 2014 347 JOANNIS
2055 281 2380 343 ZONARE

3556 281 3697 348 1376

435 394 732 464 aliquando
775 393 962 449 divina
998 396 1150 452 Isaizc
1192 396 1362 452 verba
1392 396 1482 452 illa
1530 395 1585 450 in
1637 397 1882 452 Ecclesia
1935 411 2014 450 re-

2135 397 2418 468 Ἡγρίαινε
2453 397 2564 470 (96)
2595 398 2703 469 γὰρ
2733 398 2925 452 τοῦτον
2955 399 3118 464 αύτδς
3166 400 3194 452 6
3225 397 3512 462 Θεὸδοτος,
3545 398 3649 451 καὶ
3675 403 3700 448 ὃ

435 488 743 541 citarentur
774 503 788 541 :
821 487 920 542 Cui
967 487 1304 542 assimilastia
1341 487 1655 542 Dominum?
1687 487 1826 542 Num
1877 490 2012 541 ima-

436 579 613 649 ginem
662 580 776 648 ejus
828 580 955 648 facit
993 580 1161 648 faber,
1216 590 1310 633 aut
1359 583 1570 650 auri/ea:
1614 582 2012 636 similitudinem

439 685 553 748 ejus
583 680 794 748 paravit
817 681 843 731 Ρ
874 689 931 733 et
963 679 1172 748 reliqua
1206 682 1250 744 ‘,
1295 682 1545 741 accessit,
1588 691 1645 736 et
1692 681 2009 750 imperatori

441 767 497 820 iu
529 783 717 821 aurem
747 767 921 820 dixit:
951 768 1088 820 Audi
1115 769 1446 838 praphetam,
1479 770 1717 833 Domine,
1749 773 1897 840 eique
1924 771 2014 823 ob-

441 869 696 930 tempera.
753 861 830 914 Ex
884 876 952 915 eo
1003 861 1140 915 citra
1189 863 1578 916 verecundiam
1641 863 1752 918 Leo
1809 875 2010 918 sectam

438 950 590 1006 illam
627 952 960 1014 sectabatur,
992 953 1198 1022 quique
1236 953 1500 1023 impietati
1534 955 1654 1024 ejus
1697 971 1806 1009 non
1853 956 2013 1012 cede-

440 1041 605 1107 bant,
651 1043 806 1112 132
851 1053 907 1097 et
953 1044 1257 1100 dilacerare
1305 1056 1360 1102 et
1403 1045 1667 1102 devorare
1711 1048 2011 1118 cupiebat:

436 1133 606 1187 etiam
644 1134 886 1204 alioquin
912 1151 1090 1192 saevus
1116 1145 1170 1191 et
1202 1137 1531 1207 implacabili
1563 1139 1644 1192 ira
1685 1148 1875 1195 contra
1919 1139 2013 1193 de-

437 1224 774 1294 linquentes,
811 1227 881 1282 ob
906 1228 1118 1283 modica
1149 1227 1347 1284 delicta
1374 1245 1565 1300 poenas
1607 1242 1823 1286 atroces
1869 1232 2011 1287 irro-

439 1333 597 1387 gans.
634 1320 820 1374 Talem
852 1319 1017 1388 igitur
1064 1335 1122 1374 se
1168 1320 1281 1375 Leo
1314 1322 1552 1390 prmbuit
1602 1339 1732 1394 erga
1783 1323 1904 1394 pios
1955 1335 2014 1380 et

437 1409 582 1463 alios
610 1410 812 1478 quibus
849 1410 1095 1465 oﬂ’ensus
1127 1421 1266 1466 erat.
1318 1413 1377 1466 In
1419 1413 1698 1482 republica
1747 1430 1878 1468 vero
1915 1413 2012 1469 ad-

443 1497 807 1554 ministranda
852 1515 960 1554 non
1007 1502 1189 1571 segnis
1221 1513 1372 1568 erat,
1417 1505 1511 1558 Sed
1556 1521 1684 1562 acer
1720 1506 2010 1560 admodum

440 1599 498 1643 ct
530 1589 780 1658 vigilans,
818 1591 1163 1662 injuriosque
1211 1595 1519 1650 coercebat.
1553 1596 1753 1653 Oratus
1787 1598 1952 1669 igitur
1980 1615 2010 1654 a

441 1679 682 1748 quodam
740 1681 834 1750 qui
892 1697 1116 1738 uxorem
1165 1700 1195 1740 a
1257 1697 1510 1742 senatore
1584 1688 1822 1758 quodam
1904 1689 2008 1744 sibi

444 1782 656 1843 raptam
706 1789 829 1829 esse
889 1775 1247 1845 querebatur,
1299 1787 1354 1832 et
1411 1778 1648 1834 addebat
1699 1795 1758 1835 se
1812 1779 2015 1836 frustra

444 1863 687 1933 praefecti
758 1881 919 1934 opem
993 1867 1313 1936 implorasse
1369 1885 1384 1924 :
1438 1871 1672 1926 crimine
1746 1872 2016 1942 probato,

443 1955 628 2008 statim
674 1957 933 2024 praefecto
986 1967 1310 2027 potestatem
1353 1960 1656 2032 abrogavit,
1713 1973 2020 2034 raptorem-

443 2061 551 2115 que
579 2047 794 2117 legibus
829 2050 1170 2118 puniendum
1220 2052 1466 2108 tradidit.
1517 2054 1862 2125 Magistratus
1909 2066 2018 2112 tam

443 2135 636 2190 civiles
673 2153 836 2206 quam
875 2139 1170 2207 militares,
1199 2143 1414 2198 delectu
1448 2160 1512 2199 ex
1545 2147 1768 2216 Optimis
1811 2148 2022 2214 habito,

422 2226 794 2291 conferebat,
841 2229 1322 2302 Romanarumque
1371 2235 1777 2303 provinciarum
1829 2238 2024 2308 praefe-

445 2326 634 2371 cturas
672 2335 851 2389 neque
880 2322 1110 2390 pecunia
1149 2339 1351 2379 venum
1389 2327 1718 2394 exponebat,
1757 2345 1935 2400 neque
1954 2347 2022 2386 ex

444 2408 621 2478 gratia
658 2413 794 2467 viris
835 2414 1037 2484 ineptis
1072 2415 1137 2469 ad
1181 2417 1532 2487 magistratus
1569 2429 1664 2474 aut
1699 2423 1880 2477 avaris
1904 2463 1918 2487 ,
1966 2431 2023 2476 et

437 2501 532 2570 jus
583 2504 816 2571 pecunia
873 2507 1242 2563 vendentibus
1312 2508 1670 2579 largiebatur.
1747 2512 1903 2579 Quod
1975 2515 2021 2568 si

442 2593 611 2648 etiam
643 2612 792 2652 nunc
827 2597 1002 2664 ﬁeret,
1040 2616 1128 2656 res
1161 2601 1302 2656 bene
1328 2617 1388 2657 se
1426 2602 1715 2658 haberent.

2119 492 2228 545 τῶν
2255 491 2334 561 τῷ
2370 491 2634 562 βασιλικῷ
2659 491 2879 546 κοιτῶνι
2917 492 3358 563 κεκληρωμένων
3387 491 3702 561 τηνικαῦτα

2118 586 2193 640 ὢν
2222 586 2552 657 χορολέκτης
2585 586 2616 654 ἢ
2648 589 2946 656 χοράρχης,
2980 585 3040 638 ὃν
3089 584 3488 654 πρωτοιῖμάλτην
3526 585 3704 652 παρέ-

2118 677 2250 730 λασε
2299 679 2488 730 καλεῖν
2518 677 2550 746 ἡ
2589 677 2873 748 συνήθεια.
2905 676 3092 739 Οὕτως
3119 676 3225 755 γὰρ
3262 676 3362 745 τῆς
3391 675 3503 728 τῶν
3537 675 3705 726 Εἰκο-

2118 769 2369 838 νομάχων
2395 769 2661 838 αἱρέσεως
2683 769 2783 837 τὴν
2811 767 3040 838 θαλερὰν
3071 767 3391 838 ἀνατροπὴν
3417 769 3501 830 είς
3532 767 3703 836 κόρον

2119 861 2280 924 πιὼν,
2314 861 2537 931 ἠρέθιζε
2571 860 2662 913 τὸν
2697 859 2918 930 βασιλέα
2956 859 3299 930 πανταχόθεν
3330 859 3431 920 τὰς
3472 859 3706 921 εἰκόνας

2119 953 2411 1022 περιελεῖν.
2467 951 2578 1006 Καί
2628 969 2759 1004 ποτε
2806 951 2916 1004 τῶν
2960 951 3056 1004 τοῦ
3110 951 3339 1004 Ἡσαΐου
3377 950 3490 1018 (97)
3534 950 3704 1003 θείων

2119 1044 2314 1112 φωνῶν
2358 1044 2880 1114 ἀναγινωσκομένων
2931 1043 3019 1096 ἐπ’
3080 1044 3413 1112 ἐκκλησίας,
3469 1043 3530 1097 αἶ
3605 1045 3705 1096 λέ-

2119 1155 2276 1206 γουσι
2301 1155 2314 1169 ‘
2362 1137 2488 1192 Τίνι
2528 1137 2869 1207 ὡμοιώσατε
2913 1137 3022 1190 τὸν
3051 1139 3311 1204 Κύριυνς
3345 1136 3442 1204 Μὴ
3485 1139 3704 1196 εῖκόνα

2117 1227 2368 1294 ἐποίησε
2423 1228 2667 1293 τέκτων,
2715 1229 2753 1297 ἢ
2815 1230 3153 1298 χρυσοχόος
3220 1227 3485 1295 ὁμοίωμα
3553 1243 3704 1280 κατ-

2117 1321 2458 1375 εσκεύασεν
2493 1320 2704 1386 αὑτῷς
2751 1322 2845 1374 καὶ
2883 1320 2953 1373 τὰ
3002 1320 3219 1392 ἐφεξῆς.
3265 1319 3599 1389 Προσελθὼν
3625 1319 3704 1385 τῷ

2121 1409 2332 1480 βασιλεῖ
2365 1411 2501 1480 πρὸς
2550 1405 2647 1474 οὖς
2691 1410 2795 1481 ἔφη
2819 1426 2832 1440 ·
2866 1412 3142 1479 Πρόσχες
3177 1409 3255 1476 τῷ
3301 1411 3615 1480 προφήτῃ,
3657 1407 3705 1464 ὦ

2118 1501 2414 1567 δέσποτα,
2467 1503 2565 1556 καὶ
2610 1504 2800 1566 τούτῳ
2854 1503 3087 1558 πείθου.
3135 1503 3422 1556 Ἐντεῦθεν
3478 1504 3704 1572 ἀπηρν-

2121 1595 2463 1666 θριασμένως
2491 1598 2519 1649 6
2563 1597 2714 1650 Λέων
2743 1596 2846 1666 τῆς
2876 1599 3141 1668 αἱρέσεως
3172 1598 3371 1667 εἴχετο,
3421 1598 3522 1650 καὶ
3575 1601 3704 1658 τοὺς

2124 1687 2200 1754 μὴ
2257 1687 2324 1756 τῇ
2383 1685 2611 1757 ἀσεϐείᾳ
2664 1687 2833 1740 αὑτοῦ
2885 1688 3301 1751 ύποκύπτοντας
3351 1687 3704 1756 διασπαράσ-

2119 1793 2232 1829 σειν
2265 1775 2374 1848 (98)
2411 1778 2505 1830 καὶ
2540 1775 2828 1846 λαφύσσαν
2858 1778 3144 1848 ἠπείγετοο
3177 1779 3350 1848 βαρὺς
3379 1779 3441 1831 δὲ
3472 1780 3572 1830 καὶ
3606 1780 3702 1832 ἄλο

2115 1866 2242 1931 λως.
2296 1867 2392 1920 καὶ
2443 1867 2821 1938 ἀπαραίτητος
2873 1870 2974 1938 τὴν
3019 1869 3193 1940 ὀργὴν
3246 1873 3360 1934 τοῖς
3407 1871 3704 1922 πταίουσιν

2114 1954 2206 2030 ἦν,
2241 1959 2334 2011 καὶ
2383 1959 2479 2012 ἐπὶ
2531 1962 2776 2030 μετρίοις
2822 1959 3132 2030 πταίσμασι
3168 1961 3402 2031 βαρείας
3446 1959 3704 2022 κολάσεις

2117 2050 2582 2120 ἀποφαινόμενος.
2618 2049 2878 2114 Τοιοῦτος
2916 2051 3018 2121 μὲν
3047 2047 3116 2121 ἦν
3163 2052 3192 2104 6
3224 2053 3380 2104 Λέων
3414 2053 3549 2120 περὶ
3578 2054 3703 2113 τοὺς

2121 2144 2387 2207 εύσεσεῖς,
2430 2145 2525 2196 καὶ
2572 2143 2700 2206 τοὺς
2737 2143 2932 2205 ἄλλους
2968 2143 3495 2213 προσκεκρουκότας
3528 2143 3698 2207 αὐτῷ.

2122 2234 2270 2295 Τέως
2308 2233 2355 2286 δ’
2387 2231 2480 2286 οὖν
2505 2232 2618 2303 (99)
2661 2232 2790 2301 περὶ
2822 2232 2922 2302 τὴν
2950 2233 3066 2284 τῶν
3097 2234 3297 2286 κοινῶν
3328 2232 3604 2300 διοίκησιν
3634 2233 3694 2283 οὐ

2120 2325 2298 2395 νωθὴς
2344 2319 2430 2394 ἧν,
2474 2323 2610 2376 ἀλλὰ
2645 2324 2738 2376 καὶ
2770 2323 2892 2376 λίαν
2919 2325 3218 2394 ἐγρήγορε,
3268 2325 3367 2376 καὶ
3411 2324 3538 2382 τοὺς
3583 2321 3697 2373 ἀδι-

2119 2416 2352 2479 κοῦντας
2398 2415 2708 2471 ἀνέστελλε.
2761 2415 3060 2485 Δεηθὲντος
3118 2413 3214 2468 οὖν
3267 2431 3441 2478 τινος,
3485 2415 3564 2474 ὡς
3608 2413 3702 2466 τοῦ

2121 2512 2346 2580 γυναίου
2387 2510 2554 2564 αὐτοῦ
2603 2512 2755 2582 παρά
2780 2529 2873 2564 του
2904 2510 3013 2564 τῶν
3047 2511 3145 2581 τῆς
3178 2510 3497 2578 συγκλήτου
3523 2510 3697 2574 ἁρπα-

2119 2607 2334 2676 γέντος,
2357 2605 2739 2675 προσθεμένου
2769 2605 2828 2658 δὲ
2861 2607 2954 2659 καὶ
2984 2605 3062 2675 τῷ
3089 2603 3320 2673 ἐπάρχῳ
3348 2601 3704 2671 προσελθεῖν,

447 2687 525 2756 μὴ
575 2688 760 2753 μέντοι
820 2693 1005 2762 τυχεῖν
1067 2695 1442 2764 ἐκδικήσεωςο
1476 2695 1600 2747 ἐπεὶ
1651 2695 1711 2748 τὸ
1764 2694 2018 2766 ἔγκλημα
2085 2697 2453 2761 ἀποδέδεικτο,
2507 2697 2598 2749 τὸν
2641 2697 2741 2766 μὲν
2787 2697 3028 2766 ἔπαρχον
3066 2694 3312 2748 ἔπαυσεν
3384 2695 3557 2757 εὐθὺς
3611 2692 3708 2760 τῆς

447 2781 644 2850 ἀρχῆς,
681 2782 773 2834 τὸν
805 2783 862 2835 δὲ
886 2784 986 2852 τὴν
1014 2784 1274 2854 ἁρπαγὴν
1301 2785 1776 2856 πλημμελήσαντα
1838 2787 2050 2851 ἐξέδοτο
2087 2788 2338 2859 νομίμως
2383 2787 2880 2856 κολασθησόμενον.
2954 2787 3260 2856 ’Δρχοντας
3310 2786 3370 2839 δὲ
3415 2785 3512 2838 καὶ
3549 2802 3711 2854 στραο

444 2875 734 2936 τιωτικοὺς
769 2875 862 2926 καὶ
894 2875 1207 2941 πολιτικοὺς
1237 2877 1555 2948 ἀριστίνδην
1583 2878 1962 2949 προεχειρίζετ
1977 2897 2025 2944 ο,
2066 2882 2162 2933 καὶ
2194 2881 2292 2943 τὰς
2325 2879 2432 2931 τῶν
2489 2879 2592 2932 ὑπὸ
2645 2878 2952 2949 Ῥωμαίους
2984 2878 3153 2930 ὲθνῶν
3205 2880 3518 2948 ἡγεμονίας
3584 2879 3710 2934 οὔτε

369 2989 378 2999 ·
445 2967 748 3037 χρημάτων
787 2967 982 3031 ὠνίους
1016 2970 1325 3040 προύτίθει,
1383 2970 1507 3024 οὔτε
1555 2972 1690 3042 πρὸς
1737 2971 1896 3042 χάριν
1945 2973 2137 3038 ἐδίδου,
2215 2975 2289 3046 μὴ
2361 2973 2494 3044 πρὸς
2527 2974 2700 3043 ἀρχὰς
2761 2971 3063 3041 πεφυκόσιν
3096 2970 3382 3041 ἀνδράσιν,
3416 2971 3451 3042 ἢ
3487 2974 3708 3043 χρημά-

447 3075 555 3111 των
583 3060 795 3129 ῆττοσι,
827 3063 924 3114 καὶ
951 3061 1165 3126 τούτοις
1195 3063 1511 3133 προδιδοῦσι
1569 3064 1630 3118 τὸ
1655 3065 1890 3120 δίκαιον.
1939 3065 2002 3119 Ei
2034 3065 2092 3118 δὲ
2132 3068 2228 3122 καὶ
2283 3067 2379 3123 νῦν
2408 3066 2568 3121 ταῦθ’
2584 3066 2758 3129 οὕτως
2802 3059 2972 3135 εῖχεν,
3014 3057 3162 3134 εἶχον
3199 3064 3264 3117 ἂν
3299 3063 3484 3129 καλῶς
3517 3067 3615 3120 καὶ
3645 3069 3712 3123 τὰ

449 3152 780 3222 πράγματα.

519 3243 662 3297 XXI.
704 3243 933 3298 Michael
983 3258 1115 3298 vero
1161 3245 1361 3300 Balbus
1403 3246 1628 3302 Amorio
1675 3259 1847 3316 ortus,
1900 3265 2022 3305 cum

2200 3249 2332 3302 ΚΝ.
2381 3244 2602 3317 Μιχαὴλ
2636 3244 2695 3297 δὲ
2725 3245 2753 3298 6
2814 3241 3061 3312 Τραυλὺς
3110 3243 3138 3294 6
3185 3240 3246 3305 ἐξ
3292 3240 3572 3310 Ἀμορίου,
3609 3240 3704 3294 επὶ

449 3336 516 3389 ad
547 3351 800 3405 magnam
845 3335 1122 3390 fortunam
1160 3339 1528 3406 pervenisset,
1585 3357 1650 3396 ac
1694 3353 1892 3413 praeter
1920 3344 2022 3400 alia

2130 3339 2272 3411 μέγα
2307 3337 2479 3406 τύχης
2527 3334 2740 3405 ἀρθεὶς,
2787 3333 2924 3402 πρὸς
2972 3331 3032 3385 δὲ
3067 3334 3192 3394 ταῖς
3240 3331 3423 3393 ἄλλαις
3471 3333 3704 3395 κακίαις

449 3427 583 3480 vitia
658 3425 899 3495 linguam
975 3427 1144 3482 etiam
1205 3429 1666 3500 intemperantem
1751 3434 2022 3503 haberet,

2130 3432 2222 3485 καὶ
2253 3429 2508 3499 γλῶσσαν
2537 3428 2679 3498 ἔχων
2709 3427 3033 3488 ἀκόλαστον,
3065 3425 3314 3494 διεϐλήθη
3345 3423 3416 3492 τῷ
3445 3424 3687 3488 βασιλεῖ,

449 3517 666 3571 delatus
697 3525 781 3573 est
809 3519 954 3588 apud
989 3519 1404 3589 imperatorem,
1433 3523 1590 3592 quasi
1622 3525 1761 3579 clam
1796 3525 2026 3582 insidias

390 3683 394 3687 _
448 3611 498 3666 ei
540 3619 814 3678 strueret,
853 3627 918 3666 ac
967 3612 1268 3682 perniciem
1317 3614 1625 3671 moliretur.
1700 3618 1774 3672 Ea
1826 3617 2026 3674 delatio

451 3691 628 3772 pridie
675 3703 794 3772 ejus
825 3703 935 3758 diei
987 3703 1127 3758 facta
1168 3712 1284 3768 est,
1331 3720 1440 3775 quo
1484 3705 1684 3762 festum
1713 3707 2028 3764 Nativitatis

448 3794 654 3852 Christi
693 3793 937 3849 Ecclesia
965 3795 1248 3850 celebrare
1281 3798 1589 3853 consuevit.
1631 3798 1826 3854 Statim
1864 3800 2030 3869 igitur

453 3891 954 3961 comprehenditur,
1005 3893 1305 3963 imperator
1359 3895 1476 3965 ipse
1523 3895 1786 3964 quzesitor
1834 3911 2024 3950 earum

451 3998 635 4036 rerum
663 3999 896 4051 quarum
946 3993 1235 4038 accusatus
1268 3992 1389 4039 erat
1415 4023 1430 4046 ,
1461 3985 1738 4052 praesidet.
1786 3984 2028 4038 Convin-

452 4075 598 4127 citur
645 4074 714 4129 ab
747 4075 1164 4129 accusatoribus
1209 4075 1476 4140 Michael,
1516 4075 1750 4130 crimina
1807 4086 1864 4130 et
1911 4077 2028 4146 ipse

453 4167 748 4219 contuetur
779 4182 795 4218 :
830 4166 1227 4222 condemnatur
1256 4175 1314 4220 ut
1353 4167 1461 4237 igni
1499 4175 1809 4229 cremetur,
1849 4166 2025 4220 abdu-

452 4260 596 4309 citur
631 4265 690 4310 ut
727 4256 1135 4312 comburendus
1165 4276 1179 4312 :
1215 4259 1370 4313 locus
1409 4257 1680 4327 supplicio
1717 4259 2027 4313 destinatus

453 4354 575 4400 erat
627 4346 806 4402 balnei
865 4349 998 4418 regii
1043 4349 1290 4404 caminus
1337 4367 1350 4404 :
1388 4351 1640 4420 sequitur
1688 4350 2022 4420 imperator,

455 4436 571 4490 sive
622 4437 768 4506 quod
823 4437 946 4492 aliis
999 4439 1329 4508 supplicium
1390 4455 1498 4493 non
1563 4440 1864 4505 credebat,
1910 4441 2027 4496 sive

454 4525 598 4595 quod
649 4527 796 4582 illius
841 4529 1064 4584 interitu
1099 4529 1404 4584 laetabatur.
1452 4531 1522 4586 At
1571 4531 1910 4601 impcratrix,
1955 4549 2024 4588 eo

2123 3523 2199 3585 ὡς
2225 3523 2374 3576 κακὰ
2405 3521 2527 3574 κατ’
2553 3519 2720 3573 αὑτοῦ
2760 3517 3175 3589 βυσσοδομεύων
3210 3518 3297 3570 καὶ
3335 3515 3692 3584 τεκταινόμε-

2128 3631 2242 3679 νος.
2296 3613 2408 3668 Καὶ
2450 3615 2482 3684 ή
2522 3611 2746 3681 διαϐολὴ
2780 3612 2887 3682 πρὸ
2913 3611 3011 3680 τῆς
3046 3611 3266 3681 ἡμέρας
3296 3609 3537 3674 ἐγένετο,
3570 3609 3632 3660 tv

2128 3707 2226 3777 τὴν
2273 3707 2331 3760 έν
2378 3708 2544 3774 σαρκὶ
2573 3706 2668 3759 τοῦ
2709 3705 2917 3774 Κυρίου
2957 3704 3154 3773 γένναν
3191 3703 3476 3774 ἑορτάζειν
3506 3705 3539 3772 ἡ
3583 3702 3709 3756 Ἑκ-

2128 3800 2328 3872 κλησία
2358 3800 2691 3870 παρέλαϐεν.
2721 3798 2930 3852 Αὐτίκα
2958 3796 3144 3850 τοίνυν
3169 3797 3197 3849 6
3234 3796 3337 3866 μὲν
3369 3795 3707 3863 συνελήφθη·

2128 3895 2156 3947 6
2194 3891 2252 3946 δὲ
2294 3891 2547 3962 βασιλεὺς
2588 3891 2700 3944 τῶν
2738 3891 2861 3943 κατ’
2897 3889 3064 3943 αὑτοῦ
3107 3887 3466 3959 μηνυθέντων
3521 3887 3712 3950 ἐξετα-

2133 3987 2264 4056 στὴς
2306 3985 2691 4056 προεκάθισεν.
2735 3984 3051 4054 Ἐλέγχεται
3083 3985 3257 4053 παρὰ
3305 3982 3417 4035 τῶν
3477 3998 3713 4050 κατηγο-

2133 4081 2377 4148 ρούντων
2401 4079 2430 4130 6
2456 4076 2702 4146 Μιχαὴλ,
2738 4075 3046 4130 συντίθεται
3090 4077 3180 4128 καὶ
3211 4076 3397 4139 αρτδς,
3446 4074 3715 4144 κατακρί-

2133 4184 2288 4221 νεται
2327 4165 2562 4221 θάνατον
2591 4167 2688 4220 καὶ
2720 4167 2950 4220 θάνατον
2977 4165 3070 4219 τὸν
3097 4166 3188 4219 διὰ
3220 4167 3398 4236 πυρός
3419 4182 3435 4198 ·
3469 4165 3715 4234 ἀπήγετο

2133 4258 2572 4329 καυθησόμενος,
2623 4260 2720 4312 καὶ
2776 4259 2943 4322 τόπος
2975 4258 3078 4327 τῆς
3104 4258 3381 4328 τιμωρίας
3434 4256 3714 4325 ἀφώριστο

2134 4349 2292 4420 ὴτοῦ
2338 4351 2397 4403 έν
2445 4352 2557 4411 τοῖς
2598 4349 2893 4419 βασιλείοις
2939 4350 3171 4421 λουτροῦ
3219 4349 3493 4418 κάμινος·
3531 4348 3713 4400 εῖπετο

2134 4443 2227 4494 καὶ
2253 4441 2281 4492 ὁ
2308 4439 2582 4509 βασιλεὺς,
2613 4440 2644 4510 ῆ
2680 4440 2755 4510 μὴ
2787 4442 3060 4492 πιστεύων
3103 4438 3277 4508 ἑτέρῳ
3306 4436 3407 4506 τὴν
3442 4437 3715 4504 τιμωρίαν

2133 4529 2228 4584 τοῦ
2283 4531 2526 4602 Μιχαὴλ,
2576 4531 2610 4601 ἢ
2662 4531 2999 4600 ἐφηδόμενος
3049 4530 3127 4601 τῷ
3158 4529 3371 4599 ὀλέθρῳ
3417 4525 3616 4583 αὐτοῦ.
3655 4526 3715 4578 Ἡ

455 4616 695 4685 cognito,
748 4618 802 4672 id
855 4618 1070 4675 facinus
1112 4621 1460 4690 prohibebat,
1513 4623 1771 4678 maritum
1824 4625 2022 4692 partim

2131 4625 2188 4677 δέ
2221 4640 2284 4692 γε
2319 4623 2608 4693 βασίλισσα
2635 4621 2796 4675 τοῦτο
2831 4622 3038 4690 γνοῦσα
3072 4622 3173 4693 τὴν
3209 4621 3414 4691 πρᾶξιν
3447 4619 3712 4681 ἐκώλυσε,

457 4721 624 4762 orans
657 4716 717 4762 ut
758 4708 1000 4764 damnati
1047 4710 1372 4780 supplicium
1413 4721 1636 4783 propter
1672 4713 1872 4768 festum
1916 4713 2026 4768 dif-

535 4842 551 4872 '
583 4840 689 4896 Isa.
719 4856 868 4906 XLVI,
896 4841 952 4904 5,
984 4840 1038 4896 6.

2137 4716 2212 4784 πῆ
2244 4715 2344 4786 μὲν
2379 4714 2612 4785 δεομένη
2643 4713 2739 4766 τοῦ
2773 4713 3094 4780 ξυνευνέτου
3129 4712 3475 4785 ὑπερθέσθαι
3501 4711 3594 4765 διὰ
3621 4710 3713 4776 τὴν

1620 4955 1818 5020 νοτία)
1852 4955 2160 5018 lectiones
2207 4962 2268 5018 et
2315 4963 2505 5018 notae.

535 5083 649 5156 (96)
707 5083 1003 5156 Ἠτρίιιινε
1056 5085 1190 5156 γάρ.
1237 5085 1599 5156 Gotitinuatpr
1662 5081 2037 5156 Theophanis,

460 5148 558 5212 lib'.
599 5148 640 5226 ις
667 5171 722 5226 n.
745 5148 821 5226 20‘
847 5171 861 5206 :
903 5148 1246 5226 ζΛνερρίπισε
1272 5155 1327 5206 δέ
1354 5173 1471 5226 πως
1497 5148 1609 5226 οἷον
1636 5153 1730 5226 καὶ
1767 5153 2037 5226 ἐξεφύση-

465 5242 555 5304 σεν
588 5225 666 5284 είς
699 5224 830 5293 ὕψος
859 5221 1038 5304 ἀίρων
1065 5221 1240 5304 αρτὸν
1267 5225 1388 5304 -ῤ
1428 5223 1522 5304 τοῦ
1555 5221 1701 5304 ἱεροῦ
1753 5225 1921 5304 συστή
1934 5239 2038 5304 μαο

463 5295 641 5373 ξρςςεε
681 5292 796 5373 κοςι-
823 5292 1027 5373 κλήρου
1063 5293 1171 5373 τῶν
1189 5293 1506 5373 ’.βασιλικῶν
1525 5293 1721 5373 .αὐλῶν
1771 5292 2035 5373 ἀρχηγός.

462 5363 620 5418 Unde
673 5364 954 5428 colligitur
1010 5363 1153 5432 apud
1189 5363 1454 5416 Zonaratn
1489 5362 1582 5432 τὸν
1613 5362 1720 5416 τῶν
1765 5362 1843 5431 τῷ
1877 5362 2036 5431 βασι-

464 5433 601 5498 λικῷ
631 5433 858 5484 κοιτῶνι
891 5431 1330 5502 κεκλήρωμένων
1370 5431 1740 5502 Χαρολέκτην,
1784 5443 1892 5486 etc.
1927 5447 2037 5484 non

465 5502 966 5570 essecubiculariis
1011 5501 1345 5570 prurit-ctum,
1395 5505 1470 5555 uti
1521 5501 1761 5555 verterat
1812 5502 2034 5555 Hieron.

471 5568 720 5642 Wolﬁus,
759 5573 856 5628 sed
885 5568 1080 5642 (clerici
1124 5568 1358 5640 palatini
1400 5572 1728 5642 prw[cctuiii,
1769 5586 1865 5642 seu
1911 5587 2035 5640 pro-

473 5637 774 5712 topsaltem,
821 5641 896 5694 uti
931 5637 1271 5695 restituimus
1302 5658 1315 5694 :
1353 5637 1582 5712 proinde
1619 5643 1722 5694 hoc
1767 5641 1891 5712 loco
1912 5637 2036 5712 'xot-

476 5707 584 5762 τὼν
609 5724 708 5778 pro
749 5712 948 5769 sacello
979 5711 1235 5778 sumitur,
1270 5707 1521 5782 uti'apud
1555 5711 1778 5766 Latinos
1811 5709 2030 5764 infcrio-

2135 5081 2212 5135 ris
2245 5081 2347 5154 aevi
2388 5082 2704 5148 cubiculum,
2740 5084 2822 5138 vel
2849 5094 2996 5140 certe
3044 5099 3146 5154 pro
3176 5084 3296 5152 ipso
3328 5083 3558 5152 palatio,
3598 5100 3715 5138 nam

2136 5162 2190 5205 et
2220 5153 2419 5219 κλῆρος
2451 5154 2542 5206 τοῦ
2578 5154 2834 5206 παλατίου
2869 5171 2976 5208 non
3003 5153 3170 5209 semel
3201 5156 3473 5207 occurrit.

2209 5223 2469 5294 (97)]ὀῦ
2513 5223 2784 5278 ’11σαῖου.
2835 5223 2968 5294 Cap.
2998 5225 3088 5286 40,
3131 5240 3190 5278 n.
3223 5223 3307 5276 l8.
3359 5222 3497 5278 Vide
3533 5222 3708 5278 Conti-

2135 5303 2289 5347 nuat.
2319 5293 2569 5362 Theoph.
2681 5361 2685 5362 ί
2920 5293 2925 5294 “
3239 5296 3248 5304 ’

2209 5362 2346 5434 (98),
2381 5361 2892 5429 Διάσπιιράσσειν.
2943 5363 3079 5417 Vide
3114 5361 3478 5434 Theodorum
3536 5363 3716 5417 Studi—

2138 5432 2513 5556 tanks'lihén,
2572 5435 2736 5503 epist.
2790 5435 2878 5497 l4,
2918 5437 3061 5502 apud
3109 5432 3406 5486 Baronium
3448 5449 3546 5486 an.
3594 5435 3716 5498 8H,

2141 5519 2198 5556 n.
2232 5538 2248 5556 .
2306 5545 2319 5556 .
2361 5522 2394 5555 o
2437 5543 2450 5556 .

2141 5519 2198 5558 ll.
2232 5519 2319 5565 οἵ),
2361 5519 2450 5558 οδ.

2214 5572 2326 5643 (99)
2380 5573 2528 5638 Τέως
2563 5568 2697 5628 οὖν.
2732 5573 2932 5627 Leonis
2975 5573 3208 5627 virtutes
3238 5570 3495 5641 politicas
3526 5587 3717 5626 recen-

2143 5653 2226 5699 set
2267 5643 2429 5698 etiam
2467 5645 2772 5700 continuat.
2808 5643 3181 5714 Theophanis,
3213 5643 3311 5699 lib.
3349 5659 3387 5710 ι,
3423 5657 3479 5697 ιι.
3529 5643 3616 5698 19.
